4106 6410
376 434 487 494 661

1410 443 1604 509 VITA,
1645 444 1982 501 AUCTORE
2019 444 2394 501 MICHAELE
2432 442 2786 500 BYNGELO.

3703 443 3811 498 662

381 559 518 616 κατά
544 564 642 616 τοῦ
691 559 852 638 ἀγίου
901 565 1005 617 τοῦ
1058 566 1449 641 καθαιροῦντος
1505 565 1669 621 αὐτοῦ
1724 567 1823 635 τήν
1885 567 2035 638 ἐξου-

2153 567 2370 624 nistros
2403 573 2606 624 contra
2637 568 2828 622 virum
2860 569 3132 622 sanctum
3158 566 3434 637 potentiae
3457 565 3618 622 illius
3647 566 3809 622 inva-

387 648 524 717 σίαν,
570 648 659 704 καὶ
718 651 819 720 τὴν
876 649 1147 728 αίσχύνην
1194 650 1790 729 παραδειγματίζοντος
1847 655 2042 730 ἐξέμη-

390 759 477 794 νεν
514 757 527 770 ·
561 737 778 813 οἵτινες,
827 740 986 798 αὐτὸν
1038 740 1299 817 ἐμμανῶς
1350 740 1719 809 συλλαϐόντες
1769 744 1860 800 σὺν
1883 746 2039 802 Ῥου-

385 831 556 901 στίκῳ
604 828 695 883 καὶ
750 827 1096 907 Ἐλενθερίω,
1125 838 1243 896 τοῖς
1287 832 1659 909 έναγεστοὶτοις
1701 835 1864 890 ἀυτοῦ
1913 856 2041 915 φοι-

383 922 577 989 τηταῖς
623 918 714 973 καὶ
763 927 1152 993 πνευματικοῖς
1206 921 1373 977 υἱέσίν
1427 921 1525 997 (ὦν
1572 924 1662 979 τὸν
1700 925 1795 998 μὲν
1823 926 2039 1001 ἱερουρ-

382 1006 499 1081 γὸν,
530 1008 623 1062 τὸν
653 1003 711 1063 δὶ
754 1007 1076 1086 λειτουργὸν
1126 1012 1456 1088 καθιέρωσεν
1489 1029 1503 1044 '
1564 1012 1729 1092 ἄμφω
1784 1014 1884 1091 γάρ
1914 1036 2039 1070 συν-

392 1096 759 1173 ηγωνιζέσθην
809 1099 897 1154 καὶ
976 1102 1363 1179 συνετρεχέτην
1420 1106 1500 1175 τῷ
1559 1101 1747 1177 οἰκείῳ
1803 1106 2038 1179 καθηγε-

395 1185 520 1259 μόνι
550 1185 640 1240 καὶ
689 1192 1032 1264 φωταγωγῷ,
1081 1189 1321 1265 καθάπερ
1371 1190 1574 1265 Παύλῳ
1616 1196 1695 1266 τῷ
1723 1198 1824 1262 τῆς
1854 1192 2038 1249 οἴκου-

395 1272 564 1347 μένης
604 1283 852 1354 φωστῆρι
911 1275 1189 1343 Συλυανὸς
1241 1279 1330 1335 καὶ
1387 1281 1699 1356 Τιμόθεος),
1757 1283 1848 1338 καὶ
1878 1295 2039 1349 καθε-

379 1362 591 1426 σθέντες
645 1363 734 1420 ἐπὶ
788 1371 1093 1442 τυραννικῷ
1170 1369 1401 1444 βήματι,
1478 1366 1851 1447 ἐμϐλέψαντες
1906 1371 2035 1450 δρα-

375 1452 607 1527 κοντείῳ
668 1451 972 1530 βλέμματι,
1017 1457 1106 1512 καὶ
1152 1455 1409 1532 λεοντείῳ
1460 1461 1785 1537 βρυχήματι
1842 1483 2035 1539 κεκρα-

371 1541 553 1618 γότες,
608 1541 814 1618 ἤροντο
873 1545 1126 1622 λέγοντες
1163 1566 1176 1580 °
1235 1572 1264 1602 (ι
1323 1550 1390 1605 Ὠ
1444 1547 1672 1618 δύστηνε
1716 1554 1917 1629 γεραιὲ,
1971 1552 2034 1608 σὺ

377 1633 673 1709 τυγχάνεις
730 1632 805 1689 ὣν
854 1635 883 1690 ὁ
937 1639 1046 1692 τῶν
1108 1639 1241 1693 θεῶν
1294 1640 1456 1713 ἡμῶν
1514 1641 1578 1695 τὸ
1629 1637 1788 1705 σέϐας
1825 1642 2034 1720 ἀπαγο·

377 1721 573 1798 ρεύων,
600 1722 692 1778 καὶ
748 1723 876 1786 τοὺς
934 1723 1101 1788 λαοὺς
1155 1731 1360 1803 μαγικῇ
1410 1727 1607 1806 τέχνῃ,
1654 1729 1746 1785 καὶ
1796 1729 2035 1807 εὐγλωτ-

372 1811 464 1883 τίᾳ
543 1812 885 1889 γοητεύμασί
942 1835 1002 1870 τε
1077 1814 1280 1871 πείθων
1343 1816 1421 1891 μὴ
1482 1815 1762 1894 λατρεύειν
1824 1822 2033 1895 αὐτοῖς,

382 1900 470 1955 καὶ
523 1906 642 2012 τρῖς
695 1902 976 1975 ἀνικήτοις
1032 1903 1368 1962 ἀντιπίπτων
1435 1907 1738 1984 βασιλεῦσι,
1786 1909 1877 1965 καὶ
1932 1912 2033 1981 τὴν
2068 1946 2116 2012 Β

383 1991 731 2012 -91..--l
943 1992 1034 2012 ,..
1136 1993 1250 2012 ..ι
1367 1992 1643 2012 ..κη
1923 2001 1983 2012 _.

380 1991 487 2043 τῶν
551 1984 846 2066 δογμάτων
899 1992 1075 2049 αὐτῶν
1134 1993 1295 2071 ἴσχὺν
1356 1992 1863 2073 ἀποϐαλλόμενος;
1922 2001 2036 2057 Τίνι

387 2078 607 2134 σεαυτὸν
661 2078 933 2161 έπιγράφῃ
987 2083 1078 2139 καὶ
1136 2084 1295 2148 ποίας
1354 2084 1635 2160 θρησκείας
1685 2087 1753 2159 εί,
1799 2090 1887 2145 καὶ
1921 2090 2040 2146 τίνα

384 2166 672 2244 κηρύττεις
704 2171 825 2234 θεόν
859 2190 872 2241 ;
911 2195 932 2224 ι
981 2174 1038 2227 '0
1097 2170 1174 2244 δὲ,
1204 2174 1353 2230 σκατ’
1408 2172 1560 2231 ούδὶν
1612 2173 1786 2243 δείσας
1814 2180 1912 2249 τὴν
1949 2178 2040 2236 αὖ·

382 2259 494 2312 τῶν
555 2258 892 2350 θρασυτάτην
954 2261 1240 2333 ἀπόνοιαν,
1297 2262 1569 2340 εὐθαρσῶς
1625 2263 1747 2323 λίαν
1809 2268 2039 2350 ἀντέφη-

388 2366 473 2402 σεν
508 2365 521 2380 ·
560 2370 596 2436 «ξ
620 2348 766 2425 Ἐγώ
797 2350 913 2425 εἰμι
945 2352 973 2408 6
1018 2358 1119 2422 τῆς
1167 2353 1319 2427 ὑμῶν
1356 2351 1536 2417 ἀθεΐας
1566 2357 1915 2436 καθαιρέτης,
1946 2348 2035 2416 καὶ

384 2442 486 2506 τῆς
527 2434 827 2510 είδῶλικῆς
893 2444 1272 2519 μυσαρύτητος
1338 2443 1671 2515 καταλυτής,
1721 2434 1810 2502 καὶ
1856 2451 2035 2522 πάσης

386 2524 728 2597 Ἑλληνικῆς
756 2526 973 2599 πλάνης
1024 2528 1410 2602 στηλιτευτής,
1438 2536 1506 2609 τῇ
1546 2539 1643 2590 τοῦ
1674 2536 1911 2611 Χριστοῦ
1939 2544 2037 2594 τοῦ

391 2619 717 2691 μονογενοῦς
774 2617 905 2672 Υίοῦ
959 2623 1057 2674 τοῦ
1115 2624 1250 2675 Θεοῦ
1301 2619 1523 2695 δυνάμει
1573 2626 1939 2699 κατεστηκὼς,
1991 2628 2036 2700 ᾧ

387 2702 475 2756 καὶ
512 2700 744 2775 ἐμαυτὸν
804 2703 1039 2778 ἀνέθηκα
1088 2705 1305 2779 δοῦλον,
1340 2708 1385 2783 ᾦ
1441 2710 1529 2767 καὶ
1583 2709 1830 2787 λατρεύω
1873 2712 1926 2769 έν
1956 2720 2037 2788 τῷ

388 2789 658 2864 πνεύματί
708 2814 836 2865 μου,
866 2800 947 2868 τῷ
1002 2796 1108 2869 πρὸ
1157 2798 1370 2853 πάντων
1420 2799 1514 2873 μὲν
1558 2805 1665 2856 τῶν
1724 2801 1936 2858 αἰώνων
1980 2802 2039 2859 lx

391 2881 603 2967 ῌατρὸς
656 2882 969 2958 γεννηθέντι
1029 2886 1248 2951 ἀπαθῶς
1301 2888 1391 2944 καὶ
1449 2889 1724 2967 ἀχρόνως,
1773 2890 1860 2947 ἐπὶ
1890 2890 2038 2948 τέλει

391 2966 583 3060 δὲγτῶν
617 2970 827 3029 αἰώνων
881 2973 942 3031 ἐκ
998 2976 1270 3051 Παρθένου
1311 2979 1526 3055 Μαρίας
1574 2977 1696 3036 ἄνευ
1745 2988 1951 3060 σπορᾶς
1979 3004 2039 3040 τε

389 3059 480 3115 καὶ
530 3063 733 3139 φθορᾶς
788 3064 1117 3139 σαρκωθέντι
1174 3068 1261 3123 καὶ
1318 3069 1590 3145 τεχθέντι,
1647 3071 1784 3126 κατά
1840 3059 2037 3144 πάντα,

389 3146 537 3220 πλὴν
568 3156 668 3221 τῆς
700 3150 991 3226 ἁμαρτίας,
1050 3155 1232 3232 βροτῷ
1280 3158 1400 3222 καθ’
1429 3159 1578 3232 ἡμὰς
1609 3160 2035 3235 χρηματίσαντι,

387 3236 580 3327 καίᾁδι⁹
637 3240 844 3297 οίκείου
897 3248 1131 3319 σταυροῦ
1188 3245 1279 3302 καὶ
1337 3245 1567 3311 θανάτου
1621 3249 1684 3305 τὸ
1713 3249 1912 3327 κράτος
1938 3249 2040 3307 τοῦ

391 3322 654 3385 διαϐόλου
704 3332 1123 3409 καταργήσαντι,
1180 3336 1270 3390 καὶ
1320 3336 1411 3391 τὸν
1465 3338 1688 3401 θάνατον
1730 3305 2039 3416 ύεκρώσαν-
2070 3305 2113 3372 G

386 3436 463 3487 τι,
493 3419 581 3473 καὶ
622 3417 819 3496 μέχρις
881 3416 1014 3492 ᾅδου
1060 3427 1158 3478 τοῦ
1218 3418 1537 3498 δυσείμονος
1583 3428 1923 3499 κατελθόντι,
1950 3431 2040 3486 καὶ

387 3502 451 3594 τὸ
502 3502 673 3562 ἐκεῖσε
729 3507 920 3572 σκότος
974 3510 1225 3584 λύσαντι,
1281 3513 1372 3569 καὶ
1419 3519 1487 3590 τῇ
1536 3519 1820 3594 τριημέρῳ
1876 3518 2040 3576 αὑτοῦ

393 3590 454 3647 ἐκ
484 3599 690 3670 νεκρῶν
738 3594 1018 3655 ἀναστάσει
1077 3605 1194 3671 φῶς
1238 3605 1318 3675 τῷ
1372 3590 1578 3678 κόσμῳή
1617 3590 1918 3681 λάμψαντι,
1950 3609 2039 3663 καὶ

393 3682 538 3753 ζωὴν
585 3684 674 3739 καὶ
735 3684 1035 3762 ἀχθαρσίαν
1100 3688 1361 3766 βλύσαντι
1398 3711 1411 3726 ·
1447 3690 1506 3756 ὃς
1549 3690 1813 3767 ἐξεδίδαξε
1864 3691 2037 3752 σέϐειν

388 3767 481 3826 ’ένα
539 3774 667 3829 Θεὸν
722 3772 775 3829 ἐν
819 3776 994 3852 τρισὶν
1048 3779 1370 3836 ὑποστάσεσι
1429 3779 1834 3860 διαιρουμέναις
1879 3787 2042 3863 ἀσυγ-

391 3858 799 3934 χύτως,ἤκουν
850 3865 903 3920 ἐν
959 3868 1153 3945 ΙΙατρὶ,
1213 3869 1303 3925 καὶ
1362 3872 1495 3943 Υίῷ,
1546 3858 1637 3927 καὶ
1693 3873 1835 3949 ἁγίῳ
1879 3858 2043 3931 Πνεύ-

394 3970 545 4040 ματι,
577 3953 742 4017 αὐτὸς
769 3956 1030 4033 ὑπαρχων
1083 3960 1160 4021 εἷς
1208 3965 1309 4029 τῆς
1341 3958 1595 4017 ἀκτίστου
1628 3961 1882 4040 Τριάδος,
1915 3987 2041 4021 συν-

390 4036 591 4131 αῒδιος,
645 4042 736 4096 καὶ
795 4044 1153 4123 συνάναρχος,
1211 4048 1301 4103 καὶ
1362 4036 1789 4125 ὁμοούσιοςντῷ
1846 4055 2040 4131 Πατρὶ,

387 4129 477 4183 καὶ
535 4133 616 4203 τῷ
667 4131 810 4207 ἁγίῳ
866 4134 1162 4210 Πνεύματι.
1213 4139 1418 4195 Τοῦτον
1474 4141 1564 4196 τὸν
1612 4139 1870 4214 ἀληθινὸν
1913 4129 2044 4200 Θεὸν

388 4216 771 4294 κηρύττομεν·
833 4223 1038 4295 ταύτην
1113 4227 1215 4297 τὴν
1300 4228 1538 4303 καθαράν
1589 4230 1679 4286 καὶ
1732 4231 2040 4306 ἀμώμητον

388 4310 493 4360 τῶν
553 4314 891 4385 Χριστιατῶν
943 4315 1124 4371 πίστιν
1190 4315 1595 4400 καταγγέλομε]
1639 4337 1653 4352 ’
1735 4320 1865 4400 ὑπὲρ
1914 4322 2042 4377 ταύ-

387 4415 484 4467 της
522 4397 697 4454 πάντα
753 4407 941 4467 παθεῖν
1002 4403 1236 4479 ἑτοίμως
1287 4389 1514 4482 ἔχξόμεν,
1559 4389 1638 4465 ὀὐ
1687 4389 1933 4486 πόρ,ὀύ
1966 4410 2041 4482 ξί-

389 4505 509 4575 φος,
565 4484 626 4542 ού
679 4488 849 4563 θυμὸν
908 4492 1106 4569 ἀγρίων
1185 4499 1388 4570 θηρῶν,
1462 4496 1574 4551 οὔθ’
1633 4484 1847 4554 οἱανοῦν
1907 4500 2043 4575 πρὸς

390 4573 539 4650 ὑμῶν
574 4575 967 4654 ὲπινοουμένην
1001 4581 1246 4660 βασάνων
1282 4582 1426 4640 ίδέαν
1447 4582 1833 4661 δειμαίνοντες.
1870 4612 1892 4642 ι

458 4782 575 4850 Τὴν
608 4780 905 4859 εὐτολμίαν
956 4782 1047 4841 οὖν
1094 4790 1193 4843 τοῦ
1241 4786 1624 4866 ἆνδρειοτάτου
1673 4792 1765 4849 καὶ
1812 4791 2037 4851 πολυει-

388 4865 633 4943 δήμονος
660 4871 920 4951 γέροντος
969 4865 1405 4955 καταπλαγέντες
1460 4881 1512 4936 οἱ
1560 4879 1838 4958 τύραννοι,
1870 4882 2037 4941 πάλιν

387 4960 527 5032 πρὸς
576 4960 738 5018 αὐτὸν
787 4963 877 5021 καὶ
921 4962 1051 5029 τοὺς
1110 4967 1274 5023 αὐτοῦ
1329 4968 1626 5033 συνάθλους
1675 4972 1918 5045 μαθητὰς
1966 4974 2039 5029 εῖ-

386 5069 512 5119 πον,
557 5049 790 5124 ἀπειλήν
840 5074 901 5109 τε
928 5053 1186 5122 πνέοντες
1231 5059 1322 5114 καὶ
1372 5060 1765 5136 μαργαίνοντες
1797 5080 1809 5095 ο
1837 5086 1864 5115 ι(
1899 5063 2043 5136 Πρὸς

390 5138 542 5212 ὑμῶν
576 5141 678 5215 ἄρα
706 5142 773 5197 τὰ
800 5147 907 5198 τῶν
962 5144 1233 5221 βασιλέων
1280 5150 1441 5221 ἡμῶν
1491 5148 1581 5204 καὶ
1629 5149 1913 5225 ἀρχόντων
1945 5170 2040 5207 κα·-

391 5234 737 5304 ταφρονεῖται
778 5229 1030 5308 δὺγματά
1072 5256 1130 5291 τε
1175 5238 1265 5292 καὶ
1297 5240 1719 5313 προστάγματα,
1747 5241 1837 5297 καὶ
1866 5243 1902 5311 ἡ
1932 5246 2041 5296 τῶν

388 5316 675 5389 ἀηττήτων
703 5323 864 5393 ἡμῶν
899 5328 1031 5388 θεῶν
1077 5327 1214 5399 τιμή
1270 5325 1358 5383 καὶ
1391 5328 1603 5402 ἐξουσία
1632 5334 1935 5404 παρορᾶται
1965 5350 1979 5401 ;
2014 5354 2043 5383 »

387 5406 449 5463 Ὀ
481 5405 539 5462 δὲ
571 5413 715 5472 θεῖος
765 5410 1053 5489 ἱεράρχης,
1105 5415 1193 5471 καὶ
1242 5412 1415 5493 λόγῳ,
1456 5420 1543 5474 καὶ
1597 5413 1740 5496 ἔργῳ
1768 5425 1868 5489 τῆς
1904 5440 2044 5495 μαρ-

389 5503 618 5585 τυρικῆς
687 5501 1033 5576 παρατάξεως
1108 5506 1548 5583 προηγούμενος,
1602 5508 2043 5585 θαρσαλεώτερον

393 5581 544 5648 αὖθις
597 5586 998 5675 ὀντειρθέγξατο’
1031 5615 1060 5643 ‹‹
1120 5581 1346 5652 Ὀλοιτο
1410 5581 1681 5672 βασιλέων⁷
1722 5597 1813 5652 καὶ
1849 5581 2048 5675 ἀρχόν·

392 5693 501 5728 των
560 5676 700 5763 ἅπαν
762 5673 951 5741 ἀσεϐές
1006 5700 1066 5736 τε
1121 5684 1212 5738 καὶ
1270 5684 1512 5741 ἀντίθεον
1559 5688 1904 5763 πρόσταγμα,
1952 5673 2045 5742 καὶ

395 5762 509 5826 θεοὶ
542 5762 595 5820 o'l
624 5766 716 5820 τὸν
752 5763 978 5843 οὐρανὸν
1010 5768 1100 5825 καὶ
1145 5771 1244 5842 τήν
1294 5774 1394 5849 γῆν
1446 5771 1546 5829 ούκ
1571 5762 1829 5847 ἐποίησαν
1864 5794 1877 5809 ο
1912 5777 2046 5831 ἀπο-

2154 672 2368 725 sorsm,
2401 661 2458 713 et
2485 656 2787 714 dedecoris
2819 654 3072 711 indicem
3107 654 3383 727 impulit;
3418 655 3809 728 quifuribun-

2152 746 2211 801 di
2243 763 2375 801 cum
2417 746 2612 818 ipsum
2656 744 3241 818 comprehendissent
3283 760 3417 800 cum
3466 744 3707 802 Rustico
3755 748 3813 802 et

2154 834 2488 892 Eleutherio
2547 834 2942 892 sanctissimis
2990 834 3120 905 ejus
3176 833 3505 905 discipulis,
3553 835 3812 907 ﬁliisque

2152 923 2366 996 spiritu
2398 924 2510 980 sibi
2544 923 2898 996 conjunctis,
2931 939 3185 995 quorum
3218 921 3384 978 illum
3435 923 3676 995 quidem
3708 941 3811 980 sa-

2151 1013 2435 1085 criﬁcum,
2458 1014 2616 1070 hunc
2643 1029 2780 1069 vero
2812 1029 3115 1069 sacrorum
3139 1011 3482 1068 ministrum
3505 1028 3811 1068 consecra-

2152 1108 2261 1171 rat,
2295 1104 2365 1159 ad
2400 1101 2633 1176 tyranni
2664 1101 2931 1159 tribunal
2962 1101 3199 1158 sistunt.
3234 1101 3417 1157 Simul
3437 1100 3612 1158 etiam
3636 1102 3810 1158 ambo

2151 1193 2555 1259 decertabant,
2588 1208 2654 1248 ac
2683 1192 2947 1247 ductoris
2976 1197 3032 1248 et
3054 1191 3429 1263 praeceptoris
3455 1191 3573 1263 sui,
3604 1207 3809 1263 quem-

2150 1282 2473 1338 admodum
2505 1281 2683 1337 etiam
2714 1280 2881 1336 Pauli
2911 1279 3070 1335 orbis
3100 1284 3267 1335 terrm
3306 1277 3555 1335 luminis
3607 1278 3808 1352 Sylva-

2150 1387 2265 1428 nus
2295 1375 2353 1426 et
2382 1370 2754 1438 Timotheus,
2776 1369 3118 1426 certaminis
3140 1372 3197 1425 et
3217 1385 3429 1426 cursus
3451 1368 3594 1426 socii
3617 1374 3807 1426 erant.

2149 1460 2229 1517 Et,
2264 1460 2572 1534 tyrannico
2618 1456 2898 1515 tribunali
2951 1458 3301 1529 insidentes,
3365 1457 3473 1514 hos
3523 1462 3686 1514 torvo
3745 1474 3810 1514 ac

2149 1549 2421 1606 draconis
2469 1553 2709 1622 aspectu
2756 1548 3055 1604 intuentes
3100 1546 3284 1604 leonis
3314 1546 3513 1618 rugitu
3553 1545 3807 1602 interro-

2148 1639 2389 1713 gabant,
2423 1638 2686 1695 dicentes
2714 1653 2727 1693 :
2763 1660 2791 1690 ‹‹
2827 1637 2871 1693 Ο
2891 1635 3185 1708 despicate
3208 1651 3409 1704 senex,
3434 1641 3578 1692 tunc
3600 1650 3662 1691 es
3685 1634 3809 1702 ille,

2149 1728 2249 1801 qui
2280 1727 2506 1785 cultum
2537 1728 2782 1785 deorum
2813 1730 3154 1783 nostrorum
3200 1728 3383 1793 vetas,
3437 1722 3811 1798 populosque

2147 1824 2269 1875 arte
2299 1818 2550 1891 magica,
2581 1819 2639 1873 et
2668 1815 2902 1873 dicendi
2930 1815 3199 1884 artiﬁcio,
3231 1830 3298 1871 ac
3324 1813 3639 1887 praestigiis
3669 1830 3808 1871 con-

2147 1909 2313 1978 ﬁsus,
2346 1908 2481 1964 illos
2510 1905 2800 1973 venerari,
2829 1910 2886 1962 et
2929 1904 3164 1962 invictis
3214 1919 3418 1978 parere
3449 1904 3689 1977 regibus
3715 1919 3807 1959 re-

2150 1997 2334 2070 sistis,
2352 1996 2588 2067 vimque
2606 1996 3018 2052 mandatorum
3040 1993 3276 2050 illorum
3295 1992 3489 2066 rejicis
3508 1994 3537 2049 ‘I
3557 1993 3805 2051 Cuinam

2151 2091 2330 2145 temet
2361 2085 2681 2143 addixisti?
2730 2086 2849 2140 Aut
2876 2100 2994 2157 qua
3023 2082 3305 2157 religione
3347 2083 3666 2139 obstrictus
3719 2098 3805 2149 es,

2152 2182 2209 2235 et
2229 2193 2402 2252 quem
2426 2177 2597 2232 deum
2626 2174 2912 2248 praedicas
2934 2173 2963 2228 τ
2986 2192 3013 2225 ι
3038 2171 3140 2229 Ille
3159 2188 3315 2243 vero,
3340 2171 3805 2228 audacissimam

2149 2266 2385 2324 illorum
2418 2263 2845 2322 contumaciam
2878 2261 3029 2318 nihil
3060 2262 3307 2330 veritus,
3348 2260 3611 2317 animose
3642 2259 3810 2316 valde

2150 2355 2492 2430 respondit:
2529 2376 2558 2406 ‹‹
2584 2353 2803 2409 Vestrae
2834 2368 2941 2427 ego
2996 2350 3320 2423 impietatis
3350 2352 3614 2406 vastator
3653 2364 3809 2417 sum,

2149 2444 2512 2520 impuritatis
2544 2443 2995 2500 simulacrorum
3020 2456 3273 2508 eversor,
3311 2456 3378 2496 ac
3400 2438 3592 2495 omnis
3616 2438 3812 2511 genti-

2146 2535 2295 2591 lium
2323 2535 2539 2591 erroris
2571 2532 2945 2600 dit‘famator;
2972 2529 3247 2603 potentiae
3267 2528 3485 2586 Christi
3513 2527 3805 2600 unigeniti

2148 2625 2250 2681 Dei
2282 2622 2409 2679 Filii
2442 2621 2735 2690 addictus,
2765 2620 2858 2676 cui
2891 2618 3185 2691 meipsum
3222 2634 3459 2674 servum
3506 2616 3808 2685 constitui,

2149 2713 2243 2770 cui
2273 2712 2447 2769 etiam
2482 2711 2673 2767 servio
2699 2709 2761 2766 in
2794 2708 3005 2781 spiritu
3039 2724 3191 2775 meo,
3247 2706 3349 2780 qui
3382 2710 3519 2763 ante
3571 2706 3810 2778 quidem

2149 2802 2348 2859 omnia
2378 2798 2592 2857 sacula
2622 2798 2751 2855 sine
2782 2797 3107 2868 aﬂ‘ectione,
3157 2799 3215 2853 et
3269 2799 3432 2852 extra
3478 2798 3717 2867 tempus
3773 2812 3809 2851 a

2148 2895 2321 2948 Patre
2353 2889 2587 2961 genitus
2618 2887 2750 2958 fuit,
2792 2885 2853 2942 in
2903 2887 3017 2942 fine
3076 2888 3273 2942 autem
3332 2882 3683 2940 saculorum
3740 2899 3810 2939 ex

2149 2979 2334 3037 Maria
2363 2978 2611 3052 virgine,
2643 2976 2771 3033 sine
2801 2976 3027 3032 semine
3059 2992 3125 3031 ac
3156 2974 3531 3046 corruptione
3569 2988 3807 3029 carnem

2151 3068 2498 3142 assumpsit,
2530 3071 2589 3123 et
2618 3065 2677 3121 in
2710 3064 2902 3122 lucem
2935 3065 3152 3134 editus,
3173 3063 3233 3119 in
3265 3060 3559 3131 omnibus,
3601 3066 3811 3136 praeter

2150 3161 2483 3234 peccatum,
2515 3154 2750 3212 mortali
2782 3152 3006 3210 homini
3036 3155 3128 3224 (ut
3158 3169 3265 3209 nos
3313 3151 3546 3223 sumus)
3594 3148 3809 3208 similis

2150 3249 2364 3315 factus,
2384 3252 2437 3303 et
2469 3260 2641 3301 cruce
2672 3260 2781 3300 sua
2828 3258 2893 3299 ac
2947 3246 3135 3299 morte
3189 3240 3408 3298 diaboli
3466 3239 3806 3313 imperium,

2153 3339 2458 3411 perempta
2488 3337 2696 3402 morte,
2727 3330 2962 3387 irritum
2994 3329 3148 3401 fecit,
3201 3330 3272 3386 ad
3324 3328 3665 3401 inferosque
3722 3329 3809 3384 in-

2152 3426 2342 3484 cultos
2372 3429 2431 3481 et
2450 3422 2720 3479 horridos
2746 3421 3071 3490 descendit,
3104 3423 3162 3476 et
3184 3419 3265 3475 ibi
3295 3418 3569 3475 tenebras
3591 3415 3810 3474 dissol-

2148 3516 2250 3584 vit,
2281 3531 2347 3570 ac
2377 3515 2506 3585 ejus
2538 3510 2989 3581 resurrectione,
3022 3525 3149 3581 quae
3180 3507 3352 3564 tertio
3382 3506 3476 3562 die
3505 3507 3811 3563 emortuis

2151 3605 2305 3662 facta
2328 3607 2439 3671 est,
2468 3600 2569 3657 lux
2603 3599 2825 3656 mundo
2854 3598 3070 3669 illuxit,
3099 3598 3400 3669 vitamque
3445 3599 3505 3652 et
3545 3596 3811 3652 incorru-

2152 3693 2415 3767 ptionem
2448 3688 2682 3758 attulit;
2710 3688 2810 3761 qui
2835 3704 3018 3743 unum
3042 3691 3224 3743 Deum
3247 3686 3307 3741 in
3327 3684 3519 3741 tribus
3542 3685 3813 3757 personis

2152 3780 2457 3837 inconfuse
2501 3776 2729 3843 divisis,
2761 3790 2972 3848 nempe
3002 3774 3063 3830 in
3098 3774 3282 3843 Patre,
3317 3775 3373 3828 et
3402 3771 3570 3842 Filio,
3603 3775 3662 3828 et
3687 3771 3809 3842 Spi-

2151 3872 2270 3927 ritu
2303 3871 2526 3935 sancto,
2560 3865 2761 3923 docuit
2788 3863 3078 3934 venerari,
3102 3862 3383 3934 cumipse
3405 3860 3627 3933 alioqui
3658 3876 3813 3915 unus

2153 3959 2424 4017 increatae
2472 3955 2779 4012 Trinitatis
2827 3953 3139 4023 exsistens,
3191 3949 3372 4007 simul
3424 3964 3558 4006 cum
3620 3950 3809 4018 Patre,

2152 4052 2477 4120 sanctoque
2526 4044 2752 4118 Spiritu
2813 4043 3234 4115 sempiternus,
3313 4038 3441 4096 sine
3494 4037 3806 4111 principio,

2151 4138 2539 4210 ejusdemque
2592 4132 2937 4190 substantiae
2994 4129 3090 4187 sit.
3142 4129 3310 4185 Hunc
3360 4143 3565 4183 verum
3625 4131 3809 4182 Deum

2152 4226 2564 4302 praedicamus,
2635 4222 2789 4277 hanc
2846 4235 3057 4294 puram
3116 4222 3176 4274 et
3233 4213 3810 4290 irreprehensibilem

2152 4317 2330 4372 fidem
2361 4312 2808 4378 annuntiamus,
2841 4324 2945 4382 pro
2977 4308 3086 4365 hac
3116 4307 3316 4364 omnia
3348 4304 3469 4380 pati
3489 4303 3680 4379 parati
3711 4319 3809 4359 su-

2153 4422 2309 4477 mus,
2345 4419 2459 4459 non
2481 4402 2701 4475 ignem,
2727 4416 2842 4456 non
2863 4394 3150 4472 gladium,
3175 4413 3290 4453 non
3316 4395 3640 4451 immanem
3663 4392 3811 4449 fera-

2153 4509 2285 4550 rum
2318 4490 2639 4566 agrestium
2674 4489 2987 4553 feritatem,
3030 4502 3220 4558 neque
3277 4482 3749 4555 qualemcunque
3777 4499 3813 4536 a

2150 4583 2318 4640 vobis
2347 4583 2776 4638 tormentorum
2805 4576 3013 4634 faciem
3037 4574 3425 4648 excogitatam
3449 4569 3813 4645 pertimesci-

2069 4674 2117 4740 D
2152 4690 2308 4729 mus.
2343 4693 2372 4722 »

2221 4797 2370 4855 887
2406 4797 2567 4853 Hanc
2597 4793 2777 4866 igitur
2807 4788 3119 4848 fortissimi
3148 4803 3215 4844 ac
3244 4784 3675 4859 sapientissimi
3716 4799 3811 4841 se-

2150 4888 2243 4946 nis
2276 4886 2457 4944 animi
2505 4881 2910 4941 fortitudinem
2966 4877 3203 4952 tyranni
3257 4874 3559 4943 admirati,
3617 4873 3808 4930 eidem

2151 4993 2359 5034 rursus
2390 4975 2638 5046 ejusque
2666 4969 3008 5028 certaminis
3038 4966 3217 5024 sociis
3256 4962 3566 5036 discipulis
3617 4961 3809 5017 minas

2152 5065 2449 5139 spirantes
2477 5066 2535 5120 et
2564 5060 2930 5118 insanientes
2957 5056 3232 5113 dixerunt
3257 5070 3270 5110 :
3304 5076 3331 5105 «
3369 5054 3566 5123 Itaque
3606 5065 3810 5121 regum

2152 5138 2491 5212 nostrorum
2512 5150 2842 5225 principum
2860 5148 3036 5219 jussa
3061 5146 3410 5215 decretaque
3430 5158 3465 5198 a
3483 5138 3651 5197 vobis
3672 5155 3810 5196 con-

2152 5246 2526 5302 temnuntur.
2559 5245 2616 5296 et
2643 5239 2831 5296 honor
2859 5237 3105 5293 deorum
3130 5237 3472 5290 nostrorum
3503 5230 3812 5302 insupera-

2154 5333 2363 5392 bilium
2395 5336 2453 5389 et
2481 5334 2742 5405 potestas
2773 5324 3146 5399 despicitur?
3174 5344 3202 5373 ››
3235 5323 3308 5378 At
3339 5319 3579 5377 divinus
3618 5316 3809 5391 ponti-

2156 5425 2246 5480 fex
2279 5426 2598 5493 martyrum
2634 5416 2799 5487 aciei,
2833 5432 2969 5471 cum
3001 5414 3073 5469 ob
3130 5412 3469 5478 verborum,
3512 5413 3641 5463 tum
3674 5422 3811 5476 ope-

2157 5528 2289 5569 rum
2322 5508 2750 5573 excellentiam,
2783 5502 3231 5576 antesignanus,
3256 5497 3574 5555 audentius
3604 5511 3812 5550 rursus

2157 5599 2502 5675 respondit:
2551 5620 2579 5647 ‹‹
2633 5597 2906 5651 Facessat
2954 5592 3107 5665 regis
3148 5606 3213 5646 ac
3250 5588 3586 5661 principum
3615 5582 3810 5641 omnis

2156 5671 2449 5765 impietas,
2483 5691 2540 5743 et
2568 5686 2828 5744 edictum
2858 5682 2974 5738 Deo
3014 5680 3398 5745 contrarium,
3429 5680 3489 5765 et
3517 5671 3807 5765 vestri‘dii

2158 5759 2260 5854 qui
2290 5795 2395 5836 nec
2423 5775 2633 5835 coelum
2666 5789 2771 5830 nec
2803 5779 3015 5829 terram
3048 5768 3332 5839 fecerunt,
3365 5770 3432 5822 ut
3459 5759 3805 5829 imbecilles,
