4106 6418
284 404 393 462 663

1529 403 1588 455 S.
1630 397 1946 454 DIONYSII
1985 397 2469 458 ΑΒΕΟΡΑΘΙΤΕ

3609 404 3718 462 664

288 533 355 585 ut
382 527 541 598 vani,
574 529 640 581 ut
661 541 789 580 vero
820 524 1243 580 abominabiles
1270 526 1527 596 pereant,
1587 519 1811 589 indigni
1873 519 1943 574 de
1974 556 1985 585 Α

2098 515 2333 581 έσθωσαν
2366 522 2440 583 ὡς
2488 519 2754 598 ἀδρανεῖς,
2787 522 2861 587 ὡς
2898 520 3109 596 μέλεοι,
3143 524 3219 586 ὡς
3252 502 3509 600 βδιλυρόὶ
3536 520 3713 590 ὅντως

292 617 510 689 quibus
538 614 899 671 verbatiiant
921 633 935 682 ;
961 612 1253 669 daemonia
1275 616 1470 666 autem
1495 614 1655 674 sunt,
1674 616 1731 664 et
1752 609 1949 679 ﬁgurae

292 705 720 763 cacodtemonis
744 702 993 775 ,consilio
1021 703 1309 770 efiictee,et
1327 699 1643 754 artiﬁciosa
1666 712 1951 752 manuum

292 796 605 852 hominum
638 811 836 866 opera.
871 791 1106 849 Similes
1161 792 1341 861 igitur
1391 789 1510 844 illis
1568 788 1713 842 ﬁant
1765 784 1951 851 surdi,

293 884 451 952 caeci,
512 900 728 940 sensus
773 887 1062 953 expertes,
1121 880 1220 951 qui
1254 879 1478 934 faciunt
1508 893 1595 943 ea,
1645 880 1701 930 et
1748 890 1955 932 omnes

294 974 397 1049 qui
428 974 736 1030 conﬁdunt
766 972 826 1027 in
858 972 962 1028 eis.
996 971 1113 1026 Nos
1166 969 1322 1024 enim
1383 967 1708 1035 Christum,
1751 980 1955 1019 verum

294 1080 495 1121 rerum
526 1063 792 1119 omnium
829 1063 1005 1115 Deum
1039 1058 1328 1129 Opiﬁcem,
1354 1063 1711 1123 curatorem,
1742 1059 1799 1109 et
1827 1052 1957 1107 vita)

296 1153 623 1226 principem
654 1150 1056 1221 agnoscimus,
1083 1152 1141 1202 et
1171 1149 1370 1218 ipsum
1397 1144 1589 1202 solum
1612 1159 1962 1199 veneramur

300 1258 366 1298 ac
392 1241 801 1313 praedicamus,
834 1253 1119 1311 spemque
1147 1236 1207 1291 in
1230 1235 1426 1307 ipsum
1456 1233 1756 1306 ponimus,
1777 1235 1835 1286 et
1858 1246 1960 1302 pro

299 1332 429 1402 ipso
460 1330 610 1385 mori
641 1328 895 1384 libenter
925 1325 1116 1399 parati
1148 1342 1381 1394 sumus,
1420 1339 1649 1395 nosque
1679 1326 1960 1392 tanquam

301 1435 500 1477 sacras
529 1418 803 1473 victimas
835 1421 893 1472 et
943 1416 1170 1472 hostias
1220 1418 1589 1486 reputemus,
1642 1427 1964 1484 properan-

302 1514 392 1565 tes
423 1508 495 1565 ad
530 1507 679 1563 hanc
702 1505 1167 1578 jugulationem,
1194 1504 1363 1560 valde
1391 1502 1741 1575 gloriamur,
1763 1504 1825 1555 ut
1864 1498 1966 1569 qui

308 1614 416 1654 nos
448 1597 638 1653 denuo
667 1598 1126 1663 resurrecturos,
1161 1591 1583 1662 melioremque
1631 1606 1696 1644 ac
1744 1588 1966 1644 beatio-

307 1703 428 1745 rem
462 1689 861 1758 perpetuoque
885 1684 1232 1739 duraturam
1265 1680 1664 1736 hereditatem
1697 1693 1969 1735 consecu-

310 1780 477 1831 turos
506 1778 663 1829 certo
691 1773 1014 1840 credimus,
1047 1776 1228 1844 atque
1257 1767 1781 1840 adeoincorruptis
1813 1783 1973 1822 coro-

314 1864 409 1919 nis
437 1864 776 1919 decoratum
807 1862 901 1917 iri.
946 1861 1066 1916 Vos
1094 1876 1229 1916 vero
1288 1874 1522 1928 rursus,
1563 1859 1854 1929 quotquot
1912 1853 1970 1909 in

313 1953 512 2025 ipsum
544 1968 660 2008 non
691 1950 955 2017 creditis,
990 1949 1092 2006 sed
1124 1948 1472 2021 dignitatem
1503 1947 1656 2018 ejus,
1696 1960 1972 2017 regnum-

319 2058 436 2114 que
458 2057 689 2107 verum,
723 2038 1175 2111 sempiternum,
1210 2041 1267 2093 et
1291 2036 1406 2092 {ine
1454 2052 1661 2092 carens
1692 2032 1972 2106 repellen-

317 2133 431 2197 tes,
462 2128 770 2184 ministros
801 2128 929 2197 ejus
960 2124 1314 2190 interﬁcitis,
1346 2122 1705 2195 sempiterno
1746 2120 1892 2194 igni,
1925 2123 1982 2175 et

319 2214 867 2274 immedicabilibus
918 2214 1333 2288 perpetuisque
1378 2210 1685 2285 suppliciis
1734 2209 1984 2266 traditos

320 2306 711 2364 intuebimur.
746 2328 768 2356 ι
807 2307 891 2362 Ad
923 2305 1047 2361 hinc
1077 2301 1550 2377 ﬂagitiosissimi,
1596 2304 1655 2358 et
1698 2301 1769 2358 ab
1819 2297 1984 2357 omni

320 2399 535 2471 pietate
558 2396 913 2454 alienissimi
935 2400 1340 2468 persecutores
1354 2392 1700 2468 perturbati,
1724 2393 1812 2448 ira
1828 2392 1986 2464 pleni

320 2504 388 2543 ac
417 2486 855 2559 indignatione,
889 2485 1343 2555 frendentesque
1397 2482 1698 2553 dentibus,
1741 2482 1985 2537 ensibus

320 2575 574 2643 eductis,
613 2572 998 2631 sanctissimo
1024 2573 1121 2628 Dei
1155 2570 1700 2645 preconijugulum
1718 2573 1988 2643 prompte

323 2664 603 2739 praebenti
626 2663 898 2719 divinum
922 2663 1517 2734 sacratissimumque
1536 2664 1729 2734 caput,
1747 2678 1813 2716 ac
1831 2659 1989 2715 dein-

325 2755 398 2810 de
429 2754 627 2827 capita
654 2755 909 2810 duorum
942 2752 1067 2822 viae,
1087 2770 1322 2823 cursus,
1345 2769 1412 2808 ac
1434 2751 1846 2818 certaminum,
1870 2767 1987 2807 non

328 2844 529 2901 minus
560 2860 740 2915 quam
790 2842 1223 2916 praedicationis
1278 2842 1596 2909 sociorum,
1648 2846 1988 2913 amputave-

329 2937 502 2990 runt:
538 2933 680 2989 dum
702 2932 815 3005 ipsi
857 2932 928 2988 ad
981 2947 1217 2987 cursum
1267 2931 1533 3003 martyrii
1583 2947 1650 2986 ac
1704 2928 1990 3002 postremi

334 3023 471 3079 ﬁnis
501 3027 801 3078 certamen
829 3021 1084 3078 cervices
1126 3025 1399 3093 prompte
1444 3020 1841 3093 proﬁcientes,
1888 3035 1991 3075 en-

332 3111 534 3183 sisque
563 3111 705 3166 ictui
725 3109 995 3166 alacriter
1015 3109 1432 3180 protendentes
1454 3113 1825 3164 antevertere
1847 3108 1994 3163 alter

334 3198 501 3255 alteri
522 3199 889 3266 festinarent,
923 3203 1123 3253 utnon
1156 3214 1191 3252 a
1218 3197 1456 3254 doctore
1503 3201 1561 3252 et
1605 3213 1771 3253 sacro
1822 3196 1992 3252 insti-

332 3292 526 3345 tutore
554 3303 662 3343 suo
692 3287 750 3342 in
784 3287 892 3342 hac
923 3285 1155 3343 mortali
1189 3290 1246 3342 et
1271 3285 1476 3359 spinas
1496 3286 1854 3358 producente
1873 3284 1991 3340 vita

335 3377 575 3435 omnino
607 3376 1100 3449 relinquerentur,
1133 3376 1258 3444 sed,
1296 3381 1361 3430 ut
1397 3375 1516 3431 dux
1562 3391 1631 3431 ac
1678 3380 1995 3447 praeceptor

333 3482 561 3535 eorum,
612 3466 685 3521 ad
717 3469 1158 3521 muneratorem
1209 3468 1393 3520 Deum
1435 3463 1683 3520 breviter
1738 3480 1874 3519 cum
1926 3479 1994 3520 eo

336 3557 518 3614 simul
570 3556 1069 3627 commigrarent:
1102 3560 1188 3623 ut,
1221 3555 1726 3627 quemadmodum
1785 3572 1902 3610 una
1934 3554 1995 3608 in

337 3644 760 3702 certaminibus
803 3644 1171 3715 laborabant,
1218 3645 1457 3700 easdem
1513 3644 1691 3699 etiam
1749 3659 1996 3700 coronas

340 3734 497 3790 388
529 3736 588 3788 et
644 3732 885 3803 praemia
934 3731 1152 3788 laboris
1186 3732 1502 3803 participes
1533 3731 1714 3787 simul
1771 3732 1997 3803 accipe-

343 3828 495 3880 rent.
527 3824 651 3888 Quo
682 3821 839 3876 enim
874 3826 1045 3892 pacto
1077 3820 1176 3893 qui
1213 3821 1391 3892 probe
1425 3821 1671 3892 apueris
1704 3820 1998 3888 instructi,

345 3910 672 3982 multisque
700 3926 766 3964 ac
797 3908 976 3964 variis
1004 3908 1298 3965 exercitati
1326 3907 1633 3964 laboriosis
1664 3908 2002 3964 certamini-

347 4003 488 4072 bus,
516 3999 715 4055 divino
747 3998 963 4054 Christi
986 3997 1176 4070 ipsius
1196 4014 1393 4053 amore
1418 3997 1764 4070 flagrabant,
1789 3997 2003 4069 quibus

350 4089 628 4146 omnibus
658 4102 766 4143 nec
795 4089 1022 4160 corpori
1054 4103 1159 4143 nec
1183 4087 1379 4143 animo
1402 4104 1638 4160 parcere
1657 4087 2003 4155 didicerant,

351 4184 417 4234 ut
446 4178 573 4249 ipso
605 4176 731 4233 solo
761 4193 894 4232 vere
924 4177 1084 4249 ligno
1115 4175 1247 4232 vitae
1279 4177 1634 4247 fruerentur,
1663 4194 1780 4232 non
1805 4178 2004 4233 docto-

351 4267 435 4322 ris
464 4270 523 4322 et
553 4264 925 4337 praeceptoris
956 4266 1049 4321 sui
1081 4263 1606 4339 promptitudinem
1640 4267 1712 4322 ad
1737 4266 2004 4339 martyrii

352 4354 646 4410 certamen
664 4350 1040 4409 imitarentur
1055 4351 1084 4410 τ
1103 4352 1263 4409 Sicut
1284 4351 1442 4408 enim
1465 4349 1828 4409 fortissimus
1842 4368 2004 4410 exer-

352 4439 509 4500 citus
538 4438 881 4513 imperator,
915 4440 1013 4513 qui
1043 4455 1172 4499 sese
1200 4439 1400 4516 praelia
1451 4440 1679 4514 primus
1731 4446 2002 4516 exponat,

354 4526 863 4588 commilitonibus
878 4528 1111 4588 animos
1127 4526 1312 4599 addit,
1335 4528 1478 4587 dum
1500 4525 1777 4587 bellicum
1800 4543 2007 4587 canere

2061 606 2212 679 ὑμῶν
2240 609 2292 662 οἱ
2324 610 2459 679 θεοὶ,
2492 611 2581 666 καὶ
2626 608 2845 675 οὐδενὸς
2896 612 3066 688 λόγου
3104 612 3245 686 ἄξιοι
3273 631 3285 644 ·
3321 611 3584 687 δαιμόνια
3612 617 3715 692 γὰρ

2059 695 2413 772 τυγχᾶνουσιν
2478 696 2650 771 ὄντες,
2698 700 2789 755 καὶ
2837 698 3079 762 διανοίας
3137 699 3539 775 κακοδαίμονος
3585 704 3717 759 ἀνα-

2062 786 2379 860 πΛοὶσματα,
2455 789 2547 844 καὶ
2623 794 2828 866 χειρῶν
2912 790 3266 863 ἀνθρωπίνων
3340 795 3718 867 τεχνάσματα.

2063 877 2292 947 ’Ὁμοιοι
2322 876 2501 933 τοίνυν
2520 880 2708 941 αὐτοῖς
2741 880 2793 934 οἱ
2822 884 3107 942 ποιοῦντες
3141 879 3296 949 αὐτὰ,
3327 880 3422 936 καὶ
3452 883 3649 946 πάντες
3671 884 3724 939 ol

2064 965 2386 1031 πεποιθότες
2414 966 2498 1022 ἐπ’
2554 967 2740 1031 αὐτοῖς
2791 969 3058 1044 γένοιντο,
3104 969 3307 1044 κωφοὶ,
3358 969 3450 1025 καὶ
3497 973 3724 1048 τυφλοὶ,

2066 1055 2156 1108 καὶ
2189 1054 2534 1127 ἀναίσθηνοι.
2566 1058 2760 1131 Ἡμεῖς
2819 1057 2921 1134 γὰρ
2977 1058 3209 1133 Χριστὸν
3265 1059 3358 1113 τὸν
3393 1056 3565 1124 ὄντως
3598 1058 3727 1119 ὄντα

2065 1148 2175 1199 τῶν
2207 1144 2354 1201 ὅλων
2401 1146 2530 1203 Θεόν
2586 1168 2646 1202 τε
2699 1148 2787 1203 καὶ
2851 1145 3214 1224 δημιουργὸν,
3271 1150 3364 1204 καὶ
3425 1148 3725 1224 κηδεμόνα,

2069 1234 2290 1300 καὶτῆς
2322 1238 2465 1305 ζωῆς
2511 1238 2755 1313 χορηγὸν
2806 1237 3172 1313 γινώσκομεν,
3221 1238 3311 1293 καὶ
3358 1239 3522 1295 αὐτὸν
3560 1242 3724 1315 μόνον

2073 1318 2326 1395 σέϐομεν,
2359 1326 2451 1380 καὶ
2489 1325 2855 1400 κηρύττομεν,
2901 1327 2992 1381 καὶ
3029 1328 3126 1392 τὰς
3166 1325 3396 1391 ἐλπίδας
3445 1329 3523 1392 εἷς
3567 1330 3729 1387 αὐτὸν

2074 1413 2452 1487 ἀνατιθέμεθα,
2513 1415 2603 1470 καὶ
2649 1417 2827 1470 θανεῖν
2878 1415 3010 1491 ὑπὲρ
3063 1416 3227 1471 αὐτοῦ
3270 1418 3728 1493 προθυμούμεθα,

2076 1501 2329 1574 θυμάτων
2354 1505 2516 1579 ἱερῶν
2570 1504 2663 1559 καὶ
2715 1504 2955 1583 σφαγίων
3018 1502 3175 1576 δίκην
3235 1506 3461 1569 ἑαυτοὺς
3501 1507 3724 1583 λογιζό-

2081 1612 2258 1663 μενοι,
2287 1593 2377 1647 καὶ
2413 1592 2738 1656 σπεύδοντες
2785 1592 2872 1649 ἐπὶ
2902 1595 3000 1664 τὴν
3034 1594 3298 1666 τοιαύτην
3330 1598 3557 1671 σφαγῆν,
3588 1594 3722 1671 ἄγαν

2079 1678 2458 1756 ἀγαλλόμεθα,
2494 1684 2569 1745 ὡς
2621 1683 2882 1758 ἀσφαλῶς
2929 1686 3277 1747 πιστεύοντες
3324 1683 3473 1747 αὖθις
3502 1685 3722 1755 ἀναστή-

2081 1780 2285 1840 σεσθαι,
2371 1779 2472 1842 τῆς
2556 1772 2891 1845 κρείττονος,
2977 1775 3068 1829 καὶ
3147 1773 3585 1849 μακαριωτέρας,
3634 1774 3722 1829 καὶ

2001 1856 2500 1961 Βδιαιωνιζούσης
2552 1861 2864 1936 τευξόμενοι
2926 1862 3164 1936 λήξεως,
3219 1863 3311 1961 καὶ
3366 1868 3485 1926 τοῖς
3529 1861 3731 1937 ἀκηρά-

2085 1969 2201 2011 τοις
2232 1950 2660 2028 στεφθησόμενοι
2706 1953 3000 2026 στέμμασι.
3058 1950 3203 2017 Τοὺς
3259 1948 3307 2007 δ’
3353 1951 3420 2007 αὗ
3446 1952 3565 2007 καθ’
3598 1950 3736 2024 ὑμᾶς

2089 2036 2163 2101 εἷς
2188 2037 2347 2094 αὐτὸν
2383 2041 2459 2113 μή
2518 2040 2888 2109 πιστεύοντας,
2946 2038 3094 2096 ἀλλὰ
3146 2040 3246 2110 τὴν
3287 2038 3453 2096 αὐτοῦ
3485 2038 3736 2110 θεότητα,

2090 2126 2179 2184 καὶ
2206 2130 2307 2198 τήν
2370 2126 2558 2200 ἀληθῆ
2609 2129 2701 2184 καὶ
2750 2125 2951 2199 ἀῒδιον,
3001 2130 3092 2185 καὶ
3149 2129 3315 2192 πέαας
3371 2129 3473 2185 οὐκ
3500 2125 3734 2204 ἔχουσαν

2096 2213 2249 2293 βασι)
2265 2216 2374 2272 είαν
2431 2216 2774 2291 ἀθετοῦντας,
2848 2218 2941 2273 καὶ
2995 2218 3124 2281 τοὺς
3182 2217 3352 2274 αὐτοῦ
3408 2217 3739 2293 θεράποντας

2094 2306 2465 2381 ἀναιροῦντας,
2522 2306 2732 2381 αἲωνίῳ
2789 2306 2921 2384 πυρὶ
2973 2308 3061 2363 καὶ
3126 2308 3375 2383 βασάνοις
3421 2307 3743 2377 ἀνηκέστοις

2092 2393 2183 2450 καί
2213 2391 2479 2466 ἀλήκτοις
2525 2393 2999 2471 παραδιδομένους
3047 2397 3334 2471 ὀψόμενοι.
3374 2417 3403 2449 »
3439 2395 3587 2471 Πρὸς
3618 2390 3748 2449 ταῦ-

2090 2505 2160 2540 τα
2186 2484 2549 2560 ταραχθέντες
2579 2486 2631 2540 οἱ
2680 2485 3042 2560 παμπόνηροι
3093 2485 3185 2541 καὶ
3229 2478 3578 2541 ἀσεϐέστατοι
3623 2480 3753 2539 διῶ-

2095 2594 2239 2643 κται,
2296 2572 2388 2628 καὶ
2436 2571 2774 2645 πλησθέντες
2851 2574 3020 2652 ὀργῆς
3076 2573 3168 2630 καὶ
3225 2577 3424 2648 θυμοῦ,
3474 2574 3565 2629 καὶ
3625 2570 3756 2636 τοὺς

2101 2659 2326 2725 ὀδόντας
2388 2661 2696 2740 βρύξαντες,
2741 2664 2811 2718 τὰ
2861 2663 2987 2740 ξίφη
3047 2664 3407 2737 σπασάμενοι,
3465 2666 3561 2718 τοῦ
3607 2682 3753 2739 τρισ-

2102 2750 2369 2827 μακαρίου
2426 2753 2761 2828 θεοκήρυκος
2815 2753 2907 2807 τὸν
2967 2751 3177 2828 αὐχένα
3230 2751 3536 2828 προθύμως
3582 2749 3750 2806 ἰκτεί-

2098 2860 2308 2911 ναντος,
2365 2841 2464 2908 τὴν
2508 2840 2651 2894 θείαν
2709 2839 2800 2895 καὶ
2842 2840 3095 2916 πανίερον
3146 2838 3395 2919 κεφαλὴν
3453 2839 3747 2913 ἀπέτεμον·

2105 2930 2221 3002 μεθ’
2252 2928 2317 2998 ἢν
2339 2927 2430 2983 καὶ
2467 2928 2563 2991 τὰς
2621 2935 2719 2999 τῆς
2776 2926 3068 3003 ξυνωρίδος
3120 2933 3227 2984 τῶν
3286 2926 3627 2997 συνοπαδῶν,
3656 2927 3748 2983 καὶ

2101 3015 2447 3094 συνδρόμων,
2504 3018 2594 3073 καὶ
2652 3018 3075 3090 συνηθληκότων
3132 3017 3242 3094 οὐχ
3294 3015 3525 3089 ἧττονῆ
3556 3038 3752 3094 συγκε-

2099 3108 2453 3182 κηρυχὸτων,
2503 3105 2801 3181 ἀπέκοψαν,
2857 3118 3084 3183 θατερου
3140 3106 3386 3183 θάτερον,
3437 3106 3513 3171 εἷς
3557 3106 3622 3161 τὸ
3650 3108 3750 3175 τῆς

2107 3205 2443 3275 μαρτυρικῆς
2467 3196 2725 3274 ἀγωνίας,
2774 3198 2863 3254 καὶ
2910 3196 3215 3273 κεφαλικῆς
3249 3197 3590 3260 τελειώσεως
3617 3217 3751 3272 προ-

2103 3283 2290 3344 λαϐεῖν
2324 3283 2664 3343 σπευδόντων
2714 3284 2953 3355 στάδιον,
2995 3285 3125 3350 τοὺς
3158 3287 3480 3362 τραχήλους
3509 3282 3757 3359 εὐθύμως

2100 3371 2559 3452 προϐαλλόντων,
2589 3377 2680 3432 καὶ
2734 3379 2805 3451 τῇ
2851 3379 2950 3432 τοῦ
2998 3374 3274 3453 φασγάνου
3320 3373 3513 3452 πληγῇ
3561 3394 3755 3449 προτι-

2104 3466 2300 3521 θέντων
2353 3464 2661 3539 εὐπρεπεῖς,
2714 3463 2791 3527 ὡς
2848 3463 2909 3518 ἃν
2971 3464 3049 3537 μή
3096 3467 3195 3520 τοῦ
3253 3460 3603 3540 παιδαγωγοῦ
3666 3461 3762 3518 καὶ

2105 3553 2480 3630 ἱεροτελεστοῦ
2526 3553 2755 3626 πάμπαν
2806 3553 3159 3628 ἀφυστεροῖεν
3209 3552 3260 3609 έν
3311 3552 3478 3626 ταύτῃ
3529 3554 3598 3625 τῇ
3628 3549 3759 3605 ἐπι-

2104 3647 2260 3718 κήρῳ
2288 3643 2377 3698 καὶ
2406 3643 2765 3721 ἀκανθοφόρῳ
2818 3644 2999 3719 βιοτῇ,
3032 3642 3182 3699 ἀλλά
3226 3641 3512 3715 συντόμως
3539 3640 3631 3696 τὸν
3661 3639 3762 3694 αὐ-

2105 3735 2306 3805 τὸντῷ
2350 3730 2662 3805 διδασκάλῳ
2709 3732 2799 3786 καὶ
2847 3735 3195 3808 προσαγωγῷ
3245 3726 3448 3808 τρόπον
3498 3730 3634 3807 πρὸς
3664 3729 3761 3785 τὸν

2109 3819 2407 3891 ἀθλοθέτην
2461 3818 2877 3893 συνεκδημοῖεν,
2926 3821 2985 3875 ’ὀν
3026 3817 3231 3897 τρδπον
3276 3820 3368 3875 καὶ
3395 3818 3525 3882 τοὺς
3557 3816 3762 3883 ἄθλους

2112 3907 2529 3981 συνδιήλθοσαν,
2589 3908 2738 3972 ὅπως
2791 3908 2881 3964 καὶ
2953 3913 3063 3964 τῶν
3118 3907 3294 3964 αὐτῶν
3344 3910 3618 3986 στεφάνων
3668 3905 3766 3962 καί

2112 3996 2362 4063 ἐπάθλων
2396 4000 2509 4072 ἅμα
2538 3999 2885 4073 συμμέτοχοι
2926 3998 3166 4055 πέλοιεν.
3200 4002 3323 4060 Πῶς
3351 4000 3456 4074 γὰρ
3489 3998 3541 4052 οἱ
3572 3994 3764 4059 καλῶς

2112 4086 2644 4164 παιδαγωγηθέντες,
2689 4086 2778 4141 καὶ
2825 4085 3059 4149 πολλοῖς
3105 4084 3216 4157 ἤδη
3267 4084 3575 4148 πολυειδῶς
3607 4084 3769 4159 ἐγγυ-

2117 4179 2432 4252 μνασθέντες
2486 4174 2806 4246 ἀθλητικοῖς
2843 4176 3213 4250 γυμνάσμασι,
3264 4174 3352 4232 καὶ
3405 4175 3633 4251 Χριστὸν
3666 4172 3767 4229 αὐ-

2111 4268 2202 4323 τὸν
2237 4270 2377 4331 θεῖον
2423 4262 2643 4341 ἔχοντες
2693 4257 2890 4340 ἔρωτα,
2932 4261 3003 4320 δι’
3046 4265 3119 4320 ὧν
3168 4263 3384 4320 πάντων
3435 4263 3526 4320 καὶ
3572 4263 3769 4336 σώμα-

2111 4374 2206 4419 τος
2231 4354 2322 4411 καὶ
2350 4354 2546 4429 ψυχῆς
2577 4348 2814 4431 ἀφειδεῖν
2864 4350 3233 4424 ἰδιδάσκοντο,
3267 4351 3417 4415 ὅπως
3449 4351 3613 4408 αὐτοῦ
3664 4350 3770 4424 μό-

2113 4464 2207 4502 νου
2237 4445 2334 4499 τοῦ
2382 4444 2566 4521 σαφῶς
2621 4434 2777 4504 ὄντος
2825 4438 2991 4515 ξύλου
3047 4446 3147 4512 τῆς
3177 4445 3324 4514 ζωῆς
3360 4443 3770 4520 κατατρυφῖμν,

2115 4530 2216 4590 οὐκ
2263 4528 2324 4588 ’ἀν
2376 4549 2471 4587 του
2525 4531 2835 4607 γυμναστοῦ
2892 4528 2984 4587 καὶ
3032 4526 3326 4588 παιδευτοῦ
3376 4529 3476 4601 τὴν
3526 4527 3614 4585 ἰπὶ
3661 4528 3767 4599 τὴν

354 4614 639 4692 praecipit,
689 4623 744 4674 et
797 4615 1059 4677 hostium
1107 4616 1460 4676 exercitibus
1519 4615 1723 4673 obvius
1779 4616 1985 4690 primul

2120 4618 2458 4698 μαρτυρικὴν
2512 4605 2784 4697 ἀριστείαν
2839 4613 3123 4690 ἆζήλωσαν
3181 4615 3539 4695 «perspicui;
3589 4614 3768 4672 Καθάο

357 4704 649 4765 ei'iicitur:
684 4705 769 4763 sic
800 4705 1138 4765 divinorum
1169 4706 1559 4765 certaminum
1608 4706 2007 4779 peritissimus

358 4808 559 4866 senex,
588 4792 765 4867 longa
794 4798 849 4851 et
885 4810 1173 4852 annorum
1203 4794 1379 4866 plena
1424 4795 1625 4850 exacta
1679 4798 2007 4867 senectute,

358 4883 433 4940 ad
463 4881 866 4939 beatissimam
898 4898 1005 4956 pro
1034 4881 1267 4939 Christo
1319 4881 1534 4936 caedem
1583 4881 1812 4954 primus
1857 4882 2009 4939 exsi-

356 4972 531 5041 liens,
589 4987 837 5029 coronas
888 4970 1138 5027 viclorize
1197 4969 1462 5041 pertulit,
1517 4974 1576 5025 et
1631 4970 2009 5028 dulcissimos

355 5063 511 5119 filios
541 5064 610 5119 ad
643 5063 1150 5135 subsequendum,
1181 5078 1247 5117 ac
1294 5063 1560 5116 eamdem
1604 5062 2007 5118 beatissimam

355 5156 607 5208 mortem
637 5152 889 5209 libenter
917 5150 1247 5223 eligendam
1279 5152 1649 5222 praeparavit.

2114 4728 2214 4783 περ
2242 4707 2345 4785 γὰρ
2391 4704 2773 4784 στρατηλάτης
2816 4703 3124 4784 κράτιστος,
3169 4710 3272 4776 τῆς
3319 4709 3573 4783 στρατιᾶς
3600 4723 3772 4778 προα-

2113 4794 2503 4875 γωνιζόμενος,
2570 4791 2701 4859 τοὺς
2779 4792 3150 4870 στμμαχητάς
3227 4792 3617 4870 προθυμαίνων
3673 4793 3769 4848 καὶ

2115 4881 2589 4961 προκελευόμενος
2646 4878 2794 4955 ’ᾲδειν
2842 4880 3115 4951 ἐνυάλιον,
3170 4885 3390 4957 πρῶτος
3431 4878 3621 4956 ὁμιλεῖ
3648 4884 3773 4944 τοῖς

2113 4978 2222 5030 τῶν
2277 4969 2563 5044 πολεμίων
2636 4969 3030 5047 στρατεύμασιν
3065 4990 3080 5004 ·
3133 4968 3313 5035 οὕτως
3371 4972 3399 5025 ὁ
3439 4975 3546 5024 τῶν
3606 4969 3768 5032 θείων

2118 5062 2341 5137 ἀγώνων
2395 5058 2789 5134 ἆμπειρότατος
2826 5055 3161 5133 πρεσϐύτης,
3213 5061 3303 5114 καὶ
3350 5058 3486 5135 βαθὺ
3519 5058 3607 5113 καὶ
3638 5063 3769 5112 πῖον

2119 5149 2491 5221 εἶσεληλακὼς
2536 5154 2732 5224 γῆρας,
2785 5149 2923 5224 πρὸς
2977 5149 3078 5216 τὴν
3139 5148 3272 5221 ὑπὲρ
3330 5152 3563 5223 Χριστοῦ
3598 5167 3774 5221 μακα-

353 5240 625 5315 ριωτάτην
678 5235 1043 5311 προπηδήσας
1095 5239 1323 5314 σφαγὴν,
1378 5238 1506 5300 τούς
1564 5259 1624 5293 τε
1679 5246 1779 5309 τῆς
1834 5239 1991 5310 νίκης
2033 5241 2439 5315 προεκομίσατο
2498 5238 2811 5313 στεφάνους,
2866 5237 2958 5292 καὶ
3014 5236 3143 5300 τοὺς
3200 5236 3574 5312 γλυκυτάτους
3632 5236 3772 5298 υἱεῖς

348 5326 658 5407 ἐφέπεσθαι,
689 5329 779 5382 καὶ
808 5328 900 5381 τὸν
934 5325 1126 5399 ὅμοιον
1156 5327 1437 5391 ἀσπασίως
1471 5328 1687 5392 ἑλέσθαι
1716 5329 2174 5403 παμμακάριστον
2206 5327 2682 5404 προπαρεσκεύασε
2710 5327 2966 5383 θάνατον.

417 5455 559 5520 Quis
588 5453 790 5526 igitur,
822 5471 956 5510 eum
987 5455 1086 5527 qui
1105 5456 1476 5529 septuaginta
1501 5473 1689 5513 annos
1715 5456 1994 5529 apostoli-

344 5561 481 5600 cum
503 5560 744 5599 cursum
770 5545 1141 5615 percurrerit,
1165 5549 1518 5601 servatorem
1535 5545 1829 5600 Christum
1855 5562 1997 5616 prte-

343 5632 642 5704 dicaverit,
671 5632 835 5688 verbi
865 5633 1142 5689 salutaris
1175 5633 1431 5689 nobilem
1475 5638 1534 5689 et
1591 5634 1992 5705 incorruptam

344 5724 667 5779 sementem
698 5721 756 5776 in
787 5722 957 5778 terris
986 5723 1230 5779 rationis
1254 5722 1644 5795 participibus
1666 5721 1992 5793 seminarit,

2171 5456 2272 5517 Τίς
2306 5453 2516 5509 οὖντὸν
2560 5451 2612 5508 έν
2664 5447 2834 5509 ἕνεσιν
2882 5447 3265 5526 ἐϐδομήκοντα
3313 5453 3413 5522 τὴν
3460 5449 3769 5507 ἀποστολι-

2103 5545 2204 5614 κῆν
2265 5541 2557 5598 ὁδεύσαντα
2609 5536 2820 5618 τρίϐον,
2878 5542 2969 5596 καὶ
3029 5548 3265 5617 Σωτῆρα
3316 5541 3549 5618 Χριστὸν
3586 5541 3767 5616 κηρύ-

2106 5633 2285 5703 ξαντα,
2317 5633 2406 5688 καὶ
2443 5635 2541 5687 τοῦ
2591 5632 2872 5707 σωτηρίου
2932 5630 3105 5707 λόγου
3150 5632 3243 5687 τὸν
3300 5632 3485 5708 εὐγενῆ
3512 5632 3600 5687 καὶ
3649 5630 3769 5687 ἀκίο

2108 5717 2315 5792 ϐδηλον
2363 5719 2563 5797 σπόρον
2610 5718 2662 5774 ἐν
2711 5718 2948 5783 πολλαῖς
2999 5719 3249 5797 λογικαῖς
3300 5721 3558 5796 ἀρούραις
3598 5741 3761 5775 κατετ-
