4106 6402
365 426 476 481 665

1389 430 1581 496 ἮΤΑ,
1622 428 1959 485 AUCTORE
1993 429 2370 483 MICHAELE
2407 428 2756 482 SYNGELO.

3675 426 3782 481 666

369 572 680 625 σπείραντα,
714 553 804 607 καὶ
861 551 1144 629 πολύχουν
1200 553 1554 627 ἀμησάμενον
1614 555 1876 629 ἃσταχυν,
1930 553 2020 607 καὶ

2134 555 2429 626 cepiosam
2464 559 2689 627 spicam
2712 554 3106 621 messuerit,et
3139 556 3363 610 fructus
3387 555 3651 626 apprime
3681 573 3783 611 no-

365 642 628 715 γνησίους
663 641 814 715 μάλα
845 642 934 696 καὶ
965 643 1185 716 τιμίους
1233 642 1625 716 έναποθέμενον
1674 649 1792 704 ταῖς
1825 643 2019 718 ζἰεραῖς

367 731 670 801 ἀποθήκαις
727 729 988 805 καρποὺς,
1031 731 1192 802 ἀξίως
1251 733 1606 805 θαυμάσειεν;
1641 731 1737 793 Τίς
1794 732 1884 786 τὸν
1935 731 2023 786 έπὶ

364 824 624 874 τοσοῦτον
684 819 891 894 χρόνου
954 827 1129 893 μῆκος
1183 819 1550 897 εύαγγελικῶς
1617 821 2021 895 ἀριστεύσαντα,

365 911 456 963 καὶ
483 908 782 987 νικηφόρον
819 907 1260 986 ἀναδεδειγμένον
1321 909 1372 964 έν
1428 909 1574 983 μέσῳ
1622 913 2023 986 χριστομάχων

363 998 666 1073 τυράννων,
724 1000 815 1055 καὶ
901 999 1082 1074 δήμου
1149 999 1585 1078 Θηριωδεστέρου
1645 1000 1876 1057 λεόντων
1934 1003 2024 1057 καὶ

365 1087 550 1144 λύκων
603 1088 982 1163 ἀντικειμένων
1045 1088 1362 1145 ἐπαινέσειεν
1412 1092 1538 1152 ὅσος
1609 1089 1843 1145 ἐπαινεῖν
1905 1091 2028 1146 ἐπο-

363 1175 650 1248 ωιίλεταὶς
703 1178 839 1235 Ποία
881 1177 1106 1254 γλῶττα
1151 1179 1289 1256 πρὸς
1333 1177 1591 1256 διήγησιν
1654 1184 1762 1234 τῶν
1819 1181 2022 1255 ἀρετῶν

363 1266 554 1337 αὐτοῦ,
588 1269 1054 1342 κατορθωμάτων,
1113 1268 1204 1324 καὶ
1258 1268 1593 1342 ἀθλημάτων
1654 1267 1959 1345 ἀρκέσειεντ,
1995 1270 2028 1324 ἃ

363 1364 468 1434 γῆς
515 1358 610 1430 μὲν
637 1358 690 1411 αἱ
723 1355 890 1432 φυλαὶ
939 1357 1378 1435 κατεπλάγησαν,
1407 1360 1463 1414 αἱ
1513 1357 1570 1414 δὲ
1616 1366 1723 1415 τῶν
1786 1361 2027 1436 οὐρανῶν

363 1445 544 1517 τάξεις
601 1446 922 1517 έξεθείασαν,
979 1449 1069 1503 καὶ
1126 1451 1359 1524 Χριστὸς
1415 1451 1442 1504 ὁ
1499 1445 1877 1524 παμϐασιλεὺς
1935 1449 2025 1506 καὶ

362 1539 473 1589 τῶν
539 1530 807 1611 βραϐείων
870 1534 1160 1610 διανομεὺς
1223 1537 1536 1610 ἀπεδέξατο,
1578 1540 1668 1594 καὶ
1727 1538 2026 1615 ἀναρρήσε-

366 1645 448 1678 σιν
481 1624 796 1695 ἐπινικίοις,
826 1626 916 1681 καὶ
957 1627 1229 1706 στεφάνων
1294 1629 1702 1706 ὑπερλάμπρων
1763 1625 2026 1703 ἀμοιϐαῖς

359 1715 452 1768 τὸν
507 1715 908 1790 κατωρθωκότα
953 1717 1044 1772 καὶ
1092 1715 1435 1788 διηθληκότα
1489 1717 1778 1792 διέστεψεν.
1811 1726 1872 1773 Ὠ
1927 1725 2027 1787 τῆς

361 1803 520 1878 ἀγίας
573 1805 665 1858 καὶ
725 1805 1004 1868 θεσπεσίας
1074 1807 1340 1882 κεφαλῆς,
1400 1815 1503 1878 τῆς
1585 1809 1716 1884 ὑπὲρ
1784 1812 2025 1883 Χριστοῦ

360 1898 459 1962 τῆς
510 1889 678 1956 ὅντως
734 1893 952 1968 ἀγάπης
1000 1895 1340 1967 τμηθείσηςί
1381 1903 1442 1951 Ὦ
1491 1903 1592 1966 τῆς
1649 1895 1880 1953 πλεῖστα
1934 1898 2024 1952 καὶ

371 1979 596 2056 μέγιστα
630 1986 747 2045 θεῖα
770 1982 861 2037 καὶ
914 1983 1201 2059 ἀπόρρητα
1248 1985 1605 2060 χωρησάσης,
1639 1985 1672 2040 ἃ
1719 1988 1794 2059 μή
1843 1986 2026 2060 κεχώ-

370 2088 502 2144 ρηκε
557 2069 796 2144 κόσμος,
854 2075 1268 2146 πανιερωτάτης
1324 2082 1588 2152 κορυφῆς,
1636 2081 1739 2144 τῆς
1800 2073 2025 2149 μυρίους

365 2157 455 2212 καὶ
506 2158 748 2234 μακροὺς
810 2156 1185 2233 διαθλησάσης
1238 2162 1370 2238 ὑπὶρ
1413 2161 1512 2218 τοῦ
1559 2161 1699 2226 θείος
1742 2161 2027 2238 κηρύγμα-

363 2267 460 2311 τος
514 2248 762 2324 ἀγῶναςί
823 2258 886 2305 Ὦ
941 2254 1040 2321 τῆς
1118 2247 1526 2326 ἆμϐατευσάσης
1601 2258 1720 2316 τοῖς
1801 2255 2027 2326 ὑπερου-

365 2337 574 2414 ρανίοις
623 2337 970 2413 διακόσμοις,
1003 2343 1092 2398 καὶ
1141 2345 1210 2398 τὰ
1265 2342 1432 2419 λόγου
1477 2365 1537 2400 τε
1565 2345 1766 2408 παντὸς
1819 2345 2025 2419 πέρατα

361 2427 453 2481 καὶ
481 2427 608 2490 νοὸς
639 2429 911 2500 νοησάσης
939 2451 952 2465 ο
984 2430 1076 2485 καὶ
1122 2433 1498 2510 φθεγξαμένης
1525 2435 1537 2489 ί
1569 2439 1631 2487 *Ω
1677 2440 1778 2503 τῆς
1812 2435 2024 2498 θειοτά-

360 2534 462 2583 της
522 2517 710 2589 ψυχῆς
757 2515 990 2587 έκείνης,
1022 2525 1121 2587 τῆς
1152 2517 1210 2574 δὲ
1241 2517 1310 2574 δι’
1337 2518 1635 2596 ἀγγελικῆς
1693 2519 2023 2600 δορυφορίας

365 2600 443 2663 εἷς
496 2603 594 2664 τὰς
656 2602 946 2679 οὐρανίους
1000 2605 1313 2678 ἀναπτάσης
1371 2608 1599 2682 ἀψίδαςί
1654 2612 1740 2682 ἣν,
1791 2608 2022 2684 ἐνδόξως

362 2692 498 2766 πρὸς
531 2692 624 2746 τὸν
651 2699 750 2762 τῆς
794 2692 956 2765 δόξης
990 2696 1194 2771 Κύριον
1239 2701 1330 2752 καὶ
1376 2697 1774 2776 στιφανοδότην
1807 2702 2020 2771 Ἰησοῦν

362 2779 616 2835 ἀνιοῦσαν
647 2786 754 2838 τῶν
781 2783 1016 2840 εὐκλεῶν
1048 2787 1233 2841 πόνων
1273 2789 1572 2865 τάπίχειρα
1621 2789 2022 2863 κομιουμένην,

365 2868 606 2942 ὕμνησεν
640 2873 835 2944 ἑκάστη
865 2879 973 2929 τῶν
1011 2877 1392 2951 ὑπερκοσμίων
1445 2876 1748 2952 δυνάμεων,
1779 2882 1878 2949 τὴν
1916 2880 2020 2935 αὐ-

364 2965 467 3027 τῆς
517 2958 747 3031 ἄθλησιν
793 2963 1144 3040 γεραίρουσα,
1189 2966 1280 3021 καὶ
1324 2962 1661 3040 ἀμειϐομένη
1709 2975 1811 3038 τῆς
1861 2969 2024 3044 ἀγγε-

368 3046 680 3120 λοπρεποῦς
738 3051 1044 3125 ὑμνήσεως,
1094 3056 1160 3123 ἣν
1220 3055 1248 3110 ὁ
1299 3057 1480 3119 κοινὸς
1535 3058 1712 3113 αὐτῶν
1761 3058 2021 3135 ὗμνήτωρ

365 3135 720 3201 ἐνθεαπικῶς
756 3161 816 3195 τε
860 3143 951 3196 καὶ
999 3143 1388 3219 παναρμονίως
1437 3148 1775 3220 συνήρμοσεν
1805 3167 1819 3180 ο
1879 3149 1940 3217 ἦν
1983 3151 2019 3218 ἡ

361 3223 470 3281 ἅνω
530 3227 918 3303 Ἰερουσαλὴμ,
972 3231 1067 3294 τὰς
1116 3233 1310 3304 ἑαυτῆς
1361 3233 1614 3306 ἀνοίξκσα
1661 3235 1864 3306 πύλας,
1907 3236 2022 3292 ένε-

2134 643 2282 699 biles
2339 651 2397 700 et
2444 644 2760 699 honoratos
2819 644 2876 697 in
2929 643 3151 698 horreis
3196 646 3380 700 sacris
3433 647 3783 716 reposuerit,

2134 734 2307 804 digne
2337 733 2612 788 admirari
2647 732 2885 802 posset?
2916 733 3057 799 Quis
3088 747 3221 786 eum
3284 733 3382 803 qui
3436 733 3548 788 huc
3590 751 3780 806 usque

2134 823 2416 894 temporis
2446 821 2782 894 evangelica
2842 821 2956 876 ritu
3011 825 3249 877 strenue
3311 838 3373 876 se
3407 823 3677 893 gesserit,
3713 839 3780 878 ac

2134 911 2286 966 inter
2313 915 2594 982 tyrannos
2624 911 2943 979 Christum,
2979 927 3045 965 ac
3096 910 3380 982 populum
3414 909 3682 968 leonibus
3713 929 3779 967 ac

2134 1000 2290 1071 lupis
2316 1001 2601 1072 oppositis
2635 1001 2996 1067 ferociorem,
3028 1001 3331 1056 victoriam
3372 999 3656 1070 retulerit,
3693 1018 3780 1056 sa-

2134 1089 2210 1144 tis
2243 1107 2346 1160 pro
2378 1090 2661 1160 dignitate
2684 1089 2950 1144 laudaret
2975 1089 3156 1152 ?Qua3
3181 1089 3381 1160 lingua
3412 1089 3480 1143 ad
3509 1090 3639 1159 ejus
3661 1090 3780 1144 vir-

2132 1184 2308 1245 tutes,
2341 1185 2495 1234 recte
2527 1179 2694 1245 facta,
2729 1185 2785 1234 et
2811 1179 3133 1233 certamina
3154 1178 3501 1233 celebranda
3547 1180 3780 1234 sufﬁce-

2136 1268 2265 1324 ret?
2296 1271 2430 1334 Quae
2463 1268 2702 1339 quidem
2728 1268 2917 1322 tribus
2948 1273 3112 1322 terra:
3145 1267 3448 1322 admiratae
3471 1272 3634 1338 sunt,
3668 1285 3782 1323 cm-

2135 1357 2326 1413 lorum
2372 1357 2611 1413 ordines
2644 1358 2813 1412 beata
2869 1357 3353 1428 praedicaverunt,
3383 1357 3654 1412 Christus
3686 1373 3785 1412 rex

2136 1447 2422 1513 omnium,
2457 1452 2514 1501 et
2545 1447 2920 1518 prznmiorum
2955 1445 3305 1501 distributor
3335 1446 3700 1517 approbavit,
3725 1451 3784 1501 et

2135 1537 2444 1607 praeconiis
2477 1535 2694 1607 quibus
2714 1536 2961 1591 victores
2993 1535 3185 1589 ornari
3217 1533 3782 1606 solent,coronisque

2136 1623 2488 1688 illustribus,
2544 1630 2664 1679 tam
2716 1628 2872 1679 recte
2925 1639 3142 1678 munus
3191 1623 3593 1679 Christianum
3617 1639 3781 1679 exse-

2136 1721 2338 1770 cutum
2373 1731 2437 1769 ac
2468 1714 2864 1769 decertantem
2912 1713 3229 1769 coronavit.
3279 1713 3322 1768 Ο
3379 1717 3674 1778 sanctum,
3725 1715 3784 1768 et

2135 1804 2398 1859 divinum
2424 1807 2620 1874 caput,
2649 1820 2752 1874 pro
2782 1818 2919 1858 vero
2940 1801 3153 1858 Christi
3193 1817 3390 1858 amore
3422 1801 3736 1873 praecisum
3764 1803 3774 1856 !

2135 1893 2179 1948 Ο
2209 1893 2449 1964 plenum
2474 1892 2745 1963 plurimis
2801 1908 2870 1947 ac
2919 1890 3192 1947 maximis
3251 1892 3426 1946 rebus
3471 1890 3685 1947 divinis
3725 1894 3784 1947 et

2135 1981 2535 2038 ineﬂabilibus
2560 1981 3498 2053 caputsacratissimum,quarum
3521 1980 3781 2036 mundus

2137 2089 2254 2127 non
2275 2071 2386 2127 fuit
2407 2088 2610 2143 capax,
2643 2071 2988 2126 innumeros
3044 2069 3370 2142 longosque
3425 2085 3528 2142 pro
3579 2069 3776 2126 divino

2136 2161 2426 2234 praconio
2458 2159 2687 2216 labores
2717 2176 3061 2232 perpessum
3087 2159 3100 2214 l
3134 2159 3178 2214 Ο
3207 2158 3397 2214 virum
3433 2174 3569 2214 cum
3609 2157 3780 2214 caele-

2135 2250 2327 2306 stibus
2358 2248 3080 2315 ordinibusincedentem,
3123 2251 3181 2303 et
3224 2264 3294 2304 ea
3340 2245 3602 2303 locutum
3652 2262 3779 2317 quis

2135 2338 2458 2410 quemlibet
2483 2354 2813 2394 sermonem
2847 2341 2905 2394 et
2931 2353 3172 2394 sensum
3195 2334 3523 2393 excellunt!
3556 2339 3601 2392 Ο
3629 2335 3778 2391 divi-

2134 2427 2444 2484 nissimam
2464 2427 2724 2483 animam
2750 2427 3069 2499 illam,qua3
3083 2442 3299 2481 corona
3317 2425 3534 2496 stipata
3545 2423 3780 2495 angelo-

2132 2534 2267 2573 rum
2323 2519 2396 2573 ad
2455 2517 2714 2573 cmlestia
2769 2517 3030 2572 culmina
3086 2515 3360 2584 evolavit,
3413 2531 3591 2587 quam
3635 2516 3777 2570 dum

2133 2607 2441 2678 magniﬁce
2455 2607 2524 2660 ad
2543 2606 2740 2677 gloriae
2753 2605 3070 2661 Dominum
3087 2609 3144 2660 et
3156 2608 3559 2661 coronatorem
3576 2603 3780 2660 Jesum

2133 2696 2496 2765 ascenderet,
2530 2712 2633 2766 pro
2670 2694 3257 2766 gloriosislaboribus
3274 2695 3777 2766 praemiisauctam

2132 2783 2352 2856 singuli
2375 2784 2721 2855 angelorum
2753 2784 2986 2839 ordines
3019 2783 3362 2848 laudarunt,
3390 2799 3458 2838 ac
3482 2787 3779 2838 certamen

2131 2873 2321 2944 ipsius
2344 2873 2604 2944 praemiis
2644 2873 2797 2928 889
2839 2889 2904 2929 ac
2961 2871 3318 2941 laudatione,
3361 2887 3489 2943 quae
3543 2870 3782 2943 angelos

2131 2963 2317 3030 decet,
2352 2963 2642 3018 munerati
2697 2966 2872 3030 sunt;
2907 2979 3084 3034 quam
3135 2961 3470 3017 communis
3512 2960 3780 3033 ipsorum

2131 3053 2403 3107 laudator
2432 3052 2624 3108 divine
2642 3068 2708 3107 ac
2738 3052 3042 3123 aptissime
3056 3050 3648 3122 coneinnavit;quam
3668 3067 3780 3105 cce-

2132 3139 2296 3196 lestis
2318 3140 2854 3207 Hierusalem,suas
2879 3142 3066 3212 ipsius
3099 3145 3302 3213 portas
3322 3139 3616 3212 aperiens,
3645 3139 3780 3195 sinu

2131 3231 2393 3302 suscepit
2422 3248 2552 3297 suo,
2586 3247 2764 3302 quam
2789 3231 3049 3286 Ecclesia
3069 3229 3619 3302 primogenitorum,
3657 3246 3781 3300 quae

357 3313 686 3373 κολπώσατο
719 3337 733 3352 ο
767 3319 827 3388 ἢν
861 3321 896 3382 ἠ
929 3321 1228 3392 Ἐκκλησία
1253 3325 1623 3398 πρωτοτόκων
1669 3326 2020 3403 ἀπογεγραμ-

2133 3321 2193 3376 in
2224 3321 2384 3378 cmlis
2412 3321 2652 3394 ascripti
2683 3329 2843 3391 sunt,
2876 3321 3204 3393 amplexata
3235 3325 3364 3388 est;
3402 3337 3580 3392 quam
3606 3319 3783 3391 spiri-

365 3403 542 3476 μένων
601 3403 654 3460 ἐν
715 3405 969 3481 οὐρανοῖς
1024 3412 1469 3484 προσεπτύξατο·
1502 3415 1564 3467 ἣν
1597 3414 1879 3489 πνεύματα
1930 3418 2021 3471 καὶ

361 3495 536 3568 ψυχαὶ
565 3491 786 3550 δικαίων
821 3495 984 3552 ὁσίων
1011 3500 1099 3554 καὶ
1123 3506 1391 3555 ταπεινῶν
1449 3503 1520 3574 τῇ
1567 3501 1785 3580 καρδίᾳ,
1816 3507 1917 3574 τὴν
1966 3504 2018 3560 ἐν

362 3579 679 3660 δικαιοσύνῃ
725 3586 817 3641 καὶ
867 3587 1136 3659 ὁσιότητι,
1183 3591 1273 3644 καί
1321 3593 1552 3666 μετρίῳ,
1604 3579 1695 3648 καὶ
1754 3593 1882 3667 θείῳ
1929 3617 2020 3672 φι-

363 3669 748 3749 λοφρονήματι
779 3674 1275 3752 πολιτευσαμένην,
1308 3681 1398 3734 καὶ
1433 3682 1633 3757 μέχρις
1665 3681 1894 3755 α’ίματος

361 3761 540 3816 πίστιν
595 3763 1138 3841 παῤῥησιασαμένην,
1196 3767 1284 3824 καί
1348 3770 1481 3844 ὑπὲρ
1550 3771 1718 3838 αὐτῆς
1787 3773 2020 3829 πυκτεύ-

360 3871 525 3906 σασαν
577 3851 979 3928 ένηγκαλίσατο
1012 3875 1025 3888 ·
1167 3861 1273 3912 τῶν
1325 3859 1646 3916 ἀποστόλων
1679 3864 1714 3932 ἡ
1747 3881 2022 3937 χοροστα-

363 3938 449 3992 σία
478 3939 786 4015 πρεπωδῶς
815 3941 1221 4019 ένεκαυχήσατο
1256 3963 1270 3977 ’
1313 3946 1396 4024 ἐφ’
1514 3952 1622 4003 τῶν
1663 3951 1960 4027 προφητῶν
1991 3952 2020 4005 ὁ

361 4029 532 4103 χορὸς
577 4027 976 4106 ἠγαλλιάσατο,
1027 4034 1146 4105 μεθ’
1183 4037 1250 4103 ἧς
1313 4034 1553 4109 ἑορτάζει
1597 4037 1688 4092 καὶ
1739 4038 2020 4115 εὐφραίνε-

357 4137 468 4186 ται,
498 4119 597 4187 τὴν
649 4117 701 4190 ἐξ
748 4118 963 4175 οίκείων
1008 4121 1238 4196 ἀγώνων
1289 4124 1378 4178 καὶ
1419 4125 1664 4198 αἱμάτων
1700 4127 2016 4201 ὑφανθεῖσαν

358 4206 447 4259 καὶ
483 4207 741 4284 βαφεῖσαν
779 4206 1072 4283 βασιλικὴν
1105 4210 1386 4290 πορφύραν
1439 4209 1881 4288 περιϐεϐλημένη
1927 4216 2017 4270 καὶ

359 4295 762 4370 πεποικιλμένη
793 4301 902 4352 τῶν
935 4297 1262 4376 ἀθλοφόρων
1299 4301 1586 4378 μαρτύρων
1621 4305 1654 4374 ἡ
1692 4306 2017 4381 πανήγυρις,

429 4420 800 4499 Μακαριστᾶον
832 4421 1011 4480 τοίνυν
1048 4424 1148 4494 τήν
1196 4423 1360 4480 πόλιν
1407 4426 1507 4496 τὴν
1551 4429 2015 4504 ταμιευσαμὲνην,

360 4510 462 4580 τήν
509 4527 569 4566 τι
617 4516 880 4589 θιοστεφῆ
930 4511 1021 4568 καὶ
1062 4507 1469 4589 πανσιϐασμίαν
1503 4535 1598 4573 σου
1642 4515 1885 4597 κεφαλὴν
1926 4517 2017 4574 καὶ

357 4598 420 4655 τὸ
449 4597 636 4672 τίμιον
671 4597 950 4676 λείψανον,
983 4601 1073 4658 καὶ
1109 4605 1241 4673 τῶν,
1273 4601 1366 4672 οὓς
1412 4603 1488 4670 ὡς
1536 4605 1706 4682 ἱερεῖα
1748 4605 2016 4681 πανάμω-

2130 3416 2228 3468 tus
2259 3417 2318 3469 et
2347 3413 2555 3469 animae
2579 3412 3153 3484 justorum,piorum
3173 3417 3231 3467 et
3259 3409 3578 3466 humilium
3611 3411 3782 3466 corde

2129 3501 2190 3557 in
2215 3503 2450 3572 justitia
2479 3507 2535 3558 et
2553 3503 2884 3569 sanctitate,
2922 3502 3226 3557 moderata
3259 3517 3325 3556 ac
3357 3500 3554 3555 divina
3596 3499 3780 3554 animi

2130 3591 2464 3663 equalitate
2487 3591 2546 3646 in
2580 3592 2796 3646 mundo
2828 3593 3205 3655 versatam,et
3236 3589 3411 3644 ﬁdem
3443 3589 3515 3643 ad
3538 3589 3780 3660 sangui-

2131 3698 2266 3737 nem
2292 3698 2477 3753 usque
2499 3681 2760 3737 animose
2785 3681 3135 3752 professam,
3167 3684 3224 3736 et
3256 3696 3358 3751 pro
3406 3679 3538 3751 ipsa
3567 3684 3783 3749 marty-

2129 3771 2216 3825 rio
2250 3769 2533 3840 functam,
2563 3770 2620 3824 in
2653 3770 2851 3825 sinum
2884 3768 3145 3841 suscepit
3177 3769 3187 3822 l
3223 3768 3306 3824 Ob
3331 3785 3511 3840 quam
3545 3772 3782 3839 aposto-

2127 3860 2319 3916 lorum
2351 3861 2563 3915 chorus
2585 3861 2857 3914 decenter
2876 3858 3166 3929 gloriatus
3196 3861 3305 3912 est.
3339 3859 3403 3912 In
3435 3872 3554 3927 qua
3576 3861 3775 3912 vatum

2130 3967 2432 4006 sacrorum
2491 3952 2676 4004 cretus
2735 3947 2992 4020 gestiens
3041 3945 3374 4012 exsultavit,
3407 3949 3462 4000 et
3519 3945 3777 4002 celebres

2130 4044 2455 4096 conventus
2477 4038 2616 4108 agit,
2665 4042 2842 4108 atque
2866 4037 3134 4092 laetatur:
3169 4040 3228 4092 et
3274 4052 3402 4092 eam
3435 4039 3620 4092 eﬂ'uso
3653 4054 3781 4110 pro-

2129 4131 2274 4201 priis
2302 4128 2361 4183 in
2409 4127 2838 4183 certaminibus
2892 4125 3182 4196 sanguine
3239 4124 3666 4192 ﬂorescentem,
3713 4142 3778 4180 ac

2129 4217 2300 4288 quasi
2333 4215 2492 4287 regia
2524 4231 2786 4287 purpura
2804 4212 3046 4269 tinctam
3075 4211 3188 4266 laeti
3208 4215 3492 4284 martyres
3516 4211 3775 4282 praemiis

2128 4305 2414 4372 cumulati
2444 4304 2717 4360 ambiunt
2746 4308 2805 4359 et
2833 4307 3132 4359 exornant.

2199 4426 2376 4486 Beata
2403 4425 2583 4500 igitur
2614 4425 2986 4501 pradicanda
3018 4423 3223 4481 civitas
3278 4426 3387 4492 est,
3422 4439 3549 4497 qua
3608 4426 3776 4482 tuum

2129 4517 2383 4575 maxime
2412 4515 2811 4576 venerandum
2834 4520 3013 4587 caput
3066 4531 3099 4570 ιι
3145 4513 3262 4571 Deo
3320 4518 3689 4583 coronatum,
3720 4518 3779 4572 et

2126 4605 2416 4680 pretiosas
2444 4605 2727 4677 reliquias
2759 4602 3099 4673 asservavit,
3133 4607 3304 4675 atque
3325 4601 3575 4659 duorum
3597 4601 3776 4659 etiam

365 4706 439 4760 μα
484 4685 577 4744 καὶ
620 4686 931 4754 πανευῶδες
978 4691 1232 4766 θυμίαμα
1277 4696 1358 4766 τῷ
1406 4697 1522 4770 Θεῷ
1579 4697 2013 4773 προσενήνοχας,

2132 4693 3136 4766 oondiseipulorum,quostanquam
3149 4689 3776 4748 victimasimmacula-

361 4778 778 4862 συμφοιτητῶν,
804 4773 849 4832 ὦ
880 4777 1229 4854 Θεοκηρύκων
1267 4779 1357 4835 καὶ
1406 4781 1682 4858 ἱεραρχῶν
1730 4783 1822 4838 καὶ
1870 4805 2017 4862 μαρ-

359 4861 538 4938 τύρων
567 4863 864 4940 πανάριστε
897 4883 911 4900 ⁸
943 4867 1031 4922 καὶ
1059 4872 1178 4929 τοῖς
1217 4867 1398 4942 ἁγίοις
1443 4869 1595 4942 ὑμῶν
1645 4873 2020 4947 φοινιχθεῖσαν

359 4947 605 5024 α’ίμασιν,
639 4951 691 5024 ἐξ
734 4955 807 5007 ὧν
849 4951 986 5027 ἷάμά
1030 4976 1082 5010 τι
1112 4955 1203 5010 καὶ
1250 4963 1448 5031 κρῆναι
1491 4958 1710 5014 νάουσιν
1770 4962 1850 5016 ἆεξ
1899 4967 2020 5026 τοῖς

357 5038 533 5094 πίστει
565 5040 993 5117 προσφεύγουσι,
1023 5044 1111 5098 καὶ
1143 5045 1242 5113 τήν
1293 5050 1400 5100 τῶν
1445 5046 1789 5122 ἀλγυνόντων
1840 5070 2016 5121 νοση-

359 5129 542 5198 μάτων
594 5128 892 5202 έξαιτοῦσιν
949 5128 1112 5189 ἷάοιν.
1171 5133 1260 5197 Ὠς
1318 5132 1540 5204 ἀληθῶς
1618 5136 2018 5211 μεμακάρισται

357 5216 605 5291 Παρισία,
638 5220 673 5287 ἡ
715 5222 784 5292 τῇ
840 5220 934 5291 μὶν
977 5219 1314 5292 πηλικότητι
1344 5229 1451 5277 τῶν
1479 5225 1615 5280 κατά
1655 5224 1890 5281 Γαλλίαν
1925 5250 2019 5300 μι-

355 5308 588 5382 κροτέρα
635 5307 878 5379 πόλεων,
905 5315 984 5382 τῷ
1038 5311 1424 5387 κεκληρῶσθαι
1470 5312 1526 5369 δέ
1586 5337 1663 5387 σε,
1694 5321 1804 5370 τῶν
1865 5315 2018 5372 διδα-

355 5393 572 5451 σκάλων
634 5398 679 5452 ὧ
740 5399 1022 5473 πρόκριτε,
1078 5400 1426 5476 θησαύρισμα
1502 5407 1698 5468 παντὸς
1754 5404 2016 5475 αἰσθητοῦ

353 5483 602 5540 πλούτου
659 5485 1092 5564 τιμαλφέστερον
1172 5491 1263 5544 καὶ
1343 5490 1650 5568 πολιοῦχον
1698 5502 2014 5566 κεκτῆσθαι,

355 5573 448 5626 καὶ
509 5575 864 5653 φρούραρχον
943 5573 1301 5654 λαμπροτέρα
1369 5581 1806 5655 χρηματίσασαο
1863 5585 2018 5659 ἁγια-

358 5660 499 5732 σμὸς
549 5664 650 5737 γὰρ
701 5661 838 5736 αὐτῇ
887 5663 1066 5717 Θεόθεν
1117 5661 1334 5737 ἰδόθης,
1365 5669 1466 5737 τήν
1497 5673 1606 5723 τῶν
1635 5667 1880 5724 πολιτῶν
1925 5671 2014 5725 καὶ

360 5745 653 5818 ἐπηλύδων
730 5752 1074 5825 καθαγιάζων
1152 5751 1518 5830 φιλόχριστον
1579 5754 1864 5832 ἄθροισινο
1924 5759 2015 5812 καὶ

2129 4787 2217 4840 tas
2259 4791 2315 4839 et
2353 4780 2689 4838 suavissimi
2744 4781 2941 4836 odoris
2970 4780 3302 4848 incensum,
3335 4778 3451 4835 Deo
3483 4777 3772 4835 obtulisti.

2129 4871 2175 4928 Ο
2205 4871 2537 4926 divinorum
2571 4884 2905 4942 praaconum
2939 4885 3005 4922 ac
3054 4883 3426 4923 summorum
3458 4864 3772 4938 praesulum

2129 4965 2185 5016 et
2216 4965 2540 5032 martyrum
2574 4956 2980 5029 amplissime!
3013 4957 3078 5011 Et
3127 4971 3295 5011 sacro
3343 4960 3537 5010 vestro
3569 4971 3776 5010 cruore

2129 5050 2396 5115 tinctam,
2421 5065 2489 5103 ex
2519 5065 2635 5120 quo
2669 5047 2961 5102 medicina
2989 5047 3254 5114 quadam
3287 5061 3353 5099 ac
3387 5045 3576 5100 fontes
3599 5044 3672 5100 ad
3705 5045 3775 5098 ii-

2128 5139 2258 5193 dem
2283 5138 2781 5208 confugientibus,
2799 5136 3231 5190 etcurationem
3264 5138 3466 5189 contra
3497 5133 3776 5188 molestas

2128 5226 2505 5297 aegritudines
2555 5223 3005 5297 exposcentibus
3063 5224 3397 5294 perenniter
3454 5224 3773 5294 prulluunt.

2128 5318 2312 5380 Quam
2331 5331 2460 5369 vere
2482 5315 2651 5368 beata
2687 5313 2948 5367 l’arisina
2979 5313 3351 5384 civitas,qua3
3368 5311 3773 5382 magnitudine

2128 5405 2364 5474 quidem
2390 5402 2591 5457 Galliae
2620 5403 2952 5456 civitatibus
2976 5403 3299 5470 cedit,dum
3334 5418 3464 5456 vero
3496 5406 3575 5463 te,
3603 5419 3636 5456 o
3669 5403 3776 5455 de-

2128 5501 2356 5548 ctorum
2379 5491 2883 5561 praestantissimo,
2909 5491 3252 5545 thesaurum
3277 5490 3554 5545 omnibus
3571 5489 3776 5544 mundi

2127 5581 2350 5636 divitiis
2385 5580 2810 5652 pretiosiorem,
2863 5579 2923 5633 in
2955 5579 3353 5635 hereditatem
3387 5580 3630 5650 accepit,
3672 5596 3775 5649 pa-

2126 5675 2484 5741 tronumque
2505 5675 2562 5724 et
2602 5669 3012 5724 excubatorem
3044 5668 3379 5740 acquisivit,
3410 5667 3774 5739 splendidior

2126 5761 2357 5816 cunctis
2387 5764 2443 5815 et
2473 5757 2696 5814 beatior
2727 5757 3021 5830 appellata
3049 5764 3138 5814 est
3163 5759 3174 5812 !
3201 5759 3266 5813 Ei
3295 5758 3450 5812 enim
3475 5762 3539 5811 ut
3559 5758 3772 5810 sancti-
