4106 6432
293 423 402 478 667

1541 426 1599 479 S.
1641 423 1959 480 DIONYSII
2001 424 2478 482 ARROPOGITE

3613 425 3724 483 668

295 547 445 602 tudo
477 543 729 601 cmlestis
761 545 934 601 datus
965 561 1050 612 es,
1084 545 1185 617 qui
1218 549 1431 602 costum
1456 545 1668 601 civium
1694 550 1748 601 et
1782 547 1952 602 adve-

2090 547 2435 620 ινευματικὸς
2469 541 2657 617 ὄλϐος,
2686 545 2894 623 τρυφὴν
2923 543 3185 618 πορίζων,
3219 545 3282 599 οὐ
3319 547 3420 615 τὴν
3467 549 3560 602 τὸν
3612 569 3726 604 σω-

301 654 512 693 narum
544 636 762 692 Christi
822 635 1113 692 colentem
1161 640 1430 692 sanctum
1464 636 1746 691 efﬁceres.
1782 640 1961 693 Datus

302 744 366 782 es
397 726 448 781 ei
481 725 655 781 etiam
693 729 758 780 ut
786 723 1054 781 caelestes
1102 724 1338 794 divitiaa,
1375 741 1502 795 quae
1553 724 1792 780 delicias
1816 743 1961 796 pras-

303 817 529 886 berent,
558 831 670 871 non
705 831 802 870 eas
827 832 952 886 qua
986 814 1365 886 supercilium
1385 813 1646 884 corporis
1669 813 1958 883 attollunt,

299 905 654 976 dulcemque
698 905 769 960 ad
816 905 992 960 breve
1030 908 1267 974 tempus
1298 907 1542 974 gustum
1575 902 1876 970 exhibent,
1908 908 1964 959 et

301 995 572 1051 celeriter
601 993 884 1051 labuntur
937 999 1114 1064 atque
1159 992 1464 1060 deﬁciunt,
1527 1009 1676 1064 quas
1720 996 1876 1048 terra
1907 997 1964 1048 et

300 1101 461 1140 mare
493 1085 852 1156 producunt,
877 1085 933 1138 et
965 1081 1128 1137 sinus
1156 1097 1321 1138 sacer
1353 1098 1418 1138 ac
1454 1082 1666 1138 fluvius
1689 1083 1961 1154 piscosus

309 1173 758 1245 profundusque
779 1171 1159 1226 circumdans
1213 1174 1270 1226 et
1301 1170 1749 1227 circumsonans
1780 1170 1961 1228 altum

303 1261 645 1318 tenentibus
676 1259 915 1316 Niliacis
949 1258 1197 1315 aemulus
1230 1259 1494 1316 fluentis.
1526 1263 1728 1317 Murus
1765 1261 1961 1317 muni-

303 1351 576 1406 tissimus
609 1348 1062 1421 oppositus,non
1084 1348 1427 1406 labentibus
1453 1354 1511 1406 et
1539 1349 1742 1422 politis
1761 1350 1962 1406 electis

303 1439 602 1510 lapidibus
656 1438 1048 1511 compositus,
1073 1439 1559 1511 propugnaculis,
1591 1440 1856 1496 turribus
1908 1444 1965 1497 et

304 1546 612 1586 murorum
645 1528 896 1601 fastigiis
928 1533 992 1584 ut
1021 1529 1275 1584 ferreum
1295 1534 1530 1602 septum
1564 1529 1827 1597 innixus,
1860 1531 1962 1586 sed

301 1624 405 1674 tua
425 1622 780 1689 tuorumque
797 1618 1266 1676 commilitonum
1292 1619 1732 1675 consecratione
1758 1620 1964 1674 funda-

308 1713 426 1774 tus,
452 1706 786 1778 vestrisque
802 1723 942 1779 erga
957 1707 1141 1764 Deum
1159 1708 1436 1780 benignis
1459 1707 1733 1780 precibus
1765 1707 1962 1780 ignem

311 1814 340 1855 e
381 1796 525 1854 caalo
552 1797 981 1854 deducentibus
1012 1798 1317 1866 fundatus,
1354 1815 1481 1869 quae
1524 1799 1964 1870 quinquagena-

2075 637 2298 708 ματικὸν
2331 633 2490 712 ὄγκον
2533 635 2881 706 αὐξάνουσιν,
2913 635 3000 689 καὶ
3052 634 3190 709 πρὸς
3243 635 3421 710 βραχὺ
3470 637 3561 691 τὸν
3623 639 3724 713 φά-

2073 745 2247 800 ρυγγα
2301 723 2719 801 γλυκαίνουσαν,
2779 724 2867 778 καὶ
2923 727 3111 786 θᾶττον
3167 723 3583 798 ἀπολλυμένην,
3635 730 3722 782 καὶ

2073 815 2390 889 φθίνουσαν,
2450 817 2517 882 ἣν
2571 821 2644 888 γῆ
2701 813 2791 868 καὶ
2849 812 3089 868 Θάλασσα
3147 813 3318 890 φέρει,
3367 816 3456 869 καὶ
3516 815 3727 880 κόλπος

2073 903 2290 978 ἱέρειος,
2344 904 2434 958 καὶ
2491 904 2740 976 ποταμὸς
2793 903 3127 978 ἱχθυοφόρος
3179 903 3267 956 καὶ
3320 903 3649 980 βαθύρῥους,
3701 907 3729 960 ὁ

2071 993 2419 1068 περικυκλῶν
2451 995 2538 1048 καὶ
2572 997 2858 1068 περιηχῶν
2908 997 3024 1053 τοῖς
3071 990 3420 1066 πελαγίζουσι
3478 993 3734 1067 νειλῴοις

2073 1083 2466 1156 ἁμιλλώμενος
2499 1083 2760 1158 χεύμασι.
2794 1085 2994 1156 Τεῖχος
3028 1081 3383 1158 ὀχυρώτατον
3413 1079 3732 1157 προϐέϐλη-

2073 1194 2183 1241 σαι,
2218 1174 2280 1228 οὐ
2343 1173 2527 1249 ῥυτοῖς
2584 1193 2642 1228 τε
2699 1173 2784 1227 καὶ
2847 1175 3052 1245 ξεστοῖς
3102 1168 3500 1246 ἑξειλεγμίνοις
3558 1172 3735 1238 λίθοις

2071 1261 2537 1339 ἡρμολογημένον
2569 1283 2627 1318 τε
2655 1263 2746 1318 καὶ
2801 1259 3198 1335 δεδομημένον,
3231 1260 3320 1316 καὶ
3369 1269 3733 1339 προμαχῶσι,

2071 1354 2163 1409 καὶ
2205 1354 2457 1430 πύργοις,
2490 1353 2580 1408 καὶ
2629 1352 2914 1423 ἐπάλξεσιν
2964 1351 3375 1429 ἐρηρεισμινον,
3410 1355 3526 1408 οἷον
3574 1353 3735 1429 ἲρκος

2073 1443 2526 1520 σιδήρεον,ἆλλὰ
2577 1447 2646 1518 τῇ
2707 1447 2774 1518 σῇ
2830 1464 2890 1498 τε
2945 1443 3034 1498 καὶ
3086 1447 3192 1498 τῶν
3241 1447 3348 1497 σῶν
3385 1444 3737 1516 συναθλητῶν

2072 1533 2537 1609 τεθεμελιωμὲνον
2570 1534 2834 1610 ἁγιστείᾳ,
2858 1533 2950 1588 καὶ
2973 1538 3095 1595 ταῖς
3128 1533 3413 1610 ὑμετέραις
3441 1534 3577 1610 πρὸς
3601 1535 3730 1589 Θεὸν

2074 1623 2462 1700 εὐπροσώποις
2490 1624 2916 1698 πεπυργωμένον
2969 1621 3253 1694 ἐντεύξεσι,
3287 1626 3392 1698 πῦρ
3436 1623 3725 1698 οὐρανόθεν

2071 1713 2460 1790 καταγούσαις,
2492 1712 3007 1788 πεντηκοντάρχους
3034 1733 3092 1767 τε
3148 1711 3238 1766 καὶ
3291 1712 3713 1786 ὶκατοντάρχους

2070 1802 2162 1858 καὶ
2220 1802 2560 1878 χιλιάρχους
2616 1801 2891 1863 ἀντιθέους
2950 1799 3044 1855 σὺν
3100 1804 3218 1864 τοῖς
3253 1798 3431 1854 αὐτῶν
3467 1794 3715 1875 βαρϐαρι-

314 1887 454 1955 rios,
480 1888 635 1944 890
665 1892 724 1943 et
743 1887 1139 1960 centuriones,
1173 1904 1239 1943 ac
1270 1887 1633 1944 millenarios
1664 1904 1799 1944 cum
1829 1888 1962 1944 bar-

2090 1897 2192 1954 ιοῖς
2272 1891 2662 1947 καταναλίσκον
2739 1889 3123 1965 στρατεύμασι.
3187 1889 3371 1960 Λιμὴν
3443 1889 3727 1962 πρόκεισαι

311 1977 527 2034 baricis
574 1977 811 2034 illorum
871 1977 1224 2034 exercitibus
1297 1977 1632 2033 absumant.
1679 1977 1970 2034 Salutaris

310 2071 518 2138 portus
578 2066 916 2138 propositus
949 2083 1040 2134 es,
1089 2066 1423 2138 suscipiens
1455 2083 1555 2123 eos
1601 2068 1702 2138 qui
1743 2083 1813 2122 ex
1840 2068 1969 2123 vita:

314 2157 494 2228 hujus
517 2159 870 2228 tempestate
897 2157 966 2212 ad
992 2160 1226 2229 portum
1250 2157 1522 2225 tendunt,
1550 2164 1607 2212 et
1627 2162 1862 2230 pratum
1876 2176 1970 2213 ra-

315 2246 534 2304 tionale
564 2246 720 2317 quod
753 2246 1128 2318 omnigenam
1144 2247 1657 2317 circumjecentem
1677 2248 1974 2303 temerita-

324 2341 470 2406 tem,
496 2339 778 2408 tanquam
793 2336 998 2392 hortus
1039 2336 1138 2393 ille
1169 2337 1269 2409 qui
1302 2346 1423 2393 erat
1453 2338 1512 2392 in
1543 2338 1724 2410 Eden,
1758 2342 1973 2394 arceat.

329 2429 395 2484 In
425 2426 535 2482 hac
561 2429 730 2482 tuum
779 2425 1223 2482 sanctissimum
1255 2427 1544 2498 templum
1578 2431 1833 2482 erectum
1865 2431 1975 2496 est,

333 2516 486 2588 quod
511 2532 685 2572 omne
717 2515 1005 2588 singulari
1036 2517 1399 2589 benignitate
1429 2516 1702 2573 fidelibus
1733 2517 1976 2590 refrige-

333 2605 486 2660 rium
537 2608 796 2676 praestat,
843 2621 910 2660 ac
961 2604 1322 2678 quibuslibet
1371 2606 1622 2678 spiritus
1681 2606 1976 2663 alimentis

333 2695 660 2766 oppositam
696 2711 962 2751 mensam
994 2695 1364 2767 implet,qute
1397 2695 1624 2752 animas
1647 2697 1844 2766 satiat,
1877 2702 1979 2752 ﬂo-

332 2799 459 2840 rere
490 2783 812 2856 compellit,
835 2789 1012 2856 atque
1042 2785 1446 2856 incorruptam
1469 2786 1653 2841 vitam
1671 2784 1977 2857 elargitur.

325 2878 474 2944 Ergo
506 2873 663 2930 sicut
697 2874 942 2930 Parisiis
973 2874 1168 2930 divino
1201 2879 1256 2930 et
1307 2874 1526 2930 caelesti
1571 2880 1747 2947 atque
1803 2874 1979 2947 spiri-

329 2963 474 3018 tuali
509 2963 680 3019 altari
703 2964 1008 3032 insistens,
1040 2963 1192 3020 inter
1240 2980 1339 3019 eos
1364 2964 1465 3035 qui
1496 2969 1689 3020 tecum
1723 2963 1982 3021 coronati

331 3059 472 3110 sunt
502 3054 734 3110 medius
772 3055 1095 3126 benignum
1143 3053 1370 3128 Jesum,
1433 3054 1701 3111 universo
1763 3057 1984 3112 mundo

336 3143 655 3216 propitium
689 3144 962 3210 reddens,
996 3159 1166 3213 quem
1200 3143 1475 3214 dilexisti,
1508 3161 1683 3215 quem
1707 3146 1984 3216 praedica-

335 3233 543 3304 sti,per
581 3249 755 3300 quem
788 3233 978 3306 capite
1003 3237 1315 3289 truncatus
1336 3250 1608 3290 coronam
1635 3235 1810 3306 digne
1832 3241 1988 3291 retu-

334 3323 478 3391 listi,
511 3340 668 3379 nunc
699 3340 797 3379 eos
831 3324 929 3395 qui
964 3325 1022 3378 in
1056 3339 1286 3380 sacram
1319 3340 1386 3379 ac
1411 3326 1803 3381 venerandam
1835 3327 1986 3382 hanc

336 3419 496 3470 tuam
529 3413 926 3471 celebritatem
951 3421 1008 3470 et
1028 3414 1460 3487 optatissimam
1478 3415 1822 3472 memoriam
1845 3416 1987 3473 cele-

335 3504 470 3560 bres
502 3509 824 3560 conventus
855 3509 1059 3576 agunt,
1120 3504 1452 3576 laudantes,
1513 3522 1580 3561 ac
1638 3507 1984 3578 martyrium

337 3593 578 3665 praemio
609 3593 1028 3665 dignissimum
1064 3595 1731 3668 honorantes,aspicere,
1767 3597 1987 3668 ample-

337 3682 488 3752 xari,
519 3686 697 3753 atque
727 3683 801 3738 iis
829 3683 980 3740 bene
1037 3684 1283 3756 precari,
1317 3702 1382 3740 ac
1438 3685 1761 3756 benignum
1821 3687 1992 3740 Deum

342 3771 662 3843 propitium
696 3772 1024 3842 reddere,et
1055 3775 1330 3846 precibus
1362 3773 1716 3845 compellare
1749 3773 1914 3843 velis,
1937 3779 1992 3829 te

345 3862 598 3918 maxime
628 3877 692 3917 ac
727 3861 1093 3919 divinissime
1123 3863 1692 3935 praesul,martyrum
1715 3862 1992 3918 illustris-

344 3951 902 4019 sime,obsecramus
932 3956 998 4008 ut
1028 3969 1061 4008 a
1092 3951 1366 4007 molestia
1395 3951 1546 4016 vitae,
1583 3968 1711 4022 quia
1743 3968 1850 4007 nos
1880 3953 1994 4008 cir-

347 4039 886 4110 cumstat,liberare
909 4040 1311 4112 ;tyrannidem
1347 4054 1477 4109 quae
1500 4054 1606 4094 nos
1627 4038 1998 4111 ingrassatur

346 4128 598 4199 tollere;
653 4145 962 4185 maerorem
996 4145 1112 4201 quo
1168 4127 1344 4182 obsiti
1407 4143 1611 4183 sumus
1670 4127 1996 4199 repellere;

345 4219 839 4292 tranquillitatem
858 4236 924 4276 ac
950 4217 1302 4290 profundam
1328 4217 1673 4288 requietem,
1706 4222 1761 4272 et
1778 4221 1998 4273 statum

351 4311 791 4382 perturbatione
813 4325 1065 4365 vacuum
1081 4305 1361 4362 Ecclesiis
1392 4306 1682 4378 impertiri
1706 4307 1998 4379 dignetur,

357 4413 420 4460 ut
452 4419 591 4476 paco
616 4401 960 4467 constituta,
995 4403 1050 4455 et
1082 4414 1202 4454 una
1224 4395 1430 4452 divinae
1459 4395 1756 4468 religionis
1774 4415 2006 4456 concor-

355 4494 534 4565 dia,et
565 4493 813 4566 puritate
830 4489 1061 4546 consilii
1084 4487 1448 4557 dominante,
1470 4502 1644 4542 verus
1667 4491 2006 4547 etsummus

355 4585 452 4641 ille
487 4591 709 4659 pastor,
744 4588 801 4639 et
830 4583 1106 4656 princeps
1134 4581 1295 4653 pacis
1328 4580 1597 4636 Christus
1630 4580 1701 4634 ab
1731 4581 2006 4639 omnibus

2080 1984 2374 2056 σωτήριος,
2408 1981 2536 2044 τοὺς
2568 1981 2626 2036 ἐκ
2661 1982 2925 2056 βιωτικῆς
2966 1978 3516 2055 προσορμιζομὲνους
3571 1975 3740 2046 ζάλης

2084 2069 2513 2147 ὑποδεχόμενος,
2563 2071 2652 2126 καὶ
2703 2068 2964 2124 παντοίαν
3015 2068 3402 2144 περιστατικὴν
3464 2065 3739 2139 ἀπείργων

2081 2161 2426 2236 περιπέτειαν
2459 2181 2472 2196 ο
2534 2158 2743 2234 λειμὼν
2789 2159 3006 2229 νοητὸς.
3041 2159 3116 2222 ὡς
3170 2159 3198 2212 ὁ
3257 2155 3307 2211 ἰν
3345 2153 3514 2228 Ἑδὶμ
3570 2152 3742 2228 ποιρᾶ-

2086 2251 2286 2320 δεισος,
2317 2252 2406 2305 καὶ
2462 2251 2524 2306 τὸ
2583 2250 2674 2304 σὸν
2733 2248 3026 2324 ἱερώτατον
3085 2243 3168 2302 ἐπ’
3224 2243 3358 2320 αὐτῇ
3415 2243 3743 2322 πεφύτευται

2083 2341 2310 2414 τέμενος
2348 2345 2520 2394 πᾶσαν
2573 2335 2664 2393 διὰ
2709 2343 2812 2406 τῆς
2861 2335 3072 2391 ἐνοίκου
3123 2333 3352 2410 χάριτος
3381 2338 3501 2398 τοῖς
3529 2338 3747 2395 πιστοῖς

2086 2429 2448 2506 ψυχαγωγίαν
2510 2427 2914 2504 παρεχόμενον,
2943 2424 3033 2481 καὶ
3078 2421 3453 2486 παντοδαπαῖς
3509 2443 3752 2496 πνευμα-

2086 2526 2264 2582 τικαῖς
2315 2515 2547 2581 ἐδωδαῖς
2593 2515 2910 2587 πλήθουσαν
2970 2515 3399 2590 παρατιθέμενον
3456 2513 3751 2587 τρὰἰπεζαν,

2090 2610 2271 2685 ψυχὰς
2300 2610 2586 2680 ἓστιῶσαν,
2604 2607 2694 2661 καὶ
2717 2604 2940 2662 θάλλειν
2968 2609 3255 2671 ποιοῦσαν,
3275 2603 3364 2658 καὶ
3395 2605 3539 2673 ζωὴν
3562 2602 3754 2676 προξε-

2089 2705 2279 2755 νοῦσαν
2323 2699 2422 2766 τὴν
2474 2695 2766 2775 ἄφθαρτον.
2800 2696 2890 2757 Ὠς
2945 2693 3038 2749 οὖν
3085 2692 3138 2748 ἰν
3199 2693 3430 2768 Παρισίᾳ
3484 2697 3565 2765 τῷ
3623 2692 3754 2763 θείῳ

2090 2792 2179 2846 καὶ
2213 2786 2545 2862 ἐπουρανίῳ,
2579 2786 2670 2841 καὶ
2700 2789 2875 2860 νοερῷ
2923 2784 3294 2858 θυσιαστηρίῳ
3341 2783 3750 2858 παριστάμενος

2089 2885 2196 2936 τῶν
2247 2883 2353 2933 σῶν
2402 2879 2799 2951 συστεφανιτῶν
2861 2873 3219 2948 μισούμενος,
3251 2873 3344 2928 τὸν
3403 2870 3752 2945 εὐμείλικτον

2096 2972 2225 3043 ὑπὲρ
2257 2972 2353 3022 τοῦ
2381 2966 2594 3039 κόσμου
2625 2964 2824 3026 παντὸς
2875 2957 3362 3037 ἰκμειλισσόμενος
3390 2965 3628 3034 Ἰησοῦν,
3658 2963 3750 3016 τὸν

2095 3058 2354 3129 ἀληθινὸν
2406 3056 2557 3128 Θεὸν,
2591 3054 2682 3110 καὶ
2723 3053 3013 3130 ἱεράρχην,
3061 3054 3151 3108 καὶ
3195 3049 3615 3130 πεφανοὸότην,
3662 3051 3753 3106 καὶ

2095 3149 2272 3218 πάσης
2295 3143 2464 3202 αἷίτιόν
2495 3165 2555 3201 τε
2573 3145 2664 3199 καὶ
2687 3144 2935 3219 πάροχον
2960 3141 3340 3217 ἀγαθωσύνης,
3358 3142 3417 3197 ὃν
3436 3141 3752 3217 ἠγάπηκας,

2095 3240 2156 3294 ὃν
2187 3233 2522 3310 κεκήρυχας,
2557 3231 2626 3289 δι’
2658 3234 2716 3288 ὃν
2748 3233 2955 3308 αὐχινα
2984 3231 3216 3305 τμηθεὶς
3245 3231 3409 3302 ἀξίως
3450 3231 3511 3286 τὸ
3563 3229 3756 3308 στέφος

2098 3326 2432 3403 ἀπείληφας,
2464 3322 2592 3388 τοὺς
2619 3327 2712 3378 νῦν
2745 3321 3244 3397 συναγηγερμὲνους
3275 3318 3353 3382 εἲς
3398 3319 3599 3388 ταύτην
3660 3338 3757 3372 σου

2095 3420 2194 3488 την
2253 3415 2399 3492 ἱερὰν
2455 3415 2543 3469 καὶ
2605 3413 2806 3481 σεπτὴν
2860 3413 3189 3487 πανήγυριν,
3223 3411 3312 3465 καὶ
3371 3411 3470 3478 τὴν
3528 3409 3760 3479 πανερά-

2099 3507 2258 3579 σμιόν
2294 3527 2388 3560 σου
2425 3505 2648 3578 μνήμην
2683 3503 3045 3578 ὲορταστικῶς
3097 3497 3475 3569 ἐκτελοῦντας,
3510 3497 3602 3553 καὶ
3659 3497 3760 3563 τήν

2101 3596 2478 3671 ἀξιογὲραστον
2542 3590 2841 3666 ὑμνοῦντάς
2879 3611 2939 3645 τε
2994 3589 3083 3645 καὶ
3144 3592 3422 3663 τιμῶντας
3498 3584 3762 3656 ἄθλησιν,

2102 3684 2451 3754 ὲποπτεύυις,
2505 3682 2594 3738 καὶ
2655 3679 2959 3756 περιέποις,
3005 3679 3095 3734 καὶ
3157 3675 3472 3752 εὐλογοίης,
3529 3677 3620 3731 τὸν
3675 3672 3762 3728 οῗ-

2101 3774 2371 3850 κτίρμονα
2401 3773 2528 3828 Θεὸν
2570 3769 2950 3843 ἐξιλεούμενος
2997 3769 3086 3824 καὶ
3134 3761 3470 3842 πρεσϐεύων,
3503 3767 3762 3840 ἀρχιερεῦ

2103 3864 2342 3917 θειότατε
2425 3860 2514 3916 καὶ
2606 3859 2896 3935 μαρτύρων
2979 3855 3418 3935 περιφανὲστατε,
3472 3856 3573 3923 τὴν
3665 3853 3765 3925 μὲν

2103 3957 2203 4017 τῆς
2279 3948 2804 4025 ποριστοιχιζούσης
2880 3947 2998 4022 βίας
3081 3946 3373 4020 ἐπάχθειαν
3434 3944 3764 4012 ἀποστῆσαι,

2106 4043 2196 4097 καὶ
2252 4042 2350 4110 τὴν
2411 4041 2528 4094 καθ’
2556 4042 2718 4112 ἡμῶν
2758 4036 3050 4112 τυραννίδα
3096 4039 3458 4103 καταπαῦσαι,
3497 4033 3604 4088 ’καὶ
3661 4033 3766 4100 τὴν

2108 4129 2519 4206 ἐπαχλύζουσαν
2583 4128 2849 4201 ἐπαμῦναι
2897 4128 3227 4204 κατήφειαν·
3261 4123 3507 4196 γαλήνην
3568 4119 3627 4176 δὲ
3676 4119 3771 4175 καὶ

2115 4222 2333 4296 βαθεῖαν
2397 4219 2681 4292 ἀταραξίαν
2753 4223 2870 4280 ταῖς
2953 4213 3271 4286 ἐκκλησίαις
3358 4206 3771 4288 ἐπιϐραϐεῦσαι,

2075 4310 2391 4384 εἰρηναίαν
2441 4309 2784 4378 κατάστασιν,
2821 4309 2994 4375 ὅπως,
3044 4305 3270 4379 εἰρήνης
3333 4297 3776 4379 βραϐευομὲνης,

2112 4400 2202 4454 καὶ
2240 4404 2366 4474 μιᾶς
2402 4397 2544 4462 θείου
2578 4395 2854 4472 δόγματος
2886 4394 3198 4469 συμφωνίας
3224 4393 3315 4448 καὶ
3348 4391 3606 4466 ὁμονοίας
3637 4411 3780 4464 κρα-

2115 4490 2341 4560 τούσης,
2374 4489 2400 4544 ὁ
2435 4484 2600 4549 ὄντως
2633 4485 2978 4562 ἀρχιποιμὴν
3008 4483 3097 4540 καὶ
3152 4483 3490 4558 εἷρηνάρχης
3537 4479 3780 4556 Χριστὸς

2116 4577 2265 4651 παρὰ
2311 4575 2516 4632 πάντων
2567 4575 2890 4652 ὁμοφρόνως
2944 4571 3246 4646 ὃοξάζοιτο,
3302 4573 3347 4645 ᾧ
3395 4570 3587 4646 πρὲπει
3635 4572 3785 4627 πᾶσα

353 4656 715 4733 unanimiter
744 4673 1312 4746 gloriﬁcetur.Quem
1349 4671 1514 4725 decet
1543 4670 1931 4743 omnisgloria
1952 4689 1980 4729 e

2121 4666 2271 4738 δόξα,
2330 4667 2419 4721 καὶ
2476 4666 2636 4739 τιμὴ,
2667 4663 2757 4720 καὶ
2815 4662 3012 4740 κράτος
3057 4661 3147 4717 σὺν
3201 4665 3281 4733 τῷ
3332 4660 3558 4736 ἀνάρχῳ
3617 4656 3789 4712 αὐτοῦ

351 4770 562 4836 honor,
596 4766 913 4838 imperium
973 4779 1105 4818 cum
1155 4763 1284 4832 ejus
1346 4763 1540 4824 Patre,
1585 4759 1680 4831 qui
1718 4760 2006 4835 principio

353 4862 533 4927 caret,
563 4855 829 4926 ejusdem
854 4849 1224 4915 substantiae,
1258 4851 1314 4904 et
1355 4847 1576 4918 Spiritu
1607 4855 1810 4907 sancto
1842 4852 2006 4908 beni—

354 4965 490 5020 gno,
524 4945 772 5017 vitaeque
801 4943 1025 5011 datore,
1058 4955 1215 4995 nunc
1266 4942 1323 4993 et
1355 4945 1669 5009 semper,et
1696 4942 1752 4997 in
1798 4958 2006 5015 perpe-

351 5044 488 5096 tuas
512 5035 866 5093 smculorum
892 5029 1270 5087 aeternitates.
1295 5029 1503 5086 Amen.

2117 4757 2205 4812 καὶ
2241 4754 2526 4829 ὁμοουσίῳ
2572 4755 2886 4828 Γεννήτορι,
2914 4753 3005 4807 καὶ
3063 4754 3140 4822 τῷ
3194 4749 3448 4823 παναγίῳ
3498 4747 3586 4802 καὶ⁵
3646 4747 3789 4821 ἀγα-

2120 4850 2216 4919 Οῷ,
2281 4848 2370 4902 καὶ
2431 4851 2686 4918 ζωοποιῷ
2743 4845 2906 4899 αὐτοῦ
2983 4842 3280 4916 Ιινεύματι,
3339 4844 3432 4895 νῦν
3505 4839 3595 4894 καὶ
3675 4836 3788 4910 ἀεῖ,

2123 4939 2210 4992 καὶ
2248 4937 2324 5000 εἷς
2345 4937 2472 5002 τοὺς
2505 4936 2836 5010 ἀπεράντους
2860 4933 3060 4996 αἷῶνας
3092 4936 3199 4988 τῶν
3235 4931 3469 4986 αἰώνων.
3504 4928 3712 5000 Ἀμήν.
