4106 6402
371 448 480 507 669

383 585 914 594 —-——-———-——-.——-——_—.
921 585 962 593 _.

1447 449 1906 519 MARTYRIUH,
1947 448 2284 506 ΔΠσΙὉΒΕ
2319 449 2722 505 METEODIO.

3691 451 3802 505 670

1283 756 2874 931 ΜΑΡΤΥΡΙΟΝ

663 1057 912 1154 ΤΟΥ
993 1055 1376 1155 ΑΓΙΟΥ
1457 1055 2148 1153 ΔΙΟΝΥΣΙΟΥ
2227 1055 2476 1152 ΤΟΥ
2553 1055 3508 1154 ΑΡΕΙΟΠΑΓΙΤΟΥ

1443 1256 1590 1311 Κατὰ
1621 1253 1914 1327 Μεθόδιον,
1947 1256 1982 1326 ἢ
2025 1255 2100 1318 ὡς
2132 1252 2325 1326 ἄλλοι,
2358 1253 2758 1333 Μητρόδωρον.

1469 1586 2697 1754 MABTYRIUM

845 1874 1310 1970 BEATI
1437 1874 2128 1970 DIONYSII
2254 1874 3305 1970 AREOPAGIT/E

1323 2069 1590 2130 Auctore
1621 2067 1976 2140 Methodio,
2009 2067 2110 2129 vel
2140 2071 2213 2129 ut
2239 2067 2371 2143 alii,
2442 2067 2827 2130 Metrodoro.

356 2220 550 2276 Petrus
605 2219 948 2290 Lar-melius,
1003 2219 1462 2294 Gravelinganus,
1513 2220 1797 2278 Societatis
1843 2219 1970 2348 {esu
2023 2219 2374 2349 ρςῆεὺρίιθνει
2390 2219 2909 2292 interpretationem
2955 2216 3144 2276 erco
3199 2217 3442 2274 sermoni
3490 2217 3781 2289 adoptavit

1769 2307 1841 2349 no
1869 2306 2071 2349 uouet
2123 2306 2188 2347 us
2213 2307 2332 2348 ram

1769 2306 2025 2364 natisque
2053 2306 2332 2349 muuram

432 2568 585 2625 Μιτά
646 2569 748 2637 τὴν
822 2568 1086 2646 μακαρίαν
1161 2570 1253 2625 καὶ
1315 2568 1670 2642 ἄνδοξοτὰτην
1730 2569 2016 2625 ἀνάστασιν

2199 2572 2548 2628 891-814
2581 2571 2720 2628 Post
2754 2571 2984 2628 beatam
3030 2569 3642 2644 gloriosissimamque
3674 2571 3788 2625 Do-

358 2660 456 2710 τοῦ
485 2655 686 2733 Κυρίου
712 2657 802 2712 καὶ
827 2661 963 2712 Θεοῦ
1010 2661 1172 2731 ἡμῶν
1225 2660 1407 2729 Ἰησοῦ
1453 2664 1714 2735 Χριστοῦ,
1774 2661 1864 2714 καὶ
1919 2661 2020 2728 τήν

355 2750 454 2800 τοῦ
515 2743 784 2817 ἀληθινοῦ
843 2751 976 2802 Θεοῦ
1034 2745 1292 2824 ἀνδρικοῦ
1331 2749 1498 2805 αὐτοῦ
1557 2753 1686 2805 ναοῦ
1743 2748 1848 2804 ὑπὸ
1880 2751 2017 2805 Ἰουσ

358 2831 554 2904 δαϊκῆς
605 2834 968 2912 παρανομίας,
1029 2838 1104 2900 ὡς
1160 2837 1319 2892 αὐτὸς
1375 2837 1513 2906 εἷπε,
1545 2834 1813 2910 διάλυσιν,
1837 2839 2018 2902 καθὼς

353 2927 424 2996 τῇ
467 2923 660 2978 ἑαυτοῦ
719 2925 834 2998 θείᾳ
890 2924 1101 3000 ἐξουσίᾳ
1146 2929 1448 3002 τριήμερος
1505 2927 1565 2983 εκ
1619 2932 1828 3003 νεκρῶν
1885 2925 2016 3003 ἐγή-

353 3031 559 3090 γερται*
623 3011 700 3069 ἔτι
755 3012 812 3069 δὲ
868 3017 956 3070 καὶ
1023 3016 1156 3089 μετά
1212 3018 1314 3086 τὴν
1367 3016 1427 3072 ἐκ
1475 3023 1577 3086 τῆς
1624 3017 1899 3090 ἡμετέρας
1927 3036 2017 3072 τα-

355 3103 668 3165 πεινώσεως
719 3103 894 3178 ἑαυτῷ
950 3113 1086 3160 κατὰ
1143 3105 1315 3182 σάρκα
1373 3106 1622 3183 ὑπεράνω
1675 3107 1856 3177 πάσης
1915 3107 2016 3162 οὐ·-

354 3191 542 3268 ρανίου
600 3198 895 3270 στρατιᾶς,
950 3194 1040 3249 καὶ
1093 3193 1272 3250 ἐπάνω
1329 3194 1511 3266 πάσης
1570 3193 1869 3272 ἀγγελικῆς
1916 3196 2016 3251 τά·

357 3283 490 3354 ξεως
518 3281 729 3358 ίίψωσιν
771 3283 860 3338 καὶ
920 3277 1200 3354 ἀνάϐασιν,
1261 3285 1378 3348 καθ’
1430 3285 1498 3354 ἦν
1529 3289 1609 3357 τῷ
1637 3289 1753 3357 Θεῴ
1783 3285 1872 3341 καὶ
1905 3291 2014 3340 Πα-

353 3370 442 3447 τρὶ
501 3371 688 3427 ἑαυτὸν
749 3367 875 3445 ἰδίῳ
933 3370 1206 3447 θελήματι
1258 3375 1600 3450 προσήνεγκε
1634 3393 1647 3408 ο
1727 3375 1863 3448 μετὰ
1911 3374 2014 3444 τήν

358 3462 478 3536 μεθ’
532 3463 742 3536 ἡμέρας
793 3463 837 3518 ν’
890 3461 981 3518 διά
1036 3470 1136 3534 τῆς
1193 3464 1352 3540 ἁγίας
1408 3463 1574 3520 αὐτοῦ
1603 3463 1928 3538 ἀναλήψεως
1959 3464 2012 3520 ἰν

354 3555 474 3613 τοῖς
503 3552 682 3627 ἁγίοις
709 3551 1041 3616 ἀποστόλοις
1070 3556 1168 3608 τοῦ
1195 3555 1357 3630 ἁγίου
1388 3553 1553 3608 αὐτοῦ
1584 3551 1901 3628 ΙΙνεύματος
1933 3549 2016 3609 ἕκ-

359 3659 542 3716 χυσιν,
575 3642 695 3696 καθ’
723 3642 786 3711 ἣν
817 3640 1060 3713 ἐξουσίαν
1091 3640 1351 3721 εἰλήφασι
1384 3640 1542 3712 δῆσαι
1574 3645 1664 3698 καὶ
1697 3641 1854 3699 λῦσαι
1877 3646 2014 3718 (54),

357 3730 450 3784 καὶ
505 3733 626 3793 ταῖς
681 3730 854 3806 ἁγίαις
931 3729 1097 3787 αὐτοῦ
1173 3730 1488 3804 ἰκκλησίαις
1526 3733 1820 3810 -ἄρχοντας
1876 3753 2016 3808 προ-

359 3815 550 3894 ἇδρους
607 3822 1040 3897 προστήσασθαι,
1098 3822 1276 3885 καθὼς
1328 3823 1606 3896 προώρισε
1658 3823 1764 3899 πρὸ
1793 3827 1890 3878 τοῦ
1919 3824 2011 3878 τὸν

2130 2660 2275 2717 mini
2322 2676 2390 2717 ac
2430 2661 2532 2718 Dei
2572 2659 2761 2717 nostri
2809 2660 2952 2718 Jesu
2998 2659 3218 2717 Christi
3270 2657 3785 2728 resurrectionem,

2125 2750 2364 2822 verique
2418 2750 2609 2822 ipsius
2665 2749 2894 2822 templi,
2955 2749 3295 2806 Judasorum
3353 2747 3593 2819 scelere,
3659 2746 3788 2818 ipse

2127 2839 2496 2912 praedixerat,
2554 2845 2929 2911 procuratum
2973 2837 3446 2904 dissolutionem,
3506 2836 3786 2908 quemad-

2127 2930 2370 2985 modum
2419 2928 2618 2984 divina
2648 2945 2758 2985 sua
2787 2927 3074 3001 potesiate
3113 2927 3289 2985 tertio
3321 2927 3414 2982 die
3452 2943 3486 2982 a
3533 2924 3785 2983 mortuis

2126 3017 2412 3074 excitatus
2443 3022 2564 3074 est:
2599 3023 2733 3090 post
2760 3017 3075 3075 elationem
3109 3033 3178 3074 ex
3209 3020 3414 3073 nostra
3449 3014 3786 3072 humilitate

2127 3124 2306 3181 quam
2340 3107 2454 3164 sibi
2503 3124 2678 3164 carne
2710 3111 3135 3180 assumpserat,
3166 3111 3226 3164 et
3255 3121 3568 3163 ascensum
3607 3120 3788 3176 super

2126 3213 2364 3254 omnem
2395 3196 2692 3254 caelestem
2725 3197 3070 3266 exercitum,
3091 3211 3412 3268 omnesque
3443 3192 3786 3267 angelorum

2124 3287 2382 3358 ordines,
2435 3303 2554 3358 quo
2584 3287 2702 3343 Deo
2734 3290 2792 3344 et
2821 3287 2978 3343 Patri
3016 3301 3078 3342 se
3109 3287 3308 3358 ipsum
3349 3301 3460 3341 sua
3485 3281 3788 3340 voluntate

2126 3375 2379 3434 obtulit:
2429 3379 2565 3448 post
2610 3376 2800 3432 sancti
2829 3376 2959 3446 ejus
2990 3375 3247 3448 Spiritus
3277 3375 3338 3431 in
3380 3377 3617 3430 sanctos
3644 3387 3789 3443 apo-

2125 3466 2309 3524 stolos
2339 3467 2685 3524 effusionem
2717 3467 2871 3540 (quas
2905 3471 3039 3538 post
3067 3465 3498 3539 quinquaginta
3526 3463 3653 3519 dies
3685 3476 3789 3533 per

2125 3561 2392 3614 sanctam
2409 3559 2540 3629 ejus
2557 3557 3025 3629 assumptionem
3038 3556 3250 3613 collata
3268 3558 3397 3627 fuit)
3421 3571 3540 3626 qua
3567 3550 3789 3624 ligandi

2127 3652 2302 3718 atque
2346 3646 2611 3704 solvendi
2640 3651 2998 3718 acceperunt
3024 3649 3400 3718 potestatem,
3445 3641 3789 3712 sanctisque

2125 3738 2256 3808 ejus
2283 3735 2550 3793 ecclesiis
2581 3735 2876 3808 principes
2908 3734 3286 3807 praeﬁciendi,
3320 3733 3493 3791 sicuti
3525 3735 3661 3788 ante
3690 3747 3782 3787 or-

2124 3828 2257 3883 bem
2291 3826 2599 3882 conditum
2631 3824 3058 3892 constituerat;
3091 3841 3245 3881 anno
3277 3827 3480 3881 octavo
3510 3827 3568 3878 et
3593 3820 3786 3878 octin-

353 3909 565 3982 κόσμον
621 3909 886 4012 γενέσθαι·
954 3909 1087 3983 μετά
1115 3909 1339 3986 καιροὺς
1371 3917 1474 3980 τῆς
1503 3912 1761 3988 γενέσεως
1793 3911 2012 3975 πόλεως

2125 3915 2446 3988 gentesimo
2477 3918 2612 3986 post
2628 3918 2826 3970 natam
2861 3912 3283 3980 Romam,cum
3305 3913 3622 3985 imperium
3645 3911 3786 3968 ade-

353 3997 576 4070 Ῥώμης
629 3997 680 4053 ἐν
742 3993 846 4053 ἔτει
906 3995 1263 4074 ὀγδοηκοστῷ
1321 3997 1504 4075 ὀγδόῳ
1561 4003 1696 4074 (55),
1751 3996 2016 4056 ἐπιλαϐο-

355 4086 524 4159 μὲνου
580 4087 679 4157 τήν
713 4086 894 4164 ἀρχὴν
956 4089 1206 4165 Νέρωνος
1249 4088 1536 4166 Καίσαρος,
1567 4089 1820 4164 πεμπτου
1849 4091 2016 4146 αὐτοῦ

354 4170 510 4238 ὄντος
567 4175 674 4231 ἀπὸ
733 4175 1067 4251 Αὐγούστου,
1129 4178 1157 4232 ὁ
1208 4177 1473 4254 μακάριος
1505 4179 2017 4254 Πίτροςὸἀπόστοο

356 4264 452 4327 λος
508 4264 642 4338 μετά
689 4265 778 4320 καὶ
836 4269 942 4320 τῶν
992 4266 1190 4342 ἑτέρων
1244 4265 1568 4322 ἀποστόλων
1625 4267 2017 4333 ἀποσταλέντες

355 4353 582 4428 κηρύξαι
782 4354 844 4410 τὸ
900 4355 1234 4432 Εὐαγγέλιον
1279 4358 1423 4431 πάσῃ
1451 4361 1519 4431 τῇ
1575 4357 1894 4433 οἶ¹κουμὲνῃ,
1928 4357 2018 4413 ut.

354 4443 443 4505 τὸς
499 4445 614 4518 μιθ’
678 4443 837 4499 ἱκανὰ
889 4441 981 4516 ἔτη
1031 4448 1129 4500 τοῦ
1162 4445 1326 4500 αὐτοῦ
1357 4447 1710 4522 κηρύγματος
1736 4449 1834 4518 τήν
1872 4449 2016 4522 ὀψη-

355 4531 590 4604 λοτάτην
668 4533 954 4607 Ῥωμαίων
1035 4531 1425 4608 βασιλεύουσαν
1498 4536 1720 4610 Ῥώμην
1776 4535 2016 4591 καταλα-

353 4617 482 4692 ϐὼν,
533 4623 749 4678 κάκεῖσε
778 4623 1007 4699 κηρύξαι
1067 4622 1353 4700 οὐρανόθεν
1387 4623 1762 4696 ἐνεπιστεύοη,
1791 4623 1904 4694 ἵνα,
1938 4624 2012 4688 ὡς

350 4715 648 4790 κορυφαῖος
702 4717 810 4767 τῶν
866 4711 1035 4787 ἁγίων
1094 4710 1417 4768 ἀποστόλων
1480 4713 1532 4769 ἐν
1589 4717 1657 4788 τῇ
1717 4714 1860 4786 τάξει
1912 4721 2016 4785 τῆς

351 4799 667 4872 ἀποστολῆς
723 4802 998 4879 γεγονὼς,
1058 4806 1279 4878 πρῶτος
1335 4801 1389 4857 ἰν
1445 4804 1633 4877 Ῥώμῃ
1688 4803 1903 4877 γίνηται
1961 4803 2012 4859 ἐν

349 4895 470 4952 τοῖς
530 4889 706 4966 ἀγῶσι
758 4896 1113 4966 συμμέτοχος
1171 4893 1280 4946 τῶν
1334 4895 1431 4946 τοῦ
1487 4893 1722 4967 Χριστοῦ
1753 4893 2013 4966 παθημά-

349 4997 480 5034 των’
514 4980 604 5034 καὶ
636 4977 738 5056 γάρ
770 4976 804 5049 ἡ
840 4979 1028 5052 πόλις,
1063 4980 1139 5044 ὡς
1172 4980 1439 5056 μεγάλοις
1467 4982 1805 5056 συνεχομένη
1839 4980 2014 5061 σφάλ-

356 5089 511 5141 μασι,
575 5070 818 5143 μείζοσιν
863 5066 1070 5145 ἓχρῃζε
1098 5069 1325 5143 τρόποις
1385 5066 1775 5144 διορθωθῆναι,
1803 5069 1917 5142 τίνα,
1952 5069 2014 5126 οὗ

350 5158 417 5227 ἦν
476 5160 510 5229 ἡ
566 5155 748 5230 πλάνη
809 5159 1111 5236 βαρυτάτη,
1173 5157 1288 5214 ἐκεῖ
1329 5160 1549 5236 γένηται
1607 5159 1697 5214 καὶ
1754 5163 1789 5231 ἡ
1852 5161 2015 5236 χάρις

359 5247 593 5324 μεγάλη.
652 5249 804 5318 Εἶτα,
837 5249 1019 5314 καθὼς
1079 5245 1315 5324 εἶ’ρηται,
1353 5249 1381 5303 ὁ
1410 5247 1662 5324 τύραννος
1691 5249 1781 5304 καὶ
1815 5247 2012 5320 ἀσεϐής

2128 4010 2265 4078 ptus
2294 4008 2452 4061 esset
2479 4007 2629 4059 Nero
2651 4005 2865 4071 Caesar,
2889 4002 3137 4074 quintus
3163 4001 3234 4058 ad
3257 4003 3548 4074 Augusto,
3575 4005 3786 4064 beatus

2127 4094 2277 4150 895
2330 4097 2541 4148 Petrus
2591 4091 2898 4164 apostolus
2929 4107 3063 4148 cum
3117 4090 3250 4146 aliis
3280 4092 3455 4147 etiam
3502 4095 3787 4164 apostolis

2128 4184 2372 4248 missus,
2405 4180 2506 4253 qui
2549 4180 2923 4253 Evangelium
2953 4180 3230 4236 universo
3261 4179 3389 4236 orbi
3418 4181 3783 4252 pradicaret.

2127 4271 2181 4328 Is
2213 4272 2346 4344 post
2397 4269 2617 4326 multos
2646 4286 2833 4326 annos
2874 4269 3312 4342 praedicationis
3355 4285 3478 4326 suae
3509 4285 3786 4340 suprema

2125 4361 2271 4416 urbe
2303 4361 2488 4416 Roma
2519 4363 2808 4432 occupata
2835 4363 2894 4415 et
2924 4359 3170 4425 delecta,
3203 4359 3285 4414 ibi
3317 4357 3603 4416 divinitus
3634 4377 3786 4432 prea-

2125 4450 2360 4506 dicandi
2383 4463 2604 4506 munus
2631 4448 2878 4521 accepit,
2906 4452 2973 4504 ut
3003 4447 3173 4520 quasi
3195 4451 3392 4504 vertex
3422 4455 3480 4504 et
3508 4449 3784 4521 princeps

2125 4542 2463 4596 sanctorum
2479 4538 2878 4611 apostolorum
2895 4537 2953 4592 in
2969 4537 3173 4592 ordine
3196 4537 3460 4594 muneris
3474 4538 3782 4609 apostolici

2128 4631 2336 4700 factus,
2370 4628 2601 4703 primus
2634 4628 2912 4686 Romaein
2946 4627 3370 4684 certaminibus
3418 4643 3620 4684 eorum
3653 4644 3783 4701 quis

2125 4719 2398 4776 Christus
2473 4733 2796 4791 perpessus
2867 4721 3012 4788 erat,
3091 4716 3289 4773 socius
3347 4733 3414 4773 ac
3489 4718 3785 4791 particeps

2126 4810 2312 4866 fleret.
2355 4807 2506 4865 Urbs
2537 4807 2694 4863 enim
2736 4807 2859 4874 illa,
2911 4807 3413 4878 quemadmodum
3444 4806 3505 4861 in
3553 4808 3786 4879 magnis

2125 4898 2424 4956 erroribus
2455 4896 2826 4964 versabatur,
2859 4896 2943 4952 sic
2974 4895 3298 4966 majoribus
3331 4896 3609 4952 remediis
3646 4912 3785 4968 ege-

2128 4989 2228 5043 bat
2258 4991 2322 5043 ut
2347 4986 2776 5059 corrigeretur;
2807 4989 2872 5041 ut
2903 4985 3002 5040 ubi
3033 4983 3417 5057 gravissimus
3447 4989 3573 5040 erat
3601 5001 3785 5054 error,

2125 5077 2204 5132 ibi
2238 5076 2417 5132 etiam
2451 5075 2707 5131 maxime
2729 5074 2919 5147 gratia
2949 5074 3296 5129 abundaret.
3326 5071 3548 5148 Deinde
3577 5089 3786 5145 quem-

2127 5167 2447 5222 admodum
2471 5165 2694 5221 dictum
2712 5167 2822 5229 est,
2845 5168 3134 5236 tyrannus
3165 5166 3222 5219 et
3243 5161 3466 5234 impius
3489 5163 3661 5232 Nero,
3686 5165 3789 5236 qui

2131 5273 2191 5312 se
2211 5255 2508 5327 tyrannidi
2534 5271 2651 5312 suae
2679 5257 2894 5310 terram
2919 5257 2975 5310 et
2999 5269 3159 5308 mare
3183 5253 3571 5309 subacturum
3590 5271 3792 5327 spera-

352 5322 540 5413 Νέρων
591 5337 689 5406 τὴν
735 5344 839 5412 γῆν
889 5337 978 5393 καὶ
1008 5322 1409 5408 τὴν-θάλασσον
1471 5322 1724 5411 οἰόμενος
1771 5341 2015 5395 καθυπο-

2131 5348 2240 5409 ret,
2303 5344 2499 5401 furore
2555 5342 2924 5400 crudelitatis
2984 5358 3123 5411 suae,
3188 5341 3362 5412 vique
3399 5322 3670 5397 amentiae
3730 5342 3789 5398 in

349 5428 502 5497 τάξαι
528 5431 596 5492 τῆ
629 5428 822 5482 ἑαυτοῦ
851 5423 1147 5502 τυραννίδι,
1177 5428 1312 5504 ὀργῇ
1363 5426 1625 5494 ἀπηνείας
1672 5430 1865 5484 ἑαυτοῦ
1921 5429 2012 5485 καὶ

354 5515 648 5589 ἰταμότητι
710 5517 901 5590 μανίας
957 5515 1250 5588 λυσσήσας,
1309 5517 1444 5572 κατὰ
1490 5522 1598 5571 τῶν
1656 5515 1868 5574 δούλων
1915 5523 2012 5575 τοῦ

354 5606 600 5681 Χριστοῦ
658 5605 887 5684 ὲξήφθή,
944 5605 1034 5661 καὶ
1093 5605 1143 5661 ἐν
1177 5611 1257 5680 τῷ
1308 5604 1874 5682 τεσσαρεσκαιδεκάτῳ
1906 5607 2011 5665 ἔτει

353 5700 455 5764 τῆς
488 5694 653 5750 αὐτοῦ
699 5697 1018 5769 τυραννικῆς
1067 5693 1494 5772 αὐτοκρατορίας
1520 5695 1648 5758 τοὺς
1711 5697 2012 5771 μακαρίους

359 5785 563 5859 Πιτρον
609 5782 701 5840 καὶ
763 5779 976 5840 Παῦλον
1040 5779 1213 5858 ἀδίκῳ
1267 5783 1480 5860 θανάτῳ
1521 5784 1836 5842 κατεδίκασε
1873 5831 1887 5857 ,
1943 5785 2010 5840 δι’

2124 5434 2346 5490 rabiem
2382 5435 2625 5490 adactus
2655 5432 2713 5488 in
2747 5432 2957 5488 Christi
2985 5447 3182 5486 servos
3210 5431 3447 5497 exarsit,
3481 5447 3547 5486 ac
3579 5435 3788 5503 quarto

2123 5524 2351 5579 decimo
2378 5522 2667 5595 tyrannici
2699 5522 2931 5594 imperii
2966 5520 3058 5576 sui
3091 5537 3268 5591 anno,
3307 5520 3510 5576 beatos
3545 5519 3782 5576 Petrum

2123 5619 2178 5669 et
2222 5611 2472 5669 Paulum
2523 5612 2727 5683 iniqua
2767 5617 2956 5667 morte
3004 5610 3438 5677 condemnavit,
3473 5625 3576 5680 per
3621 5610 3776 5666 beati

2123 5717 2328 5759 eorum
2359 5700 2671 5774 sanguinis
2700 5701 3070 5771 effusionem,
3094 5703 3152 5756 et
3183 5715 3286 5772 per
3315 5699 3578 5770 martyrii
3600 5698 3776 5754 victo-

2125 5790 2272 5846 riam
2319 5805 2422 5861 pro
2456 5788 2704 5856 meritis,
2736 5788 2844 5845 etsi
2873 5786 3112 5860 invitus,
3146 5803 3245 5844 eos
3275 5787 3346 5843 ad
3381 5802 3625 5858 regnum
3655 5801 3770 5842 οωιι
