4106 6382
303 407 408 463 671
1551 414 1608 467 8.
1651 410 1924 466 DIONYSI

2104 407 2492 465 :EOPAGITE
3616 407 3725 463 672

306 527 497 587 lorum
530 532 913 604 praemittens.
945 538 1367 590 Verumtamen
1401 539 1714 606 antequam
1751 533 1921 588 beatu

2104 527 2343 606 κχύσεως
2377 530 2489 603 (57)
2517 531 2615 584 τοῦ
2663 526 2933 602 μακαρίου
2990 527 3167 582 αὐτῶν
3202 525 3460 601 α’ίματος⁷
3486 527 3577 584 καὶ
3633 527 3725 586 διὰ

308 620 515 676 Petrus
562 622 804 678 victoria
838 625 1100 697 martyrii
1136 624 1314 679 vitam
1347 641 1475 695 quzs
1498 624 1557 679 in
1590 640 1769 696 regno
1791 622 1929 679 cmlo

2105 618 2225 689 ίκης
2286 617 2583 694 μαρτυρίου
2643 616 2829 688 ἀξίως,
2908 614 2997 670 καὶ
3056 616 3133 679 ὡς
3192 614 3338 671 ἄκων
3395 619 3726 694 προπέμψας

308 726 434 764 rum
460 710 976 783 degitur,meritus
1009 715 1367 783 csset,beato
1386 713 1666 771 Clementi
1694 712 1929 770 Ecclesia

2105 706 2265 771 ὗτοὺς
2316 708 2391 770 εἲς
2421 709 2520 777 τὴν
2549 710 2657 762 τῶν
2713 704 2955 782 οὐρανῶν
3010 702 3310 780 βασιλείαν.
3370 707 3561 778 Ὅμως
3618 708 3724 783 πρὸ

310 803 657 869 potestatem
707 801 914 857 tribuit
940 802 1031 857 his
1059 804 1289 859 verbis:
1324 825 1351 852 ‹‹
1387 802 1458 857 Ut
1488 820 1520 856 a
1554 803 1796 858 Domino
1828 820 1931 861 mel

2104 801 2163 851 οῦ
2216 797 2307 852 τὸν
2365 797 2626 873 μακάριον
2676 794 2877 871 Πέτρον
2907 792 2997 849 διὰ
3023 801 3125 864 τῆς
3170 793 3332 865 νίκης
3388 799 3488 850 τοῦ
3515 817 3725 872 μαρτυ-

308 888 447 944 Jesu
498 889 729 946 Christo
760 890 981 963 ligandi
1012 895 1183 964 atque
1211 891 1473 947 solvendi
1506 891 1649 946 mihi
1683 909 1929 950 concess

2107 886 2189 941 ίου
2232 885 2626 957 καταξιωθῆναι
2673 891 2774 954 τῆς
2820 882 2871 939 ἐν
2917 887 2988 958 τῇ
3018 886 3127 937 τῶν
3180 883 3420 957 οὐρανῶν
3471 884 3728 960 βασιλείᾳ

310 981 401 1033 est
443 982 726 1049 potestas,
777 980 862 1034 sic
894 979 1160 1035 eamdem
1211 996 1446 1051 quoque
1502 985 1844 1053 potestatem
1898 982 1931 1036 ii

2104 972 2466 1051 υνδιαγωγῆς,
2522 979 2604 1047 τῷ
2665 972 2916 1048 μακαρίῳ
2984 970 3263 1045 Κλήμεντι
3323 974 3425 1042 τὴν
3479 973 3725 1044 ἐξουσίαν

308 1072 657 1139 perpetuum
681 1068 789 1123 tibi
815 1068 886 1124 do
909 1074 964 1123 et
986 1068 1274 1137 iribuo,ut
1297 1071 1786 1142 quemcunquein
1804 1075 1929 1125 terr.

2106 1063 2162 1128 ἧς
2196 1063 2525 1134 Ἐκκλησίας
2576 1063 2839 1138 παρὲθετο
2891 1060 3086 1137 λὲγων·
3136 1083 3164 1112 ι(
3195 1063 3399 1137 ’Ὠσπερ
3430 1063 3578 1136 παρὰ
3631 1068 3727 1119 τοῦ

306 1154 580 1226 ligaveris
625 1155 684 1210 in
717 1155 879 1211 coclis
929 1156 1147 1228 ligatus
1192 1161 1291 1213 sit.
1345 1182 1373 1208 ››
1408 1160 1563 1215 llanc
1614 1164 1927 1231 potestates

2104 1153 2267 1227 ζυρίου
2323 1174 2429 1227 μου
2483 1154 2660 1223 Ἰησοῦ
2712 1153 2948 1227 Χριστοῦ
3005 1148 3168 1204 λῦσαι
3230 1150 3321 1205 καὶ
3391 1148 3554 1221 δῆσαι
3601 1152 3725 1225 ἐμοὶ

308 1243 542 1316 plenam
574 1250 631 1300 et
678 1246 987 1314 perfectam
1017 1247 1270 1317 posteris
1302 1248 1402 1320 qui
1435 1248 1677 1320 perfecti
1706 1252 1763 1304 et
1792 1249 1929 1320 dign

2104 1239 2375 1318 εδώρηται
2433 1240 2665 1314 ἐξουσίᾳ,
2698 1240 2842 1295 οὕτω
2879 1239 2971 1294 καὶ
3013 1240 3114 1308 τήν
3149 1237 3317 1307 αὐτὴν
3364 1238 3609 1309 ἐξουσίαν
3641 1243 3724 1297 αί-

307 1336 507 1388 essent
536 1334 595 1388 in
627 1334 903 1391 Ecclesiis
935 1336 1158 1408 praeire,
1193 1344 1409 1393 sortem
1439 1337 1524 1392 vel
1561 1337 1928 1393 haereditaten

2105 1332 2244 1394 ινίως
2279 1329 2562 1406 δωροῦμαι
2593 1351 2678 1385 σοι
2720 1330 2810 1384 καὶ
2835 1326 3039 1401 δίδωμι
3059 1329 3194 1403 (58),
3221 1326 3315 1382 ’ίνα
3342 1329 3401 1384 ὃν
3435 1326 3604 1405 δήσῃς
3636 1331 3726 1386 ἐπὶ

309 1420 566 1494 reliquit.
596 1428 675 1479 Ac
707 1424 777 1479 de
806 1424 899 1480 his
922 1425 1184 1497 quidem,
1208 1427 1487 1498 quoniam
1513 1443 1580 1483 ex
1602 1428 1930 1483 connexion

2101 1428 2165 1490 ἧς
2219 1427 2342 1495 γῆς,
2388 1414 2537 1474 ἔσται
2585 1416 2869 1492 δεδεμένος
2902 1419 2954 1473 ἐν
2985 1421 3104 1479 τοῖς
3134 1417 3414 1490 οὐρανοῖς.
3450 1442 3479 1470 ››
3508 1418 3722 1490 Ταύτην

309 1512 840 1585 consecutioneque
864 1512 1022 1570 illius
1038 1514 1367 1585 apostolica:
1384 1515 1655 1571 Ecclesiae
1677 1515 1923 1588 tempori

2100 1512 2165 1580 ἡν
2222 1509 2462 1581 ἐξουσίαν
2510 1506 2956 1583 πεπληρωμένην
3000 1511 3118 1567 τοῖς
3171 1506 3458 1579 μετέπειτα
3483 1508 3717 1571 τελείοις

308 1617 498 1673 pauca
543 1601 825 1671 diximus,
859 1603 931 1658 ad
979 1604 1134 1659 beati
1165 1604 1427 1676 Dionysii
1458 1604 1781 1661 certamina
1818 1621 1923 1660 con

2090 1599 2157 1654 ιαὶ
2187 1597 2356 1671 ἀξίοις
2414 1595 2468 1651 ἐν
2522 1600 2642 1658 ταῖς
2691 1592 3009 1666 ἐκκλησίαις
3057 1591 3347 1671 προελθεῖν
3388 1593 3711 1651 καταλέλοι-

303 1690 588 1746 vertimus
619 1692 965 1762 orationem,
1011 1696 1095 1764 ut,
1127 1692 1280 1748 sicut
1309 1693 1530 1750 dictum
1564 1698 1674 1763 est,
1718 1709 1787 1749 ex
1816 1698 1924 1749 tem

2086 1709 2136 1743 τε
2170 1684 2406 1761 κλῆρον.
2466 1684 2598 1760 Περὶ
2634 1685 2729 1759 μὶν
2758 1683 2965 1739 τούτων
3020 1682 3081 1738 ἐκ
3123 1689 3223 1752 τῆς
3263 1681 3583 1747 ἀκολουθίας
3609 1689 3707 1740 τοῦ

307 1795 517 1851 porum
551 1782 977 1853 consequentia
1007 1782 1078 1838 de
1108 1798 1175 1838 eo
1208 1799 1392 1854 pauca
1424 1799 1754 1840 narremus.

2092 1784 2184 1833 ιατ’
2240 1776 2412 1831 ἐκεῖνο
2468 1778 2664 1851 καιροῦ
2723 1780 2821 1843 τῆς
2877 1793 2937 1828 τε
2992 1768 3366 1841 ἀποπολικῆς
3425 1771 3713 1843 ἐκκλησίας

307 1863 360 1921 ἐν
394 1865 566 1941 ὀλίγῳ
598 1864 1014 1944 διηγησάμενοι,
1048 1870 1134 1925 ἐπὶ
1162 1870 1291 1933 τοὺς
1315 1874 1412 1925 τοῦ
1448 1871 1717 1947 μακαρίου
1745 1870 2030 1927 Διονυσίου
2062 1869 2273 1945 ἀγῶνας
2304 1864 2605 1940 μετενέγκω
2632 1864 2725 1921 τὸν
2758 1859 2946 1938 λόγον,
2973 1860 3084 1934 ἵνα,
3112 1863 3289 1924 καθὼς
3338 1859 3608 1931 λέλεκται,
3661 1860 3720 1917 ἐκ

305 1960 409 2025 τῆς
437 1959 546 2011 τῶν
582 1957 799 2033 χρόνων
822 1956 1154 2022 ἀκολουθίας
1184 1958 1310 2035 περὶ
1337 1959 1505 2015 αὐτοῦ
1539 1959 1704 2036 ὀλίγα
1734 1956 2116 2032 διεξέλθωμεν.

380 2178 521 2232 Post
574 2175 977 2236 clarissimum
1034 2179 1269 2236 Domini
1330 2184 1388 2236 et
1426 2179 1528 2237 Dei
1583 2178 1770 2237 nostri
1823 2177 2001 2243 Jesuj

2147 2171 2302 2230 Μετά
2349 2171 2449 2240 τήν
2481 2173 2578 2225 τοῦ
2609 2171 2818 2245 Κυρίου
2865 2167 2954 2224 καὶ
3007 2172 3142 2225 Θεοῦ
3171 2171 3333 2244 ἡμῶν
3369 2169 3550 2239 Ἰησοῦ
3599 2173 3731 2245 Χρι-

308 2264 525 2321 Christi
572 2265 632 2321 in
679 2266 856 2324 ccelos
905 2285 1229 2335 ascensum,
1282 2268 1776 2339 beatus.Paulus,
1828 2265 1929 2339 Spi

2110 2264 2201 2315 τοῦ
2260 2256 2609 2330 ἐνδοξοτάτην
2642 2255 2933 2332 ἀνάληψιν,
2996 2258 3084 2313 ὅτε
3114 2258 3142 2313 ὁ
3196 2263 3467 2331 μακάριος
3494 2256 3731 2313 ἀπόστο-

310 2352 462 2409 ritus
492 2356 679 2411 sancti
709 2372 991 2413 concessu
1024 2362 1081 2414 et
1112 2375 1353 2415 munere
1379 2358 1449 2415 ab
1479 2374 1673 2415 errore
1703 2356 1931 2430 perfidi:

2113 2374 2171 2418 ος
2228 2351 2445 2415 Παῦλος
2477 2349 2565 2407 διὰ
2603 2358 2704 2422 τῆς
2752 2353 2983 2428 χάριτος
3036 2355 3132 2406 τοῦ
3191 2352 3352 2427 ἁγίου
3413 2349 3734 2425 Πνεῦματος

310 2441 373 2498 in
420 2441 577 2500 viam
606 2444 817 2502 salutis
849 2447 1046 2515 rediit,
1091 2447 1174 2502 ita
1205 2451 1271 2503 ut
1301 2448 1476 2504 {idem
1507 2451 1566 2504 et
1597 2445 1931 2519 religionem

2120 2444 2180 2498 πὸ
2208 2450 2310 2512 τῆς
2342 2441 2557 2511 πλάνης
2584 2447 2684 2511 τῆς
2714 2439 2965 2503 ἀπιστίας
2995 2440 3071 2504 είς
3128 2438 3253 2496 ὁδὸν
3295 2439 3571 2516 σωτηρίας
3622 2437 3741 2494 ἐπέ-

311 2546 489 2603 quam
520 2530 695 2604 paulo
716 2539 852 2591 ante
881 2537 1363 2609 Oppugnavisset,
1390 2537 1628 2592 tandem
1653 2533 1932 2606 expletam

2119 2533 2318 2606 ερεψεν,
2352 2532 2490 2587 ὥστε
2521 2529 2725 2599 πίστιν,
2758 2529 2825 2599 ἥν
2854 2530 3047 2603 πρώην
3080 2527 3446 2603 ἐπολέμησεν.
3480 2527 3533 2583 ἐν
3568 2527 3740 2605 ἐσχά-

316 2635 451 2677 oum
478 2620 650 2679 laude
680 2627 737 2679 et
767 2623 952 2697 gloria
982 2625 1398 2697 praedicaverit,
1418 2624 1771 2697 Dominique
1798 2623 1936 2680 iusti

2112 2642 2189 2685 οις
2216 2618 2663 2695 πεπληρωμένην
2704 2617 2756 2673 ἐν
2813 2616 2940 2693 δόξῃ
2986 2618 3240 2692 κηρύξαι,
3289 2617 3381 2673 καὶ
3436 2617 3575 2673 κατά
3632 2618 3733 2685 τήν

319 2714 449 2767 tuto
492 2712 769 2783 gentibus
800 2714 989 2770 factus
1019 2715 1099 2770 sit
1127 2732 1230 2771 vas
1257 2714 1578 2772 electionis.
1608 2718 1756 2770 Tum
1808 2711 1940 2769 enin

2111 2714 2169 2766 οῦ
2244 2709 2444 2784 Κυρίου
2501 2707 2738 2779 διάταξιν
2797 2711 2984 2771 σκεῦος
3040 2706 3280 2783 ἐκλογῆς
3336 2707 3618 2784 γεγένηται
3679 2704 3732 2761 ἐν

316 2802 442 2854 tum
471 2799 698 2856 Domini
730 2803 915 2858 nostri
935 2804 1076 2859 Jesu
1108 2804 1322 2860 Christi
1345 2821 1559 2859 nomen
1583 2803 1803 2876 ignaris
1824 2819 1935 2875 gen

2113 2805 2191 2862 οἷς
2250 2797 2442 2864 ἔθνεσι·
2491 2798 2616 2854 τότε
2668 2798 2771 2873 γὰρ
2817 2798 2942 2853 τότε
2992 2797 3278 2873 κηρύττων
3337 2798 3401 2852 τὸ
3430 2793 3607 2869 ὄνομα
3632 2800 3734 2850 τοῦ

316 2887 479 2944 tibus
505 2890 852 2961 praedicans,
885 2892 1145 2949 Athenas
1175 2894 1350 2961 venit,
1385 2897 1561 2964 atque
1582 2892 1666 2947 ibi
1691 2895 1937 2947 sanctun

2109 2888 2279 2966 ἰυρίου
2338 2890 2500 2960 ἡμῶν
2560 2884 2742 2957 Ἰησοῦ
2775 2888 3003 2962 Χριστοῦ
3031 2892 3150 2949 τοῖς
3209 2886 3498 2961 ἀγνοοῦσιν
3533 2881 3730 2953 ἔθνεσι,

294 2975 491 3032 etiam
522 2979 714 3035 virum
745 2980 902 3036 hunc
931 2981 1298 3055 Dionysium,
1332 2981 1598 3053 gentium
1622 2980 1915 3036 moribusi

2114 2977 2393 3055 apsyivsro
2450 2974 2502 3032 ἐν
2551 2976 2805 3047 Ἀθήναις
2837 2993 2853 3009 ο
2929 2974 3147 3031 κάκεῖσε
3202 2975 3294 3030 τὸν
3354 2975 3505 3050 ἅγιον
3565 2970 3735 3047 ἄνδρα

318 3062 612 3122 institutis
654 3067 828 3139 paulo
860 3074 994 3125 ante
1025 3069 1413 3143 implicatum,
1446 3070 1518 3125 ad
1553 3070 1705 3125 viam
1758 3067 1934 3125 saluti

2113 3066 2289 3123 ουτονὶ
2338 3064 2643 3131 Διονύσιον,
2700 3063 2935 3128 ἐθνικαῖς
2992 3062 3133 3119 ἔθεσι
3171 3063 3365 3135 πρώην
3398 3061 3734 3139 ἐμπεριεχό-

318 3153 497 3208 ductu
525 3170 633 3210 suo
664 3157 818 3212 396
850 3160 1155 3230 convertit,
1182 3174 1437 3231 eumque
1467 3161 1839 3215 sacrosancto
1869 3157 1939 3213 ba

2109 3175 2260 3224 .ενον,
2312 3153 2387 3216 εἷς
2444 3151 2571 3209 ὁδὸν
2633 3151 2908 3228 σωτηρίας
2967 3150 3244 3227 ὁδηγήσας
3276 3151 3591 3228 ἐπέστρεψε,
3638 3149 3730 3206 καὶ

314 3241 550 3314 ptismo,
583 3248 647 3299 ut
678 3245 759 3300 ita
800 3245 1014 3314 dicam,
1052 3252 1457 3317 regeneratum
1485 3252 1543 3303 et
1580 3251 1839 3303 renatum
1876 3245 1934 3302 di

2112 3250 2152 3317 ᾦ
2202 3245 2333 3320 ἱερῷ
2393 3241 2726 3319 βαπτίσματι
2784 3241 3146 3316 ἀναγεννήσας
3185 3284 3200 3311 ,
3286 3241 3406 3312 θείᾳ
3457 3239 3733 3315 ἁγιωσύνῃ

314 3330 451 3386 vina
497 3333 810 3390 sanctitate
844 3351 1054 3391 rursus
1098 3335 1484 3392 confirmavit.
1520 3337 1668 3392 Tum
1719 3335 1935 3392 scilicet

2111 3331 2225 3395 ὗθις
2279 3328 2590 3406 ἓστερέωσε’
2647 3329 2769 3385 τότε
2827 3326 2896 3399 δὴ
2947 3329 3038 3385 ὅτε
3089 3331 3184 3391 τὰς
3214 3329 3448 3393 ἀκάνθας
3496 3331 3613 3402 (59)
3642 3329 3732 3383 καὶ

315 3435 450 3476 cum
495 3421 699 3493 spinas
728 3428 788 3479 et
816 3425 1066 3481 carduos
1095 3425 1307 3482 erroris
1338 3442 1407 3482 ex
1438 3425 1728 3498 profundo
1771 3424 1936 3481 cordi

2116 3415 2368 3482 οιϐόλους
2418 3426 2518 3488 τῆς
2548 3416 2767 3489 πλάνης
2792 3417 2852 3473 ἐκ
2875 3422 2974 3472 τοῦ
3028 3417 3195 3493 βυθοῦ
3218 3423 3321 3487 τῆς
3362 3415 3590 3493 καρδίας
3639 3415 3737 3471 αὖ-

316 3509 489 3612 ejus,.
519 3512 776 3583 Spiritus
816 3514 1002 3569 sancti
1035 3514 1313 3571 beneﬁcio
1343 3521 1402 3571 et
1433 3515 1617 3586 gratia
1661 3514 1856 3571 evellit
1893 3531 1937 3570 at

2116 3513 2169 3565 οῦ
2200 3506 2291 3565 διὰ
2333 3515 2432 3579 τῆς
2475 3508 2703 3583 χάριτος
2746 3510 2844 3562 τοῦ
2900 3505 3062 3582 ἀγίου
3118 3507 3435 3580 Πνεύματος
3479 3505 3737 3579 ἀπέτεμε,

2148 3598 2163 3615 \
2375 3598 2390 3615 \
2561 3596 2577 3615 \
2675 3597 2686 3615 1
2812 3595 2871 3615 n\
2904 3597 2915 3615 Ι
3155 3596 3169 3615 Ω
3266 3594 3282 3615 9
3390 3598 3419 3611 ν
3464 3595 3480 3611 δ
3566 3599 3628 3615 ,ν
3704 3598 3733 3610 υ

317 3598 600 3670 praecidit,
658 3602 1032 3674 fructumque
1089 3608 1147 3659 et
1214 3620 1421 3660 novam
1487 3618 1783 3676 gemmam
1842 3602 1938 3657 εἰνι

2114 3598 2166 3654 αὶ
2223 3598 2429 3672 καρπὸν
2487 3596 2578 3652 καὶ
2636 3597 2755 3652 νέον
2812 3595 3112 3672 βλάστημα
3139 3596 3216 3658 ὡς
3262 3594 3317 3652 ἐν
3352 3598 3423 3670 τῇ
3454 3595 3632 3671 ἀγαθῇ
3662 3598 3735 3670 γῇ

318 3702 581 3760 germen,
615 3689 767 3746 utin
814 3690 965 3747 bona
995 3697 1150 3748 terra
1196 3693 1503 3765 irrigatum
1547 3691 1742 3747 divino
1792 3691 1939 3747 verbi

2113 3685 2436 3761 δρευόμενον
2466 3685 2594 3760 θείῳ
2652 3683 2805 3761 λόγῳ
2831 3685 2922 3740 καὶ
2947 3689 3017 3759 τῇ
3064 3684 3301 3741 ἐντεῦθεν
3362 3685 3563 3760 θεωρίᾳ
3616 3684 3734 3740 ἁνί-

322 3783 498 3850 atque
520 3778 657 3835 hinc
687 3781 1182 3854 contemplatione
1201 3783 1406 3840 edidit.
1439 3782 1585 3838 Cum
1628 3796 1763 3836 vero
1791 3779 1943 3836 etian

2114 3775 2266 3846 ειξεν·
2328 3773 2419 3829 ὅτε
2462 3772 2520 3828 δέ
2567 3772 2655 3829 καὶ
2688 3775 2740 3828 οἳ
2766 3775 3002 3848 Χριστοῦ
3056 3777 3404 3847 στρατιῶται,
3437 3770 3731 3847 ὁσημέραι,

320 3866 534 3922 Christi
584 3868 800 3925 milites
831 3871 1092 3942 quotidie
1122 3872 1320 3928 divino
1354 3887 1555 3927 amore
1593 3868 1941 3924 inﬂammati

2116 3868 2156 3936 ᾧ
2211 3862 2337 3936 θείῳ
2374 3857 2542 3936 ἔρωτι
2600 3861 2952 3940 φλεγόμενοι,
3027 3860 3340 3937 πανταχόσε
3411 3855 3583 3929 ἔθεον,
3635 3866 3737 3929 τῆς

322 3957 384 4012 in
431 3972 637 4013 omnes
670 3963 861 4029 partes
892 3961 1090 4016 divina
1133 3960 1327 4034 gratia»
1373 3974 1625 4030 superne
1669 3973 1788 4012 una.
1833 3971 1943 4013 cun

2114 3952 2223 4014 είας
2255 3951 2482 4028 χάριτος
2514 3948 2715 4015 ἄνωθεν
2745 3950 2929 4013 αὐτοῖς
2968 3950 3568 4026 συμπροπορευομένης
3599 3952 3734 4025 (60)·

321 4045 470 4118 ipsis
500 4053 795 4119 praeeunte
823 4049 1157 4117 currerent;
1197 4055 1321 4105 tum
1351 4049 1558 4104 beatus
1606 4064 1837 4119 quoque
1874 4045 1942 4101 hic

2117 4044 2201 4097 ότε
2239 4041 2329 4096 καὶ
2388 4042 2416 4096 ὁ
2471 4036 2736 4116 μακοίριος
2795 4039 2980 4096 οὐτοσὶ
3012 4040 3310 4110 Διονύσιος,
3339 4043 3419 4112 τῷ
3447 4043 3545 4095 τοῦ
3575 4059 3738 4093 σταυ-

321 4134 657 4208 Dionysius,
690 4138 880 4195 crucis
910 4143 1104 4193 aratro
1137 4153 1296 4193 mare
1334 4137 1674 4207 difﬁndens,
1724 4134 1936 4190 Atheni

2116 4135 2178 4186 οῦ
2236 4125 2453 4206 ἀρότρῳ
2508 4131 2609 4199 τὴν
2654 4129 2927 4195 θάλασσαν
2979 4126 3274 4201 διατεμὼν,
3334 4128 3441 4183 ἀπὸ
3487 4129 3737 4199 Ἀθηνῶν

323 4227 570 4283 Romam
604 4245 637 4282 a
665 4228 885 4285 ccelesti
906 4230 1217 4301 divinaque
1240 4228 1559 4299 voluntate,
1594 4232 1659 4284 ut
1688 4244 1722 4283 a
1742 4227 1857 4283 Deo
1889 4226 1944 4282 di

2120 4221 2177 4289 ἦν
2228 4220 2448 4291 Ῥώμην
2494 4213 2789 4273 κατέλαϐεν
2843 4217 3075 4294 οὐρανίῳ
3115 4218 3207 4272 καὶ
3257 4217 3388 4290 θείῳ
3444 4214 3741 4289 θελήματι,

325 4313 537 4386 lectus,
586 4331 688 4388 per
717 4317 868 4373 viam
901 4317 1189 4374 deductus
1237 4317 1413 4374 venit.
1466 4316 1794 4387 Ingressus,
1834 4330 1946 4370 cun

2131 4329 2155 4371 ς
2191 4306 2292 4363 ὑπὸ
2343 4310 2475 4362 Θεοῦ
2524 4307 2907 4381 ἠγαπημένος,
2940 4303 3315 4381 ὁδηγούμενος
3375 4307 3509 4379 (61).
3543 4302 3747 4361 Εἰσελ-

325 4400 564 4459 beatum
578 4402 933 4462 Clementem
961 4403 1419 4476 invenisset,qui
1451 4408 1514 4460 ut
1537 4418 1717 4474 supra
1747 4402 1946 4459 dictuu

2124 4397 2189 4452 ὼν
2250 4392 2309 4452 δὶ
2354 4395 2444 4451 καὶ
2490 4396 2661 4470 εὑρὼν
2692 4395 2783 4451 τὸν
2839 4394 3108 4470 μακάριον
3143 4390 3459 4466 Κλήμεντα,
3491 4392 3566 4457 ὡς
3599 4393 3745 4447 ἀνω-

323 4493 432 4559 est,
456 4489 788 4564 apostolica
809 4491 966 4549 sedis
989 4495 1334 4565 potestatem
1356 4490 1630 4548 habebat.
1655 4488 1729 4545 ab
1748 4503 1816 4546 es
1835 4502 1944 4544 cun

2126 4482 2221 4560 ίρω
2270 4481 2505 4562 εἷ’ρηται,
2535 4484 2637 4553 τήν
2685 4489 2788 4553 τῆς
2816 4479 3185 4553 ἀποπολικῆς
3240 4477 3510 4558 καθίδρας
3541 4478 3747 4565 ἔχοντα

324 4563 503 4653 digno
525 4577 746 4638 honore
766 4563 1074 4651 statim,'ut
1088 4578 1240 4638 vires
1263 4578 1678 4653 suppetebant,
1703 4579 1939 4649 receptu

2123 4571 2343 4650 ξουσίανι
2379 4572 2514 4647 μετὰ
2539 4576 2642 4644 τῆς
2681 4569 3036 4643 καθηκούσης
3066 4575 3236 4645 τιμῆς
3266 4568 3483 4641 εὖθίως,
3517 4568 3592 4631 ὠς
3624 4563 3744 4625 οῑὸν

324 4670 436 4724 est.
469 4667 668 4741 quue
694 4670 957 4743 tempore
986 4684 1119 4725 cum
1152 4668 1363 4726 beatus
1406 4666 1495 4722 vir
1532 4664 1866 4738 Dionysius,
1899 4680 1945 4721 ac

2123 4684 2138 4721 ι
2185 4665 2275 4736 ἦν,
2339 4659 2710 4721 ὑποδέδεκται.
2762 4662 2860 4719 Καὶ
2920 4660 2974 4718 ἐν
3024 4659 3177 4734 αὖτῷ
3230 4664 3313 4734 τῷ
3341 4663 3518 4737 καιρῷ
3574 4658 3666 4716 ’ὅτε
3714 4659 3744 4716 ὁ

326 4754 481 4813 beati
510 4755 827 4814 Clementis
854 4755 1099 4826 vestigia
1141 4759 1200 4812 et
1238 4756 1416 4828 pedes
1447 4754 1714 4826 accessit,
1748 4755 1947 4826 aposto

2129 4754 2354 4824 ακάριος
2406 4752 2539 4828 ἀνὴρ
2598 4750 2884 4814 Διονείσιος
2937 4753 3036 4805 τοῦ
3092 4748 3360 4825 μακαρίου
3417 4745 3747 4822 Κλήμεντος

324 4842 572 4916 licaeque
611 4843 908 4900 sanctitati
946 4860 1010 4900 se
1052 4842 1397 4907 insinuavit,
1443 4847 1569 4898 tum
1620 4842 1747 4913 ipse
1792 4841 1945 4897 etian

2123 4846 2196 4904 οἷς
2226 4838 2406 4915 ἴχνεσι
2435 4842 2795 4916 προσήγγισε,
2827 4838 2918 4894 καὶ
2974 4841 3043 4911 τῇ
3074 4834 3416 4910 ἀποστολικῇ
3458 4835 3744 4913 ἁγιωσύνῃ

324 4915 610 5005 magister
639 4931 988 4996 declaratus,
1020 4935 1079 4986 et
1111 4947 1272 4986 more
1304 4930 1584 5003 magistro
1625 4930 1945 5003 dignissimi

2129 4930 2267 4984 ιυτὸν
2325 4928 2656 5006 ἓμπαρὲθετο
2726 4924 3075 4994 διδάσκαλος,
3133 4926 3223 4981 καὶ
3280 4925 3440 4989 αὐτὸς
3499 4925 3750 5003 ἀποφαν-

327 5036 360 5075 a
411 5024 614 5076 sancto
645 5019 941 5074 Clemente
1002 5018 1347 5085 honoratus,
1380 5018 1841 5091 dignitatemque
1899 5018 1948 5074 al

2129 5018 2215 5088 εἰς,
2274 5018 2364 5073 καὶ
2418 5016 2609 5092 τρόπῳ
2664 5021 2743 5088 τῷ
2815 5016 3082 5092 πρέποντι
3113 5012 3430 5087 διδασκάλῳ
3489 5015 3592 5069 ὑπὸ
3647 5018 3750 5069 τοῦ

324 5125 392 5164 eo
414 5113 473 5164 et
500 5108 880 5179 aptissimum
914 5108 1221 5174 honorem,
1248 5113 1311 5160 ut
1341 5124 1372 5163 a
1405 5112 1524 5163 Dco
1551 5108 1802 5180 gratiam
1837 5107 1944 5163 ade

2131 5106 2244 5181 γίου
2302 5105 2625 5179 Κλήμεντος
2676 5105 2972 5178 τιμηθεὶς,
3047 5104 3139 5158 καὶ
3197 5103 3344 5174 ἀξίαν
3401 5103 3529 5176 παρ’
3580 5101 3752 5157 αότοῦ

329 5205 465 5269 plus
513 5195 849 5268 reportavit,
881 5200 941 5250 et
987 5194 1223 5251 interim
1270 5195 1424 5251 Deus
1465 5213 1659 5253 rerum
1708 5196 1950 5252 omnium

2134 5195 2171 5249 ιὶ
2232 5194 2572 5266 οἰκειοτάτην
2603 5196 2796 5267 τιμὴν,
2831 5193 2907 5255 ὡς
2939 5193 3087 5265 παρά
3116 5190 3251 5248 Θεοῦ
3280 5190 3527 5266 εἷ’ληφὼς
3560 5190 3755 5266 χάριν,

331 5290 658 5358 praepotens
720 5284 885 5338 beato
946 5283 1215 5352 Dionysio
1266 5290 1543 5356 praeterea
1591 5285 1798 5341 tribuit
1843 5285 1952 5339 vita

2138 5283 2398 5357 ιομίσατο,
2443 5284 2533 5338 καὶ
2582 5282 2636 5338 ἐν
2668 5283 2780 5356 ὅσῳ
2812 5282 2944 5344 Θεὸς
3000 5283 3028 5334 ό
3058 5277 3475 5352 παντοδόναμος
3532 5284 3613 5353 τῷ
3647 5302 3759 5354 μα·-

331 5372 694 5429 seminandus
724 5370 992 5427 idoneam
1026 5372 1387 5444 facultatem,
1420 5373 1614 5444 quiad
1649 5390 1755 5429 nos
1787 5390 1952 5444 υερυι

2140 5373 2259 5448 ιρίῳ
2292 5372 2558 5444 Διονυσίῳ
2608 5375 2870 5446 ζωαρκεῖν
2905 5367 3243 5444 ἐδωρήσατο,
3302 5366 3408 5431 ’έως
3440 5371 3605 5441 ἡμῶν
3662 5368 3761 5424 αὖ·

336 5460 637 5532 religionis
659 5477 835 5514 causa
866 5461 1141 5516 omnibus
1165 5463 1458 5533 apparuit.
1479 5464 1626 5517 Tum
1641 5462 1814 5517 etiam
1836 5477 1957 5516 san-

2139 5465 2193 5515 ὗν
2226 5466 2385 5515 πᾶσιν
2420 5461 2500 5515 ἐπ’
2557 5455 2801 5531 εὐσεϐείᾳ
2830 5458 3164 5533 φανερώσαςο
3217 5458 3307 5513 καὶ
3339 5459 3366 5512 ὁ
3418 5458 3571 5532 ἅγιος
3600 5455 3760 5529 Κλή-

334 5554 464 5604 ctus
487 5549 753 5605 Clemens
773 5548 1104 5621 Philippum
1123 5552 1437 5621 quemdam
1462 5550 1747 5622 Hispaniis
1761 5549 1953 5621 episco

2139 5570 2202 5620 ης
2240 5551 2363 5604 τότε
2395 5549 2671 5605 Φίλιππόν
2702 5569 2825 5603 τινα
2853 5546 3126 5611 Ἱσπανίας
3156 5546 3449 5601 ἐπίσκοπον
3477 5549 3760 5622 προεστή-

337 5654 477 5710 pum
530 5638 805 5710 praefecit,
839 5643 1183 5711 potestatem
1233 5656 1488 5711 quoque,
1521 5655 1700 5711 quam
1732 5639 1859 5711 ipse
1889 5637 1958 5691 die

2136 5658 2243 5708 κτο,
2281 5639 2371 5693 καὶ
2402 5639 2499 5707 τὴν
2553 5636 2792 5709 ἐξουσίαν
2823 5636 2886 5705 ἣν
2920 5633 3082 5698 αὐτὸς
3113 5636 3142 5691 ὁ
3175 5637 3319 5698 θεῖος
3349 5632 3591 5707 Κλήμης
3643 5634 3757 5691 ἀπὸ

342 5726 512 5783 vinus
544 5726 810 5785 Clemens
846 5746 882 5784 a
940 5730 1106 5784 beato
1149 5728 1312 5784 Petro
1355 5731 1688 5801 lacceperat,
1712 5727 1763 5782 ei
1820 5726 1963 5782 dedit

2133 5730 2184 5782 ›ῦ
2215 5728 2484 5800 μακαρίου
2533 5726 2793 5801 Πετροῳυ
2848 5719 3032 5783 ἔλαϐε.
3066 5721 3297 5781 δέδωκεν
3346 5723 3514 5796 αὐτῷ,
3545 5721 3754 5800 λέγων’
