  <div class='ocr_page' id='page_1' title='image "/cluster/home/n/w/nwhite01/storage/ocr_20150623/4:no.2/coo.31924054872837/344.png"; bbox 0 0 4106 6378; ppageno 0'>
   <div class='ocr_carea' id='block_1_1' title="bbox 381 363 490 418">
    <p class='ocr_par' dir='ltr' id='par_1_1' title="bbox 381 363 490 418">
     <span class='ocr_line' id='line_1_1' title="bbox 381 363 490 418; baseline -0.018 -1"><span class='ocrx_word' id='word_1_1' title='bbox 381 363 490 418; x_wconf 81' lang='grc'>673</span> 
     </span>
    </p>
   </div>
   <div class='ocr_carea' id='block_1_2' title="bbox 1457 357 2728 422">
    <p class='ocr_par' dir='ltr' id='par_1_2' title="bbox 1457 357 2728 422">
     <span class='ocr_line' id='line_1_2' title="bbox 1457 357 2728 422; baseline 0 -12"><span class='ocrx_word' id='word_1_2' title='bbox 1457 358 1917 422; x_wconf 76' lang='lat' dir='ltr'>MARTYRIUM,</span> <span class='ocrx_word' id='word_1_3' title='bbox 1958 357 2294 412; x_wconf 80' lang='lat' dir='ltr'>AUCTORE</span> <span class='ocrx_word' id='word_1_4' title='bbox 2332 357 2728 412; x_wconf 80' lang='lat' dir='ltr'>METEODIO.</span> 
     </span>
    </p>
   </div>
   <div class='ocr_carea' id='block_1_3' title="bbox 3695 365 3803 420">
    <p class='ocr_par' dir='ltr' id='par_1_3' title="bbox 3695 365 3803 420">
     <span class='ocr_line' id='line_1_3' title="bbox 3695 365 3803 420; baseline 0.009 -2"><span class='ocrx_word' id='word_1_5' title='bbox 3695 365 3803 420; x_wconf 82' lang='grc'>674</span> 
     </span>
    </p>
   </div>
   <div class='ocr_carea' id='block_1_4' title="bbox 378 475 2044 557">
    <p class='ocr_par' dir='ltr' id='par_1_4' title="bbox 378 475 2032 557">
     <span class='ocr_line' id='line_1_4' title="bbox 378 475 2032 557; baseline -0.004 -20"><span class='ocrx_word' id='word_1_6' title='bbox 378 507 408 537; x_wconf 87' lang='lat'><strong><em>«</em></strong></span> <span class='ocrx_word' id='word_1_7' title='bbox 443 483 733 557; x_wconf 80' lang='grc' dir='ltr'>Πορευθεὶς</span> <span class='ocrx_word' id='word_1_8' title='bbox 763 479 815 534; x_wconf 65' lang='grc' dir='ltr'>ἐν</span> <span class='ocrx_word' id='word_1_9' title='bbox 853 484 970 541; x_wconf 82' lang='grc' dir='ltr'>τοῖς</span> <span class='ocrx_word' id='word_1_10' title='bbox 1006 479 1193 552; x_wconf 68' lang='grc' dir='ltr'>μέρεσι</span> <span class='ocrx_word' id='word_1_11' title='bbox 1256 483 1356 546; x_wconf 77' lang='grc' dir='ltr'>τῆς</span> <span class='ocrx_word' id='word_1_12' title='bbox 1404 475 1633 548; x_wconf 70' lang='grc' dir='ltr'>δύσεως,</span> <span class='ocrx_word' id='word_1_13' title='bbox 1682 476 1916 553; x_wconf 78' lang='grc' dir='ltr'>κήρυξον</span> <span class='ocrx_word' id='word_1_14' title='bbox 1970 475 2032 531; x_wconf 84' lang='grc' dir='ltr'>τὸ</span> 
     </span>
    </p>
   </div>
   <div class='ocr_carea' id='block_1_5' title="bbox 2156 475 3802 557">
    <p class='ocr_par' dir='ltr' id='par_1_5' title="bbox 2156 477 3802 555">
     <span class='ocr_line' id='line_1_5' title="bbox 2156 477 3802 555; baseline 0.005 -22"><span class='ocrx_word' id='word_1_15' title='bbox 2156 477 2242 534; x_wconf 91' lang='lat' dir='ltr'><strong>his</strong></span> <span class='ocrx_word' id='word_1_16' title='bbox 2297 478 2528 535; x_wconf 90' lang='lat' dir='ltr'><strong>verbis:</strong></span> <span class='ocrx_word' id='word_1_17' title='bbox 2591 502 2620 530; x_wconf 86' lang='lat'><strong>«</strong></span> <span class='ocrx_word' id='word_1_18' title='bbox 2682 479 3058 537; x_wconf 79' lang='lat' dir='ltr'><strong>Proﬁciscere</strong></span> <span class='ocrx_word' id='word_1_19' title='bbox 3117 483 3188 538; x_wconf 89' lang='lat' dir='ltr'>ad</span> <span class='ocrx_word' id='word_1_20' title='bbox 3221 487 3416 555; x_wconf 88' lang='lat' dir='ltr'><strong>partes</strong></span> <span class='ocrx_word' id='word_1_21' title='bbox 3445 484 3802 555; x_wconf 87' lang='lat' dir='ltr'><strong>Occidentis,</strong></span> 
     </span>
    </p>
   </div>
   <div class='ocr_carea' id='block_1_6' title="bbox 378 563 2036 647">
    <p class='ocr_par' dir='ltr' id='par_1_6' title="bbox 378 563 2036 647">
     <span class='ocr_line' id='line_1_6' title="bbox 378 563 2036 647; baseline -0.005 -19"><span class='ocrx_word' id='word_1_22' title='bbox 378 569 714 647; x_wconf 78' lang='grc' dir='ltr'>Εὖαγγέλιον</span> <span class='ocrx_word' id='word_1_23' title='bbox 745 574 848 638; x_wconf 82' lang='grc' dir='ltr'>τῆς</span> <span class='ocrx_word' id='word_1_24' title='bbox 885 565 1166 642; x_wconf 79' lang='grc' dir='ltr'>βασιλείας</span> <span class='ocrx_word' id='word_1_25' title='bbox 1194 569 1300 622; x_wconf 86' lang='grc' dir='ltr'>τῶν</span> <span class='ocrx_word' id='word_1_26' title='bbox 1335 565 1596 642; x_wconf 71' lang='grc' dir='ltr'>οὐρανῶν,</span> <span class='ocrx_word' id='word_1_27' title='bbox 1631 566 1723 621; x_wconf 84' lang='grc' dir='ltr'>καὶ</span> <span class='ocrx_word' id='word_1_28' title='bbox 1755 563 1916 636; x_wconf 81' lang='grc' dir='ltr'>δῆσαι</span> <span class='ocrx_word' id='word_1_29' title='bbox 1949 566 2036 620; x_wconf 85' lang='grc' dir='ltr'>καὶ</span> 
     </span>
    </p>
   </div>
   <div class='ocr_carea' id='block_1_7' title="bbox 381 653 2043 730">
    <p class='ocr_par' dir='ltr' id='par_1_7' title="bbox 381 653 2043 730">
     <span class='ocr_line' id='line_1_7' title="bbox 381 653 2043 730; baseline -0.011 -15"><span class='ocrx_word' id='word_1_30' title='bbox 381 660 538 717; x_wconf 89' lang='grc' dir='ltr'>λῦσαι</span> <span class='ocrx_word' id='word_1_31' title='bbox 583 653 722 713; x_wconf 79' lang='grc' dir='ltr'>ἔστω</span> <span class='ocrx_word' id='word_1_32' title='bbox 756 677 840 710; x_wconf 91' lang='grc' dir='ltr'>σοι</span> <span class='ocrx_word' id='word_1_33' title='bbox 875 655 1109 728; x_wconf 69' lang='grc' dir='ltr'>ἐξουσία,</span> <span class='ocrx_word' id='word_1_34' title='bbox 1143 653 1233 710; x_wconf 68' lang='grc' dir='ltr'>ἵνα</span> <span class='ocrx_word' id='word_1_35' title='bbox 1282 659 1378 710; x_wconf 84' lang='grc' dir='ltr'>τοῦ</span> <span class='ocrx_word' id='word_1_36' title='bbox 1423 658 1657 730; x_wconf 90' lang='grc' dir='ltr'>Χριστοῦ</span> <span class='ocrx_word' id='word_1_37' title='bbox 1695 655 1757 710; x_wconf 86' lang='grc' dir='ltr'>τὸ</span> <span class='ocrx_word' id='word_1_38' title='bbox 1816 653 2043 730; x_wconf 65' lang='grc' dir='ltr'>Εὔα-(γέ-</span> 
     </span>
    </p>
   </div>
   <div class='ocr_carea' id='block_1_8' title="bbox 379 742 2040 818">
    <p class='ocr_par' dir='ltr' id='par_1_8' title="bbox 379 742 2040 818">
     <span class='ocr_line' id='line_1_8' title="bbox 379 742 2040 818; baseline -0.004 -15"><span class='ocrx_word' id='word_1_39' title='bbox 379 748 499 804; x_wconf 90' lang='grc' dir='ltr'>λιον</span> <span class='ocrx_word' id='word_1_40' title='bbox 532 746 622 802; x_wconf 86' lang='grc' dir='ltr'>καὶ</span> <span class='ocrx_word' id='word_1_41' title='bbox 655 744 744 800; x_wconf 74' lang='grc' dir='ltr'>διὰ</span> <span class='ocrx_word' id='word_1_42' title='bbox 773 745 872 800; x_wconf 82' lang='grc' dir='ltr'>σοῦ</span> <span class='ocrx_word' id='word_1_43' title='bbox 903 744 980 806; x_wconf 85' lang='grc' dir='ltr'>εἰς</span> <span class='ocrx_word' id='word_1_44' title='bbox 1015 751 1193 817; x_wconf 80' lang='grc' dir='ltr'>μῆκος</span> <span class='ocrx_word' id='word_1_45' title='bbox 1225 745 1313 798; x_wconf 88' lang='grc' dir='ltr'>καὶ</span> <span class='ocrx_word' id='word_1_46' title='bbox 1365 744 1573 806; x_wconf 89' lang='grc' dir='ltr'>πλάτος</span> <span class='ocrx_word' id='word_1_47' title='bbox 1627 745 1858 818; x_wconf 75' lang='grc' dir='ltr'>έγχυθῇ,</span> <span class='ocrx_word' id='word_1_48' title='bbox 1891 742 2040 804; x_wconf 76' lang='grc' dir='ltr'>ὅπως</span> 
     </span>
    </p>
   </div>
   <div class='ocr_carea' id='block_1_9' title="bbox 379 829 2041 908">
    <p class='ocr_par' dir='ltr' id='par_1_9' title="bbox 379 829 2041 908">
     <span class='ocr_line' id='line_1_9' title="bbox 379 829 2041 908; baseline -0.004 -17"><span class='ocrx_word' id='word_1_49' title='bbox 379 837 528 908; x_wconf 82' lang='grc' dir='ltr'>παρά</span> <span class='ocrx_word' id='word_1_50' title='bbox 554 838 652 890; x_wconf 91' lang='grc' dir='ltr'>τοῦ</span> <span class='ocrx_word' id='word_1_51' title='bbox 685 831 884 908; x_wconf 91' lang='grc' dir='ltr'>Κυρίου</span> <span class='ocrx_word' id='word_1_52' title='bbox 917 834 991 895; x_wconf 87' lang='grc' dir='ltr'>ὡς</span> <span class='ocrx_word' id='word_1_53' title='bbox 1019 833 1212 895; x_wconf 80' lang='grc' dir='ltr'>πιστὸς</span> <span class='ocrx_word' id='word_1_54' title='bbox 1245 829 1444 894; x_wconf 77' lang='grc' dir='ltr'>δοῦλος</span> <span class='ocrx_word' id='word_1_55' title='bbox 1495 834 1733 903; x_wconf 57' lang='lat' dir='ltr'><strong>eamea;</strong></span> <span class='ocrx_word' id='word_1_56' title='bbox 1789 831 2041 899; x_wconf 83' lang='grc' dir='ltr'>ἀκοῦσαι,</span> 
     </span>
    </p>
   </div>
   <div class='ocr_carea' id='block_1_10' title="bbox 377 919 2042 998">
    <p class='ocr_par' dir='ltr' id='par_1_10' title="bbox 377 919 2042 998">
     <span class='ocr_line' id='line_1_10' title="bbox 377 919 2042 998; baseline -0.005 -16"><span class='ocrx_word' id='word_1_57' title='bbox 377 923 476 994; x_wconf 76' lang='grc' dir='ltr'>Εὖ,</span> <span class='ocrx_word' id='word_1_58' title='bbox 557 921 722 980; x_wconf 81' lang='grc' dir='ltr'>δοῦλε</span> <span class='ocrx_word' id='word_1_59' title='bbox 787 922 955 998; x_wconf 73' lang='grc' dir='ltr'>ἀγαθὲ</span> <span class='ocrx_word' id='word_1_60' title='bbox 1001 923 1091 976; x_wconf 83' lang='grc' dir='ltr'>καὶ</span> <span class='ocrx_word' id='word_1_61' title='bbox 1167 923 1346 987; x_wconf 76' lang='grc' dir='ltr'>πιστὲ,</span> <span class='ocrx_word' id='word_1_62' title='bbox 1422 919 1508 976; x_wconf 73' lang='grc' dir='ltr'>ἐπὶ</span> <span class='ocrx_word' id='word_1_63' title='bbox 1572 920 1775 995; x_wconf 77' lang='grc' dir='ltr'>ὀλίγων</span> <span class='ocrx_word' id='word_1_64' title='bbox 1825 921 1894 989; x_wconf 81' lang='grc' dir='ltr'>ἧς</span> <span class='ocrx_word' id='word_1_65' title='bbox 1951 941 2042 974; x_wconf 85' lang='grc' dir='ltr'>πι-</span> 
     </span>
    </p>
   </div>
   <div class='ocr_carea' id='block_1_11' title="bbox 380 1007 2039 1087">
    <p class='ocr_par' dir='ltr' id='par_1_11' title="bbox 380 1007 2039 1087">
     <span class='ocr_line' id='line_1_11' title="bbox 380 1007 2039 1087; baseline -0.005 -17"><span class='ocrx_word' id='word_1_66' title='bbox 380 1015 524 1087; x_wconf 87' lang='grc' dir='ltr'>στὸς,</span> <span class='ocrx_word' id='word_1_67' title='bbox 583 1012 673 1067; x_wconf 65' lang='grc' dir='ltr'>ἰπὶ</span> <span class='ocrx_word' id='word_1_68' title='bbox 731 1010 960 1066; x_wconf 80' lang='grc' dir='ltr'>πολλῶν</span> <span class='ocrx_word' id='word_1_69' title='bbox 1019 1031 1076 1064; x_wconf 91' lang='grc' dir='ltr'>σε</span> <span class='ocrx_word' id='word_1_70' title='bbox 1134 1011 1478 1080; x_wconf 68' lang='grc' dir='ltr'>καταστήσω.</span> <span class='ocrx_word' id='word_1_71' title='bbox 1541 1007 1768 1067; x_wconf 69' lang='grc' dir='ltr'>Εῗσελθε</span> <span class='ocrx_word' id='word_1_72' title='bbox 1817 1009 1892 1071; x_wconf 86' lang='grc' dir='ltr'>εἰς</span> <span class='ocrx_word' id='word_1_73' title='bbox 1940 1012 2039 1078; x_wconf 71' lang='grc' dir='ltr'>τήν</span> 
     </span>
    </p>
   </div>
   <div class='ocr_carea' id='block_1_12' title="bbox 382 1095 2042 1178">
    <p class='ocr_par' dir='ltr' id='par_1_12' title="bbox 382 1095 2042 1178">
     <span class='ocr_line' id='line_1_12' title="bbox 382 1095 2042 1178; baseline -0.003 -21"><span class='ocrx_word' id='word_1_74' title='bbox 382 1103 555 1178; x_wconf 78' lang='grc' dir='ltr'>χαράν</span> <span class='ocrx_word' id='word_1_75' title='bbox 614 1104 711 1155; x_wconf 87' lang='grc' dir='ltr'>τοῦ</span> <span class='ocrx_word' id='word_1_76' title='bbox 761 1099 959 1174; x_wconf 78' lang='grc' dir='ltr'>Κυρίου</span> <span class='ocrx_word' id='word_1_77' title='bbox 1008 1119 1126 1154; x_wconf 88' lang='grc' dir='ltr'>σου.</span> <span class='ocrx_word' id='word_1_78' title='bbox 1162 1122 1192 1150; x_wconf 78' lang='grc'>››</span> <span class='ocrx_word' id='word_1_79' title='bbox 1225 1097 1488 1152; x_wconf 81' lang='grc' dir='ltr'>Κοινωνοὶ</span> <span class='ocrx_word' id='word_1_80' title='bbox 1522 1095 1578 1152; x_wconf 77' lang='grc' dir='ltr'>δὲ</span> <span class='ocrx_word' id='word_1_81' title='bbox 1608 1103 1706 1152; x_wconf 89' lang='grc' dir='ltr'>τοῦ</span> <span class='ocrx_word' id='word_1_82' title='bbox 1738 1095 1888 1172; x_wconf 77' lang='grc' dir='ltr'>άγίου</span> <span class='ocrx_word' id='word_1_83' title='bbox 1921 1105 2042 1153; x_wconf 85' lang='grc' dir='ltr'>Διο-</span> 
     </span>
    </p>
   </div>
   <div class='ocr_carea' id='block_1_13' title="bbox 376 1185 2042 1264">
    <p class='ocr_par' dir='ltr' id='par_1_13' title="bbox 376 1185 2042 1264">
     <span class='ocr_line' id='line_1_13' title="bbox 376 1185 2042 1264; baseline -0.002 -17"><span class='ocrx_word' id='word_1_84' title='bbox 376 1190 564 1248; x_wconf 89' lang='grc' dir='ltr'>νυσίου</span> <span class='ocrx_word' id='word_1_85' title='bbox 620 1193 754 1260; x_wconf 74' lang='grc' dir='ltr'>ἦσαν</span> <span class='ocrx_word' id='word_1_86' title='bbox 810 1192 1196 1264; x_wconf 76' lang='grc' dir='ltr'>Σατουρνῖνος,</span> <span class='ocrx_word' id='word_1_87' title='bbox 1255 1185 1601 1263; x_wconf 82' lang='grc' dir='ltr'>Μάρκελλος,</span> <span class='ocrx_word' id='word_1_88' title='bbox 1657 1189 1749 1242; x_wconf 88' lang='grc' dir='ltr'>καὶ</span> <span class='ocrx_word' id='word_1_89' title='bbox 1807 1196 2042 1243; x_wconf 82' lang='grc' dir='ltr'>Λουκια-</span> 
     </span>
    </p>
   </div>
   <div class='ocr_carea' id='block_1_14' title="bbox 377 1274 2042 1354">
    <p class='ocr_par' dir='ltr' id='par_1_14' title="bbox 377 1274 2042 1354">
     <span class='ocr_line' id='line_1_14' title="bbox 377 1274 2042 1354; baseline -0.004 -18"><span class='ocrx_word' id='word_1_90' title='bbox 377 1282 491 1349; x_wconf 80' lang='grc' dir='ltr'>νὸς,</span> <span class='ocrx_word' id='word_1_91' title='bbox 552 1279 646 1334; x_wconf 75' lang='grc' dir='ltr'>σὺν</span> <span class='ocrx_word' id='word_1_92' title='bbox 702 1277 851 1351; x_wconf 79' lang='grc' dir='ltr'>αὐτῷ</span> <span class='ocrx_word' id='word_1_93' title='bbox 881 1274 1054 1346; x_wconf 80' lang='grc' dir='ltr'>ὄντες,</span> <span class='ocrx_word' id='word_1_94' title='bbox 1083 1275 1174 1332; x_wconf 62' lang='grc' dir='ltr'>*ίνα</span> <span class='ocrx_word' id='word_1_95' title='bbox 1233 1276 1292 1332; x_wconf 83' lang='grc' dir='ltr'>ἐκ</span> <span class='ocrx_word' id='word_1_96' title='bbox 1323 1277 1592 1350; x_wconf 85' lang='grc' dir='ltr'>στόματος</span> <span class='ocrx_word' id='word_1_97' title='bbox 1627 1274 1726 1332; x_wconf 73' lang='grc' dir='ltr'>δύο</span> <span class='ocrx_word' id='word_1_98' title='bbox 1757 1277 1845 1332; x_wconf 88' lang='grc' dir='ltr'>καὶ</span> <span class='ocrx_word' id='word_1_99' title='bbox 1875 1276 2042 1354; x_wconf 83' lang='grc' dir='ltr'>τριῶν</span> 
     </span>
    </p>
   </div>
   <div class='ocr_carea' id='block_1_15' title="bbox 384 1355 2040 1446">
    <p class='ocr_par' dir='ltr' id='par_1_15' title="bbox 384 1355 2040 1446">
     <span class='ocr_line' id='line_1_15' title="bbox 384 1355 2040 1446; baseline -0.003 -20"><span class='ocrx_word' id='word_1_100' title='bbox 384 1369 674 1446; x_wconf 80' lang='grc' dir='ltr'>μαρτύρων</span> <span class='ocrx_word' id='word_1_101' title='bbox 725 1372 761 1439; x_wconf 83' lang='grc' dir='ltr'>ἡ</span> <span class='ocrx_word' id='word_1_102' title='bbox 818 1372 927 1423; x_wconf 87' lang='grc' dir='ltr'>τῶν</span> <span class='ocrx_word' id='word_1_103' title='bbox 980 1369 1318 1439; x_wconf 82' lang='grc' dir='ltr'>Χριστιανῶν</span> <span class='ocrx_word' id='word_1_104' title='bbox 1368 1367 1548 1429; x_wconf 82' lang='grc' dir='ltr'>πίστις</span> <span class='ocrx_word' id='word_1_105' title='bbox 1576 1355 1719 1430; x_wconf 44' lang='grc' dir='ltr'>Ϊτοῖς</span> <span class='ocrx_word' id='word_1_106' title='bbox 1780 1367 2040 1442; x_wconf 84' lang='grc' dir='ltr'>ἀγνοοῦσι</span> 
     </span>
    </p>
   </div>
   <div class='ocr_carea' id='block_1_16' title="bbox 385 1453 2040 1534">
    <p class='ocr_par' dir='ltr' id='par_1_16' title="bbox 385 1453 2040 1534">
     <span class='ocr_line' id='line_1_16' title="bbox 385 1453 2040 1534; baseline -0.004 -20"><span class='ocrx_word' id='word_1_107' title='bbox 385 1461 570 1534; x_wconf 64' lang='grc' dir='ltr'>μέρεσι</span> <span class='ocrx_word' id='word_1_108' title='bbox 629 1453 943 1534; x_wconf 82' lang='grc' dir='ltr'>παραδοθῆ.</span> <span class='ocrx_word' id='word_1_109' title='bbox 1001 1454 1223 1512; x_wconf 72' lang='grc' dir='ltr'>Τούτων</span> <span class='ocrx_word' id='word_1_110' title='bbox 1283 1453 1341 1510; x_wconf 71' lang='grc' dir='ltr'>δὲ</span> <span class='ocrx_word' id='word_1_111' title='bbox 1371 1457 1513 1528; x_wconf 84' lang='grc' dir='ltr'>ὁμοῦ</span> <span class='ocrx_word' id='word_1_112' title='bbox 1558 1454 1918 1511; x_wconf 80' lang='grc' dir='ltr'>συνελθόντων</span> <span class='ocrx_word' id='word_1_113' title='bbox 1951 1455 2040 1510; x_wconf 87' lang='grc' dir='ltr'>καὶ</span> 
     </span>
    </p>
   </div>
   <div class='ocr_carea' id='block_1_17' title="bbox 380 1541 2039 1622">
    <p class='ocr_par' dir='ltr' id='par_1_17' title="bbox 380 1541 2039 1622">
     <span class='ocr_line' id='line_1_17' title="bbox 380 1541 2039 1622; baseline -0.001 -19"><span class='ocrx_word' id='word_1_114' title='bbox 380 1545 789 1622; x_wconf 65' lang='grc' dir='ltr'>πορευομένων,</span> <span class='ocrx_word' id='word_1_115' title='bbox 848 1542 1021 1614; x_wconf 81' lang='grc' dir='ltr'>ἦλθον</span> <span class='ocrx_word' id='word_1_116' title='bbox 1076 1543 1150 1606; x_wconf 79' lang='grc' dir='ltr'>εἷς</span> <span class='ocrx_word' id='word_1_117' title='bbox 1184 1542 1383 1617; x_wconf 79' lang='grc' dir='ltr'>λιμένα</span> <span class='ocrx_word' id='word_1_118' title='bbox 1415 1541 1768 1620; x_wconf 79' lang='grc' dir='ltr'>’Λριλαδιτῆς</span> <span class='ocrx_word' id='word_1_119' title='bbox 1799 1543 2039 1607; x_wconf 88' lang='grc' dir='ltr'>πόλεως.</span> 
     </span>
    </p>
   </div>
   <div class='ocr_carea' id='block_1_18' title="bbox 377 1631 2041 1711">
    <p class='ocr_par' dir='ltr' id='par_1_18' title="bbox 377 1631 2041 1711">
     <span class='ocr_line' id='line_1_18' title="bbox 377 1631 2041 1711; baseline -0.002 -19"><span class='ocrx_word' id='word_1_120' title='bbox 377 1636 516 1694; x_wconf 88' lang='grc' dir='ltr'>Τότε</span> <span class='ocrx_word' id='word_1_121' title='bbox 580 1637 609 1691; x_wconf 97' lang='lat'>6</span> <span class='ocrx_word' id='word_1_122' title='bbox 673 1637 824 1711; x_wconf 82' lang='grc' dir='ltr'>ἅγιος</span> <span class='ocrx_word' id='word_1_123' title='bbox 883 1631 1190 1703; x_wconf 81' lang='grc' dir='ltr'>Διονύσιος,</span> <span class='ocrx_word' id='word_1_124' title='bbox 1251 1632 1578 1709; x_wconf 79' lang='grc' dir='ltr'>Μάρκελλον</span> <span class='ocrx_word' id='word_1_125' title='bbox 1638 1633 1715 1697; x_wconf 84' lang='grc' dir='ltr'>εἰς</span> <span class='ocrx_word' id='word_1_126' title='bbox 1771 1633 2041 1691; x_wconf 78' lang='grc' dir='ltr'>Ἱσπανίαν</span> 
     </span>
    </p>
   </div>
   <div class='ocr_carea' id='block_1_19' title="bbox 382 1720 2042 1796">
    <p class='ocr_par' dir='ltr' id='par_1_19' title="bbox 382 1720 2042 1796">
     <span class='ocr_line' id='line_1_19' title="bbox 382 1720 2042 1796; baseline -0.003 -16"><span class='ocrx_word' id='word_1_127' title='bbox 382 1720 837 1794; x_wconf 71' lang='grc' dir='ltr'>ἀπέστειλεν,“ίνα</span> <span class='ocrx_word' id='word_1_128' title='bbox 879 1722 970 1777; x_wconf 90' lang='grc' dir='ltr'>τὸν</span> <span class='ocrx_word' id='word_1_129' title='bbox 1024 1721 1192 1796; x_wconf 77' lang='grc' dir='ltr'>λόγον</span> <span class='ocrx_word' id='word_1_130' title='bbox 1251 1728 1351 1791; x_wconf 84' lang='grc' dir='ltr'>τῆς</span> <span class='ocrx_word' id='word_1_131' title='bbox 1403 1727 1546 1792; x_wconf 80' lang='grc' dir='ltr'>ζωῆς</span> <span class='ocrx_word' id='word_1_132' title='bbox 1578 1729 1696 1784; x_wconf 86' lang='grc' dir='ltr'>ταῖς</span> <span class='ocrx_word' id='word_1_133' title='bbox 1726 1721 2042 1792; x_wconf 80' lang='grc' dir='ltr'>ἐκκλησίαις</span> 
     </span>
    </p>
   </div>
   <div class='ocr_carea' id='block_1_20' title="bbox 376 1809 2123 1920">
    <p class='ocr_par' dir='ltr' id='par_1_20' title="bbox 376 1809 2123 1920">
     <span class='ocr_line' id='line_1_20' title="bbox 376 1809 2123 1920; baseline -0.003 -50"><span class='ocrx_word' id='word_1_134' title='bbox 376 1817 475 1870; x_wconf 89' lang='grc' dir='ltr'>τοῦ</span> <span class='ocrx_word' id='word_1_135' title='bbox 506 1815 744 1888; x_wconf 79' lang='grc' dir='ltr'>Χριστοῦ</span> <span class='ocrx_word' id='word_1_136' title='bbox 775 1812 1092 1887; x_wconf 74' lang='grc' dir='ltr'>παραθήσῃ·</span> <span class='ocrx_word' id='word_1_137' title='bbox 1152 1809 1313 1872; x_wconf 82' lang='grc' dir='ltr'>αὐτὸς</span> <span class='ocrx_word' id='word_1_138' title='bbox 1347 1810 1406 1865; x_wconf 70' lang='grc' dir='ltr'>δὲ</span> <span class='ocrx_word' id='word_1_139' title='bbox 1463 1813 1491 1865; x_wconf 90' lang='lat'>6</span> <span class='ocrx_word' id='word_1_140' title='bbox 1553 1811 1703 1888; x_wconf 79' lang='grc' dir='ltr'>ἅγιος</span> <span class='ocrx_word' id='word_1_141' title='bbox 1761 1810 2043 1886; x_wconf 72' lang='grc' dir='ltr'>Διονύσιος</span> <span class='ocrx_word' id='word_1_142' title='bbox 2077 1856 2123 1920; x_wconf 77' lang='grc' dir='ltr'>Β</span> 
     </span>
     <span class='ocr_line' id='line_1_21' title="bbox 421 1897 1931 1920; baseline 0.001 -2"><span class='ocrx_word' id='word_1_143' title='bbox 421 1908 445 1918; x_wconf 63' lang='grc' dir='ltr'>ην</span> <span class='ocrx_word' id='word_1_144' title='bbox 554 1907 581 1917; x_wconf 62' lang='grc' dir='ltr'>ω</span> <span class='ocrx_word' id='word_1_145' title='bbox 645 1903 658 1920; x_wconf 66' lang='grc' dir='ltr'>ρ</span> <span class='ocrx_word' id='word_1_146' title='bbox 708 1901 719 1920; x_wconf 76' lang='grc'><strong><em>1</em></strong></span> <span class='ocrx_word' id='word_1_147' title='bbox 840 1903 883 1920; x_wconf 71' lang='grc' dir='ltr'>τῖ</span> <span class='ocrx_word' id='word_1_148' title='bbox 957 1899 970 1918; x_wconf 76' lang='grc' dir='ltr'><strong><em>Ι</em></strong></span> <span class='ocrx_word' id='word_1_149' title='bbox 1207 1897 1281 1920; x_wconf 58' lang='lat' dir='ltr'>A&#39;,</span> <span class='ocrx_word' id='word_1_150' title='bbox 1436 1900 1449 1915; x_wconf 65' lang='grc' dir='ltr'><em>Ἷ</em></span> <span class='ocrx_word' id='word_1_151' title='bbox 1569 1902 1594 1920; x_wconf 71' lang='grc' dir='ltr'><strong>Δ</strong></span> <span class='ocrx_word' id='word_1_152' title='bbox 1631 1899 1643 1915; x_wconf 79' lang='lat'><em>‘</em></span> <span class='ocrx_word' id='word_1_153' title='bbox 1764 1919 1767 1920; x_wconf 39' lang='grc' dir='ltr'><em>ν</em></span> <span class='ocrx_word' id='word_1_154' title='bbox 1832 1899 1846 1920; x_wconf 76' lang='lat'><strong><em>\</em></strong></span> <span class='ocrx_word' id='word_1_155' title='bbox 1918 1899 1931 1918; x_wconf 66' lang='grc'>9</span> 
     </span>
    </p>
   </div>
   <div class='ocr_carea' id='block_1_21' title="bbox 380 1897 2043 1978">
    <p class='ocr_par' dir='ltr' id='par_1_21' title="bbox 380 1897 2043 1978">
     <span class='ocr_line' id='line_1_22' title="bbox 380 1897 2043 1978; baseline -0.004 -19"><span class='ocrx_word' id='word_1_156' title='bbox 380 1908 449 1978; x_wconf 79' lang='grc' dir='ltr'>τῇ</span> <span class='ocrx_word' id='word_1_157' title='bbox 489 1907 585 1958; x_wconf 88' lang='grc' dir='ltr'>τοῦ</span> <span class='ocrx_word' id='word_1_158' title='bbox 634 1901 788 1977; x_wconf 77' lang='grc' dir='ltr'>ἁγίου</span> <span class='ocrx_word' id='word_1_159' title='bbox 839 1899 1152 1973; x_wconf 70' lang='grc' dir='ltr'>Πνεῦματος</span> <span class='ocrx_word' id='word_1_160' title='bbox 1203 1897 1376 1975; x_wconf 75' lang='grc' dir='ltr'>θέρμῃ</span> <span class='ocrx_word' id='word_1_161' title='bbox 1425 1899 1701 1976; x_wconf 71' lang='grc' dir='ltr'>ἀναφθεὶς,</span> <span class='ocrx_word' id='word_1_162' title='bbox 1759 1899 1849 1954; x_wconf 84' lang='grc' dir='ltr'>καὶ</span> <span class='ocrx_word' id='word_1_163' title='bbox 1907 1899 2043 1954; x_wconf 85' lang='grc' dir='ltr'>ἀπο-</span> 
     </span>
    </p>
   </div>
   <div class='ocr_carea' id='block_1_22' title="bbox 385 1986 2042 2065">
    <p class='ocr_par' dir='ltr' id='par_1_22' title="bbox 385 1986 2042 2065">
     <span class='ocr_line' id='line_1_23' title="bbox 385 1986 2042 2065; baseline -0.002 -19"><span class='ocrx_word' id='word_1_164' title='bbox 385 1990 613 2065; x_wconf 78' lang='grc' dir='ltr'>στολικῇ</span> <span class='ocrx_word' id='word_1_165' title='bbox 666 1988 985 2064; x_wconf 81' lang='grc' dir='ltr'>πληρωθεὶς</span> <span class='ocrx_word' id='word_1_166' title='bbox 1053 1986 1286 2058; x_wconf 79' lang='grc' dir='ltr'>ἐξουσίᾳ,</span> <span class='ocrx_word' id='word_1_167' title='bbox 1345 1989 1478 2063; x_wconf 74' lang='grc' dir='ltr'>ἅπερ</span> <span class='ocrx_word' id='word_1_168' title='bbox 1537 1989 1683 2063; x_wconf 86' lang='grc' dir='ltr'>παρά</span> <span class='ocrx_word' id='word_1_169' title='bbox 1733 1992 1832 2042; x_wconf 86' lang='grc' dir='ltr'>τοῦ</span> <span class='ocrx_word' id='word_1_170' title='bbox 1885 1987 2042 2063; x_wconf 82' lang='grc' dir='ltr'>ἁγίου</span> 
     </span>
    </p>
   </div>
   <div class='ocr_carea' id='block_1_23' title="bbox 389 2073 2042 2153">
    <p class='ocr_par' dir='ltr' id='par_1_23' title="bbox 389 2073 2042 2153">
     <span class='ocr_line' id='line_1_24' title="bbox 389 2073 2042 2153; baseline -0.002 -18"><span class='ocrx_word' id='word_1_171' title='bbox 389 2080 706 2153; x_wconf 76' lang='grc' dir='ltr'>Πνεῦματος</span> <span class='ocrx_word' id='word_1_172' title='bbox 765 2077 858 2133; x_wconf 74' lang='grc' dir='ltr'>σὺν</span> <span class='ocrx_word' id='word_1_173' title='bbox 917 2081 996 2149; x_wconf 81' lang='grc' dir='ltr'>τῷ</span> <span class='ocrx_word' id='word_1_174' title='bbox 1056 2075 1194 2150; x_wconf 85' lang='grc' dir='ltr'>ἁγίῳ</span> <span class='ocrx_word' id='word_1_175' title='bbox 1227 2075 1501 2149; x_wconf 76' lang='grc' dir='ltr'>Κλήμεντι</span> <span class='ocrx_word' id='word_1_176' title='bbox 1531 2081 1647 2140; x_wconf 87' lang='grc' dir='ltr'>θεῖα</span> <span class='ocrx_word' id='word_1_177' title='bbox 1686 2073 1852 2152; x_wconf 81' lang='grc' dir='ltr'>λόγια</span> <span class='ocrx_word' id='word_1_178' title='bbox 1879 2097 2042 2131; x_wconf 86' lang='grc' dir='ltr'>κατα-</span> 
     </span>
    </p>
   </div>
   <div class='ocr_carea' id='block_1_24' title="bbox 384 2161 2042 2246">
    <p class='ocr_par' dir='ltr' id='par_1_24' title="bbox 384 2161 2042 2246">
     <span class='ocr_line' id='line_1_25' title="bbox 384 2161 2042 2246; baseline -0.004 -22"><span class='ocrx_word' id='word_1_179' title='bbox 384 2174 600 2246; x_wconf 84' lang='grc' dir='ltr'>σπεῖραι</span> <span class='ocrx_word' id='word_1_180' title='bbox 653 2173 770 2230; x_wconf 82' lang='grc' dir='ltr'>τοῖς</span> <span class='ocrx_word' id='word_1_181' title='bbox 819 2161 1018 2222; x_wconf 78' lang='grc' dir='ltr'>ἔθνεσιν</span> <span class='ocrx_word' id='word_1_182' title='bbox 1073 2162 1329 2236; x_wconf 78' lang='grc' dir='ltr'>ἐδέξατο,</span> <span class='ocrx_word' id='word_1_183' title='bbox 1392 2164 1566 2220; x_wconf 81' lang='grc' dir='ltr'>πίστει</span> <span class='ocrx_word' id='word_1_184' title='bbox 1623 2162 1860 2238; x_wconf 81' lang='grc' dir='ltr'>διένειμε</span> <span class='ocrx_word' id='word_1_185' title='bbox 1913 2169 2042 2219; x_wconf 83' lang='grc' dir='ltr'>πᾶσι</span> 
     </span>
    </p>
   </div>
   <div class='ocr_carea' id='block_1_25' title="bbox 379 2253 2042 2335">
    <p class='ocr_par' dir='ltr' id='par_1_25' title="bbox 379 2253 2042 2335">
     <span class='ocr_line' id='line_1_26' title="bbox 379 2253 2042 2335; baseline -0.004 -20"><span class='ocrx_word' id='word_1_186' title='bbox 379 2265 499 2323; x_wconf 87' lang='grc' dir='ltr'>τοῖς</span> <span class='ocrx_word' id='word_1_187' title='bbox 531 2258 803 2335; x_wconf 68' lang='grc' dir='ltr'>ἑσπερίοις</span> <span class='ocrx_word' id='word_1_188' title='bbox 837 2258 1046 2334; x_wconf 78' lang='grc' dir='ltr'>μέρεσι.</span> <span class='ocrx_word' id='word_1_189' title='bbox 1095 2257 1203 2325; x_wconf 74' lang='grc' dir='ltr'>Τήν</span> <span class='ocrx_word' id='word_1_190' title='bbox 1251 2253 1604 2332; x_wconf 88' lang='grc' dir='ltr'>σκληρότητα</span> <span class='ocrx_word' id='word_1_191' title='bbox 1635 2253 1692 2310; x_wconf 76' lang='grc' dir='ltr'>δὲ</span> <span class='ocrx_word' id='word_1_192' title='bbox 1721 2261 1827 2310; x_wconf 85' lang='grc' dir='ltr'>τῶν</span> <span class='ocrx_word' id='word_1_193' title='bbox 1881 2255 2042 2310; x_wconf 86' lang='grc' dir='ltr'>ἀπεί-</span> 
     </span>
    </p>
   </div>
   <div class='ocr_carea' id='block_1_26' title="bbox 383 2340 2043 2426">
    <p class='ocr_par' dir='ltr' id='par_1_26' title="bbox 383 2340 2043 2426">
     <span class='ocr_line' id='line_1_27' title="bbox 383 2340 2043 2426; baseline -0.004 -20"><span class='ocrx_word' id='word_1_194' title='bbox 383 2370 493 2426; x_wconf 89' lang='grc' dir='ltr'>ρων</span> <span class='ocrx_word' id='word_1_195' title='bbox 547 2349 718 2405; x_wconf 74' lang='grc' dir='ltr'>έκεῖσε</span> <span class='ocrx_word' id='word_1_196' title='bbox 775 2347 942 2404; x_wconf 65' lang='grc' dir='ltr'>ἐθνῶν</span> <span class='ocrx_word' id='word_1_197' title='bbox 1003 2347 1080 2420; x_wconf 82' lang='grc' dir='ltr'>μὴ</span> <span class='ocrx_word' id='word_1_198' title='bbox 1141 2342 1424 2415; x_wconf 85' lang='grc' dir='ltr'>δεδοικὼς,</span> <span class='ocrx_word' id='word_1_199' title='bbox 1484 2343 1628 2419; x_wconf 79' lang='grc' dir='ltr'>μηδέ</span> <span class='ocrx_word' id='word_1_200' title='bbox 1654 2347 1750 2408; x_wconf 75' lang='grc' dir='ltr'>τάς</span> <span class='ocrx_word' id='word_1_201' title='bbox 1799 2340 2043 2408; x_wconf 75' lang='grc' dir='ltr'>ἀσεϐείας</span> 
     </span>
    </p>
   </div>
   <div class='ocr_carea' id='block_1_27' title="bbox 378 2431 2041 2514">
    <p class='ocr_par' dir='ltr' id='par_1_27' title="bbox 378 2431 2041 2514">
     <span class='ocr_line' id='line_1_28' title="bbox 378 2431 2041 2514; baseline -0.004 -21"><span class='ocrx_word' id='word_1_202' title='bbox 378 2443 476 2493; x_wconf 86' lang='grc' dir='ltr'>τοῦ</span> <span class='ocrx_word' id='word_1_203' title='bbox 509 2436 646 2493; x_wconf 84' lang='grc' dir='ltr'>λαοῦ</span> <span class='ocrx_word' id='word_1_204' title='bbox 702 2431 988 2514; x_wconf 73' lang='grc' dir='ltr'>φοϐηθεὶς,</span> <span class='ocrx_word' id='word_1_205' title='bbox 1047 2432 1319 2508; x_wconf 71' lang='grc' dir='ltr'>προῆλθεν</span> <span class='ocrx_word' id='word_1_206' title='bbox 1382 2434 1470 2490; x_wconf 72' lang='grc' dir='ltr'>ἐπὶ</span> <span class='ocrx_word' id='word_1_207' title='bbox 1526 2435 1590 2490; x_wconf 88' lang='grc' dir='ltr'>τὸ</span> <span class='ocrx_word' id='word_1_208' title='bbox 1633 2435 1911 2510; x_wconf 77' lang='grc' dir='ltr'>κήρυγμα,</span> <span class='ocrx_word' id='word_1_209' title='bbox 1960 2438 2041 2506; x_wconf 77' lang='grc' dir='ltr'>τῷ</span> 
     </span>
    </p>
   </div>
   <div class='ocr_carea' id='block_1_28' title="bbox 381 2521 2042 2598">
    <p class='ocr_par' dir='ltr' id='par_1_28' title="bbox 381 2521 2042 2598">
     <span class='ocr_line' id='line_1_29' title="bbox 381 2521 2042 2598; baseline -0.003 -19"><span class='ocrx_word' id='word_1_210' title='bbox 381 2530 480 2579; x_wconf 88' lang='grc' dir='ltr'>τοῦ</span> <span class='ocrx_word' id='word_1_211' title='bbox 540 2523 809 2598; x_wconf 84' lang='grc' dir='ltr'>μακαρίου</span> <span class='ocrx_word' id='word_1_212' title='bbox 863 2524 1114 2597; x_wconf 86' lang='grc' dir='ltr'>ἀρχηγοῦ</span> <span class='ocrx_word' id='word_1_213' title='bbox 1171 2524 1278 2575; x_wconf 86' lang='grc' dir='ltr'>τῶν</span> <span class='ocrx_word' id='word_1_214' title='bbox 1343 2521 1669 2577; x_wconf 85' lang='grc' dir='ltr'>ἀποστόλων</span> <span class='ocrx_word' id='word_1_215' title='bbox 1729 2521 2042 2597; x_wconf 88' lang='grc' dir='ltr'>στερεωθεὶς</span> 
     </span>
    </p>
   </div>
   <div class='ocr_carea' id='block_1_29' title="bbox 384 2606 2044 2688">
    <p class='ocr_par' dir='ltr' id='par_1_29' title="bbox 384 2606 2044 2688">
     <span class='ocr_line' id='line_1_30' title="bbox 384 2606 2044 2688; baseline -0.003 -21"><span class='ocrx_word' id='word_1_216' title='bbox 384 2611 676 2686; x_wconf 72' lang='grc' dir='ltr'>πνεύματι,</span> <span class='ocrx_word' id='word_1_217' title='bbox 732 2617 829 2667; x_wconf 86' lang='grc' dir='ltr'>τοῦ</span> <span class='ocrx_word' id='word_1_218' title='bbox 873 2611 924 2667; x_wconf 79' lang='grc' dir='ltr'>ἐν</span> <span class='ocrx_word' id='word_1_219' title='bbox 957 2613 1148 2686; x_wconf 75' lang='grc' dir='ltr'>Ῥώμῃ</span> <span class='ocrx_word' id='word_1_220' title='bbox 1178 2611 1498 2688; x_wconf 85' lang='grc' dir='ltr'>γενομένου,</span> <span class='ocrx_word' id='word_1_221' title='bbox 1529 2609 1616 2664; x_wconf 84' lang='grc' dir='ltr'>καὶ</span> <span class='ocrx_word' id='word_1_222' title='bbox 1649 2606 1898 2673; x_wconf 87' lang='grc' dir='ltr'>δοθέντος</span> <span class='ocrx_word' id='word_1_223' title='bbox 1925 2614 2044 2670; x_wconf 82' lang='grc' dir='ltr'>τοῖς</span> 
     </span>
    </p>
   </div>
   <div class='ocr_carea' id='block_1_30' title="bbox 385 2696 2042 2778">
    <p class='ocr_par' dir='ltr' id='par_1_30' title="bbox 385 2696 2042 2778">
     <span class='ocr_line' id='line_1_31' title="bbox 385 2696 2042 2778; baseline -0.003 -22"><span class='ocrx_word' id='word_1_224' title='bbox 385 2701 632 2763; x_wconf 78' lang='grc' dir='ltr'>ἀπίστοις</span> <span class='ocrx_word' id='word_1_225' title='bbox 687 2702 824 2778; x_wconf 88' lang='grc' dir='ltr'>πρὸς</span> <span class='ocrx_word' id='word_1_226' title='bbox 877 2701 1169 2776; x_wconf 83' lang='grc' dir='ltr'>τιμωρίαν.</span> <span class='ocrx_word' id='word_1_227' title='bbox 1226 2698 1330 2756; x_wconf 86' lang='grc' dir='ltr'>Καὶ</span> <span class='ocrx_word' id='word_1_228' title='bbox 1388 2697 1478 2753; x_wconf 74' lang='grc' dir='ltr'>ὅτε</span> <span class='ocrx_word' id='word_1_229' title='bbox 1534 2697 1640 2751; x_wconf 84' lang='grc' dir='ltr'>ἀπὸ</span> <span class='ocrx_word' id='word_1_230' title='bbox 1668 2704 1768 2766; x_wconf 78' lang='grc' dir='ltr'>τῆς</span> <span class='ocrx_word' id='word_1_231' title='bbox 1803 2696 2042 2759; x_wconf 88' lang='grc' dir='ltr'>Γαλλίας</span> 
     </span>
    </p>
   </div>
   <div class='ocr_carea' id='block_1_31' title="bbox 388 2784 2046 2866">
    <p class='ocr_par' dir='ltr' id='par_1_31' title="bbox 388 2784 2046 2866">
     <span class='ocr_line' id='line_1_32' title="bbox 388 2784 2046 2866; baseline -0.005 -20"><span class='ocrx_word' id='word_1_232' title='bbox 388 2791 728 2866; x_wconf 73' lang='grc' dir='ltr'>ὑποστρέψας</span> <span class='ocrx_word' id='word_1_233' title='bbox 759 2789 848 2845; x_wconf 85' lang='grc' dir='ltr'>ἐπὶ</span> <span class='ocrx_word' id='word_1_234' title='bbox 907 2789 1084 2845; x_wconf 88' lang='grc' dir='ltr'>πλείω</span> <span class='ocrx_word' id='word_1_235' title='bbox 1131 2794 1247 2850; x_wconf 86' lang='grc' dir='ltr'>τοῖς</span> <span class='ocrx_word' id='word_1_236' title='bbox 1292 2786 1526 2852; x_wconf 85' lang='grc' dir='ltr'>έθνικοῖς</span> <span class='ocrx_word' id='word_1_237' title='bbox 1583 2784 1754 2840; x_wconf 73' lang='grc' dir='ltr'>ἔθεσιν</span> <span class='ocrx_word' id='word_1_238' title='bbox 1798 2785 2046 2863; x_wconf 75' lang='grc' dir='ltr'>ἀναφθεῖ-</span> 
     </span>
    </p>
   </div>
   <div class='ocr_carea' id='block_1_32' title="bbox 387 2873 2047 2955">
    <p class='ocr_par' dir='ltr' id='par_1_32' title="bbox 387 2873 2047 2955">
     <span class='ocr_line' id='line_1_33' title="bbox 387 2873 2047 2955; baseline -0.004 -21"><span class='ocrx_word' id='word_1_239' title='bbox 387 2901 482 2934; x_wconf 91' lang='grc' dir='ltr'>σαν</span> <span class='ocrx_word' id='word_1_240' title='bbox 536 2877 674 2955; x_wconf 77' lang='grc' dir='ltr'>ἔγνω</span> <span class='ocrx_word' id='word_1_241' title='bbox 701 2879 802 2947; x_wconf 77' lang='grc' dir='ltr'>τὴν</span> <span class='ocrx_word' id='word_1_242' title='bbox 829 2876 1045 2947; x_wconf 82' lang='grc' dir='ltr'>πλάνην</span> <span class='ocrx_word' id='word_1_243' title='bbox 1067 2885 1168 2946; x_wconf 80' lang='grc' dir='ltr'>τῆς</span> <span class='ocrx_word' id='word_1_244' title='bbox 1219 2877 1410 2952; x_wconf 80' lang='grc' dir='ltr'>χώρας</span> <span class='ocrx_word' id='word_1_245' title='bbox 1460 2874 1695 2945; x_wconf 77' lang='grc' dir='ltr'>ἐκείνης,</span> <span class='ocrx_word' id='word_1_246' title='bbox 1727 2874 1869 2942; x_wconf 87' lang='grc' dir='ltr'>τότε,</span> <span class='ocrx_word' id='word_1_247' title='bbox 1931 2873 2047 2947; x_wconf 78' lang='grc' dir='ltr'>θείᾳ</span> 
     </span>
    </p>
   </div>
   <div class='ocr_carea' id='block_1_33' title="bbox 388 2961 2047 3043">
    <p class='ocr_par' dir='ltr' id='par_1_33' title="bbox 388 2961 2047 3043">
     <span class='ocr_line' id='line_1_34' title="bbox 388 2961 2047 3043; baseline -0.003 -21"><span class='ocrx_word' id='word_1_248' title='bbox 388 2969 560 3042; x_wconf 78' lang='grc' dir='ltr'>σκέπῃ</span> <span class='ocrx_word' id='word_1_249' title='bbox 613 2967 1039 3043; x_wconf 85' lang='grc' dir='ltr'>χρηματισθεὶς,</span> <span class='ocrx_word' id='word_1_250' title='bbox 1071 2965 1292 3022; x_wconf 85' lang='grc' dir='ltr'>δυνατὸν</span> <span class='ocrx_word' id='word_1_251' title='bbox 1347 2964 1437 3020; x_wconf 83' lang='grc' dir='ltr'>καὶ</span> <span class='ocrx_word' id='word_1_252' title='bbox 1479 2963 1744 3034; x_wconf 84' lang='grc' dir='ltr'>ἀληθινὸς</span> <span class='ocrx_word' id='word_1_253' title='bbox 1799 2961 2047 3033; x_wconf 76' lang='grc' dir='ltr'>ἀθλητής</span> 
     </span>
    </p>
   </div>
   <div class='ocr_carea' id='block_1_34' title="bbox 388 3048 2046 3133">
    <p class='ocr_par' dir='ltr' id='par_1_34' title="bbox 388 3048 2046 3133">
     <span class='ocr_line' id='line_1_35' title="bbox 388 3048 2046 3133; baseline -0.003 -22"><span class='ocrx_word' id='word_1_254' title='bbox 388 3054 714 3132; x_wconf 81' lang='grc' dir='ltr'>ἀπεδείχθη,</span> <span class='ocrx_word' id='word_1_255' title='bbox 775 3055 1060 3133; x_wconf 75' lang='grc' dir='ltr'>ἰπιρρίψας</span> <span class='ocrx_word' id='word_1_256' title='bbox 1093 3055 1280 3110; x_wconf 71' lang='grc' dir='ltr'>ἑαυτὸν</span> <span class='ocrx_word' id='word_1_257' title='bbox 1340 3059 1456 3115; x_wconf 86' lang='grc' dir='ltr'>τοῖς</span> <span class='ocrx_word' id='word_1_258' title='bbox 1513 3053 1737 3128; x_wconf 87' lang='grc' dir='ltr'>ἀγῶσιν,</span> <span class='ocrx_word' id='word_1_259' title='bbox 1793 3048 1908 3121; x_wconf 66' lang='grc' dir='ltr'>ἵνα,</span> <span class='ocrx_word' id='word_1_260' title='bbox 1968 3051 2046 3114; x_wconf 88' lang='grc' dir='ltr'>ὡς</span> 
     </span>
    </p>
   </div>
   <div class='ocr_carea' id='block_1_35' title="bbox 386 3138 2042 3222">
    <p class='ocr_par' dir='ltr' id='par_1_35' title="bbox 386 3138 2042 3222">
     <span class='ocr_line' id='line_1_36' title="bbox 386 3138 2042 3222; baseline -0.004 -22"><span class='ocrx_word' id='word_1_261' title='bbox 386 3142 535 3218; x_wconf 75' lang='grc' dir='ltr'>ἄξιος</span> <span class='ocrx_word' id='word_1_262' title='bbox 589 3145 852 3222; x_wconf 77' lang='grc' dir='ltr'>ὑπάρχων</span> <span class='ocrx_word' id='word_1_263' title='bbox 906 3142 1208 3219; x_wconf 82' lang='grc' dir='ltr'>ὁμολογίας</span> <span class='ocrx_word' id='word_1_264' title='bbox 1257 3141 1346 3198; x_wconf 85' lang='grc' dir='ltr'>καὶ</span> <span class='ocrx_word' id='word_1_265' title='bbox 1399 3139 1764 3216; x_wconf 86' lang='grc' dir='ltr'>πληρώσεως,</span> <span class='ocrx_word' id='word_1_266' title='bbox 1795 3138 2042 3215; x_wconf 84' lang='grc' dir='ltr'>γενέσθαι</span> 
     </span>
    </p>
   </div>
   <div class='ocr_carea' id='block_1_36' title="bbox 2149 566 3800 646">
    <p class='ocr_par' dir='ltr' id='par_1_36' title="bbox 2149 566 3800 646">
     <span class='ocr_line' id='line_1_37' title="bbox 2149 566 3800 646; baseline 0.006 -25"><span class='ocrx_word' id='word_1_267' title='bbox 2149 566 2390 639; x_wconf 89' lang='lat' dir='ltr'><strong>illicque</strong></span> <span class='ocrx_word' id='word_1_268' title='bbox 2409 569 2660 641; x_wconf 69' lang='lat' dir='ltr'><strong>praedica</strong></span> <span class='ocrx_word' id='word_1_269' title='bbox 2680 569 3055 639; x_wconf 78' lang='lat' dir='ltr'><strong>Evangelium</strong></span> <span class='ocrx_word' id='word_1_270' title='bbox 3078 571 3556 643; x_wconf 79' lang='lat' dir='ltr'><strong>regnicoelorum,</strong></span> <span class='ocrx_word' id='word_1_271' title='bbox 3577 574 3800 646; x_wconf 76' lang='lat' dir='ltr'>tibique</span> 
     </span>
    </p>
   </div>
   <div class='ocr_carea' id='block_1_37' title="bbox 2148 656 3798 730">
    <p class='ocr_par' dir='ltr' id='par_1_37' title="bbox 2148 656 3798 730">
     <span class='ocr_line' id='line_1_38' title="bbox 2148 656 3798 730; baseline 0.004 -18"><span class='ocrx_word' id='word_1_272' title='bbox 2148 662 2272 712; x_wconf 83' lang='lat' dir='ltr'><strong>esto</strong></span> <span class='ocrx_word' id='word_1_273' title='bbox 2302 656 2522 728; x_wconf 79' lang='lat' dir='ltr'>ligandi</span> <span class='ocrx_word' id='word_1_274' title='bbox 2552 673 2618 713; x_wconf 93' lang='lat' dir='ltr'>ac</span> <span class='ocrx_word' id='word_1_275' title='bbox 2651 657 2918 714; x_wconf 79' lang='lat' dir='ltr'>solvendi</span> <span class='ocrx_word' id='word_1_276' title='bbox 2954 663 3237 730; x_wconf 77' lang='lat' dir='ltr'>potestas,</span> <span class='ocrx_word' id='word_1_277' title='bbox 3273 667 3336 716; x_wconf 90' lang='lat' dir='ltr'>ut</span> <span class='ocrx_word' id='word_1_278' title='bbox 3364 661 3579 718; x_wconf 77' lang='lat' dir='ltr'>Christi</span> <span class='ocrx_word' id='word_1_279' title='bbox 3610 663 3798 719; x_wconf 87' lang='lat' dir='ltr'><strong>Evan-</strong></span> 
     </span>
    </p>
   </div>
   <div class='ocr_carea' id='block_1_38' title="bbox 2149 745 3802 821">
    <p class='ocr_par' dir='ltr' id='par_1_38' title="bbox 2149 745 3802 821">
     <span class='ocr_line' id='line_1_39' title="bbox 2149 745 3802 821; baseline 0.004 -20"><span class='ocrx_word' id='word_1_280' title='bbox 2149 745 2369 817; x_wconf 87' lang='lat' dir='ltr'><strong>gelium</strong></span> <span class='ocrx_word' id='word_1_281' title='bbox 2400 750 2518 802; x_wconf 80' lang='lat' dir='ltr'>ate</span> <span class='ocrx_word' id='word_1_282' title='bbox 2547 747 2719 803; x_wconf 89' lang='lat' dir='ltr'><strong>etiam</strong></span> <span class='ocrx_word' id='word_1_283' title='bbox 2749 748 2920 820; x_wconf 87' lang='lat' dir='ltr'><strong>longe</strong></span> <span class='ocrx_word' id='word_1_284' title='bbox 2951 748 3184 821; x_wconf 81' lang='lat' dir='ltr'>lateque</span> <span class='ocrx_word' id='word_1_285' title='bbox 3218 750 3605 821; x_wconf 56' lang='lat' dir='ltr'><strong>diffundatur,</strong></span> <span class='ocrx_word' id='word_1_286' title='bbox 3655 758 3720 808; x_wconf 88' lang='lat' dir='ltr'>ut</span> <span class='ocrx_word' id='word_1_287' title='bbox 3769 770 3802 808; x_wconf 78' lang='grc' dir='ltr'>α</span> 
     </span>
    </p>
   </div>
   <div class='ocr_carea' id='block_1_39' title="bbox 2149 835 3798 908">
    <p class='ocr_par' dir='ltr' id='par_1_39' title="bbox 2149 835 3798 908">
     <span class='ocr_line' id='line_1_40' title="bbox 2149 835 3798 908; baseline 0.006 -18"><span class='ocrx_word' id='word_1_288' title='bbox 2149 835 2398 890; x_wconf 91' lang='lat' dir='ltr'><strong>Domino</strong></span> <span class='ocrx_word' id='word_1_289' title='bbox 2427 841 2712 908; x_wconf 86' lang='lat' dir='ltr'><strong>tanquam</strong></span> <span class='ocrx_word' id='word_1_290' title='bbox 2770 837 2960 893; x_wconf 81' lang='lat' dir='ltr'><strong>ﬁdelis</strong></span> <span class='ocrx_word' id='word_1_291' title='bbox 3020 854 3223 894; x_wconf 89' lang='lat' dir='ltr'><strong>servus</strong></span> <span class='ocrx_word' id='word_1_292' title='bbox 3279 839 3484 895; x_wconf 91' lang='lat' dir='ltr'><strong>audire</strong></span> <span class='ocrx_word' id='word_1_293' title='bbox 3519 857 3798 899; x_wconf 88' lang='lat' dir='ltr'><strong>mereare.</strong></span> 
     </span>
    </p>
   </div>
   <div class='ocr_carea' id='block_1_40' title="bbox 2149 924 3797 1001">
    <p class='ocr_par' dir='ltr' id='par_1_40' title="bbox 2149 924 3797 1001">
     <span class='ocr_line' id='line_1_41' title="bbox 2149 924 3797 1001; baseline 0.005 -23"><span class='ocrx_word' id='word_1_294' title='bbox 2149 924 2317 993; x_wconf 84' lang='lat' dir='ltr'>Euge,</span> <span class='ocrx_word' id='word_1_295' title='bbox 2374 941 2528 982; x_wconf 79' lang='lat' dir='ltr'><strong>serve</strong></span> <span class='ocrx_word' id='word_1_296' title='bbox 2584 926 2722 981; x_wconf 81' lang='lat' dir='ltr'><strong>boue</strong></span> <span class='ocrx_word' id='word_1_297' title='bbox 2777 929 2827 982; x_wconf 82' lang='lat' dir='ltr'>et</span> <span class='ocrx_word' id='word_1_298' title='bbox 2908 927 3110 996; x_wconf 73' lang='lat' dir='ltr'><strong>ﬁdelis,</strong></span> <span class='ocrx_word' id='word_1_299' title='bbox 3191 929 3334 999; x_wconf 79' lang='lat' dir='ltr'><strong>quia</strong></span> <span class='ocrx_word' id='word_1_300' title='bbox 3418 945 3586 1000; x_wconf 76' lang='lat' dir='ltr'><strong>super</strong></span> <span class='ocrx_word' id='word_1_301' title='bbox 3664 947 3797 1001; x_wconf 82' lang='lat' dir='ltr'><strong>pau-</strong></span> 
     </span>
    </p>
   </div>
   <div class='ocr_carea' id='block_1_41' title="bbox 2149 1014 3795 1086">
    <p class='ocr_par' dir='ltr' id='par_1_41' title="bbox 2149 1014 3795 1086">
     <span class='ocr_line' id='line_1_42' title="bbox 2149 1014 3795 1086; baseline 0.004 -18"><span class='ocrx_word' id='word_1_302' title='bbox 2149 1029 2212 1068; x_wconf 83' lang='lat' dir='ltr'>ca</span> <span class='ocrx_word' id='word_1_303' title='bbox 2289 1015 2449 1085; x_wconf 79' lang='lat' dir='ltr'><strong>fuisti</strong></span> <span class='ocrx_word' id='word_1_304' title='bbox 2528 1014 2728 1085; x_wconf 79' lang='lat' dir='ltr'><strong>ﬁdelis,</strong></span> <span class='ocrx_word' id='word_1_305' title='bbox 2814 1031 2987 1086; x_wconf 78' lang='lat' dir='ltr'><strong>supra</strong></span> <span class='ocrx_word' id='word_1_306' title='bbox 3062 1019 3240 1071; x_wconf 78' lang='lat' dir='ltr'><strong>multa</strong></span> <span class='ocrx_word' id='word_1_307' title='bbox 3311 1020 3364 1072; x_wconf 80' lang='lat' dir='ltr'>te</span> <span class='ocrx_word' id='word_1_308' title='bbox 3436 1021 3795 1075; x_wconf 73' lang='lat' dir='ltr'>constituam.</span> 
     </span>
    </p>
   </div>
   <div class='ocr_carea' id='block_1_42' title="bbox 2148 1104 3801 1177">
    <p class='ocr_par' dir='ltr' id='par_1_42' title="bbox 2148 1104 3801 1177">
     <span class='ocr_line' id='line_1_43' title="bbox 2148 1104 3801 1177; baseline 0.004 -19"><span class='ocrx_word' id='word_1_309' title='bbox 2148 1105 2303 1158; x_wconf 81' lang='lat' dir='ltr'><strong>Intra</strong></span> <span class='ocrx_word' id='word_1_310' title='bbox 2359 1105 2420 1158; x_wconf 84' lang='lat' dir='ltr'><strong>in</strong></span> <span class='ocrx_word' id='word_1_311' title='bbox 2474 1104 2740 1175; x_wconf 79' lang='lat' dir='ltr'>gaudium</span> <span class='ocrx_word' id='word_1_312' title='bbox 2797 1104 3021 1160; x_wconf 86' lang='lat' dir='ltr'><strong>Domini</strong></span> <span class='ocrx_word' id='word_1_313' title='bbox 3082 1107 3168 1160; x_wconf 82' lang='lat' dir='ltr'>iui</span> <span class='ocrx_word' id='word_1_314' title='bbox 3221 1105 3323 1177; x_wconf 79' lang='grc' dir='ltr'>(η.)</span> <span class='ocrx_word' id='word_1_315' title='bbox 3397 1107 3550 1162; x_wconf 87' lang='lat' dir='ltr'>Socii</span> <span class='ocrx_word' id='word_1_316' title='bbox 3608 1114 3801 1166; x_wconf 90' lang='lat' dir='ltr'><strong>autem</strong></span> 
     </span>
    </p>
   </div>
   <div class='ocr_carea' id='block_1_43' title="bbox 2149 1191 3803 1264">
    <p class='ocr_par' dir='ltr' id='par_1_43' title="bbox 2149 1191 3803 1264">
     <span class='ocr_line' id='line_1_44' title="bbox 2149 1191 3803 1264; baseline 0.004 -16"><span class='ocrx_word' id='word_1_317' title='bbox 2149 1191 2306 1248; x_wconf 83' lang='lat' dir='ltr'>beati</span> <span class='ocrx_word' id='word_1_318' title='bbox 2351 1191 2618 1264; x_wconf 82' lang='lat' dir='ltr'>Dionysii</span> <span class='ocrx_word' id='word_1_319' title='bbox 2670 1194 2907 1249; x_wconf 86' lang='lat' dir='ltr'><strong>fuerunt</strong></span> <span class='ocrx_word' id='word_1_320' title='bbox 2955 1193 3335 1259; x_wconf 83' lang='lat' dir='ltr'><strong>Saturninus,</strong></span> <span class='ocrx_word' id='word_1_321' title='bbox 3383 1195 3697 1253; x_wconf 85' lang='lat' dir='ltr'><strong>Marcellus</strong></span> <span class='ocrx_word' id='word_1_322' title='bbox 3745 1204 3803 1254; x_wconf 89' lang='lat' dir='ltr'>et</span> 
     </span>
    </p>
   </div>
   <div class='ocr_carea' id='block_1_44' title="bbox 2152 1283 3800 1356">
    <p class='ocr_par' dir='ltr' id='par_1_44' title="bbox 2152 1283 3800 1356">
     <span class='ocr_line' id='line_1_45' title="bbox 2152 1283 3800 1356; baseline 0.004 -18"><span class='ocrx_word' id='word_1_323' title='bbox 2152 1283 2468 1354; x_wconf 87' lang='lat' dir='ltr'><strong>Lucianus,</strong></span> <span class='ocrx_word' id='word_1_324' title='bbox 2502 1284 2603 1356; x_wconf 88' lang='lat' dir='ltr'>qui</span> <span class='ocrx_word' id='word_1_325' title='bbox 2638 1300 2774 1340; x_wconf 91' lang='lat' dir='ltr'>cum</span> <span class='ocrx_word' id='word_1_326' title='bbox 2809 1300 2873 1339; x_wconf 91' lang='lat' dir='ltr'><strong>eo</strong></span> <span class='ocrx_word' id='word_1_327' title='bbox 2933 1288 3122 1350; x_wconf 86' lang='lat' dir='ltr'><strong>erant,</strong></span> <span class='ocrx_word' id='word_1_328' title='bbox 3183 1290 3248 1339; x_wconf 89' lang='lat' dir='ltr'>ut</span> <span class='ocrx_word' id='word_1_329' title='bbox 3303 1302 3372 1340; x_wconf 81' lang='lat' dir='ltr'><strong>ex</strong></span> <span class='ocrx_word' id='word_1_330' title='bbox 3419 1302 3517 1341; x_wconf 89' lang='lat' dir='ltr'>ore</span> <span class='ocrx_word' id='word_1_331' title='bbox 3547 1287 3800 1345; x_wconf 90' lang='lat' dir='ltr'><strong>duorum</strong></span> 
     </span>
    </p>
   </div>
   <div class='ocr_carea' id='block_1_45' title="bbox 2148 1371 3800 1446">
    <p class='ocr_par' dir='ltr' id='par_1_45' title="bbox 2148 1371 3800 1446">
     <span class='ocr_line' id='line_1_46' title="bbox 2148 1371 3800 1446; baseline 0.004 -20"><span class='ocrx_word' id='word_1_332' title='bbox 2148 1371 2238 1426; x_wconf 86' lang='lat' dir='ltr'>vel</span> <span class='ocrx_word' id='word_1_333' title='bbox 2267 1373 2448 1427; x_wconf 90' lang='lat' dir='ltr'><strong>trium</strong></span> <span class='ocrx_word' id='word_1_334' title='bbox 2481 1372 2746 1437; x_wconf 88' lang='lat' dir='ltr'><strong>testium,</strong></span> <span class='ocrx_word' id='word_1_335' title='bbox 2805 1372 2950 1427; x_wconf 84' lang='lat' dir='ltr'><strong>fides</strong></span> <span class='ocrx_word' id='word_1_336' title='bbox 3007 1371 3474 1428; x_wconf 82' lang='lat' dir='ltr'><strong>Christianorum</strong></span> <span class='ocrx_word' id='word_1_337' title='bbox 3537 1375 3800 1446; x_wconf 88' lang='lat' dir='ltr'><strong>partibus</strong></span> 
     </span>
    </p>
   </div>
   <div class='ocr_carea' id='block_1_46' title="bbox 2149 1460 3798 1532">
    <p class='ocr_par' dir='ltr' id='par_1_46' title="bbox 2149 1460 3798 1532">
     <span class='ocr_line' id='line_1_47' title="bbox 2149 1460 3798 1532; baseline 0.004 -17"><span class='ocrx_word' id='word_1_338' title='bbox 2149 1476 2277 1532; x_wconf 76' lang='lat' dir='ltr'><strong>quae</strong></span> <span class='ocrx_word' id='word_1_339' title='bbox 2307 1477 2437 1516; x_wconf 86' lang='lat' dir='ltr'>eam</span> <span class='ocrx_word' id='word_1_340' title='bbox 2470 1460 2841 1532; x_wconf 80' lang='lat' dir='ltr'>ignorabant,</span> <span class='ocrx_word' id='word_1_341' title='bbox 2875 1461 3229 1517; x_wconf 77' lang='lat' dir='ltr'>traderetur.</span> <span class='ocrx_word' id='word_1_342' title='bbox 3279 1463 3345 1516; x_wconf 87' lang='lat' dir='ltr'>Hi</span> <span class='ocrx_word' id='word_1_343' title='bbox 3398 1479 3534 1518; x_wconf 89' lang='lat' dir='ltr'>cum</span> <span class='ocrx_word' id='word_1_344' title='bbox 3588 1480 3798 1521; x_wconf 89' lang='lat' dir='ltr'><strong>convc-</strong></span> 
     </span>
    </p>
   </div>
   <div class='ocr_carea' id='block_1_47' title="bbox 2151 1549 3800 1624">
    <p class='ocr_par' dir='ltr' id='par_1_47' title="bbox 2151 1549 3800 1624">
     <span class='ocr_line' id='line_1_48' title="bbox 2151 1549 3800 1624; baseline 0.003 -20"><span class='ocrx_word' id='word_1_345' title='bbox 2151 1549 2397 1621; x_wconf 84' lang='lat' dir='ltr'><strong>nissent,</strong></span> <span class='ocrx_word' id='word_1_346' title='bbox 2431 1553 2488 1605; x_wconf 88' lang='lat' dir='ltr'>et</span> <span class='ocrx_word' id='word_1_347' title='bbox 2518 1567 2634 1606; x_wconf 88' lang='lat' dir='ltr'>una</span> <span class='ocrx_word' id='word_1_348' title='bbox 2665 1550 2775 1605; x_wconf 89' lang='lat' dir='ltr'><strong>iter</strong></span> <span class='ocrx_word' id='word_1_349' title='bbox 2809 1550 3085 1620; x_wconf 82' lang='lat' dir='ltr'><strong>facerent,</strong></span> <span class='ocrx_word' id='word_1_350' title='bbox 3118 1556 3510 1622; x_wconf 87' lang='lat' dir='ltr'><strong>pervenerunt</strong></span> <span class='ocrx_word' id='word_1_351' title='bbox 3535 1552 3606 1608; x_wconf 91' lang='lat' dir='ltr'>ad</span> <span class='ocrx_word' id='word_1_352' title='bbox 3668 1569 3800 1624; x_wconf 88' lang='lat' dir='ltr'><strong>por-</strong></span> 
     </span>
    </p>
   </div>
   <div class='ocr_carea' id='block_1_48' title="bbox 2149 1638 3801 1714">
    <p class='ocr_par' dir='ltr' id='par_1_48' title="bbox 2149 1638 3801 1714">
     <span class='ocr_line' id='line_1_49' title="bbox 2149 1638 3801 1714; baseline 0.003 -21"><span class='ocrx_word' id='word_1_353' title='bbox 2149 1642 2274 1694; x_wconf 88' lang='lat' dir='ltr'>tum</span> <span class='ocrx_word' id='word_1_354' title='bbox 2305 1638 2668 1695; x_wconf 76' lang='lat' dir='ltr'>Arelatensis</span> <span class='ocrx_word' id='word_1_355' title='bbox 2731 1639 2914 1695; x_wconf 89' lang='lat' dir='ltr'><strong>urbis.</strong></span> <span class='ocrx_word' id='word_1_356' title='bbox 2976 1639 3123 1694; x_wconf 90' lang='lat' dir='ltr'><strong>Turn</strong></span> <span class='ocrx_word' id='word_1_357' title='bbox 3183 1644 3427 1696; x_wconf 83' lang='lat' dir='ltr'><strong>sanctus</strong></span> <span class='ocrx_word' id='word_1_358' title='bbox 3463 1640 3801 1714; x_wconf 74' lang='lat' dir='ltr'>Dionysius,</span> 
     </span>
    </p>
   </div>
   <div class='ocr_carea' id='block_1_49' title="bbox 2148 1727 3802 1800">
    <p class='ocr_par' dir='ltr' id='par_1_49' title="bbox 2148 1727 3802 1800">
     <span class='ocr_line' id='line_1_50' title="bbox 2148 1727 3802 1800; baseline 0.004 -19"><span class='ocrx_word' id='word_1_359' title='bbox 2148 1727 2416 1784; x_wconf 87' lang='lat' dir='ltr'><strong>Marcello</strong></span> <span class='ocrx_word' id='word_1_360' title='bbox 2453 1729 2632 1784; x_wconf 87' lang='lat' dir='ltr'><strong>misso</strong></span> <span class='ocrx_word' id='word_1_361' title='bbox 2662 1728 2720 1782; x_wconf 93' lang='lat' dir='ltr'><strong>in</strong></span> <span class='ocrx_word' id='word_1_362' title='bbox 2747 1727 3112 1800; x_wconf 89' lang='lat' dir='ltr'><strong>Hispaniam,</strong></span> <span class='ocrx_word' id='word_1_363' title='bbox 3165 1733 3228 1784; x_wconf 89' lang='lat' dir='ltr'>ut</span> <span class='ocrx_word' id='word_1_364' title='bbox 3257 1729 3472 1785; x_wconf 81' lang='lat' dir='ltr'>Christi</span> <span class='ocrx_word' id='word_1_365' title='bbox 3529 1730 3802 1787; x_wconf 83' lang='lat' dir='ltr'><strong>Ecclesiis</strong></span> 
     </span>
    </p>
   </div>
   <div class='ocr_carea' id='block_1_50' title="bbox 2149 1817 3802 1890">
    <p class='ocr_par' dir='ltr' id='par_1_50' title="bbox 2149 1817 3802 1890">
     <span class='ocr_line' id='line_1_51' title="bbox 2149 1817 3802 1890; baseline 0.003 -19"><span class='ocrx_word' id='word_1_366' title='bbox 2149 1817 2396 1872; x_wconf 86' lang='lat' dir='ltr'><strong>verbum</strong></span> <span class='ocrx_word' id='word_1_367' title='bbox 2429 1819 2557 1874; x_wconf 73' lang='lat' dir='ltr'><strong>vitae</strong></span> <span class='ocrx_word' id='word_1_368' title='bbox 2583 1821 2960 1890; x_wconf 84' lang='lat' dir='ltr'><strong>proponeret,</strong></span> <span class='ocrx_word' id='word_1_369' title='bbox 2979 1817 3104 1888; x_wconf 89' lang='lat' dir='ltr'><strong>ipse</strong></span> <span class='ocrx_word' id='word_1_370' title='bbox 3122 1817 3374 1889; x_wconf 88' lang='lat' dir='ltr'>Spiritus</span> <span class='ocrx_word' id='word_1_371' title='bbox 3400 1819 3587 1874; x_wconf 83' lang='lat' dir='ltr'>sancti</span> <span class='ocrx_word' id='word_1_372' title='bbox 3610 1821 3802 1876; x_wconf 73' lang='lat' dir='ltr'><strong>calore</strong></span> 
     </span>
    </p>
   </div>
   <div class='ocr_carea' id='block_1_51' title="bbox 2153 1905 3802 1980">
    <p class='ocr_par' dir='ltr' id='par_1_51' title="bbox 2153 1905 3802 1980">
     <span class='ocr_line' id='line_1_52' title="bbox 2153 1905 3802 1980; baseline 0.003 -20"><span class='ocrx_word' id='word_1_373' title='bbox 2153 1905 2454 1974; x_wconf 91' lang='lat' dir='ltr'><strong>incensus,</strong></span> <span class='ocrx_word' id='word_1_374' title='bbox 2485 1911 2542 1962; x_wconf 90' lang='lat' dir='ltr'>et</span> <span class='ocrx_word' id='word_1_375' title='bbox 2570 1905 2903 1978; x_wconf 63' lang='lat' dir='ltr'><strong>apostolica</strong></span> <span class='ocrx_word' id='word_1_376' title='bbox 2934 1905 3244 1978; x_wconf 85' lang='lat' dir='ltr'><strong>potestatis</strong></span> <span class='ocrx_word' id='word_1_377' title='bbox 3284 1906 3518 1979; x_wconf 90' lang='lat' dir='ltr'><strong>plenus,</strong></span> <span class='ocrx_word' id='word_1_378' title='bbox 3574 1925 3701 1980; x_wconf 65' lang='lat' dir='ltr'>qum</span> <span class='ocrx_word' id='word_1_379' title='bbox 3766 1926 3802 1966; x_wconf 78' lang='grc' dir='ltr'>α</span> 
     </span>
    </p>
   </div>
   <div class='ocr_carea' id='block_1_52' title="bbox 2153 1993 3803 2066">
    <p class='ocr_par' dir='ltr' id='par_1_52' title="bbox 2153 1993 3803 2066">
     <span class='ocr_line' id='line_1_53' title="bbox 2153 1993 3803 2066; baseline 0.004 -18"><span class='ocrx_word' id='word_1_380' title='bbox 2153 1994 2372 2066; x_wconf 84' lang='lat' dir='ltr'><strong>Spiritu</strong></span> <span class='ocrx_word' id='word_1_381' title='bbox 2407 1999 2610 2050; x_wconf 86' lang='lat' dir='ltr'><strong>sancto</strong></span> <span class='ocrx_word' id='word_1_382' title='bbox 2641 2011 2776 2049; x_wconf 90' lang='lat' dir='ltr'>cum</span> <span class='ocrx_word' id='word_1_383' title='bbox 2808 1999 3012 2050; x_wconf 86' lang='lat' dir='ltr'><strong>sancto</strong></span> <span class='ocrx_word' id='word_1_384' title='bbox 3044 1993 3341 2050; x_wconf 88' lang='lat' dir='ltr'><strong>Clemente</strong></span> <span class='ocrx_word' id='word_1_385' title='bbox 3398 1996 3581 2052; x_wconf 88' lang='lat' dir='ltr'>divini</span> <span class='ocrx_word' id='word_1_386' title='bbox 3642 1997 3803 2054; x_wconf 87' lang='lat' dir='ltr'><strong>verbi</strong></span> 
     </span>
    </p>
   </div>
   <div class='ocr_carea' id='block_1_53' title="bbox 2155 2083 3806 2156">
    <p class='ocr_par' dir='ltr' id='par_1_53' title="bbox 2155 2083 3806 2156">
     <span class='ocr_line' id='line_1_54' title="bbox 2155 2083 3806 2156; baseline 0.003 -18"><span class='ocrx_word' id='word_1_387' title='bbox 2155 2083 2384 2139; x_wconf 83' lang='lat' dir='ltr'><strong>semina</strong></span> <span class='ocrx_word' id='word_1_388' title='bbox 2413 2083 2747 2155; x_wconf 90' lang='lat' dir='ltr'><strong>spargenda</strong></span> <span class='ocrx_word' id='word_1_389' title='bbox 2773 2089 2832 2138; x_wconf 89' lang='lat' dir='ltr'>et</span> <span class='ocrx_word' id='word_1_390' title='bbox 2854 2083 3103 2139; x_wconf 90' lang='lat' dir='ltr'><strong>serenda</strong></span> <span class='ocrx_word' id='word_1_391' title='bbox 3133 2084 3281 2138; x_wconf 75' lang='lat'>897</span> <span class='ocrx_word' id='word_1_392' title='bbox 3320 2085 3594 2156; x_wconf 88' lang='lat' dir='ltr'><strong>gentibus</strong></span> <span class='ocrx_word' id='word_1_393' title='bbox 3646 2103 3806 2143; x_wconf 87' lang='lat' dir='ltr'><strong>acce-</strong></span> 
     </span>
    </p>
   </div>
   <div class='ocr_carea' id='block_1_54' title="bbox 2154 2171 3806 2248">
    <p class='ocr_par' dir='ltr' id='par_1_54' title="bbox 2154 2171 3806 2248">
     <span class='ocr_line' id='line_1_55' title="bbox 2154 2171 3806 2248; baseline 0.004 -22"><span class='ocrx_word' id='word_1_394' title='bbox 2154 2172 2357 2244; x_wconf 87' lang='lat' dir='ltr'><strong>pisset,</strong></span> <span class='ocrx_word' id='word_1_395' title='bbox 2390 2172 2665 2228; x_wconf 91' lang='lat' dir='ltr'><strong>omnibus</strong></span> <span class='ocrx_word' id='word_1_396' title='bbox 2690 2171 2957 2243; x_wconf 89' lang='lat' dir='ltr'><strong>partibus</strong></span> <span class='ocrx_word' id='word_1_397' title='bbox 2991 2189 3117 2244; x_wconf 83' lang='lat' dir='ltr'><strong>quae</strong></span> <span class='ocrx_word' id='word_1_398' title='bbox 3145 2173 3216 2227; x_wconf 90' lang='lat' dir='ltr'>ad</span> <span class='ocrx_word' id='word_1_399' title='bbox 3251 2173 3609 2230; x_wconf 86' lang='lat' dir='ltr'><strong>occidentem</strong></span> <span class='ocrx_word' id='word_1_400' title='bbox 3668 2193 3806 2248; x_wconf 88' lang='lat' dir='ltr'><strong>per-</strong></span> 
     </span>
    </p>
   </div>
   <div class='ocr_carea' id='block_1_55' title="bbox 2154 2251 3802 2331">
    <p class='ocr_par' dir='ltr' id='par_1_55' title="bbox 2154 2251 3802 2331">
     <span class='ocr_line' id='line_1_56' title="bbox 2154 2251 3802 2331; baseline 0.004 -15"><span class='ocrx_word' id='word_1_401' title='bbox 2154 2261 2364 2331; x_wconf 89' lang='lat' dir='ltr'><strong>tinent,</strong></span> <span class='ocrx_word' id='word_1_402' title='bbox 2397 2251 2722 2317; x_wconf 79' lang='lat' dir='ltr'><strong>distribuit.</strong></span> <span class='ocrx_word' id='word_1_403' title='bbox 2759 2261 3042 2316; x_wconf 86' lang='lat' dir='ltr'><strong>Duritiam</strong></span> <span class='ocrx_word' id='word_1_404' title='bbox 3076 2265 3272 2318; x_wconf 86' lang='lat' dir='ltr'><strong>autem</strong></span> <span class='ocrx_word' id='word_1_405' title='bbox 3330 2267 3388 2318; x_wconf 88' lang='lat' dir='ltr'>et</span> <span class='ocrx_word' id='word_1_406' title='bbox 3444 2264 3802 2322; x_wconf 81' lang='lat' dir='ltr'><strong>ferocitatem</strong></span> 
     </span>
    </p>
   </div>
   <div class='ocr_carea' id='block_1_56' title="bbox 2155 2350 3802 2424">
    <p class='ocr_par' dir='ltr' id='par_1_56' title="bbox 2155 2350 3802 2424">
     <span class='ocr_line' id='line_1_57' title="bbox 2155 2350 3802 2424; baseline 0.002 -18"><span class='ocrx_word' id='word_1_407' title='bbox 2155 2350 2565 2422; x_wconf 66' lang='lat' dir='ltr'><strong>imperitarunt</strong></span> <span class='ocrx_word' id='word_1_408' title='bbox 2625 2351 3128 2422; x_wconf 83' lang='lat' dir='ltr'><strong>barbararumque</strong></span> <span class='ocrx_word' id='word_1_409' title='bbox 3187 2351 3474 2422; x_wconf 88' lang='lat' dir='ltr'><strong>gentium,</strong></span> <span class='ocrx_word' id='word_1_410' title='bbox 3525 2369 3652 2424; x_wconf 73' lang='lat' dir='ltr'><strong>qua:</strong></span> <span class='ocrx_word' id='word_1_411' title='bbox 3683 2353 3802 2410; x_wconf 89' lang='lat' dir='ltr'><strong>illic</strong></span> 
     </span>
    </p>
   </div>
   <div class='ocr_carea' id='block_1_57' title="bbox 2155 2438 3802 2514">
    <p class='ocr_par' dir='ltr' id='par_1_57' title="bbox 2155 2438 3802 2514">
     <span class='ocr_line' id='line_1_58' title="bbox 2155 2438 3802 2514; baseline 0.002 -19"><span class='ocrx_word' id='word_1_412' title='bbox 2155 2444 2340 2508; x_wconf 85' lang='lat' dir='ltr'><strong>erant,</strong></span> <span class='ocrx_word' id='word_1_413' title='bbox 2357 2456 2482 2508; x_wconf 89' lang='lat' dir='ltr'><strong>non</strong></span> <span class='ocrx_word' id='word_1_414' title='bbox 2501 2440 2746 2506; x_wconf 88' lang='lat' dir='ltr'><strong>veritus,</strong></span> <span class='ocrx_word' id='word_1_415' title='bbox 2768 2456 2872 2495; x_wconf 89' lang='lat' dir='ltr'>nec</span> <span class='ocrx_word' id='word_1_416' title='bbox 2900 2440 3098 2510; x_wconf 88' lang='lat' dir='ltr'><strong>impiis</strong></span> <span class='ocrx_word' id='word_1_417' title='bbox 3121 2438 3442 2496; x_wconf 87' lang='lat' dir='ltr'><strong>sceleribus</strong></span> <span class='ocrx_word' id='word_1_418' title='bbox 3465 2441 3802 2514; x_wconf 88' lang='lat' dir='ltr'><strong>deterritus,</strong></span> 
     </span>
    </p>
   </div>
   <div class='ocr_carea' id='block_1_58' title="bbox 2155 2527 3804 2601">
    <p class='ocr_par' dir='ltr' id='par_1_58' title="bbox 2155 2527 3804 2601">
     <span class='ocr_line' id='line_1_59' title="bbox 2155 2527 3804 2601; baseline 0.003 -18"><span class='ocrx_word' id='word_1_419' title='bbox 2155 2528 2308 2584; x_wconf 85' lang='lat' dir='ltr'><strong>beati</strong></span> <span class='ocrx_word' id='word_1_420' title='bbox 2341 2528 2626 2600; x_wconf 89' lang='lat' dir='ltr'><strong>principis</strong></span> <span class='ocrx_word' id='word_1_421' title='bbox 2659 2527 3062 2600; x_wconf 90' lang='lat' dir='ltr'><strong>apostolorum</strong></span> <span class='ocrx_word' id='word_1_422' title='bbox 3099 2529 3200 2601; x_wconf 88' lang='lat' dir='ltr'>qui</span> <span class='ocrx_word' id='word_1_423' title='bbox 3232 2529 3427 2585; x_wconf 68' lang='lat' dir='ltr'><strong>Roma:</strong></span> <span class='ocrx_word' id='word_1_424' title='bbox 3477 2531 3690 2600; x_wconf 83' lang='lat' dir='ltr'><strong>fuerat,</strong></span> <span class='ocrx_word' id='word_1_425' title='bbox 3747 2535 3804 2588; x_wconf 85' lang='lat' dir='ltr'>et</span> 
     </span>
    </p>
   </div>
   <div class='ocr_carea' id='block_1_59' title="bbox 2155 2615 3803 2692">
    <p class='ocr_par' dir='ltr' id='par_1_59' title="bbox 2155 2615 3803 2692">
     <span class='ocr_line' id='line_1_60' title="bbox 2155 2615 3803 2692; baseline 0.004 -22"><span class='ocrx_word' id='word_1_426' title='bbox 2155 2617 2397 2688; x_wconf 79' lang='lat' dir='ltr'><strong>perfidis</strong></span> <span class='ocrx_word' id='word_1_427' title='bbox 2420 2617 2491 2671; x_wconf 90' lang='lat' dir='ltr'>ad</span> <span class='ocrx_word' id='word_1_428' title='bbox 2525 2615 2883 2688; x_wconf 83' lang='lat' dir='ltr'><strong>supplicium</strong></span> <span class='ocrx_word' id='word_1_429' title='bbox 2919 2617 3093 2672; x_wconf 90' lang='lat' dir='ltr'><strong>datus</strong></span> <span class='ocrx_word' id='word_1_430' title='bbox 3123 2622 3268 2683; x_wconf 89' lang='lat' dir='ltr'><strong>erat,</strong></span> <span class='ocrx_word' id='word_1_431' title='bbox 3328 2619 3541 2690; x_wconf 88' lang='lat' dir='ltr'><strong>spiritu</strong></span> <span class='ocrx_word' id='word_1_432' title='bbox 3599 2620 3803 2692; x_wconf 83' lang='lat' dir='ltr'><strong>fretus,</strong></span> 
     </span>
    </p>
   </div>
   <div class='ocr_carea' id='block_1_60' title="bbox 2157 2704 3803 2778">
    <p class='ocr_par' dir='ltr' id='par_1_60' title="bbox 2157 2704 3803 2778">
     <span class='ocr_line' id='line_1_61' title="bbox 2157 2704 3803 2778; baseline 0.004 -19"><span class='ocrx_word' id='word_1_433' title='bbox 2157 2705 2226 2760; x_wconf 86' lang='lat' dir='ltr'>ad</span> <span class='ocrx_word' id='word_1_434' title='bbox 2260 2704 2615 2776; x_wconf 84' lang='lat' dir='ltr'><strong>praeconium</strong></span> <span class='ocrx_word' id='word_1_435' title='bbox 2649 2720 2710 2760; x_wconf 91' lang='lat' dir='ltr'>se</span> <span class='ocrx_word' id='word_1_436' title='bbox 2742 2705 3009 2762; x_wconf 89' lang='lat' dir='ltr'><strong>contulit.</strong></span> <span class='ocrx_word' id='word_1_437' title='bbox 3033 2706 3296 2778; x_wconf 80' lang='lat' dir='ltr'><strong>Cumque</strong></span> <span class='ocrx_word' id='word_1_438' title='bbox 3317 2724 3350 2760; x_wconf 78' lang='grc' dir='ltr'>ιι</span> <span class='ocrx_word' id='word_1_439' title='bbox 3374 2707 3561 2763; x_wconf 85' lang='lat' dir='ltr'><strong>Gallia</strong></span> <span class='ocrx_word' id='word_1_440' title='bbox 3582 2709 3803 2765; x_wconf 88' lang='lat' dir='ltr'><strong>sensim</strong></span> 
     </span>
    </p>
   </div>
   <div class='ocr_carea' id='block_1_61' title="bbox 2155 2792 3805 2870">
    <p class='ocr_par' dir='ltr' id='par_1_61' title="bbox 2155 2792 3805 2870">
     <span class='ocr_line' id='line_1_62' title="bbox 2155 2792 3805 2870; baseline 0.002 -20"><span class='ocrx_word' id='word_1_441' title='bbox 2155 2793 2493 2850; x_wconf 87' lang='lat' dir='ltr'><strong>subducens</strong></span> <span class='ocrx_word' id='word_1_442' title='bbox 2523 2792 2657 2865; x_wconf 89' lang='lat' dir='ltr'><strong>plus</strong></span> <span class='ocrx_word' id='word_1_443' title='bbox 2679 2793 3000 2866; x_wconf 82' lang='lat' dir='ltr'><strong>gentilibus</strong></span> <span class='ocrx_word' id='word_1_444' title='bbox 3026 2793 3313 2850; x_wconf 87' lang='lat' dir='ltr'><strong>institutis</strong></span> <span class='ocrx_word' id='word_1_445' title='bbox 3335 2811 3590 2852; x_wconf 89' lang='lat' dir='ltr'><strong>errorem</strong></span> <span class='ocrx_word' id='word_1_446' title='bbox 3623 2798 3805 2870; x_wconf 86' lang='lat' dir='ltr'><strong>regio-</strong></span> 
     </span>
    </p>
   </div>
   <div class='ocr_carea' id='block_1_62' title="bbox 2155 2881 3800 2955">
    <p class='ocr_par' dir='ltr' id='par_1_62' title="bbox 2155 2881 3800 2955">
     <span class='ocr_line' id='line_1_63' title="bbox 2155 2881 3800 2955; baseline 0.004 -18"><span class='ocrx_word' id='word_1_447' title='bbox 2155 2882 2247 2938; x_wconf 91' lang='lat' dir='ltr'>nis</span> <span class='ocrx_word' id='word_1_448' title='bbox 2278 2881 2424 2937; x_wconf 89' lang='lat' dir='ltr'><strong>illud</strong></span> <span class='ocrx_word' id='word_1_449' title='bbox 2459 2883 2680 2938; x_wconf 82' lang='lat' dir='ltr'><strong>fervore</strong></span> <span class='ocrx_word' id='word_1_450' title='bbox 2738 2885 3145 2955; x_wconf 86' lang='lat' dir='ltr'><strong>comperisset,</strong></span> <span class='ocrx_word' id='word_1_451' title='bbox 3204 2889 3329 2939; x_wconf 86' lang='lat' dir='ltr'>tum</span> <span class='ocrx_word' id='word_1_452' title='bbox 3387 2884 3584 2942; x_wconf 91' lang='lat' dir='ltr'><strong>divino</strong></span> <span class='ocrx_word' id='word_1_453' title='bbox 3633 2891 3800 2944; x_wconf 87' lang='lat' dir='ltr'><strong>scuto</strong></span> 
     </span>
    </p>
   </div>
   <div class='ocr_carea' id='block_1_63' title="bbox 2154 2971 3802 3044">
    <p class='ocr_par' dir='ltr' id='par_1_63' title="bbox 2154 2971 3802 3044">
     <span class='ocr_line' id='line_1_64' title="bbox 2154 2971 3802 3044; baseline 0.003 -18"><span class='ocrx_word' id='word_1_454' title='bbox 2154 2975 2474 3044; x_wconf 86' lang='lat' dir='ltr'><strong>protectus,</strong></span> <span class='ocrx_word' id='word_1_455' title='bbox 2499 2975 2705 3042; x_wconf 87' lang='lat' dir='ltr'><strong>potens</strong></span> <span class='ocrx_word' id='word_1_456' title='bbox 2737 2988 2803 3026; x_wconf 93' lang='lat' dir='ltr'>ac</span> <span class='ocrx_word' id='word_1_457' title='bbox 2835 2988 3007 3028; x_wconf 79' lang='lat' dir='ltr'><strong>verus</strong></span> <span class='ocrx_word' id='word_1_458' title='bbox 3037 2971 3198 3044; x_wconf 81' lang='lat' dir='ltr'><strong>pugil</strong></span> <span class='ocrx_word' id='word_1_459' title='bbox 3233 2973 3514 3043; x_wconf 87' lang='lat' dir='ltr'><strong>probatus</strong></span> <span class='ocrx_word' id='word_1_460' title='bbox 3544 2978 3651 3042; x_wconf 84' lang='lat' dir='ltr'><strong>est,</strong></span> <span class='ocrx_word' id='word_1_461' title='bbox 3709 2992 3802 3031; x_wconf 85' lang='lat' dir='ltr'><strong>se-</strong></span> 
     </span>
    </p>
   </div>
   <div class='ocr_carea' id='block_1_64' title="bbox 2155 3060 3806 3134">
    <p class='ocr_par' dir='ltr' id='par_1_64' title="bbox 2155 3060 3806 3134">
     <span class='ocr_line' id='line_1_65' title="bbox 2155 3060 3806 3134; baseline 0.002 -18"><span class='ocrx_word' id='word_1_462' title='bbox 2155 3077 2269 3133; x_wconf 88' lang='lat' dir='ltr'>que</span> <span class='ocrx_word' id='word_1_463' title='bbox 2299 3060 2721 3116; x_wconf 85' lang='lat' dir='ltr'><strong>certaminibus</strong></span> <span class='ocrx_word' id='word_1_464' title='bbox 2769 3061 3006 3132; x_wconf 84' lang='lat' dir='ltr'><strong>objecit,</strong></span> <span class='ocrx_word' id='word_1_465' title='bbox 3069 3066 3134 3115; x_wconf 89' lang='lat' dir='ltr'>ut</span> <span class='ocrx_word' id='word_1_466' title='bbox 3182 3061 3280 3132; x_wconf 90' lang='lat' dir='ltr'>qui</span> <span class='ocrx_word' id='word_1_467' title='bbox 3342 3062 3709 3134; x_wconf 83' lang='lat' dir='ltr'><strong>professione</strong></span> <span class='ocrx_word' id='word_1_468' title='bbox 3748 3068 3806 3119; x_wconf 91' lang='lat' dir='ltr'>et</span> 
     </span>
    </p>
   </div>
   <div class='ocr_carea' id='block_1_65' title="bbox 2155 3149 3806 3222">
    <p class='ocr_par' dir='ltr' id='par_1_65' title="bbox 2155 3149 3806 3222">
     <span class='ocr_line' id='line_1_66' title="bbox 2155 3149 3806 3222; baseline 0.002 -17"><span class='ocrx_word' id='word_1_469' title='bbox 2155 3149 2504 3221; x_wconf 89' lang='lat' dir='ltr'><strong>perfectione</strong></span> <span class='ocrx_word' id='word_1_470' title='bbox 2525 3150 2740 3222; x_wconf 87' lang='lat' dir='ltr'><strong>dignus</strong></span> <span class='ocrx_word' id='word_1_471' title='bbox 2766 3154 2944 3220; x_wconf 87' lang='lat' dir='ltr'><strong>esset,</strong></span> <span class='ocrx_word' id='word_1_472' title='bbox 2970 3154 3193 3222; x_wconf 82' lang='lat' dir='ltr'><strong>martyr</strong></span> <span class='ocrx_word' id='word_1_473' title='bbox 3218 3150 3391 3206; x_wconf 86' lang='lat' dir='ltr'><strong>etiam</strong></span> <span class='ocrx_word' id='word_1_474' title='bbox 3416 3151 3539 3206; x_wconf 85' lang='lat' dir='ltr'><strong>tieri</strong></span> <span class='ocrx_word' id='word_1_475' title='bbox 3563 3152 3806 3208; x_wconf 89' lang='lat' dir='ltr'><strong>minime</strong></span> 
     </span>
    </p>
   </div>
   <div class='ocr_carea' id='block_1_66' title="bbox 392 3224 2044 3312">
    <p class='ocr_par' dir='ltr' id='par_1_66' title="bbox 392 3227 2038 3312">
     <span class='ocr_line' id='line_1_67' title="bbox 392 3227 2038 3312; baseline -0.004 -24"><span class='ocrx_word' id='word_1_476' title='bbox 392 3235 468 3306; x_wconf 76' lang='grc' dir='ltr'>μή</span> <span class='ocrx_word' id='word_1_477' title='bbox 528 3229 749 3312; x_wconf 75' lang='grc' dir='ltr'>φοϐηθῇ</span> <span class='ocrx_word' id='word_1_478' title='bbox 791 3235 880 3289; x_wconf 85' lang='grc' dir='ltr'>καὶ</span> <span class='ocrx_word' id='word_1_479' title='bbox 920 3233 1141 3309; x_wconf 85' lang='grc' dir='ltr'>μάρτυς.</span> <span class='ocrx_word' id='word_1_480' title='bbox 1187 3229 1527 3292; x_wconf 81' lang='grc' dir='ltr'>Ἀκοιτανίας</span> <span class='ocrx_word' id='word_1_481' title='bbox 1587 3227 1647 3284; x_wconf 74' lang='grc' dir='ltr'>δὲ</span> <span class='ocrx_word' id='word_1_482' title='bbox 1699 3234 1818 3291; x_wconf 82' lang='grc' dir='ltr'>τοῖς</span> <span class='ocrx_word' id='word_1_483' title='bbox 1855 3227 2038 3304; x_wconf 75' lang='grc' dir='ltr'>μέρεσι</span> 
     </span>
    </p>
   </div>
   <div class='ocr_carea' id='block_1_67' title="bbox 2156 3224 3802 3312">
    <p class='ocr_par' dir='ltr' id='par_1_67' title="bbox 2156 3238 3802 3311">
     <span class='ocr_line' id='line_1_68' title="bbox 2156 3238 3802 3311; baseline 0.002 -16"><span class='ocrx_word' id='word_1_484' title='bbox 2156 3239 2466 3295; x_wconf 83' lang='lat' dir='ltr'><strong>dubitaret.</strong></span> <span class='ocrx_word' id='word_1_485' title='bbox 2491 3238 2821 3310; x_wconf 65' lang='lat' dir='ltr'><strong>Aquitania:</strong></span> <span class='ocrx_word' id='word_1_486' title='bbox 2852 3255 2986 3294; x_wconf 86' lang='lat' dir='ltr'><strong>vero</strong></span> <span class='ocrx_word' id='word_1_487' title='bbox 3047 3239 3318 3311; x_wconf 85' lang='lat' dir='ltr'><strong>partibus</strong></span> <span class='ocrx_word' id='word_1_488' title='bbox 3359 3239 3542 3298; x_wconf 87' lang='lat' dir='ltr'><strong>misso</strong></span> <span class='ocrx_word' id='word_1_489' title='bbox 3600 3247 3802 3298; x_wconf 88' lang='lat' dir='ltr'><strong>sancto</strong></span> 
     </span>
    </p>
   </div>
   <div class='ocr_carea' id='block_1_68' title="bbox 385 3317 2045 3396">
    <p class='ocr_par' dir='ltr' id='par_1_68' title="bbox 385 3317 2045 3396">
     <span class='ocr_line' id='line_1_69' title="bbox 385 3317 2045 3396; baseline -0.004 -19"><span class='ocrx_word' id='word_1_490' title='bbox 385 3323 478 3378; x_wconf 86' lang='grc' dir='ltr'>τὸν</span> <span class='ocrx_word' id='word_1_491' title='bbox 506 3323 657 3396; x_wconf 82' lang='grc' dir='ltr'>ἅγιον</span> <span class='ocrx_word' id='word_1_492' title='bbox 703 3323 992 3379; x_wconf 78' lang='grc' dir='ltr'>’Λντώνιον</span> <span class='ocrx_word' id='word_1_493' title='bbox 1029 3324 1141 3394; x_wconf 81' lang='grc'>(62)</span> <span class='ocrx_word' id='word_1_494' title='bbox 1199 3317 1550 3387; x_wconf 84' lang='grc' dir='ltr'>ἀποστείλας,</span> <span class='ocrx_word' id='word_1_495' title='bbox 1602 3317 1760 3379; x_wconf 84' lang='grc' dir='ltr'>αὐτὸς</span> <span class='ocrx_word' id='word_1_496' title='bbox 1819 3317 1910 3371; x_wconf 75' lang='grc' dir='ltr'>σὺν</span> <span class='ocrx_word' id='word_1_497' title='bbox 1963 3321 2045 3390; x_wconf 77' lang='grc' dir='ltr'>τῷ</span> 
     </span>
    </p>
   </div>
   <div class='ocr_carea' id='block_1_69' title="bbox 390 3405 2045 3488">
    <p class='ocr_par' dir='ltr' id='par_1_69' title="bbox 390 3405 2045 3488">
     <span class='ocr_line' id='line_1_70' title="bbox 390 3405 2045 3488; baseline -0.004 -22"><span class='ocrx_word' id='word_1_498' title='bbox 390 3412 527 3488; x_wconf 82' lang='grc' dir='ltr'>ἁγίῳ</span> <span class='ocrx_word' id='word_1_499' title='bbox 586 3415 894 3484; x_wconf 84' lang='grc' dir='ltr'>Λουκιανῷ,</span> <span class='ocrx_word' id='word_1_500' title='bbox 951 3411 1041 3466; x_wconf 91' lang='grc' dir='ltr'>καὶ</span> <span class='ocrx_word' id='word_1_501' title='bbox 1071 3415 1150 3481; x_wconf 80' lang='grc' dir='ltr'>τῷ</span> <span class='ocrx_word' id='word_1_502' title='bbox 1183 3407 1320 3485; x_wconf 82' lang='grc' dir='ltr'>ἀγίῳ</span> <span class='ocrx_word' id='word_1_503' title='bbox 1351 3409 1650 3480; x_wconf 81' lang='grc' dir='ltr'>Ῥουστίκῳ</span> <span class='ocrx_word' id='word_1_504' title='bbox 1679 3406 1768 3462; x_wconf 87' lang='grc' dir='ltr'>καὶ</span> <span class='ocrx_word' id='word_1_505' title='bbox 1799 3411 1878 3479; x_wconf 77' lang='grc' dir='ltr'>τῷ</span> <span class='ocrx_word' id='word_1_506' title='bbox 1910 3405 2045 3482; x_wconf 77' lang='grc' dir='ltr'>ἁγίῳ</span> 
     </span>
    </p>
   </div>
   <div class='ocr_carea' id='block_1_70' title="bbox 389 3498 2045 3578">
    <p class='ocr_par' dir='ltr' id='par_1_70' title="bbox 389 3498 2045 3578">
     <span class='ocr_line' id='line_1_71' title="bbox 389 3498 2045 3578; baseline -0.003 -19"><span class='ocrx_word' id='word_1_507' title='bbox 389 3501 716 3578; x_wconf 81' lang='grc' dir='ltr'>Ἐλευθερίῳ</span> <span class='ocrx_word' id='word_1_508' title='bbox 747 3501 799 3558; x_wconf 78' lang='grc' dir='ltr'>έν</span> <span class='ocrx_word' id='word_1_509' title='bbox 832 3502 1120 3576; x_wconf 82' lang='grc' dir='ltr'>Ηαρισίοις</span> <span class='ocrx_word' id='word_1_510' title='bbox 1151 3504 1220 3572; x_wconf 79' lang='grc' dir='ltr'>τῇ</span> <span class='ocrx_word' id='word_1_511' title='bbox 1260 3498 1420 3554; x_wconf 84' lang='grc' dir='ltr'>πόλει</span> <span class='ocrx_word' id='word_1_512' title='bbox 1472 3498 1739 3574; x_wconf 70' lang='grc' dir='ltr'>ἰπορεύθη</span> <span class='ocrx_word' id='word_1_513' title='bbox 1794 3500 1928 3570; x_wconf 82' lang='grc'>(63).</span> <span class='ocrx_word' id='word_1_514' title='bbox 1986 3499 2045 3554; x_wconf 83' lang='grc' dir='ltr'>Ὀ</span> 
     </span>
    </p>
   </div>
   <div class='ocr_carea' id='block_1_71' title="bbox 389 3584 2044 3666">
    <p class='ocr_par' dir='ltr' id='par_1_71' title="bbox 389 3584 2044 3666">
     <span class='ocr_line' id='line_1_72' title="bbox 389 3584 2044 3666; baseline -0.004 -19"><span class='ocrx_word' id='word_1_515' title='bbox 389 3592 541 3666; x_wconf 80' lang='grc' dir='ltr'>ἅγιος</span> <span class='ocrx_word' id='word_1_516' title='bbox 567 3589 624 3646; x_wconf 68' lang='grc' dir='ltr'>δὲ</span> <span class='ocrx_word' id='word_1_517' title='bbox 652 3592 974 3660; x_wconf 86' lang='grc' dir='ltr'>Λουκιανὸς,</span> <span class='ocrx_word' id='word_1_518' title='bbox 1015 3584 1413 3664; x_wconf 72' lang='grc' dir='ltr'>πρεσϐυτερικῇ</span> <span class='ocrx_word' id='word_1_519' title='bbox 1463 3590 1600 3662; x_wconf 79' lang='grc' dir='ltr'>τιμῇ</span> <span class='ocrx_word' id='word_1_520' title='bbox 1658 3585 2044 3660; x_wconf 71' lang='grc' dir='ltr'>τετιμημένος,</span> 
     </span>
    </p>
   </div>
   <div class='ocr_carea' id='block_1_72' title="bbox 391 3674 2048 3750">
    <p class='ocr_par' dir='ltr' id='par_1_72' title="bbox 391 3674 2048 3750">
     <span class='ocr_line' id='line_1_73' title="bbox 391 3674 2048 3750; baseline -0.004 -15"><span class='ocrx_word' id='word_1_521' title='bbox 391 3680 469 3743; x_wconf 73' lang='grc' dir='ltr'>εἷς</span> <span class='ocrx_word' id='word_1_522' title='bbox 499 3681 598 3750; x_wconf 79' lang='grc' dir='ltr'>τὴν</span> <span class='ocrx_word' id='word_1_523' title='bbox 627 3679 1018 3738; x_wconf 73' lang='grc' dir='ltr'>Βελουακένσιν</span> <span class='ocrx_word' id='word_1_524' title='bbox 1049 3677 1332 3749; x_wconf 86' lang='grc' dir='ltr'>ἀπεστάλη</span> <span class='ocrx_word' id='word_1_525' title='bbox 1378 3677 1569 3748; x_wconf 85' lang='grc' dir='ltr'>πόλιν,</span> <span class='ocrx_word' id='word_1_526' title='bbox 1616 3674 1708 3731; x_wconf 64' lang='grc' dir='ltr'>ἵνα</span> <span class='ocrx_word' id='word_1_527' title='bbox 1743 3675 1830 3731; x_wconf 74' lang='grc' dir='ltr'>καὶ</span> <span class='ocrx_word' id='word_1_528' title='bbox 1888 3675 2048 3737; x_wconf 75' lang='grc' dir='ltr'>αὐτὸς</span> 
     </span>
    </p>
   </div>
   <div class='ocr_carea' id='block_1_73' title="bbox 391 3765 2047 3844">
    <p class='ocr_par' dir='ltr' id='par_1_73' title="bbox 391 3765 2047 3844">
     <span class='ocr_line' id='line_1_74' title="bbox 391 3765 2047 3844; baseline -0.004 -18"><span class='ocrx_word' id='word_1_529' title='bbox 391 3771 600 3844; x_wconf 88' lang='grc' dir='ltr'>ὁμοίως</span> <span class='ocrx_word' id='word_1_530' title='bbox 646 3776 764 3833; x_wconf 82' lang='grc' dir='ltr'>τοῖς</span> <span class='ocrx_word' id='word_1_531' title='bbox 820 3770 1070 3832; x_wconf 78' lang='grc' dir='ltr'>ἀπίστοις</span> <span class='ocrx_word' id='word_1_532' title='bbox 1117 3769 1271 3831; x_wconf 85' lang='grc' dir='ltr'>λαοῖς</span> <span class='ocrx_word' id='word_1_533' title='bbox 1301 3768 1365 3824; x_wconf 83' lang='grc' dir='ltr'>τὸ</span> <span class='ocrx_word' id='word_1_534' title='bbox 1405 3766 1745 3844; x_wconf 79' lang='grc' dir='ltr'>Εὐαγγέλιον</span> <span class='ocrx_word' id='word_1_535' title='bbox 1774 3772 1876 3835; x_wconf 83' lang='grc' dir='ltr'>τῆς</span> <span class='ocrx_word' id='word_1_536' title='bbox 1907 3765 2047 3836; x_wconf 83' lang='grc' dir='ltr'>ἀλη-</span> 
     </span>
    </p>
   </div>
   <div class='ocr_carea' id='block_1_74' title="bbox 391 3856 2046 3938">
    <p class='ocr_par' dir='ltr' id='par_1_74' title="bbox 391 3856 2046 3938">
     <span class='ocr_line' id='line_1_75' title="bbox 391 3856 2046 3938; baseline -0.004 -20"><span class='ocrx_word' id='word_1_537' title='bbox 391 3863 538 3927; x_wconf 84' lang='grc' dir='ltr'>θείας</span> <span class='ocrx_word' id='word_1_538' title='bbox 595 3865 908 3938; x_wconf 72' lang='grc' dir='ltr'>παραοήσῃ.</span> <span class='ocrx_word' id='word_1_539' title='bbox 967 3861 1135 3924; x_wconf 75' lang='grc' dir='ltr'>Αὐτὸς</span> <span class='ocrx_word' id='word_1_540' title='bbox 1186 3859 1246 3916; x_wconf 75' lang='grc' dir='ltr'>δὲ</span> <span class='ocrx_word' id='word_1_541' title='bbox 1303 3861 1330 3914; x_wconf 90' lang='grc' dir='ltr'>ὁ</span> <span class='ocrx_word' id='word_1_542' title='bbox 1394 3861 1549 3935; x_wconf 76' lang='grc' dir='ltr'>ἅγιος</span> <span class='ocrx_word' id='word_1_543' title='bbox 1583 3859 1860 3920; x_wconf 77' lang='grc' dir='ltr'>Διονύσιος</span> <span class='ocrx_word' id='word_1_544' title='bbox 1893 3856 1946 3912; x_wconf 83' lang='grc' dir='ltr'>έν</span> <span class='ocrx_word' id='word_1_545' title='bbox 1976 3861 2046 3932; x_wconf 83' lang='grc' dir='ltr'>τῇ</span> 
     </span>
    </p>
   </div>
   <div class='ocr_carea' id='block_1_75' title="bbox 393 3945 2049 4028">
    <p class='ocr_par' dir='ltr' id='par_1_75' title="bbox 393 3945 2049 4028">
     <span class='ocr_line' id='line_1_76' title="bbox 393 3945 2049 4028; baseline -0.005 -19"><span class='ocrx_word' id='word_1_546' title='bbox 393 3951 624 4028; x_wconf 77' lang='grc' dir='ltr'>ΙΙαρισίᾳ</span> <span class='ocrx_word' id='word_1_547' title='bbox 653 3951 941 4026; x_wconf 60' lang='grc' dir='ltr'>διέμεινεν</span> <span class='ocrx_word' id='word_1_548' title='bbox 988 3951 1112 4020; x_wconf 79' lang='grc' dir='ltr'>ἥτις</span> <span class='ocrx_word' id='word_1_549' title='bbox 1140 3949 1325 4021; x_wconf 87' lang='grc' dir='ltr'>πόλις,</span> <span class='ocrx_word' id='word_1_550' title='bbox 1356 3949 1451 4004; x_wconf 70' lang='grc' dir='ltr'>κᾶν</span> <span class='ocrx_word' id='word_1_551' title='bbox 1487 3949 1656 4024; x_wconf 77' lang='grc' dir='ltr'>μικρά</span> <span class='ocrx_word' id='word_1_552' title='bbox 1676 3948 1763 4016; x_wconf 77' lang='grc' dir='ltr'>ἦν,</span> <span class='ocrx_word' id='word_1_553' title='bbox 1799 3946 1926 4002; x_wconf 84' lang='grc' dir='ltr'>ἀλλ’</span> <span class='ocrx_word' id='word_1_554' title='bbox 1957 3945 2049 4001; x_wconf 77' lang='grc' dir='ltr'>οῦν</span> 
     </span>
    </p>
   </div>
   <div class='ocr_carea' id='block_1_76' title="bbox 388 4033 2049 4114">
    <p class='ocr_par' dir='ltr' id='par_1_76' title="bbox 388 4033 2049 4114">
     <span class='ocr_line' id='line_1_77' title="bbox 388 4033 2049 4114; baseline -0.004 -18"><span class='ocrx_word' id='word_1_555' title='bbox 388 4041 604 4110; x_wconf 76' lang='grc' dir='ltr'>ὲθνικῆς</span> <span class='ocrx_word' id='word_1_556' title='bbox 634 4040 848 4112; x_wconf 84' lang='grc' dir='ltr'>πλάνης</span> <span class='ocrx_word' id='word_1_557' title='bbox 875 4039 1290 4114; x_wconf 68' lang='grc' dir='ltr'>πεπληρωμένη</span> <span class='ocrx_word' id='word_1_558' title='bbox 1336 4037 1425 4093; x_wconf 88' lang='grc' dir='ltr'>καὶ</span> <span class='ocrx_word' id='word_1_559' title='bbox 1476 4037 1846 4111; x_wconf 74' lang='grc' dir='ltr'>μεμιασμένῃ·</span> <span class='ocrx_word' id='word_1_560' title='bbox 1902 4033 2049 4091; x_wconf 89' lang='grc' dir='ltr'>ἀλλά</span> 
     </span>
    </p>
   </div>
   <div class='ocr_carea' id='block_1_77' title="bbox 386 4121 2046 4208">
    <p class='ocr_par' dir='ltr' id='par_1_77' title="bbox 386 4121 2046 4208">
     <span class='ocr_line' id='line_1_78' title="bbox 386 4121 2046 4208; baseline -0.005 -23"><span class='ocrx_word' id='word_1_561' title='bbox 386 4131 736 4208; x_wconf 66' lang='grc' dir='ltr'>καρποφόρος</span> <span class='ocrx_word' id='word_1_562' title='bbox 763 4131 828 4198; x_wconf 74' lang='grc' dir='ltr'>ἧν</span> <span class='ocrx_word' id='word_1_563' title='bbox 861 4130 953 4184; x_wconf 82' lang='grc' dir='ltr'>καὶ</span> <span class='ocrx_word' id='word_1_564' title='bbox 1004 4125 1247 4201; x_wconf 66' lang='grc' dir='ltr'>δένδροις</span> <span class='ocrx_word' id='word_1_565' title='bbox 1298 4125 1712 4199; x_wconf 72' lang='grc' dir='ltr'>κεκοσμημένη·</span> <span class='ocrx_word' id='word_1_566' title='bbox 1773 4121 2046 4197; x_wconf 74' lang='grc' dir='ltr'>ἀμπέλοις</span> 
     </span>
    </p>
   </div>
   <div class='ocr_carea' id='block_1_78' title="bbox 389 4211 2046 4295">
    <p class='ocr_par' dir='ltr' id='par_1_78' title="bbox 389 4211 2046 4295">
     <span class='ocr_line' id='line_1_79' title="bbox 389 4211 2046 4295; baseline -0.003 -23"><span class='ocrx_word' id='word_1_567' title='bbox 389 4215 447 4272; x_wconf 79' lang='grc' dir='ltr'>δὲ</span> <span class='ocrx_word' id='word_1_568' title='bbox 475 4219 561 4274; x_wconf 86' lang='grc' dir='ltr'>καὶ</span> <span class='ocrx_word' id='word_1_569' title='bbox 600 4211 854 4295; x_wconf 85' lang='grc' dir='ltr'>βότρυσιν</span> <span class='ocrx_word' id='word_1_570' title='bbox 885 4217 959 4280; x_wconf 87' lang='grc' dir='ltr'>ὠς</span> <span class='ocrx_word' id='word_1_571' title='bbox 990 4217 1049 4272; x_wconf 74' lang='grc' dir='ltr'>ἐκ</span> <span class='ocrx_word' id='word_1_572' title='bbox 1079 4221 1268 4291; x_wconf 88' lang='grc' dir='ltr'>πηγῶν</span> <span class='ocrx_word' id='word_1_573' title='bbox 1295 4216 1490 4291; x_wconf 72' lang='grc' dir='ltr'>ῥέουσα</span> <span class='ocrx_word' id='word_1_574' title='bbox 1521 4217 1656 4289; x_wconf 78' lang='grc'>((54),</span> <span class='ocrx_word' id='word_1_575' title='bbox 1686 4213 1776 4268; x_wconf 87' lang='grc' dir='ltr'>καὶ</span> <span class='ocrx_word' id='word_1_576' title='bbox 1806 4213 2046 4290; x_wconf 71' lang='grc' dir='ltr'>προσερέ-</span> 
     </span>
    </p>
   </div>
   <div class='ocr_carea' id='block_1_79' title="bbox 390 4303 2047 4380">
    <p class='ocr_par' dir='ltr' id='par_1_79' title="bbox 390 4303 2047 4380">
     <span class='ocr_line' id='line_1_80' title="bbox 390 4303 2047 4380; baseline -0.004 -18"><span class='ocrx_word' id='word_1_577' title='bbox 390 4327 556 4380; x_wconf 88' lang='grc' dir='ltr'>ρουσα</span> <span class='ocrx_word' id='word_1_578' title='bbox 609 4312 726 4369; x_wconf 86' lang='grc' dir='ltr'>τοῖς</span> <span class='ocrx_word' id='word_1_579' title='bbox 787 4305 1009 4369; x_wconf 79' lang='grc' dir='ltr'>οἰκείοις</span> <span class='ocrx_word' id='word_1_580' title='bbox 1040 4303 1363 4378; x_wconf 75' lang='grc' dir='ltr'>διέλαμπενο</span> <span class='ocrx_word' id='word_1_581' title='bbox 1425 4303 1476 4358; x_wconf 77' lang='grc' dir='ltr'>ὲν</span> <span class='ocrx_word' id='word_1_582' title='bbox 1537 4307 1621 4366; x_wconf 83' lang='grc' dir='ltr'>οἷς</span> <span class='ocrx_word' id='word_1_583' title='bbox 1650 4303 1741 4357; x_wconf 80' lang='grc' dir='ltr'>καὶ</span> <span class='ocrx_word' id='word_1_584' title='bbox 1789 4322 2047 4377; x_wconf 81' lang='grc' dir='ltr'>πραγμα-</span> 
     </span>
    </p>
   </div>
   <div class='ocr_carea' id='block_1_80' title="bbox 389 4392 2044 4472">
    <p class='ocr_par' dir='ltr' id='par_1_80' title="bbox 389 4392 2044 4472">
     <span class='ocr_line' id='line_1_81' title="bbox 389 4392 2044 4472; baseline -0.003 -23"><span class='ocrx_word' id='word_1_585' title='bbox 389 4397 560 4461; x_wconf 90' lang='grc' dir='ltr'>τείαις</span> <span class='ocrx_word' id='word_1_586' title='bbox 586 4401 920 4472; x_wconf 83' lang='grc' dir='ltr'>τραπεζιτῶν</span> <span class='ocrx_word' id='word_1_587' title='bbox 955 4396 1156 4450; x_wconf 80' lang='grc' dir='ltr'>ἅπασαι</span> <span class='ocrx_word' id='word_1_588' title='bbox 1208 4393 1366 4470; x_wconf 85' lang='grc' dir='ltr'>γοναὶ</span> <span class='ocrx_word' id='word_1_589' title='bbox 1415 4395 1514 4462; x_wconf 73' lang='grc' dir='ltr'>τῆς</span> <span class='ocrx_word' id='word_1_590' title='bbox 1547 4393 1789 4460; x_wconf 83' lang='grc' dir='ltr'>πόλεως,</span> <span class='ocrx_word' id='word_1_591' title='bbox 1817 4392 1907 4446; x_wconf 80' lang='grc' dir='ltr'>καὶ</span> <span class='ocrx_word' id='word_1_592' title='bbox 1943 4395 2044 4445; x_wconf 88' lang='grc' dir='ltr'>τῶν</span> 
     </span>
    </p>
   </div>
   <div class='ocr_carea' id='block_1_81' title="bbox 387 4479 2046 4563">
    <p class='ocr_par' dir='ltr' id='par_1_81' title="bbox 387 4479 2046 4563">
     <span class='ocr_line' id='line_1_82' title="bbox 387 4479 2046 4563; baseline -0.005 -22"><span class='ocrx_word' id='word_1_593' title='bbox 387 4487 543 4561; x_wconf 78' lang='grc' dir='ltr'>πέριξ</span> <span class='ocrx_word' id='word_1_594' title='bbox 599 4485 1106 4563; x_wconf 83' lang='grc' dir='ltr'>περιτετειχισμένη</span> <span class='ocrx_word' id='word_1_595' title='bbox 1155 4483 1323 4558; x_wconf 84' lang='grc' dir='ltr'>γόρου</span> <span class='ocrx_word' id='word_1_596' title='bbox 1394 4485 1530 4555; x_wconf 84' lang='grc'>(65),</span> <span class='ocrx_word' id='word_1_597' title='bbox 1589 4481 1678 4536; x_wconf 87' lang='grc' dir='ltr'>καὶ</span> <span class='ocrx_word' id='word_1_598' title='bbox 1737 4479 2046 4556; x_wconf 83' lang='grc' dir='ltr'>περισσείαν</span> 
     </span>
    </p>
   </div>
   <div class='ocr_carea' id='block_1_82' title="bbox 2150 3327 3806 3400">
    <p class='ocr_par' dir='ltr' id='par_1_82' title="bbox 2150 3327 3806 3400">
     <span class='ocr_line' id='line_1_83' title="bbox 2150 3327 3806 3400; baseline 0.002 -18"><span class='ocrx_word' id='word_1_599' title='bbox 2150 3327 2494 3394; x_wconf 78' lang='lat' dir='ltr'><strong>Saturnino,</strong></span> <span class='ocrx_word' id='word_1_600' title='bbox 2526 3327 2648 3399; x_wconf 91' lang='lat' dir='ltr'><strong>ipse</strong></span> <span class='ocrx_word' id='word_1_601' title='bbox 2672 3344 2808 3383; x_wconf 91' lang='lat' dir='ltr'>cum</span> <span class='ocrx_word' id='word_1_602' title='bbox 2841 3333 3045 3383; x_wconf 87' lang='lat' dir='ltr'><strong>sancto</strong></span> <span class='ocrx_word' id='word_1_603' title='bbox 3079 3327 3355 3400; x_wconf 87' lang='lat' dir='ltr'><strong>Luciano,</strong></span> <span class='ocrx_word' id='word_1_604' title='bbox 3384 3333 3441 3384; x_wconf 89' lang='lat' dir='ltr'>et</span> <span class='ocrx_word' id='word_1_605' title='bbox 3465 3334 3667 3385; x_wconf 89' lang='lat' dir='ltr'><strong>sancto</strong></span> <span class='ocrx_word' id='word_1_606' title='bbox 3692 3330 3806 3385; x_wconf 81' lang='lat' dir='ltr'>Ru-</span> 
     </span>
    </p>
   </div>
   <div class='ocr_carea' id='block_1_83' title="bbox 2155 3416 3801 3485">
    <p class='ocr_par' dir='ltr' id='par_1_83' title="bbox 2155 3416 3801 3485">
     <span class='ocr_line' id='line_1_84' title="bbox 2155 3416 3801 3485; baseline 0.001 -12"><span class='ocrx_word' id='word_1_607' title='bbox 2155 3417 2322 3484; x_wconf 90' lang='lat' dir='ltr'><strong>stico,</strong></span> <span class='ocrx_word' id='word_1_608' title='bbox 2381 3421 2439 3472; x_wconf 87' lang='lat' dir='ltr'>et</span> <span class='ocrx_word' id='word_1_609' title='bbox 2468 3421 2670 3473; x_wconf 82' lang='lat' dir='ltr'><strong>sancto</strong></span> <span class='ocrx_word' id='word_1_610' title='bbox 2704 3416 3067 3485; x_wconf 82' lang='lat' dir='ltr'><strong>Eleutherio,</strong></span> <span class='ocrx_word' id='word_1_611' title='bbox 3121 3417 3412 3472; x_wconf 89' lang='lat' dir='ltr'><strong>Lutetiam</strong></span> <span class='ocrx_word' id='word_1_612' title='bbox 3447 3418 3801 3474; x_wconf 88' lang='lat' dir='ltr'><strong>Parisiorum</strong></span> 
     </span>
    </p>
   </div>
   <div class='ocr_carea' id='block_1_84' title="bbox 2153 3506 3806 3579">
    <p class='ocr_par' dir='ltr' id='par_1_84' title="bbox 2153 3506 3806 3579">
     <span class='ocr_line' id='line_1_85' title="bbox 2153 3506 3806 3579; baseline 0.002 -19"><span class='ocrx_word' id='word_1_613' title='bbox 2153 3506 2332 3562; x_wconf 88' lang='lat' dir='ltr'><strong>venit.</strong></span> <span class='ocrx_word' id='word_1_614' title='bbox 2395 3506 2649 3562; x_wconf 87' lang='lat' dir='ltr'><strong>Sanctus</strong></span> <span class='ocrx_word' id='word_1_615' title='bbox 2707 3511 2903 3562; x_wconf 82' lang='lat' dir='ltr'><strong>autem</strong></span> <span class='ocrx_word' id='word_1_616' title='bbox 2962 3506 3275 3574; x_wconf 90' lang='lat' dir='ltr'><strong>Lucianus,</strong></span> <span class='ocrx_word' id='word_1_617' title='bbox 3320 3506 3663 3579; x_wconf 79' lang='lat' dir='ltr'><strong>presbyterii</strong></span> <span class='ocrx_word' id='word_1_618' title='bbox 3698 3507 3806 3564; x_wconf 87' lang='lat' dir='ltr'>ho-</span> 
     </span>
    </p>
   </div>
   <div class='ocr_carea' id='block_1_85' title="bbox 2156 3594 3804 3666">
    <p class='ocr_par' dir='ltr' id='par_1_85' title="bbox 2156 3594 3804 3666">
     <span class='ocr_line' id='line_1_86' title="bbox 2156 3594 3804 3666; baseline 0.001 -16"><span class='ocrx_word' id='word_1_619' title='bbox 2156 3611 2296 3651; x_wconf 89' lang='lat' dir='ltr'><strong>nore</strong></span> <span class='ocrx_word' id='word_1_620' title='bbox 2381 3600 2650 3666; x_wconf 87' lang='lat' dir='ltr'><strong>ornatus,</strong></span> <span class='ocrx_word' id='word_1_621' title='bbox 2731 3596 2802 3650; x_wconf 86' lang='lat' dir='ltr'>ad</span> <span class='ocrx_word' id='word_1_622' title='bbox 2891 3594 3260 3650; x_wconf 88' lang='lat' dir='ltr'><strong>Bellovacum</strong></span> <span class='ocrx_word' id='word_1_623' title='bbox 3317 3596 3524 3650; x_wconf 89' lang='lat' dir='ltr'><strong>urbem</strong></span> <span class='ocrx_word' id='word_1_624' title='bbox 3584 3594 3804 3652; x_wconf 87' lang='lat' dir='ltr'><strong>missus</strong></span> 
     </span>
    </p>
   </div>
   <div class='ocr_carea' id='block_1_86' title="bbox 2156 3683 3806 3757">
    <p class='ocr_par' dir='ltr' id='par_1_86' title="bbox 2156 3683 3806 3757">
     <span class='ocr_line' id='line_1_87' title="bbox 2156 3683 3806 3757; baseline 0.001 -17"><span class='ocrx_word' id='word_1_625' title='bbox 2156 3690 2264 3756; x_wconf 86' lang='lat' dir='ltr'><strong>est,</strong></span> <span class='ocrx_word' id='word_1_626' title='bbox 2300 3684 2400 3756; x_wconf 91' lang='lat' dir='ltr'>qui</span> <span class='ocrx_word' id='word_1_627' title='bbox 2430 3686 2605 3740; x_wconf 87' lang='lat' dir='ltr'><strong>etiam</strong></span> <span class='ocrx_word' id='word_1_628' title='bbox 2638 3683 2979 3740; x_wconf 80' lang='lat' dir='ltr'><strong>infidelibus</strong></span> <span class='ocrx_word' id='word_1_629' title='bbox 3008 3683 3242 3756; x_wconf 90' lang='lat' dir='ltr'><strong>populis</strong></span> <span class='ocrx_word' id='word_1_630' title='bbox 3263 3683 3521 3739; x_wconf 88' lang='lat' dir='ltr'><strong>veritatis</strong></span> <span class='ocrx_word' id='word_1_631' title='bbox 3545 3688 3806 3757; x_wconf 88' lang='lat' dir='ltr'><strong>Evange—</strong></span> 
     </span>
    </p>
   </div>
   <div class='ocr_carea' id='block_1_87' title="bbox 2157 3772 3807 3846">
    <p class='ocr_par' dir='ltr' id='par_1_87' title="bbox 2157 3772 3807 3846">
     <span class='ocr_line' id='line_1_88' title="bbox 2157 3772 3807 3846; baseline 0.002 -19"><span class='ocrx_word' id='word_1_632' title='bbox 2157 3772 2302 3828; x_wconf 90' lang='lat' dir='ltr'><strong>lium</strong></span> <span class='ocrx_word' id='word_1_633' title='bbox 2363 3773 2720 3845; x_wconf 68' lang='lat' dir='ltr'><strong>praedicaret.</strong></span> <span class='ocrx_word' id='word_1_634' title='bbox 2784 3773 2916 3845; x_wconf 90' lang='lat' dir='ltr'><strong>Ipse</strong></span> <span class='ocrx_word' id='word_1_635' title='bbox 2974 3789 3145 3846; x_wconf 92' lang='lat' dir='ltr'><strong>porro</strong></span> <span class='ocrx_word' id='word_1_636' title='bbox 3206 3777 3446 3830; x_wconf 87' lang='lat' dir='ltr'><strong>sanctus</strong></span> <span class='ocrx_word' id='word_1_637' title='bbox 3492 3773 3807 3846; x_wconf 83' lang='lat' dir='ltr'><strong>Dionysius</strong></span> 
     </span>
    </p>
   </div>
   <div class='ocr_carea' id='block_1_88' title="bbox 2159 3861 3809 3934">
    <p class='ocr_par' dir='ltr' id='par_1_88' title="bbox 2159 3861 3809 3934">
     <span class='ocr_line' id='line_1_89' title="bbox 2159 3861 3809 3934; baseline -0.001 -16"><span class='ocrx_word' id='word_1_638' title='bbox 2159 3862 2399 3918; x_wconf 66' lang='lat' dir='ltr'><strong>Lutetiae</strong></span> <span class='ocrx_word' id='word_1_639' title='bbox 2459 3861 2818 3917; x_wconf 88' lang='lat' dir='ltr'><strong>Parisiorum</strong></span> <span class='ocrx_word' id='word_1_640' title='bbox 2875 3864 3128 3931; x_wconf 88' lang='lat' dir='ltr'><strong>mansit;</strong></span> <span class='ocrx_word' id='word_1_641' title='bbox 3163 3861 3318 3933; x_wconf 91' lang='lat' dir='ltr'><strong>quod</strong></span> <span class='ocrx_word' id='word_1_642' title='bbox 3359 3861 3666 3934; x_wconf 88' lang='lat' dir='ltr'><strong>oppidum,</strong></span> <span class='ocrx_word' id='word_1_643' title='bbox 3700 3861 3809 3918; x_wconf 86' lang='lat' dir='ltr'><strong>etsi</strong></span> 
     </span>
    </p>
   </div>
   <div class='ocr_carea' id='block_1_89' title="bbox 2157 3950 3813 4025">
    <p class='ocr_par' dir='ltr' id='par_1_89' title="bbox 2157 3950 3813 4025">
     <span class='ocr_line' id='line_1_90' title="bbox 2157 3950 3813 4025; baseline 0 -17"><span class='ocrx_word' id='word_1_644' title='bbox 2157 3969 2403 4025; x_wconf 89' lang='lat' dir='ltr'><strong>parvum</strong></span> <span class='ocrx_word' id='word_1_645' title='bbox 2462 3956 2520 4007; x_wconf 90' lang='lat' dir='ltr'>et</span> <span class='ocrx_word' id='word_1_646' title='bbox 2578 3951 2884 4023; x_wconf 84' lang='lat' dir='ltr'><strong>exiguum,</strong></span> <span class='ocrx_word' id='word_1_647' title='bbox 2939 3957 3136 4006; x_wconf 87' lang='lat' dir='ltr'><strong>tamen</strong></span> <span class='ocrx_word' id='word_1_648' title='bbox 3197 3951 3434 4022; x_wconf 87' lang='lat' dir='ltr'><strong>gentilis</strong></span> <span class='ocrx_word' id='word_1_649' title='bbox 3491 3950 3705 4009; x_wconf 89' lang='lat' dir='ltr'><strong>erroris</strong></span> <span class='ocrx_word' id='word_1_650' title='bbox 3755 3956 3813 4008; x_wconf 88' lang='lat' dir='ltr'>et</span> 
     </span>
    </p>
   </div>
   <div class='ocr_carea' id='block_1_90' title="bbox 2157 4039 3810 4112">
    <p class='ocr_par' dir='ltr' id='par_1_90' title="bbox 2157 4039 3810 4112">
     <span class='ocr_line' id='line_1_91' title="bbox 2157 4039 3810 4112; baseline -0.001 -16"><span class='ocrx_word' id='word_1_651' title='bbox 2157 4040 2575 4112; x_wconf 88' lang='lat' dir='ltr'><strong>inquinationis</strong></span> <span class='ocrx_word' id='word_1_652' title='bbox 2631 4039 2870 4112; x_wconf 90' lang='lat' dir='ltr'><strong>plenum</strong></span> <span class='ocrx_word' id='word_1_653' title='bbox 2929 4044 3075 4095; x_wconf 87' lang='lat' dir='ltr'><strong>erat.</strong></span> <span class='ocrx_word' id='word_1_654' title='bbox 3131 4041 3240 4094; x_wconf 91' lang='lat' dir='ltr'><strong>Sed</strong></span> <span class='ocrx_word' id='word_1_655' title='bbox 3295 4045 3420 4094; x_wconf 87' lang='lat' dir='ltr'><strong>erat</strong></span> <span class='ocrx_word' id='word_1_656' title='bbox 3453 4040 3641 4096; x_wconf 85' lang='lat' dir='ltr'><strong>fertile</strong></span> <span class='ocrx_word' id='word_1_657' title='bbox 3670 4057 3810 4097; x_wconf 93' lang='lat' dir='ltr'><strong>con-</strong></span> 
     </span>
    </p>
   </div>
   <div class='ocr_carea' id='block_1_91' title="bbox 2157 4127 3807 4201">
    <p class='ocr_par' dir='ltr' id='par_1_91' title="bbox 2157 4127 3807 4201">
     <span class='ocr_line' id='line_1_92' title="bbox 2157 4127 3807 4201; baseline -0.002 -14"><span class='ocrx_word' id='word_1_658' title='bbox 2157 4133 2460 4201; x_wconf 88' lang='lat' dir='ltr'><strong>situmquo</strong></span> <span class='ocrx_word' id='word_1_659' title='bbox 2517 4133 2574 4185; x_wconf 89' lang='lat' dir='ltr'>et</span> <span class='ocrx_word' id='word_1_660' title='bbox 2629 4133 2902 4184; x_wconf 81' lang='lat' dir='ltr'><strong>ornatum</strong></span> <span class='ocrx_word' id='word_1_661' title='bbox 2963 4128 3292 4184; x_wconf 87' lang='lat' dir='ltr'><strong>arboribus.</strong></span> <span class='ocrx_word' id='word_1_662' title='bbox 3343 4127 3577 4183; x_wconf 90' lang='lat' dir='ltr'><strong>Vitibus</strong></span> <span class='ocrx_word' id='word_1_663' title='bbox 3609 4133 3807 4184; x_wconf 87' lang='lat' dir='ltr'><strong>autem</strong></span> 
     </span>
    </p>
   </div>
   <div class='ocr_carea' id='block_1_92' title="bbox 2157 4216 3805 4290">
    <p class='ocr_par' dir='ltr' id='par_1_92' title="bbox 2157 4216 3805 4290">
     <span class='ocr_line' id='line_1_93' title="bbox 2157 4216 3805 4290; baseline -0.002 -15"><span class='ocrx_word' id='word_1_664' title='bbox 2157 4224 2214 4276; x_wconf 88' lang='lat' dir='ltr'>et</span> <span class='ocrx_word' id='word_1_665' title='bbox 2272 4220 2421 4286; x_wconf 82' lang='lat' dir='ltr'><strong>uvis,</strong></span> <span class='ocrx_word' id='word_1_666' title='bbox 2481 4223 2763 4289; x_wconf 87' lang='lat' dir='ltr'><strong>tanquam</strong></span> <span class='ocrx_word' id='word_1_667' title='bbox 2822 4234 2892 4273; x_wconf 83' lang='lat' dir='ltr'><strong>ex</strong></span> <span class='ocrx_word' id='word_1_668' title='bbox 2945 4217 3205 4272; x_wconf 89' lang='lat' dir='ltr'><strong>fontibus</strong></span> <span class='ocrx_word' id='word_1_669' title='bbox 3291 4216 3492 4272; x_wconf 91' lang='lat' dir='ltr'><strong>vinum</strong></span> <span class='ocrx_word' id='word_1_670' title='bbox 3564 4217 3805 4290; x_wconf 86' lang='lat' dir='ltr'><strong>profun-</strong></span> 
     </span>
    </p>
   </div>
   <div class='ocr_carea' id='block_1_93' title="bbox 2157 4305 3808 4379">
    <p class='ocr_par' dir='ltr' id='par_1_93' title="bbox 2157 4305 3808 4379">
     <span class='ocr_line' id='line_1_94' title="bbox 2157 4305 3808 4379; baseline -0.001 -15"><span class='ocrx_word' id='word_1_671' title='bbox 2157 4309 2323 4379; x_wconf 87' lang='lat' dir='ltr'><strong>dens,</strong></span> <span class='ocrx_word' id='word_1_672' title='bbox 2382 4312 2439 4363; x_wconf 90' lang='lat' dir='ltr'>et</span> <span class='ocrx_word' id='word_1_673' title='bbox 2496 4307 2622 4362; x_wconf 89' lang='lat' dir='ltr'><strong>suis</strong></span> <span class='ocrx_word' id='word_1_674' title='bbox 2654 4307 3044 4378; x_wconf 88' lang='lat' dir='ltr'><strong>suppeditans</strong></span> <span class='ocrx_word' id='word_1_675' title='bbox 3075 4311 3200 4362; x_wconf 86' lang='lat' dir='ltr'><strong>erat</strong></span> <span class='ocrx_word' id='word_1_676' title='bbox 3232 4305 3466 4376; x_wconf 86' lang='lat' dir='ltr'><strong>nobile;</strong></span> <span class='ocrx_word' id='word_1_677' title='bbox 3498 4305 3558 4362; x_wconf 89' lang='lat' dir='ltr'>in</span> <span class='ocrx_word' id='word_1_678' title='bbox 3591 4306 3808 4378; x_wconf 88' lang='lat' dir='ltr'><strong>quibus</strong></span> 
     </span>
    </p>
   </div>
   <div class='ocr_carea' id='block_1_94' title="bbox 2156 4395 3808 4467">
    <p class='ocr_par' dir='ltr' id='par_1_94' title="bbox 2156 4395 3808 4467">
     <span class='ocr_line' id='line_1_95' title="bbox 2156 4395 3808 4467; baseline -0.002 -13"><span class='ocrx_word' id='word_1_679' title='bbox 2156 4402 2215 4454; x_wconf 89' lang='lat' dir='ltr'>et</span> <span class='ocrx_word' id='word_1_680' title='bbox 2244 4397 2668 4454; x_wconf 87' lang='lat' dir='ltr'><strong>mensariorum</strong></span> <span class='ocrx_word' id='word_1_681' title='bbox 2705 4395 2956 4467; x_wconf 89' lang='lat' dir='ltr'><strong>negotiis</strong></span> <span class='ocrx_word' id='word_1_682' title='bbox 2988 4395 3272 4451; x_wconf 69' lang='lat' dir='ltr'><strong>universa:</strong></span> <span class='ocrx_word' id='word_1_683' title='bbox 3295 4395 3547 4451; x_wconf 86' lang='lat' dir='ltr'><strong>civitatis</strong></span> <span class='ocrx_word' id='word_1_684' title='bbox 3572 4395 3808 4450; x_wconf 64' lang='lat' dir='ltr'><strong>familiai</strong></span> 
     </span>
    </p>
   </div>
   <div class='ocr_carea' id='block_1_95' title="bbox 2155 4483 3813 4556">
    <p class='ocr_par' dir='ltr' id='par_1_95' title="bbox 2155 4483 3813 4556">
     <span class='ocr_line' id='line_1_96' title="bbox 2155 4483 3813 4556; baseline -0.002 -13"><span class='ocrx_word' id='word_1_685' title='bbox 2155 4491 2213 4543; x_wconf 88' lang='lat' dir='ltr'>et</span> <span class='ocrx_word' id='word_1_686' title='bbox 2269 4503 2469 4542; x_wconf 90' lang='lat' dir='ltr'><strong>eorum</strong></span> <span class='ocrx_word' id='word_1_687' title='bbox 2525 4486 2625 4556; x_wconf 90' lang='lat' dir='ltr'><strong>qui</strong></span> <span class='ocrx_word' id='word_1_688' title='bbox 2658 4485 3040 4540; x_wconf 87' lang='lat' dir='ltr'><strong>circumcirca</strong></span> <span class='ocrx_word' id='word_1_689' title='bbox 3068 4484 3292 4540; x_wconf 68' lang='lat' dir='ltr'><strong>vallata:</strong></span> <span class='ocrx_word' id='word_1_690' title='bbox 3325 4485 3614 4540; x_wconf 87' lang='lat' dir='ltr'><strong>ambitum</strong></span> <span class='ocrx_word' id='word_1_691' title='bbox 3648 4483 3813 4540; x_wconf 92' lang='lat' dir='ltr'><strong>inco-</strong></span> 
     </span>
    </p>
   </div>
   <div class='ocr_carea' id='block_1_96' title="bbox 391 4572 2044 4658">
    <p class='ocr_par' dir='ltr' id='par_1_96' title="bbox 391 4573 2044 4654">
     <span class='ocr_line' id='line_1_97' title="bbox 391 4573 2044 4654; baseline -0.004 -22"><span class='ocrx_word' id='word_1_692' title='bbox 391 4577 600 4654; x_wconf 75' lang='grc' dir='ltr'>ἲχθόων</span> <span class='ocrx_word' id='word_1_693' title='bbox 645 4578 782 4652; x_wconf 86' lang='grc' dir='ltr'>πρὸς</span> <span class='ocrx_word' id='word_1_694' title='bbox 814 4577 1030 4639; x_wconf 83' lang='grc' dir='ltr'>τούτοις</span> <span class='ocrx_word' id='word_1_695' title='bbox 1061 4576 1166 4632; x_wconf 88' lang='grc' dir='ltr'>ἀπὸ</span> <span class='ocrx_word' id='word_1_696' title='bbox 1204 4580 1302 4631; x_wconf 87' lang='grc' dir='ltr'>τοῦ</span> <span class='ocrx_word' id='word_1_697' title='bbox 1333 4579 1606 4646; x_wconf 77' lang='grc' dir='ltr'>ποταμοῦ,</span> <span class='ocrx_word' id='word_1_698' title='bbox 1639 4573 1716 4635; x_wconf 86' lang='grc' dir='ltr'>ὡς</span> <span class='ocrx_word' id='word_1_699' title='bbox 1747 4573 1853 4627; x_wconf 81' lang='grc' dir='ltr'>ἀπὸ</span> <span class='ocrx_word' id='word_1_700' title='bbox 1885 4592 2044 4646; x_wconf 90' lang='grc' dir='ltr'>προσ-</span> 
     </span>
    </p>
   </div>
   <div class='ocr_carea' id='block_1_97' title="bbox 2156 4572 3811 4658">
    <p class='ocr_par' dir='ltr' id='par_1_97' title="bbox 2159 4572 3811 4646">
     <span class='ocr_line' id='line_1_98' title="bbox 2159 4572 3811 4646; baseline -0.002 -15"><span class='ocrx_word' id='word_1_701' title='bbox 2159 4575 2380 4645; x_wconf 87' lang='lat' dir='ltr'><strong>lcbant,</strong></span> <span class='ocrx_word' id='word_1_702' title='bbox 2442 4575 2707 4630; x_wconf 90' lang='lat' dir='ltr'><strong>studium</strong></span> <span class='ocrx_word' id='word_1_703' title='bbox 2767 4580 2823 4630; x_wconf 87' lang='lat' dir='ltr'>et</span> <span class='ocrx_word' id='word_1_704' title='bbox 2852 4590 3089 4646; x_wconf 87' lang='lat' dir='ltr'><strong>operam</strong></span> <span class='ocrx_word' id='word_1_705' title='bbox 3132 4573 3519 4629; x_wconf 89' lang='lat' dir='ltr'><strong>collocabant.</strong></span> <span class='ocrx_word' id='word_1_706' title='bbox 3554 4572 3811 4630; x_wconf 86' lang='lat' dir='ltr'><strong>Piscium</strong></span> 
     </span>
    </p>
   </div>
   <div class='ocr_carea' id='block_1_98' title="bbox 390 4661 2046 4739">
    <p class='ocr_par' dir='ltr' id='par_1_98' title="bbox 390 4661 2046 4739">
     <span class='ocr_line' id='line_1_99' title="bbox 390 4661 2046 4739; baseline -0.005 -17"><span class='ocrx_word' id='word_1_707' title='bbox 390 4673 546 4722; x_wconf 83' lang='grc' dir='ltr'>ωπου</span> <span class='ocrx_word' id='word_1_708' title='bbox 600 4670 700 4736; x_wconf 74' lang='grc' dir='ltr'>τῆς</span> <span class='ocrx_word' id='word_1_709' title='bbox 759 4666 1031 4737; x_wconf 80' lang='grc' dir='ltr'>θαλάττης</span> <span class='ocrx_word' id='word_1_710' title='bbox 1085 4666 1342 4738; x_wconf 88' lang='grc' dir='ltr'>κυμάτων</span> <span class='ocrx_word' id='word_1_711' title='bbox 1403 4661 1584 4734; x_wconf 83' lang='grc' dir='ltr'>δίκην,</span> <span class='ocrx_word' id='word_1_712' title='bbox 1643 4662 2046 4739; x_wconf 78' lang='grc' dir='ltr'>προσφέρουσα,</span> 
     </span>
    </p>
   </div>
   <div class='ocr_carea' id='block_1_99' title="bbox 391 4750 2047 4835">
    <p class='ocr_par' dir='ltr' id='par_1_99' title="bbox 391 4750 2047 4835">
     <span class='ocr_line' id='line_1_100' title="bbox 391 4750 2047 4835; baseline -0.007 -21"><span class='ocrx_word' id='word_1_713' title='bbox 391 4765 676 4835; x_wconf 80' lang='grc' dir='ltr'>παρεῖχεν.</span> <span class='ocrx_word' id='word_1_714' title='bbox 734 4756 849 4815; x_wconf 75' lang='grc' dir='ltr'>Οὐκ</span> <span class='ocrx_word' id='word_1_715' title='bbox 907 4756 1098 4833; x_wconf 76' lang='grc' dir='ltr'>ὀλίγην</span> <span class='ocrx_word' id='word_1_716' title='bbox 1134 4753 1192 4810; x_wconf 72' lang='grc' dir='ltr'>δὲ</span> <span class='ocrx_word' id='word_1_717' title='bbox 1221 4754 1313 4810; x_wconf 87' lang='grc' dir='ltr'>καὶ</span> <span class='ocrx_word' id='word_1_718' title='bbox 1360 4755 1388 4808; x_wconf 90' lang='lat'>6</span> <span class='ocrx_word' id='word_1_719' title='bbox 1421 4753 1668 4826; x_wconf 85' lang='grc' dir='ltr'>ποταμὸς</span> <span class='ocrx_word' id='word_1_720' title='bbox 1698 4756 1796 4806; x_wconf 86' lang='grc' dir='ltr'>τοῦ</span> <span class='ocrx_word' id='word_1_721' title='bbox 1826 4750 2047 4826; x_wconf 84' lang='grc' dir='ltr'>τείχους</span> 
     </span>
    </p>
   </div>
   <div class='ocr_carea' id='block_1_100' title="bbox 393 4840 2050 4923">
    <p class='ocr_par' dir='ltr' id='par_1_100' title="bbox 393 4840 2050 4923">
     <span class='ocr_line' id='line_1_101' title="bbox 393 4840 2050 4923; baseline -0.007 -20"><span class='ocrx_word' id='word_1_722' title='bbox 393 4847 714 4923; x_wconf 79' lang='grc' dir='ltr'>ἐγινώσκετο</span> <span class='ocrx_word' id='word_1_723' title='bbox 770 4843 1028 4920; x_wconf 79' lang='grc' dir='ltr'>παρέχων</span> <span class='ocrx_word' id='word_1_724' title='bbox 1094 4845 1349 4920; x_wconf 75' lang='grc' dir='ltr'>βοήθειαν</span> <span class='ocrx_word' id='word_1_725' title='bbox 1386 4861 1398 4875; x_wconf 75' lang='grc' dir='ltr'>ο</span> <span class='ocrx_word' id='word_1_726' title='bbox 1453 4841 1543 4897; x_wconf 92' lang='grc' dir='ltr'>καὶ</span> <span class='ocrx_word' id='word_1_727' title='bbox 1600 4840 1758 4901; x_wconf 81' lang='grc' dir='ltr'>αὐτὸς</span> <span class='ocrx_word' id='word_1_728' title='bbox 1812 4841 1912 4916; x_wconf 69' lang='grc' dir='ltr'>γάρ</span> <span class='ocrx_word' id='word_1_729' title='bbox 1971 4842 2050 4910; x_wconf 81' lang='grc' dir='ltr'>τῷ</span> 
     </span>
    </p>
   </div>
   <div class='ocr_carea' id='block_1_101' title="bbox 391 4929 2052 5006">
    <p class='ocr_par' dir='ltr' id='par_1_101' title="bbox 391 4929 2052 5006">
     <span class='ocr_line' id='line_1_102' title="bbox 391 4929 2052 5006; baseline -0.006 -14"><span class='ocrx_word' id='word_1_730' title='bbox 391 4935 588 4992; x_wconf 89' lang='grc' dir='ltr'>πλάτει</span> <span class='ocrx_word' id='word_1_731' title='bbox 636 4940 737 5002; x_wconf 77' lang='grc' dir='ltr'>τῆς</span> <span class='ocrx_word' id='word_1_732' title='bbox 760 4934 998 5005; x_wconf 90' lang='grc' dir='ltr'>πόλεως,</span> <span class='ocrx_word' id='word_1_733' title='bbox 1024 4937 1102 5006; x_wconf 78' lang='grc' dir='ltr'>τῷ</span> <span class='ocrx_word' id='word_1_734' title='bbox 1130 4931 1255 5006; x_wconf 83' lang='grc' dir='ltr'>ἰδίῳ</span> <span class='ocrx_word' id='word_1_735' title='bbox 1286 4929 1504 5002; x_wconf 84' lang='grc' dir='ltr'>πλάτει,</span> <span class='ocrx_word' id='word_1_736' title='bbox 1539 4929 1720 5004; x_wconf 81' lang='grc' dir='ltr'>ὥσπερ</span> <span class='ocrx_word' id='word_1_737' title='bbox 1754 4935 1938 4998; x_wconf 78' lang='grc' dir='ltr'>νῆσον,</span> <span class='ocrx_word' id='word_1_738' title='bbox 1972 4932 2052 4999; x_wconf 80' lang='grc' dir='ltr'>τῷ</span> 
     </span>
    </p>
   </div>
   <div class='ocr_carea' id='block_1_102' title="bbox 392 5021 1155 5098">
    <p class='ocr_par' dir='ltr' id='par_1_102' title="bbox 392 5021 1155 5098">
     <span class='ocr_line' id='line_1_103' title="bbox 392 5021 1155 5098; baseline -0.003 -17"><span class='ocrx_word' id='word_1_739' title='bbox 392 5025 546 5081; x_wconf 77' lang='grc' dir='ltr'>ὕδατι</span> <span class='ocrx_word' id='word_1_740' title='bbox 573 5025 738 5095; x_wconf 68' lang='grc' dir='ltr'>αὐτὴν</span> <span class='ocrx_word' id='word_1_741' title='bbox 772 5021 1065 5098; x_wconf 71' lang='grc' dir='ltr'>περιεκῦκλ</span> <span class='ocrx_word' id='word_1_742' title='bbox 1075 5044 1155 5079; x_wconf 92' lang='grc' dir='ltr'>ου.</span> 
     </span>
    </p>
   </div>
   <div class='ocr_carea' id='block_1_103' title="bbox 464 5103 2052 5184">
    <p class='ocr_par' dir='ltr' id='par_1_103' title="bbox 464 5103 2052 5184">
     <span class='ocr_line' id='line_1_104' title="bbox 464 5103 2052 5184; baseline -0.008 -11"><span class='ocrx_word' id='word_1_743' title='bbox 464 5119 672 5173; x_wconf 87' lang='grc' dir='ltr'>Τοῦτον</span> <span class='ocrx_word' id='word_1_744' title='bbox 724 5115 813 5169; x_wconf 76' lang='grc' dir='ltr'>οὗν</span> <span class='ocrx_word' id='word_1_745' title='bbox 867 5115 957 5168; x_wconf 85' lang='grc' dir='ltr'>τὸν</span> <span class='ocrx_word' id='word_1_746' title='bbox 1017 5112 1188 5167; x_wconf 88' lang='grc' dir='ltr'>τόπον</span> <span class='ocrx_word' id='word_1_747' title='bbox 1223 5112 1250 5165; x_wconf 92' lang='lat'>6</span> <span class='ocrx_word' id='word_1_748' title='bbox 1305 5114 1439 5166; x_wconf 83' lang='grc' dir='ltr'>Θεοῦ</span> <span class='ocrx_word' id='word_1_749' title='bbox 1471 5107 1670 5172; x_wconf 81' lang='grc' dir='ltr'>δοῦλος</span> <span class='ocrx_word' id='word_1_750' title='bbox 1700 5103 2052 5184; x_wconf 66' lang='grc' dir='ltr'>περιοδεύσας</span> 
     </span>
    </p>
   </div>
   <div class='ocr_carea' id='block_1_104' title="bbox 393 5196 2053 5280">
    <p class='ocr_par' dir='ltr' id='par_1_104' title="bbox 393 5196 2053 5280">
     <span class='ocr_line' id='line_1_105' title="bbox 393 5196 2053 5280; baseline -0.005 -21"><span class='ocrx_word' id='word_1_751' title='bbox 393 5206 482 5260; x_wconf 84' lang='grc' dir='ltr'>καὶ</span> <span class='ocrx_word' id='word_1_752' title='bbox 533 5209 610 5277; x_wconf 78' lang='grc' dir='ltr'>τῷ</span> <span class='ocrx_word' id='word_1_753' title='bbox 668 5208 870 5280; x_wconf 80' lang='grc' dir='ltr'>στερεῷ</span> <span class='ocrx_word' id='word_1_754' title='bbox 921 5205 1021 5273; x_wconf 75' lang='grc' dir='ltr'>τῆς</span> <span class='ocrx_word' id='word_1_755' title='bbox 1078 5201 1308 5263; x_wconf 84' lang='grc' dir='ltr'>πίστεως</span> <span class='ocrx_word' id='word_1_756' title='bbox 1368 5196 1743 5271; x_wconf 87' lang='grc' dir='ltr'>ὁπλισάμενος</span> <span class='ocrx_word' id='word_1_757' title='bbox 1802 5201 1920 5269; x_wconf 80' lang='grc' dir='ltr'>Θεῷ</span> <span class='ocrx_word' id='word_1_758' title='bbox 1973 5200 2053 5268; x_wconf 80' lang='grc' dir='ltr'>τῷ</span> 
     </span>
    </p>
   </div>
   <div class='ocr_carea' id='block_1_105' title="bbox 393 5283 2050 5369">
    <p class='ocr_par' dir='ltr' id='par_1_105' title="bbox 393 5283 2050 5369">
     <span class='ocr_line' id='line_1_106' title="bbox 393 5283 2050 5369; baseline -0.007 -18"><span class='ocrx_word' id='word_1_759' title='bbox 393 5293 790 5369; x_wconf 81' lang='grc' dir='ltr'>παντοδυνάμῳ</span> <span class='ocrx_word' id='word_1_760' title='bbox 865 5297 1145 5369; x_wconf 79' lang='grc' dir='ltr'>πανταχοῦ</span> <span class='ocrx_word' id='word_1_761' title='bbox 1202 5294 1497 5369; x_wconf 88' lang='grc' dir='ltr'>βοηθοῦντι</span> <span class='ocrx_word' id='word_1_762' title='bbox 1555 5289 1646 5344; x_wconf 83' lang='grc' dir='ltr'>καὶ</span> <span class='ocrx_word' id='word_1_763' title='bbox 1707 5283 2050 5343; x_wconf 66' lang='grc' dir='ltr'>συνοδεύοντι</span> 
     </span>
    </p>
   </div>
   <div class='ocr_carea' id='block_1_106' title="bbox 393 5375 2051 5458">
    <p class='ocr_par' dir='ltr' id='par_1_106' title="bbox 393 5375 2051 5458">
     <span class='ocr_line' id='line_1_107' title="bbox 393 5375 2051 5458; baseline -0.006 -18"><span class='ocrx_word' id='word_1_764' title='bbox 393 5385 590 5458; x_wconf 76' lang='grc' dir='ltr'>αὐτῷ,</span> <span class='ocrx_word' id='word_1_765' title='bbox 650 5384 939 5456; x_wconf 81' lang='grc' dir='ltr'>ἐκκλησίαν</span> <span class='ocrx_word' id='word_1_766' title='bbox 999 5383 1169 5438; x_wconf 78' lang='grc' dir='ltr'>ἐκεῖσε</span> <span class='ocrx_word' id='word_1_767' title='bbox 1223 5381 1360 5437; x_wconf 87' lang='grc' dir='ltr'>κατά</span> <span class='ocrx_word' id='word_1_768' title='bbox 1413 5381 1514 5448; x_wconf 68' lang='grc' dir='ltr'>τὴθ</span> <span class='ocrx_word' id='word_1_769' title='bbox 1573 5377 1802 5451; x_wconf 76' lang='grc' dir='ltr'>δύναμιν</span> <span class='ocrx_word' id='word_1_770' title='bbox 1863 5375 2051 5446; x_wconf 74' lang='grc' dir='ltr'>αὐτοῦ,</span> 
     </span>
    </p>
   </div>
   <div class='ocr_carea' id='block_1_107' title="bbox 391 5466 2052 5550">
    <p class='ocr_par' dir='ltr' id='par_1_107' title="bbox 391 5466 2052 5550">
     <span class='ocr_line' id='line_1_108' title="bbox 391 5466 2052 5550; baseline -0.007 -20"><span class='ocrx_word' id='word_1_771' title='bbox 391 5474 581 5538; x_wconf 86' lang='grc' dir='ltr'>καθότι</span> <span class='ocrx_word' id='word_1_772' title='bbox 638 5475 754 5538; x_wconf 88' lang='grc' dir='ltr'>νέος</span> <span class='ocrx_word' id='word_1_773' title='bbox 813 5475 996 5547; x_wconf 71' lang='grc' dir='ltr'>ἀκμὴν</span> <span class='ocrx_word' id='word_1_774' title='bbox 1053 5469 1399 5550; x_wconf 72' lang='grc' dir='ltr'>προσήλυτος</span> <span class='ocrx_word' id='word_1_775' title='bbox 1449 5469 1688 5544; x_wconf 83' lang='grc' dir='ltr'>ὑπῆρχε,</span> <span class='ocrx_word' id='word_1_776' title='bbox 1729 5471 1809 5540; x_wconf 76' lang='grc' dir='ltr'>τῷ</span> <span class='ocrx_word' id='word_1_777' title='bbox 1868 5466 2052 5541; x_wconf 85' lang='grc' dir='ltr'>Κυρίῳ</span> 
     </span>
    </p>
   </div>
   <div class='ocr_carea' id='block_1_108' title="bbox 471 5689 1085 5765">
    <p class='ocr_par' dir='ltr' id='par_1_108' title="bbox 471 5689 1085 5765">
     <span class='ocr_line' id='line_1_109' title="bbox 471 5689 1085 5765; baseline 0 -21"><span class='ocrx_word' id='word_1_778' title='bbox 471 5692 553 5765; x_wconf 80' lang='grc' dir='ltr'>(η)</span> <span class='ocrx_word' id='word_1_779' title='bbox 585 5691 795 5749; x_wconf 82' lang='lat' dir='ltr'><strong>Matth.</strong></span> <span class='ocrx_word' id='word_1_780' title='bbox 828 5707 962 5759; x_wconf 79' lang='lat' dir='ltr'><strong>xxv,</strong></span> <span class='ocrx_word' id='word_1_781' title='bbox 992 5689 1085 5745; x_wconf 85' lang='grc'>21.</span> 
     </span>
    </p>
   </div>
   <div class='ocr_carea' id='block_1_109' title="bbox 2160 4662 3816 4738">
    <p class='ocr_par' dir='ltr' id='par_1_109' title="bbox 2160 4662 3816 4738">
     <span class='ocr_line' id='line_1_110' title="bbox 2160 4662 3816 4738; baseline -0.002 -17"><span class='ocrx_word' id='word_1_782' title='bbox 2160 4671 2440 4738; x_wconf 65' lang='lat' dir='ltr'><strong>praeterea</strong></span> <span class='ocrx_word' id='word_1_783' title='bbox 2495 4663 2721 4735; x_wconf 89' lang='lat' dir='ltr'><strong>copiam</strong></span> <span class='ocrx_word' id='word_1_784' title='bbox 2753 4681 2822 4718; x_wconf 79' lang='lat' dir='ltr'><strong>ex</strong></span> <span class='ocrx_word' id='word_1_785' title='bbox 2851 4679 3025 4719; x_wconf 87' lang='lat' dir='ltr'><strong>nmnc</strong></span> <span class='ocrx_word' id='word_1_786' title='bbox 3065 4663 3236 4735; x_wconf 86' lang='lat' dir='ltr'><strong>quasi</strong></span> <span class='ocrx_word' id='word_1_787' title='bbox 3268 4681 3335 4719; x_wconf 84' lang='lat' dir='ltr'>ex</span> <span class='ocrx_word' id='word_1_788' title='bbox 3367 4662 3545 4718; x_wconf 88' lang='lat' dir='ltr'><strong>maris</strong></span> <span class='ocrx_word' id='word_1_789' title='bbox 3573 4678 3671 4718; x_wconf 90' lang='lat' dir='ltr'>ore</span> <span class='ocrx_word' id='word_1_790' title='bbox 3703 4680 3816 4718; x_wconf 91' lang='lat' dir='ltr'>un-</span> 
     </span>
    </p>
   </div>
   <div class='ocr_carea' id='block_1_110' title="bbox 2161 4751 3813 4824">
    <p class='ocr_par' dir='ltr' id='par_1_110' title="bbox 2161 4751 3813 4824">
     <span class='ocr_line' id='line_1_111' title="bbox 2161 4751 3813 4824; baseline -0.002 -15"><span class='ocrx_word' id='word_1_791' title='bbox 2161 4754 2368 4810; x_wconf 86' lang='lat' dir='ltr'><strong>darum</strong></span> <span class='ocrx_word' id='word_1_792' title='bbox 2423 4753 2614 4809; x_wconf 88' lang='lat' dir='ltr'><strong>instar</strong></span> <span class='ocrx_word' id='word_1_793' title='bbox 2672 4753 2992 4824; x_wconf 89' lang='lat' dir='ltr'><strong>proferens.</strong></span> <span class='ocrx_word' id='word_1_794' title='bbox 3045 4752 3358 4824; x_wconf 66' lang='lat' dir='ltr'><strong>praebebat.</strong></span> <span class='ocrx_word' id='word_1_795' title='bbox 3391 4751 3506 4807; x_wconf 85' lang='lat' dir='ltr'><strong>Nec</strong></span> <span class='ocrx_word' id='word_1_796' title='bbox 3535 4769 3669 4808; x_wconf 89' lang='lat' dir='ltr'><strong>vero</strong></span> <span class='ocrx_word' id='word_1_797' title='bbox 3695 4751 3813 4807; x_wconf 81' lang='lat' dir='ltr'>exi-</span> 
     </span>
    </p>
   </div>
   <div class='ocr_carea' id='block_1_111' title="bbox 2161 4840 3816 4915">
    <p class='ocr_par' dir='ltr' id='par_1_111' title="bbox 2161 4840 3816 4915">
     <span class='ocr_line' id='line_1_112' title="bbox 2161 4840 3816 4915; baseline 0 -20"><span class='ocrx_word' id='word_1_798' title='bbox 2161 4860 2344 4915; x_wconf 85' lang='lat' dir='ltr'><strong>guum</strong></span> <span class='ocrx_word' id='word_1_799' title='bbox 2379 4842 2717 4914; x_wconf 63' lang='lat' dir='ltr'><strong>praesidium</strong></span> <span class='ocrx_word' id='word_1_800' title='bbox 2751 4841 2943 4898; x_wconf 89' lang='lat' dir='ltr'><strong>amnis</strong></span> <span class='ocrx_word' id='word_1_801' title='bbox 2976 4841 3097 4913; x_wconf 90' lang='lat' dir='ltr'><strong>ipse</strong></span> <span class='ocrx_word' id='word_1_802' title='bbox 3130 4840 3424 4896; x_wconf 79' lang='lat' dir='ltr'><strong>mmnibus</strong></span> <span class='ocrx_word' id='word_1_803' title='bbox 3465 4842 3611 4896; x_wconf 85' lang='lat' dir='ltr'><strong>ferre</strong></span> <span class='ocrx_word' id='word_1_804' title='bbox 3643 4840 3816 4896; x_wconf 89' lang='lat' dir='ltr'><strong>intel-</strong></span> 
     </span>
    </p>
   </div>
   <div class='ocr_carea' id='block_1_112' title="bbox 2161 4929 3817 5004">
    <p class='ocr_par' dir='ltr' id='par_1_112' title="bbox 2161 4929 3817 5004">
     <span class='ocr_line' id='line_1_113' title="bbox 2161 4929 3817 5004; baseline -0.002 -18"><span class='ocrx_word' id='word_1_805' title='bbox 2161 4933 2472 5004; x_wconf 79' lang='lat' dir='ltr'><strong>ligebatur.</strong></span> <span class='ocrx_word' id='word_1_806' title='bbox 2510 4936 2561 4986; x_wconf 83' lang='lat' dir='ltr'><strong>is</strong></span> <span class='ocrx_word' id='word_1_807' title='bbox 2592 4931 2750 4987; x_wconf 87' lang='lat' dir='ltr'><strong>enim</strong></span> <span class='ocrx_word' id='word_1_808' title='bbox 2784 4930 3157 4986; x_wconf 89' lang='lat' dir='ltr'><strong>latitudinem</strong></span> <span class='ocrx_word' id='word_1_809' title='bbox 3187 4930 3349 4986; x_wconf 89' lang='lat' dir='ltr'><strong>urbis</strong></span> <span class='ocrx_word' id='word_1_810' title='bbox 3378 4929 3689 4986; x_wconf 82' lang='lat' dir='ltr'><strong>latitudine</strong></span> <span class='ocrx_word' id='word_1_811' title='bbox 3711 4945 3817 4984; x_wconf 80' lang='lat' dir='ltr'>sua</span> 
     </span>
    </p>
   </div>
   <div class='ocr_carea' id='block_1_113' title="bbox 2162 5018 3234 5092">
    <p class='ocr_par' dir='ltr' id='par_1_113' title="bbox 2162 5018 3234 5092">
     <span class='ocr_line' id='line_1_114' title="bbox 2162 5018 3234 5092; baseline -0.004 -16"><span class='ocrx_word' id='word_1_812' title='bbox 2162 5022 2368 5076; x_wconf 67' lang='lat' dir='ltr'><strong>insulas</strong></span> <span class='ocrx_word' id='word_1_813' title='bbox 2401 5020 2595 5092; x_wconf 88' lang='lat' dir='ltr'><strong>specie</strong></span> <span class='ocrx_word' id='word_1_814' title='bbox 2624 5036 2779 5090; x_wconf 90' lang='lat' dir='ltr'><strong>aqua</strong></span> <span class='ocrx_word' id='word_1_815' title='bbox 2808 5018 3234 5074; x_wconf 84' lang='lat' dir='ltr'><strong>circumdabat.</strong></span> 
     </span>
    </p>
   </div>
   <div class='ocr_carea' id='block_1_114' title="bbox 2237 5105 3812 5182">
    <p class='ocr_par' dir='ltr' id='par_1_114' title="bbox 2237 5105 3812 5182">
     <span class='ocr_line' id='line_1_115' title="bbox 2237 5105 3812 5182; baseline -0.003 -18"><span class='ocrx_word' id='word_1_816' title='bbox 2237 5111 2399 5166; x_wconf 83' lang='lat' dir='ltr'><strong>Hunc</strong></span> <span class='ocrx_word' id='word_1_817' title='bbox 2427 5109 2609 5182; x_wconf 86' lang='lat' dir='ltr'><strong>igitur</strong></span> <span class='ocrx_word' id='word_1_818' title='bbox 2638 5107 2740 5164; x_wconf 90' lang='lat' dir='ltr'><strong>Dei</strong></span> <span class='ocrx_word' id='word_1_819' title='bbox 2773 5124 2980 5164; x_wconf 87' lang='lat' dir='ltr'><strong>servus</strong></span> <span class='ocrx_word' id='word_1_820' title='bbox 3034 5123 3166 5163; x_wconf 90' lang='lat' dir='ltr'>cum</span> <span class='ocrx_word' id='word_1_821' title='bbox 3201 5111 3572 5178; x_wconf 87' lang='lat' dir='ltr'><strong>peragrasset</strong></span> <span class='ocrx_word' id='word_1_822' title='bbox 3597 5105 3812 5174; x_wconf 92' lang='lat' dir='ltr'><strong>locum,</strong></span> 
     </span>
    </p>
   </div>
   <div class='ocr_carea' id='block_1_115' title="bbox 2164 5194 3814 5267">
    <p class='ocr_par' dir='ltr' id='par_1_115' title="bbox 2164 5194 3814 5267">
     <span class='ocr_line' id='line_1_116' title="bbox 2164 5194 3814 5267; baseline -0.002 -13"><span class='ocrx_word' id='word_1_823' title='bbox 2164 5198 2298 5254; x_wconf 83' lang='lat' dir='ltr'><strong>fidei</strong></span> <span class='ocrx_word' id='word_1_824' title='bbox 2332 5199 2537 5255; x_wconf 90' lang='lat' dir='ltr'><strong>robore</strong></span> <span class='ocrx_word' id='word_1_825' title='bbox 2584 5202 2871 5266; x_wconf 86' lang='lat' dir='ltr'><strong>armatus,</strong></span> <span class='ocrx_word' id='word_1_826' title='bbox 2904 5196 3020 5252; x_wconf 89' lang='lat' dir='ltr'><strong>Deo</strong></span> <span class='ocrx_word' id='word_1_827' title='bbox 3055 5212 3251 5251; x_wconf 90' lang='lat' dir='ltr'><strong>rerum</strong></span> <span class='ocrx_word' id='word_1_828' title='bbox 3284 5194 3548 5250; x_wconf 89' lang='lat' dir='ltr'><strong>omnium</strong></span> <span class='ocrx_word' id='word_1_829' title='bbox 3583 5211 3814 5267; x_wconf 72' lang='lat' dir='ltr'><strong>praepo-</strong></span> 
     </span>
    </p>
   </div>
   <div class='ocr_carea' id='block_1_116' title="bbox 2162 5283 3817 5359">
    <p class='ocr_par' dir='ltr' id='par_1_116' title="bbox 2162 5283 3817 5359">
     <span class='ocr_line' id='line_1_117' title="bbox 2162 5283 3817 5359; baseline -0.004 -16"><span class='ocrx_word' id='word_1_830' title='bbox 2162 5288 2328 5356; x_wconf 88' lang='lat' dir='ltr'><strong>tenti,</strong></span> <span class='ocrx_word' id='word_1_831' title='bbox 2389 5288 2488 5359; x_wconf 92' lang='lat' dir='ltr'><strong>qui</strong></span> <span class='ocrx_word' id='word_1_832' title='bbox 2536 5287 2754 5358; x_wconf 89' lang='lat' dir='ltr'><strong>ubique</strong></span> <span class='ocrx_word' id='word_1_833' title='bbox 2784 5284 2895 5358; x_wconf 89' lang='lat' dir='ltr'><strong>ipsi</strong></span> <span class='ocrx_word' id='word_1_834' title='bbox 2929 5285 3212 5340; x_wconf 84' lang='lat' dir='ltr'><strong>auxilium</strong></span> <span class='ocrx_word' id='word_1_835' title='bbox 3245 5299 3534 5356; x_wconf 89' lang='lat' dir='ltr'><strong>opemque</strong></span> <span class='ocrx_word' id='word_1_836' title='bbox 3564 5283 3817 5350; x_wconf 84' lang='lat' dir='ltr'><strong>tulisset,</strong></span> 
     </span>
    </p>
   </div>
   <div class='ocr_carea' id='block_1_117' title="bbox 2163 5371 3821 5446">
    <p class='ocr_par' dir='ltr' id='par_1_117' title="bbox 2163 5371 3821 5446">
     <span class='ocr_line' id='line_1_118' title="bbox 2163 5371 3821 5446; baseline -0.003 -15"><span class='ocrx_word' id='word_1_837' title='bbox 2163 5381 2220 5432; x_wconf 89' lang='lat' dir='ltr'>et</span> <span class='ocrx_word' id='word_1_838' title='bbox 2250 5393 2446 5432; x_wconf 89' lang='lat' dir='ltr'><strong>comes</strong></span> <span class='ocrx_word' id='word_1_839' title='bbox 2481 5375 2710 5432; x_wconf 90' lang='lat' dir='ltr'><strong>itineris</strong></span> <span class='ocrx_word' id='word_1_840' title='bbox 2763 5375 2998 5444; x_wconf 84' lang='lat' dir='ltr'><strong>fuisset,</strong></span> <span class='ocrx_word' id='word_1_841' title='bbox 3032 5373 3151 5429; x_wconf 91' lang='lat' dir='ltr'><strong>illic</strong></span> <span class='ocrx_word' id='word_1_842' title='bbox 3183 5373 3470 5445; x_wconf 87' lang='lat' dir='ltr'><strong>templum</strong></span> <span class='ocrx_word' id='word_1_843' title='bbox 3534 5389 3637 5446; x_wconf 91' lang='lat' dir='ltr'>pro</span> <span class='ocrx_word' id='word_1_844' title='bbox 3668 5371 3821 5428; x_wconf 86' lang='lat' dir='ltr'><strong>virili</strong></span> 
     </span>
    </p>
   </div>
   <div class='ocr_carea' id='block_1_118' title="bbox 2164 5460 3820 5538">
    <p class='ocr_par' dir='ltr' id='par_1_118' title="bbox 2164 5460 3820 5538">
     <span class='ocr_line' id='line_1_119' title="bbox 2164 5460 3820 5538; baseline -0.004 -16"><span class='ocrx_word' id='word_1_845' title='bbox 2164 5483 2294 5538; x_wconf 84' lang='lat' dir='ltr'><strong>sua,</strong></span> <span class='ocrx_word' id='word_1_846' title='bbox 2328 5465 2485 5538; x_wconf 89' lang='lat' dir='ltr'><strong>quod</strong></span> <span class='ocrx_word' id='word_1_847' title='bbox 2519 5480 2703 5520; x_wconf 89' lang='lat' dir='ltr'><strong>novus</strong></span> <span class='ocrx_word' id='word_1_848' title='bbox 2735 5465 3054 5520; x_wconf 88' lang='lat' dir='ltr'><strong>admodum</strong></span> <span class='ocrx_word' id='word_1_849' title='bbox 3086 5463 3314 5520; x_wconf 86' lang='lat' dir='ltr'><strong>advena</strong></span> <span class='ocrx_word' id='word_1_850' title='bbox 3343 5466 3524 5532; x_wconf 88' lang='lat' dir='ltr'><strong>esset,</strong></span> <span class='ocrx_word' id='word_1_851' title='bbox 3555 5460 3820 5518; x_wconf 89' lang='lat' dir='ltr'><strong>Domini-</strong></span> 
     </span>
    </p>
   </div>
  </div>
