4106 6382
349 347 462 403 ὸ75

1600 350 1660 400 8.
1701 345 2018 400 DIONYSII
2055 344 2540 401 ABEOPAGITE

3675 351 3789 407 676

349 489 465 544 que
523 471 706 528 nostri
763 471 905 526 Jesu
962 471 1179 527 Christi
1213 471 1453 526 honoris
1485 487 1663 526 causa
1701 469 1985 535 excitavit,

2108 468 2268 540 ἡμῶν
2323 468 2502 536 Ἰησοῦ
2535 468 2754 542 Χριστῷ
2781 466 2859 529 εἰς
2914 469 3086 541 τιμήν
3141 467 3422 538 ἀνέστησε
3481 472 3575 526 καὶ
3634 471 3770 530 λαὸν

351 577 686 633 novumque
718 560 1002 633 populum
1035 560 1094 616 in
1119 559 1417 633 Evangelii
1442 560 1683 616 veritate
1706 559 2006 616 eruditum

349 656 550 708 sancto
582 651 877 724 baptismo
905 651 1246 723 posteaiilic
1268 650 1646 707 illuminavit.
1670 650 1781 706 Diu
1804 654 2004 705 autem

352 742 562 796 beatus
588 740 680 795 vir
711 740 967 796 interdiu
1003 745 1302 812 noctuque
1334 738 1661 812 disciplina)
1706 738 2009 810 religionis

351 847 418 886 ac
447 829 685 902 pietatis
717 829 1156 886 multitudinem
1208 829 1486 896 instituit,
1535 827 1869 900 Christique
1899 843 2005 900 po-

352 919 529 992 pulus
588 936 657 976 ex
708 919 923 975 veteris
983 918 1168 975 hostis
1218 917 1486 974 faucibus
1515 921 1752 990 ereptus
1781 921 1871 974 est
1902 935 1917 985 ;
1951 921 2007 972 et

350 1026 497 1081 quos
529 1009 694 1081 prius
736 1009 964 1064 daemon
1019 1007 1383 1064 distrahebat
1436 1011 1494 1064 et
1551 1008 1851 1077 avocabat,
1905 1023 2004 1062 eos

345 1099 471 1170 ipse
525 1097 700 1167 digne
759 1115 863 1170 per
920 1097 1093 1152 fidem
1126 1097 1186 1152 in
1218 1096 1395 1153 caelos
1438 1097 1717 1153 studebat
1749 1096 2002 1153 mittere.

344 1188 487 1258 Ejus
543 1203 676 1242 vero
736 1184 1072 1242 sanctitatis
1106 1185 1265 1242 fama
1290 1187 1444 1242 898
1475 1191 1683 1258 postea
1717 1185 1889 1257 longe
1916 1184 2005 1240 ia-

345 1279 514 1345 teque
543 1278 861 1347 pervagata
891 1278 998 1330 est.
1030 1279 1236 1346 Itaque
1269 1291 1386 1330 non
1430 1274 1642 1346 exigua
1671 1273 1874 1346 populi
1901 1273 2004 1345 qui

344 1362 538 1419 ﬁdelis
569 1368 695 1420 erat
726 1363 1044 1420 multitudo
1075 1363 1323 1436 dignum
1357 1380 1516 1434 eum,
1562 1379 1740 1436 quem
1772 1362 2004 1435 episco-

344 1471 484 1525 pum
517 1453 778 1517 haberet,
817 1454 1082 1525 putabat.
1115 1454 1206 1509 Sic
1238 1470 1378 1527 ergo
1410 1454 1685 1524 deinceps
1719 1452 2002 1508 ecclesia-

339 1542 469 1600 stici
501 1543 721 1615 gradus
751 1541 964 1598 divinis
994 1543 1296 1615 obsequiis
1327 1559 1392 1599 ac
1424 1543 1774 1601 muneribus
1804 1541 2001 1596 distri-

347 1631 600 1689 buendis
630 1631 916 1700 intentus,
949 1636 1007 1688 et
1027 1649 1384 1689 consecrans
1406 1633 1682 1704 probatos
1705 1631 1998 1700 homines,

336 1726 406 1777 ut
440 1721 652 1794 dignos
682 1726 740 1777 et
771 1721 1015 1778 idoneos
1045 1723 1116 1778 ad
1148 1724 1400 1794 gradum
1442 1721 1846 1793 promovebat.
1882 1719 1997 1776 Sed

2113 556 2230 610 νὲον
2263 555 2314 612 ἰν
2344 559 2412 630 τῇ
2447 556 2681 628 ἀληθείᾳ
2709 561 2804 611 τοῦ
2856 554 3191 632 Εὐαγγελίου
3250 555 3641 633 δεδιδαγμένον
3697 569 3784 637 τῷ

2115 647 2258 720 ἁγίῳ
2320 646 2473 710 αὖθις
2525 646 2636 700 ἐκεῖ
2687 644 3018 721 βαπτίσματι
3075 648 3442 724 κατεφώτισεν
3689 653 3778 709 Ἑν

2113 735 2226 808 ὅσῳ
2257 733 2315 790 δὲ
2345 737 2373 790 ὁ
2409 735 2674 810 μακάριος
2705 735 2842 810 ἀνὴρ
2875 734 3089 809 ἡμέρας
3133 734 3225 791 καὶ
3275 737 3464 800 νυκτὸς
3518 735 3782 796 διδασκα-

2115 822 2294 886 λικαῖς
2324 827 2684 896 συνεστήσατο
2743 819 3039 888 εὐσεϐείαις
3065 827 3166 894 τὴν
3225 824 3468 898 πληθὺν,
3531 829 3624 884 καὶ
3679 835 3782 886 τοῦ

2114 919 2346 987 Χριστοῦ
2397 915 2425 968 ὁ
2482 913 2617 975 λαὸς
2651 913 2710 968 ἐκ
2738 918 2834 968 τοῦ
2865 913 3099 989 ἀρχαίου
3130 912 3338 991 ἐχθροῦ
3367 919 3464 970 τοῦ
3496 918 3780 994 φάρυγγος

2111 1001 2434 1078 ἐλυτρώθη,
2493 1000 2589 1064 οὓς
2645 1001 2900 1078 κατίσυρε
2948 1003 3013 1058 τὸ
3069 1003 3229 1078 πρίνὸ
3288 1002 3518 1080 Βελίαρ,
3546 1006 3780 1071 τούτους

2115 1092 2277 1164 ἀξίως
2326 1091 2683 1168 παραπέμψαι
2744 1092 2820 1153 είς
2873 1091 3001 1154 τοὺς
3062 1090 3323 1166 οὐρανοὺς
3379 1090 3472 1148 διὰ
3521 1098 3627 1164 τῆς
3678 1097 3776 1153 πί-

2113 1202 2280 1245 στεως
2340 1184 2368 1237 ὁ
2420 1183 2572 1259 ἅγιος
2629 1177 2854 1237 ἔσπευδε
2886 1202 2898 1216 ο
2969 1185 3129 1258 φήμη
3192 1180 3251 1236 δὶ
3305 1184 3408 1249 τῆς
3463 1183 3777 1260 ἁγιωσύνης

2114 1272 2278 1327 αὐτοῦ
2333 1272 2409 1334 εἷς
2472 1278 2647 1344 μῆκος
2699 1271 2788 1326 καὶ
2843 1268 3053 1332 πλάτος
3109 1268 3264 1334 αὖθις
3320 1270 3579 1348 ἐξεχύθη·
3643 1275 3781 1332 ὥστε

2112 1361 2212 1415 οὐκ
2259 1361 2426 1435 ὀλίγη
2457 1367 2564 1416 τῶν
2595 1365 2831 1416 ’πιστῶν
2860 1365 2959 1414 τοῦ
2991 1357 3128 1414 λαοῦ
3159 1357 3404 1435 ἅθροισις
3432 1359 3576 1435 ἄξιον
3611 1365 3775 1421 αὐτὸν

2111 1448 2354 1523 ἐδόξασεν
2388 1449 2682 1506 ἐπίσκοπον
2725 1448 2894 1525 ἔχειν.
2955 1449 3144 1512 Οὕτως
3177 1450 3268 1505 οὗν
3307 1450 3445 1522 μετὰ
3463 1457 3628 1508 ταῦτα
3675 1461 3774 1510 τοῦ

2109 1541 2385 1615 ἱερατικοῦ
2453 1541 2669 1616 βαθμοῦ
2726 1545 2846 1602 ταῖς
2906 1539 3072 1604 θείαις
3144 1539 3461 1614 ὑπουργίαις
3508 1538 3768 1613 διαδότης

2105 1629 2195 1683 καὶ
2254 1629 2487 1704 ἁγιάζων
2566 1627 3009 1702 δεδοκιμασμὲνα
3063 1627 3333 1703 πρόσωπα
3366 1670 3382 1697 ,
3438 1629 3509 1691 ὡς
3578 1630 3761 1702 ἀξίους

2105 1719 2429 1794 γενομὲνους
2461 1717 2636 1791 ἑαυτῷ
2664 1718 2741 1780 εἰς
2777 1717 2986 1794 βαθμὸν
3039 1715 3256 1787 ἀνῆκεν.
3300 1716 3458 1773 Ἀλλ’
3486 1719 3514 1773 ὁ
3567 1718 3758 1794 Κύριος

336 1811 620 1867 Dominus
653 1817 855 1867 noster
883 1811 1059 1868 Jesus
1117 1810 1413 1877 Christus,
1445 1810 1548 1882 qui
1595 1809 1860 1883 Dionysii
1889 1809 1985 1864 vir}

2108 1811 2269 1881 ἡμῶν
2330 1809 2543 1879 Ἰησοῦς
2603 1807 2950 1911 Χριστὸς,Ἇὸ
3009 1810 3088 1878 τῷ
3143 1809 3545 1882 μακαριωτάτῳ
3606 1807 3758 1882 ἀνδρὶ

332 1899 686 1967 beatissimi,
745 1903 814 1955 ut
869 1899 1074 1972 posito
1122 1900 1182 1955 in
1214 1899 1572 1956 candelabro
1603 1899 1998 1964 lucerna,fa-

335 2006 495 2046 mam
530 1989 713 2044 latere
743 1989 922 2045 etiam
956 2006 1072 2045 non
1109 1989 1468 2061 patiebatur,
1502 1989 1556 2043 in
1590 2004 1794 2044 eorum
1827 1986 1925 2059 qui
1962 2003 1997 2042 a

341 2077 626 2151 religione
652 2083 856 2135 nostra
879 2077 1273 2134 abhorrebant
1297 2079 1619 2149 mentibus,
1641 2079 1771 2150 ejus
1793 2077 1992 2132 lumen

337 2168 486 2224 radii
543 2166 736 2238 specie
768 2167 1062 2233 adhibuit,
1093 2172 1410 2239 tantasque
1441 2184 1545 2240 per
1581 2183 1716 2223 eum
1749 2167 1994 2222 virtutes

341 2257 470 2312 fieri
522 2256 727 2325 voluit,
790 2261 856 2312 ut
883 2257 1234 2313 infestarum
1266 2257 1698 2330 rebelliumque
1729 2255 1992 2329 gentium

336 2347 532 2415 corda,
567 2363 684 2402 non
719 2346 916 2404 minus
946 2363 1126 2418 quam
1157 2363 1382 2416 earum,
1415 2347 1630 2419 quibus
1653 2346 1992 2402 nuntiatum

329 2444 450 2492 erat
477 2435 882 2507 Evangeiium,
912 2435 1260 2492 instituerit.
1298 2437 1498 2508 [taque
1519 2437 1651 2508 ejus
1672 2435 1993 2491 virtutibus

333 2541 401 2581 ac
417 2523 717 2581 miraculis
730 2525 994 2598 quotidie
1007 2525 1614 2582 corroborabanturet
1627 2525 1996 2582 addebantur

339 2618 407 2670 ut
435 2631 502 2670 eo
532 2617 814 2687 tempore,
848 2630 982 2670 cum
1019 2615 1136 2671 haec
1169 2615 1241 2670 ab
1272 2615 1440 2670 initio
1472 2616 1624 2670 facta
1655 2618 1815 2671 sunt.
1837 2615 1990 2670 Tum

325 2707 530 2761 autem
563 2703 751 2760 sancti
783 2703 915 2774 viri,
948 2709 1013 2760 ut
1041 2721 1149 2759 vox
1179 2704 1515 2770 clamanti,
1557 2704 1729 2776 longe
1758 2703 1993 2776 lateque

341 2798 656 2867 pervagata
687 2793 944 2850 nominis
975 2795 1103 2865 ejus
1134 2794 1314 2862 fama,
1347 2794 1430 2850 ita
1457 2793 1752 2850 celebrata
1793 2797 1901 2862 est,
1927 2796 1993 2848 ut

325 2883 506 2940 etiam
537 2883 932 2949 Domitianus,
958 2882 1371 2954 quisecundus
1387 2883 1817 2956 postNeronem
1831 2881 1992 2937 Chri-

332 2973 556 3029 stianos
574 2972 904 3044 exagitavit,
929 2989 1060 3028 eum
1077 2973 1149 3028 ad
1164 2972 1288 3028 sein
1301 2971 1590 3044 palatium
1606 2988 1782 3028 suum
1797 2970 1992 3028 venire

325 3060 598 3133 jusserit.
659 3061 944 3133 Idemque
1001 3065 1167 3117 tanta
1198 3061 1513 3116 iracundias
1545 3061 1992 3133 atrocitatisque

329 3151 493 3207 rabie
524 3149 758 3218 exarsit,
791 3153 858 3206 ut
883 3149 1216 3222 imperaret,
1247 3155 1313 3205 ut
1333 3151 1692 3222 ubicumque
1711 3149 1990 3208 Christia-

2108 1897 2373 1970 Διονυσίῳ
2408 1898 2483 1971 μή
2518 1901 2826 1973 συγχωρῶν
2877 1891 2955 1951 ἔτι
3011 1896 3112 1966 τὴν
3173 1897 3368 1971 φήμην
3413 1895 3765 1972 κρύπτεσθαι,

2105 1989 2180 2050 ὡς
2230 1989 2436 2052 τεθεντι
2469 1986 2662 2062 λύχνῳ
2711 1985 2798 2041 ἐπὶ
2849 1985 3105 2060 λυχνίαν,
3141 1984 3193 2041 ἂν
3238 1990 3360 2049 ταῖς
3392 1991 3502 2041 τῶν
3534 1985 3776 2042 ἀπίστων

2107 2074 2366 2138 διανοίαις
2418 2075 2483 2131 τὸ
2539 2079 2656 2154 φῶς
2714 2075 2884 2131 αὐτοῦ
2932 2071 3278 2137 ἀκτινοειδῶς
3326 2073 3617 2151 παρέθετο,
3677 2077 3769 2132 καὶ

2101 2165 2362 2228 τοσαύτας
2444 2163 2516 2220 δι’
2573 2164 2739 2220 αὐτοῦ
2795 2163 3102 2235 κατηξίωσε
3155 2162 3403 2241 γενεσθαι
3457 2164 3551 2220 καὶ
3612 2162 3774 2221 δυνά-

2108 2277 2248 2328 μεις,
2311 2254 2393 2310 ὅτι
2466 2259 2573 2309 τῶν
2626 2255 2917 2326 πολεμίων
2988 2251 3156 2318 ὶθνῶν
3214 2254 3310 2316 τὰς
3379 2252 3606 2328 καρδίας
3669 2254 3774 2310 οὐκ

2101 2344 2324 2400 ελαττον
2378 2349 2486 2399 τῶν
2536 2341 3033 2421 εὐαγγελιζομένων
3111 2341 3370 2414 ἀνάδειξιν
3405 2362 3421 2377 °
3497 2343 3639 2400 ὥστε
3712 2344 3769 2416 ἑξ

2104 2433 2278 2489 αὐτῶν
2337 2438 2445 2489 τῶν
2524 2432 2803 2506 δυνάμεων
2869 2431 2962 2488 καὶ
3034 2433 3350 2506 θαυμασίων
3421 2433 3590 2490 αὐτοῦ
3650 2436 3777 2489 καθ’

2099 2523 2311 2600 ἡμέραν
2409 2520 2836 2597 ἐνδυναμοῦσθαι
2919 2522 3014 2577 καὶ
3117 2521 3505 2597 προστίθεσθαι
3600 2519 3764 2592 δίκην

2097 2618 2197 2669 τοῦ
2251 2617 2466 2688 καιροῦ,
2531 2611 2621 2668 ὅτε
2670 2617 2839 2668 ταῦτα
2895 2611 2947 2683 ἕξ
3015 2612 3271 2688 ὑπαρχῆς
3320 2610 3593 2688 ὶγᾶνοντο.
3653 2615 3768 2670 Τοῦ

2101 2702 2260 2778 ἁγίου
2320 2700 2378 2757 δί
2434 2699 2648 2778 ἀνδρὸς,
2699 2701 2774 2763 ὡς
2830 2702 2984 2778 φωνή
3033 2701 3297 2777 βοῶντος,
3356 2701 3436 2765 εἰς
3469 2705 3646 2775 μῆκος
3675 2701 3768 2756 καὶ

2099 2791 2309 2854 πλάτος
2380 2790 2700 2867 ἔκχυθείσης
2750 2796 2852 2860 τῆς
2913 2791 3108 2868 φήμης
3165 2794 3262 2845 τοῦ
3322 2789 3617 2864 ὀνόματος,
3675 2789 3768 2846 ἐπὶ

2097 2886 2360 2936 τοσοῦτον
2417 2878 2725 2954 διαλάμψαι
2771 2879 2917 2944 τότε,
2967 2879 3043 2941 ὡς
3089 2879 3183 2935 καὶ
3237 2880 3566 2953 Δομετιανὸν
3623 2882 3766 2954 (67),

2095 2971 2191 3026 τὸν
2261 2971 2384 3026 τότε
2437 2970 2530 3026 τὸν
2607 2967 2854 3045 δεύτερον
2928 2969 3038 3024 τῶν
3102 2973 3441 3042 Χριστιανῶν
3513 2965 3766 3045 διωγμὸν

2097 3063 2407 3132 ποιήσαντα
2479 3059 2615 3132 μετᾶ
2688 3059 2946 3133 Νέρωνα,
3022 3056 3275 3114 κελεῦσαι
3361 3056 3538 3123 ἐλθεῖν
3622 3058 3766 3134 πρὸς

2099 3149 2260 3206 αὐτὸν
2343 3149 2420 3214 εἷς
2489 3149 2589 3218 τήν
2666 3147 2840 3217 αὐλὴν
2899 3146 3082 3204 αὐτοῦ’
3141 3144 3290 3210 ὅστις
3344 3147 3423 3211 είς
3479 3147 3756 3218 τοσαύτην

331 3257 473 3296 num
488 3216 996 3312 aliquem-autipse
1009 3248 1106 3295 aut
1120 3216 1213 3296 sui
1227 3216 1981 3312 invenirent,veiutimmo-

2096 3238 2298 3296 λύσσαν
2377 3216 2728 3312 ἀναξιότητος
2804 3236 3006 3314 ἐξήφθη
3081 3237 3172 3293 καὶ
3247 3238 3539 3314 παρήχθη,
3614 3216 3754 3294 ὥστε

329 3329 477 3385 laret
495 3327 822 3401 inquinatis
835 3328 1221 3397 demonibus,
1237 3329 1681 3402 persuaderent,
1699 3328 1789 3386 vel
1804 3328 1979 3386 variis

326 3418 637 3476 tormentis
690 3418 985 3490 objectum
1045 3419 1219 3474 morti
1277 3418 1466 3492 gadiis
1524 3419 1839 3476 traderent.
1873 3418 1978 3475 His

324 3523 459 3563 vero
491 3506 724 3579 legibus
753 3522 892 3562 cum
924 3505 1038 3563 sibi
1070 3523 1288 3578 genera
1318 3507 1603 3564 inclinata
1623 3508 1977 3581 subegisset,

324 3612 542 3669 magna
596 3594 812 3652 Christi
864 3595 1050 3651 servis
1105 3600 1303 3652 coorta
1332 3601 1423 3652 est
1461 3597 1816 3669 persecutio,
1846 3613 1976 3669 qua

324 3684 397 3738 ad
455 3699 555 3739 eos
611 3681 714 3755 qui
769 3681 891 3738 illic
949 3687 1137 3754 erant,
1172 3684 1540 3755 pertinebat:
1592 3684 1810 3758 quippe
1841 3701 1974 3742 cum

324 3770 490 3827 nulla
541 3787 786 3844 prorsus
840 3771 1148 3844 praesentis
1205 3771 1338 3828 vita
1382 3789 1583 3843 usura,
1616 3773 1692 3829 iis
1738 3773 1840 3845 qui
1871 3789 1976 3846 pro

321 3861 554 3917 Christo
612 3863 928 3931 certarent,
987 3862 1419 3918 concederetur.
1451 3861 1651 3936 Neque
1681 3861 1838 3919 enim
1871 3863 1976 3919 ali-

319 3967 438 4022 qua
493 3949 714 4006 sanctis
745 3950 1103 4024 martyribus
1133 3953 1486 4025 suppetebat
1526 3952 1821 4009 libertatis
1854 3952 1976 4010 sive

317 4040 600 4107 defensio,
654 4039 775 4096 sive
833 4041 1187 4112 deprecatio.
1248 4042 1582 4110 Quinetiam
1636 4059 1842 4100 omnes
1872 4042 1975 4115 qui

317 4129 492 4186 edicti
523 4129 715 4186 scelus
741 4133 798 4186 et
828 4130 1192 4204 impietatem
1210 4133 1622 4200 observabant,
1647 4134 1804 4205 quod
1826 4133 1974 4206 ipsis

317 4235 350 4274 a
377 4222 607 4276 Caesare
657 4221 1066 4291 prescriptum
1098 4225 1243 4290 erat,
1273 4220 1436 4278 nulla
1463 4238 1535 4278 ex
1565 4231 1728 4294 parte
1756 4223 1975 4279 violare

315 4307 631 4364 audebant.
693 4307 853 4364 Misit
908 4314 1188 4382 praeterea
1243 4309 1601 4366 delectorum
1632 4309 1973 4368 multitudi-

317 4413 475 4465 nem,
537 4412 672 4453 cum
737 4415 954 4471 magna
1007 4415 1146 4455 voce
1202 4403 1260 4454 et
1288 4399 1637 4455 crudelitate
1669 4399 1740 4455 ad
1772 4416 1975 4456 omnes

316 4488 652 4546 Occidentis
683 4491 976 4563 regiones,
1008 4491 1108 4563 qui
1145 4491 1300 4549 hunc
1329 4496 1607 4548 sanctum
1629 4491 1817 4548 virum
1838 4493 1976 4549 Dio-

2087 3329 2402 3408 προστάξαι,
2472 3327 2588 3398 ἵνα,
2664 3327 2802 3382 ὅπου
2865 3324 2912 3382 δ’
2984 3325 3047 3382 ἂν
3119 3325 3440 3402 Χριστιανόν
3481 3346 3606 3382 τινα
3658 3323 3748 3381 εῦ-

2089 3439 2258 3498 ροιεν,
2315 3419 2478 3481 αὐτὸς
2537 3417 2572 3486 ἢ
2645 3417 2698 3471 οἱ
2776 3417 2961 3489 αὐτοῦ,
3031 3416 3067 3485 ἢ
3126 3419 3281 3481 θῦσαι
3343 3417 3743 3490 μεμιασμὲνοις

2085 3508 2348 3580 πείσαιεν,
2406 3504 2442 3575 ἢ
2521 3503 2802 3567 ποικίλαις
2875 3503 3127 3580 βασάνοις
3204 3503 3587 3581 περιπεσόντα,
3644 3516 3743 3568 θα-

2084 3596 2228 3669 νάτῳ
2279 3595 2553 3671 μαχαίρας
2600 3591 2996 3672 παραδοθῆναι.
3027 3593 3258 3656 Τούτοις
3306 3590 3365 3649 δὶ
3393 3600 3514 3657 τοῖς
3546 3593 3740 3667 νόμοις

2089 3687 2356 3756 ὑποτάξας
2415 3686 2588 3757 δαυτῷ
2631 3685 2760 3759 γένη
2809 3681 3110 3756 κεκλιμὲνα
3178 3686 3321 3757 (68),
3396 3683 3562 3761 μέγας
3617 3689 3740 3746 τοῖς

2083 3779 2181 3830 τοῦ
2209 3777 2444 3850 Χριστοῦ
2478 3771 2699 3836 δούλοις
2729 3772 2943 3847 ἐγένετο
2995 3769 3239 3848 διωγμὸς
3294 3770 3349 3828 ἰν
3407 3778 3528 3838 τοῖς
3568 3773 3744 3829 ἐκεῖσε

2082 3864 2448 3940 περιτρέχων,
2495 3861 2751 3937 οὐδεμιᾶς
2812 3867 2931 3926 τοῖς
2985 3859 3074 3918 διὰ
3114 3863 3344 3936 Χριστὸν
3405 3861 3744 3940 ἀγωνιζομέ-

2081 3977 2202 4018 νοις
2263 3960 2406 4024 ζωῆς
2448 3951 2915 4030 συγχωρουμὲνης
2946 3949 3035 4007 διὰ
3089 3953 3285 4024 πάσης·
3346 3950 3581 4026 οὐδεμία
3634 3953 3740 4028 γὰρ

2081 4049 2190 4100 τῶν
2241 4043 2411 4119 ἁγίων
2487 4046 2774 4120 μαρτύρων
2856 4042 3077 4117 ὑπῆρχε
3139 4039 3470 4116 παραίτησις
3521 4039 3741 4097 ἂλευθε-

2085 4133 2222 4212 ρίας·
2285 4131 2432 4188 ἀλλὰ
2485 4132 2574 4188 καὶ
2623 4131 2818 4193 πάντες
2868 4132 2920 4185 οἱ
2971 4129 3136 4186 αὐτοῦ
3182 4131 3284 4200 τὴν
3343 4125 3587 4186 ἀσέϐειαν
3636 4151 3740 4208 φυ-

2083 4223 2371 4286 λάττοντες
2401 4227 2497 4276 τοῦ
2555 4219 2854 4297 δόγματος,
2912 4220 3044 4295 ὅπερ
3103 4220 3574 4294 προπεταγμᾶνον
3635 4219 3740 4274 αὐο·

2081 4319 2198 4376 τοῖς
2250 4314 2354 4368 ὑπὸ
2403 4316 2500 4367 τοῦ
2548 4310 2814 4386 Καίσαρος
2869 4309 2970 4380 εἴη,
3034 4304 3336 4386 ὑπερϐῆναι
3394 4307 3486 4364 διά
3540 4310 3746 4372 παντὸς

2083 4401 2144 4458 οὐ
2175 4397 2401 4458 κατετόλ
2413 4406 2552 4474 μῶν.
2577 4398 2736 4456 Ἀλλ’
2756 4395 2833 4454 ἔτι
2857 4399 2948 4456 καὶ
2969 4396 3274 4455 ἆπιλικτων
3307 4397 3582 4475 ἄθροισμα
3605 4399 3746 4472 μετὰ

2087 4489 2335 4567 μεγάλης
2381 4492 2514 4567 βοῆς
2562 4489 2652 4545 καὶ
2703 4490 2964 4560 ἀπηνείας
3018 4493 3136 4553 τοῖς
3195 4488 3409 4566 μέρεσιν
3453 4485 3746 4544 ἀπίστειλε

317 4577 549 4650 nysium
583 4585 936 4652 quererent,
963 4585 1044 4652 et,
1067 4580 1119 4637 si
1142 4586 1404 4653 possent,
1428 4581 1777 4651 invenirent,
1801 4586 1867 4637 ut
1885 4582 1972 4639 vel

2095 4581 2260 4651 πάσης
2314 4583 2415 4649 τῆς
2468 4577 2695 4648 δύσεως,
2752 4578 2903 4642 ὅπως
2957 4578 3052 4634 τὸν
3112 4579 3262 4653 ἅγιον
3318 4575 3486 4654 ἄνδρα
3539 4581 3737 4634 τοῦτον

313 4666 502 4722 edicto
532 4667 907 4738 imperatoris
934 4669 1128 4726 verbis
1173 4673 1231 4725 et
1259 4669 1441 4726 minis
1471 4669 1765 4726 adductus
1795 4687 1966 4744 pare-

2095 4670 2358 4727 itovéctov
2384 4670 2772 4739 ἀναζητοῦντες
2803 4667 3032 4744 εὕροιεν,
3057 4667 3103 4722 εἰ
3139 4664 3469 4738 δυνηθῶσιν,
3494 4664 3584 4723 ἵνα
3607 4666 3643 4736 ἢ
3673 4668 3747 4722 τὰ

323 4759 428 4826 ret,
457 4754 569 4827 vel,
603 4757 653 4812 si
684 4757 887 4826 nollet,
922 4757 1232 4830 suppliciis
1264 4757 1578 4815 immensis
1607 4759 1967 4833 discerpere-

316 4850 434 4916 tur,
468 4843 554 4902 vel
583 4847 758 4903 morti
791 4847 1004 4920 capitis
1034 4846 1381 4919 praacisione
1411 4848 1804 4907 occumberet.

383 5066 506 5118 Hoc
560 5061 847 5134 principis
898 5061 1090 5118 edicto
1121 5062 1520 5137 promulgata,
1553 5063 1717 5136 plebs
1747 5064 1965 5124 Gallica

313 5151 605 5208 concessit
631 5151 935 5224 suscipere
963 5155 1268 5224 tyrannos,
1301 5157 1366 5208 ut
1386 5170 1489 5226 per
1515 5153 1660 5212 ﬁnes
1679 5171 1822 5212 suos
1841 5155 1964 5214 sive

311 5239 560 5296 viciniae
587 5243 896 5313 penetrare
922 5244 1188 5311 possent.
1215 5242 1293 5298 Ex
1323 5259 1459 5300 mox
1481 5243 1637 5301 beati
1667 5244 1830 5302 illius
1853 5245 1961 5302 viri

311 5327 536 5384 celebre
585 5343 801 5384 nomen
853 5327 1001 5401 ipsis
1055 5329 1420 5390 declaratum
1461 5338 1567 5390 est.
1602 5335 1697 5391 Sic
1727 5351 1865 5407 ergo
1896 5339 1962 5390 ut

316 5418 406 5474 eis
444 5418 859 5490 prescriptum
916 5417 1129 5493 fuerat,
1163 5421 1468 5480 celerrimo
1522 5440 1723 5495 cursu,
1757 5427 1959 5498 parato

312 5506 531 5575 animo,
585 5506 741 5562 890
797 5505 964 5563 vultu
996 5509 1156 5566 varie
1186 5515 1436 5584 mutato,
1471 5513 1765 5570 Lutetiam
1797 5513 1958 5568 Pari-

308 5597 530 5652 siorum
560 5595 838 5669 ingressi,
872 5595 994 5653 illic
1023 5603 1302 5658 Sanctum
1335 5602 1524 5658 virum
1556 5602 1713 5658 hunc
1748 5602 1958 5676 Diony-

307 5684 467 5740 sium
522 5683 878 5742 invenerunt
931 5703 1066 5746 cum
1117 5689 1329 5749 alienis
1379 5708 1414 5748 a
1445 5691 1727 5765 religione
1758 5696 1959 5750 nostra

2073 4761 2469 4836 προστάγματα
2495 4763 2594 4815 τοῦ
2624 4757 3027 4831 ἑξουσιάζοντος
3073 4759 3189 4829 (69)
3219 4755 3576 4833 ἆκπληρῶσαι
3617 4755 3744 4812 πεί-

2075 4871 2262 4920 σωσιν,
2296 4850 2330 4919 ἢ
2357 4850 2651 4926 τιμωρίαις
2688 4849 2764 4922 μὴ
2800 4844 3154 4923 βουλομένων
3177 4847 3575 4923 σπαράττεσθαι
3601 4845 3747 4920 ἀμεμ-

2071 4942 2295 5018 τρήτοις
2327 4941 2464 5014 (70),
2496 4938 2532 5008 ἢ
2561 4939 2662 5008 τήν
2694 4935 2940 5015 κεφαλὴν
2972 4937 3390 5011 ἀποτμηθῆναι.

2145 5065 2298 5122 Μετᾶ
2341 5061 2398 5119 δὶ
2452 5067 2621 5118 ταῦτα
2676 5063 2744 5117 τά
2796 5062 3190 5139 προστάγματα
3238 5064 3335 5115 τοῦ
3385 5060 3657 5137 ἄρχοντος
3713 5060 3744 5115 ὁ

2076 5150 2253 5229 ὄχλος
2308 5149 2704 5226 προσδέξασθαι
2755 5157 2858 5222 τῆς
2913 5149 3194 5223 Γαλλικῆς
3245 5151 3574 5225 συναπήχθη
3605 5149 3746 5212 τοὺς

2071 5242 2386 5318 τυράννους,
2418 5243 2512 5299 τοῦ
2540 5238 2772 5297 διελθεῖν
2805 5241 2857 5296 ἐν
2890 5246 3007 5304 τοῖς
3047 5241 3322 5318 συνορίοις
3365 5238 3540 5295 αὐτῶν
3598 5241 3739 5313 (³71)*

2069 5331 2160 5388 καὶ
2209 5331 2478 5408 παρευθὺς
2523 5335 2620 5387 τοῦ
2675 5331 2945 5406 μακαρίου
3013 5329 3218 5386 ἑκείνου
3272 5330 3430 5404 ἆνρὸς
3481 5327 3545 5384 τὸ
3600 5326 3739 5383 ἀπά-

2069 5422 2181 5494 ξιον
2239 5417 2416 5496 ὄνομα
2472 5418 2790 5499 ἐνεφανίσθη
2855 5420 3039 5485 αὐτοῖς
3287 5418 3482 5482 Οὕτως
3540 5417 3634 5472 οῦν
3669 5417 3753 5482 ὡς

2069 5511 2259 5574 αὐτοῖς
2337 5510 2540 5587 ἐγένετο
2615 5510 3114 5586 προστεταγμένον,
3196 5508 3440 5583 ταχίστῳ
3524 5504 3749 5583 δρόμῳ,

2067 5599 2341 5674 προθύμῳ
2369 5597 2566 5675 καρδίᾳ
2614 5600 2702 5654 καὶ
2745 5599 3124 5674 ἠλλοιωμὲνῳ
3173 5597 3457 5672 προσώπῳ
3517 5598 3632 5670 (73)
3665 5599 3746 5661 είς

2071 5690 2330 5766 Παρισίαν
2388 5687 2746 5763 εἰσελθόντες,
2801 5687 2975 5745 ἐκεῖσε
3029 5689 3120 5745 τὸν
3177 5689 3328 5762 ἅγιον
3390 5683 3563 5763 ἄνδρα
3609 5707 3746 5743 του-
