4106 6434
303 398 414 453 677

1376 395 1834 460 MARTYRIUM,
1874 392 2211 448 AUCTORE
2251 392 2647 447 METHODIO.

3622 395 3729 448 678

303 521 421 577 τονὶ
509 517 789 573 Διονύσιον
876 518 1029 592 εὗρον
1111 516 1248 572 κατά
1314 522 1423 572 τῶν
1499 516 1737 572 ἀπίστεον
1791 513 2002 585 πολε-,

2119 515 2417 571 ominibus
2442 515 2787 583 bellantem,
2829 518 2885 570 et
2915 517 3184 572 doctrina
3229 518 3490 589 quotidie
3526 519 3734 575 multi-

310 614 536 684 μοῦντα,
567 609 657 663 καὶ
691 605 983 681 διδάγμασι
1015 608 1135 672 καθ’
1166 608 1396 679 ἑκάστην
1424 605 1613 677 πλήθη
1677 607 1822 662 λαῶν
1884 603 1960 666 εἴς

306 702 408 770 τήν
440 698 620 754 πίστιν
671 701 766 752 τοῦ
823 701 1064 772 Χριστοῦ
1121 697 1602 774 προσκολούμενον
1635 715 1649 731 ⁸
1695 697 1810 770 μετ’
1871 695 1967 749 αὗ-

308 795 408 846 τοῦ
440 787 497 844 δὲ
525 787 736 843 καὶτὸν
788 789 1052 862 μακάριον
1113 784 1283 861 ἄνδρα
1311 786 1621 844 Ῥούστικον
1678 787 1770 841 τὸν
1835 806 1968 859 πρε-

313 874 593 953 σϐύτερον,
622 876 714 931 καὶ
748 875 1088 951 Ἐλευθέριον
1132 878 1223 931 τὸν
1275 874 1546 948 διάκονον,
1580 873 1674 938 οὓς
1732 875 1891 937 αὐτὸς
1940 875 1968 928 ὁ

316 969 584 1042 μακάριος
636 966 772 1041 ἀνὴρ
823 966 900 1028 εἷς
948 965 1073 1027 τοὺς
1129 963 1303 1027 ίδίους
1356 964 1597 1041 βαθμοὺς
1651 963 1968 1037 καθιέρωσε.

313 1061 448 1121 Τοῖς
500 1054 592 1112 οὖν
642 1053 964 1130 διδάγμασιν
1015 1053 1178 1110 αὐτοῦ
1224 1053 1522 1117 κοινωνοὺς
1571 1055 1659 1110 καὶ
1725 1054 1972 1128 μαθητὰς

317 1143 474 1209 ὄντας
550 1146 658 1200 τῶν
748 1143 994 1200 διωκτῶν
1043 1147 1078 1214 ἡ
1139 1145 1452 1217 σκληρότης
1528 1146 1617 1200 καὶ
1672 1147 1707 1214 ἡ
1759 1139 1976 1199 ἀσέϐεια

316 1230 616 1292 κατέλαϐεν
676 1236 810 1306 ἅμα.
873 1235 1033 1289 Οὗτοι
1092 1234 1195 1310 γὰρ
1265 1235 1410 1309 ἅγιοι
1470 1231 1657 1311 ἄνδρες
1719 1233 1824 1288 ἀπὸ
1879 1236 1976 1288 τοῦ

325 1324 595 1401 μακαρίου
646 1325 934 1379 Διονυσίου
985 1323 1286 1400 ἀχώριστοι
1349 1324 1626 1400 ὑπῆρχον,
1662 1323 1758 1386 οὓς
1801 1322 1889 1378 καὶ
1941 1325 1974 1392 ἡ

323 1413 439 1477 θεία
495 1407 736 1467 εὐσέϐεια
792 1411 1191 1488 προεγίνωσκεν
1255 1415 1519 1488 ὑπάρχειν
1606 1411 1981 1488 συγ-κληρονό-

327 1523 488 1575 μους.
521 1502 783 1576 Ἕχαιρεν
847 1501 936 1555 οὗν
987 1502 1016 1555 6
1074 1502 1274 1575 ἀγαθὸς
1329 1503 1509 1576 πατὴρ
1557 1502 1607 1555 ἐν
1665 1499 1782 1556 δυσὶ
1841 1521 1980 1576 προ-

322 1591 615 1646 κόπτουσιν
673 1591 836 1658 υἱοῖς,
894 1591 977 1644 ὅτι
1055 1591 1195 1661 ἄξιοι
1262 1592 1398 1660 ἦσαν
1461 1592 1569 1645 υἱοὶ
1625 1595 1721 1646 τοῦ
1779 1591 1982 1667 πατρὸς

321 1681 384 1735 τὸ
414 1678 638 1756 φορτίον
689 1679 742 1733 έν
777 1678 1054 1752 Πνεύμασι
1083 1685 1199 1742 τοῖς
1251 1681 1430 1755 ἁγίοις
1485 1679 1721 1758 ἐλαφρὸν
1780 1680 1982 1757 βαστά-

326 1789 436 1837 σαι,
462 1766 579 1837 τίνα,
604 1769 668 1823 τὸ
733 1769 901 1845 βάρος
953 1775 1055 1837 τῆς
1109 1769 1304 1845 σαρκὸς
1363 1769 1715 1843 ἀποθέμενοι,
1775 1769 1826 1824 έν
1885 1791 1982 1823 κα-

2073 606 2309 660 tudines
2339 604 2695 676 populorum
2731 605 2804 660 ad
2826 605 2997 660 fidem
3019 605 3233 662 Christi
3263 606 3598 664 hortantem
3626 629 3640 678 ;
3668 627 3733 666 ac

2075 710 2209 748 cum
2240 709 2306 749 eo
2339 694 2578 748 beatum
2611 694 2804 749 virum
2856 694 3164 750 Rusticum
3215 698 3647 767 presbyterum,
3671 702 3733 754 et

2077 781 2480 846 Eleutherium
2530 783 2867 849 diaconum,
2929 801 3080 855 quos
3122 785 3248 856 ipse
3299 789 3505 843 beatus
3553 788 3642 842 vir
3672 788 3732 843 in

2079 871 2203 927 suis
2233 872 2536 928 ordinibus
2568 878 3031 930 consacraverat.
3064 875 3176 929 Eos
3223 876 3484 947 quidem,
3535 877 3636 948 qui
3678 881 3736 933 et

2080 961 2208 1031 ejus
2229 960 2509 1016 doctrinae
2543 979 2608 1017 ac
2651 963 2979 1035 disciplinae
3033 964 3307 1036 discipuli
3357 970 3412 1020 et
3459 981 3736 1037 persecu-

2082 1051 2310 1104 tionum
2359 1049 2502 1106 socii
2558 1056 2747 1121 erant,
2799 1052 3071 1108 ferocitas
3127 1058 3185 1108 et
3231 1053 3506 1126 impietas
3558 1054 3739 1110 simul

2083 1138 2326 1194 invenit.
2360 1139 2429 1193 Hi
2460 1139 2616 1195 enim
2650 1141 2838 1196 sancti
2869 1140 2978 1197 viri
3010 1159 3043 1197 a
3085 1142 3254 1198 beato
3307 1143 3580 1217 Dionysio
3627 1144 3746 1199 dis-

2077 1228 2252 1299 jungi
2286 1245 2401 1284 non
2435 1234 2724 1300 poterant,
2758 1248 2907 1302 quos
2938 1231 3114 1287 etiam
3165 1232 3365 1288 divina
3411 1235 3601 1306 pietas
3651 1251 3744 1290 co-

2088 1318 2351 1373 haeredes
2384 1320 2504 1374 fore
2535 1325 2916 1391 praenoverat.
2949 1321 3255 1377 Gaudebat
3286 1321 3468 1395 igitur
3491 1322 3744 1379 delecta-

2088 1410 2382 1480 baturque
2404 1409 2596 1465 bonus
2613 1427 2825 1482 parens
2854 1411 3086 1466 duobus
3104 1411 3329 1480 liberis,
3355 1413 3455 1484 qui
3480 1429 3750 1484 progres-

2090 1515 2194 1554 sus
2226 1499 2540 1571 faciebant,
2583 1500 2738 1570 quod
2780 1500 2943 1573 digni
2986 1505 3186 1557 essent
3235 1501 3365 1568 filii,
3414 1501 3516 1573 qui
3556 1501 3750 1557 Patris

2092 1604 2242 1644 onus
2265 1590 2421 1661 quod
2455 1606 2558 1661 per
2584 1589 2867 1661 Spiritum
2900 1590 3124 1646 sanctis
3157 1589 3281 1647 leve
3311 1595 3420 1662 est,
3483 1591 3750 1647 sublevr-

2094 1681 2244 1745 rent,
2274 1681 2359 1748 ut,
2392 1679 2588 1734 carnis
2635 1679 2917 1750 gravitate
2953 1679 3242 1752 deposita,
3293 1681 3366 1736 ad
3417 1697 3630 1753 purum
3680 1679 3752 1735 1i-

2097 1768 2345 1839 quidum
2391 1785 2526 1824 aera
2576 1768 2804 1825 evolare
2852 1775 3131 1841 possent:
3186 1771 3244 1825 in
3293 1770 3509 1843 quibus
3574 1770 3753 1826 etiam

331 1858 478 1933 θαρῷ
501 1854 800 1927 δυνηθῶσιν
836 1856 949 1927 ἀέρι
981 1859 1263 1925 πετᾶσθαι,
1295 1861 1379 1922 οἷς
1420 1859 1509 1913 καὶ
1543 1863 1659 1932 φῶς
1711 1880 1763 1914 τι
1797 1865 1983 1927 συνῆν.

344 1954 374 1965 Α
511 1947 560 1965 νυ
642 1944 686 1965 δῖ
776 1952 802 1962 ὐ
883 1946 897 1965 9
923 1946 933 1965 Ι
983 1945 1004 1965 ‘
1143 1947 1156 1965 Ί
1205 1945 1228 1965 δ
1285 1949 1294 1964 1
1463 1949 1476 1965 9
1580 1950 1592 1965 1
1613 1946 1636 1965 ⁸8
1653 1948 1666 1965 1
1883 1945 1903 1965 Ἃ

2123 1873 2297 1914 umen
2322 1859 2620 1929 quoddam
2672 1863 2798 1914 erat
2842 1858 3114 1915 insitum.
3166 1859 3349 1916 Miror
3383 1864 3604 1929 autem,
3651 1858 3754 1931 qui

341 1947 607 2019 Θαυμάζω
640 1944 697 2000 δὶ
727 1952 844 2008 πῶς
873 1945 1102 2008 ἀόπλοις
1133 1945 1386 2022 ἀνδράσιν
1420 1949 1522 2002 οὐκ
1566 1946 1798 2018 ἠδύνατο
1839 1945 1989 2015 πλη-

341 2035 431 2099 θὺς
468 2034 703 2098 ἔνοπλος
751 2037 1088 2106 ἀντιστῆναι.
1115 2035 1253 2093 Τότε
1305 2037 1398 2091 οὗν
1454 2038 1481 2091 6
1540 2036 1843 2113 ἀρχέκακος
1899 2035 1994 2111 έχ-

340 2125 489 2198 θρὸς,
523 2127 745 2200 θεωρῶν
786 2127 886 2194 τὴν
945 2126 1141 2181 ἑαυτοῦ
1201 2123 1426 2199 δύναμιν
1462 2123 1872 2198 ἀπολλυμένη),
1905 2125 1996 2180 καὶ

344 2216 442 2285 τήν
499 2220 596 2271 τοῦ
656 2215 857 2292 Κυρίου
936 2214 1351 2294 φυλαττομένην
1427 2217 1517 2271 καὶ
1593 2221 1846 2284 νικῶσαν,
1907 2215 1997 2270 καὶ

340 2307 458 2360 καθ’
517 2306 747 2376 ἑκάστην
796 2307 894 2374 τὴν
953 2310 1050 2360 τοῦ
1110 2305 1246 2361 λαοῦ
1324 2300 1722 2380 προϐαίνουσαν
1795 2304 1998 2378 πίστιν,

340 2393 487 2469 πάσῃ
515 2398 583 2468 τῇ
613 2397 782 2470 τέχνῃ
815 2392 979 2450 αὐτοῦ
1011 2394 1086 2456 εἷς
1134 2393 1334 2469 ἔχθραν
1386 2393 1722 2467 πολεμικὴν,
1755 2394 1879 2463 ἥτις
1930 2395 1997 2463 ἦν

335 2481 792 2555 καθωπλισμένη,
843 2489 956 2538 κατ’
1015 2483 1191 2538 αὐτῶν
1255 2483 1547 2558 ἐπέστρεψε
1581 2501 1594 2516 ⁸
1655 2483 1745 2538 καὶ
1804 2483 2001 2545 αὐτοὺς

336 2570 467 2632 τοὺς
497 2571 574 2632 εἷς
616 2566 709 2624 ἕνα
765 2573 854 2624 καὶ
915 2570 1175 2640 ἀληθινὸν
1229 2571 1424 2645 Κύριον
1483 2571 1852 2640 πιστεύοντας,
1909 2571 2001 2626 καὶ

333 2663 415 2730 τῷ
462 2658 596 2734 ἁγίῳ
637 2658 972 2733 βαπτίσματι
1019 2657 1128 2730 ἤδη
1189 2661 1666 2735 πεπληρωμένους
1719 2668 1820 2730 τῆς
1874 2659 2001 2715 τού-

332 2767 442 2801 των
503 2745 878 2817 διδασκαλίας,
911 2749 1085 2820 ἑαυτῷ
1143 2753 1424 2804 πιστεῦσαι
1476 2746 1566 2804 διά
1610 2748 1838 2806 πολλῶν
1893 2751 1999 2822 βα-

338 2834 511 2890 σάνων
582 2835 1125 2911 έξομολογουμένους
1185 2835 1409 2894 ἔσπευδε
1479 2844 1684 2896 πεῖσαι.
1740 2836 1899 2895 Ἀλλ’
1951 2840 2002 2893 οἱ

335 2926 479 3000 ἅγιοι
536 2922 746 3001 ἄνδρες,
799 2925 1146 3001 ὁμολογηταί
1201 2928 1291 2982 καὶ
1354 2926 1776 3004 μάρτυρες,τήν
1833 2928 2002 2983 αὐτοῦ

334 3015 560 3070 καὶτῶν
610 3010 817 3070 ἀσεϐῶν
872 3014 1072 3071 λύσσαν
1131 3019 1198 3090 τῇ
1257 3016 1385 3092 ἁγίᾳ
1443 3015 1767 3088 διδασκαλίᾳ
1824 3015 1999 3071 αὐτῶν

337 3106 428 3160 καὶ
480 3109 598 3166 ταῖς
659 3102 922 3180 μεγάλαις
1005 3103 1265 3178 δυνάμεσι
1325 3103 1664 3177 διαλύοντες,
1714 3105 2004 3182 ἐπεστήρι-

340 3199 429 3264 ζον
484 3193 612 3258 τοὺς
658 3193 926 3267 μαθητὰς,
959 3198 1322 3259 συναντῶντας
1368 3200 1487 3258 τοῖς
1546 3195 1793 3270 ἀνόμοις,
1823 3194 2000 3251 οὐδενὶ

2103 1945 2434 2002 inermibus
2459 1945 2599 2002 viris
2631 1964 2746 2002 non
2770 1951 2998 2019 poterat
3031 1947 3346 2005 multitudo
3394 1953 3621 2005 armata
3650 1950 3755 2004 ob-

2107 2034 2334 2091 sistere.
2367 2036 2520 2091 Tum
2553 2035 2810 2106 denique
2840 2041 3043 2092 auctor
3077 2037 3369 2093 malorum
3400 2038 3613 2109 hostis,
3657 2037 3758 2110 qui

2108 2128 2165 2180 et
2194 2124 2519 2196 potentiam
2551 2141 2721 2180 suam
2746 2125 3009 2194 dissolvi,
3043 2130 3100 2182 et
3129 2126 3290 2183 illam
3338 2126 3574 2183 Domini
3619 2142 3762 2182 con-

2110 2213 2328 2269 servari
2351 2231 2418 2269 ac
2447 2213 2681 2270 vincere
2705 2213 3218 2286 animadverteret,
3251 2219 3307 2272 et
3335 2215 3539 2288 populi
3586 2215 3761 2272 ﬁdem

2109 2302 2373 2374 quotidie
2399 2304 2692 2376 progredi,
2737 2305 2898 2360 omni
2949 2309 3072 2361 arte
3119 2322 3227 2362 sua
3273 2305 3615 2362 inimicitias
3654 2305 3765 2361 ho-

2111 2391 2300 2460 stiles,
2343 2409 2472 2466 quae
2514 2396 2752 2449 armatae
2793 2398 2980 2465 erant,
3037 2394 3096 2452 in
3149 2412 3249 2451 eos
3300 2395 3613 2452 convertit:
3657 2394 3768 2450 eis-

2111 2497 2224 2552 que
2264 2481 2368 2553 qui
2415 2499 2599 2538 unum
2649 2499 2715 2538 ac
2761 2499 2966 2539 verum
3020 2484 3339 2540 Dominum
3393 2501 3543 2553 esse,
3594 2491 3769 2555 atque

2112 2575 2383 2627 sanctum
2415 2571 2801 2644 baptismum,
2825 2574 2954 2644 jam
2972 2577 3183 2629 horum
3205 2575 3485 2632 doctrinae
3499 2589 3566 2630 ac
3597 2571 3770 2629 disci-

2110 2659 2284 2731 plinas
2317 2659 2476 2729 pleni
2506 2661 2843 2732 credebant,
2877 2664 3157 2719 studebat
3186 2665 3544 2737 persuadere
3567 2663 3774 2719 multis

2112 2747 2422 2820 suppliciis
2453 2767 2518 2806 ac
2547 2751 2883 2818 tormentis,
2909 2757 2973 2808 ut
3003 2752 3118 2808 sibi
3157 2754 3393 2810 credere
3425 2754 3769 2810 faterentur.

2111 2839 2182 2892 At
2225 2837 2412 2894 sancti
2458 2839 2588 2907 viri,
2666 2841 3036 2897 confessores
3082 2845 3261 2914 atque
3312 2846 3599 2916 martyres
3647 2842 3777 2914 ejus

2112 2931 2289 2998 atque
2325 2927 2646 3000 impiorum
2686 2927 2926 2986 illorum
2995 2928 3308 2987 hominum
3361 2933 3616 2988 furorem
3664 2932 3772 2987 do-

2113 3019 2302 3074 ctrina
2348 3035 2456 3074 sua
2503 3021 2853 3092 magnisque
2900 3021 3224 3078 virtutibus
3289 3022 3772 3096 comprimentes,

2113 3105 2434 3179 discipulos
2467 3108 2898 3166 confirmabant
2920 3129 2933 3178 ;
2952 3117 3450 3185 occurrentesque
3476 3111 3767 3180 scelestis,

2113 3212 2219 3251 nec
2261 3195 2444 3253 ullius
2491 3197 2811 3271 impiorum
2874 3205 3070 3256 metus
3118 3203 3408 3258 rationem
3460 3201 3775 3272 habentes,

338 3279 496 3361 φόϐῳ
547 3288 654 3338 τῶν
715 3277 924 3338 ἀσεϐῶν
979 3285 1370 3359 προσέχοντες,
1429 3287 1528 3355 τὴν
1607 3269 1706 3340 τοῦ
1763 3289 1996 3360 Χριστοῦ

2115 3285 2432 3342 Ecclesiam
2463 3269 2679 3344 Christi
2713 3289 2954 3361 quotide
3000 3290 3308 3348 ﬂorentem
3351 3295 3408 3347 et
3455 3269 3773 3363 augescens

337 3372 668 3442 Ἐκκλησίαν
701 3375 820 3437 καθ’
853 3371 1063 3448 ἡμέραν
1115 3374 1442 3444 εὒθηνοῦσαν
1491 3372 1804 3450 έπροίκιζον
1837 3377 1952 3447 (74)
1988 3393 2001 3407 ·

335 3464 427 3517 καὶ
471 3461 560 3517 ὅτε
601 3465 634 3531 ἡ
665 3461 966 3532 Ἐκκλησία
999 3464 1101 3517 ὑπὸ
1159 3467 1265 3518 τῶν
1312 3461 1466 3518 ξ’δίων
1530 3461 1872 3519 διδασκάλων
1927 3468 2006 3536 τῷ

337 3550 494 3625 λόγῳ
553 3550 764 3627 ἐγένετο
821 3549 1263 3626 τεθεμελιωμένη
1299 3551 1594 3621 ἱκανῶς,εί
1635 3555 1724 3608 καὶ
1788 3554 1858 3607 τὰ
1907 3552 2010 3626 μά-

339 3639 500 3696 λιστα
556 3640 953 3716 συνεταράχθη,
1008 3642 1098 3697 καὶ
1178 3643 1255 3704 ὡς
1338 3640 1620 3719 καταιγίδι
1691 3641 2009 3718 συνεσχέθη,

337 3735 449 3786 τῶν
478 3728 722 3786 διωκτῶν
782 3731 906 3785 τότε
960 3731 1335 3805 αὐξανομένων
1394 3736 1463 3806 τῇ
1522 3730 1796 3808 τυραννίδι
1835 3751 1846 3764 ·
1880 3732 2007 3786 τότε

340 3821 431 3876 καὶ
513 3821 648 3890 αὗτή
734 3819 972 3892 μάλιστα
1055 3825 1349 3897 Γερμανία,
1423 3825 1458 3891 ἡ
1524 3821 1738 3898 μεγάλη
1831 3821 2012 3896 χώρα,

345 3907 654 3984 θηριώδους
734 3908 1115 3987 σκληρότητος
1197 3911 1288 3965 καὶ
1376 3907 1623 3973 ἀσεϐείας
1681 3909 2012 3985 μετέχουσα,

351 4001 758 4076 ὑποτεταγμένῃ
842 3997 1038 4076 καρδίᾳ
1113 4000 1204 4054 καὶ
1254 3999 1689 4077 κατανενυγμένῃ
1743 4000 1835 4055 τὸν
1893 3997 2018 4075 τρά-

346 4087 531 4165 χηλον
565 4090 759 4154 ἑαυτῆς
808 4093 886 4160 τῷ
934 4093 1032 4144 τοῦ
1075 4093 1310 4166 Χριστοῦ
1369 4095 1516 4166 ζυγῷ
1564 4091 1882 4162 ὑποθήσασα
1927 4088 2016 4144 καὶ

346 4173 949 4254 δεδιδαγμένη,ἔχαιρε
1004 4181 1073 4252 τῇ
1123 4183 1230 4233 τῶν
1296 4176 1640 4234 διδασκάλων
1689 4180 2020 4254 στερωθεῖσα

345 4268 544 4325 πίστει.
578 4269 676 4322 Καὶ
705 4269 855 4331 αὖθις
882 4267 1239 4344 κατέῤῥιπτον
1265 4268 1332 4322 τὰ
1365 4266 1569 4323 εἴδωλα
1621 4268 1794 4323 αὐτῶν
1845 4268 1912 4322 τὰ
1963 4268 2021 4324 ἐκ

346 4365 447 4428 τῆς
473 4359 650 4412 αὐτῶν
676 4354 862 4426 ἐξόδου
893 4354 1324 4430 ᾠκοδομημένα,
1354 4356 1444 4411 καὶ
1472 4356 1674 4430 λιμένα
1735 4357 2020 4432 σωτηρίας

349 4447 617 4522 εὑρόντες,
651 4444 900 4502 εἷ’δώλωι
933 4443 1156 4521 ἔχαιρον
1189 4445 1491 4510 ἀπολέσθαι
1522 4447 1588 4500 τά
1619 4445 1844 4522 ναυάγια
1882 4449 2017 4520 (75).

351 4537 599 4613 ’ίῧθρήνει
634 4537 727 4590 οὗν
759 4535 880 4590 τότε
912 4538 946 4605 ἡ
975 4535 1132 4610 μερὶς
1157 4540 1442 4605 κινηθεῖσα
1471 4535 1568 4589 τοῦ
1603 4530 1892 4608 διαϐόλου,
1934 4533 2024 4590 ὅτε

350 4627 386 4695 ἡ
419 4627 677 4696 νικητική
712 4622 1011 4695 Ἐκκλησία
1040 4628 1246 4678 πιστῶν
1282 4621 1510 4700 λεγεῶνι
1549 4621 1872 4694 ἐξενίκησεν.

431 4751 531 4809 Καὶ
585 4749 674 4807 ὅτε
727 4754 896 4806 ταῦτα
947 4748 1195 4825 ἐγένοντο
1255 4748 1414 4823 θυμῷ
1473 4743 1740 4821 ἀσεϐείας,
1775 4751 1826 4804 οἱ
1873 4751 2016 4822 ὑπη-

360 4839 528 4918 ρέται,
588 4838 926 4916 σκληρότητι
1013 4838 1344 4917 ἐξαφθέντες,
1403 4834 1497 4892 ἕνα
1556 4837 1614 4893 ἐκ
1669 4837 1878 4894 τούτων
1921 4839 2012 4893 τὸν

360 4934 512 5009 ἅγιον
573 4927 741 5006 ἄνδρα
799 4927 1076 4984 Διονύσιον
1143 4928 1276 5002 μετά
1339 4925 1588 5002 μεγάλης
1645 4925 1867 5004 καρδίας
1928 4926 2019 4982 καὶ

359 5022 596 5080 πίστεως
645 5017 1141 5092 κατατολμήσαντα
1198 5021 1331 5091 (76),
1381 5017 1543 5072 αὐτὸν
1595 5014 1822 5088 ῗδόντες,
1857 5037 2022 5091 προσ-

362 5105 610 5172 ελθόντες
669 5107 820 5162 εἶπον
851 5126 863 5139 ⁸
900 5131 926 5159 ‹‹
992 5103 1106 5163 Οὒκ
1162 5104 1208 5160 εἶ
1256 5103 1317 5159 σὺ
1351 5105 1378 5159 6
1432 5105 1718 5178 ἀνώνυμος
1765 5105 1960 5180 γέρων,
1997 5105 2025 5159 6

360 5198 468 5253 τῶν
528 5202 665 5263 θεῶν
728 5199 890 5270 ἡμῶν
948 5195 1012 5251 τὸ
1062 5189 1220 5258 σέϐας
1251 5193 1504 5264 κενώσας,
1537 5193 1776 5256 καὶτοῖς
1836 5193 2027 5264 ἀκινή-

360 5308 475 5350 τοις
537 5285 804 5362 ἄρχουσιν
867 5285 1233 5358 ἀντιπίπτων,
1290 5283 1380 5339 καὶ
1433 5283 1500 5339 τὰ
1547 5281 1794 5358 δόγματα
1852 5282 2026 5337 αὐτῶν

371 5372 828 5451 ἀποϐαλλόμενος
858 5394 871 5445 ;
903 5375 1040 5433 Εἰπὲ
1096 5379 1212 5444 νῦν,
1262 5373 1408 5436 τίνος
1465 5373 1650 5429 ἑαυτὸν
1713 5371 1889 5450 λέγεις
1937 5372 2028 5428 τόν

367 5467 585 5544 λάτριν,
617 5467 652 5537 ἢ
703 5464 863 5520 ποίαν
926 5463 1328 5538 ἐξομολόγησιν
1385 5468 1486 5532 τῆς
1547 5463 1739 5518 ἑαυτοῦ
1793 5463 2033 5534 ἐξουσίας

369 5558 702 5633 προγράφεις
733 5574 744 5624 ;
784 5578 810 5604 ››
843 5551 984 5609 Τότε
1014 5550 1210 5606 λοιπὸν
1245 5553 1395 5607 οὗτοι
1427 5552 1481 5606 οἱ
1519 5552 1910 5626 τρισμακάριοι
1945 5551 2036 5606 ἅν-

373 5643 515 5722 δρες,
579 5644 882 5712 Διονύσιος,
941 5641 1255 5706 Ῥούστικος
1332 5642 1422 5697 καὶ
1504 5641 1868 5718 Ἐλευθέριος,
1927 5646 2034 5697 τῶν

373 5740 542 5813 τριῶν
601 5733 810 5791 παιδων
865 5735 974 5789 τῶν
1027 5729 1080 5787 ἐν
1147 5731 1362 5806 καμίνῳ
1440 5734 1535 5786 τοῦ
1585 5732 1757 5807 πυρὸς
1813 5751 2034 5808 περιπα-

2114 3379 2234 3430 tem
2268 3376 2569 3432 dotabant.
2604 3379 2674 3433 Et
2707 3394 2843 3434 cum
2893 3379 3154 3436 Ecclesia
3189 3399 3222 3437 a
3270 3382 3398 3437 suis
3434 3381 3776 3437 doctoribus

2116 3464 2219 3520 Dei
2251 3468 2425 3522 verbo
2457 3466 2603 3523 satis
2635 3469 2883 3525 fundata
2913 3469 3045 3540 fuit,
3078 3471 3187 3526 etsi
3245 3470 3500 3528 maxime
3548 3477 3777 3527 contur-

2117 3553 2257 3610 bata
2313 3559 2488 3627 esset,
2548 3561 2604 3612 et
2651 3558 2825 3629 quasi
2885 3562 3238 3630 tempestate
3291 3559 3560 3628 confusa,
3621 3561 3779 3632 quod

2120 3646 2248 3698 tum
2271 3648 2677 3715 persecutores
2711 3647 3024 3717 tyrannide
3045 3651 3376 3703 crescerent
3411 3673 3425 3715 ;
3465 3652 3594 3703 tum
3651 3646 3784 3720 ipsa

2123 3733 2298 3787 etiam
2332 3733 2643 3790 Germania
2678 3752 2894 3807 magna
2925 3735 3106 3808 regio,
3159 3754 3286 3809 quae
3338 3738 3594 3793 ferarum
3649 3753 3782 3792 cru-

2125 3820 2364 3878 delitate
2411 3827 2469 3878 et
2513 3823 2817 3897 impietate
2866 3830 2991 3882 erat
3038 3825 3303 3898 praedita,
3348 3842 3483 3882 cum
3535 3827 3782 3883 subacto

2126 3916 2600 3984 compunctoque
2627 3913 2823 3970 animo
2855 3915 3142 3971 cervicem
3177 3933 3347 3972 suam
3397 3916 3614 3972 Christi
3635 3916 3784 3988 jugo

2127 3999 2532 4070 submisisset,
2583 4019 2648 4057 ac
2697 4002 2922 4058 domita
2963 4006 3138 4072 esset,
3207 4007 3628 4074 praceptorum
3672 4003 3786 4058 ﬁde

2128 4089 2476 4145 conﬁrmata
2507 4092 2842 4162 gaudebat,
2876 4096 2934 4147 et
2977 4095 3180 4162 postea
3219 4092 3559 4163 deiecerunt
3605 4091 3787 4147 simu-

2130 4178 2287 4235 lacra
2318 4196 2444 4248 sua,
2471 4196 2598 4251 quae
2627 4181 2698 4235 ab
2721 4181 2989 4253 ipsorum
3013 4179 3582 4237 discessu'zedilicata
3600 4185 3788 4251 erant,

2130 4269 2484 4342 inventoque
2518 4274 2690 4342 portu
2723 4271 2956 4341 salutis,
2981 4276 3178 4343 partes
3205 4270 3462 4343 reliquas
3493 4271 3788 4344 naufragii

2131 4358 2587 4414 simulacrorum
2621 4360 2868 4432 periisse
2918 4360 3290 4416 laetabantur.
3332 4361 3792 4417 Lamentabatur

2132 4463 2268 4520 ergo
2296 4452 2424 4504 tum
2448 4465 2584 4520 pars
2617 4449 2850 4505 sublata
2882 4449 3118 4519 diaboli,
3154 4467 3289 4507 cum
3333 4450 3538 4507 victrix
3583 4451 3790 4507 Eccle-

2133 4537 2221 4592 sia
2258 4537 2523 4594 fidelium
2546 4537 2777 4612 legione
2808 4539 3046 4597 devicit.

2197 4751 2346 4807 Cum
2378 4751 2498 4808 haec
2527 4757 2690 4825 gesta
2721 4759 2862 4811 sunt
2883 4755 3083 4813 furore
3113 4757 3268 4813 400
3298 4755 3644 4830 impietatis,
3675 4756 3786 4814 mi-

2130 4839 2302 4896 nistri
2334 4840 2680 4899 crudelitate
2703 4843 3082 4917 inﬂammati,
3107 4862 3292 4902 unum
3312 4862 3382 4902 ex
3400 4845 3495 4903 his
3518 4849 3793 4902 sanctum

2129 4929 2322 4986 virum
2361 4930 2709 5003 Dionysium
2750 4933 3038 5006 videntes,
3084 4951 3219 4991 cum
3253 4951 3470 5007 magno
3502 4933 3700 4991 animo
3735 4939 3795 4990 et

2134 5019 2248 5074 ﬁde
2278 5024 2478 5075 contra
2509 5020 2845 5088 audentem,
2896 5021 2990 5079 his
3029 5023 3223 5080 verbis
3265 5040 3426 5090 eum,
3467 5039 3598 5080 cum
3637 5039 3798 5080 acce-

2136 5107 2333 5177 sisset,
2368 5114 2768 5166 convenerunt
2799 5127 2812 5166 :
2849 5133 2878 5162 «
2913 5110 3067 5168 Num
3099 5115 3164 5168 tu
3195 5128 3259 5168 es
3275 5111 3555 5185 ignobilis
3575 5110 3673 5168 ille
3701 5129 3794 5169 se-

2139 5214 2250 5254 nex
2280 5197 2382 5268 qui
2413 5199 2657 5254 deorum
2691 5203 3028 5256 nostrorum
3063 5199 3286 5257 cultum
3332 5199 3797 5274 religionemque

2140 5285 2461 5355 sustulisti,
2483 5292 2540 5342 et
2561 5288 2792 5344 invictis
2810 5289 3180 5361 principibus
3198 5290 3459 5362 obsistis,
3477 5308 3798 5365 eorumque

2142 5376 2332 5432 edicta
2365 5378 2696 5434 contemnis
2719 5379 2747 5433 ?
2777 5379 2878 5434 Dic
2910 5395 3092 5451 nunc,
3126 5380 3300 5451 cujus
3348 5385 3413 5437 tu
3451 5382 3538 5438 sis
3581 5381 3800 5451 cultor,

2143 5469 2244 5521 aut
2273 5482 2452 5537 quam
2484 5467 2789 5538 potestatis
2821 5472 2933 5524 tuis
2966 5469 3394 5540 professionem
3436 5470 3733 5543 praeferas.
3770 5493 3800 5521 ››

2143 5559 2291 5611 Tum
2313 5572 2451 5628 ergo
2481 5555 2544 5611 hi
2574 5559 2664 5612 ter
2690 5557 2846 5624 beati
2875 5557 3007 5625 viri,
3039 5557 3378 5632 Dionysius,
3426 5559 3710 5616 Rusticus
3741 5563 3802 5616 et

2146 5644 2521 5702 Eleutherius
2543 5646 2725 5702 trium
2753 5664 3074 5720 puerorum
3097 5649 3157 5705 in
3185 5649 3421 5707 fornace
3441 5649 3598 5723 ignis
3613 5649 3802 5706 inam-

2151 5733 2489 5791 bulantium
2522 5734 2734 5806 spiritu
2766 5735 2945 5808 pleni,
2979 5741 3037 5795 et
3066 5738 3437 5809 muneribus,
3487 5737 3656 5812 quasi
3684 5753 3801 5794 uno
