4106 6376
357 348 466 403 679

1593 348 1650 399 S.
1692 344 2007 398 DIONYSII
2044 339 2546 397 AREOPAGITE.

3672 345 3788 402 680

360 488 457 527 ore
487 471 597 526 hoc
627 486 978 542 responsum
1019 467 1424 541 rogationibus
1455 467 1742 522 dederunt
1774 482 1788 520 :
1821 488 1848 514 ‹‹
1879 466 1984 520 Ser

2125 459 2358 516 τούντων
2390 464 2469 532 τῷ
2518 461 2783 534 πνεύματι
2844 459 3338 534 έμπιπλώμενοι⁶⁸
3367 465 3456 518 καὶ
3499 470 3616 529 τοῖς
3672 485 3784 542 χα-

357 561 514 615 vitus
544 566 744 614 nostra
775 557 1243 614 Christianorum
1287 556 1399 628 legi
1444 556 1690 611 subacta
1737 571 1866 609 esse
1911 569 2008 608 co-

355 649 676 721 gnoscitur.
712 652 914 719 Itaque
947 665 1121 719 quem
1154 647 1520 719 profitemur,
1551 661 1681 700 eum
1707 643 1880 716 plane
1903 659 2007 696 au-

355 737 518 793 ribus
548 738 759 793 vestris
798 738 1167 792 insonamus.
1201 736 1564 791 Confitemur
1593 735 1748 788 enim
1769 737 1828 787 et
1858 749 2006 802 prte-

355 829 623 883 dicamus
648 831 904 894 Patrem,
953 826 1165 882 Filium
1223 831 1280 880 et
1346 823 1632 895 Spiritum
1687 826 2002 878 sanctum:

355 920 587 970 Patrem
611 914 960 987 ingenitum,
989 914 1196 968 Jesum
1247 930 1280 967 a
1323 911 1448 968 solo
1499 912 1670 966 Patre
1716 910 2004 982 genitum,

353 1005 640 1076 Spiritum
671 1012 963 1069 sanctum,
996 1002 1151 1072 quia
1182 1002 1348 1056 Patre
1376 1001 1661 1073 procedit.
1698 1022 1725 1051 »
1758 1001 1840 1055 Ad
1883 999 2005 1053 haec

352 1093 518 1164 impii
551 1098 952 1164 persecutores
970 1095 1026 1146 et
1057 1090 1288 1163 tyranni
1313 1091 1514 1146 beatos
1541 1088 2004 1159 interrogabant,

351 1182 445 1238 his
474 1182 666 1238 verbis
701 1199 713 1236 :
752 1201 779 1234 ιι
810 1181 958 1252 Ergo
990 1179 1319 1252 principum
1357 1184 1694 1235 nostrorum
1745 1177 2004 1232 edictum

351 1289 383 1326 a
415 1271 580 1326 vobis
611 1269 1027 1336 contemnitur,
1064 1268 1408 1340 despicitur,
1435 1283 1540 1323 nec
1567 1271 1758 1322 vestra
1775 1265 2005 1320 confes-

351 1359 436 1414 sio
469 1359 819 1415 invictorum
837 1360 1080 1414 deorum
1095 1357 1426 1413 auctoritati
1452 1354 1844 1429 potestatique
1862 1354 2003 1409 sub-

339 1450 566 1520 jicitur.
598 1468 624 1500 ι
667 1448 861 1503 Sancti
894 1451 1112 1514 autem,
1147 1452 1212 1502 ut
1235 1464 1414 1518 supra
1458 1447 1680 1501 dictum
1733 1448 1841 1508 est,
1885 1459 2001 1498 uno

347 1537 544 1593 animo
577 1537 1012 1608 responderunt
1051 1535 1159 1590 hoc
1191 1536 1366 1591 modo
1401 1551 1414 1590 :
1451 1557 1479 1585 «
1532 1533 1605 1589 Ut
1635 1532 1808 1604 paulo
1864 1535 2001 1586 ante

345 1629 624 1694 diximus,
658 1625 959 1681 Christum
989 1625 1194 1681 Jesum
1229 1629 1436 1680 natum
1461 1641 1529 1679 ex
1557 1623 1740 1678 Maria
1760 1621 2000 1694 Virgine

345 1717 506 1773 omni
529 1715 743 1788 populo
775 1732 905 1772 vere
921 1713 1370 1781 annuntiantes,
1389 1713 1774 1785 praedicantes
1797 1715 2000 1767 contra

342 1806 628 1860 audentes
658 1810 716 1860 et
745 1805 1057 1870 credimus,
1091 1808 1147 1858 et
1177 1803 1546 1874 proﬁtemur,
1566 1800 1995 1857 etorelaudare

2123 549 2507 624 ρίσμασιν,ὡς
2566 548 2614 621 ἐξ
2674 550 2790 610 ένὸς
2842 548 3112 622 στόματος
3153 550 3414 621 τοιαύτην
3471 557 3580 607 τῶν
3642 552 3783 630 έρω-

2117 638 2336 692 τώντων
2368 641 2436 675 ⁸⁸⁸
2459 635 2667 694 ἔδωκαν
2701 639 2986 714 ἀπόκρισιν
3021 657 3034 672 ⁸
3069 664 3096 691 ι(
3131 637 3415 704 Δούλωσις
3446 643 3606 714 ἡμῶν
3641 649 3781 718 Χρι-

2117 732 2347 781 στιανῶν
2380 729 2536 800 νόμῳ
2577 728 2894 804 γινώσκεται
2944 725 3359 802 δεδουλωμένη.
3401 732 3625 788 ’Ὀιτινα
3683 732 3778 789 οὖν

2118 815 2620 890 ἐξομολογούμεθα,
2672 823 2916 896 φανερῶς
2972 823 3090 880 τοῖς
3145 817 3277 873 ὠσὶν
3337 819 3490 892 ὑμῶν
3539 820 3782 897 ένηχοῦ-

2120 927 2238 978 μιν.
2298 907 2816 982 Ἐξομολογούμεοα
2874 907 2977 982 γὰρ
3058 909 3148 962 καὶ
3215 907 3589 982 κηρύσσομεν,
3641 914 3780 977 καθὸ

2115 996 2204 1049 καὶ
2234 995 2584 1068 πιστεύομεν,
2618 997 2829 1071 Πατέρα
2859 997 2948 1051 καὶ
2982 998 3104 1051 ἱὶὸν
3162 997 3252 1051 καὶ
3307 1003 3530 1072 Πνεῦμα
3570 1002 3726 1075 ἅγιον
3761 1021 3776 1036 ·

2117 1084 2327 1156 Πατέρα
2384 1085 2704 1159 ἀγέννητον,
2763 1087 2885 1140 Υῖὸν
2959 1085 3019 1140 έκ
3089 1085 3258 1159 μόνου
3320 1091 3533 1163 [ἰατρὸς
3589 1111 3780 1164 γεννη-

2116 1171 2292 1243 θέντα,
2326 1175 2413 1228 καὶ
2450 1179 2671 1247 Πνεῦμα
2703 1176 2853 1248 ἅγιον
2904 1176 2962 1230 ἐκ
3020 1177 3199 1238 1-1ατὸς
3255 1176 3710 1254 ἐκπορευόμενον.
3747 1206 3778 1234 κ

2116 1263 2261 1336 Πρὸς
2314 1266 2484 1317 ταῦτα
2542 1264 2592 1316 οἱ
2655 1257 2864 1325 ἀσεϐεῖς
2917 1265 3140 1318 ὃιῶκται
3187 1265 3278 1320 καὶ
3332 1265 3592 1342 τύραννοι
3645 1268 3774 1332 τοὺς

2117 1350 2418 1426 μακαρίους
2485 1351 2809 1428 ἐπηρώτων,
2870 1352 3044 1427 ἁγίοις
3121 1359 3344 1410 τοιαῦτα
3424 1355 3774 1434 ἀποφθεγγό-

2117 1459 2290 1513 μενοιο
2327 1465 2354 1490 ‹‹
2419 1439 2522 1497 Καὶ
2555 1440 2748 1496 λοιπὸν
2781 1445 2889 1496 τῶν
2947 1441 3230 1518 ἀρχόντων
3286 1446 3449 1516 ἡμῶν
3511 1445 3563 1516 ἐξ
3617 1447 3771 1520 ὑμῶν

2113 1535 2528 1607 καταφρονεῖται
2588 1533 2622 1599 ἡ
2683 1529 2952 1603 κέλευσις,
3008 1527 3436 1607 παραϐλέπεται,
3491 1533 3578 1589 καὶ
3658 1535 3767 1612 οὐχ

2110 1621 2144 1689 ἡ
2183 1621 2418 1696 ὑμετέρα
2450 1621 2850 1696 ἐξομολόγησις
2880 1627 2987 1676 τῶν
3048 1623 3319 1694 ἀνικήτων
3377 1625 3504 1679 θεῶν
3549 1628 3616 1698 τῇ
3674 1626 3757 1696 ἐξ-

2110 1709 2264 1779 ουσίᾳ
2293 1709 2594 1768 ὑπόκειται.
2625 1735 2652 1764 ››
2688 1712 2749 1765 Oi.
2809 1708 2866 1766 δὶ
2924 1713 3090 1786 ἅγιοι,
3123 1713 3199 1775 ὡς
3248 1713 3500 1788 ἀνωτέρω
3531 1713 3754 1787 εἴρηται,

2109 1796 2161 1851 έν
2200 1804 2298 1871 μιᾷ
2347 1803 2501 1875 ψυχῇ
2533 1799 2935 1875 ἀποκριθέντες,
2989 1801 3140 1856 εἶπον
3167 1821 3181 1834 ·
3220 1827 3249 1855 ‹‹
3281 1804 3370 1865 Ὧς
3427 1805 3760 1881 προέφημεν,

347 1911 464 1950 non
497 1894 867 1949 desistimus.
903 1893 965 1948 In
999 1893 1107 1948 bac
1151 1897 1492 1948 sanctorum
1535 1889 1922 1946 virorumfide
1942 1892 1991 1944 et

2105 1864 2506 1962 Χρίστδν
2560 1864 2706 1959 rth,
2737 1864 3059 1966 γεννηθέντα
3107 1890 3168 1946 ἐκ
3212 1864 3487 1968 Παρθένου
3534 1864 3765 1969 Μαρίας,

343 1981 674 2056 apostolatu
707 1981 925 2037 firmati
957 1997 1418 2052 perseveremus.
1456 2003 1482 2029 ››
1519 1983 1592 2037 At
1615 1978 1777 2051 impii
1801 1993 1993 2050 perse-

343 2076 576 2128 cutores
605 2077 664 2128 et
695 2071 926 2143 tyranni
960 2087 1095 2125 cum
1129 2087 1367 2141 parvam
1401 2069 1808 2125 remissionem
1853 2083 1990 2123 con-

341 2162 682 2228 cessissent,
707 2161 1011 2215 beatarum
1039 2159 1354 2228 cervicum,
1389 2175 1514 2229 qua:
1555 2161 1794 2230 propter
1833 2155 1990 2210 Cbri-

339 2250 416 2305 sti
448 2250 626 2306 fidem
659 2254 873 2321 paratis
891 2253 1078 2316 erant,
1105 2247 1298 2320 gladio
1321 2247 1515 2319 capita
1537 2248 1991 2318 amputaverunt

341 2339 652 2396 rcddentes
685 2343 853 2394 terras
882 2354 1116 2409 copora,
1150 2337 1336 2393 beatis
1368 2335 1580 2392 animis
1619 2336 1762 2391 cmlo
1793 2333 1988 2390 reddi-

338 2428 416 2484 tis
451 2446 464 2497 ;
497 2427 793 2484 declarata
824 2432 1021 2483 autem
1057 2431 1262 2482 sancta
1282 2425 1540 2482 bonitate
1562 2442 1662 2498 per
1703 2427 1988 2496 martyres

339 2534 592 2589 quorum
637 2517 835 2572 anima
886 2515 1062 2572 simul
1103 2533 1237 2571 cum
1297 2532 1537 2586 corpore
1583 2515 1797 2570 tradita
1854 2514 1984 2568 fuit.

336 2607 482 2662 Nam
515 2623 649 2661 cum
677 2622 940 2676 corpore,
974 2605 1285 2676 praecisum
1337 2608 1517 2676 caput
1557 2601 1845 2675 magistri,
1869 2602 1986 2659 illis

334 2694 434 2766 qui
465 2695 577 2749 fide
608 2694 805 2750 videre
840 2697 1133 2766 poterant,
1168 2710 1301 2748 cum
1337 2693 1542 2765 lingua
1567 2693 1809 2748 Domino
1843 2709 1984 2747 con-

333 2783 506 2852 titeri,
535 2783 814 2838 utvivum
848 2787 905 2838 et
955 2782 1366 2854 progrediens,
1397 2781 1725 2836 videbatur.
1766 2785 1810 2836 Ο
1857 2797 1987 2836 vere

331 2873 501 2928 beata
531 2871 876 2938 multitudo,
901 2877 958 2926 et
991 2870 1238 2927 Domino
1273 2875 1470 2927 nostro
1504 2871 1562 2925 in
1614 2871 1806 2943 gratia
1853 2887 1984 2926 rur-

331 2979 464 3017 sum
498 2962 852 3032 desponsata
875 2959 887 3015 l
914 2978 945 3016 ο
968 2966 1172 3016 sancta
1195 2959 1624 3031 laudabilisque
1648 2960 1986 3016 fraternitas

328 3067 548 3120 eorum,
575 3050 635 3105 in
667 3050 883 3121 quibus
916 3067 1022 3105 nec
1065 3049 1299 3121 primus
1356 3049 1654 3104 secundus
1703 3065 1833 3104 esse
1881 3066 1982 3120 po-

325 3143 460 3206 test,
491 3155 597 3194 nec
641 3138 880 3194 tertius!
923 3139 1024 3194 sed
1075 3143 1290 3194 sanctis
1354 3138 1667 3194 Trinitatis
1734 3137 1980 3209 gloriam

2101 1977 2263 2032 παντὶ
2327 1979 2406 2050 τῷ
2468 1977 2589 2052 λαῷ
2641 1977 2867 2050 ἀληθῶς
2921 1981 3470 2057 προαναγγέλλοντες
3521 1984 3611 2038 καὶ
3669 2003 3769 2051 κη-

2104 2065 2418 2141 ρύσσοντες,
2473 2067 2928 2142 κατατολμῶντες
2985 2071 3074 2125 καὶ
3128 2071 3458 2144 πιστεύομεν
3509 2074 3622 2145 (77)
3679 2063 3771 2126 καὶ

2101 2153 2603 2231 ἰξομολογούμεθα,
2663 2159 2752 2212 καὶ
2809 2160 3038 2232 στόματι
3099 2159 3160 2214 οὐ
3233 2159 3614 2234 κσταπαύομεν
3676 2159 3762 2215 αἱ·

2098 2250 2338 2306 νοῦντες.
2396 2247 2481 2300 Ἐν
2541 2246 2708 2321 ταύτῃ
2764 2252 2832 2322 τῇ
2893 2254 3000 2303 τῶν
3030 2249 3196 2324 ἁγίων
3231 2247 3408 2326 ἀδρῶν
3434 2249 3612 2305 πίστει
3670 2249 3760 2304 καὶ

2101 2333 2387 2409 ἀποστολῇ
2449 2334 2916 2410 ένδυναμωθέντες
2975 2336 3322 2412 διαμένωμεν
3383 2341 3518 2411 (78).
3579 2339 3646 2396 Οἱ
3706 2332 3766 2392 δὶ

2100 2418 2313 2487 ἀσεϐεῖς
2371 2421 2597 2479 διῶκται
2649 2425 2738 2478 καὶ
2785 2427 3063 2500 τύραννοι,
3114 2428 3310 2501 μικράν
3360 2427 3538 2481 ἄνεσιν
3588 2419 3764 2481 δεδω-

2096 2512 2249 2573 κότες
2279 2517 2413 2588 (79),
2445 2519 2553 2570 τῶν
2593 2515 2872 2591 μακαρίων
2926 2515 3252 2592 τραχήλων,
3286 2515 3377 2572 διά
3421 2518 3521 2586 τήν
3581 2517 3762 2572 πίστιν

2095 2607 2192 2656 τοῦ
2233 2608 2476 2678 Χριστοῦ
2523 2603 2979 2677 έτοιμασθέντων,
3013 2606 3151 2684 ξίφει
3204 2607 3481 2680 ἀπέκοψαν
3527 2606 3625 2670 τὰς
3671 2627 3763 2661 κε-

2097 2691 2292 2769 φαλὰς,
2325 2691 2682 2755 ἀποδιδόντες
2711 2698 2778 2768 τῇ
2805 2697 2876 2768 γῇ
2904 2695 2969 2749 τὰ
3027 2694 3278 2768 σώματα,
3306 2700 3413 2750 τῶν
3477 2694 3761 2769 μακαρίων

2095 2785 2288 2856 ψυχῶν
2317 2787 2394 2854 τῷ
2427 2781 2641 2859 ούρανῴ
2664 2781 3060 2848 ἀποδοθεισῶν.
3097 2785 3512 2860 Φανερωθείσης
3557 2781 3614 2839 δέ
3661 2787 3762 2849 τῆς

2096 2869 2249 2944 ἁγίας
2297 2867 2636 2945 ἀγαθότητος
2683 2877 2802 2933 τοῖς
2861 2873 3147 2947 μάρτυσιν,
3200 2873 3274 2927 ὧν
3335 2869 3550 2928 δέδοται
3599 2874 3633 2942 ἡ
3674 2871 3762 2927 νί-

2093 2981 2162 3030 κη
2195 2963 2240 2996 ⁶⁹
2272 2961 2407 3032 μετά
2433 2965 2530 3014 τοῦ
2578 2961 2834 3033 σώματος
2868 2965 3002 3034 (80),
3034 2963 3413 3034 ἀποτμηθεῖσα
3457 2965 3493 3031 ἡ
3540 2960 3755 3038 κειραλή

2090 3053 2188 3103 τοῦ
2218 3046 2548 3103 διδασκάλου
2577 3053 2640 3121 το,
2668 3045 2931 3106 έδλέπετο
2983 3049 3210 3113 ἐκείνοις
3253 3057 3372 3114 τοῖς
3433 3049 3756 3125 δυναμένοις

2091 3138 2268 3192 πίστει
2301 3134 2428 3212 δρᾷν
2459 3138 2547 3192 καὶ
2604 3137 2830 3214 γλώσσῃ
2895 3139 3073 3216 Κυρίῳ
3135 3140 3432 3214 ὁμολογεῖν
3483 3140 3556 3202 ὡς
3612 3145 3758 3209 ζῶσα

324 3229 667 3301 profitentes
717 3245 832 3283 uno
903 3228 1136 3283 circiter
1184 3245 1217 3284 a
1259 3227 1505 3283 civivate
1566 3226 1861 3297 milliario,
1924 3228 1982 3283 in

2103 3227 2189 3282 καὶ
2247 3223 2636 3302 προϐαίνουσα.
2689 3231 2753 3284 Ὠ
2811 3227 3033 3301 ἀληθῶς
3086 3231 3324 3305 μακαρία
3378 3230 3617 3302 πληθὺς,
3665 3231 3755 3285 καὶ

326 3334 502 3389 parvo
527 3316 670 3372 colle
701 3315 979 3389 martyrio
1009 3317 1174 3388 digni
1225 3316 1449 3388 fuistis,
1500 3316 1685 3372 sancti
1733 3317 1918 3373 effecti
1954 3335 1988 3374 a

323 3414 529 3464 sancta
561 3407 873 3463 Trinitate.

2095 3321 2176 3388 τῷ
2236 3316 2422 3392 Κυρίῳ
2468 3320 2630 3390 ἡμῶν
2691 3318 2740 3372 έν
2801 3323 2870 3392 τῇ
2901 3319 3089 3394 χάριτι
3141 3319 3564 3394 ἀναμεμνημένη
3596 3321 3756 3393 (81)!

2096 3407 2161 3460 Ὢ
2195 3406 2322 3480 ἀγία
2355 3408 2441 3461 καὶ
2511 3406 2760 3476 ἐπαινετὴ
2815 3405 3146 3484 ἀδελφότης,
3181 3407 3232 3462 έν
3298 3409 3378 3470 οἷς
3434 3405 3555 3464 οὔτε
3604 3413 3762 3483 πρῶ-

328 3517 422 3559 τος
471 3493 721 3570 δεύτερος
773 3492 994 3549 δύναται
1053 3493 1322 3568 γενέσθαι,
1357 3490 1482 3547 οὔτε
1537 3492 1923 3579 τρίτοςλάλλά
1975 3501 2075 3564 τῆς
2138 3496 2294 3570 ἁγίας
2351 3493 2587 3571 Τριάδος
2627 3496 2726 3564 τὴν
2761 3493 2916 3569 δόξαν
2963 3494 3484 3572 ἐξομολογούμενοι,
3518 3498 3592 3559 ὡς
3652 3497 3760 3552 ἀπὸ

331 3583 564 3657 σημείου
622 3584 738 3646 ένὸς
794 3590 893 3652 τῆς
953 3581 1168 3644 πόλεως
1229 3583 1342 3654 (82)
1397 3582 1472 3643 εἷς
1533 3584 1725 3658 μικρὸν
1784 3584 1974 3658 βουνὸν
2009 3582 2147 3654 ἄξιοι
2197 3586 2454 3660 γεγόνατε
2507 3585 2808 3660 μαρτυρίου
2841 3585 2930 3641 διὰ
2969 3593 3069 3656 τῆς
3115 3587 3267 3662 ἀγίας
3312 3585 3545 3662 Τριάδος
3600 3588 3761 3661 ἀγια⁸

335 3674 567 3737 σθέντες.

398 3762 685 3818 Jacebant
711 3777 850 3833 ergo
881 3761 938 3816 in
971 3760 1138 3816 collis
1170 3759 1475 3816 cacumine
1505 3766 1716 3816 trunca
1745 3778 1991 3832 corpora

329 3851 455 3906 sine
489 3851 728 3918 bonore,
753 3850 1046 3921 completa
1069 3866 1170 3904 seu
1196 3849 1420 3918 integra
1445 3848 1662 3904 Christi
1688 3851 1987 3921 martyrio,

329 3939 831 4012 quemadmodum
867 3940 936 3994 de
969 3939 1144 3994 rebus
1176 3937 1390 3992 futuris
1419 3937 1816 4010 przedixerunt
1856 3956 1988 4011 pro-

328 4029 556 4102 phetae:
608 4031 755 4087 401
807 4031 1052 4084 Pretiosa
1103 4030 1158 4083 in
1211 4035 1498 4100 conspectu
1568 4029 1793 4083 Domini
1842 4045 1988 4086 mors

322 4128 640 4175 sanctorum
669 4121 807 4189 ejus.
833 4120 974 4174 Cum
1003 4119 1184 4190 igitur
1213 4120 1480 4186 (o)etiam
1513 4117 1809 4174 declarata
1830 4123 1988 4175 esset

327 4215 656 4280 martyrum
689 4213 864 4278 atque
883 4206 1142 4278 episcopi
1176 4207 1434 4278 dignitas
1462 4212 1518 4261 et
1540 4206 1726 4278 gloria
1746 4214 1986 4278 propter

325 4296 648 4352 salutarem
681 4297 950 4367 magistri
985 4297 1184 4361 fidem,
1217 4311 1343 4364 qua:
1375 4294 1776 4349 reﬂoruisset:
1811 4295 1985 4367 cmpit

327 4386 559 4442 fructus
589 4385 752 4454 oriri,
787 4390 960 4456 atque
995 4401 1098 4456 per
1123 4383 1290 4438 illum
1324 4385 1600 4454 majorem
1635 4383 1816 4438 fuisse
1858 4384 1984 4455 gloo

327 4475 474 4530 riam
507 4491 710 4530 eorum
747 4474 846 4546 qui
882 4491 984 4544 per
1013 4473 1277 4544 martyrii
1310 4473 1402 4527 sui
1447 4471 1754 4526 victoriam
1805 4471 1983 4527 simul

326 4568 508 4619 erant.
545 4563 705 4619 Beati
727 4567 921 4618 autem
953 4561 1209 4634 Dionysii
1229 4566 1286 4616 et
1310 4559 1604 4632 pontificis
1628 4559 1982 4617 honorantes

328 4653 699 4724 martyrium,
731 4655 1002 4707 sanctum
1032 4651 1162 4721 ejus
1192 4650 1320 4705 sine
1342 4648 1541 4704 animo
1573 4665 1784 4721 corpus
1825 4650 1981 4706 exci-

324 4745 512 4796 tatum
533 4757 662 4796 esse
685 4741 1001 4796 credimus.
1029 4739 1257 4794 Etenim
1283 4739 1454 4793 beata
1479 4755 1655 4793 manu
1679 4756 1787 4794 sua
1808 4742 1983 4810 caput

2171 3767 2416 3816 Ἕκειντο
2477 3761 2567 3816 οὖν
2625 3761 2702 3824 εἰς
2748 3763 2848 3831 τήν
2907 3765 3150 3841 κορυφήν
3214 3769 3308 3818 τοῦ
3363 3765 3560 3840 βουνοῦ
3617 3765 3754 3821 ἀπο-

2097 3852 2374 3922 τμηθέντα
2422 3852 2649 3924 σώματα
2705 3852 2967 3925 ἀτίμητα,
3008 3853 3416 3928 πεπληρωμένα
3472 3860 3551 3927 τῷ
3613 3877 3758 3930 μαρ-

2094 3941 2266 4014 τυρίῳ
2296 3945 2392 3994 τοῦ
2423 3942 2657 4015 Χριστοῦ
2681 3945 2816 4014 (83),
2847 3942 3027 4004 καθὼς
3083 3943 3466 4018 προελάλησαν
3515 3945 3566 3998 οἱ
3616 3966 3754 4020 προ-

2097 4035 2261 4105 φῆται
2319 4028 2442 4104 περὶ
2501 4034 2606 4083 τῶν
2673 4028 3018 4102 μελλόντων,
3075 4031 3156 4086 ὅτι
3231 4031 3434 4105 Τίμιος
3511 4031 3750 4089 έναντίον

2095 4119 2300 4193 Κυρίου
2373 4117 2400 4171 ὁ
2460 4117 2680 4181 θάνατος
2767 4124 2873 4173 τῶν
2959 4121 3120 4174 ὁσίων
3205 4121 3390 4179 αὑτοῦ.
3449 4125 3568 4178 "Em
3657 4121 3752 4178 οὗν

2094 4207 2497 4284 ιρανερωθείσης
2525 4212 2632 4261 τῶν
2687 4209 2977 4283 μαρτύρων
3036 4209 3125 4263 καὶ
3185 4210 3375 4283 ἱερέως
3431 4213 3473 4247 ’τί
3509 4213 3619 4283 (84)
3647 4220 3756 4281 τῆς

2093 4295 2241 4364 ἀξίας
2275 4298 2362 4350 καὶ
2393 4299 2489 4365 τῆς
2523 4294 2873 4366 ἐνδοξότητος
2919 4295 3010 4352 διὰ
3039 4301 3136 4368 τήν
3189 4298 3601 4377 σωτηριοφόρον
3647 4305 3754 4356 τοῦ

2093 4380 2425 4440 διδασκάλου
2485 4384 2854 4457 έπανοησασαν
2928 4387 3131 4444 πίστιν.
3203 4385 3405 4458 ἤρξατο
3456 4389 3484 4443 ὁ
3541 4391 3756 4463 καρπὸς

2093 4472 2391 4545 ἀνατεῖλαι,
2424 4473 2512 4528 καὶ
2566 4475 2756 4548 ἐκείνῳ
2810 4475 2977 4531 πλέον
3039 4473 3194 4549 δόξαν
3247 4478 3486 4553 γενέσθαι
3537 4475 3624 4532 διὰ
3651 4483 3754 4534 τοῦ

2094 4563 2390 4638 μαρτυρίου
2423 4564 2614 4618 ἑαυτοῦ
2664 4566 2763 4634 τήν
2813 4567 2972 4634 νίκην
3031 4570 3137 4625 τῶν
3174 4566 3439 4622 συνόντων
3476 4570 3610 4641 (85).
3639 4574 3754 4625 Τοῦ

2094 4653 2358 4728 μακαρίου
2418 4650 2473 4708 δὲ
2531 4654 2812 4708 Διονυσίου
2869 4656 2959 4709 καὶ
3013 4655 3318 4732 ἀρχιερέως
3374 4662 3639 4730 τιμῶντες
3686 4658 3753 4713 τὸ

2093 4740 2412 4816 μαρτύριον,
2466 4741 2528 4796 τὸ
2588 4744 2740 4817 ἅγιον
2792 4744 2960 4798 αὑτοῦ
3017 4742 3142 4800 ἄνευ
3199 4749 3382 4822 ψυχῆς
3442 4752 3602 4820 σῶμα
3660 4770 3752 4802 πι-

325 4847 394 4886 ex
423 4845 663 4900 corpore
693 4845 728 4884 a
755 4828 1001 4884 nefariis
1042 4827 1385 4882 hominibus
1432 4827 1626 4897 gladio
1669 4827 1977 4899 pracisum

2103 4827 2344 4902 ττεύομεν
2407 4828 2691 4906 ἐγηγέρθαι
2726 4848 2740 4862 ⁸
2773 4831 2994 4908 καὶγὰρ
3026 4837 3094 4907 τῇ
3149 4835 3387 4911 μακαρίᾳ
3435 4836 3581 4911 χειρί
3630 4837 3753 4891 ἑαυ-

327 4918 604 4989 sumpsit,
627 4923 684 4972 et
701 4933 1057 4987 suspensum
1080 4915 1321 4971 brachio
1345 4915 1651 4987 amplexus
1674 4921 1782 4984 est,
1805 4921 1981 4989 atque

326 5023 360 5059 a
389 5006 557 5062 collis
585 5007 802 5062 vertice
827 5006 943 5059 duo
977 5003 1258 5058 milliaria
1290 5003 1462 5075 plena
1484 5005 1618 5060 forti
1649 5005 1846 5061 animo
1880 5023 1981 5078 pe-

326 5093 500 5149 dibus
532 5094 872 5166 ingrediens
905 5091 1412 5164 portavit.Novum
1431 5094 1689 5165 profecto
1711 5112 1776 5150 ac
1792 5100 1982 5167 poste-

325 5181 407 5238 ris
422 5182 933 5253 deprudicandum
951 5197 1015 5235 ac
1032 5182 1185 5237 fama
1197 5181 1606 5238 celebrandum
1627 5184 1977 5239 miraculum

324 5381 398 5453 (ο)
431 5378 582 5435 Psal.
617 5395 741 5446 cxv,
767 5379 856 5432 25.

2090 4920 2186 4971 τοῦ
2217 4918 2313 4986 τὴν
2346 4917 2588 4996 κεφαλὴν
2621 4919 2726 4976 ἀπὸ
2757 4925 2851 4975 τοῦ
2894 4921 3148 4994 σώματος
3200 4923 3303 4978 ὑπὸ
3359 4929 3465 4979 τῶν
3525 4925 3751 4999 ἀνόμων

2087 5009 2167 5077 τῷ
2215 5005 2350 5082 ξίφει
2405 5008 2814 5081 ἀποτμηθεῖσαν
2875 5005 3058 5079 έλαϐε,
3118 5011 3206 5067 καὶ
3259 5014 3607 5087 κρεμαμένην
3667 5017 3754 5088 τῷ

2095 5094 2347 5168 βραχίονι
2388 5094 2803 5170 ένηγκαλίσατο,
2837 5098 2925 5154 καὶ
2958 5100 3062 5154 ἀπὸ
3094 5105 3194 5167 τῆς
3253 5106 3349 5157 τοῦ
3401 5103 3595 5177 βουνοῦ
3653 5125 3753 5160 κο-

2091 5190 2267 5257 ρυφῆς
2294 5181 2388 5239 δύο
2425 5185 2584 5259 μίλια
2614 5186 2838 5262 πλήρης
2871 5191 2915 5225 7’
2944 5187 2995 5244 έν
3049 5189 3206 5264 ἰσχύϊ
3247 5196 3362 5254 τοῖς
3412 5191 3570 5247 ποσὶν
3621 5187 3756 5247 ἐϐά-

1322 5509 1568 5564 VARle
1618 5511 2014 5567 LECTlONES
2065 5513 2156 5568 ET
2188 5512 2740 5569 CORRECTIONES.

395 5650 439 5684 ⁸⁸
472 5645 902 5720 ἐμπιπλάμενοι.
980 5651 1045 5684 ⁵³⁸
1078 5655 1192 5712 τοῖς
1223 5647 1487 5722 ἐρωτῶσι.
1565 5654 1610 5688 ⁶⁰
1639 5655 1815 5726 ψυχή.
1893 5657 1937 5690 ’ῖο
1968 5653 2288 5732 ἀρχιερέως.
2367 5659 2410 5694 τί
2444 5653 2768 5731 ἀρχιερέως.
2847 5659 2891 5692 ⁷²
2919 5655 3132 5730 πλήρη.
