4106 6384
148 4854 237 4899 ,Α

329 374 431 431 681

1403 381 1862 442 MARTYRIUM,
1907 382 2244 437 AUCTORE
2284 380 2680 438 METEODIO.

3647 387 3755 443 682

328 518 506 565 στασε,
538 499 655 552 νέον
686 499 778 553 καὶ
831 499 1063 574 ἀρχαῖον
1122 498 1211 554 καὶ
1256 504 1374 562 τοῖς
1428 502 1715 573 μετέπειτα
1763 499 1982 570 ἐξάκου-

2098 519 2310 580 corpus
2341 518 2471 559 esse
2501 503 2630 560 sine
2660 505 2856 562 animo
2887 513 2940 562 et
2989 508 3180 580 capite
3210 510 3365 582 quod
3395 509 3508 566 vivi
3565 511 3758 568 instar

329 609 452 644 στον
499 589 680 661 θαῦμα
738 589 849 661 (86)
878 589 1002 643 ἄνευ
1058 591 1244 664 ψυχῆς
1303 588 1392 644 καῖ
1424 588 1667 668 κεφαλῆς
1702 597 1884 663 σῶμα,
1916 593 1989 654 ὡς

331 681 436 746 ζῶν
486 676 701 752 τρέχειν
751 676 888 730 κατὰ
945 677 1008 732 τὸ
1059 674 1199 746 ἔθος,
1232 679 1319 732 καὶ
1377 675 1656 754 ἄνθρωπον
1691 681 1991 749 τεθνηκότα

328 765 582 840 ἰσχυροῖς
613 759 924 839 προϐαίνειν
959 765 1162 841 ἴχνεσι.
1207 769 1329 823 Τῶν
1367 768 1650 842 μακαρίων
1681 769 1775 821 οὖν
1822 767 1985 823 πάλιν

323 853 643 912 Ῥουστίκου
700 853 792 945 καὶ
837 853 1196 945 ,Ἐλευθερίου
1239 851 1592 945 ,φοϐηθέντες
1646 858 1698 911 οἱ
1750 852 1986 945 ἀσεϐεῖς,

326 947 400 1018 μή
453 965 574 1006 πως
619 943 965 1006 συνελθόντες
1010 941 1136 1000 λαοί
1183 944 1358 1000 πίστει
1411 943 1868 1019 δεδοκιμασμένοι
1900 941 1984 1001 εὐξ

320 1033 469 1110 χητᾶ
503 1033 730 1106 σώματα
759 1032 937 1088 αὐτῶν
975 1033 1192 1095 ἑαυτοῖς
1225 1033 1302 1097 εἰς
1341 1033 1628 1107 ἀντίληψιν
1677 1033 1728 1090 ἐν
1783 1042 1983 1110 σωροῖς

321 1124 747 1194 καταθήσονται,
791 1121 1093 1197 γενομένης
1145 1115 1355 1197 βουλῆς
1404 1122 1480 1186 εἷς
1537 1125 1759 1179 ἀκάτιον
1811 1124 1862 1180 ἐν
1913 1129 1985 1199 τῇ

319 1207 540 1285 ἀϐύσσῳ
596 1208 838 1266 συνεῖδον
893 1215 990 1266 τοῦ
1048 1209 1242 1274 ὕδατος
1296 1211 1590 1270 ἀπολῦσαι.
1625 1212 1801 1270 Ἀλλά
1852 1216 1982 1277 Θεὸς

320 1302 348 1356 ὁ
408 1297 848 1374 παντοδύναμος,
879 1299 1100 1374 ἀγαθὸς,
1135 1297 1345 1362 δίκαιος
1375 1301 1467 1355 καὶ
1524 1299 1800 1375 ἐλεήμων,
1837 1305 1864 1357 ὁ
1919 1304 1982 1358 τὸ

318 1386 474 1455 ἕλεος
531 1389 696 1445 αὐτοῦ
756 1389 860 1444 ἀπὸ
913 1394 1010 1444 τοῦ
1067 1390 1413 1464 ἀνθρωπίνου
1471 1392 1662 1467 γένους
1719 1390 1982 1448 οὐδέποτε

315 1477 582 1554 παριδὼν,
616 1480 644 1533 ὁ
687 1479 784 1534 τοῦ
833 1479 1036 1554 Φαραὼ
1083 1481 1184 1549 τὴν
1241 1478 1446 1555 βουλὴν
1491 1484 1560 1554 τῇ
1603 1482 1834 1555 Ἐρυθρᾷ
1885 1483 1979 1537 θα-

314 1569 490 1644 λάσσῃ
517 1563 908 1636 καταϐυθίσας,
941 1569 1033 1623 καὶ
1061 1572 1161 1622 τοῦ
1192 1568 1492 1647 ’Λχιτόφελ
1543 1569 1760 1646 ἀγχόνῃ
1819 1592 1976 1646 σχοι-

314 1658 430 1714 νίου
451 1659 543 1713 τὸν
574 1656 862 1733 τράχηλον
905 1653 1212 1730 ἀποκόψας,
1246 1657 1405 1720 αὐτὸς
1453 1659 1543 1713 καὶ
1599 1661 1698 1727 τὴν
1749 1658 1977 1715 ἀσύστα-

317 1769 409 1802 τον
440 1747 652 1802 τούτων
689 1745 897 1820 βουλὴν
919 1751 999 1818 τῷ
1032 1744 1169 1800 ἐλέει
1214 1746 1379 1801 αὐτοῦ
1426 1743 1745 1819 κατέϐαλεν,
1772 1747 1865 1804 τίνα
1912 1749 1979 1803 τὰ

317 1833 544 1911 λαμπρᾶ
577 1831 674 1888 δύο
701 1837 1064 1910 φωτιστήρια,
1101 1835 1178 1907 μὴ
1210 1839 1290 1907 τῷ
1353 1837 1503 1910 βυθῷ
1561 1841 1668 1890 τῶν
1716 1837 1974 1910 κυμάτων

322 1923 830 2002 κατακαλυφθῶσιν,
858 1921 1005 1979 ἀλλὰ
1032 1927 1128 1977 τοῦ
1182 1928 1422 1998 Χριστοῦ
1453 1927 1488 1994 ἡ
1522 1925 1824 1995 Ἐκκλησία
1881 1923 1974 1981 δυ-

318 2013 507 2075 νατοὺς
565 2011 669 2087 ἔχῃ
719 2013 801 2067 ἀεὶ
849 2011 1210 2084 πολεμιστάς.
1259 2014 1344 2067 Ἐν
1388 2013 1607 2076 τούτοις
1648 2016 1782 2089 γυνή
1835 2011 1975 2069 ἕντι-

322 2123 422 2176 μος
471 2099 723 2156 Κατοῦλα
778 2101 1027 2174 ὀνόματι,
1073 2101 1196 2170 ἥτις
1257 2101 1489 2166 ἐθνικοῖς
1549 2098 1742 2180 φόϐοις
1796 2103 1977 2176 ἀκμὴν

318 2192 661 2266 κρατουμένη
714 2193 959 2266 ὑπῆρχεν
997 2193 1134 2265 (87),
1169 2191 1533 2268 ἐπιστρέψασα
1583 2194 1706 2248 τότε
1749 2193 1826 2256 εἰς
1872 2196 1974 2264 τήν

311 2283 491 2337 πίστιν
522 2286 620 2337 τοῦ
651 2283 886 2358 Χριστοῦ
919 2278 1008 2336 διὰ
1036 2285 1142 2335 τῶν
1177 2281 1466 2355 θαυμάτων
1513 2287 1621 2337 τῶν
1684 2281 1973 2360 μαρτύρων

319 2372 514 2440 ἑαυτὴν
576 2373 653 2435 εἱς
703 2369 995 2444 ἐπιθυμίαν
1051 2368 1279 2441 ἐξέδωκε
1335 2373 1472 2444 (88),
1505 2371 1596 2426 καὶ
1650 2376 1720 2445 τῇ
1777 2374 1973 2448 γνώμῃ

316 2456 483 2531 ἔδειξε
528 2459 618 2514 καὶ
673 2465 794 2521 τοῖς
851 2457 1035 2533 ἔργοις
1091 2463 1190 2514 τοῦ
1246 2459 1418 2514 πόθου
1446 2461 1548 2531 τήν
1581 2458 1810 2534 δύναμιν
1841 2482 1852 2495 ⁸
1885 2462 1976 2517 καὶ

318 2548 460 2603 ἐλέει
512 2551 645 2602 Θεοῦ
703 2552 1085 2621 κατανυγεῖσα,
1139 2545 1478 2617 ἐπελθούσης
1560 2549 1696 2622 αὐτῇ
1774 2547 1974 2604 ἄνωθεν

320 2633 620 2708 δυνάμεως,
655 2629 992 2707 συμϐούλιον
1055 2630 1238 2703 ἔλαϐε,
1271 2636 1361 2690 καὶ
1420 2634 1486 2705 δὴ
1551 2638 1624 2698 εἷς
1674 2637 1976 2712 συμπόσιον

316 2723 580 2779 ἱκέτευσεν
617 2723 791 2779 ἐλθεῖν
823 2723 949 2785 τοὺς
980 2721 1230 2786 διώκτας.
1266 2723 1363 2778 Καὶ
1424 2723 1514 2778 ὅτε
1561 2725 1746 2789 αὐτοῖς
1786 2725 1979 2782 πολλᾶ

317 2810 468 2889 δῶρα
497 2815 886 2889 προσήνεγκεν,
921 2813 1175 2875 ἐπιεικῶς
1207 2814 1306 2882 τήν
1339 2820 1497 2886 μῆνιν
1552 2822 1652 2883 τῆς
1701 2811 1980 2870 κακοϐου-

317 2901 443 2965 λίας
494 2904 673 2958 αὐτῶν
722 2901 975 2977 ἐξήνεγκε
1024 2903 1161 2958 κατᾶ
1206 2907 1314 2957 τῶν
1347 2904 1635 2980 μαρτύρων
1671 2908 1786 2979 (89)
1819 2925 1831 2938 ·
1864 2910 1979 2968 τοῖς

319 2991 378 3048 δὲ
406 2997 620 3055 πιστοῖς
650 2991 716 3046 τὰ
747 2992 1034 3069 ἀπόκρυφα
1071 2999 1173 3061 τῆς
1227 2989 1454 3066 καρδίας
1511 2994 1678 3064 αὐτῆς
1735 2996 1978 3071 φανερώ-

320 3103 478 3154 σασα,
511 3081 855 3158 προσέταξεν,
881 3079 975 3135 ἵνα
1033 3079 1313 3152 συλήσωσι
1354 3087 1608 3155 κρυπτῶς
1663 3087 1733 3138 τὰ
1788 3080 1982 3157 ἔντιμα

321 3172 550 3245 σώματα
600 3174 709 3224 τῶν
771 3169 1058 3246 μαρτύρων
1111 3170 1190 3232 εἷς
1241 3170 1296 3225 ’ὲν
1351 3175 1459 3226 τῶν
1495 3175 1676 3247 μερῶν
1726 3179 1829 3241 τῆς
1873 3173 1980 3227 πό-

2098 613 2202 667 pro
2231 611 2392 651 more
2425 600 2644 663 currat,
2680 595 3097 668 hominemque
3139 599 3264 670 jam
3312 605 3613 656 mortuum
3663 601 3754 656 in-

2098 687 2260 758 gredi
2294 688 2481 743 ﬁrmis
2511 684 2794 757 vestigiis.
2821 685 2990 756 Impii
3014 701 3150 759 ergo
3182 687 3450 745 homines
3476 689 3751 751 illiveriti

2098 792 2325 844 rursus,
2369 793 2440 832 ne
2477 777 2624 830 forte
2663 775 2775 830 fide
2807 776 3054 844 probata
3083 776 3339 848 populus
3370 779 3748 843 conveniens,

2095 865 2377 936 optabilia
2405 881 2652 937 corpora
2680 863 2902 919 Rustici
2935 867 2991 920 et
3020 863 3338 922 Eleutherii
3372 866 3628 938 praesidii
3655 872 3747 923 at-

2096 968 2208 1023 que
2231 953 2432 1009 auxilii
2464 953 2556 1009 sui
2589 952 2844 1008 causain
2877 952 3162 1024 sepulcris
3193 954 3561 1027 tumulisque
3607 973 3746 1012 con-

2093 1042 2276 1109 deret,
2311 1043 2456 1098 eain
2482 1041 2811 1098 naviculam
2837 1041 3112 1112 imposita
3143 1043 3212 1098 de
3245 1045 3511 1100 omnium
3548 1045 3748 1101 consi-

2094 1129 2170 1186 lio
2192 1131 2251 1186 in
2283 1132 2640 1203 profundum
2673 1131 2936 1185 fluminis
2968 1131 3218 1200 dejicere
3249 1137 3599 1189 statuerant.
3633 1133 3748 1190 Sed

2097 1218 2246 1274 Deus
2267 1235 2464 1274 rerum
2497 1218 2762 1275 omnium
2798 1222 3150 1290 prapotens,
3182 1219 3399 1296 bonus,
3421 1220 3649 1291 justus,
3691 1225 3748 1278 et

2091 1307 2510 1364 misericordiae
2557 1307 2793 1379 plenus,
2828 1309 2929 1378 qui
2984 1307 3455 1364 misericordiam
3483 1325 3655 1365 suam
3685 1309 3750 1364 in

2090 1395 2350 1453 humano
2380 1413 2589 1468 genere
2619 1413 2926 1466 nunquam
2959 1395 3239 1468 neglexit,
3272 1398 3374 1469 qui
3425 1397 3749 1456 Pharaonis

2088 1487 2406 1542 exercitum
2438 1486 2497 1540 in
2523 1503 2683 1542 mare
2701 1485 2967 1541 Rubrum
2989 1485 3292 1554 demersit,
3323 1489 3381 1542 et
3401 1486 3749 1560 Achitophel

2087 1575 2366 1632 cervicem
2399 1575 2609 1647 laqueo
2641 1574 2941 1647 praecidit:
2975 1576 3026 1630 is
3052 1574 3230 1630 etiam
3265 1575 3566 1632 infirmum
3597 1574 3746 1633 isto-

2088 1678 2216 1718 rum
2249 1661 2560 1718 consilium
2614 1661 3023 1718 misericordia
3064 1679 3174 1718 sua
3229 1663 3521 1734 dissolvit,
3573 1668 3747 1721 utne

2085 1751 2244 1806 clara
2268 1751 2696 1823 splendidaque
2725 1752 2842 1806 duo
2871 1750 3102 1807 lumina
3132 1752 3424 1822 profundo
3455 1769 3744 1826 aquarum

2084 1841 2625 1912 submergerentur,
2675 1842 2778 1895 sed
2811 1839 3027 1896 Christi
3076 1840 3333 1898 Ecclesia
3379 1858 3478 1899 eos
3513 1859 3748 1915 semper

2087 1929 2262 1984 fortes
2293 1933 2760 2002 prepugnatores
2789 1929 3052 1984 haberet.
3080 1929 3232 1984 Dum
3261 1930 3383 1986 haec
3411 1935 3744 2000 agerentur,

2086 2017 2298 2072 mulier
2329 2017 2541 2072 nobilis
2573 2021 2630 2073 et
2661 2017 3072 2088 clara,;Catula
3095 2017 3355 2087 nomine,
3378 2035 3507 2089 quae
3539 2018 3746 2090 gentili

2087 2115 2240 2161 metu
2272 2105 2439 2161 valde
2497 2111 2766 2178 correpta
2803 2111 2950 2177 erat,
3009 2115 3130 2162 tum
3177 2106 3249 2161 ad
3308 2107 3487 2162 fidem
3531 2107 3748 2163 Christi

2087 2198 2323 2267 propter
2349 2198 2671 2268 martyrum
2706 2193 3010 2260 miracula,
3061 2195 3318 2251 converti
3370 2195 3748 2268 desideravit,

2086 2284 2319 2356 vimque
2351 2282 2625 2339 desiderii
2655 2288 2713 2340 et
2760 2283 3063 2340 voluntate
3089 2288 3145 2340 et
3187 2301 3250 2340 re
3280 2283 3622 2354 declaravit,
3683 2301 3752 2341 ac

2087 2373 2188 2430 Dei
2221 2373 2628 2429 misericordia
2676 2377 3050 2444 compuncta,
3111 2373 3537 2430 interveniente
3593 2374 3646 2430 ei
3697 2375 3751 2430 vi

2087 2462 2307 2529 divina,
2339 2462 2654 2518 consilium
2688 2463 2863 2534 cepit,
2889 2467 2950 2518 ut
2981 2463 3053 2518 ad
3087 2462 3423 2519 convivium
3473 2479 3749 2534 persecu-

2085 2555 2242 2606 tores
2272 2551 2518 2622 supplex
2550 2551 2843 2606 invitaret.
2875 2556 3134 2622 Cumque
3161 2551 3349 2607 multa
3377 2551 3463 2609 eis
3503 2567 3753 2609 munera

2088 2639 2420 2708 detulisset,
2462 2640 2784 2712 prudenter
2808 2639 3011 2694 odium
3043 2639 3250 2696 nefarii
3301 2639 3556 2708 consilii,
3589 2641 3748 2713 quod

2085 2728 2172 2784 illi
2202 2729 2483 2784 adversus
2517 2731 2801 2800 martyres
2829 2733 3127 2799 ceperant,
3159 2729 3449 2798 excussit;
3485 2729 3750 2802 exposito

2088 2821 2283 2872 autem
2317 2817 2534 2872 nostris
2565 2816 2749 2871 animi
2769 2816 2860 2872 sui
2884 2816 3153 2884 consilio,
3208 2818 3483 2889 praecepit
3509 2823 3574 2874 ut
3595 2819 3749 2874 clam

2089 2905 2344 2976 pretiosa
2370 2921 2614 2976 corpora
2641 2909 2963 2976 martyrum
2990 2906 3288 2961 auferrent
3316 2906 3375 2960 in
3401 2923 3579 2962 unam
3613 2922 3749 2977 par-

2087 2998 2203 3050 tem
2240 2992 2426 3060 urbis,
2451 2998 2514 3048 ut
2544 2993 2601 3047 in
2635 3009 2774 3048 saxo
2829 2993 2982 3066 quod
3047 2994 3229 3049 situm
3284 2998 3441 3050 esset
3474 2995 3532 3049 in
3566 2995 3751 3067 agello

2088 3082 2150 3138 in
2182 3082 2486 3154 sequentis
2516 3082 2654 3138 anni
2705 3086 3031 3138 sementem
3085 3086 3286 3154 parato
3333 3087 3490 3140 terra
3537 3083 3753 3141 obruta

2091 3188 2334 3242 corpora
2363 3171 2744 3228 occultarent.
2778 3171 2869 3228 Illi
2916 3171 3228 3244 diligenter
3257 3174 3545 3245 imperata
3601 3174 3751 3230 fece-

322 3258 487 3330 λεως,
521 3257 574 3314 ἐν
627 3262 696 3332 τῇ
741 3259 912 3333 πέτρᾳ
955 3261 1024 3332 τῇ
1074 3257 1149 3320 εἷς
1202 3259 1393 3334 μικρὸν
1426 3260 1646 3333 κειμένῃ
1675 3257 1888 3326 πεδίον,
1917 3261 1980 3316 τὸ

2098 3267 2254 3318 runt.
2287 3261 2330 3317 Ο
2363 3261 2586 3317 furtum
2621 3261 2934 3333 laudabile,
2985 3264 3141 3333 quod
3172 3263 3460 3318 damnum
3511 3279 3629 3319 non
3653 3263 3753 3319 de-

323 3348 640 3421 ἐτοιμασθὶν
702 3346 778 3410 εἷς
835 3346 1042 3423 σπορὰν
1077 3346 1164 3402 ἐπὶ
1219 3352 1316 3403 τοῦ
1377 3347 1678 3421 μέλλοντος
1735 3351 1986 3425 καταχώ-

2095 3351 2201 3420 dit,
2233 3351 2335 3406 sed
2369 3351 2565 3422 potius
2595 3349 2833 3422 profuit.

326 3456 534 3504 σαντες,
567 3431 956 3510 ἀποκρύψωσιν
989 3438 1124 3507 (9Ο)⁶
1162 3434 1363 3499 ο⁹ίτινες
1392 3439 1458 3492 τὰ
1485 3437 1839 3502 κελευσθέντα
1884 3438 2296 3514 πληρώσαντες,
2330 3436 2637 3500 σπουδαίως
2687 3438 2750 3492 τὸ
2799 3438 2982 3501 αὐτοῖς
3024 3439 3366 3515 προσταχθέν
3404 3437 3748 3495 ἐπετέλεσαν.

323 3528 384 3581 Ὢ
412 3525 724 3601 κλεψοσύνη
758 3525 1035 3595 ἐπαινετὴ,
1066 3525 1189 3596 ἥτις
1220 3527 1282 3582 ού
1313 3530 1633 3604 προσήγαγε
1665 3529 1889 3603 ζημίαν,
1925 3528 2071 3584 ἀλλὰ
2104 3527 2318 3602 μᾶλλον
2355 3527 2635 3606 ἐπωφελὲς
2663 3525 2879 3604 κέρδος.

397 3651 546 3723 Εἶτα,
589 3653 664 3713 ὡς
723 3646 845 3715 ἔθος
901 3650 1035 3722 ἐστὶ,
1082 3656 1201 3714 τοῖς
1262 3653 1574 3727 σπείρουσιν
1629 3654 1730 3723 τὴν
1790 3653 1977 3728 χώραν

323 3741 527 3812 αὐτῶν,
560 3740 782 3801 πώλους
813 3738 1130 3815 ἐκδέχεσθαι
1175 3746 1272 3795 τοῦ
1318 3740 1532 3816 ἐνέγκαι
1578 3743 1672 3796 τὸν
1729 3741 1935 3817 καρπόν
1964 3760 1977 3774 ο

325 3827 472 3884 οὕτω
532 3833 639 3884 τῶν
709 3829 989 3906 μακαρίων
1063 3829 1350 3906 μαρτύρων
1393 3829 1534 3885 ἐστὶν
1593 3831 1753 3906 χώρα
1805 3830 1979 3901 ἐκείνη

324 3915 737 3993 πεπληρωμένη
816 3919 1064 3994 προικὸς,
1123 3919 1213 3974 καὶ
1284 3920 1512 3995 χάριτος
1586 3920 1981 3994 εύθηνουμένη,

328 4009 478 4070 ὅπως
509 4006 1034 4063 ἑκατονταπλασίονα
1063 4009 1271 4084 καρπὸν
1305 4010 1357 4064 οἱ
1409 4008 1751 4072 πιστεύοντες
1810 4029 1984 4085 γεωρ-

329 4097 418 4174 γοὶ
466 4095 808 4169 ἀμήσωνται,
856 4095 1168 4170 ἀξιούμενοι
1205 4097 1500 4168 σωτηρίας,
1534 4098 1624 4153 καὶ
1677 4098 1838 4172 μέγαν
1886 4109 1985 4167 θη·

333 4185 529 4259 σαυρὸν
577 4189 693 4247 τοῖς
759 4185 1045 4258 μετέπειτα
1098 4184 1498 4260 καταλείψωσιν
1547 4187 1871 4262 ἁγιωσύνης.
1921 4187 1987 4242 Ἡ

333 4273 707 4351 προρρηθεῖσα
768 4271 825 4329 δὲ
882 4277 1264 4347 κοσμιωτάτη,
1319 4278 1394 4348 μὴ
1447 4275 1820 4349 ἐπιλαθομένη
1881 4279 1988 4330 τῶν

341 4363 626 4438 μαρτύρων
678 4363 770 4418 τὸν
819 4364 1112 4439 άγιασμὸν,
1145 4365 1218 4426 ὡς
1247 4361 1355 4436 ἤδη
1411 4369 1520 4419 τῶν
1577 4367 1854 4440 τυράννων
1913 4363 1988 4418 εἷ’-

338 4447 460 4506 δυῖα
512 4452 927 4507 καταπαύσασαν
980 4453 1079 4520 τὴν
1141 4451 1482 4530 φλεγμονὴν,
1526 4453 1695 4508 τόπον
1753 4451 1989 4526 εὔθετον,

336 4539 628 4619 ὀφείλοντα
660 4541 949 4616 φυλάττειν
991 4546 1100 4598 τῶν
1151 4542 1314 4617 ἁγίων
1373 4543 1660 4618 μαρτύρων
1710 4545 1778 4598 τὰ
1839 4543 1992 4614 ὀστᾶ,

337 4629 482 4704 πάσῃ
519 4629 810 4703 ἐπιμελείᾳ
855 4633 1190 4702 κατεζήτησε
1223 4650 1236 4664 ·
1267 4631 1358 4686 καὶ
1391 4633 1624 4707 εὑροῦσα
1667 4631 1803 4706 μέγα
1826 4631 1993 4707 τροῦ-

2161 3653 2403 3724 Deinde,
2432 3658 2497 3709 ut
2528 3653 2720 3710 solent
2751 3653 2790 3708 ii
2819 3671 2989 3726 agros
3021 3653 3244 3722 colunt,
3272 3653 3467 3726 pullos
3497 3653 3748 3710 suosad-

2092 3743 2344 3808 mittere,
2379 3749 2444 3798 ut
2475 3745 2728 3798 fructum
2752 3743 2943 3798 ferant
2969 3762 2982 3799 :
3017 3743 3101 3799 sic
3131 3759 3270 3814 ager
3302 3742 3402 3799 ille
3425 3742 3747 3816 [beatorum

2094 3836 2420 3902 martyrum
2470 3836 2528 3885 et
2557 3831 2691 3885 dote
2723 3832 3054 3902 completus
3103 3833 3258 3888 402
3307 3837 3416 3900 est,
3477 3837 3536 3887 et
3564 3832 3753 3904 gratia

2094 3920 2287 3974 afﬂuit
2317 3925 2380 3973 ut
2410 3917 2747 3991 centuplum
2782 3921 3041 3974 fructum
3075 3919 3342 3991 agricola
3371 3921 3572 3976 fideles
3619 3936 3752 3991 per-

2095 4009 2334 4080 cipiant,
2368 4007 2617 4063 salutem
2651 4011 2709 4063 et
2740 4024 3020 4079 magnum
3043 4009 3391 4063 thesaurum
3419 4008 3756 4064 sanctitatis

2097 4097 2348 4171 posteris
2401 4096 2758 4168 relinquant.
2806 4095 3024 4167 LMulier
3080 4095 3520 4168 honestissima,
3578 4113 3756 4168 quam

2098 4187 2240 4254 dixi,
2263 4203 2377 4242 non
2410 4186 2725 4241 immemor
2756 4183 3092 4241 sanctitatis
3125 4190 3476 4258 martyrum,
3502 4190 3570 4241 ut
3614 4185 3762 4241 vidit

2098 4282 2482 4349 tyrannorum
2513 4275 2884 4331 iracundiam
2933 4275 3322 4342 deferbuisse,
3384 4275 3578 4331 locum
3630 4274 3763 4329 ido-

2102 4382 2280 4422 neum
2315 4365 2414 4437 qui
2460 4370 2799 4422 sanctorum
2849 4370 3175 4438 martyrum
3230 4365 3527 4421 custodire
3583 4363 3764 4420 debe-

2100 4455 2220 4520 bat,
2253 4454 2409 4510 omni
2443 4452 2751 4526 diligentia
2807 4453 3098 4523 quaesivit,
3148 4454 3508 4524 inventoque
3556 4467 3768 4521 magno

2103 4543 2342 4608 fornice,
2403 4543 2731 4598 sedicicium
2784 4543 3040 4609 notavit;
3099 4559 3277 4613 quam
3342 4541 3764 4614 praestantissi-

2105 4649 2264 4688 mam
2297 4631 2581 4687 feminam
2640 4635 2697 4685 et
2729 4631 3240 4686 matremfamilias
3289 4648 3405 4686 non
3443 4634 3649 4700 praeter
3678 4629 3769 4685 di-

341 4718 437 4774 λον
479 4722 613 4793 (91),
647 4719 953 4793 οίκῡδομήν
1008 4719 1354 4797 ἐσφράγισεν,
1407 4723 1473 4791 ἢν
1537 4720 1986 4793 θαυμασιωτάτην

2106 4721 2414 4795 gnitatem,
2449 4721 2591 4792 quin
2625 4719 2750 4776 sine
2781 4724 2942 4775 metu
2979 4720 3298 4788 credimus,
3348 4719 3574 4775 sanctis
3609 4735 3770 4774 mar-

340 4808 430 4862 καὶ
465 4808 930 4886 μητροφαμήλιον
981 4815 1213 4884 γυναῖκα
1243 4809 1305 4864 οὗ
1336 4810 1514 4885 χωρὶς
1545 4810 1694 4883 ἀξίας
1744 4807 2002 4864 πιστεύο-

345 4917 468 4968 μεν,
498 4895 622 4952 ἄνευ
682 4895 740 4952 δὲ
797 4893 994 4975 φόϐου,
1047 4902 1152 4953 τῶν
1213 4898 1380 4973 ἁγίων
1445 4898 1737 4974 μαρτύρων
1792 4896 2000 4952 τούτων

343 4986 685 5058 ὁμοιωθῆναι
717 4989 850 5061 (92),
889 4985 972 5042 ὅτι
1032 4986 1077 5042 εί
1139 4989 1216 5060 μή
1275 4988 1364 5043 καὶ
1419 4987 1587 5058 αύτήν
1629 4989 1658 5042 ὁ
1714 4989 2009 5062 Λυτρωτής

342 5075 558 5130 πάντων
589 5076 664 5138 εἷς
695 5077 877 5131 πίστιν
908 5081 1006 5132 τοῦ
1038 5075 1181 5132 ῗδίου
1213 5076 1484 5150 ὀνόματος
1530 5077 1709 5141 ἐλθεῖν
1754 5075 2006 5149 ἠξίωσεν,

348 5163 606 5220 οὐδέποτε
644 5167 679 5235 ἡ
727 5163 926 5239 καρδία
974 5165 1142 5236 αὐτῆς
1189 5162 1525 5240 συμϐουλίαν
1575 5167 1840 5235 τοιαύτην
1886 5166 2009 5236 ἐξή-

349 5272 552 5328 νεγκεν.
586 5252 741 5310 Ἀλλ’
772 5253 832 5308 ἐκ
858 5255 1057 5310 τούτου
1104 5255 1280 5331 χωρὶς
1323 5255 1501 5326 πάσης
1548 5254 1864 5329 ἀντιλογίας
1919 5275 2008 5309 πι-

347 5341 630 5415 στεύομεν,
658 5341 740 5397 ὅτι
789 5348 897 5398 τῶν
947 5344 1225 5420 μακαρίων
1285 5343 1572 5420 μαρτύρων
1604 5343 1671 5398 τὰ
1713 5343 1845 5398 ὀστᾶ
1900 5340 2009 5398 διε-

347 5428 552 5504 φύλαξε
595 5428 666 5486 δι’
710 5431 916 5507 ἀγαθῆς
954 5431 1185 5506 βουλῆς,
1220 5434 1294 5496 ὡς
1342 5433 1460 5506 ἀξία
1503 5431 1677 5488 αὐτῶν
1717 5433 2008 5507 γινομένη,

345 5519 436 5573 καὶ
491 5525 610 5582 ταῖς
659 5521 890 5584 ἱκεσίαις
943 5521 1120 5577 αὐτῶν
1152 5522 1204 5577 ἐν
1235 5527 1304 5596 τῇ
1358 5522 1535 5578 πίστει
1585 5522 1908 5596 προκύψασα
1957 5520 2008 5577 ἐν

347 5607 600 5680 ἀληθείᾳ.
633 5614 756 5665 Τῶν
814 5612 1147 5686 Χριστιανῶν
1203 5609 1261 5667 δὲ
1309 5615 1344 5681 ἡ
1402 5610 1643 5682 πληθὺς,
1688 5611 1762 5674 ὡς
1819 5607 2008 5680 πολλὴ

349 5694 482 5752 οῦσα
513 5701 646 5773 (93),
683 5696 773 5753 διὰ
800 5706 900 5770 τῆς
923 5703 1030 5755 τῶν
1094 5700 1372 5777 μακαρίων
1429 5701 1718 5778 μαρτύρων
1753 5697 2008 5755 διδασκα-

682 5831 944 5891 ΡΑτιιοι..
993 5831 1104 5891 Gn.
1151 5831 1250 5892 ιν.

2113 4809 2338 4881 tyribus
2361 4808 2522 4863 hisce
2553 4807 2811 4863 similem
2833 4807 3111 4874 evasisse,
3139 4812 3448 4880 propterea
3479 4807 3635 4878 quod
3656 4805 3773 4862 nisi

2115 4914 2242 4954 eam
2276 4899 2456 4954 etiam
2483 4897 2841 4968 Redemptor
2869 4896 3136 4952 omnium
3195 4897 3255 4952 in
3307 4898 3483 4952 fidem
3515 4893 3774 4951 nominis

2118 4987 2209 5044 sui
2241 4986 2438 5042 venire
2467 4985 2775 5048 voluisset,
2803 5002 3110 5058 nunquam
3158 4988 3284 5056 ejus
3329 4984 3563 5040 animus
3610 4985 3775 5055 ejus-

2119 5077 2277 5133 modi
2307 5074 2622 5131 consilium
2673 5073 3022 5146 aperuisset.
3071 5073 3288 5130 Verum
3340 5089 3410 5129 ex
3462 5073 3572 5129 hoc
3629 5072 3776 5128 citra

2119 5163 2575 5220 controversiam
2607 5181 2735 5218 eam
2767 5163 3065 5219 credimus
3105 5163 3407 5219 beatorum
3451 5165 3774 5234 martyrum

2120 5269 2258 5309 ossa
2287 5269 2669 5307 conservasse
2696 5253 2966 5323 prudenti
3017 5252 3285 5320 consilio,
3319 5257 3385 5306 ut
3414 5267 3542 5322 qua
3574 5251 3659 5306 eis
3688 5249 3776 5306 di-

2119 5359 2235 5413 gna
2267 5341 2466 5407 fuerit,
2500 5348 2679 5412 atque
2737 5340 2973 5396 illorum
3036 5341 3310 5413 precibus
3365 5355 3500 5396 vere
3548 5338 3608 5394 in
3662 5339 3776 5394 ﬁde

2120 5446 2468 5503 progressus
2499 5429 2716 5487 fecerit.
2735 5430 3203 5486 Christianorum
3231 5433 3427 5485 autem
3457 5427 3777 5484 multitudo

2122 5519 2630 5586 numerosissima,
2655 5520 2956 5576 beatorum
2991 5528 3316 5591 martyrum
3347 5517 3615 5574 doctrina
3645 5533 3778 5572 con-

2119 5627 2308 5673 versa,
2329 5609 2488 5664 omni
2503 5625 2680 5680 opera
2693 5609 2958 5664 etstudio
2974 5614 3038 5664 ut
3056 5613 3326 5681 poterant
3347 5624 3480 5664 cum
3506 5605 3780 5678 precibus

2121 5695 2781 5772 magnaquecupiditate
2795 5713 2977 5770 supra
2991 5699 3161 5754 beata
3175 5713 3414 5770 corpore
3433 5699 3773 5751 sanctorum
