4106 6382
363 398 473 454 683

1606 389 1664 440 8.
1704 383 2020 437 DIONYSII
2057 377 2541 434 ΔΒΕΟΡΔΟΙΤΛΕ

3686 379 3799 435 684

368 526 694 592 martyrum
728 515 1035 573 ecclesiam
1066 513 1393 580 aedificavit,
1423 518 1481 566 et
1508 511 1565 563 in
1601 516 1804 563 sancta
1829 506 2015 577 gloria

2135 499 2250 561 λίας
2304 497 2691 574 ἐπιστρέψασα,
2728 500 2886 556 παντὶ
2941 503 3137 577 μόχθῳ
3186 502 3277 556 καὶ
3330 498 3581 573 καμάτῳ,
3613 501 3799 564 καθὼς

366 615 579 668 sancta
609 605 917 663 Trinitatis
962 604 1137 676 digne
1168 618 1302 657 cum
1353 597 1719 655 aromatibus
1753 595 1866 651 tria
1912 610 2022 649 nu-

368 715 527 757 mero
561 701 765 754 sancta
795 710 1039 766 corpora
1071 691 1461 747 condiderunt
1484 704 1547 743 ac
1593 687 2017 757 deposuerunt,

368 792 483 847 Deo
508 803 704 844 rerum
728 785 995 841 omnium
1028 785 1401 855 praepotente,
1428 777 1526 848 qui
1545 774 2022 847 opitulaturquo-

375 879 514 935 tidie
543 878 603 933 in
636 875 806 931 bonis
835 890 899 929 ac
933 871 1140 939 beatis,
1195 870 1293 941 qui
1338 867 1657 922 virtutibus
1718 862 2024 935 signisque

371 967 611 1025 clarent.
645 966 779 1029 Quae
813 964 990 1034 igitur
1038 959 1246 1026 oratio,
1296 963 1396 1013 aut
1455 972 1585 1027 quae
1635 954 1859 1026 lingua,
1902 956 2021 1005 tam

380 1071 728 1127 magnorum
758 1054 1016 1107 virorum
1052 1049 1200 1103 mira
1228 1052 1284 1102 et
1313 1046 1597 1101 inusitata
1626 1060 1802 1115 opera
1842 1040 2027 1113 possit

372 1160 677 1217 exponere,
711 1157 844 1197 cum
878 1156 948 1194 ne
979 1139 1093 1211 ipsi
1116 1137 1353 1209 quidem
1387 1136 1649 1190 humana
1673 1133 1896 1188 ratione
1919 1146 2027 1185 sua

372 1231 697 1304 intelligere
729 1229 957 1302 possint
978 1227 1006 1281 Ἰ
1035 1226 1288 1298 [Εενοιίε
1312 1225 1468 1279 enim
1494 1222 1767 1290 salutem,
1798 1217 2026 1276 claudis

370 1323 692 1386 incessum,
726 1318 893 1374 caecis
924 1316 1146 1384 lumen,
1174 1315 1373 1370 surdis
1405 1313 1696 1378 auditum,
1759 1314 1815 1366 et
1846 1307 2027 1364 mutis

372 1425 704 1468 sermonem
736 1407 969 1476 dantes,
1019 1404 1479 1476 immundosque
1526 1400 1775 1473 spiritus
1825 1397 1927 1470 qui
1967 1399 2027 1453 in

371 1498 717 1572 corporibus
745 1495 1007 1553 insident
1047 1494 1432 1566 exagitantes,
1483 1490 1721 1547 assidue
1770 1486 2029 1545 remedia

372 1588 647 1645 aﬂ‘erunt.

440 1855 557 1911 Nos
589 1868 825 1925 quoque
856 1854 913 1907 et
941 1849 1188 1907 salutari
1214 1851 1368 1913 voto,
1391 1847 1663 1913 etﬁbeata
1694 1843 2030 1901 obedientia

372 1945 604 2012 divites,
630 1942 739 1999 etsi
768 1942 1024 1997 maxime
1053 1939 1353 2010 indignos,
1383 1952 1588 1993 eorum
1611 1940 1808 1991 tamen
1842 1932 2028 2006 preci-

376 2034 489 2089 bus
520 2032 780 2104 adjutos,
831 2030 1083 2086 salutem
1115 2033 1490 2084 assecuturos
1530 2026 1878 2092 credamus;
1930 2026 2030 2079 aut

376 2122 555 2177 etiam
601 2121 814 2176 deserti
862 2124 927 2174 ut
959 2117 1207 2189 indigni,
1244 2116 1525 2172 faciamus
1575 2119 1638 2170 ut
1692 2115 1750 2169 in
1795 2113 2027 2168 illorum

380 2209 612 2266 meritis
635 2209 714 2265 sit
745 2209 917 2265 nobis
940 2207 1230 2264 auxilium
1275 2211 1333 2262 et
1373 2205 1713 2278 praesidium
1744 2204 2029 2259 constitu-

380 2301 747 2370 tum.Neque
770 2298 925 2353 enim
951 2296 1214 2353 anostris
1241 2295 1506 2351 moribus
1524 2295 1978 2361 habuimus,aut
1999 2308 2033 2347 a

375 2393 581 2445 nostra
609 2387 989 2460 praenotione,
1023 2387 1124 2443 sed
1156 2402 1223 2443 ex
1255 2385 1435 2442 veteri
1479 2384 1811 2441 narratione
1861 2381 2031 2437 nobis

375 2477 669 2551 perlatum
701 2481 823 2533 est:
857 2493 1103 2549 quisque
1136 2492 1319 2549 pauca
1336 2492 1369 2531 a
1391 2479 1547 2531 certa
1571 2474 1856 2542 firmaque
1880 2471 2027 2527 anti-

375 2567 619 2639 quitate,
645 2570 701 2623 et
724 2584 758 2622 a
780 2566 970 2637 longis
994 2565 1358 2638 temporibus
1381 2564 1736 2632 audivimus,
1759 2577 1824 2617 ea
1847 2565 1912 2615 ut
1931 2576 2028 2631 po-

373 2656 600 2711 tuimus
633 2655 844 2711 litteris
878 2655 1255 2721 mandamus,
1288 2670 1405 2708 non
1438 2670 1541 2724 pro
1580 2652 1769 2707 lubitu
1802 2649 2031 2722 exposi-

369 2747 590 2801 tionem
612 2744 895 2818 aggressi,
913 2745 1014 2800 sed
1033 2748 1457 2815 utmagnorum
1474 2742 1779 2797 doctorum
1800 2756 1890 2794 res
1907 2754 2031 2812 ges-

374 2838 467 2891 tas
499 2835 766 2907 cognitas
797 2832 1135 2905 habuimus,
1169 2832 1334 2889 veriti
1366 2832 1575 2901 Deum,
1608 2829 2030 2898 charitatisque

378 2924 574 2980 studio
606 2923 854 2993 incensi,
888 2922 1069 2978 multa
1106 2926 1163 2977 et
1219 2922 1497 2994 praeclara
1532 2922 1836 2976 beatorum
1875 2919 2032 2973 viro-

384 3028 540 3084 rum,
574 3028 702 3085 qua:
737 3010 885 3067 mira
911 3015 1070 3081 sunt,
1104 3011 1258 3066 403
1292 3011 1550 3066 facinora
1580 3008 1772 3065 conati
1796 3023 2027 3074 sumus,

374 3101 593 3158 Christi
623 3101 816 3157 laudis
847 3117 1047 3171 causa,
1081 3099 1396 3172 gloriaeque
1445 3104 1768 3172 martyrum
1818 3101 1874 3153 et
1903 3112 2026 3151 me-

373 3191 568 3248 meriaa
594 3190 653 3247 in
676 3191 951 3247 extremis
974 3190 1158 3246 sacris
1179 3190 1400 3245 chartis
1433 3190 1673 3262 prodere
1700 3206 1712 3257 ;
1748 3204 1818 3243 ne
1847 3186 1897 3243 si
1929 3201 2028 3240 ne-

367 3280 780 3354 glexissemus,
814 3298 882 3338 ae
912 3280 1500 3352 contempsissemus,
1535 3280 1832 3351 veterique
1871 3275 2028 3332 hosti

368 3376 592 3441 nostro,
616 3370 719 3444 qui
752 3370 813 3427 in
847 3371 1165 3442 perniciem
1197 3374 1254 3425 et
1283 3370 1527 3425 exitium
1559 3373 1827 3424 nostrum
1878 3364 2027 3437 vigi-

364 3458 469 3532 lat,
501 3464 560 3516 et
588 3459 832 3527 invidet,
854 3463 1146 3528 parentes,
1176 3458 1620 3514 reticuissemus
1652 3458 1776 3513 hmc
1805 3455 2025 3523 omnia,

363 3550 570 3607 eodem
608 3550 783 3605 modo
815 3565 929 3619 quo
962 3548 1002 3602 ii
1034 3548 1274 3603 flamma
1323 3554 1379 3603 et
1410 3548 1544 3620 igne
1576 3564 1639 3603 ea
1670 3564 1798 3618 quas
1831 3546 1902 3601 ab
1944 3544 2027 3601 eis

360 3635 580 3707 scripta
610 3640 798 3701 erant,
825 3636 1182 3706 deflagrasse
1205 3635 1428 3703 dicunt,
1453 3652 1658 3691 eorum
1683 3635 1870 3707 gratia
1887 3633 2028 3689 ami-

364 3723 616 3793 eitiaque
643 3725 961 3794 privemur.
986 3724 1127 3778 Cum
1162 3731 1354 3778 autem
1382 3725 1764 3795 cogitationes
1790 3729 2022 3792 nostras,

368 3818 427 3868 et
455 3812 693 3869 illorum
728 3812 917 3885 gratia
938 3811 1198 3883 vigilent,
1232 3817 1289 3868 et
1308 3829 1377 3868 ex
1406 3814 1608 3885 paucis
1640 3814 1875 3885 scriptis
1900 3831 2025 3887 pro-

368 3903 581 3970 deant;
614 3917 681 3956 ea
711 3918 836 3972 quas
869 3901 1121 3973 cogitata
1148 3907 1287 3957 sunt
1344 3908 1401 3958 et
1429 3903 1605 3971 dicta,
1650 3921 1865 3976 magna
1894 3920 2024 3960 esse

365 3994 636 4063 possunt.
673 3992 800 4046 Haac
829 4007 964 4046 vero
982 3990 1136 4061 ipsos
1160 3991 1284 4047 sine
1309 3997 1488 4058 metu,
1517 3993 1852 4065 multosque
1874 3994 2020 4049 alios

362 4079 580 4136 Christi
610 4096 787 4136 causa
814 4084 871 4136 et
902 4080 1138 4136 nomine
1186 4083 1510 4139 certamina
1539 4083 1855 4154 pertulisse
1896 4098 2019 4137 cre-

360 4168 582 4237 dimus,
616 4185 751 4225 cum
783 4168 960 4225 etiam
994 4169 1064 4224 ad
1093 4170 1175 4224 hae
1208 4188 1395 4243 usque
1426 4176 1709 4243 tempora,
1746 4176 1831 4226 tot
1865 4178 2017 4229 tam-

365 4274 480 4330 que
512 4258 664 4313 mira
692 4275 870 4329 opera
898 4262 955 4313 et
987 4258 1271 4315 miracula
1302 4278 1405 4332 per
1434 4278 1531 4318 eos
1571 4261 1658 4315 vis
1690 4262 1885 4316 divina
1916 4280 2016 4334 pa-

361 4344 478 4402 lam
513 4345 604 4401 edi
636 4346 789 4415 velit,
825 4351 890 4402 ut
937 4363 1141 4403 omnes
1192 4348 1392 4405 incolae
1434 4354 1491 4405 et
1522 4350 1756 4405 advenae
1813 4350 2018 4407 obstu-

362 4440 622 4507 pescant.
658 4435 807 4508 Ergo
840 4437 1101 4508 perpessi
1148 4443 1288 4494 sunt
1320 4442 1565 4494 mortem
1597 4438 1808 4494 Christi
1855 4457 2015 4495 mar-

361 4531 519 4597 tyres
549 4524 885 4597 Dionysius,
920 4525 1196 4582 Rusticus
1236 4532 1292 4583 et
1320 4526 1713 4597 Eleutherius,
1764 4531 2015 4602 septimo

2127 588 2414 661 ἠδύναντο,
2452 592 2585 663 μετα
2633 591 2814 663 πάσης
2866 600 3182 668 προσευχῆς
3222 593 3312 647 καὶ
3368 591 3613 667 μεγάλης
3674 592 3798 646 ἐπι-

2130 678 2324 752 θυμίας
2384 678 2565 733 ἐπάνω
2623 685 2729 734 τῶν
2791 682 3069 757 μακαρίων
3132 682 3401 754 σωμάτων
3460 685 3569 735 τῶν
3627 681 3796 758 ἁγίων

2135 768 2422 845 μαρτύρων
2468 768 2763 841 ἐκκλησίαν
2823 771 3259 845 οἷ’κοδομήσασα,
3294 772 3382 826 καὶ
3445 769 3496 823 ἐν
3545 775 3613 845 τῇ
3672 772 3801 849 ἁγίᾳ

2132 855 2259 931 δόξῃ
2313 862 2414 923 τῆς
2457 859 2605 935 ἁγίας
2640 858 2897 935 Τριάδος,
2928 861 3111 937 τρίτον
3171 861 3405 934 ἀριθμὸν
3462 864 3576 933 (94)
3632 860 3797 934 ἀξίως

2138 947 2270 1020 μετὰ
2299 948 2603 1024 ἀρωμάτων
2636 952 2917 1015 κατέθεντο
2962 951 3029 1005 τὰ
3086 948 3206 1022 ἄξια
3265 951 3493 1022 σώματα
3548 954 3664 1022 Θεῷ
3714 956 3800 1024 τῷ

2132 1034 2529 1111 παντοδυνάμῳ
2581 1040 2874 1114 βοηθοῦντι
2930 1038 2981 1093 ἐν
3027 1040 3249 1114 ἀγαθοῖς
3282 1040 3639 1115 καθ’ἡμέραν
3699 1038 3799 1095 δυ-

2134 1125 2323 1199 νάμεσι
2374 1127 2464 1181 καὶ
2522 1129 2773 1200 σημείοις
2833 1128 3226 1203 διαλάμπουσι.
3261 1134 3426 1189 Ποῖος
3477 1129 3567 1183 οὗν
3629 1128 3796 1206 λόγος

2133 1215 2169 1285 ἢ
2202 1215 2334 1270 ποία
2388 1216 2609 1293 γλῶσσα
2664 1218 2934 1273 τοσούτων
3000 1217 3285 1294 μαρτύρων
3329 1216 3620 1291 ἐπαρκέσαι
3681 1217 3801 1291 διη-

2133 1306 2399 1380 γήσασθαι
2458 1307 2553 1368 τάς
2612 1304 2887 1381 δυνάμεις,
2923 1309 3122 1363 ὁπόταν
3182 1305 3308 1362 οὐδὲ
3357 1307 3513 1362 αὐτοὶ
3549 1305 3797 1364 δύνανται

2136 1395 2465 1471 ἀνθρωπίνῳ
2520 1394 2778 1471 λογισμῷ
2831 1404 3165 1466 κατανοῆσαι
3212 1397 3278 1450 τά
3332 1396 3573 1467 sanat-(iw;
3609 1404 3796 1462 Ἀσθε-

2134 1488 2290 1539 νοῦσι
2335 1483 2439 1561 γὰρ
2497 1485 2792 1561 σωτηρίαν,
2822 1485 3039 1562 χωλοῖς
3083 1487 3144 1541 τὸ
3194 1492 3533 1561 περιπατεῖν,
3561 1486 3792 1564 τυφλοῖς

2138 1577 2277 1651 φῶς,
2307 1578 2516 1648 κωφοῖς
2544 1576 2606 1629 τὸ
2637 1575 2873 1643 ἀκούειν,
2904 1576 2994 1631 καὶ
3025 1572 3260 1637 ἀλάλοις
3308 1571 3539 1636 διδόντες
3592 1573 3784 1651 λόγον.

2135 1663 2223 1717 καὶ
2258 1663 2531 1740 ἀκάθαρτα
2587 1663 2867 1738 πνεύματα
2923 1661 3323 1740 παρεδρεύοντα
3381 1668 3492 1721 τοῖς
3541 1663 3778 1736 σώμασιν

2137 1748 2511 1823 ἐκδιώκοντες,
2542 1752 2828 1815 ἀπαύστως
2859 1752 3161 1830 παρέχουσι
3191 1753 3286 1814 τάς
3321 1752 3507 1814 ἰάσεις.

2208 1842 2315 1898 Καὶ
2367 1842 2546 1918 ἀγαθῇ
2597 1844 2737 1919 εὐχῇ
2795 1844 2885 1899 καὶ
2930 1845 3171 1917 μακαρίᾳ
3205 1841 3417 1916 ὑπακοῇ
3450 1842 3786 1915 πιαινόμενοι

2135 1933 2323 2005 ἡμεῖς,
2356 1930 2401 1986 εί
2434 1933 2519 1987 καὶ
2552 1932 2618 1987 τὰ
2661 1930 2899 2005 μάλιστα
2955 1934 3006 1987 οἳ
3064 1932 3268 2005 ἀνάξιοι
3308 1938 3426 1991 ταῖς
3478 1930 3649 1987 αὐτῶν
3701 1952 3789 1985 πι-

2137 2020 2395 2095 στεύομεν
2457 2027 2790 2097 προσευχαῖς
2852 2021 3214 2098 βοηθούμενοι
3272 2022 3557 2091 σώζεσθαι,
3704 2020 3793 2075 καὶ

2136 2108 2474 2183 ἐξιστάμενοι
2508 2111 2580 2172 ὡς
2613 2110 2818 2181 ἀνάξιοι
2857 2112 2952 2173 τὰς
2999 2110 3173 2165 αὐτῶν
3224 2113 3358 2183 ἡμῖν
3416 2111 3564 2179 ἀξίας
3620 2130 3795 2181 παρα-

2137 2198 2327 2265 στῆσαι
2356 2200 2673 2274 πειρώμεθα
2701 2220 2713 2231 ·
2744 2199 2871 2276 οὐχὶ
2903 2200 3004 2275 γὰρ
3061 2199 3119 2254 ἐκ
3173 2204 3281 2254 τῶν
3334 2199 3621 2273 ἡμετέρων
3673 2198 3799 2275 τρό-

2137 2308 2254 2343 πων
2287 2288 2360 2342 ῶν
2394 2290 2725 2362 κεκτήμεθα,
2760 2288 2795 2357 ἢ
2842 2288 3016 2360 οἰκείᾳ
3062 2289 3394 2364 προγνώσει,
3428 2286 3557 2342 ἀλλ’
3588 2286 3648 2342 ἐκ
3694 2309 3799 2342 πα-

2138 2376 2296 2439 λαιᾶς
2329 2374 2633 2454 διηγήσεως
2662 2381 2799 2451 ἡμῖν
2834 2376 3128 2453 ἔξηνέχθη,
3158 2378 3249 2432 καὶ
3307 2377 3340 2431 ἃ
3380 2377 3439 2432 ὲκ
3487 2378 3685 2451 μέρους
3744 2377 3804 2432 ἐκ

2137 2468 2336 2543 παγίου
2410 2467 2644 2544 ἀρχαίου
2712 2467 2871 2543 ὀλίγα
2918 2468 3056 2522 καθὰ
3112 2465 3487 2541 ἠδυνήθημεν,
3540 2466 3631 2521 καὶ
3692 2466 3800 2521 ἀπὸ

2143 2561 2360 2632 μακρῶν
2424 2558 2642 2634 χρόνων
2695 2558 3030 2631 ἀκηκόαμεν,
3091 2558 3142 2613 ἐν
3203 2561 3487 2635 συγγραφῇ
3547 2554 3798 2616 παρεδώς

2137 2668 2329 2721 καμεν,
2362 2646 2462 2703 οὐκ
2514 2648 2992 2721 αὐτομολήσαντες
3051 2649 3177 2724 περὶ
3223 2648 3320 2716 τήν
3369 2646 3621 2722 ἐξήγησιν
3656 2649 3794 2721 (95),

2139 2739 2213 2802 ὡς
2246 2738 2478 2816 εἷ’ρηται,
2510 2738 2642 2795 ἀλλ’
2670 2742 2747 2803 ὡς
2769 2745 2877 2796 τῶν
2914 2740 3167 2816 μεγάλων
3201 2738 3438 2816 ἔγνωμεν
3475 2737 3797 2816 διηγήματα

2140 2827 2509 2898 διδασκάλων,
2559 2825 2891 2909 φοϐούμενοι
2949 2831 3040 2885 τὸν
3092 2832 3243 2901 Θεὸν,
3277 2830 3367 2883 καὶ
3426 2834 3493 2902 τῇ
3555 2829 3793 2906 μερίμνῃ

2137 2921 2235 2988 τῆς
2295 2918 2507 2995 ἀγάπης
2566 2920 2950 2993 ἀναπτόμενοι,
2981 2918 3167 2976 πολλὰ
3220 2923 3327 2974 τῶν
3386 2918 3663 2993 μακαρίων
3700 2920 3793 2973 ἀν-

2140 3006 2279 3083 δρῶν
2350 3008 2585 3086 φωτεινᾶ
2651 3010 2899 3082 θαύματα
2976 3009 3361 3084 ἠγωνισάμεθα
3419 3006 3498 3070 εἷς
3573 3002 3792 3063 ἔπαινον

2137 3101 2405 3174 Χριστοῦ,
2450 3098 2541 3153 καὶ
2601 3095 2755 3171 δόξαν
2812 3103 2921 3153 τῶν
2989 3097 3276 3174 μαρτύρων
3323 3098 3413 3152 καὶ
3468 3096 3794 3169 ἀνάμνησιν,

2139 3186 2190 3242 ἐν
2225 3185 2480 3261 ἐσχάτοις
2511 3188 2684 3263 ἱεροῖς
2730 3185 3061 3261 παραδοῦναι
3112 3187 3366 3263 χάρτεσιν
3399 3188 3534 3261 (96),
3563 3184 3653 3241 ’ίνα
3714 3188 3793 3259 μὴ

2058 3251 2101 3318 C
2145 3251 2665 3351 ὑποκλ“ἑψαντες’καὶ
2699 3251 3091 3350 ἀμελήσαντες,
3253 3281 3332 3348 τῷ
3382 3251 3595 3352 άρχαίῳ
3655 3251 3794 3350 γέηὲ

2139 3370 2396 3441 γοροῦντι
2427 3368 2547 3430 καθ’
2570 3368 2730 3439 ἡμῶν
2762 3365 2948 3442 ἐχθρῷ
2977 3366 3065 3421 καὶ
3116 3370 3402 3444 φθονοῦντι
3455 3365 3796 3438 πειθόμενοι,

2140 3458 2456 3530 σιγήσαντες
2494 3458 2703 3529 ὁμοίως
2736 3460 2850 3519 τοῖς
2886 3456 3160 3531 λέγουσιν,
3194 3454 3277 3509 ὅτι
3308 3454 3473 3531 φλογὶ
3530 3459 3794 3528 καυστικῇ

2135 3546 2579 3619 κατακεκαυμένα
2650 3545 2751 3600 εἰσί
2818 3545 2887 3600 τὰ
2946 3546 3348 3621 συγγράμματα
3420 3543 3593 3599 αὐτῶν
3654 3548 3794 3618 (97),

2138 3634 2508 3710 ἀποτύχωμεν
2551 3643 2653 3704 τῆς
2705 3635 2933 3710 χάριτος
2982 3635 3183 3690 αὐτῶν.
3217 3639 3331 3688 Τῶν
3393 3631 3450 3688 δὲ
3503 3634 3790 3709 ἡμετέρων

2135 3724 2356 3780 ἐννοιῶν
2388 3729 2748 3800 γρηγορυσῶν
2779 3728 2847 3798 τῇ
2879 3725 3054 3779 αὐτῶν
3088 3722 3275 3800 χάριτι
3333 3725 3420 3779 καὶ
3484 3724 3790 3799 χωρουσῶν

2135 3813 2185 3887 ἐξ
2241 3814 2444 3889 ὀλίγων
2496 3818 2604 3869 τῶν
2661 3815 3151 3890 συγγεγραμμένων
3224 3810 3473 3868 δύνανται
3528 3812 3596 3867 τὰ
3650 3834 3787 3883 νοη-

2134 3903 2290 3968 θέντα
2333 3904 2464 3958 εἶναι
2527 3902 2756 3980 μεγάλα.
2788 3904 2970 3960 Ταῦτα
3021 3900 3079 3957 δὲ
3118 3902 3295 3979 χωρὶς
3331 3897 3503 3979 φόϐου
3560 3901 3788 3956 πιστεύ-

2131 4015 2263 4066 ομεν
2317 3990 2564 4054 πολλοὺς
2621 3991 2821 4054 αὐτοὺς
2868 3993 2958 4047 καὶ
2989 3994 3203 4066 ἑτέρους
3233 3989 3323 4046 διὰ
3348 3992 3588 4064 Χριστὸν
3650 3993 3791 4046 ὑπο-

2134 4083 2497 4156 μεμενηκέναι
2555 4082 2791 4158 ἀγῶνας,
2821 4082 2904 4137 δτι
2960 4082 3051 4137 καὶ
3093 4080 3200 4143 ἕως
3256 4086 3353 4136 τοῦ
3399 4085 3491 4136 νῦν
3548 4085 3792 4137 τοσαῦτα

2130 4170 2201 4228 δι’
2228 4172 2404 4228 αὐτῶν
2432 4174 2466 4242 ἡ
2501 4172 2618 4236 θεία
2661 4169 2889 4246 δύναμις
2928 4172 3174 4243 καταξιοῖ
3220 4173 3597 4245 φανερωθῆναι
3632 4173 3791 4237 ,θαυ-

2131 4259 2485 4335 μάσια,ὥστε
2543 4260 2840 4332 ἐξίστασθαι
2894 4263 3098 4325 πάντας
3152 4265 3278 4322 τοὺς
3335 4259 3641 4329 οἰκοῦντας,
3692 4261 3792 4316 καὶ

2124 4349 2665 4425 παρατυγχάνοντας.
2715 4355 2955 4416 Ἐπαθον
3003 4352 3093 4406 οὗν
3154 4352 3205 4405 οἱ
3260 4351 3517 4427 μακάριοι
3576 4350 3790 4423 μάρτυ-

2127 4461 2215 4519 ρες
2271 4446 2366 4496 τοῦ
2426 4444 2683 4519 Χριστοῦ,
2739 4442 3041 4513 Διονύσιος,
3090 4443 3401 4504 Ῥούστικος
3452 4440 3541 4496 καὶ
3593 4441 3792 4498 Ἐλευ-

2125 4530 2325 4607 θέριος,
2360 4525 2571 4606 ἕϐδόμῃ
2628 4528 2913 4586 καλανδῶν
2964 4526 3291 4607 ὀκτωϐρίου.
3325 4531 3414 4586 ἐπὶ
3448 4534 3787 4604 Δομετιανοῦ

362 4613 651 4670 Kalendas
681 4614 970 4682 Octobris,
1007 4615 1337 4672 Domitiano
1362 4617 1785 4686 imperatorein
1809 4619 2016 4691 Gallia,

2135 4621 2425 4697 βασιλέως,
2458 4619 2511 4675 ἐν
2562 4626 2678 4682 τοῖς
2733 4619 2915 4693 μέρεσι
2963 4628 3063 4691 τῆς
3106 4620 3341 4682 Γαλλίας
3389 4621 3479 4675 καὶ
3521 4620 3790 4696 Παρισίας

360 4702 603 4759 Lutetiae
634 4703 1009 4769 Parisiorum,
1045 4709 1326 4775 regnante
1358 4706 1601 4763 Domino
1635 4717 1832 4765 nostro
1871 4710 2012 4767 Jesu

358 4792 589 4848 Chrislo
612 4809 749 4848 cum
787 4794 959 4848 Patre
989 4798 1047 4848 et
1075 4798 1280 4848 sancto
1309 4794 1549 4867 Spiritu,
1585 4815 1740 4855 nunc
1771 4803 1828 4856 et
1858 4816 2013 4858 sem-

364 4899 487 4954 per,
519 4886 575 4938 et
606 4883 666 4938 in
697 4880 912 4938 saecula
938 4880 1309 4937 saculorum.
1342 4884 1548 4940 Amen.

2123 4709 2363 4783 πόλεως,
2399 4709 2783 4786 βασιλεύοντος
2821 4715 2917 4766 τοῦ
2967 4709 3167 4786 Κυρίου
3218 4714 3379 4782 ἡμῶν
3414 4711 3596 4780 Ἰησοῦ
3647 4712 3786 4784 Χρι-

2123 4798 2252 4854 στοῦ
2317 4799 2434 4872 ἅμα
2479 4802 2576 4854 τοῦ
2619 4800 2828 4874 Πατρὸς
2855 4800 2946 4853 καὶ
2996 4803 3092 4853 τοῦ
3122 4799 3281 4874 ἁγίου
3320 4798 3636 4872 Ηνεύματος
3686 4803 3785 4855 νῦν

2119 4888 2211 4943 καὶ
2242 4888 2324 4944 ἀεὶ
2355 4889 2443 4944 καὶ
2478 4887 2554 4950 εἷς
2584 4888 2711 4950 τοὺς
2740 4888 2943 4951 αἰῶνας
2972 4892 3081 4944 τῶν
3114 4887 3346 4949 αἰώνων.
3373 4890 3569 4962 Ἀμήν.
