4106 6398
392 402 496 458 691
1633 406 1690 457 S.
1735 403 2053 458 DIONYSII
2091 402 2578 458 AREOPAGITE

393 527 507 584 Sed
539 525 915 582 Altitonantis
945 524 1193 597 prodiga
1222 524 1327 581 Dei
1358 541 1536 580 manu

466 615 683 671 Paulus
723 612 941 670 monile
974 613 1265 679 Ecclesiae,

392 706 576 763 Musis
609 704 872 760 Athenas
906 704 1221 759 afﬂuentes
1252 707 1490 759 venerat

462 795 671 850 Fidum
706 793 969 865 profanis
996 792 1301 865 oppidum.

392 886 677 941 Torrente
708 884 923 957 linguae
956 899 1174 953 susque
1206 883 1394 954 deque
1427 881 1610 938 diruit

464 974 673 1031 Cultus
704 972 997 1029 idolorum
1032 972 1107 1026 im
1121 971 1265 1042 pios.

393 1064 570 1119 Verbi
602 1062 869 1134 loquelas
901 1061 1204 1116 seminans
1236 1059 1479 1116 solertia

470 1153 815 1225 Dionysium
851 1150 1024 1206 vertit
1056 1149 1332 1221 sephum,

397 1244 792 1313 Proceresque
823 1240 1000 1295 lactat
1030 1238 1179 1294 lacte
1211 1238 1401 1295 sancti
1435 1240 1717 1311 Spiritus,

468 1333 625 1395 Quos
656 1328 819 1385 nulla
849 1328 937 1385 vis
972 1328 1257 1383 facundiae

396 1420 548 1477 Olim
580 1424 817 1475 tenaces
852 1417 1125 1490 quiverat
1155 1416 1460 1473 divertere.

469 1510 600 1564 Alia
629 1512 718 1564 est
748 1509 934 1579 ﬁgura
967 1524 1145 1579 quam
1184 1511 1378 1562 antea.

397 1608 566 1664 Nunc
596 1608 861 1679 viperina
890 1609 1291 1677 praecaverunt
1322 1606 1601 1677 dogmata

471 1700 629 1753 Inter
658 1695 903 1752 reﬂexas
934 1695 1201 1761 semitas,

399 1790 585 1857 Atque
616 1785 970 1842 abdicarunt
1000 1783 1234 1856 publice
1265 1782 1610 1856 sophistica,

473 1875 692 1931 Christi
723 1876 909 1931 secuti
942 1873 1265 1929 tramitem.

404 1966 551 2035 Lux,
584 1964 781 2030 Paule,
815 1962 1247 2035 gentium,§tibi
1280 1962 1529 2020 scientia

483 2055 649 2110 Nunc
680 2058 848 2126 grata
880 2052 1126 2125 porrigit
1153 2068 1386 2109 manus.

413 2143 795 2200 Atheniensis
827 2142 1155 2214 dissipatur
1184 2140 1391 2213 gloria,

487 2236 635 2290 Dum
668 2232 939 2305 suggeris
976 2230 1280 2286 miracula.

412 2322 668 2379 Dilectus
698 2321 873 2377 astris
903 2321 1116 2376 humor
1147 2325 1256 2388 est,
1292 2319 1391 2375 ubi
1420 2338 1567 2377 novo

482 2413 667 2468 Labes
699 2411 843 2467 reati
876 2411 1122 2465 ﬂumine

408 2501 763 2573 Purgantur,
798 2505 932 2555 ante
962 2515 1165 2554 verum
1198 2498 1425 2555 Numen
1459 2500 1730 2557 noverint

479 2590 551 2647 Et
580 2589 816 2646 ﬂxerint
847 2587 1211 2643 medullitus.

406 2680 499 2735 Tu
532 2677 742 2751 praesul
773 2678 963 2734 haeres
995 2676 1238 2749 puritati
1269 2677 1554 2750 Apostoli,

481 2767 747 2841 Lympha
778 2771 1017 2823 renatus
1048 2765 1270 2833 ceelica,

407 2857 532 2913 Nox
561 2858 720 2914 hunc
753 2858 990 2928 refugit,
1024 2855 1244 2911 excutit
1273 2855 1609 2928 caliginem,

479 2947 611 3002 Jam
645 2945 1021 3019 mancipatus
1052 2945 1316 3000 Numini.

408 3044 581 3117 Viget
612 3061 817 3101 sereno
848 3044 1019 3099 corde
1052 3043 1293 3099 ﬂamma
1323 3042 1548 3115 fortior,

482 3137 551 3191 Et
580 3135 742 3190 frons
775 3133 1006 3189 renidet
1036 3133 1250 3205 gaudio

410 3224 625 3281 Radice
656 3224 729 3278 ab
760 3222 881 3279 ima
912 3222 1181 3278 funditus
1210 3221 1407 3279 vulsas
1438 3221 1617 3279 simul

483 3312 710 3369 Erroris
742 3317 896 3368 artes
929 3312 1203 3367 extrahit.

411 3402 543 3459 Alte
572 3419 843 3458 recessus
875 3401 1170 3457 luminum
1204 3404 1261 3457 et
1290 3401 1418 3457 coeli
1451 3401 1657 3475 plagas

479 3494 811 3563 Scrutatur,
846 3497 1023 3564 atque
1056 3492 1359 3563 praedicat.

408 3590 680 3646 Scintilla
708 3589 898 3660 qualis
928 3589 1117 3662 fulget
1148 3594 1274 3646 atro
1306 3588 1612 3660 sulphure,

482 3678 585 3733 Vel
616 3684 681 3734 ut
714 3679 976 3735 refractis
1011 3668 1272 3734 nubibus

412 3774 522 3824 Per
552 3769 741 3823 noctis
766 3769 1039 3823 umbram
1072 3768 1335 3824 siderum
1369 3767 1592 3823 micant
1623 3768 1799 3837 faces,

486 3858 579 3914 Sic
610 3858 879 3930 praesulis
910 3857 1088 3913 vultis
1120 3857 1222 3927 pii.

410 3944 513 4004 Vis
543 3947 747 4004 addita
776 3951 865 4004 est
894 3946 1110 4014 menti;
1145 3945 1455 4018 verbisque
1486 3947 1741 4003 seminat

485 4036 722 4093 Millena
747 4037 958 4092 civium
996 4035 1253 4103 agmina.

411 4127 625 4183 Fetnra
652 4143 855 4182 verum
890 4126 1154 4180 nascitur
1184 4124 1429 4192 sensim,
1463 4142 1567 4182 nec
1598 4131 1688 4182 est

481 4217 646 4281 Quod
679 4214 935 4286 amplius
972 4230 1169 4269 moras
1204 4213 1416 4271 trahat.

408 4305 651 4362 Jussum
685 4305 936 4377 capessit
968 4303 1256 4376 Apostoli;
1293 4320 1514 4359 morem
1549 4321 1756 4377 gerens

484 4396 569 4449 Ad
602 4392 1047 4451 France-Celtas
1080 4394 1352 4450 mittitur.

413 4483 670 4541 Perrexit
698 4484 903 4540 urbem
938 4500 1069 4538 cum
1104 4484 1279 4540 sociis
1313 4484 1605 4540 Lutetiam

484 4574 748 4630 Cinctam
779 4572 1030 4630 insulari
1064 4572 1337 4643 ﬂumine;
1632 4616 1641 4619 -

415 4665 566 4719 Tum
599 4662 903 4734 parvulam
938 4665 1148 4733 muris,
1180 4663 1284 4719 sed
1316 4662 1435 4717 aris
1467 4665 1522 4716 et
1555 4660 1721 4717 moles

485 4752 668 4807 Valde
699 4753 940 4808 deorum
974 4751 1257 4807 deditam.

417 4842 571 4898 Bene
604 4842 795 4907 habet,
828 4845 1132 4912 peractum
1179 4842 1288 4909 est,
1322 4838 1478 4908 quod
1511 4838 1609 4892 diu
1643 4840 1960 4912 cupiverat.

485 4941 770 4996 Persolvit
800 4939 931 4994 urbi
962 4936 1189 4993 munia.

414 5029 697 5085 Praedicta
727 5027 999 5099 quamvis
1032 5024 1367 5098 principum
1398 5026 1716 5083 crudelitas

483 5118 682 5175 Tellus
712 5118 951 5173 ruberet
983 5118 1312 5187 martyrum

411 5209 629 5265 Cruore
662 5225 674 5262 :
710 5207 891 5262 vitam
924 5204 1144 5260 Gallico
1181 5207 1535 5277 tamen'solo

485 5295 647 5352 Tulit
677 5293 969 5350 medelam
1001 5309 1371 5366 comparans.

417 5383 646 5441 Lolium
680 5381 990 5453 expedivit,
1026 5382 1263 5438 velleret
1292 5382 1597 5453 radicitus,

318 5461 322 5465 i
487 5474 653 5537 Quod
686 5472 925 5545 ignibus
958 5474 1369 5529 committeret.

419 5562 604 5619 Annis
635 5567 909 5631 onustus,
942 5562 1152 5634 eloquii
1186 5564 1341 5619 fonte
1373 5563 1579 5636 irrigat

503 5656 748 5712 Gentem
785 5654 1086 5725 profanam
1118 5653 1379 5725 largiter.

423 5748 579 5806 Fluis
611 5748 668 5802 in
702 5742 1040 5820 prephetas,
1074 5748 1265 5799 mente
1296 5742 1493 5799 divina
1521 5744 1683 5814 rapis

2076 524 2131 592 Α
2231 525 2315 581 Tu
2346 525 2572 582 Christe
2602 527 2830 600 Apollo,
2865 532 3124 600 pectora.

2160 618 2332 669 Lalex
2362 632 2655 687 saporque
2686 618 2940 673 nectaris
2972 618 3170 689 lingua
3203 617 3353 689 ﬂuit,

2232 706 2342 760 Cor
2374 706 2633 778 mitigas,
2667 712 2926 762 mentem
2962 706 3139 762 foves.

2162 793 2246 849 Ita
2276 794 2468 849 reddit
2507 810 2717 867 agmen
2751 795 3021 863 protinus
3050 796 3234 852 ﬁdum
3267 796 3384 853 Deo

2235 883 2495 939 Antistes
2525 886 2673 957 Agni
2708 886 3004 942 conscius.

2165 972 2275 1027 Sed
2310 971 2654 1029 Christianas
2687 974 2929 1030 silvulas
2957 978 3162 1047 gentes
3192 978 3425 1047 petunt,

2240 1067 2444 1117 Latent
2474 1070 2789 1120 trementes
2822 1065 3055 1121 abditae.

2164 1149 2471 1222 Noctuque
2502 1151 2676 1207 litant
2709 1157 3067 1223 congregata:
3099 1152 3420 1226 supplices.

2238 1249 2512 1305 Condunt
2544 1252 2826 1307 suburbio
2858 1253 3022 1308 ocius

2168 1338 2465 1410 Stephano
2498 1340 2677 1412 priori
2710 1346 3038 1414 martyrum
3062 1357 3300 1397 sacram
3333 1342 3577 1398 domum
3668 1390 3679 1399 .

2242 1428 2381 1498 Ejus
2414 1430 2791 1501 frequentant
2822 1430 3051 1486 limina.

2170 1518 2324 1574 408
2356 1522 2433 1573 Ut
2458 1534 2589 1573 vere
2620 1519 2873 1575 ﬂorifero
2906 1536 3061 1593 vagae
3096 1519 3270 1576 ﬂores
3301 1535 3483 1576 novos

2240 1606 2472 1678 Stipant
2501 1624 2639 1680 apes
2670 1613 2727 1663 et
2759 1609 3002 1665 rivulos.

2167 1696 2347 1751 Amor
2378 1696 2660 1767 sequendi
2686 1696 2982 1767 quoslibet
3013 1698 3279 1754 accendit
3312 1696 3412 1753 Dei

2241 1784 2587 1858 Dionysium
2621 1784 2958 1842 satellitem.

2090 1901 2138 1967 Β
2170 1874 2284 1930 Nec
2315 1891 2350 1930 a
2378 1875 2735 1931 rudimentis
2767 1876 3043 1932 aberrant
3076 1875 3374 1949 martyris.

2246 1974 2520 2029 Semente
2552 1990 2684 2029 sera
2713 1973 2993 2046 pinguius

2176 2062 2416 2118 Exsistit
2445 2079 2684 2129 arvum;
2718 2063 2929 2117 deinde
2963 2064 3120 2134 quod
3155 2062 3549 2136 vegrandibus

2247 2151 2511 2207 Oblectet
2540 2156 2699 2207 astra
2730 2153 3049 2208 messibus.

2175 2239 2279 2296 Hic
2309 2241 2497 2297 cultor
2526 2240 2757 2297 instans
2788 2246 2891 2297 aut
2922 2246 3117 2298 arator
3145 2241 3439 2315 gnaruris,

2248 2331 2493 2387 Ditescit
2528 2348 2724 2387 aream
2757 2332 3010 2403 replens.

2175 2419 2440 2474 Prudens
2461 2420 2716 2475 colonus
2741 2436 2879 2491 ergo
2912 2420 3011 2492 qui
3043 2436 3174 2476 cum
3206 2419 3407 2475 fenore

2249 2508 2407 2563 Parit
2432 2508 2623 2564 solum
2659 2508 2934 2563 feracius.

2177 2598 2334 2654 Satis
2366 2613 2660 2670 superque
2692 2597 2896 2653 civitas
2928 2598 3160 2653 Lutetia

2250 2685 2468 2758 Ligone
2495 2685 2653 2741 culta
2685 2686 2974 2759 praesulis.

2174 2777 2261 2831 Ad
2292 2776 2554 2832 veritatis
2585 2777 2733 2832 ﬂexa
2764 2775 2965 2832 lumen
2995 2776 3247 2848 inclytae.

2252 2866 2478 2923 Florem
2511 2865 2635 2935 Dei,
2668 2867 2887 2923 tentem
2920 2867 3087 2922 Boni.

2175 2954 2309 3011 Ales
2338 2957 2605 3028 polorum
2645 2956 2916 3026 protinus
2948 2955 3287 3029 prmcordiis

2248 3045 2476 3101 Nostris
2508 3062 2684 3099 suum
2717 3044 2912 3100 cordis
2936 3046 3115 3115 jubar

2175 3134 2467 3201 Vibravit;
2500 3132 2604 3189 alti
2638 3134 2890 3205 pectoris
2921 3133 3102 3190 situm
3133 3134 3422 3190 innovans

2249 3223 2395 3278 Nam
2427 3221 2631 3279 oculos
2662 3223 2917 3278 tenebraa
2949 3222 3305 3280 clauserant.

2178 3325 2249 3377 At
2277 3322 2486 3393 vipera:
2517 3320 2711 3393 proles
2742 3320 2939 3393 rigens
2971 3321 3192 3377 saevitia

2248 3415 2443 3469 Caesar
2472 3410 2615 3466 furit
2644 3411 3049 3482 Germanicus,

2178 3501 2379 3558 Fidem
2413 3517 2659 3573 perosus
2688 3500 2949 3556 toxicum
2980 3500 3175 3555 fundit
3207 3500 3423 3571 magis,

2249 3592 2413 3656 Quod
2448 3591 2669 3645 foverat
2692 3590 2814 3658 jam
2846 3588 3206 3662 plusculum,

2178 3683 2418 3735 Decreta
2450 3680 2693 3736 mandat
2720 3680 3096 3751 exsequenda
3124 3677 3424 3751 gentibus,

2250 3770 2320 3824 Et
2349 3769 2717 3824 Christianos
2748 3769 3000 3838 territat,

2177 3858 2247 3914 Ni
2280 3859 2447 3914 thure
2478 3859 2711 3929 placent
2742 3858 3070 3929 principem
3108 3858 3288 3914 Deum
3319 3856 3550 3926 Jovem,

2253 3948 2382 4003 Mox
2413 3946 2797 4002 destinandos
2827 3945 3087 4018 ignibus.

2180 4038 2363 4095 Caedis
2395 4036 2661 4092 minister
2691 4037 2913 4092 exstitit
2943 4036 3219 4104 Sisinius,

2251 4129 2549 4182 Immensa
2581 4126 2761 4197 pestis
2790 4130 2846 4181 et
2874 4131 3117 4182 tremor.

2180 4217 2361 4288 Cujus
2392 4216 2579 4272 ferina
2609 4215 2808 4271 ﬂoruit
2835 4215 3159 4287 gentilitas,

2251 4308 2319 4362 Et
2350 4307 2537 4361 fastus
2566 4322 2847 4377 arrogans
2877 4305 3077 4371 minis,

2179 4396 2481 4468 Serpentis
2513 4399 2675 4449 atrox
2706 4394 2925 4449 evomit
2952 4394 3143 4461 virus;
3181 4409 3285 4448 nec
3318 4397 3407 4448 est

2250 4485 2411 4550 Quod
2445 4483 2620 4539 eﬂ‘ero
2653 4482 2813 4538 vultu
2848 4486 3027 4554 queat

2179 4574 2470 4629 Cruentus
2502 4571 2667 4626 urbis
2699 4570 3016 4641 optimates
3049 4570 3282 4627 laedere.

2097 4662 2146 4724 D
2248 4675 2323 4726 Ut
2354 4672 2672 4725 aestuantes
2704 4668 2956 4739 azquoris

2181 4761 2345 4817 Unde
2376 4757 2647 4832 profundi
2679 4757 2952 4813 cautibus
2985 4757 3201 4813 radunt
3232 4756 3378 4812 nihil
3417 4774 3429 4813 :

2252 4850 2493 4905 Frustra
2520 4846 2747 4902 laborat
2775 4845 3039 4917 regulus.

2183 4938 2304 4995 Heu
2340 4936 2530 5009 surgit
2556 4935 2662 5006 ira,
2695 4939 2752 4991 et
2786 4940 3027 5007 aggerat
3059 4936 3207 4992 vires
3236 4935 3420 5003 furor,

2252 5027 2436 5083 Struit
2465 5025 2697 5081 ruinam
2732 5024 2997 5095 martyri.

2179 5116 2445 5173 Stimulis
2476 5115 2712 5170 calescit
2740 5114 3059 5169 condolens
3086 5113 3243 5170 ultor
3271 5113 3480 5185 Deum,

2253 5207 2369 5263 Nec
2399 5207 2687 5275 temperat
2713 5202 2978 5258 vesaniae.

2184 5298 2227 5353 Ο
2260 5311 2456 5352 mersa
2486 5293 2628 5349 limo
2660 5292 2889 5348 caecitas
2922 5292 3278 5363 mortalium,

2255 5386 2299 5441 Ο
2330 5383 2561 5455 spissus
2590 5398 2751 5438 error
2781 5382 3071 5453 gentium.

2186 5477 2396 5531 Pastus
2427 5488 2634 5529 cruore
2665 5471 2921 5526 carnifex
2955 5470 3133 5543 gestit
3163 5470 3331 5527 ducis

2255 5564 2487 5619 Statuta
2519 5561 2628 5617 rite
2657 5560 2953 5632 persequi.

2185 5653 2330 5709 Iline
2364 5649 2664 5706 bostiatim
2702 5648 2974 5720 martyris
3001 5648 3246 5722 vestigia

2256 5740 2520 5811 Vestigat
2550 5739 2741 5793 audax
2770 5741 2829 5792 et
2861 5738 3025 5808 petit.

3719 407 3825 462 692
