4106 6398
350 418 458 472 693
1078 411 1082 416 ’
1325 417 1787 480 MARTYRIUM,
1830 413 2036 468 AUCT.
2079 413 2418 468 DIONYSIO
2457 414 2803 468 GUERINO.

352 547 508 600 Inter
539 557 814 597 coronam
847 540 1064 596 civium
1097 540 1337 596 tandem
1367 540 1529 596 videt

421 634 713 702 Prmcepta
743 635 1118 702 spargentem
1152 630 1270 684 Dei.

350 722 514 778 llaud
547 720 806 776 continet
838 736 1052 775 manus
1087 738 1099 788 ;
1137 721 1236 774 sed
1271 718 1424 774 ultro
1460 716 1701 788 corripit

419 812 690 867 Vinctum
722 810 942 864 catenis
987 808 1338 881 supplicem,

346 902 438 957 Fit
467 899 671 965 laetior,
705 904 956 969 ﬂagrans
989 899 1088 953 Dei
1121 897 1454 969 Dionysius,

415 992 484 1044 Et
515 989 698 1043 currit
730 989 800 1042 ad
838 987 1149 1042 Sisinium.

344 1081 526 1151 Atque
561 1079 793 1133 invocat
822 1082 1036 1132 nutum
1067 1075 1331 1148 supremi
1362 1073 1658 1130 Numinis.

413 1168 471 1223 Si
504 1167 616 1223 vile
649 1174 852 1238 pectus
886 1167 1206 1222 chrismate

341 1257 518 1312 Sacro
552 1255 726 1326 piasti
758 1255 848 1310 fac
879 1256 1074 1320 modo,
1108 1258 1309 1311 custos
1340 1253 1480 1326 poli,

412 1346 536 1402 Meo
569 1345 790 1401 colorer
823 1345 1130 1416 sanguine.

340 1435 602 1491 Dissolve
638 1439 893 1490 mentem
925 1433 1240 1506 ergastulis
1275 1449 1288 1490 :
1322 1450 1450 1490 eam
1483 1433 1590 1489 bea

411 1525 709 1580 Felicitate
740 1525 986 1596 perpeti.

342 1616 631 1669 lmmotus
665 1614 847 1668 instat
878 1617 1096 1686 martyr
1127 1616 1262 1668 ante
1292 1612 1612 1668 barbarum

407 1703 548 1758 Βωνὶ
581 1703 841 1758 tribunal
866 1703 1107 1774 judicis.

337 1793 439 1848 Cui
475 1793 630 1848 fatur
661 1809 760 1848 ore
791 1791 1010 1847 fervido
1044 1791 1321 1860 Sisinius,

411 1884 609 1938 Livore
638 1887 879 1953 turgens
911 1882 1083 1936 noxio
1119 1900 1132 1938 :

342 1972 486 2029 Num
520 1977 608 2027 est
643 1973 768 2045 ipse
799 1972 1049 2026 ﬂabrum
1082 1969 1373 2026 sibilantis
1405 1971 1705 2042 Gorgonas,

406 2061 610 2131 Segnis
644 2077 820 2116 senex
850 2065 906 2115 et
938 2061 1254 2132 impotens.

333 2151 478 2206 Cum
513 2151 817 2205 illitterata
848 2151 1096 2204 credidit
1124 2149 1474 2220 frequentia,

405 2242 583 2312 Leges
613 2242 856 2296 deorum
891 2256 1197 2310 respuens.

327 2330 514 2385 Etate
544 2346 676 2384 vere
706 2346 835 2384 sum
874 2345 1072 2396 senex,
1109 2328 1202 2383 hic
1233 2328 1510 2395 reddidit,

397 2423 501 2475 Ast
534 2420 674 2475 ﬂore
706 2422 985 2474 constans
1018 2419 1293 2489 pectoris.

328 2509 561 2578 Anguis
593 2513 888 2563 senectam
925 2513 1183 2578 mutuor,
1218 2507 1320 2579 qui
1353 2507 1622 2563 sentibus

403 2599 609 2653 Cutem
643 2613 860 2667 repono
894 2597 1217 2652 sordidam.

332 2686 558 2741 Recens
591 2701 865 2740 renascor
894 2684 1095 2739 ccelica
1126 2684 1444 2756 propagine

401 2773 645 2829 Phoenix
673 2773 989 2845 quotannis
1020 2773 1341 2846 pullulans.

330 2864 572 2919 Miseret
603 2868 838 2918 tuorum
874 2879 968 2919 me
1000 2880 1322 2934 sacrorum,
1355 2867 1412 2918 et
1442 2868 1796 2935 temporum.

403 2953 591 3008 Pudet
623 2951 812 3021 fateri,
845 2953 995 3020 quod
1031 2952 1248 3021 ferunt,

328 3041 445 3097 Vos
479 3041 787 3096 immolare
820 3042 1068 3096 barbaro
1101 3042 1216 3097 ritu
1247 3043 1404 3097 viros

403 3131 765 3201 Gentemque
789 3131 944 3185 caede
976 3131 1239 3202 perdere.

326 3219 602 3289 Ostende,
637 3237 854 3291 quaeso,
893 3237 1040 3291 quas
1070 3221 1304 3276 adorem
1338 3220 1648 3294 imagines,

400 3310 650 3365 Junonis
684 3313 906 3377 utrum,
930 3309 1018 3365 vel
1049 3310 1230 3365 Jovis.

325 3399 401 3455 Ut
430 3399 619 3454 fumet
647 3398 1086 3470 agno'czespitis
1117 3398 1443 3471 fastigium,

396 3490 466 3545 Et
497 3489 665 3544 thure
697 3492 895 3558 postes
927 3488 1208 3544 ambiam.

323 3579 472 3647 Quid
508 3594 620 3645 me,
653 3577 924 3646 nefande,
958 3576 1293 3648 supplicare
1323 3578 1542 3650 cogitas

398 3667 563 3724 Fonti
598 3667 889 3722 malorum
919 3666 1192 3722 dmmoni.

326 3757 630 3813 Deasciato
661 3755 848 3826 stipiti
881 3772 1106 3810 verrem
1142 3755 1299 3811 feris.

397 3849 519 3912 Quo
552 3863 691 3902 saxa
723 3845 842 3900 fani
880 3844 1158 3917 perlinas.

317 3938 464 3994 Cum
501 3937 619 3990 haec
650 3952 844 4002 cerno,
876 3938 1158 4004 tanquam
1195 3935 1419 4006 parvuli
1452 3938 1772 4009 crepundia

385 4026 567 4092 Duco,
597 4039 930 4094 senumque
959 4023 1208 4079 vanulas

311 4113 738 4171 Edentulorum
773 4111 1100 4168 cantilenas
1132 4120 1393 4170 autumo.

386 4205 513 4259 Non
546 4204 909 4270 erubescam,
947 4203 996 4257 si
1027 4203 1205 4258 fidem

317 4295 510 4350 Tuear
541 4293 778 4347 fatendo
811 4291 1135 4347 maximum
1170 4308 1364 4365 regem
1397 4295 1649 4352 aetheris.

391 4381 606 4437 leum
643 4385 883 4453 paratur
912 4381 1221 4452 sanguine.

315 4472 631 4527 Praefectus
664 4471 828 4525 urbis
860 4470 1050 4526 toxico
1085 4470 1235 4526 fellis
1269 4473 1509 4528 madens

385 4563 496 4616 Cor
527 4560 817 4616 audiendo
846 4565 1168 4615 exusserat.

308 4649 535 4704 Ebullit
566 4650 671 4716 ira,
707 4648 1067 4720 apprehendi
1089 4650 1262 4720 jubet
1291 4651 1502 4720 virum,

385 4740 526 4810 Ejus
559 4738 790 4794 sodales
828 4739 1110 4810 proxime.

313 4833 388 4882 At
420 4828 515 4883 ille
547 4832 712 4882 tanto
745 4827 950 4895 laetior,
983 4845 1118 4884 cum
1152 4829 1425 4886 adoream

385 4917 610 4973 Labore
643 4921 871 4988 partam
904 4918 1202 4989 praevidet.

312 5007 556 5063 Fontem
592 5010 826 5061 serenat
856 5007 1089 5062 ethcris
1120 5006 1354 5078 solatio,

392 5097 618 5168 Hymno
651 5095 810 5150 canit
841 5096 1212 5168 symphonia.

313 5183 490 5239 Velut
520 5185 807 5255 addapes
836 5201 1078 5257 specum
1112 5185 1255 5256 petit
1285 5185 1608 5257 lubentius,

386 5273 597 5329 Animo
630 5275 956 5329 Tonantem
990 5275 1318 5346 pensitans.

312 5364 566 5418 Antrum
600 5363 820 5419 latebat
859 5364 1126 5420 abditum
1158 5365 1288 5437 (98),
1325 5370 1553 5423 scatens
1585 5369 1726 5438 situ,

386 5453 586 5509 Noctis
623 5453 880 5510 tenebris
907 5454 1194 5522 obsitum,

385 5669 494 5740 (98)
548 5671 656 5727 Ubi
713 5670 887 5727 hodie
947 5671 1097 5726 scch
1144 5671 1211 5726 D.
1263 5670 1526 5745 Dionysii
1577 5689 1609 5728 a
1658 5675 1920 5741 Carcere,
1977 5674 2035 5729 in
2094 5673 2265 5744 cujus
2314 5673 2455 5729 aedis
2505 5685 2676 5727 cavea
2740 5666 2954 5724 nobilis
3011 5663 3110 5719 ille
3157 5677 3356 5719 carcer
3412 5659 3604 5717 adhuc
3650 5655 3740 5712 vi-

313 5740 486 5796 situr.

2036 538 2090 604 Α
2121 536 2324 593 Gravis
2356 544 2592 594 senecta
2625 538 2863 594 clausus
2895 538 3173 611 implorat
3203 557 3375 612 prece

2185 626 2450 682 Caelestis
2483 629 2648 700 ignes
2683 629 2960 700 Spiritus.

2113 715 2329 776 Rerum
2362 724 2606 785 creator,
2641 717 2840 790 gloriae
2882 718 3161 789 splendor
3187 718 3378 775 Patris

2186 806 2437 862 Immitto
2469 824 2650 873 rores,
2684 809 2773 863 fac
2807 825 3030 879 precor,

2109 900 2232 951 Neu
2264 896 2410 951 livor
2440 913 2612 968 asper
2633 898 2854 968 judicis
2889 898 3196 953 mitecere

2181 986 2379 1040 Discat
2409 987 2605 1051 modo,
2642 988 2727 1040 fac
2765 987 3082 1057 opprimar.

2110 1074 2238 1130 Mox
2273 1075 2583 1131 carceralis
2616 1075 2844 1130 czecitas
2875 1073 3150 1146 Olympici

2181 1167 2426 1238 Fulgore
2459 1167 2677 1222 Christi
2707 1167 2984 1238 fulgurat.

2106 1258 2389 1328 Agnoscit
2418 1257 2512 1312 hic
2544 1256 2858 1328 Dionysius
2892 1255 3215 1327 potentiam

2175 1348 2414 1413 Adesse,
2450 1365 2626 1417 quam
2665 1349 3000 1417 speraverat
3035 1362 3047 1399 :

2105 1437 2279 1502 Tanti
2309 1436 2529 1491 laboris
2560 1435 2862 1506 praemium
2899 1438 3062 1488 stant
3095 1431 3284 1504 angeli

2173 1526 2315 1581 Visu
2353 1525 2605 1580 nitentes
2638 1524 2915 1594 undique.

2102 1615 2248 1671 Huic
2281 1615 2557 1686 poculum
2593 1616 2721 1669 vitae
2754 1615 2901 1668 Deus
2935 1613 3018 1667 sic
3050 1610 3318 1683 porrigit,

2173 1705 2245 1760 Ut
2276 1721 2445 1776 pcena
2478 1706 2578 1759 fiat
2610 1704 2813 1758 lenior.

2100 1795 2416 1850 Perhibent
2446 1798 2759 1865 tyrannum
2793 1789 3147 1846 blandiendo
3176 1787 3503 1845 antistitem

2022 1913 2068 1977 B
2170 1885 2343 1938 Vario
2375 1884 2641 1938 irritasse
2673 1897 2934 1936 munere.

2100 1975 2170 2029 Et
2202 1973 2457 2028 nobilem
2493 1972 2696 2027 laudat
2726 1969 2958 2042 generis
2991 1968 3325 2040 prosapiam

2170 2063 2391 2117 Partim
2425 2060 2666 2116 senilem
2699 2059 2974 2130 gratiam.

2099 2154 2252 2207 409
2285 2151 2579 2207 Encomiis
2611 2153 2834 2219 martyr
2863 2150 3018 2201 retro
3045 2145 3266 2200 claudit
3296 2161 3434 2200 suas

2166 2244 2353 2297 Aures
2385 2247 2446 2295 ut
2477 2240 2711 2311 anguis,
2747 2254 2817 2291 ne
2855 2235 3074 2291 malum

2098 2333 2306 2402 Serpat
2339 2329 2615 2385 medullis
2647 2327 2847 2392 altius,
2885 2325 3064 2405 fibras
3096 2339 3326 2395 quoque

2168 2421 2523 2492 Contagione
2556 2418 2798 2489 polluat.

2097 2511 2207 2565 Seu
2244 2511 2350 2565 flos
2381 2510 2598 2564 odorus
2625 2506 2864 2572 albicat,
2897 2503 3199 2559 sufﬁmine

2167 2600 2461 2671 Spei-gens
2493 2596 2719 2668 tyranni
2754 2593 2998 2664 regiam.

2096 2688 2450 2758 Perstringit
2481 2686 2650 2740 orbes
2683 2684 2976 2738 luminum
3005 2679 3304 2736 miraculis
3333 2695 3346 2736 :

2165 2778 2290 2832 Non
2324 2791 2495 2831 nemo
2529 2775 2780 2828 miratur
2806 2771 3017 2826 virum.

2094 2865 2334 2937 Stupuit
2365 2871 2652 2936 tyrannus
2686 2878 2698 2915 :
2732 2865 2892 2915 terve
2923 2858 3096 2913 dictis
3129 2857 3304 2914 aruit.

2166 2954 2396 3010 Clarere
2427 2952 2614 3007 nescit
2646 2947 2967 3020 scrupulis,

2094 3045 2362 3101 Incertus
2395 3039 2821 3113 illum:puniat,
2854 3036 2941 3092 vel
2973 3037 3201 3103 liberet,

2165 3135 2469 3204 Usumque
2502 3131 2708 3186 reddat
2738 3128 3011 3183 liberum.

2096 3224 2246 3289 Quid
2279 3221 2492 3295 plura?
2523 3219 2702 3275 vincit
2733 3217 2972 3273 anxium
3005 3215 3274 3271 socordia

2015 3284 2057 3350 Ε
2166 3312 2422 3368 Alumna
2452 3310 2622 3364 credis
2654 3311 2709 3362 et
2740 3306 2952 3362 crucis.

2091 3403 2368 3457 Fomenta
2396 3400 2610 3455 vulnus
2642 3395 2944 3469 putridum
2979 3392 3257 3449 novantia

2159 3489 2577 3546 Crudelitatem
2610 3489 2939 3557 procreant.

2089 3580 2278 3646 Quid?
2308 3579 2358 3633 si
2389 3578 2584 3633 soluta
2616 3577 2887 3631 inestuet
2920 3570 3258 3644 praecordiis

2158 3668 2321 3734 Bilis,
2358 3668 2648 3737 faciatque
2683 3664 3046 3719 incendium.

2086 3759 2274 3814 Simul
2306 3758 2564 3813 calentes
2595 3753 3026 3810 inverecundus
3058 3749 3250 3804 minas

2158 3853 2339 3904 Torvo
2371 3846 2542 3902 cievit
2572 3844 2798 3899 lumine

2088 3938 2240 4010 Figit
2270 3937 2516 4007 sagittas
2550 3934 2790 4005 pectori,
2827 3947 2930 3986 nec
2961 3929 3247 4001 impetum

2152 4025 2320 4082 Valet
2350 4031 2547 4080 tenere
2583 4022 2875 4078 amentiae.

2084 4117 2310 4172 Incerta
2341 4113 2534 4186 qualis
2568 4112 2823 4166 Entheos
2856 4108 3063 4180 pedem
3098 4105 3258 4172 tulit,

2154 4209 2228 4259 Ut
2261 4204 2476 4259 Maenas
2509 4200 2733 4256 insanit
2763 4198 2902 4253 Deo.

2083 4296 2314 4352 Certare
2343 4293 2541 4348 lassus
2573 4289 2762 4344 hostis
2795 4287 2854 4341 in
2889 4284 3180 4358 praetorio,

2151 4383 2361 4456 Agitur
2392 4379 2660 4452 procellis
2694 4377 2948 4432 interim.

2081 4474 2236 4530 Caedi
2271 4469 2518 4543 flagellis
2551 4468 2818 4540 praecipit
2847 4462 3177 4530 lictoribus,

2152 4567 2499 4633 Corpusque
2531 4557 2711 4630 pungi
2746 4553 3013 4626 spiculis.

2003 4656 2046 4720 D
2080 4652 2362 4709 Strictum
2400 4648 2639 4705 retortis
2671 4643 2930 4700 brachiis
2962 4639 3116 4714 posti
3147 4639 3334 4709 ligant

2151 4741 2387 4795 Nudare
2419 4742 2613 4793 costas
2647 4735 2929 4806 gestiunt.

2082 4832 2152 4888 Ut
2183 4845 2286 4901 per
2325 4829 2570 4884 lacunas
2602 4825 2909 4878 vulnerum
2945 4822 3142 4890 crepet
3167 4818 3337 4888 jecur
3370 4832 3382 4872 :

2153 4919 2520 4988 Paulumque
2553 4913 2799 4985 sanguis
2831 4910 3094 4982 palpitet.

2081 5008 2330 5064 Ridebat
2360 5007 2483 5062 haec
2517 5010 2738 5075 martyr
2769 5001 2868 5057 Dei
2904 4997 3192 5076 ludibria,

2155 5099 2415 5154 Tortoris
2445 5096 2758 5164 increpans
2791 5106 3024 5145 manus.

2085 5186 2129 5242 Ο
2160 5204 2259 5242 vos
2290 5184 2538 5253 alumni,
2568 5182 2820 5238 carceris
2852 5179 3131 5235 saevitiam

2157 5279 2414 5339 Armate,
2451 5290 2672 5346 quaeso,
2707 5270 2963 5343 plenius.

2089 5366 2361 5423 Stillante
2393 5366 2552 5432 tabo,
2587 5361 2847 5432 corporis
2879 5361 3073 5414 cutem
3106 5355 3221 5412 mei

2160 5454 2583 5513 Multicolorem
2618 5452 2863 5508 reddite.

3670 418 3777 473 694
