4106 6380
383 419 492 476 695
1628 415 1688 468 Β.
1726 413 2042 468 DIONYSII
2081 412 2566 470 AREOPAGITE
3701 415 3821 468 696

384 545 552 612 Exin,
582 543 833 616 peractis
865 540 1150 614 principis
1182 539 1502 608 furoribus,
2067 540 2123 604 Α
2223 537 2291 592 Hi
2323 536 2739 607 conSpicantur
2769 534 3038 607 praesulis

454 633 814 689 Ardentibus
845 631 1054 704 prunis
1085 632 1282 686 datur.
2152 625 2424 680 Manibus
2455 627 2624 681 coitis
2653 624 3016 691 vectitatum,
3055 624 3312 680 nobilem

389 725 577 780 Locus
607 729 699 779 est
729 722 1100 793 propinquus
1130 722 1406 789 Sequanae
1440 713 1758 770 sinuamini
1789 713 1904 787 (99)
2224 717 2304 769 Ad
2335 714 2594 770 villulam
2630 714 2955 770 miraculis.

457 812 776 868 Tormenta
802 825 1049 865 cernens
1081 810 1365 864 sontium.
2153 803 2196 859 Ο
2228 809 2318 859 ter
2346 808 2671 875 quaterque
2700 809 2756 858 et
2785 803 3042 874 amplius
3075 803 3211 859 felix
3235 804 3449 876 jugum

384 901 569 966 Quem
601 900 783 971 sepsit
814 915 1023 969 agmen
1057 896 1312 951 militum
1347 893 1674 949 forinsecus
2223 893 2342 948 Hoc
2373 898 2765 964 purpuratum
2799 892 3125 964 sanguine!

458 989 705 1060 Fulgere
733 987 982 1044 cassidis
1013 986 1257 1041 micans.
2153 981 2312 1036 Felix
2341 983 2553 1036 ammni
2588 981 2800 1038 littoris
2831 982 3201 1053 pomoerium,

383 1080 614 1136 Prunas
645 1082 913 1150 tepentes
942 1075 1202 1130 carnifex
1231 1073 1443 1129 sternit
1475 1072 1616 1142 cito,
2223 1070 2500 1142 Felixque
2531 1070 2698 1126 collis
2729 1071 2916 1127 vinea.

458 1167 532 1224 Ut
557 1184 623 1223 os
657 1165 811 1222 beati
845 1164 1121 1233 langueat
2154 1159 2365 1215 Mulier
2393 1159 2627 1216 Catulla
2656 1160 2854 1216 ﬂoruit
2893 1161 3138 1217 credens
3169 1162 3306 1231 Deo,

387 1255 697 1312 Decumbit
723 1254 851 1327 ipse
877 1251 1094 1309 lectulo
1123 1251 1294 1307 latus
1325 1251 1473 1323 rogi.
2225 1253 2478 1321 Purgata
2506 1255 2706 1305 sancto
2740 1249 2962 1321 Spiritu
3000 1268 3012 1306 :

457 1346 697 1400 Animat
727 1341 960 1399 sodales
993 1339 1220 1397 sedulo.
2154 1340 2287 1404 Quas
2320 1343 2472 1394 tacta
2503 1337 3025 1411 miriszmartyrum
3057 1339 3251 1408 donis,
3281 1341 3494 1397 ducem

379 1433 472 1490 Illi
502 1451 568 1490 os
598 1433 808 1489 decore
840 1430 1142 1504 splenduit
1170 1429 1359 1502 magis
1394 1445 1592 1484 aureo.
2226 1427 2490 1498 Mollivit,
2527 1437 2588 1483 ut
2618 1431 2902 1485 cadavera

456 1523 661 1579 Talem
693 1525 991 1578 revertens
1022 1519 1226 1591 legifer
2154 1516 2436 1573 Humaret
2466 1522 2643 1572 uncta
2675 1517 2957 1590 balsamo,
2989 1519 3162 1585 rosis,
3199 1535 3360 1576 mero
3396 1539 3408 1576 :

391 1614 468 1670 De
503 1616 701 1667 monte
731 1611 957 1666 vultum
989 1607 1201 1664 detulit
1234 1624 1246 1662 :
1281 1607 1599 1678 Non_sunt,
1631 1605 1732 1674 ait,
2227 1606 2397 1661 Domi
2427 1623 2733 1662 reservans
2765 1607 3036 1679 posteris.

457 1702 777 1758 Tormenta
808 1716 936 1772 quas
967 1715 1067 1754 vos
1099 1696 1344 1753 cernitis
2156 1693 2303 1750 Hinc
2330 1694 2496 1750 vicus
2531 1694 2628 1750 ille
2659 1696 2887 1751 feminea
2922 1713 3132 1754 nomen
3164 1697 3368 1754 trahit.

384 1791 572 1847 Citata
600 1789 825 1845 cursim
857 1792 1185 1856 transeunt,
1219 1787 1407 1841 instar
1439 1783 1562 1841 noti
2230 1781 2610 1854 (Catulliacus
2641 1783 2756 1839 dici
2787 1789 2998 1856 potest)

460 1879 686 1936 Pulvim
724 1877 1014 1934 moventis
1047 1877 1107 1931 in
1139 1890 1290 1931 aere.
2080 1916 2127 1980 Β
2157 1872 2292 1928 Jam
2323 1888 2424 1927 sex
2454 1872 2701 1943 peractis
2730 1874 2960 1929 szsculis
2993 1879 3094 1930 aut
3125 1874 3358 1933 circiter
3391 1893 3404 1933 :

384 1969 563 2026 Trahi
594 1986 625 2024 e
656 1971 881 2024 castata
912 1965 1172 2022 fervidus
1193 1965 1368 2036 jubet
1400 1963 1614 2034 virum,
2080 1961 2127 1980 ”
2230 1965 2427 2016 Manes
2458 1961 2674 2034 sepulti
2707 1968 3031 2034 martyrum

459 2057 632 2113 Aliud
667 2071 854 2128 genus
887 2059 1053 2126 parat
1083 2052 1299 2108 crucis.
2159 2051 2462 2108 Oblivione
2494 2067 2738 2122 prorsus
2769 2052 2964 2108 obruti
2999 2053 3112 2109 nisi

393 2147 478 2201 Ad
513 2144 735 2201 montis
767 2143 955 2200 altum
986 2144 1261 2200 verticem
1292 2140 1642 2198 contermini
2234 2139 2408 2212 Regis
2443 2139 2683 2196 Clothaei
2715 2139 2873 2197 ﬁlius

469 2235 712 2291 Lutetiae
745 2232 1074 2290 deducitur.
2161 2230 2526 2302 Dagobertus
2556 2229 2674 2284 iras
2707 2229 2927 2285 horridi
2959 2230 3151 2288 vitans
3184 2234 3371 2305 patris

398 2324 572 2380 Velut
598 2339 751 2395 agna
781 2320 982 2394 templi
1013 2319 1364 2376 destinanda
1393 2319 1702 2388 altaribus,
2232 2319 2442 2376 Tristis
2473 2334 2752 2375 cavernas
2785 2320 3102 2393 quaeritans
3135 2323 3308 2396 (IOO),

473 2413 568 2469 Nil
599 2411 906 2468 immolata
936 2409 1247 2466 clamitans
2162 2415 2232 2466 Se
2262 2408 2697 2479 contulissetin
2730 2409 3068 2482 sepulcrum
3103 2411 3312 2470 tutius.

405 2505 632 2558 Intrare
661 2503 866 2556 fanum
898 2499 1128 2572 cogitur
1157 2497 1421 2571 Cyllenii.
2235 2499 2442 2555 Statim
2476 2498 2706 2570 sopitus
2737 2500 2988 2556 somnio.

478 2591 676 2662 Ibique
708 2590 848 2646 thus
877 2591 1143 2645 adurere.
2163 2589 2238 2644 At
2269 2587 2582 2644 dormienti
2613 2587 2854 2660 fulgidis
2885 2589 3026 2647 clari
3061 2589 3229 2647 stolis

403 2680 522 2736 Has
552 2679 788 2735 intuens
820 2679 1096 2750 ineptias,
1127 2677 1420 2749 imagines
2235 2683 2573 2750 Apparuere
2607 2683 2910 2750 martyres.

472 2769 682 2826 Irridet
711 2771 887 2838 atque
918 2766 1210 2839 conspuit.
2163 2772 2243 2822 Ac
2274 2766 2622 2839 pollicentur
2650 2768 2902 2840 principi
2937 2768 3130 2827 minas
3161 2769 3346 2843 patris

397 2857 592 2915 Senile
624 2855 844 2929 martyr
875 2855 1084 2911 maluit
1111 2854 1331 2911 collum
1363 2855 1501 2912 dare
2234 2857 2446 2912 Sedare
2476 2873 2647 2927 posse
2677 2855 2928 2927 caelitus,

464 2947 670 3003 Mortis
699 2945 948 3002 lavacris
981 2944 1290 3016 inclytum.
2161 2946 2332 3001 Modo
2365 2944 2589 3002 favillas
2623 2944 2715 3001 hic
2746 2946 2892 3003 sitas
2923 2948 3230 3020 praeconiis

398 3036 459 3093 Id
495 3037 838 3092 maluerunt
863 3051 1001 3090 voce
1030 3033 1184 3090 clara
1214 3032 1495 3090 Rusticus
2231 3034 2517 3106 Insigniat
2549 3051 2781 3107 semper
2809 3035 3044 3094 lubens.

465 3125 536 3180 Et
565 3123 1008 3181 contubernalis
1040 3123 1179 3194 pati.
2155 3125 2442 3180 Triforme
2473 3124 2707 3180 culmen
2739 3124 3050 3196 Gallicum,
3081 3127 3294 3200 triplex
3323 3127 3513 3185 honor

387 3215 706 3271 Percussor
734 3229 875 3269 ense
904 3213 1044 3268 dum
1075 3210 1209 3268 {erit
1237 3214 1444 3284 guttur
1468 3211 1653 3281 senis,
2094 3289 2106 3290 γ
2227 3218 2349 3280 Quo
2381 3220 2618 3288 praestat
2649 3217 2815 3272 urbis
2845 3217 3129 3290 dignitas.

460 3300 743 3373 Spectant
771 3300 1111 3371 frequentes
1141 3297 1376 3355 eminus
2077 3289 2119 3356 C
2157 3305 2279 3361 Non
2314 3305 2606 3361 obolescet
2631 3304 2791 3361 ullus
2824 3307 2880 3361 in
2914 3289 3086 3363 terris
3118 3325 3264 3382 apex
3299 3327 3312 3365 :

387 3389 590 3446 Pavidi
620 3406 826 3462 greges
858 3389 1163 3445 doctorum
1195 3389 1254 3443 in
1287 3386 1402 3443 alto
1433 3388 1663 3446 vertice.
2231 3395 2346 3451 Nec
2377 3394 2568 3467 pulvis
2600 3395 2851 3452 obducet
2881 3397 2996 3452 silu
3349 3382 3355 3388 ’

463 3478 575 3535 Res
607 3477 756 3534 mira
790 3477 1061 3550 posteris,
1095 3482 1275 3548 caput
2155 3488 2310 3552 Tuae,
2345 3487 2607 3556 patrone,
2641 3483 2905 3540 lauream
2939 3486 3153 3558 laudis,
3187 3486 3304 3543 Deo

390 3567 554 3632 Quod
587 3569 957 3638 amputatum
987 3566 1256 3623 viderant
1286 3568 1588 3626 cadaveris
2227 3574 2520 3646 Inscripta
2548 3589 2756 3646 perpes
2789 3574 3007 3647 pagina
3037 3580 3148 3632 est.

3363 3669 3575 3724 Amen.

463 3770 707 3896 $99)Ille
763 3770 929 3827 locus
985 3771 1191 3828 visitur
1254 3772 1314 3828 in
1372 3773 1592 3845 templo
1659 3773 1722 3830 Β.
1782 3771 2046 3845 Dionysii
2153 3771 2547 3845 longearipa
2576 3776 2878 3846 Sequanis.

463 3858 565 3896 .20
614 3859 649 3896 a
697 3849 901 3896 Passu.
954 3861 1132 3896 nrone
1179 3845 1359 3896 andem
1417 3847 1600 3896 Beataa
1661 3843 1876 3896 Mariae-
1928 3861 2043 3896 non
2226 3845 2370 3896 (10οὶ
2406 3846 2717 3896 Aimonina
2749 3866 2878 3896 mnn

386 3843 565 3914 vulgo
614 3859 649 3898 a
697 3849 901 3912 Passu,
953 3861 1132 3917 prope
1179 3845 1359 3902 eadem
1417 3843 1600 3902 Beataa
1661 3843 1876 3915 Mariae,
1928 3843 2043 3899 non
2226 3843 2370 3916 (1’00)
2406 3843 2717 3904 Aimonius
2749 3849 3097 3919 monachus,
3135 3854 3284 3909 Hist.
3319 3851 3420 3908 lib.
3459 3870 3536 3919 IV,
3567 3871 3617 3909 c.
3656 3855 3749 3912 17.

389 3995 2848 4029 W

1191 4184 1671 4349 VITA
1789 4183 1955 4349 S.
2083 4185 2996 4354 DIONYSII

1729 4455 2472 4544 AREOPAGITIE

842 4625 1349 4688 ATHENARUM
1396 4624 1777 4701 EPISCOPI,
1825 4624 2312 4689 FRANCORUM
2359 4630 2747 4691 APOSTOLI
2793 4631 2892 4690 ET
2937 4631 3344 4693 MARTYRIS

1937 4773 2050 4813 PER
2088 4774 2146 4815 R.
2189 4775 2242 4814 Ρ.

1268 4895 2012 5016 ΡΣΤΒῸΜ
2086 4896 2909 5022 HALLOIX

1780 5102 1923 5164 Soc.
1972 5105 2125 5165 Jsso
2171 5105 2399 5167 Passa.

1293 5234 1656 5291 Concinnata
1686 5234 2073 5308 ejusdemque
2105 5238 2514 5296 natationibus
2557 5239 2876 5300 illustrata.

1699 5479 1795 5532 41
1806 5477 1952 5533 0-4
1965 5479 2051 5533 l‘l
2117 5481 2514 5541 PREFATIO.

449 5585 510 5670 Si
541 5601 572 5640 e
603 5585 1145 5674 claris-sanctorum
1178 5591 1414 5674 Patrum
1448 5594 1599 5674 Yitis
1630 5610 1707 5650 eae
1740 5594 2305 5674 primumpunctum
2333 5599 2545 5674 ferunt,
2571 5616 2699 5670 qua:
2731 5618 2848 5657 una
2870 5619 3004 5658 cum
3028 5602 3399 5674 antiquitatis
3421 5601 3794 5671 auctoritate,

382 5660 637 5747 maiores
667 5660 991 5747 in'lit‘teris,
1024 5664 1081 5718 in
1116 5665 1440 5747 laboribus,
1465 5668 1531 5747 _in
1569 5660 2161 5747 peregrinationibus,
2195 5671 2250 5724 in
2286 5673 2472 5747 signis
2505 5660 2754 5743 denique
2786 5691 2850 5729 ac
2881 5660 3244 5731 salutaribus
3273 5676 3576 5747 prodigiis,
3614 5660 3799 5730 admi:

379 5728 707 5789 rabilitates
741 5728 1004 5805 habent;
1040 5737 1258 5794 nemini
1291 5728 1437 5795 sane.
1462 5739 1522 5794 in
1554 5728 1736 5794 dubio
1775 5728 2160 5813 relinquitur;
2187 5759 2300 5815 quo
2333 5728 2479 5813 loco,
2513 5728 2699 5816 quov'e
2748 5728 2993 5804 numero
3025 5728 3097 5804 ea
3114 5728 3368 5804 censeri
3393 5728 3793 5818 dejbeiat,hquss
