4048 6406
395 312 508 369 725
1434 317 1632 387 vrra,
1669 318 1883 374 AUCT.
1924 321 1986 371 Ρ.
2028 319 2350 373 HALLOIX
2389 317 2541 376 soc.
2581 320 2782 374 JESU.
3715 313 3827 380 7,26

392 436 591 496 omnis
623 439 777 494 retro
810 437 1137 510 antiquitas
1170 438 1375 505 coluit,
1409 454 1557 509 quos
1590 443 1653 493 tu
1686 439 1814 511 ipse
1847 439 2040 494 adhuc
2072 445 2192 495 tam
2226 445 2427 496 sancte
2451 446 2764 496 veneratus
2795 458 2876 508 es,
2913 444 2967 495 et
2995 442 3358 497 venerandos
3385 455 3516 496 esse
3545 438 3822 509 docuisti,

396 515 627 585 mutata
657 511 736 585 de_
758 511 957 585 subito
992 512 1314 579 voluntate,
1339 528 1494 585 nunc
1528 512 1735 585 abjicis
1761 512 1788 566 ?
1818 516 1880 566 tu
1911 511 2066 582 illos,
2099 512 2259 568 velut
2288 513 2498 569 Circaeo
2534 515 2787 578 quodam
2836 513 3044 585 poculo
3079 514 3134 567 in
3186 513 3367 570 alium
3402 527 3627 585 versus,
3668 528 3824 567 nunc

393 582 812 656 despiciendus
846 589 902 638 et
927 584 1299 656 despuendos
1323 582 1556 656 doces?
1577 582 1771 654 Ecqua
1802 585 1872 656 die
1899 601 2078 639 causa
2104 601 2238 638 vero
2259 586 2285 637 γ
2317 602 2526 656 nempe
2557 593 2624 640 ut
2660 582 2852 640 unum
2880 586 3246 650 seditiosum,
3282 590 3339 640 et
3369 583 3745 654 sceleratum,
3767 588 3825 638 et

393 654 672 736 impium,
706 670 894 736 queui
916 656 1007 709 sui
1037 653 1358 736 populares
1391 656 1462 710 ob
1495 653 1788 736 horrenda
1818 655 2041 736 ﬂagitia
2074 663 2258 710 morte
2283 653 3090 736 infam'issiinamactarunt,_
3113 661 3610 736 tanqua_m__l)eum
3659 655 3819 710 colas

391 731 451 782 et
480 725 776 780 venereris
798 725 826 780 ?
857 725 1063 797 Papae!
1100 725 1474 791 insolentem,
1510 726 1787 793 invisam,
1820 725 2150 782 inauditam
2176 729 2494 782 amentiam
2524 728 2534 781 l
2571 728 2835 783 Taliailli
2867 735 2923 783 et
2947 730 3134 782 multa
3155 725 3289 783 alia.
3315 727 3536 792 Quibus
3561 742 3694 797 cum
3719 743 3816 781 sa-

387 797 766 924 pientissime
799 797 884 851 vir
916 796 1018 853 Dei
1055 815 1242 853 novus
1276 799 1677 868 responderet,
1712 805 1770 852 et
1801 798 1937 854 hinc
1989 801 2230 854 deorum
2267 801 2578 855 vanitatem
2614 817 2682 854 ex
2732 801 3162 870 antiquissimis
3214 801 3474 872 ipsorum
3508 796 3815 869 gentilium

417 868 584 924 ibris.
608 873 665 923 et
697 869 835 923 inde
867 870 1046 924 unius
1067 871 1187 924 veri
1221 871 1320 924 Dei
1352 871 1671 924 veritatem.
1708 870 2085 924 solidissimis
2129 872 2454 924 rationibus
2503 877 3015 924 commonstraret-
3051 872 3266 924 surdis.
3300 872 3454 924 quod
3488 869 3674 924 aiunt.
3707 887 3814 924 au-

417 868 584 943 ibris,
608 873 665 923 et
697 869 835 943 inde
867 870 1046 925 unius
1067 871 1188 943 veri
1221 871 1320 924 Dei
1352 871 1671 943 veritatem,
1708 870 2085 926 solidissimis
2129 872 2454 927 rationibus
2503 868 3015 941 commonstraret,
3051 868 3266 939 surdis,
3300 872 3454 943 quod
3488 868 3674 943 aiunt,
3701 887 3814 943 rau-

388 942 559 1015 ribus
592 941 917 1015 accinebat.
938 947 1004 996 Et
1035 943 1106 997 de
1135 942 1367 998 Christo
1400 942 1661 1013 quidem,
1689 959 1823 997 cum
1857 959 1926 997 ex
1958 943 2121 998 Pauli
2143 944 2407 998 doctrina
2423 945 2552 1015 ejus
2582 961 2879 999 summam
2915 941 3393 998 innocentiam'et
3423 942 3810 1015 voluntariam

390 1030 501 1085 pro
533 1012 873 1086 hominibus
902 1019 1196 1086 mortem,
1224 1019 1281 1069 et
1310 1012 1446 1069 data
1476 1014 1535 1068 in
1569 1020 1756 1069 morte
1780 1015 2065 1086 prodigia,
2110 1012 2653 1085 replicando‘etiam
2689 1018 2948 1070 nondum
2984 1017 3397 1070 inveterratam
3431 1014 3639 1069 defecti
3672 1013 3814 1069 solis

391 1085 766 1149 memoriam,
800 1085 946 1140 satis
996 1086 1150 1140 clare
1197 1087 1564 1141 ostenderet:
1601 1085 1795 1140 tamen
1827 1087 1936 1156 ipsi
1985 1092 2042 1141 et
2088 1087 2242 1143 428
2276 1087 2377 1141 illa
2415 1101 2633 1142 temere
2666 1087 3079 1142 inﬁciabantur
3121 1094 3178 1141 et
3209 1087 3360 1142 hanc
3381 1086 3662 1141 aliorsum
3695 1090 3814 1140 tra-

392 1156 632 1231 hebant:
667 1156 846 1231 Quasi
879 1157 1158 1231 nimirum
1194 1162 1252 1212 et
1281 1157 1416 1231 talis
1462 1157 1798 1231 innocentia
1820 1157 1868 1212 si
1902 1160 2129 1227 fuisset,
2166 1176 2471 1230 nunquam
2507 1160 2714 1214 fuisset
2761 1160 2995 1231 publico
3027 1159 3254 1231 judicio
3287 1160 3679 1231 condemnata
3713 1174 3741 1231 ;Δ
3759 1161 3816 1212 et

385 1227 492 1282 illa
525 1227 670 1283 solis
695 1229 939 1302 defectio
968 1229 1023 1302 si
1054 1235 1245 1283 totum
1295 1230 1492 1302 orbem
1526 1228 1944 1302 inumbrasset,
1980 1247 2092 1284 non
2138 1235 2258 1284 tam
2291 1227 2358 1285 ea
2389 1233 2459 1285 de
2501 1247 2699 1298 causa,
2734 1227 2908 1302 quam
2954 1227 3200 1285 occultis
3247 1230 3603 1302 quibusdam
3635 1228 3812 1302 ratio-

387 1302 568 1374 nibus
600 1299 939 1374 accidisset.‘
967 1300 1224 1355 Plurima
1256 1301 1412 1374 enim
1445 1301 1688 1354 deorum
1723 1301 1855 1374 fatis
1878 1302 1934 1355 in
1971 1302 2194 1374 mundo
2224 1304 2477 1366 evenire,
2512 1299 2767 1374 quorum
2786 1303 3085 1374 explorare
3115 1299 3324 1357 causas
3351 1301 3517 1374 velle,
3543 1301 3812 1374 quando-

388 1372 628 1443 quidem
665 1371 780 1445 ipsi
812 1373 890 1427 dii
927 1371 1163 1443 ignotas
1182 1372 1387 1444 velint,
1421 1379 1694 1428 extremae
1727 1373 1803 1428 sit
1849 1373 2178 1428 dementiae.
2208 1375 2453 1429 Proinde
2484 1371 2648 1431 orare
2677 1391 2739 1429 se
2771 1371 2937 1429 illum
2991 1379 3163 1445 atque
3194 1373 3498 1440 obtestari,
3531 1371 3602 1445 ut
3628 1371 3805 1428 etiam

383 1444 792 1516 atqueetiam
854 1460 1055 1516 secum
1108 1445 1323 1516 cogitet
1373 1447 1549 1516 atque
1582 1446 1911 1501 consideret
1957 1447 2094 1516 quid
2125 1445 2484 1516 agit;totam
2523 1447 2612 1502 hic
2669 1450 2798 1516 ejus
2829 1444 3325 1502 existimationem
3376 1450 3553 1515 atque
3584 1444 3800 1500 famam

431 1514 709 1590 erieiitari
739 1532 751 1570 :
789 1515 1030 1590 neciipsi
1063 1514 1293 1590 tantum
1325 1514 1468 1590 eam‘
1489 1516 1789 1590 religionis
1823 1514 2232 1584 mutationem,
2263 1519 2362 1573 sed
2400 1519 2684 1574 universae
2703 1514 2951 1590 quoque
2988 1518 3397 1589 Dionysiorum
3430 1514 3591 1590 genti
3629 1519 3806 1587 atque

411 1587 631 1662 ’amiliae
662 1587 852 1662 fraudi
887 1587 1025 1642 fore.
1065 1589 1252 1662 Quasi
1274 1588 1652 1662 misereretur
1683 1589 1796 1653 sui,
1831 1606 2214 1662 suorumque,
2247 1607 2386 1644 neve
2417 1607 2519 1662 per
2545 1587 3009 1662 imprudentiam
3042 1587 3232 1653 suam,
3256 1592 3358 1643 aut
3387 1587 3806 1662 temeritatem,

384 1663 490 1732 aut
519 1659 996 1732 stultitiam,iaut
1027 1660 1205 1732 etiam
1240 1659 1600 1730 impietatem
1636 1661 2048 1725 committeret,
2085 1659 2150 1715 ut
2181 1664 2392 1716 domus
2415 1659 2522 1716 sua
2555 1659 2726 1717 modo
2759 1668 2877 1717 tam
2919 1662 3156 1727 ﬂorens,
3185 1666 3303 1715 tam
3351 1659 3653 1732 opulenta,
3686 1663 3808 1732 tam

382 1729 607 1805 honore
640 1735 698 1785 et
727 1729 1394 1805 gloria_circumﬂ_uen’s,
1414 1736 1470 1786 et
1499 1748 1728 1805 semper
1750 1732 2035 1787 hactenus
2058 1733 2116 1787 in
2149 1735 2410 1788 omnium
2438 1750 2536 1788 ore
2568 1738 2623 1789 et
2647 1733 2818 1788 laude
2843 1738 3095 1796 versata,
3117 1749 3274 1788 nunc
3305 1729 3481 1805 unius
3514 1730 3805 1805 supersti-

380 1801 565 1857 tionis
581 1805 750 1877 (quae
778 1803 1004 1877 passim
1036 1801 1650 1877 exsibiletur)_gratia,
1679 1804 1810 1858 istis
1843 1805 2117 1859 omnibus
2151 1807 2391 1873 nudata,
2427 1807 2483 1859 in
2519 1806 2792 1877 squalore
2825 1805 3210 1877 etisordibus,
3243 1803 3488 1877 humilis
3513 1806 3571 1877 et
3593 1801 3803 1877 idefor-

382 1872 786 1946 matajaceat,
818 1872 1084 1946 nihilque
1118 1875 1349 1946 pristini
1389 1872 1836 1946 'decoris‘atque
1868 1877 2197 1930 ornamenti
2249 1872 2497 1932 retineat
2523 1903 2536 1942 ;
2567 1872 2668 1932 sed
2708 1876 2966 1932 infamiae
3013 1872 3203 1946 atque
3239 1874 3599 1946 ignominiae,
3629 1874 3804 1945 cujus

382 1951 505 2000 tam
536 1946 746 2000 vixerit
766 1944 1051 2001 hactenus
1084 1944 1367 2012 insolens,
1404 1947 1503 2001 fiat
1531 1944 1800 2002 obnoxia.
1836 1947 1950 2002 Nec
1973 1949 2288 2003 defuerunt
2320 1950 2588 2009 fortasse.
2623 1950 2721 2016 qui
2766 1948 3036 2002 exsilium
3068 1944 3126 2002 ct
3165 1944 3476 2011 tormenta,
3510 1949 3612 2001 aut
3641 1944 3798 2000 mer-

379 2022 527 2091 tem,
561 2024 619 2073 et
649 2018 904 2072 Socratis
936 2018 1180 2072 exitium
1213 2018 1264 2072 ei
1295 2019 1734 2091 denuntiarent.
1767 2019 1822 2074 Si
1848 2019 2004 2073 enim
2040 2021 2285 2087 Socrati,
2320 2025 2438 2074 tam
2473 2020 3056 2091 philosopho,iDeum
3096 2036 3279 2074 unum
3315 2023 3374 2074 et
3421 2034 3660 2091 novum,
3693 2019 3796 2073 sed

381 2088 556 2144 illum
587 2094 786 2144 tamen
811 2105 1138 2162 summum,
1171 2096 1228 2162 et
1248 2091 1320 2145 ab
1353 2090 1512 2145 hisce
1535 2091 1790 2145 miseriis
1824 2091 2314 2156 remotissimum,
2340 2088 2642 2147 inducenti
2670 2088 2778 2145 nex
2801 2090 2973 2146 allata
2997 2092 3112 2159 sit;
3147 2091 3288 2162 quid
3313 2092 3383 2144 de
3407 2107 3480 2162 eo
3504 2090 3795 2155 futurum,

386 2162 489 2244 qui
527 2178 708 2216 unum
736 2159 1076 2216 furciferum
1109 2161 1298 2231 (nulla
1330 2162 1486 2216 enim
1522 2168 1645 2217 erat
1675 2163 1829 2232 apud
1859 2163 2125 2218 efferatos
2157 2164 2364 2218 talium
2399 2165 2705 2218 verborum
2744 2162 3123 2288 parsimonia?
3155 2159 3211 2218 et
3232 2161 3662 2216 interlatrones
3692 2177 3792 2232 pa-

390 2231 714 2288 tibulatum
744 2232 880 2288 (38).
915 2248 1040 2288 esse
1070 2231 1252 2287 Deum
1287 2234 1546 2288 edoceat.
1580 2240 1635 2288 et
1665 2251 1767 2288 nro
1798 2251 2014 2288 magno
2044 2235 2298 2288 Numine
2327 2237 2584 2288 venditet
2611 2236 2638 2288 ?
2673 2235 2928 2288 Denique
2958 2234 3094 2288 simi
3124 2250 3152 2288 e
3184 2250 3424 2288 prorsus
3453 2233 3685 2288 somnio
3715 2233 3792 2287 vi-

390 2231 714 2306 tibulatum
744 2232 880 2303 (38),
911 2248 1040 2306 esse
1070 2231 1546 2306 Deum_edoceat,
1580 2240 1635 2288 et
1665 2231 1767 2304 pro
1798 2251 2014 2305 magno
2044 2235 2298 2289 Numine
2327 2237 2584 2290 venditet
2611 2236 2638 2288 ?
2673 2235 2928 2305 Denique
2958 2231 3152 2289 simile
3184 2250 3424 2306 prorsus
3453 2231 3797 2306 somnio’vi-

393 2303 542 2378 deri,
575 2309 693 2378 tam
729 2305 1195 2378 stupidumesse
1215 2304 1485 2378 aliquem
1517 2310 1572 2378 et
1594 2303 1868 2378 bardum,
1899 2303 1996 2376 qui
2027 2306 2149 2378 hac
2179 2313 2296 2361 tam
2330 2307 2700 2362 incredibilia
2720 2306 2805 2360 vel
2834 2303 3201 2378 suspicetur,
3225 2321 3338 2378 non
3373 2305 3546 2378 modo
3565 2305 3800 2374 credat;

390 2377 533 2450 quid
567 2377 755 2432 virum
787 2376 1027 2431 doctum
1048 2375 1072 2450 ἢ
1093 2376 1231 2450 quid
1260 2375 1719 2450 Areopagitami?
1752 2377 1886 2448 quid
1919 2375 2095 2450 primi
2116 2377 2280 2433 illius
2297 2380 2526 2434 consilii
2559 2379 2880 2450 principem
2901 2378 2928 2432 ?
2953 2375 3051 2450 ‘Ita
3073 2375 3190 2434 fere
3220 2377 3339 2432 isti.
3371 2377 3593 2450 Quibus
3623 2392 3800 2448 quam

393 2447 700 2521 sapienter
732 2451 788 2502 et
821 2464 998 2520 quam
1048 2447 1276 2503 fortiter
1324 2447 1518 2504 novus
1558 2447 1780 2521 Christi
1822 2447 2040 2506 athleta
2094 2452 2486 2520 responderit,
2517 2447 2673 2506 haud
2727 2447 3156 2521 paulofacilius
3194 2456 3284 2505 est
3307 2449 3588 2521 cogitatu,
3623 2447 3800 2519 quam

392 2519 554 2593 dictu
591 2538 604 2576 :
638 2535 876 2593 summa
924 2525 1122 2574 tamen
1144 2520 1422 2593 responsi
1474 2521 1596 2576 haec
1629 2520 1748 2593 fuit
1771 2539 1784 2576 :
1811 2521 1995 2576 Valde
2028 2519 2251 2577 scilicet
2300 2523 2358 2577 in
2391 2523 2603 2577 Christi
2655 2519 2903 2593 persona
2935 2521 3005 2576 ab
3037 2521 3258 2593 ignaris
3306 2519 3806 2593 hominibus,iauit

397 2591 576 2645 nimis
606 2591 867 2647 credulis
898 2591 1176 2663 aberrari.
1212 2589 1353 2646 Nam
1383 2593 1576 2662 qualis
1608 2591 1781 2646 fuerit
1813 2594 2108 2662 magister,
2134 2611 2248 2647 non
2281 2594 2510 2649 aliunde
2544 2589 2760 2650 certius
2783 2608 2961 2663 quam
2996 2589 3069 2647 ex
3095 2591 3403 2661 discipulis
3437 2609 3608 2663 posse
3633 2589 3802 2663 disci.

391 2663 651 2726 Quorum
686 2662 1106 2732 discipulorum
1141 2679 1209 2717 ea
1239 2663 1314 2717 sit
1338 2665 1475 2730 vita,
1511 2663 1549 2717 ii
1585 2679 1799 2728 mores,
1835 2670 1899 2718 ut
1949 2664 2091 2718 nihil
2124 2665 2424 2731 vitiosum,
2459 2665 2606 2719 nihil
2643 2662 2836 2729 fallax,
2871 2663 3014 2717 nihil
3063 2665 3324 2719 fucatum
3357 2662 3714 2733 deprehendi
3746 2663 3805 2717 in

383 2734 734 2816 iisnpossits
766 2736 1032 2816 doctrina
1053 2750 1210 2816 .vero
1241 2738 1361 2816 tam
1390 2741 1587 2816 rectae
1617 2734 1828 2789 rationi
1862 2740 1926 2816 e_t_
1973 2753 2115 2816 verae
2147 2737 2534 2809 philosophia!
2595 2742 3010 2802 consentanea,
3045 2739 3140 2816 ut.
3168 2735 3337 2816 nihil
3373 2737 3584 2807 magis.
3616 2735 3800 2806 Cujus

388 2805 618 2879 scilicet
650 2805 895 2862 minime
923 2806 1163 2861 dubiam
1201 2807 1502 2862 veritatem
1527 2808 1734 2878 ingens
1765 2805 2165 2878 prodigiorum
2195 2825 2321 2863 eam
2357 2805 2429 2864 o’b
2462 2825 2583 2863 rem
2617 2813 2978 2879 patratorum
3014 2807 3182 2878 copia
3213 2805 3512 2879 evidenter
3543 2805 3806 2878 compro-

397 2877 555 2934 barit
615 2879 728 2949 (39)
761 2895 774 2932 :
809 2883 866 2932 et
915 2895 1116 2934 eorum
1149 2878 1389 2948 quidem
1441 2877 1862 2950 prodigiorum,
1899 2877 2114 2950 quibus
2145 2897 2260 2935 non
2297 2898 2444 2936 vana
2493 2877 2801 2934 hominum
2836 2881 2992 2935 fama
3022 2877 3274 2950 gloriave
3304 2877 3546 2933 collecta
3575 2877 3800 2948 sit,’sed

381 2949 780 3032 infirmorum,
813 2950 1232 3032 studebilium,
1256 2955 1327 3032 et.
1355 2949 1719 3032 mancorum,
1754 2951 1868 3032 imo
1915 2949 1970 3006 et
2002 2957 2392 3032 mortuorum,
2424 2954 2669 3032 sanitas,
2695 2951 2833 3032 vita,
2867 2949 3046 3006 salus’
3071 2954 3419 3032 procurata.
3447 2951 3539 3032 ’Λᾶ
3603 2950 3797 3032 minas

381 3020 718 3095 autem_vel
776 3021 964 3095 exsilii
1007 3021 1094 3077 vel
1155 3020 1548 3095 mortisquod
1582 3023 1848 3095 attineat,
1887 3039 1948 3077 se
1980 3024 2065 3078 vel
2114 3025 2350 3079 Socrate
2382 3026 2506 3095 ipso
2539 3023 2820 3078 libentius
2856 3020 3304 3095 promptiusque
3335 3021 3579 3095 (quippe
3611 3026 3665 3095 et
3695 3039 3797 3094 pro

382 3093 614 3149 meliori
673 3094 874 3167 causa)
908 3096 1280 3167 moriturum.
1304 3093 1506 3167 ,Vitam
1566 3094 1732 3167 enim,
1755 3111 1903 3162 esse,
1931 3112 2046 3149 non
2099 3101 2372 3161 mortem,
2401 3093 2500 3167 pro
2533 3095 2762 3150 Christo
2796 3093 2964 3150 meri.
3000 3099 3162 3167 Hanc
3193 3098 3462 3158 mortem,
3497 3093 3584 3167 vel
3614 3093 3795 3167 vitam

382 3167 608 3238 potius,
632 3165 901 3238 certatim
936 3184 968 3219 a
1000 3165 1347 3238 Christianis
1381 3166 1521 3237 peti,
1545 3171 1601 3221 et
1650 3166 1879 3221 avidius
1901 3184 2073 3235 quam
2107 3163 2454 3222 thesaurum
2507 3168 2702 3235 qumri.
2737 3172 2853 3221 Nec
2882 3183 3016 3220 vero
3049 3166 3364 3237 Epicureos
3394 3170 3516 3220 tam
3569 3163 3800 3238 inhiare

384 3236 568 3308 atque
599 3236 1576 3309 adhinnireAvoluptatibus,’quam
1608 3255 1776 3292 veros
1801 3255 1866 3292 ac
1898 3255 2206 3309 germanos
2238 3240 2452 3295 Christi
2482 3244 2801 3293 sectatores
2833 3255 2931 3294 eos
2961 3236 3225 3301 refugere
3265 3243 3438 3308 atque
3470 3237 3797 3309 aspernari.

385 3307 532 3366 Nam
570 3325 685 3379 prae
746 3307 1062 3382 cunctiset
1086 3307 1523 3382 'voluptatibus
1555 3309 1858 3364 etdeliciis
1893 3307 2148 3382 maximo
2207 3311 2355 3382 ipsis
2389 3312 2446 3365 in
2481 3311 2664 3382 pretio
2698 3326 2827 3366 esse
2874 3309 3126 3374 labores,
3160 3307 3428 3382 sudores,
3461 3308 3707 3382 vigilias,
3743 3312 3801 3364 et

384 3378 753 3453 quacunque
783 3378 958 3451 vulgo
989 3378 1294 3435 hominum
1321 3381 1470 3436 dura
1497 3385 1553 3436 et
1581 3397 1787 3506 aspera
1817 3387 1875 3436 et
1902 3378 2293 3438 intolerabilia
2326 3378 2692 3454 reputantur.
2728 3383 2889 3448 Quod
2923 3382 3181 3451 profecto
3215 3381 3353 3435 dum
3403 3379 3646 3448 faciunt,
3681 3397 3799 3436 non

384 3453 607 3506 vitiatae
640 3452 1023 3506 infractaque
1057 3457 1301 3506 naturae.
1335 3457 1391 3506 et
1420 3453 1491 3506 ad
1527 3452 1641 3506 mol
1674 3453 1722 3506 ia
1758 3469 1992 3506 semper
2021 3454 2364 3506 inclinantis
2396 3455 2703 3506 instinctu.
2743 3455 2842 3506 sed
2876 3452 3096 3506 eximiae
3126 3452 3436 3506 cuiusdam
3484 3451 3721 3506 virtutis
3744 3456 3799 3506 et

383 3451 607 3509 vitiatae
640 3451 1023 3523 infractaque
1057 3457 1301 3518 naturae,
1335 3457 1391 3507 et
1420 3453 1491 3507 ad
1527 3451 1722 3508 mollia
1758 3469 1992 3523 semper
2021 3454 2364 3509 inclinantis
2394 3451 2704 3520 instinctu,
2743 3455 2842 3508 sed
2876 3452 3096 3508 eximiae
3126 3452 3436 3522 cujusdam
3484 3451 3721 3507 virtutis
3744 3456 3801 3507 et

381 3524 613 3597 altioris
648 3523 956 3597 potestatis
988 3524 1374 3587 adminiculo,
1407 3524 1462 3578 id
1493 3541 1554 3578 se
1584 3529 1859 3595 praestare
1892 3527 2199 3581 manifesto
2257 3528 2532 3597 produnt.
2571 3527 2666 3580 His
2699 3525 2887 3597 igitur,
2912 3529 2968 3578 et
3013 3523 3234 3579 talibus
3269 3523 3465 3597 dictis,
3500 3523 3701 3597 qualia
3731 3539 3800 3597 ex

379 3596 547 3651 Pauli
579 3595 677 3670 ore
712 3596 1028 3670 identidem
1062 3613 1247 3670 novus
1281 3601 1405 3665 tyro
1427 3597 1888 3670 audiebatlnam
1919 3599 1989 3651 ad
2037 3595 2300 3670 divinum
2333 3600 2460 3670 ejus
2492 3595 2764 3668 spiritum
2800 3596 3058 3670 animam
3101 3613 3269 3670 suam
3303 3595 3795 3670 agglutinavernt)

387 3685 505 3723 non
538 3669 712 3724 modo
744 3668 815 3722 ab
847 3667 1204 3735 importunis
1235 3683 1436 3722 eorum
1472 3667 1949 3740 aggressionibus
1984 3669 2134 3726 belle
2163 3686 2224 3723 se
2273 3666 2634 3740 expediebat,
2670 3671 2767 3724 sed
2803 3669 2978 3724 etiam
3013 3667 3329 3740 nonnullos
3361 3666 3477 3739 qua
3507 3667 3557 3720 vi
3619 3666 3798 3740 ratio-

383 3757 550 3804 num,
588 3757 704 3810 qua
761 3740 1130 3822 auctoritatis
1192 3738 1527 3822 ponderein
1555 3738 1714 3822 suas
1747 3746 1962 3811 partes,
1994 3759 2107 3796 non
2141 3758 2311 3822 secus
2348 3738 2443 3822 ac
2472 3743 2688 3822 fereum
2746 3757 3008 3822 magnes,
3043 3738 3418 3822 pertrahebat
3454 3755 3467 3793 :
3503 3739 3792 3822 quosdam

377 3827 711 3882 vero,quos
772 3811 1038 3867 evincere
1066 3810 1392 3867 obstinatos
1452 3813 1692 3867 omnino
1714 3810 1828 3867 neu
1885 3818 2130 3882 poterat,
2165 3814 2372 3869 saltem
2430 3813 2799 3869 labefactatis
2849 3810 3361 3867 eorum’arietibus
3394 3826 3460 3865 ac
3499 3810 3791 3867 machinis

378 3884 464 3957 ita
519 3883 968 3957 quatefeciebat,
995 3888 1060 3938 ut
1114 3884 1238 3957 suis
1270 3883 1593 3957 inciperent
1648 3884 2082 3940 munitionibus
2114 3889 2290 3956 atque
2351 3886 2666 3942 momentis
2720 3885 3022 3957 diffidere:
3058 3883 3205 3939 alios
3227 3883 3620 3957 deniquesua
3652 3900 3796 3953 prae-

379 3953 625 4028 fractius
683 3955 1163 4028 obstiniatiusque
1193 3955 1589 4023 defendentes,
1625 3973 1802 4026 quam
1835 3957 2024 4012 aliena
2057 3953 2376 4028 patientius
2438 3958 2787 4026 faciliusque
2819 3956 3188 4028 sufferentes,
3225 3955 3305 4011 ita
3335 3953 3695 4028 absolvebat,
3731 3958 3797 4011 ut

379 4027 800 4098 intelligerent,
835 4027 947 4082 nisi
1003 4045 1142 4082 suas
1166 4029 1606 4083 accommodare
1637 4045 1809 4083 aures
1865 4026 2232 4099 sapientibus
2264 4028 2431 4083 dictis
2493 4030 2755 4095 mallent,
2790 4044 2967 4096 quam
3006 4026 3251 4090 alienas,
3277 4026 3528 4099 arreptis
3558 4028 3792 4099 etrivio

381 4096 740 4161 maledictis,
771 4099 1117 4164 obtundere,
1151 4099 1296 4153 nihil
1330 4116 1458 4154 esse
1490 4115 1591 4154 cur
1612 4100 1855 4154 domum
1879 4096 2049 4155 suam
2075 4101 2464 4165 venditarent,
2486 4106 2586 4154 aut
2608 4115 2988 4168 congressum
3014 4100 3274 4169 peterent
3295 4115 3307 4152 :
3328 4096 3612 4169 quidquid
3635 4098 3792 4154 enim

379 4177 640 4242 agerent,
672 4175 906 4226 acturos
937 4170 1822 4242 frustrafrustralaboraturos.
1857 4172 1998 4227 Cum
2027 4176 2219 4226 autem
2250 4179 2440 4226 essent
2476 4189 2590 4225 non
2624 4169 2940 4242 pauci,qui
2971 4168 3115 4234 tcto,
3148 4169 3302 4242 quod
3336 4168 3524 4229 aiunt,
3558 4174 3792 4242 pectore

382 4240 669 4299 adversus
701 4259 834 4298 eum
868 4242 1294 4315 obniterentur,
1324 4241 1522 4315 nullus
1553 4249 1748 4297 tamen
1785 4243 1893 4297 fuit
1921 4261 1987 4298 ex
2019 4243 2312 4309 omnibus,
2347 4243 2447 4313 qui
2473 4243 2604 4315 plus
2637 4241 2990 4315 lacessiverit
3027 4240 3271 4315 negotii,
3302 4241 3612 4315 quamiqui
3646 4240 3794 4296 alias

380 4332 538 4370 unus
565 4320 688 4370 erat
718 4331 787 4370 ex
808 4313 1086 4370 omnibus
1110 4313 1280 4385 longe
1309 4313 1699 4370 charissimus
1722 4319 1779 4370 et
1811 4315 2331 4381 familiarissimus,
2360 4312 2567 4386 nempe
2586 4334 2613 4369 a
2649 4314 2835 4383 prima
2866 4318 3032 4386 aetate
3054 4312 3295 4386 sodalis,
3319 4315 3375 4366 et
3396 4312 3795 4386 injuventute

379 4387 918 4468 peregrinationum
951 4387 1162 4468 socius,
1186 4383 1250 4468 et.
1276 4402 1391 4467 uno
1423 4386 1800 4468 verbonalte‘r
1825 4391 1966 4468 ipse,
2001 4387 2437 4468 Apollophanos
2457 4407 2475 4442 :
2502 4383 2662 4468 idem
2688 4386 2929 4468 inquam
2959 4385 3076 4468 itte,
3101 4385 3200 4456 qui
3240 4388 3304 4468 ut
3325 4383 3592 4468 moribus
3614 4383 3793 4439 simul

377 4455 436 4516 et
460 4455 673 4515 studiis
708 4458 924 4514 artium
957 4456 1503 4529 conjunctissimus.
1538 4462 1595 4512 et
1627 4456 1684 4512 in
1716 4455 1959 4529 J’Egvpto
2009 4455 2470 4524 contubernalis,
2505 4455 2947 4513 celeberrimam
2981 4455 3142 4529 illam
3182 4455 3341 4529 solis
3382 4455 3794 4529 defectionem,

379 4547 517 4586 cum
582 4529 861 4600 lleliopoli
917 4547 1034 4585 una
1071 4526 1295 4592 essent,
1330 4528 1509 4584 simul
1560 4526 1882 4593 notaverat,
1919 4531 2095 4585 simul
2155 4530 2574 4600 eXploraverat.
2608 4531 2705 4584 sed
2743 4546 2856 4584 non
2913 4527 3235 4598 perindein
3279 4543 3378 4582 cor
3405 4526 3794 4600 animumque

379 4602 722 4659 demiserat.
752 4597 812 4658 'Is
846 4601 1025 4673 igitur
1055 4601 1284 4656 nullum
1312 4601 1930 4673 nonimovitlapidem.
1965 4620 2079 4672 quo
2112 4597 2389 4656 intimum
2424 4619 2596 4658 suum
2632 4601 2885 4656 amicum
2917 4597 2985 4654 de
3019 4607 3294 4673 suscepta
3319 4614 3469 4673 nova
3506 4597 3793 4673 religione

380 4675 742 4731 deturbaret.
781 4669 893 4728 Hic'
910 4681 1106 4728 autem
1133 4689 1162 4727 e
1193 4672 1485 4728 contrario
1517 4673 1642 4726 dies
1668 4669 2078 4744 noctesque'de
2109 4674 2210 4729 illo
2243 4676 2299 4728 in
2326 4691 2491 4729 suam
2519 4673 2868 4744 sententiam
2894 4671 3243 4726 attrahendo
3273 4669 3794 4744 cogi_t_are._Adibat

377 4751 436 4803 et
465 4746 745 4802 audiebat
776 4745 924 4800 alter
955 4745 1205 4800 alterum
1237 4761 1303 4800 eo
1336 4744 1614 4818 libentius
1639 4762 1710 4818 ac
1745 4741 2081 4816 patientius,
2111 4763 2226 4818 quo
2259 4746 2490 4817 utrique
2524 4746 2748 4799 avidior
2779 4743 3013 4799 animus
3053 4746 3176 4818 erat
3208 4747 3263 4798 et
3295 4741 3437 4797 socii
3483 4741 3791 4818 evincendi

376 4818 614 4889 sibique
662 4817 1043 4890 adjungendi,
1077 4820 1134 4871 et
1190 4815 1699 4890 veterisamicitia:
1746 4813 2098 4874 retinendas.
2127 4813 2237 4872 Sed
2301 4813 2433 4872 cum
2468 4818 2619 4873 4‘29
2657 4823 2889 4890 mutua;
2940 4813 3306 4890 accessiones
3350 4830 3583 4890 semper
3605 4813 3788 4890 plenae

380 4886 602 4947 amoris
633 4886 1085 4961 essent,itamen
1121 4889 1387 4943 maeroris
1420 4887 1732 4961 luctusque
1764 4895 2133 4961 erantquam
2157 4890 2620 4944 confertissima.
2655 4890 2798 4944 Nam
2842 4887 2913 4943 ob
2964 4905 3099 4955 spes
3129 4886 3428 4961 utrimqne
3470 4886 3789 4961 frustratus

380 4979 500 5034 quo
533 4965 724 5032 major
765 4962 824 5016 in
856 4959 1127 5034 ingressu
1153 4977 1318 5034 amor
1349 4976 1431 5034 se_
1460 4956 1834 5034 explic'ucrat,
1875 4956 1987 5017 hoc
2016 4962 2244 5016 tristior
2278 4962 2332 5034 in
2368 4963 2635 5033 digressu
2671 4965 2898 5034 amator
2948 4956 3562 5034 sn_ccede_hat.'Levi_us
3591 4962 3789 5034 tamen

379 5029 437 5091 et
467 5029 810 5106 patientius,
845 5029 1238 5106 quodcunque
1280 5031 1596 5106 istud_erat
1628 5033 1930 5106 molestiae,
1965 5035 2183 5106 ferebat
2234 5029 2578 5105 Dionysius:
2614 5035 2830 5106 quippe
2862 5031 3027 5106 Pauli
3085 5035 3142 5106 et
3198 5029 3491 5085 Hierothei
3521 5029 3790 5106 consola-

375 5101 640 5162 tionibus
699 5101 1086 5166 sustentatus,
1111 5101 1229 5159 imo
1261 5107 1318 5158 et
1368 5102 1584 5158 caelesti
1622 5105 1787 5159 intus
1848 5105 2051 5175 gratia,
2087 5101 2409 5175 praesertim
2456 5124 2486 5158 a
2518 5101 2791 5175 suscepto
2819 5101 3167 5158 initiationis
3193 5106 3587 5175 sacramento,
3619 5101 3787 5175 robo-

383 5183 553 5234 ratus
589 5195 602 5234 :
639 5182 698 5232 at
725 5195 857 5232 vero
892 5175 1324 5248 Apollophanes
1355 5175 1551 5246 (quem
1587 5181 1642 5230 et
1671 5177 1782 5234 ista
1811 5174 2163 5232 deficiebant
2195 5194 2222 5230 e
2259 5177 2401 5232 crelo
2436 5174 2724 5248 praisidia.
2762 5179 3015 5248 et_qucm
3052 5191 3159 5228 sua
3188 5174 3432 5248 insuper
3475 5174 3791 5248 conturbas

389 5249 813 5322 bat,iintusque
861 5243 1144 5322 agitabat,
1178 5247 1330 5301 sicut
1363 5243 1554 5317 prava
1585 5253 1643 5301 et
1669 5250 2088 5322 perversapsic
2123 5243 2470 5322 perantiqua
2502 5252 2563 5322 et
2595 5248 2794 5322 nimis_
2819 5243 3143 5322 inveterata
3173 5247 3241 5301 de
3261 5243 3376 5322 diis
3409 5243 3793 5322 suisiopinio)

377 5321 680 5378 continere
719 5317 790 5378 'se
814 5317 1113 5379 intérdum
1147 5336 1262 5374 non
1295 5323 1548 5389 poterat,
1582 5317 1724 5390 quin
1757 5338 1962 5391 graves
1987 5321 2040 5374 in
2080 5317 2198 5376 iras
2225 5317 2400 5391 atque
2431 5321 2678 5386 injurias
2714 5317 3118 5374 vehementius
3166 5319 3586 5391 exardesceret,
3610 5317 3796 5391 atque

374 5410 442 5449 eo
475 5411 906 5464 nonnunquam
966 5409 1153 5461 usque
1184 5389 1653 5464 progrederetur,
1687 5389 1975 5448 utimultis
2022 5389 2400 5462 indignisque
2428 5398 2544 5446 tam
2580 5391 2901 5464 Christum,
2926 5407 3101 5464 quam
3158 5389 3428 5464 Paulum,
3459 5389 3618 5464 velut
3644 5389 3792 5464 tanti

373 5466 509 5521 mali
541 5461 832 5534 auctores,
859 5464 1136 5522 conviciis
1170 5461 1226 5518 et
1260 5462 2083 5530 exsecrationibusoneraret;
2117 5464 2236 5518 imo
2271 5461 2607 5534 utrumque,
2645 5469 2707 5518 ut
2741 5462 2899 5516 mille
2923 5462 3219 5528 crucibus,
3244 5461 3408 5534 mille
3433 5461 3800 5518 cruciatibus

377 5532 825 5606 dignissimum,
854 5537 1001 5594 diris
1024 5535 1302 5608 omnibus
1329 5533 1654 5589 devoveret.
1687 5537 1924 5608 Nempe.
1963 5537 2044 5589 uti
2075 5537 2279 5592 acerbe
2313 5532 2635 5608 infrendens
2665 5535 2855 5608 aiclyit
2875 5533 3018 5589 nihil
3047 5532 3535 5608 unquam_visu__m
3558 5534 3792 5608 tetrius,

379 5609 528 5664 nihil
562 5605 832 5664 auditum
879 5605 1522 5678 exsecrabilius,rquam
1551 5608 1624 5662 ob
1671 5605 1865 5662 nescio
1890 5624 2065 5678 quam
2129 5608 2410 5663 novitiam
2434 5607 2639 5663 li‘JNTl.
2679 5623 2780 5661 nec
2805 5606 3013 5673 legem.
3051 5610 3108 5661 et
3133 5607 3205 5660 ob
3236 5605 3412 5660 unius
3439 5605 3715 5678 vilissimi
3738 5610 3797 5661 et

383 5681 870 5737 facinorosissimi
895 5679 1079 5738 Judaei
1115 5680 1264 5751 (qua:
1289 5677 1522 5751 effrenis
1544 5685 1668 5734 erat
1692 5679 1877 5751 ipsius
1901 5677 2298 5751 etimnltornm
2327 5678 2758 5749 maledicentia)
2781 5678 3117 5733 simulatam
3144 5683 3201 5732 et
3219 5680 3549 5747 arrogatam
3578 5677 3794 5751 divini:

385 5757 563 5809 tatem
598 5754 694 5822 (ob
725 5771 901 5825 quam
937 5748 1133 5808 tamen
1158 5748 1518 5825 dignissima
1548 5748 1729 5825 poena
1751 5753 1804 5806 in
1842 5750 2079 5825 sublimi
2115 5753 2509 5825 pependisset.)
2542 5753 2679 5804 deos
2712 5751 2966 5825 optimos
2999 5751 3310 5825 maximos,
3342 5754 3516 5817 atque
3540 5749 3612 5825 ab
3630 5748 3792 5825 omni

384 5820 670 5882 vetustate
725 5820 939 5894 cultos,
973 5820 1703 5894 contemni,isanctissima
1745 5829 1801 5878 et
1834 5820 2256 5893 augustissima
2313 5824 2525 5892 templa
2560 5824 2769 5888 deseri,
2804 5822 3256 5894 antiquissimae
3304 5820 3680 5894 caeremonias
3712 5822 3790 5877 ri-

389 5898 612 5970 tusque
641 5898 882 5973 negligi,
913 5891 1148 5956 omnem
1179 5893 1434 5968 denique
1463 5911 1763 5953 sacrorum
1796 5891 2140 5970 religionem
2172 5913 2237 5953 ac
2268 5891 2540 5968 pietatem
2564 5896 2623 5951 in
2672 5913 2887 5953 sannae
2913 5891 3286 5968 ludibriaque
3342 5891 3620 5950 converti.
3655 5895 3793 5960 Quae
