4048 6384
369 293 473 353 731

377 424 498 482 haec
527 429 654 481 erat

378 497 492 580 ipsi
520 497 820 580 hominem
856 497 1248 580 patibulatum
1281 497 1521 580 et‘cruci
1551 499 1816 580 affixum,
1837 502 1892 551 et
1912 513 2032 552 ser-

374 568 473 623 vili
506 575 692 626 morte
723 568 1075 624 damnatum
1107 568 1380 624 colerent.
1431 569 1523 624 Sic
1549 585 1617 622 ex
1675 569 1794 623 illis
1843 585 2031 623 unum

370 640 599 697 inducit
629 641 967 713 loquentem
1003 641 1308 713 Arnobius
1333 641 1430 694 lib.
1460 658 1476 694 1
1507 641 1776 713 Adversus
1806 649 2028 710 gentes:

366 734 395 764 ‹‹
431 713 542 767 Sed
577 711 724 777 non;
750 712 954 784 inquit,
991 713 1212 784 idcirco
1255 711 1334 765 dii
1391 713 1553 766 vobis
1614 712 1809 766 infesti
1840 719 2028 784 sunt,

365 785 519 856 quod
555 782 1022 856 omnipotentem
1046 783 1251 838 colatis
1292 785 1495 856 Deum,
1519 785 1617 838 sed
1644 785 1798 854 quod
1838 782 2029 837 homi-

367 855 501 911 nem
535 855 765 921 natum,
800 863 858 910 et
887 856 1062 928 (quod
1102 855 1363 925 personis
1399 855 1618 910 infame
1651 862 1740 910 est
1789 856 2027 925 vilibus)

366 929 564 1000 crucis
595 929 887 1000 supplicio
919 929 1446 1000 interemptum,et
1476 932 1659 982 Deum
1701 927 1886 1000 fuisse
1903 943 2025 1000 cre-

369 999 530 1065 ditis,
563 1007 622 1056 et
659 998 966 1070 superesse
1011 998 1202 1052 adhuc
1248 998 1507 1065 creditis,
1557 1006 1615 1054 et
1665 998 2028 1069 quotidianis

371 1072 903 1143 supplicationibus
936 1070 1217 1143 adoratis.
1257 1091 1302 1143 »ᾲ
1336 1070 1527 1143 Βίορι
1570 1070 1748 1126 alium
1803 1070 2029 1124 inducit

370 1141 653 1200 Minatius
680 1143 834 1199 Felix
856 1143 914 1196 in
933 1141 1194 1196 Octavio:
1218 1164 1244 1189 ‹‹
1269 1141 1336 1196 Et
1353 1142 1451 1213 qui
1478 1142 1775 1196 hominem
1794 1159 2026 1196 summo

370 1215 664 1286 supplicio
693 1232 794 1285 pro
815 1215 1069 1268 facinore
1091 1213 1400 1286 punitum,
1434 1221 1490 1267 et
1522 1215 1714 1269 crucis
1753 1213 1912 1283 ligna
1944 1213 2022 1266 fe-

370 1285 514 1342 ralia
545 1303 745 1342 eorum
797 1285 1172 1340 caeremonias
1226 1285 1585 1352 fabulantur,
1641 1287 2028 1356 congruentia

366 1359 612 1430 perditis
639 1358 1055 1426 sceleratisque
1077 1356 1573 1430 tribuuntaltaria
1603 1373 1616 1412 :
1645 1365 1698 1430 ut
1726 1357 1779 1411 id
1807 1357 2022 1430 colant,

365 1427 521 1502 5—448
553 1429 708 1502 quod
742 1435 1061 1502 merentur.
1115 1450 1141 1502 ῃ
1187 1427 1385 1498 Neque
1431 1431 1614 1482 tacuit
1663 1429 2023 1502 Lactantius,

368 1500 837 1570 Firmianus,qui
872 1500 974 1555 lib.
1009 1516 1065 1554 iv
1106 1501 1179 1554 De
1229 1516 1355 1554 vera
1401 1502 1702 1569 sapientia,
1752 1518 1879 1570 cap.
1917 1501 2020 1554 16:

369 1594 391 1623 ι
413 1572 593 1628 Venio
625 1589 801 1632 nunc,
833 1573 1035 1643 inquit.
1070 1573 1142 1626 ad
1179 1572 1532 1641 passionem,
1565 1588 1695 1642 qua)
1726 1573 1883 1627 velut
1919 1589 2024 1643 op-

362 1644 872 1716 probriumnobis
891 1643 1168 1716 objectari
1194 1644 1362 1716 solet,
1396 1644 1547 1715 quod
1570 1651 1625 1698 et
1649 1644 1944 1699 hominem
1969 1649 2025 1697 et

365 1714 438 1772 ab
471 1715 811 1772 hominibus
841 1714 1061 1786 insigni
1095 1714 1387 1785 supplicio
1417 1714 1695 1770 affectum
1728 1721 1785 1770 ct
1815 1732 2025 1770 excru-

1599 300 1661 356 Β.
1700 297 2023 356 DIONYSII
2061 296 2567 355 AREOPAGITB.

698 425 1007 498 gentilium
1060 425 1119 498 in
1163 424 1521 498 Christianos
1567 425 1843 494 objectio,
1877 425 2035 495 quod
2067 426 2120 492 Α
2151 425 2491 498 sumpsitS.
2518 423 2826 498 Dionysius
2851 441 2882 498 e
2913 424 3014 480 lib.
3039 425 3219 481 Josue
3245 441 3374 498 cap.
3416 443 3472 494 κ,
3525 445 3677 486 vers.
3722 431 3811 497 12,

3697 299 3808 359 732

2151 503 2208 552 et
2240 495 2405 568 seqq.
2443 497 2538 551 ubi
2573 495 2679 551 sic
2709 495 3014 566 loquitur:
3070 498 3212 552 Tunc
3267 495 3479 554 locutus
3523 506 3602 556 est
3649 495 3814 558 Josue

2141 568 2394 628 Domino.
2444 570 2503 623 in
2550 568 2638 623 die
2690 584 2801 638 qua
2851 568 3080 623 tradidit
3136 571 3516 626 Amorrhseum
3576 575 3633 627 in
3677 590 3811 629 con-

2139 651 2323 710 spectu
2353 642 2600 709 ﬁliorum
2629 637 2823 706 Israel,
2869 641 3123 711 dixitque
3155 657 3343 696 coram
3389 645 3467 698 eis
3497 659 3510 697 :
3564 645 3656 700 Sol
3677 661 3814 700 con-

2137 713 2230 766 tra
2251 713 2474 766 Gabaon
2500 728 2571 766 ne
2601 714 2889 778 movearis,
2917 722 2966 766 et
2998 713 3140 766 luna
3175 719 3371 768 contra
3402 715 3603 770 vallem
3681 717 3813 772 Aia-

2141 783 2665 854 lon.Steteruntque
2693 784 2774 836 sol
2825 787 2874 838 et
2924 784 3080 852 luna,
3126 782 3298 840 donec
3337 786 3700 842 ulcisceretur
3760 805 3815 844 se

2137 870 2270 925 gens
2300 856 2364 910 de
2390 858 2635 910 inimicis
2663 856 2800 909 suis.
2836 857 3302 925 Nonnescriptum
3333 867 3412 912 est
3445 857 3544 912 hac
3573 861 3631 914 in
3673 860 3816 916 libro

2127 928 2411 996 justorum
2439 927 2457 980 Ρ
2489 928 2651 1000 Stetit
2683 930 2877 997 itaque
2908 927 2987 980 sol
3019 929 3078 980 in
3113 928 3289 1000 medio
3328 929 3473 996 cwli,
3509 934 3560 985 et
3578 947 3690 985 non
3727 937 3815 1000 [e-

2134 999 2704 1054 stinavitoccumbere
2733 1002 2908 1069 spatio
2941 1001 3108 1052 unius
3137 998 3272 1053 diei.
3322 1000 3436 1055 Non
3489 1004 3602 1070 fuit
3652 998 3820 1058 antea

2137 1085 2235 1141 nec
2271 1080 2455 1138 paslea
2504 1078 2619 1125 tam
2668 1072 2830 1141 longa
2887 1070 3024 1135 dies,
3097 1072 3375 1125 obedienlc
3421 1073 3648 1128 Domino
3698 1075 3819 1129 voci

2137 1140 2400 1203 hominis,
2432 1147 2482 1196 et
2513 1151 2750 1212 pugante
2767 1140 2868 1213 pro
2902 1141 3103 1196 Israel.
3160 1141 3554 1199 Ecclesiastici
3613 1150 3810 1200 autem

2136 1229 2264 1283 cap.
2298 1230 2446 1276 xavr,
2494 1214 2550 1282 3,
2589 1215 2671 1268 ita
2719 1217 2789 1268 de
2839 1215 3057 1269 Josue:
3107 1213 3187 1267 An
3235 1231 3346 1268 non
3390 1220 3448 1269 in
3498 1217 3815 1272 iracumdia

2133 1284 2586 1410 zjuuospimpeditus
2617 1290 2694 1340 est
2725 1287 2830 1351 sol,
2888 1295 2938 1341 et
2987 1301 3101 1340 una
3141 1284 3256 1340 dies
3304 1290 3460 1356 facta
3515 1293 3595 1344 est
3654 1291 3820 1360 quasi

2173 1373 2282 1411 αοε

2208 1427 2479 1502 Assignat
2511 1443 2680 1499 porro
2713 1426 3044 1502 Dionysius
3098 1427 3246 1480 duos
3300 1426 3545 1502 modos,
3591 1429 3812 1502 quibus

2137 1499 2257 1553 ﬁeri
2295 1498 2602 1570 potuit,’ut
2643 1498 2728 1554 sol
2760 1505 2818 1554 et
2864 1498 3008 1553 luna
3055 1502 3281 1553 starent
3321 1499 3569 1570 immoti.
3607 1498 3810 1557 'Unus

2134 1568 2394 1642 quidem,
2421 1587 2544 1642 quo
2577 1587 2782 1626 omnes
2831 1571 2958 1624 cmli
2998 1586 3114 1624 una
3153 1586 3289 1624 cum
3341 1568 3461 1624 illis
3517 1575 3807 1642 consiste-

2135 1641 2282 1715 rent,
2310 1641 2653 1715 nullamque
2685 1643 2741 1696 iu
2776 1648 3001 1715 partem
3053 1647 3446 1715 moverentur.
3481 1641 3659 1715 Alter,
3691 1661 3804 1715 quo

2133 1714 2260 1769 cmli
2293 1731 2520 1779 omnes,
2555 1711 2731 1768 etiam
2773 1711 2853 1768 illi
2905 1714 2964 1766 in
3018 1713 3236 1782 quibus
3269 1711 3355 1767 sol
3409 1718 3466 1767 et
3499 1713 3639 1770 luna
3710 1711 3810 1770 fixi

364 1787 583 1844 ciatum
629 1789 918 1844 colamus.
963 1783 990 1834 ἦ
1039 1787 1100 1840 Et
1146 1783 1271 1856 cap.
1329 1787 1414 1848 16.
1466 1787 1718 1842 ibidem:
1776 1808 1803 1837 «
1855 1788 2021 1842 Dicat
2055 1789 2096 1852 Β
2130 1793 2289 1846 sunt.
2325 1785 2497 1839 solito
2525 1792 2681 1840 motu
2716 1785 3104 1850 volverentur,
3135 1783 3364 1855 solique
3412 1784 3498 1839 sol
3562 1792 3619 1840 et
3666 1785 3809 1843 luna

363 1859 522 1915 enim
557 1858 826 1914 fortassis
857 1858 1106 1927 aliquis:
1143 1858 1258 1912 Cur
1288 1859 1336 1911 si
1391 1860 1538 1912 Deus
1587 1859 1715 1922 fuit,
1769 1864 1824 1913 et
1874 1858 2016 1913 mori

361 1930 696 1999 voluit,non
731 1931 940 1985 saltem
975 1930 1220 1984 honesto
1252 1929 1448 1998 aliquo
1479 1931 1684 1985 mortis
1713 1946 1925 1999 genere
1945 1929 2032 1985 af-

366 2003 555 2058 fectus
583 2002 717 2058 est?
749 2019 854 2057 cur
885 2001 1261 2071 potissimum
1295 2017 1465 2055 cruce
1511 2019 1616 2056 cur
1661 2001 1865 2056 infami
1927 2018 2028 2072 ge-

367 2090 506 2129 nere
527 2074 841 2145 supplicii?
870 2073 1024 2145 quod
1047 2073 1236 2145 etiam
1255 2072 1490 2145 homine
1524 2073 1723 2137 libero,
1757 2075 2030 2144 quamvis

367 2143 1291 2215 nocentefviileaturindignum.
1330 2166 1358 2193 »
1403 2144 1547 2199 Vide
1590 2145 1667 2198 ibi
1733 2143 2028 2215 insignem

369 2218 838 2288 responsionem.
865 2219 1066 2288 Neque
1097 2214 1277 2270 siluit
1324 2215 1714 2288 Augustinus,
1763 2214 1880 2284 qui”
1910 2233 2030 2271 ser-

369 2287 548 2345 mone
575 2290 630 2356 8,
696 2290 769 2343 De
801 2287 984 2343 Verbis
1031 2287 1274 2357 Apostoli
1307 2304 1319 2341 :
1363 2308 1390 2336 «
1436 2287 1510 2342 De
1561 2287 1742 2342 Cruce
1790 2288 2029 2349 Christi,

367 2360 581 2432 inquit,
615 2358 1096 2432 nobisinsultant
1132 2359 1442 2432 sapientes
1475 2358 1651 2429 hujus
1696 2359 1925 2432 mundi,
1973 2366 2030 2432 et

367 2429 578 2488 dicunt
612 2450 624 2488 :
662 2430 842 2497 Quale
866 2448 965 2485 cor
997 2429 1244 2494 habetis,
1278 2430 1378 2500 qui
1411 2429 1594 2484 Deum
1629 2430 1819 2486 colitis
1851 2431 2028 2486 cruci-

370 2504 553 2559 fixum
580 2503 592 2558 l
632 2527 652 2552 ι
688 2504 834 2557 Vide
855 2502 1029 2557 etiam
1051 2503 1104 2556 S.
1144 2501 1425 2556 lsidorum
1455 2502 1803 2558 Pelusiotam
1827 2502 1928 2558 lib.
1950 2520 2024 2569 ιν,

369 2576 544 2647 epist.
578 2575 667 2647 3t,
703 2575 802 2647 ubi
831 2572 1118 2647 gentilem
1153 2574 1465 2647 quemdam
1501 2575 1854 2643 scphistam,
1903 2574 2028 2629 irri-

368 2645 607 2703 dentem
626 2646 704 2701 Ch
717 2645 841 2701 risti
865 2662 1098 2718 crucem
1115 2652 1172 2699 et
1194 2645 1550 2718 passionem.
1575 2647 1804 2718 egregie
1818 2651 2024 2718 etcum

368 2719 663 2789 applansu
697 2717 1063 2774 audientium
1114 2718 1384 2771 convicit.
1433 2717 1578 2789 Nam
1623 2717 1756 2772 cum
1810 2717 1908 2772 ille
1954 2720 2026 2773 de

359 2788 478 2847 Deo
511 2791 787 2846 crucifixo
819 2790 876 2844 in
909 2789 1161 2844 effusum
1196 2789 1380 2843 risum
1411 2788 2028 2861 solveretur,quaasivit

363 2863 630 2919 Isidorus
663 2879 676 2918 :
715 2884 736 2913 ι
771 2861 881 2916 Sed
915 2861 1071 2916 unde
1104 2864 1268 2930 potes
1290 2861 1695 2917 demonstrare
1721 2861 2022 2917 Christum

359 2935 708 2990 crucifixum
743 2933 771 2986 ‘I
797 2955 825 2982 »
858 2930 1205 2988 Mirantibus
1237 2933 1714 3004 autemgcunctis,
1740 2950 2022 3004 quorsum

361 3006 498 3062 talis
527 3005 908 3075 interrogatio
931 3005 1218 3067 tenderet,
1251 3003 1490 3074 gentilis
1521 3004 1678 3060 velut
1717 3003 1914 3060 certus
1953 3005 2024 3060 de

359 3077 606 3133 victoria
635 3077 934 3147 respondit
967 3093 979 3131 :
1019 3099 1039 3125 ι
1072 3075 1136 3130 In
1160 3075 1370 3130 vestris
1415 3075 1743 3147 Evangeliis
1786 3077 1838 3130 id
1886 3077 2024 3131 scri-

2141 1857 2322 1928 quieti
2357 1858 2558 1911 eodem
2593 1857 2649 1911 in
2686 1856 2810 1911 loco
2839 1862 3086 1921 starent,
3137 1873 3241 1911 nec
3292 1873 3425 1911 cum
3473 1857 3598 1912 suis
3647 1858 3809 1915 cmlis

2142 1937 2532 1984 moverentur.
2565 1929 2725 1992 Quod
2760 1929 3051 1999 posterius
3077 1928 3408 1997 prodigium
3433 1928 3645 1985 merito
3679 1931 3807 1986 Dio-

2140 2002 2344 2068 nysius
2379 2000 2554 2071 priori
2599 2000 3013 2054 admirabilius
3062 2001 3325 2055 futurum
3356 1999 3539 2055 tuisse
3585 2007 3798 2058 censet.

2139 2073 2397 2127 Turbam
2431 2073 2586 2126 enim
2611 2072 2940 2142 ingentium
2975 2072 3300 2126 contineret
3351 2071 3794 2141 miraculorum,

2140 2160 2267 2215 quae
2300 2143 2611 2212 astrologis
2631 2143 2897 2215 relinquo
2939 2143 3342 2215 expendenda.

2209 2219 2396 2287 Super
2427 2215 2532 2269 hac
2563 2212 2813 2270 duorum
2840 2212 3222 2270 luminarium
3273 2212 3514 2287 insolita
3558 2219 3615 2270 et
3663 2231 3800 2287 pro-

2140 2285 2368 2357 digio—sa
2399 2287 2650 2358 statione
2683 2293 2857 2358 atque
2891 2303 3053 2340 mora
3105 2285 3426 2340 nonnullas
3485 2285 3802 2356 pertractat

2139 2357 2606 2429 quaestiunculas
2649 2357 2947 2413 Serrarius
3002 2362 3200 2413 noster
3230 2359 3306 2429 in
3355 2373 3478 2428 cap.
3532 2375 3568 2412 x
3616 2362 3800 2428 Josue,

2137 2427 2260 2499 quis
2293 2446 2536 2500 operum
2569 2431 2768 2485 vacuis
2802 2447 2917 2485 non
2951 2430 3030 2484 sit
3081 2427 3281 2484 inutile
3307 2427 3596 2484 contueri.
3651 2427 3798 2486 Vide

2137 2507 2194 2556 et
2225 2501 2544 2572 Gasparem
2578 2501 2854 2556 Sancium
2888 2503 2946 2556 in
2979 2518 3192 2555 xxxvm
3224 2509 3406 2570 caput
3446 2503 3626 2556 Isaiae.

2209 2573 2322 2643 (44)
2357 2574 2490 2641 Quis
2520 2579 2715 2628 auctor
2746 2573 2888 2628 alias
2917 2575 3051 2643 fuit,
3080 2577 3141 2628 ut
3168 2572 3284 2626 dies
3304 2589 3450 2626 unus
3477 2574 3594 2643 fere
3624 2572 3804 2628 tribus

2135 2644 2505 2725 aequaretur?
2536 2645 2847 2725 sliudhoc
2881 2647 3020 2725 loco_
3062 2643 3332 2725 proponit
3373 2643 3430 2698 S.
3488 2644 3803 2725 Dionysius

2135 2716 2563 2788 Appollophani
2597 2716 2954 2788 prodigium,
2989 2717 3060 2770 de
3081 2716 3518 2788 solisiregressu
3539 2716 3802 2786 tempore

2137 2788 2389 2842 Ezechiae
2423 2787 2576 2860 regis
2602 2787 2913 2860 Juda.’Cui
2952 2787 3436 2860 signum_futurai
3480 2788 3804 2844 curationis

2136 2876 2255 2914 suae
2289 2858 2611 2930 postulanti
2648 2860 2727 2914 ait
2757 2859 2942 2914 Isaias
2971 2859 3072 2915 lib.
3097 2876 3149 2913 iv
3183 2858 3430 2931 Regum,
3463 2875 3592 2931 cap.
3614 2860 3796 2925 xx,9:

2139 2932 2250 2986 Hoc
2279 2929 2382 2986 erit
2412 2933 2633 3001 signum
2663 2948 2696 2985 a
2746 2931 2998 2995 Domino,
3059 2929 3200 3001 quod
3254 2933 3505 3001 facturus
3541 2929 3638 2986 sit
3697 2932 3801 2986 Do-

2136 3002 2324 3057 minus
2352 3019 2683 3066 sermonem,
2715 3019 2875 3072 quem
2907 3003 3118 3057 locutus
3137 3009 3218 3056 est
3240 3018 3258 3055 .'
3297 3003 3382 3057 Vis
3431 3005 3493 3056 ut
3541 3005 3798 3058 ascendat

2132 3075 2328 3145 umbra
2360 3074 2544 3129 decem
2575 3075 2764 3141 lineis,
2797 3091 2870 3129 an
2901 3083 2962 3128 ut
2993 3078 3308 3129 revertatur
3340 3073 3564 3129 totidem
3603 3074 3792 3145 gradi-

361 3154 546 3234 ptum_
564 3153 654 3204 est
684 3144 922 3234 istum
956 3147 1251 3234 Isidorus:
1290 3168 1317 3196 «
1350 3146 1523 3217 Atqui
1559 3144 1627 3234 et.
1675 3148 1730 3234 in
1753 3147 2017 3234 .iisde‘m,
2053 3153 2094 3219 (ς
2135 3144 2268 3234 bus?
2301 3145 2821 3234 Et'uityEsechias:
2858 3147 3062 3234 Facile.
3089 3150 3190 3234 εδει
3236 3145 3491 3234 umbram
3520 3144 3794 3234 sacrescsre

362 3219 570 3294 inquit,
602 3220 888 3294 scriptum
921 3225 1030 3286 est,
1063 3220 1216 3290 quod
1252 3221 1637 3294 resurrexerit
1666 3225 1722 3274 et
1751 3220 1806 3274 in
1844 3219 2020 3294 ccelos

362 3290 622 3348 redierit.
645 3291 705 3347 Si
727 3290 864 3363 ergo
913 3307 1094 3346 unum
1136 3291 1325 3345 credis
1366 3290 1694 3360 Evangelio,
1749 3292 1918 3346 crede
1968 3299 2021 3346 et

364 3364 642 3421 alterum.
679 3386 706 3413 ››
740 3363 876 3419 Post
904 3380 1032 3434 quas
1063 3367 1266 3417 tantus
1293 3366 1382 3417 est
1410 3367 1648 3418 exortus
1695 3365 2018 3419 astantium

363 3435 528 3520 risus
557 3439 614 3492 et
630 3435 1359 3520 ‘applaususfnut‘uterque
1393 3435 1786 3518 erubesceret,
1829 3435 2019 3490 Isido-

359 3525 464 3565 rus
495 3509 566 3563 de
591 3505 798 3577 gloria,
821 3505 1061 3578 gentilis
1092 3505 1162 3560 de
1194 3505 1538 3575 ignominia.

431 3579 546 3650 (39)
573 3580 768 3650 Ingens
813 3578 1201 3650 prodigiorum
1247 3593 1377 3650 eam
1423 3579 1486 3632 ob
1527 3595 1645 3650 rem
1673 3580 2020 3650 patratorum

362 3648 820 3721 capiaevidenter
839 3648 1229 3721 comprobarit.
1263 3648 1374 3721 Via
1417 3649 1697 3721 probandi
1745 3649 2016 3705 divinita-

361 3719 483 3777 tem
536 3721 752 3776 Christi
802 3738 903 3784 per
962 3719 1425 3792 prodigiasab
1464 3720 1716 3792 ipsomet
1791 3721 2020 3776 Christo

363 3798 605 3849 ostensa
634 3798 742 3860 est,
778 3791 1069 3856 Mattth,
1105 3792 1202 3846 ubi
1239 3791 1435 3847 missis
1458 3791 1501 3846 a’
1537 3794 1756 3847 Joanne
1807 3793 1876 3847 ad
1930 3793 2019 3847 in-

360 3866 809 3936 terrogandum,
842 3881 983 3920 num
1016 3865 1140 3934 ipse
1173 3864 1413 3919 Messias
1433 3869 1489 3918 et
1536 3863 1796 3919 Salvator
1842 3869 2018 3932 esset,

362 3937 669 4008 respondit
698 3955 710 3992 :
749 3941 953 3994 Euntes
982 3937 1294 3992 renuntiate
1323 3937 1544 4008 Joanni,
1584 3950 1718 4008 aqua:
1765 3936 2016 4008 audistis.

366 4006 512 4065 Caci
539 4009 742 4075 vident,
803 4008 992 4064 claudi
1031 4007 1345 4071 ambulant,
1394 4006 1614 4075 leprosi’
1647 4007 2020 4069 mandantur,

363 4080 523 4136 surdi
552 4081 812 4147 audiunt,
844 4081 1051 4137 mortui
1078 4083 1394 4148 resurgunt,
1435 4094 1702 4148 pauperes
1747 4079 2026 4147 evangeli-

365 4157 590 4210 zantur.
624 4153 784 4208 Hanc
814 4153 966 4207 viam
1000 4157 1058 4206 et
1081 4151 1326 4221 apostoli
1362 4155 1698 4210 tenuerunt.
1729 4155 1787 4203 et
1818 4166 2019 4205 eorum

365 4229 686 4281 sectatores
718 4241 783 4280 ac
817 4223 1030 4294 posteri
1069 4241 1082 4278 :
1127 4239 1232 4294 nec
1265 4238 1488 4294 unqum
1545 4221 1612 4275 ad
1658 4221 1834 4294 fidem
1889 4238 2022 4294 prn-

366 4297 623 4352 bandam
655 4293 842 4352 defuit
873 4297 928 4350 in
965 4293 1219 4349 Ecclesia
1255 4293 1346 4348 Dei
1376 4293 1657 4362 potestas
1709 4293 2022 4350 miraculo-

366 4384 524 4423 rum.
557 4367 716 4422 Hanc
750 4367 882 4423 fidei
915 4371 972 4422 et
1000 4365 1273 4422 Ecclesia)
1301 4369 1507 4436 notam
1533 4363 1679 4418 bene
1704 4369 2022 4436 pertracta-

365 4439 451 4495 vit
479 4443 536 4492 S.
565 4439 841 4495 Justinus
873 4443 1112 4510 martyr,
1147 4438 1216 4493 ad
1251 4437 1422 4507 cujus
1445 4435 1662 4502 Vitam,
1707 4435 1807 4492 ubi
1829 4454 1931 4493 nos
1953 4439 2025 4494 de

369 4510 475 4566 illa
504 4511 714 4574 fusius,
748 4511 980 4567 remitto
1011 4509 1310 4564 lectorem.

441 4583 555 4653 (40)
577 4585 637 4638 In
673 4585 983 4654 Polycarpi.
1019 4580 1072 4636 Is
1119 4585 1209 4637 est
1248 4581 1306 4636 S.
1360 4577 1734 4650 Polycarpus,
1783 4579 2025 4638 Joannis

371 4654 621 4728 apostoli
643 4654 1006 4728 discipulus.

443 4725 558 4796 (41)
588 4727 666 4782 Ab
694 4721 1068 4797 Apollophane
1097 4721 1366 4792 sophista.
1398 4721 1618 4797 Nomen
1663 4722 1911 4797 sophista
1940 4727 2030 4778 est

372 4793 559 4853 unum
587 4814 658 4854 ex
688 4793 1066 4864 ancipitibus,
1100 4799 1156 4848 et
1188 4809 1315 4864 qum
1347 4796 1659 4863 utramque
1690 4793 1748 4848 in
1801 4800 2026 4864 partem

368 4867 500 4940 capi
531 4875 801 4941 possunt,
826 4863 1138 4941 bonumset
1167 4863 1407 4920 malam.
1443 4864 1550 4941 Hic
1579 4869 1773 4941 autem
1806 4863 1884 4920 in
1927 4866 2029 4941 _bo-

368 4937 508 5013 nam
533 4937 795 5013 capitur,
829 4957 928 5011 pro
948 4937 1483 5013 mul_tz_1rum_rernm
1504 4940 1560 4991 et
1577 4937 1794 5013 artium
1821 4937 2025 5013 perito.

367 5012 524 5088 Alibi
568 5006 840 5088 appellat
864 5028 1006 5088 eum
1059 5006 1374 5088 Dionysius
1412 5007 1687 5088 .dotrinsen
1724 5006 2026 5088 speculum,

371 5083 508 5138 alibi
541 5078 724 5140 virum
751 5083 1074 5155 sapientem.
1129 5078 1224 5155 De:
1256 5078 1458 5155 primis
1494 5078 2028 5155 signiﬁcati_0_nibus

365 5155 737 5230 vocishuius
770 5148 1034 5230 σῷφισῖής
1061 5150 1313 5230 sophista
1334 5148 1621 5204 videndus
1660 5155 1751 5206 est
1801 5152 2024 5208 Plutar-

367 5226 518 5282 chus
539 5227 595 5281 in
635 5221 1013 5286 Themistocle,
1045 5221 1155 5277 sub
1185 5221 1442 5276 initium.

437 5299 556 5371 (42)
591 5300 716 5371 Qui,
748 5299 1279 5371 ut_docent_sa_cf_;§
1305 5293 1524 5371 littera).
1555 5295 1692 5371 facit
1724 5303 2028 5366 mulatquaa

363 5363 574 5424 omnia.
611 5370 796 5424 Locus
822 5369 917 5422 hic
945 5371 1034 5424 est
1057 5365 1117 5420 in
1142 5364 1281 5420 LXX
1313 5363 1530 5433 Interp.
1565 5366 1762 5430 Amos,
1808 5363 1934 5433 cap'.
1972 5384 2027 5435 v,

366 5441 424 5503 8,
479 5441 570 5494 bis
618 5441 848 5495 verbis:
891 5439 953 5495 Ὀ
1002 5439 1172 5492 ποιῶν
1224 5435 1395 5489 πάντα
1455 5436 1540 5490 καὶ
1595 5438 2024 5506 μετασκευάζων.

368 5512 596 5566 Faciens
646 5514 832 5567 omnia
885 5516 936 5568 et
978 5519 1217 5565 mutans.
1281 5508 1511 5578 Alioqui
1556 5508 1793 5571 vulgata
1848 5510 2026 5564 editio

369 5582 571 5637 Latina
603 5581 814 5639 habet:
854 5584 1157 5638 Facientem
1211 5581 1505 5634 Arcturum
1548 5585 1602 5633 et
1653 5579 1930 5644 Orionem,
1978 5585 2029 5635 et

370 5659 771 5709 convertentem
820 5657 879 5711 in
911 5672 1074 5710 mane
1130 5652 1405 5712 tenebras,
1437 5660 1485 5705 el
1529 5650 1675 5706 diem
1726 5652 1782 5705 in
1813 5661 2030 5708 noctem

369 5728 698 5798 mutantem.
735 5728 1020 5798 Loquitur
1051 5728 1246 5780 autem
1281 5724 1352 5798 de
1374 5723 1512 5790 Deo,
1535 5724 1705 5794 cujus
1735 5723 1919 5780 solius
1940 5729 2030 5780 est

371 5796 510 5855 talis
541 5797 711 5868 actio,
744 5794 1072 5865 conversio,
1105 5794 1374 5868 mutatio.

443 5870 560 5944 (43)
591 5864 722 5940 Quis
749 5874 899 5932 enim
926 5864 1082 5945 fecit,
1111 5876 1171 5925 ut
1199 5866 1334 5924 olim
1352 5865 1433 5923 sol
1459 5869 1511 5924 et
1552 5865 1710 5938 luna,
1759 5869 1868 5925 etc.
1920 5864 2027 5924 De-

2139 3217 2322 3272 decem
2355 3217 2523 3272 lineis
2551 3233 2571 3277 .·
2602 3233 2700 3271 nec
2728 3216 2825 3271 hoc
2855 3218 2970 3271 volo
3001 3227 3062 3272 ut
3094 3217 3214 3286 fiat,
3242 3216 3333 3272 sed
3364 3226 3426 3272 ut
3474 3223 3798 3273 revertatur

2135 3298 2438 3344 retrorsum
2505 3288 2681 3343 decem
2729 3289 3014 3359 gradibus.
3068 3290 3351 3343 Invocavit
3381 3289 3568 3360 itaque
3595 3289 3792 3344 Isiaias

2126 3361 2392 3432 propheta
2441 3360 2753 3424 Domi-num,
2785 3365 2834 3415 et
2877 3361 3107 3432 reduxit
3140 3361 3535 3432 rumbramgper
3587 3361 3791 3427 lineas,

2134 3431 2333 3504 quibus
2362 3433 2473 3499 iam
2507 3432 2870 3487 descenderat
2900 3431 2960 3486 in
2992 3431 3272 3502 horologia
3325 3431 3556 3504 Achazp
3582 3437 3794 3488 retror-

2137 3503 2262 3559 sum
2289 3505 2475 3559 decem
2503 3505 2796 3573 gradibus.
2849 3505 2942 3559 Sic
2987 3504 3088 3558 ibi.
3120 3505 3280 3569 Quod
3316 3503 3668 3560 miraculum
3702 3521 3793 3560 re-

2132 3576 2371 3647 ponitur
2394 3576 2557 3630 Isaia
2581 3592 2723 3647 cap.
2758 3592 2995 3641 xxxvm,
3036 3577 3069 3627 7
3101 3575 3193 3629 his
3227 3575 3440 3647 verbis
3475 3591 3487 3630 :
3538 3577 3646 3631 Hoc
3691 3593 3800 3630 au-

2132 3645 2238 3702 tem
2271 3648 2374 3701 tibi
2401 3649 2508 3702 erit
2537 3645 2762 3717 signum
2789 3665 2820 3701 a
2853 3647 3106 3713 Domino,
3138 3645 3272 3718 quia
3313 3649 3481 3716 faciet
3529 3647 3800 3703 Dominus

2131 3719 2357 3773 verbum
2388 3719 2504 3782 hoc,
2537 3720 2686 3791 quod
2717 3719 2930 3774 locutus
2975 3723 3096 3773 est:
3149 3719 3278 3773 Ecce
3325 3734 3425 3791 ego
3463 3720 3670 3774 reverti
3712 3722 3798 3791 fa-

2129 3791 2273 3844 ciam
2302 3791 2537 3842 unbram
2575 3789 2877 3860 tinearum,
2910 3793 2961 3844 et
3005 3807 3102 3860 per
3152 3807 3286 3861 quas
3325 3789 3676 3846 descenderat
3714 3789 3799 3847 ‘in

2131 3861 2409 3930 horologio
2441 3861 2618 3915 Achaz.
2648 3862 2704 3915 in
2736 3863 2870 3921 sole.
2917 3871 3218 3918 retrorsum
3267 3862 3451 3918 decem
3495 3861 3677 3918 lineis.
3724 3864 3799 3916 Et

2131 3947 2378 4059 Secessus
2406 3941 2486 3987 est
2512 3934 2594 3987 sol
2623 3933 2803 3988 decem
2835 3934 3000 3990 lineis
3028 3951 3131 4006 per
3158 3934 3382 4006 gradus,
3413 3950 3544 4005 quos
3573 3935 3796 3990 descen-

2169 4020 2262 4059 era
2300 4045 2309 4055 .

2169 4007 2309 4059 erat.

2203 4076 2420 4130 Sensus
2453 4073 2710 4128 historiae
2765 4075 2943 4146 hujus
2993 4080 3082 4130 est
3132 4075 3308 4131 talis:
3363 4075 3636 4131 Ezechias
3695 4093 3799 4132 rex

2131 4146 2288 4220 Juda
2321 4162 2386 4220 ex
2417 4146 2576 4216 gravi
2613 4146 2955 4202 infirmitate
2987 4148 3399 4220 lectoaffixus,
3460 4147 3643 4220 Deum
3687 4166 3798 4220 pro

2131 4216 2468 4291 valetudine
2500 4221 2900 4291 recuperanda
2926 4218 3221 4275 exoravit:
3257 4219 3412 4275 Deus
3436 4236 3539 4291 per
3577 4216 3797 4276 Isaiam

2137 4290 2479 4363 prophetam
2515 4290 2566 4363 ei
2601 4307 2714 4345 non
2749 4293 2922 4346 modo
2974 4307 3036 4347 se
3086 4290 3483 4346 valetudinem
3533 4292 3800 4347 redditu-

2136 4360 2290 4427 rum,
2325 4360 2425 4415 sed
2458 4361 2631 4416 etiam
2658 4363 2997 4433 quindecim
3050 4380 3236 4417 annos
3276 4363 3406 4417 vitai
3450 4363 3796 4420 additurum

2137 4433 2428 4506 promisit.
2459 4433 2736 4506 Ezechias
2768 4437 3004 4506 signum
3038 4435 3204 4505 petiit
3240 4434 3299 4489 in
3332 4437 3461 4506 ejus
3512 4435 3593 4490 rei
3625 4436 3799 4491 testi-

2061 4531 2104 4595 ι)
2138 4505 2714 4595 maniumslndi‘ilsit
2745 4505 2918 4595 Deus,
2943 4511 3008 4595 ‘et
3064 4505 3375 4595 facturam:
3407 4523 3472 4595 se
3519 4506 3692 4595 dixit:
3732 4513 3802 4563 ut

2137 4578 2247 4645 sol,
2275 4577 2376 4647 qui
2403 4576 2526 4647 jam
2561 4578 2762 4632 decem
2797 4579 2908 4632 diei
2943 4577 3118 4632 horas
3150 4579 3497 4642 confecerat,
3549 4579 3798 4634 totidem

2138 4645 2670 4722 retro—reﬂecteret,
2703 4656 2878 4721 atque
2921 4649 2981 4703 in
3034 4649 3794 4722 orientemhregrederetur.

2138 4721 2308 4793 Quod
2328 4723 2384 4774 et
2415 4721 2632 4775 factum
2666 4720 2796 4777 est;
2825 4723 2904 4776 Ac
2951 4726 3258 4793 propterea
3298 4720 3396 4793 ille
3441 4720 3595 4777 unus
3644 4722 3793 4777 dies.

2139 4808 2256 4863 quo
2297 4791 2412 4846 ista
2450 4793 2708 4865 fiebant,
2740 4799 2893 4848 recte
2940 4791 3157 4848 dicitur
3204 4810 3237 4847 a
3269 4792 3559 4865 Dionysio
3611 4793 3800 4865 fuisse

2139 4865 2256 4919 lere
2287 4879 2392 4934 par
2425 4864 2632 4919 tribus.
2667 4864 2812 4921 Nam
2845 4866 2891 4921 si
2926 4869 3179 4935 quatuor
3211 4864 3567 4920 adderentur
3613 4864 3796 4931 horas,

2139 4940 2337 5008 essent
2393 4935 2631 5008 triginta
2687 4946 2832 5000 octo,
2885 4954 2951 4992 ac
3024 4941 3450 5008 consequenter
3492 4942 3629 5008 tres
3667 4938 3798 4994 dies

2137 5007 2281 5062 Nam
2316 5023 2446 5061 cum
2479 5008 2604 5062 dies
2631 5009 2707 5063 sit
2738 5010 3013 5064 horarum
3050 5007 3373 5076 duodecim,
3417 5007 3500 5063 sol
3537 5011 3663 5079 jam
3697 5009 3793 5063 de-

2139 5095 2262 5134 cem
2297 5079 2648 5143 confecerat,
2683 5085 2856 5145 atque
2890 5081 2969 5134 ita
2993 5080 3109 5135 fere
3160 5097 3342 5135 unum
3391 5079 3548 5134 diem
3597 5079 3798 5136 absol-

2137 5154 2318 5216 verat,
2351 5150 2607 5220 exceptis
2641 5151 2863 5208 scilicet
2913 5152 3144 5206 duabus
3192 5152 3346 5206 434
3395 5151 3576 5221 boris,
3636 5157 3802 5208 ante-

2140 5237 2317 5292 quam
2351 5223 2755 5289 regrederetur
2787 5241 2799 5279 :
2835 5224 2894 5278 in
2927 5239 3197 5291 regressu
3230 5227 3427 5278 autem
3473 5239 3608 5278 cum
3658 5225 3798 5278 toti-

2139 5293 2282 5365 dem,
2305 5292 2482 5365 horas
2511 5294 2882 5364 impenderit,
2907 5311 3117 5365 nempe
3147 5295 3369 5361 decem,
3403 5295 3646 5350 secundi
3679 5295 3795 5350 diei

2139 5364 2392 5439 spatium
2421 5364 2553 5430 fuit,
2585 5368 2842 5439 exceptis
2891 5364 3132 5439 rursum;
3169 5367 3411 5439 duabus
3450 5366 3633 5437 horis,
3677 5383 3798 5439 quo

2139 5437 2335 5512 decem
2369 5435 2644 5512 horarum
2680 5435 2871 5512 spatio
2904 5437 3279 5512 pervenitsol
3304 5438 3374 5492 ad
3401 5436 3594 5494 locum
3620 5435 3800 5496 ortus

2139 5507 2270 5580 sui:
2299 5523 2366 5580 ex
2396 5524 2510 5578 quo
2536 5507 2745 5564 deinde
2772 5507 3002 5564 loco'ad
3037 5509 3399 5565 occidentem
3436 5526 3619 5580 usque
3649 5527 3798 5566 con-

2139 5579 2275 5634 fecit
2301 5579 2607 5651 duodecim
2645 5581 2816 5636 horas
2849 5580 3146 5651 integras;
3180 5581 3259 5635 ita
3293 5586 3358 5636 ut
3389 5579 3638 5636 ultimus
3660 5597 3796 5638 cur-

2139 5667 2243 5707 sus
2293 5650 2434 5705 solis
2466 5652 2639 5707 fuerit
2687 5652 2811 5707 dies
2862 5650 3089 5723 integer
3135 5652 3412 5708 horarum
3460 5653 3794 5723 duodecim,

2139 5723 2254 5777 duo
2278 5727 2471 5777 autem
2505 5725 2726 5793 priores
2748 5724 2958 5779 fuerint
2982 5724 3199 5793 singuli
3237 5724 3518 5780 horarum
3564 5726 3788 5782 decem.

2138 5797 2323 5867 Atque
2347 5790 2583 5867 itardies
2631 5795 2728 5850 ille
2779 5813 2958 5867 supra
3003 5790 3220 5852 Judazaa
3268 5796 3627 5854 horizontem
3677 5797 3793 5854 fuit

2137 5865 2385 5939 triginta
2415 5866 2666 5925 duarum
2699 5865 2998 5926 horarum.
