4048 6380
270 283 382 338 749
1321 284 1516 351 vm,
1559 285 1766 340 AUCT.
1807 285 1868 337 p.

2103 283 2226 338 01X
2266 283 2416 338 SOC.
2458 285 2650 339 JBSU.
3592 285 3701 341 750

268 425 484 465 sensus
514 410 647 482 quis
679 409 943 484 allectus,
968 425 1094 481 quae
1127 407 1538 484 comploratio,
1565 409 1666 482 qui
1691 408 1950 484 gemitus
1981 413 2039 466 et
2067 408 2349 480 suspiria,
2380 407 2510 484 quis
2541 407 2742 462 dicat?
2768 410 2984 465 Tacitis
3007 413 3271 484 proinde,
3297 428 3424 484 quae
3442 412 3557 467 dici
3578 429 3692 468 non

270 488 542 552 possunt,
576 481 819 555 cogitari
849 482 940 536 vix
971 487 1240 555 possunt,
1275 482 1512 555 tandem
1570 481 1985 555 exsequiarum
2018 498 2160 555 cura
2209 497 2345 536 cum
2378 481 2521 536 alios
2547 496 2771 555 omnes.
2805 498 2938 537 cum
2972 481 3269 555 apostolos
3314 481 3598 552 maxime,
3631 492 3691 542 et

269 569 407 608 cum
434 553 724 625 praecipue
753 552 1040 610 Joannem
1073 552 1304 625 Domini
1339 569 1606 625 peraeque
1636 561 1694 608 et
1724 554 1972 608 dominae
2007 554 2311 618 dilectum,
2335 558 2619 622 tanquam
2643 552 2822 622 huius
2844 552 3234 610 domesticum
3258 561 3314 610 et
3335 556 3688 612 familiarem

271 632 332 699 et
377 624 570 680 omnis
604 624 982 699 apparatus‘e
1015 624 1158 679 cmlo
1191 624 1492 680 conscium
1518 627 1778 699 incessit:
1804 632 1872 699 et
1901 641 2027 696 quae
2057 625 2186 695 ejus
2214 625 2628 694 providissima
2648 632 2816 699 curat
2839 626 2969 699 fuit,
2996 628 3139 680 nihil
3169 629 3226 681 in
3250 630 3688 699 omnino,quod

269 697 490 752 factum
545 695 825 768 oportuit,
860 695 1144 752 infectum
1177 699 1579 770 praeterm:sit._
1614 697 1746 770 _Alia
1792 695 2009 770 litteris
2070 703 2513 770 persequentur,
2577 696 2674 766 qui
2736 713 2802 750 ex
2833 697 3107 754 instituto
3166 695 3522 754 laudandum
3547 695 3681 770 ejus

266 767 601 842 excessum,
634 769 878 823 uberius
930 773 1353 842 susceperunt:
1407 785 1513 838 ego
1569 768 1660 822 his
1720 768 1908 822 solum
1943 785 2098 821 nunc
2131 767 2422 832 insistam,
2458 784 2751 842 quaecum
2790 771 3045 842 Dionysii
3082 771 3260 824 nostri
3287 770 3478 836 laude,
3510 767 3683 842 cujus

270 841 502 911 proprie
529 845 660 894 acta
683 847 1128 911 pertractemus,
1147 841 1460 908 conjuncta
1485 847 1643 894 sunt.
1673 845 1872 912 Itaque
1893 845 2119 894 caeteris
2141 841 2551 909 exsequiarum
2577 839 2762 912 justis
2785 839 2978 895 debite
3003 842 3275 912 peractis,
3297 845 3367 896 ad
3391 839 3683 900 orationes

265 917 325 966 et
358 912 604 982 hymnos
639 913 910 966 funebres
944 917 1181 966 ventum
1213 918 1320 964 est.
1359 911 1584 966 Placuit
1615 911 1769 966 enim
1803 929 1968 966 sacro
1991 913 2390 980 apostolorum
2415 911 2662 975 senatui,
2689 913 2771 964 uti
2794 912 2851 965 in
2879 911 3076 968 Matris
3102 915 3330 968 Domini
3361 915 3451 968 sui
3474 913 3680 972 laudes

268 991 390 1038 tam
425 983 534 1054 ipsi
586 1000 761 1056 quam
794 983 943 1038 345
980 983 1078 1037 alii
1140 983 1507 1056 pontiﬁcum,
1570 983 1617 1036 si
1652 984 1791 1052 quid
1825 986 1882 1037 in
1917 1000 1978 1037 se
2011 984 2227 1056 inesset
2261 984 2545 1056 facundus
2576 988 2630 1035 et
2657 983 2911 1052 pietatis.
2945 986 3372 1056 experirentur.
3406 987 3512 1040 Hic
3545 1003 3679 1042 vero

264 1060 392 1110 erat
449 1054 746 1124 apostolos
776 1057 969 1109 Videre
1027 1061 1086 1108 et
1116 1054 1320 1109 audire
1351 1055 1511 1108 velut
1543 1057 1834 1110 semideos
1867 1056 2173 1125 quosdam,
2208 1054 2466 1108 irruente
2498 1055 2554 1106 in
2584 1070 2683 1108 eos
2711 1055 2929 1125 Spiritu
2982 1054 3396 1122 cominutatos,
3447 1059 3570 1126 jam
3604 1058 3676 1113 de

266 1126 435 1200 Filio,
464 1127 589 1194 jam
622 1127 694 1200 de
718 1132 917 1188 Matre,
944 1143 1184 1200 prorsus
1208 1142 1619 1200 novaprorsus
1645 1127 2079 1200 mira,_prors_us
2098 1126 2316 1200 divina,
2345 1129 2466 1200 pari
2485 1133 2540 1178 et
2562 1127 2996 1183 obsecundante
3017 1129 3166 1200 stylo
3191 1129 3674 1199 depraedicantes:

252 1198 382 1268 jam
419 1200 557 1252 item
589 1199 759 1265 alios,
790 1207 964 1270 atque
996 1198 1164 1259 alios,
1198 1206 1256 1251 et
1285 1199 1338 1251 in
1372 1197 1464 1251 his
1496 1207 1762 1252 sanctum
1801 1198 2180 1252 Hierotheum
2209 1197 2467 1268 Dionysii
2503 1204 2936 1267 praeceptorem,
2973 1197 3091 1254 tam
3143 1197 3510 1268 excellenter,
3543 1201 3672 1270 ipso

260 1278 412 1343 teste
444 1273 730 1343 Dionysii
765 1269 962 1323 eximii
986 1269 1325 1343 laudatoris
1377 1275 1572 1339 partes
1622 1272 2035 1343 sustinentem,
2072 1275 2134 1322 ut
2164 1270 2324 1322 omni
2355 1285 2442 1343 ex_
2466 1274 2654 1343 parte,
2688 1271 3040 1343 argumenti,
3072 1271 3366 1336 dictionis,
3401 1269 3671 1343 actionis,

261 1341 612 1413 aifactionis,
669 1357 881 1395 nomen
944 1341 1111 1411 plane
1166 1347 1515 1413 exaequaret
1551 1341 1951 1413 suuanuid
2005 1342 2132 1411 ipse
2163 1340 3014 1413 autem__Dionysius‘I’Nempe
3047 1344 3144 1413 qui
3190 1344 3335 1398 alios
3367 1343 3424 1398 in
3459 1340 3670 1400 ccelum

257 1412 508 1477 extollit,
539 1412 666 1482 ipse
698 1414 768 1467 de
801 1429 862 1468 se
892 1410 1045 1466 silet.
1085 1410 1474 1466 Verumillud
1505 1412 1699 1482 ipsum
1732 1410 2058 1480 silentium,
2092 1416 2146 1465 et
2177 1417 2344 1466 tanta
2373 1410 2665 1466 Hierathei
2714 1419 2918 1468 contra
2946 1410 3291 1483 dila'udatio,
3327 1415 3470 1470 mihi
3515 1417 3673 1472 omni

256 1500 395 1540 voce
450 1483 787 1558 expressius
845 1483 1082 1553 clamat,
1144 1483 1281 1558 illas
1296 1484 1470 1558 ipsas
1504 1487 1769 1558 virtutes,
1803 1501 1951 1556 quas
1981 1484 2038 1538 in
2077 1485 2354 1558 magistro
2386 1488 2503 1558 tam
2538 1484 2849 1558 diligenter
2892 1485 3237 1554 observavit,
3271 1492 3328 1542 et
3356 1492 3674 1558 tantopore

254 1556 712 1624 commendavit,
773 1554 1074 1627 in_semet
1115 1555 1487 1610 abundanter
1535 1554 1852 1622 habuisse;
1913 1561 1970 1610 et
2026 1554 2181 1626 quod
2240 1565 2325 1609 est
2386 1555 2443 1608 in
2502 1571 2565 1610 se
2601 1556 2732 1625 ipse
2761 1562 3053 1627 eXpertus,
3106 1559 3213 1612 hoc
3259 1559 3327 1613 de
3362 1554 3671 1614 Uierotheo

254 1628 643 1698 expressisse.
670 1632 813 1682 Nam
847 1625 956 1681 hoc
979 1626 1370 1698 ingenuorum
1398 1627 1816 1698 estproprium
1845 1625 2240 1698 ingeniOrum,
2261 1641 2414 1682 esuo
2438 1628 2646 1697 spiritu
2675 1625 2851 1698 atque
2881 1625 3100 1684 fervore
3127 1630 3197 1684 de
3220 1629 3404 1685 simili
3430 1629 3675 1686 alterius

250 1697 358 1754 aut
386 1701 566 1754 etiam
602 1699 809 1769 majori
863 1697 1180 1768 benignam
1238 1715 1372 1754 cum
1420 1697 1637 1753 animis
1667 1701 1791 1753 suis
1825 1697 2012 1754 facere
2046 1697 2467 1767 conjecturam.
2503 1699 2560 1753 Si
2591 1697 2838 1754 enim’et
2867 1699 3001 1755 aliis
3031 1703 3086 1754 in
3125 1703 3298 1755 rebus
3331 1707 3530 1756 tantus
3562 1703 3673 1758 luit

252 1770 587 1842 Dionysius
629 1778 914 1842 quantum
960 1773 1189 1842 scripta
1247 1773 1375 1840 ipsa
1423 1772 1865 1842 demonstrant;
1923 1771 1980 1824 in
2033 1773 2210 1837 hujus
2244 1769 2496 1839 Virginis
2526 1775 2582 1822 et
2615 1771 2816 1824 matris
2849 1771 3312 1840 (amabilissimaa
3345 1773 3560 1836 dicam,
3591 1791 3665 1829 an

251 1839 797 1916 admi'rabilissimaa
820 1841 866 1913 ?)
889 1839 1389 1916 celebrandistali
1421 1841 1477 1894 in
1506 1858 1789 1897 concessu
1820 1844 2122 1912 praeconiis
2144 1847 2414 1916 quantus
2445 1842 2739 1916 exstitisse
2769 1839 3098 1916 credendus
3129 1846 3255 1900 est?
3295 1846 3458 1900 Certe
3487 1846 3667 1916 (quod

250 1915 376 1984 ipse
435 1916 506 1968 de
559 1913 840 1986 magistro
894 1914 1278 1986 dixit)_totus
1337 1919 1500 1967 extra
1546 1929 1610 1986 se
1669 1920 1892 1986 raptus,
1926 1918 2106 1986 totus,
2142 1912 2200 1966 in
2227 1929 2294 1965 ea
2325 1929 2452 1980 quae
2484 1912 2913 1968 sublimissima
2946 1915 3286 1970 sublissime
3324 1912 3670 1986 attingébat,

256 1987 740 2040 transformatus.
801 1985 908 2038 Sed
960 1985 1056 2058 de
1088 1984 1265 2058 hocce
1323 1985 1476 2058 apud
1544 1984 1947 2058 beatissimam
2009 1984 2318 2054 Deiparam
2349 2001 2518 2038 sacro
2567 1991 2873 2049 conventu,
2910 1987 3096 2057 deque
3147 1989 3401 2058 profusis
3453 1984 3509 2042 in
3543 2004 3670 2043 eam

257 2058 608 2119 honoribus,
671 2058 728 2110 in
789 2056 1101 2129 praesentia
1157 2057 1323 2129 satis.
1368 2056 1514 2129 Nam
1575 2057 1644 2110 ad
1678 2062 1914 2127 tempus
1948 2072 2063 2127 quo
2107 2057 2222 2129 haec
2257 2059 2406 2108 facta
2428 2061 2576 2129 sunt
2607 2058 2760 2127 quod
2796 2056 3012 2113 attinet
3035 2056 3345 2129 (quamvis,
3382 2059 3477 2114 ubi
3510 2060 3580 2114 de
3612 2077 3672 2114 re

256 2131 456 2201 aliqua
489 2134 740 2197 constet,
775 2125 1163 2198 pervicacium
1199 2130 1276 2182 sit
1302 2127 1701 2201 ingeniorum,
1757 2125 2034 2201 quareret
2065 2133 2123 2181 et
2173 2125 2474 2201 altercari“
2500 2127 2571 2201 de
2601 2125 2907 2201 tempore).
2939 2125 3134 2184 tamen
3169 2131 3226 2184 in
3260 2147 3413 2186 anno
3453 2130 3669 2185 Christi

247 2197 488 2256 circiter
519 2197 1011 2271 quinquagesimo
1042 2206 1264 2264 octavo,
1301 2197 1547 2255 Neronis
1579 2208 1773 2254 autem
1808 2197 2039 2270 imperii
2080 2199 2358 2271 secundo,
2420 2197 2677 2254 dicimus
2728 2197 3036 2256 accidisse.
3099 2201 3237 2256 Rem
3299 2218 3432 2256 vero
3479 2202 3668 2271 ipsam

250 2273 460 2328 beatus
489 2270 806 2345 Jovenaiis
851 2270 1388 2345 Hierosolymorum
1421 2272 1544 2345 (ubi
1577 2288 1644 2326 ea
1676 2277 1973 2345 transacta
2002 2270 2112 2339 est)
2143 2270 2475 2345 episcopus,
2510 2272 2791 2326 continua
2823 2273 3136 2328 traditione
3168 2274 3236 2327 ad
3271 2291 3376 2328 sua
3408 2270 3674 2345 tempora

242 2342 858 2418 devolutampabhinc
904 2343 1066 2418 mille
1097 2341 1380 2418 ducendis
1414 2344 1530 2398 fere
1562 2343 2126 2418 annis_Marcianum
2159 2341 2848 2418 docebatimperatorem
2882 2345 3015 2418 (75).
3053 2345 3107 2398 ls
3139 2345 3293 2418 enim
3326 2341 3670 2418 imperator,

235 2433 381 2471 cum
416 2415 637 2486 insigni
673 2420 830 2468 esset
862 2414 1185 2486 pietate,et
1216 2416 1526 2483 conjugem
1585 2430 1712 2469 eam
1747 2413 2009 2477 haberet,
2044 2429 2077 2486 a
2107 2429 2223 2482 qua
2254 2412 2376 2486 sola
2407 2412 2464 2486 in
2501 2413 2735 2486 pietatis
2786 2412 2986 2470 stadio
3007 2422 3063 2469 et
3094 2417 3290 2472 studio
3321 2412 3670 2481 vinceretur,

237 2484 603 2543 Pulcheriain
636 2493 961 2557 Augustam
993 2485 1236 2558 scilicet,
1297 2503 1493 2540 coram
1557 2490 1668 2558 Deo
1725 2502 1856 2558 vere
1909 2485 2239 2558 pulchram,
2304 2485 2400 2558 illa
2433 2485 2561 2554 ipsa
2594 2484 2882 2558 hortante,
2915 2488 2986 2542 ad
3020 2488 3378 2543 beatissima
3405 2488 3670 2558 Virginis

289 2559 678 2628 erquirendas
739 2556 1018 2628 reliquias
1081 2557 1462 2628 cogitationes
1517 2557 1800 2627 applicuit
1858 2573 2034 2628 suas.
2081 2557 2283 2624 Itaque
2340 2556 2532 2626 ipsum
2591 2557 2927 2612 Juvenalem
2993 2559 3383 2627 patriarcham
3417 2565 3474 2616 et
3516 2556 3668 2615 alios

295 2627 556 2685 alestinaa
613 2627 948 2700 episcopus,
1007 2629 1106 2698 qui
1161 2627 1237 2683 ad
1272 2629 1774 2700 ,Chulcedonense
1831 2627 2146 2682 concilium
2205 2643 2272 2681 ea
2328 2632 2677 2700 tempestate
2735 2636 3146 2693 convenerant,
3207 2635 3274 2685 ad
3343 2649 3406 2687 se
3449 2631 3667 2686 accitos

237 2698 664 2773 interrogavit,
685 2698 833 2754 num
861 2700 1239 2774 sanctissimae
1268 2699 1368 2774 Dei
1395 2700 1704 2755 Genitricis
1737 2715 1977 2774 sa_crum_
2001 2714 2236 2774 corpus,
2273 2713 2338 2752 eo
2370 2698 2429 2752 in
2464 2699 2688 2774 tumulo
2718 2701 2773 2754 in
2807 2717 2936 2774 quo,
2957 2701 3232 2774 primitus
3271 2703 3662 2774 compositum

234 2769 813 2844 fueratfetiamnum
850 2772 1236 2844 reperiretur;
1273 2772 1485 2826 habere
1517 2774 1668 2825 enim
1703 2788 1766 2826 se
1795 2770 1854 2824 in
1883 2771 2105 2844 animo,
2139 2769 2209 2844 ad
2245 2786 2427 2823 unum
2461 2769 3040 2844 templorumiieidem
3073 2773 3295 2844 Virgini
3332 2769 3659 2828 diéatorum

233 2848 376 2916 (tria
407 2846 704 2916 siquidem
733 2843 819 2898 illi
854 2841 1157 2897 Pulcheria
1187 2847 1450 2913 Augusta
1470 2843 1980 2916 Constantinopoli
2015 2841 2419 2900 fabricaverat.
2450 2858 2635 2916 eaque
2695 2843 3101 2916 pulcherrima
3133 2841 3672 2915 etaugustissima)

238 2914 387 2973 illud
424 2914 1262 2988 transl'erretlfuturumturbis
1297 2915 1636 2988 principalis
1670 2915 2102 2988 munimentum
2137 2918 2314 2988 atque
2347 2914 2702 2988 praesidium.
2735 2915 2834 2988 cui
2869 2916 3172 2986 respondit
3220 2914 3574 2988 patriarcha,
3609 2918 3668 2971 in

243 2991 434 3045 sacris
485 2989 723 3058 quidem
773 2986 1004 3041 Litteris
1062 2987 1132 3040 de
1191 2987 1352 3041 obitu
1389 2984 1646 3057 Deiparre
1681 2988 2038 3040 mentionem
2071 2984 2546 3058 haberinullam,
2582 2984 2998 3058 antiquissima
3029 2984 3236 3043 tamen“
3262 3006 3327 3044 ac
3361 2989 3670 3044 verissima

243 3056 568 3116 traditione
598 3063 899 3128 receptum
933 3074 1083 3124 esse,
1136 3067 1370 3112 sanctos
1403 3056 1719 3129 apostolos,
1752 3059 1880 3128 ejus
1911 3059 2168 3112 instante
2200 3056 2386 3129 obitu.
2424 3056 2884 3129 Hierosolymam
2919 3059 3182 3129 undique
3213 3066 3532 3127 terrarum,
3586 3062 3657 3115 ad

249 3149 433 3204 quas
463 3129 715 3202 dispersi
763 3131 1025 3204 tl'uerant,
1085 3128 1454 3204 convolasse,’
1502 3147 1532 3185 e
1588 3131 1908 3204 vitaetiam
1941 3128 2246 3192 emigranti
2277 3128 2880 3204 a_dl'uisse,_m0rtuam
2922 3128 3306 3204 cumhonore
3337 3138 3393 3187 et
3422 3132 3660 3204 hymnis

239 3199 616 3260 tumulassa:
677 3203 817 3271 quin
875 3209 932 3256 et
985 3201 1181 3274 ipsum
1238 3203 1498 3256 triduum
1533 3200 1826 3271 angelicos
1857 3210 2176 3274 concentus
2206 3215 2272 3274 eo
2304 3199 2411 3252 loci
2446 3199 2679 3274 auditcs
2709 3218 2857 3274 esse.
2891 3202 3155 3257 Addebat
3183 3199 3658 3274 deniqueﬂertio

243 3277 661 3347 exsequiarum
687 3270 799 3338 die,
834 3288 965 3347 cum
994 3273 1187 3347 sancti
1214 3274 1447 3328 Thomas
1482 3270 1778 3343 postulatu
1811 3274 2104 3347 reclusum
2140 3270 2348 3347 fuisset
2368 3271 2730 3347 sepulcrum,
2757 3271 2912 3328 solas
2935 3275 3290 3347 sepulcrales
3312 3270 3528 3330 fascias
3549 3291 3656 3347 suo

239 3342 656 3419 locofperinde
679 3344 847 3419 quasi
875 3344 1047 3419 paulo
1070 3351 1205 3399 ante
1227 3363 1259 3399 a
1280 3342 1520 3419 corpore
1543 3346 1822 3419 desertus,
1845 3345 1916 3398 ab
1942 3343 2086 3414 ipsis
2109 3359 2238 3396 esse
2259 3342 2667 3419 inVentas;-sed
2693 3342 3069 3400 inenarrabili
3094 3347 3290 3402 odoris
3313 3346 3653 3419 suavissimi

243 3415 572 3491 fragrantia
600 3415 925 3491 redolentes
951 3432 964 3469 ε
999 3416 1078 3469 ita
1111 3415 1414 3491 censuisse
1443 3417 1623 3491 ipsos,
1659 3415 1993 3491 virgineum
2021 3430 2295 3491 corpusla
2319 3415 2690 3491 corruptione
2711 3427 3175 3491 esseservatum,
3202 3419 3456 3490 atquein
3480 3417 3656 3474 caelos

243 3485 603 3546 translatum
632 3507 646 3554 ;
678 3488 861 3558 igitur
891 3489 1084 3542 denuo
1115 3488 1409 3542 tumulum
1443 3487 1807 3560 obsignasse,
1850 3487 2117 3560 inibique
2137 3485 2474 3560 _reliquisse.
2511 3487 2576 3540 Et
2606 3504 2747 3542 sane
2770 3487 2934 3544 valde
2955 3485 3317 3560 congruebat
3340 3496 3404 3546 ut
3420 3506 3660 3559 corpus,

244 3563 403 3634 quod
439 3562 581 3634 nulli
617 3556 920 3634 subditum
958 3566 1189 3628 peccato
1223 3561 1450 3634 luisset,
1485 3559 1540 3612 id
1577 3556 1764 3634 neque
1793 3556 2174 3634 corruptioni,
2209 3573 2335 3626 quze
2367 3575 2400 3610 a
2432 3564 2664 3627 peccato
2696 3565 2894 3634 exorta
2934 3567 3042 3625 est,
3072 3556 3448 3616 subderetur.
3497 3556 3662 3627 Quod

246 3629 429 3691 etiam
467 3631 753 3701 Propheta
784 3633 977 3703 regius
1008 3637 1169 3685 tanto
1220 3637 1355 3703 ante
1387 3630 1692 3684 intervallo
1743 3629 2105 3703 prospiciens
2139 3631 2209 3682 de
2260 3633 2508 3699 utroque
2564 3635 2680 3683 tam
2715 3631 2919 3685 Matris
2949 3649 3123 3701 quam
3163 3634 3292 3688 Filii
3325 3635 3664 3703 incorrupto

247 3721 495 3775 corpore
547 3705 663 3775 (76)
720 3701 1066 3775 concinebat
1089 3718 1114 3742 ιι
1145 3719 1163 3756 :
1223 3702 1396 3773 Surge
1454 3703 1700 3766 Domine,
1759 3703 1814 3755 in
1879 3701 2123 3775 reqnicm
2180 3711 2352 3775 tunm,
2387 3706 2442 3754 tu
2477 3703 2530 3756 et
2559 3718 2687 3755 arca
2718 3703 3182 3773 sanctiﬁcationis
3207 3715 3356 3762 tum:
3391 3706 3496 3761 hoc
3527 3701 3625 3759 est
3654 3721 3668 3759 :

246 3772 373 3844 Tn,
423 3772 663 3832 domins
721 3775 820 3845 qui
883 3791 945 3848 es
1004 3774 1253 3828 Sanctus
1287 3772 1646 3848 sanctorum,
1683 3789 1787 3830 nec
1819 3779 1878 3828 tu
1914 3772 2130 3848 solum,
2164 3773 2264 3825 sed
2299 3777 2354 3826 et
2384 3789 2522 3826 arca
2550 3775 2881 3848 sanctitatis
2906 3772 3049 3848 tum,
3081 3777 3139 3830 id
3174 3783 3264 3832 est
3295 3777 3464 3848 Virgo
3494 3775 3677 3831 Maria

252 3854 446 3904 mater
498 3853 621 3911 tua,
680 3849 851 3915 cujus
886 3846 941 3899 in
1001 3851 1162 3900 utero
1197 3851 1478 3916 tanquam
1511 3845 1568 3900 in
1602 3863 1737 3900 arca
1767 3845 2166 3906 sanctissima,
2201 3849 2359 3916 caste
2386 3851 2441 3899 et
2475 3846 2686 3914 pudice
2717 3847 3052 3902 custoditus
3082 3864 3182 3903 es:
3221 3845 3442 3911 surgite
3473 3849 3678 3903 ambo-

255 3924 486 3990 absque
541 3917 916 3987 corruptione
975 3917 1046 3971 ad
1107 3915 1354 3987 gloriam
1388 3921 1833 3990 incorruptum,
1890 3922 1946 3970 et
2002 3917 2274 3990 requiem
2300 3915 2831 3990 impertubabilem.
2871 3923 3040 3974 Decet
3070 3919 3248 3987 enim,
3286 3927 3409 3974 uta
3440 3920 3679 3974 duobus

257 3985 554 4065 primawis
585 3985 930 4065 corporibus
964 3985 1220 4065 manavit
1252 4007 1353 4065 per
1379 3985 1840 4065 inohedientjam
1873 3988 2194 4065 corruptio,
2228 3985 2312 4065 sic
2344 4003 2376 4040 a
2410 3989 2640 4065 duobus
2669 3989 2802 4065 novi
2837 4007 2904 4065 ac
2932 3985 3437 4065 beatiorisjieculi
3460 3991 3678 4065 divinis

255 4058 823 4132 tabernaculis'per
881 4060 1190 4133 utriusque
1249 4058 1645 4116 obedientiam
1705 4061 1821 4115 Deo
1881 4059 2214 4133 ol‘l'erantur_
2257 4058 2716 4133 incorruptionis
2775 4060 3187 4133 primitiaeita
3216 4061 3395 4133 Virgo
3429 4061 3679 4133 receptis

257 4136 493 4190 dimissi
539 4128 802 4204 corporis
835 4132 1078 4204 exuviis.
1100 4128 1354 4203 prorsus
1403 4133 1633 4204 integra
1664 4137 1720 4187 et
1752 4133 1809 4204 in
1843 4135 2118 4204 corrupta
2149 4129 2217 4182 ud
2253 4128 2502 4204 regalem
2534 4128 2935 4204 conscendens
2970 4128 3587 4197 thalamumfinanem
3618 4132 3676 4186 in

257 4205 436 4262 terris
467 4199 765 4259 tumulum
802 4199 1148 4274 dereliquit;
1173 4204 1440 4275 quamvis
1472 4199 1576 4258 neve
1609 4203 1848 4276 omnino
1880 4199 2110 4257 inanem
2142 4218 2160 4276 :_
2189 4199 2405 4276 quippe
2439 4201 2538 4276 illa
2569 4203 2718 4256 sacri
2757 4204 3006 4273 depositi
3043 4204 3343 4274 aliquanta
3368 4206 3682 4276 prmsentia

260 4277 640 4334 sanctitatem
700 4276 972 4344 indeptus
1009 4273 1143 4330 erat
1195 4273 1312 4330 anon
1369 4275 1690 4345 vulgarem.
1752 4275 1916 4329 Hunc
1971 4273 2270 4327 tumulum
2325 4273 2461 4345 pius
2513 4273 2833 4342 imperator
2863 4277 3099 4344 quando
3133 4273 3289 4330 aliud
3325 4273 3524 4331 haberi
3561 4291 3676 4328 non

261 4355 513 4422 poterat,
547 4350 615 4402 ad
653 4365 715 4402 se
748 4343 1193 4422 transmissum,
1229 4349 1282 4401 in
1321 4343 1908 4422 magniﬁcentissimo
1940 4345 2289 4422 beatissima
2324 4343 2583 4422 Virginis
2612 4346 2835 4422 templo
2867 4343 3324 4422 ('Blachernurnm
3360 4346 3681 4418 appellant)

262 4416 538 4494 proxime
562 4436 786 4474 sacrum
825 4435 1086 4494 mensam
1119 4419 1409 4494 deposuit.
1439 4416 1557 4474 Nec
1589 4436 1722 4494 vero
1756 4419 1938 4494 tacuit
1964 4417 2119 4494 idem
2155 4416 2702 4494 beatusJuvenalis,
2728 4436 2795 4473 co
2829 4423 2885 4494 in
2918 4426 3066 4494 coetu
3090 4420 3364 4494 adfuisse
3399 4416 3516 4494 una
3546 4434 3679 4472 cum

263 4487 576 4562 discipulis
634 4497 691 4545 et
748 4497 952 4545 sancto
1004 4491 1305 4562 Timotheo
1365 4496 1537 4560 atque
1594 4490 1904 4562 Hierotlieo
1964 4487 2378 4562 beatissimum
2429 4489 2932 4559 Dionysium.0ui
2965 4491 3201 4560 quidem
3238 4491 3576 4562 Dionysius,
3609 4507 3683 4562 an

263 4560 586 4633 conspecta
616 4568 738 4617 tum
775 4563 830 4616 in
869 4578 1121 4632 persona
1149 4561 1410 4632 Virginis
1441 4561 1608 4632 quasi
1644 4560 1956 4633 plusquam
1993 4560 2255 4633 humana
2288 4562 2609 4633 majestate,
2643 4578 2863 4633 eaquae
2888 4562 3102 4631 passim
3129 4560 3417 4625 feruntur,
3451 4561 3687 4627 dixerit,

266 4631 552 4692 nimirum
579 4650 640 4689 se
662 4651 763 4704 pro
787 4631 1034 4688 deaeam
1053 4634 1234 4688 fuisse
1254 4631 1618 4698 habiturum,
1638 4631 1746 4688 nisi
1764 4631 2298 4704 autlldesautratio
2316 4631 2856 4699 inhibuisset,4}16
2874 4634 2924 4688 id
2940 4634 3234 4704 ,inquam,
3251 4634 3452 4688 necita
3467 4636 3693 4687 certum

269 4709 480 4773 habeo,
544 4711 607 4761 ut
664 4701 926 4762 asserere
980 4705 1226 4760 ausim:
1291 4722 1394 4760 nec
1452 4706 1534 4760 ita
1592 4705 2031 4776 incertum,_ut
2089 4701 2352 4757 refellere
2410 4705 2673 4776 debeam.
2739 4705 2828 4759 Uti
2887 4701 3064 4760 enimi
3103 4723 3136 4760 a
3212 4706 3377 4760 novis
3454 4703 3695 4776 quidem

267 4776 618 4861 hominibus
680 4778 813 4861 (η),
875 4778 968 4861 ενιίθ¹
1017 4794 1052 4832 a
1108 4777 1296 4861 doctis
1348 4776 1670 4860 admodum
1704 4775 1907 4861 el‘piis‘
1934 4774 2341 4861 hujuscemodi
2375 4775 2668 4858 Opinionis
2699 4776 2989 4832 celebrata
3019 4782 3107 4861 est
3139 4774 3700 4861 auctoritas.‘.Qu‘are

270 4851 395 4906 haec
455 4849 588 4904 aliis
643 4845 1066 4921 relinquentes,
1122 4848 1467 4921 Dionysium
1527 4867 1561 4904 a
1617 4845 1836 4905 sanctis
1893 4845 2039 4902 locis
2097 4847 2166 4900 ad
2223 4847 2315 4901 sui
2375 4847 2573 4920 gregis
2631 4865 2851 4920 pascua
2905 4853 3290 4905 revertentem
3338 4846 3697 4920 pedetentim

275 4937 728 4996 prosequemur.

1749 5077 2226 5134 NOTATIONES.

338 5182 456 5263 (67_)
484 5183 620 5262 _Qu:s
654 5180 763 5235 hoc
796 5180 986 5271 cnpite
1017 5179 1355 5271 continetur
1413 5180 1483 5234 de
1541 5179 1930 5271 sanctissimae

2111 5197 2169 5229 αν
2202 5181 2523 5270 (ampliatio;
2541 5177 2626 5271 X‘ui
2651 5177 2918 5271 ρεοδὸχου
2953 5180 3207 5271 signato:
3232 5175 3703 5271 συνεληλύοῗμεν.

2112 5270 2128 5271 η
2146 5269 2158 5271 -
2178 5256 2202 5264 ⁵⁵
2290 5255 2298 5271 ’λ
2393 5253 2404 5271 ε
2471 5252 2483 5264 ‘
2506 5269 2511 5271 .
2674 5263 2692 5271 Α
2860 5259 2872 5271 l
2901 5251 2909 5262 ⁸
3241 5251 3253 5266 ‘
3313 5254 3348 5271 II
3507 5270 3510 5271 ν

264 5247 531 5324 Virginis
564 5268 804 5308 excessu
843 5252 1110 5312 historia.
1148 5253 1359 5322 partim
1388 5322 1394 5324 _
1422 5269 1492 5324 ex
1523 5252 1769 5324 antiqua
1815 5255 1862 5324 tr

2107 5256 2235 5324 api?
2461 5247 2788 5324 ἀδελεΞόΟως
2816 5247 3144 5324 ’Ἰάκιυϐὸμ
3167 5251 3254 5304 καὶ
3313 5254 3512 5324 μετεος
3545 5247 3705 5318 ἡ-κο-

268 5321 520 5390 ᾶίῐῖὀηρ,
582 5324 798 5398 partim
859 5341 889 5378 e
917 5321 1583 5398 sanctiiliionysiilibro
1622 5321 1700 5377 De
1728 5322 1866 5378 divi;

2112 5323 2252 5398 ιφαῖᾳ
2311 5322 2399 5376 καὶ
2453 5321 2801 5396 πρεσϐυτάτη
2849 5329 2955 5378 τῶν
2988 5322 3263 5397 θεολόγων
3307 5323 3568 5398 ἀκρότηςΡ
3601 5329 3710 5377 etc.

265 5394 595 5451 nominibus
617 5397 930 5465 desumpta
963 5402 1070 5450 est.
1105 5397 1184 5449 De
1217 5394 1534 5450 traditione
1567 5401 1817 5450 testatus
1861 5397 1946 5447 est
2057 5394 2282 5462 Quando
2313 5402 2360 5450 et
2393 5394 2509 5459 nos,
2571 5402 2629 5451 ut
2679 5400 2803 5460 scis,
2836 5407 2885 5451 et
2917 5399 3030 5466 ipsc
3063 5394 3430 5462 (Hierotheus
3463 5394 3715 5461 scilicet)

273 5475 415 5524 ante
451 5468 614 5522 mille
643 5475 702 5522 et
733 5473 968 5522 centum
1004 5483 1202 5538 eoque
1227 5467 1484 5535 amplius
1520 5484 1703 5521 annos
1738 5468 1948 5519 beatus
2057 5472 2105 5522 et
2164 5466 2331 5523 multi
2387 5485 2455 5522 ac
2508 5474 2717 5524 sanctis
2744 5468 3015 5538 [ratrilms‘
3047 5471 3250 5524 nostris
3282 5469 3351 5524 ad
3386 5466 3719 5523 intuendum

270 5537 1617 5610 JuvenalispatriarchaHierOsolymitanus,dc-
1642 5538 1947 5608 qnnpanlo
2059 5556 2274 5604 corpus,
2309 5541 2448 5609 quod
2483 5541 2827 5611 principium
2889 5541 3011 5596 vitae
3041 5547 3092 5594 cl
3130 5542 3224 5595 Dei
3267 5540 3723 5610 conceptaculum

269 5612 552 5667 inferius.
584 5611 961 5666 Verbasancli
991 5612 1243 5679 Dionysii
1271 5618 1461 5680 capite
1487 5613 1654 5664 tertio
1679 5611 1950 5680 ejusdem
2061 5611 2198 5680 fuit,
2261 5614 2718 5667 convenissemus.
2770 5613 2968 5667 Aderat
2999 5617 3184 5668 autem
3210 5621 3262 5668 et
3289 5611 3518 5670 Iacobus
3548 5612 3726 5677 frater

274 5685 415 5738 lihri
483 5691 622 5736 sunt
687 5681 1064 5756 limet'llvivn
1123 5683 1208 5735 καὶ
1263 5679 1570 5756 ·ᾗμ.⁷εἷς,-‹ἷ›;
1623 5683 1799 5756 οἶσθ-α,
1860 5701 1872 5732 1

2122 5681 2304 5756 imini,
2339 5693 2388 5737 ατί
2441 5688 2656 5756 Petrus,
2721 5701 3046 5756 supremum
3094 5691 3145 5740 et
3180 5681 3720 5741 vcnerabitissimum

283 5755 476 5824 αὐτὸς,
507 5753 596 5807 καὶ
631 5751 835 5808 πολλοῖ
870 5758 978 5808 τῶν
1012 5756 1172 5826 ἱερῶν
1229 5756 1388 5825 ἡμῶν
1434 5751 1680 5830 ἀδελφῶν
1733 5751 1818 5806 ἐπὶ
1854 5773 1880 5804 τ

1154 5779 1172 5805 ν
1229 5756 1388 5825 ἡμῶν
1434 5751 1680 5830 ἀδελφῶν
1733 5751 1818 5806 ἐπὶ
1854 5753 1950 5820 τὴν
2065 5755 2441 5823 theologorum
2475 5754 2752 5812 columen.

363 5855 444 5925 (n)
488 5851 642 5910 Psal.
678 5870 870 5922 cxxxr,
901 5855 954 5909 8.
991 5853 1198 5926 Glycas
1231 5859 1392 5925 parte
1426 5870 1510 5922 ιιι,
1546 5870 1679 5925 pag.
1713 5852 1835 5907 3'25.
