4048 6388
281 304 377 358 753

1313 301 1508 366 VITA,
1549 301 1759 355 AUCT.
1801 303 1861 354 p.
1906 301 2224 357 HALLOIX
2259 303 2410 358 soc.
2449 305 2642 359 JESU.

3579 303 3688 360 ’754

277 435 432 487 etiam
468 428 512 484 si
549 426 772 497 aliquid
807 427 1040 491 faceret,
1095 426 1606 500 responderemus,
1647 399 1910 496 ipsorum
1947 430 1995 492 Α
2031 429 2126 482 sti.
2165 452 2186 476 ι
2225 430 2389 485 Certe
2421 429 2521 484 illa
2554 429 2724 494 longe
2753 430 3109 486 tolerabilior
3138 434 3228 485 est
3257 429 3495 500 locutio,
3534 454 3554 479 α
3588 431 3686 484 Vi-

278 509 496 557 Patrum
531 501 866 555 Graecorum
915 499 1384 570 explicationem,
1437 499 1610 552 unius
1658 499 1916 552 auctoris

276 573 450 630 Latini
497 572 964 641 interpretationi
1018 573 1189 642 longe
1224 571 1640 640 praeferendam
1683 586 1832 642 esse,
1863 575 1918 624 et

273 645 484 701 ϐιεεοοδ
518 645 677 714 ipsos
711 642 921 698 melius
951 641 1144 697 Graeca
1169 643 1497 713 intelligere
1529 659 1706 710 quam
1759 641 1914 695 Lati-

270 735 384 772 nos.
417 716 692 777 Quamvis
725 721 780 768 et
812 714 1008 786 plures
1039 714 1375 768 Latinorum
1404 715 1915 786 interpretationes

268 807 298 844 a
346 787 505 842 nobis
556 787 696 855 sint,
747 785 823 840 et
858 787 1180 840 novissima
1244 802 1475 856 quoque
1525 785 1708 838 nostri
1761 785 1912 838 Petri

267 857 559 928 Lansselii,
597 861 690 926 qui
722 857 919 928 Greece
953 858 1052 910 illa
1082 857 1238 922 ἡνίκα
1276 856 1367 911 καὶ
1410 858 1597 928 ἡμεῖς)
1630 856 1704 928 ᾡς
1736 856 1912 928 οῖς-ιζ)ιίρ

265 929 346 984 καὶ
377 927 556 1004 «urbe,
583 925 672 982 ut
703 925 907 983 πολλοὶ
958 932 1064 1004 τῶν
1109 929 1293 1004 ξερῶν-
1317 925 1478 1004 ᾕμῶὺ
1531 925 1782 1004 ᾀδελφῶν
1822 925 1907 980 ἐπὶ

263 1002 502 1075 τςὴνλθῄἑᾳν
544 1004 642 1054 τοῦ
676 1003 990 1075 ζωαρχικοῦ
1033 1000 1126 1075 sui
1163 996 1442 1074 ’θεοδόχου
1482 996 1736 1071 σώματὸς
1789 1019 1910 1051 συν·

263 1071 622 1143 εληλύθαμεν,
653 1073 740 1128 sic
771 1071 982 1128 vertit:
1015 1073 1148 1126 Cum
1180 1083 1230 1128 et
1263 1071 1380 1141 nos,
1402 1078 1458 1128 ut
1502 1075 1628 1138 scis,
1669 1082 1719 1128 et
1749 1079 1830 1134 tu,
1860 1075 1912 1126 et

260 1146 422 1201 multi
461 1161 532 1199 ex
587 1147 796 1200 sanctis
847 1146 1121 1213 fratribus
1171 1145 1400 1210 nostris,
1452 1147 1724 1216 corporis,
1771 1143 1912 1215 quod

261 1221 537 1274 Auctorem
569 1220 692 1272 vita
727 1223 1006 1287 Deumque
1035 1216 1255 1286 recepit,
1309 1217 1538 1272 videndi
1568 1233 1735 1271 causa
1782 1231 1907 1269 con.-

259 1292 601 1355 venissemus,
637 1289 735 1342 ubi
765 1288 854 1342 καὶ
889 1286 1050 1348 αὐτός
1082 1289 1254 1342 vertit
1282 1294 1332 1344 et
1361 1293 1443 1352 tu,
1476 1305 1592 1359 quo
1631 1287 1804 1342 modo
1852 1291 1910 1341 et

259 1360 548 1416 Michaelis
568 1360 757 1431 Glycaa
789 1363 1077 1430 interpres
1122 1362 1343 1430 accepit
1400 1377 1460 1415 ιιι
1513 1365 1672 1429 parte
1719 1359 1908 1413 Anna-

259 1432 412 1500 lium,
441 1431 544 1486 ubi
578 1434 783 1487 eadem
817 1433 994 1487 verba
1023 1433 1236 1486 vertit:
1269 1433 1373 1487 Nos
1415 1431 1628 1502 quidem
1673 1447 1785 1484 una
1828 1434 1908 1484 te-

258 1521 394 1571 cum,
418 1508 554 1574 etc.,
588 1505 744 1572 quod
776 1503 933 1558 idem
965 1510 1073 1567 est,
1101 1509 1275 1574 atque
1318 1519 1415 1558 nos
1465 1503 1682 1574 quidem
1729 1511 1780 1557 et
1825 1511 1904 1559 tu.

259 1547 394 1630 nam,
415 1545 726 1633 αὐτᾸςῚιιοιι
759 1581 986 1630 tantum
1021 1545 1316 1646 signilicat
1345 1545 1591 1639 ittejsed
1619 1574 1793 1629 etiam
1820 1577 1900 1646 tu.

257 1646 392 1710 Quin
424 1653 482 1702 et
513 1647 623 1702 hoc
657 1649 829 1702 modo
873 1644 1101 1718 accepit
1153 1648 1305 1701 idem
1359 1646 1670 1718 Dionysius
1729 1644 1904 1718 paulo

256 1725 401 1791 ante,
433 1719 731 1791 ineodem
763 1719 892 1791 ipso
913 1717 1132 1791 capite,
1155 1724 1212 1773 et
1242 1718 1444 1791 eadem
1479 1717 1899 1791 pagina,_c_um

2029 518 2233 556 samus
2264 518 2498 569 corpus,
2531 503 2684 557 448
2709 503 2861 573 quod
2889 503 3148 573 suscepit
3173 503 3495 566 Christum,
3516 504 3573 556 id
3597 510 3689 559 est

2026 574 2289 627 visamus
2321 573 2646 643 Virginem,
2679 591 2778 629 seu
2816 591 3028 645 corpus
3060 573 3341 645 Virginis,
3378 598 3401 627 ι
3432 574 3514 629 uti
3547 581 3606 629 et
3624 576 3683 630 S.

2026 645 2284 699 Thomas
2317 645 2442 700 loco
2477 651 2609 700 ante
2657 645 2832 701 citato
2877 647 3185 717 approbat,
3234 647 3332 712 ita,
3379 647 3683 701 scribens:

2031 738 2058 767 ι
2091 717 2283 771 Potest
2307 718 2484 772 etiam
2518 717 2763 788 intelligi
2812 721 2964 789 quod
3017 723 3412 772 convenerunt
3461 719 3529 772 ad
3592 719 3681 772 vi-

2025 790 2282 843 dendum
2309 806 2521 860 corpus
2545 791 2725 844 beatae
2748 790 3009 860 Virginis
3031 790 3226 844 Mariae
3248 791 3303 843 in
3325 792 3453 860 ejus
3474 796 3680 854 morte,

2025 861 2174 928 quod
2211 861 2387 916 etiam
2421 862 2683 932 suscepit
2713 862 2897 916 Deum
2933 865 2990 916 in
3021 861 3442 916 incarnatione.
3479 883 3508 909 »

2093 932 2238 987 Nam
2273 939 2336 986 ut
2365 949 2500 988 caro
2530 933 2589 988 in
2623 935 2806 989 sacris
2832 934 3043 988 litteris
3090 933 3395 1003 percrebro
3442 949 3542 1002 pro
3560 935 3682 985 toto

2023 1001 2262 1058 homine
2293 1005 2551 1075 ponitur,
2579 1005 2666 1060 sic
2696 1011 2753 1060 et
2769 1023 2981 1076 corpus
3016 1001 3192 1074 (quod
3227 1005 3384 1059 idem
3414 1001 3504 1058 est
3525 1003 3681 1076 qugd

2021 1075 2180 1145 caro)
2223 1073 2490 1148 peraeque
2536 1073 2644 1144 pro
2692 1081 2812 1132 toto
2853 1073 3114 1148 homine
3145 1076 3279 1148 poni
3335 1079 3545 1148 potest.
3604 1073 3685 1128 De

2021 1162 2194 1218 carne
2225 1146 2464 1218 quidem
2500 1148 2670 1203 obvia
2714 1154 2854 1204 sunt
2892 1146 3180 1218 exempla,
3236 1151 3298 1202 ut
3343 1146 3554 1202 Genes.
3597 1160 3680 1213 vx,

2023 1219 2089 1271 12
2115 1235 2127 1272 :
2163 1217 2351 1292 Omnis
2380 1222 2578 1289 quippe
2607 1234 2734 1273 caro
2753 1217 3075 1292 corruperat
3101 1222 3248 1274 viam
3277 1218 3540 1292 suam,_id
3592 1223 3684 1271 est

2020 1305 2213 1344 omnis
2238 1289 2436 1358 homo,
2470 1299 2527 1345 et
2556 1292 2777 1346 Psalm.
2812 1289 3001 1355 Lv,'5:
3033 1296 3100 1347 1η
3127 1293 3233 1345 Deo
3251 1289 3520 1357 speravi:
3569 1303 3682 1342 non

2017 1363 2223 1416 timebo
2253 1363 2384 1432 quid
2410 1366 2586 1433 faciat
2617 1362 2758 1417 mihi
2798 1380 2947 1429 caro,
2979 1369 3038 1418 et
3081 1361 3328 1416 Joannis
3362 1377 3399 1423 ι,
3460 1361 3524 1414 14
3551 1375 3567 1433 :_
3611 1363 3681 1433 Et

2021 1430 2276 1488 Verbum
2299 1430 2426 1488 caro
2442 1437 2655 1504 factum
2686 1443 2786 1500 est,
2817 1441 2877 1490 et
2930 1437 3092 1490 Lucae
3137 1451 3222 1498 Ill,
3253 1435 3288 1487 6
3325 1450 3337 1488 :
3370 1434 3437 1486 Et
3477 1430 3684 1486 videbit

2016 1507 2196 1559 omnis
2220 1521 2347 1560 caro
2378 1509 2626 1561 salutare
2657 1511 2780 1562 Dei.
2809 1507 2931 1562 Non
2967 1507 3165 1562 minus
3215 1509 3411 1559 autem
3463 1519 3678 1572 corpus

2018 1576 2103 1630 sic
2132 1578 2317 1648 accipi
2348 1585 2560 1648 potest,
2592 1595 2728 1632 cum
2761 1595 2794 1632 a
2823 1595 2998 1634 carne
3050 1594 3164 1632 non
3216 1576 3446 1630 diil'erat
3477 1592 3490 1640 ;
3559 1574 3677 1628 imo

2015 1664 2151 1722 vero
2180 1647 2275 1702 ita
2291 1647 2581 1720 accipitur
2610 1651 2924 1722 Sapientiae
2957 1667 2996 1717 1,
3030 1649 3063 1703 4
3084 1667 3100 1702 :
3123 1649 3405 1722 Quoniam
3445 1647 3524 1722 in_
3551 1661 3678 1722 ma-

2015 1720 2246 1792 teuotam
2277 1717 2526 1776 animam
2552 1739 2659 1778 non
2689 1717 2963 1777 introibit
3005 1721 3341 1792 sapientia:
3366 1734 3469 1792 nec
3504 1717 3674 1792 habi-

257 1790 412 1880 dixjt,
443 1789 752 1880 alloquens
771 1785 1049 1880 sanctum
1071 1789 1442 1880 Timpthsum
1467 1785 1601 1880 {Eat
1623 1785 1898 1848 πολλάκις
1930 1795 1977 1860 Β
2007 1791 2148 1845 tabit
2187 1792 2265 1880 in‘
2286 1808 2510 1864 corpore
2555 1793 2769 1880 subdito
2802 1785 3152 1877 peccatisfid
3186 1797 3272 1846 est
3294 1791 3389 1880 “in
3437 1789 3674 1880 homine

253 1859 388 1946 ἡμᾶς
409 1859 502 1914 καὶ
535 1859 697 1946 «ire;
742 1859 818 1946 sic
863 1865 1023 1915 τοῦτο
1081 1862 1440 1946 πρεέτρεψας.
1494 1866 1560 1918 Et
1611 1877 1902 1946 sepenos

251 1935 405 1989 etiam
435 1939 498 1988 tu
531 1935 612 1989 ad
639 1935 737 1990 hoc
753 1934 1002 1989 hortatus
1039 1931 1135 1990 σε(
1165 1931 1338 1997 Quia‘
1361 1939 1558 1988 tamen
1623 1931 1902 2001 ambigua

252 2009 332 2078 est
360 2003 455 2078 hic
483 2004 746 2078 Dionysii
780 2005 1046 2067 intentio,
1080 2022 1195 2060 non
1227 2023 1295 2078 ea
1317 2022 1424 2078 nos
1447 2010 1676 2078 tantum
1721 2004 1902 2078 parti-_

254 2076 374 2131 cula
403 2076 673 2142 nitimur,
726 2080 789 2132 ut
839 2078 1155 2148 probemus
1213 2077 1584 2132 Timotheum
1635 2076 1903 2130 decessui

253 2149 501 2220 Virginis
530 2149 811 2213 adfuisse,
846 2165 1036 2219 neque
1064 2149 1203 2204 item
1248 2148 1441 2203 verbis
1483 2148 1600 2202 illis
1646 2149 1902 2220 conveni-

259 2219 369 2293 mus
398 2237 519 2283 nos,
553 2220 724 2293 quasi
750 2219 827 2275 ibi
856 2220 1325 2293 comprehendat,
1363 2236 1562 2275 secum
1613 2235 1730 2293 una
1778 2219 1904 2293 Uie-

259 2291 544 2357 rotheum,
573 2291 718 2357 ‘aut,
756 2293 803 2346 si
854 2293 1060 2356 mavis,
1117 2292 1514 2354 Timotheum,
1562 2292 1662 2345 sed
1708 2292 1904 2361 potius

255 2362 386 2428 illis,
416 2363 490 2423 ὡς
524 2363 702 2426 οἶσθα,
738 2368 796 2417 ut
821 2367 985 2428 nosti,
1019 2379 1147 2434 quae
1180 2364 1271 2419 bis
1295 2363 1413 2419 illic
1437 2368 1703 2431 usurpat,
1730 2365 1902 2434 quasi

257 2434 383 2490 velit
412 2437 646 2491 dicere:
681 2435 754 2491 Ut
783 2435 909 2505 ipse
941 2437 1158 2506 optime
1199 2434 1376 2499 nosti,
1410 2435 1508 2505 qui
1542 2435 1662 2489 illic
1703 2435 1902 2489 adfue-

255 2506 371 2578 ris:
405 2508 616 2562 deinde
646 2508 822 2562 etiam
845 2506 962 2561 illis
991 2507 1204 2571 verbis,
1240 2523 1364 2578 quze
1407 2512 1898 2578 postsequuntur,

257 2577 346 2650 ubi
379 2578 515 2632 dicit
545 2578 862 2650 Dionysius
890 2595 952 2633 se
981 2578 1052 2633 ab
1083 2578 1212 2648 ipso
1263 2577 1604 2643 Timotheo,
1654 2579 1898 2632 memori

253 2647 470 2722 illorum
499 2647 854 2721 hymnorum
878 2650 974 2722 qui
1011 2647 1133 2704 tum
1157 2651 1452 2706 decantati
1487 2655 1651 2722 sunt,
1705 2656 1901 2722 partes

249 2720 465 2790 aliquas
513 2720 859 2779 inaudiisse.
897 2720 1154 2785 ‘Quibus
1201 2722 1393 2776 verbis
1443 2721 1584 2792 quid
1641 2721 1901 2776 indicare

249 2793 374 2865 velit
407 2794 595 2862 aliud,
656 2810 835 2865 quam
895 2793 953 2848 S.
1010 2793 1387 2865 Timotheum
1445 2792 1729 2848 memoria
1762 2793 1899 2847 reti-

251 2863 459 2929 nuisse,
499 2881 627 2935 quaa
661 2863 780 2922 illic
811 2865 880 2920 ad
919 2866 1095 2920 funus
1134 2865 1200 2920 D.
1240 2863 1512 2936 Virginis,
1559 2880 1694 2919 cum
1755 2881 1899 2935 prie-

249 2951 374 2990 sens
405 2939 664 3001 adesset,
699 2935 1048 2994 audiverat?

312 3009 454 3072 Quin
482 3015 544 3063 et
574 3009 888 3064 Hilduinus
913 3008 1057 3078 ipse,
1091 3007 1227 3062 licet
1269 3005 1437 3062 aliter
1486 3022 1663 3077 quam
1711 3022 1815 3060 nos
1840 3005 1898 3060 in

250 3077 368 3134 aliis
399 3082 678 3147 senserit,
702 3087 899 3136 tamen
924 3077 1185 3134 adfuisse
1215 3079 1590 3133 Timotheum
1623 3093 1743 3132 una
1763 3094 1896 3132 cum

2011 1879 2185 1934 pravo
2215 1869 2274 1917 et
2304 1860 2574 1935 perverso
2608 1883 2622 1922 :
2655 1860 2872 1935 alioqui
2905 1867 2964 1920 in
2996 1862 3196 1918 anima
3216 1862 3412 1935 potius
3445 1860 3674 1915 habitat

2009 1933 2508 2008 sapientia—quam
2538 1938 2596 1990 in
2629 1933 2891 2008 corpore.
2914 1936 3080 2008 Quin
3139 1942 3198 1990 et
3220 1933 3232 1934 ί
3254 1933 3455 2008 Matth.
3515 1948 3669 1996 xxw,

2008 2010 2046 2060 2
2086 2046 2101 2069 ,
2133 2011 2192 2061 et
2221 2006 2389 2062 Lucas
2419 2025 2560 2074 xvu,
2604 2006 2846 2064 ultimo:
2885 2007 3196 2076 Ubicunque
3233 2007 3667 2076 [ueriticorpum

2013 2077 2155 2151 illuc
2202 2081 2683 2151 congregabantur
2717 2085 2771 2136 et
2799 2078 3000 2150 aquilas
3049 2075 3122 2151 _id
3164 2075 3287 2151 est,
3328 2075 3666 2145 ubicunque

2012 2149 2186 2203 luerit
2208 2149 2498 2220 Christus,
2533 2159 2597 2206 ut
2628 2152 2799 2207 multi
2830 2149 3016 2207 sancti
3048 2149 3247 2204 Patres
3275 2149 3670 2220 interpretan-

2011 2226 2128 2296 tur.
2163 2224 2404 2278 Accedit
2432 2217 2587 2296 quod
2621 2224 2853 2295 proprie
2906 2229 2967 2296 et
3013 2223 3274 2292 proxime
3320 2217 3661 2296 corpus-vi—

2013 2295 2239 2359 deatur,
2275 2311 2340 2348 ac
2371 2289 2678 2366 propterea
2700 2289 2853 2352 recte
2886 2289 3116 2366 dicatur
3162 2310 3263 2366 eos
3319 2289 3666 2366 convenisse

2012 2366 2242 2420 visuros
2264 2361 2526 2437 corpus';
2552 2369 2708 2423 sicut
2734 2365 3211 2438 frequentissime
3239 2365 3298 2418 in
3321 2361 3664 2438 Scripturis,

2013 2453 2117 2507 pro
2148 2454 2214 2492 eo
2243 2432 2398 2507 quod
2432 2432 2760 2514 diceretur:
2795 2432 2928 2514 Non
2967 2437 3240 2514 videbitis
3290 2451 3404 2500 me,
3441 2432 3664 2514 reperi.-

2015 2504 2142 2562 inus
2176 2504 2549 2580 usurpatum,
2584 2513 2698 2566 Non
2750 2511 3002 2565 videbitis
3051 2510 3266 2580 faciem
3296 2579 3301 2580 γ
3327 2522 3523 2580 meum.
3573 2504 3670 2580 Sic

2012 2578 2494 2645 Geneseosuuu,
2525 2584 2558 2636 3
2592 2584 2944 2653 aliquoties:
2998 2578 3114 2636 Non
3160 2579 3416 2635 videbitis
3459 2578 3672 2653 [aciem

2009 2668 2190 2706 meam
2219 2654 2422 2723 absque
2448 2660 2634 2722 fratre
2664 2647 2841 2709 v'estro
2888 2653 3144 2717 minimo,
3188 2653 3272 2706 sic
3323 2657 3382 2723 et
3413 2647 3671 2723 similia.

2011 2723 2106 2778 Sic
2131 2729 2188 2778 et
2218 2719 2494 2780 Actorum
2527 2742 2620 2794 xx,
2653 2728 2761 2780 25:
2815 2724 3065 2794 Amplius
3120 2739 3234 2778 non
3278 2719 3538 2794 videbitis
3582 2724 3671 2789 [a-

2009 2797 2155 2849 ciem
2170 2811 2468 2920 metbmpos
2498 2791 2704 2865 omnes,
2745 2813 2843 2868 per
2889 2791 3022 2867 quos
3072 2794 3310 2849 transivi
3362 2791 3673 2864 praedicans

2010 2882 2241 2920 reanum
2308 2883 2383 2920 e2.

2010 2882 2241 2922 reanum
2263 2882 2383 2922 U62.

2107 2883 2241 2920 num
2263 2883 2383 2922 uez.

2071 2883 2262 3012 ἐλάας,
2296 2943 2533 3009 propter
2563 2955 2778 3012 corpus
2811 2937 3066 3012 maxime
3106 2936 3456 3012 convocatos
3484 2929 3670 3012 videri

2011 3003 2324 3079 apostolus,
2359 3003 2568 3082 nempe
2593 3003 2828 3066 ut'illud
2862 3010 3055 3079 {cujus
3077 3006 3368 3082 pracipue
3397 3004 3584 3082 honos
3610 3003 3669 3056 id

2010 3077 2296 3152 temporis
2319 3099 2352 3137 a
2379 3077 2633 3153 Spiritus
2658 3077 3320 3146 sanctointendebatur)
3342 3077 3588 3153 honeste
3605 3089 3672 3153 ac

251 3153 458 3228 sanctis
515 3146 793 3228 Dionysio
842 3158 914 3228 et-
950 3151 1277 3228 llierotheo,
1306 3149 1858 3228 nobiscum-sentit
1883 3193 1895 3217 ,
1932 3161 1975 3228 ρ
2016 3146 2288 3228 religiose
2319 3146 2655 3226 sepelirent,
2689 3161 2865 3226 atque
2895 3153 3070 3207 etiam
3117 3156 3183 3205 ut
3212 3152 3431 3228 essent,
3492 3146 3674 3228 quiet

250 3224 408 3292 cujus
438 3225 621 3278 verba
664 3220 800 3279 licet
823 3223 1018 3278 videre
1041 3226 1096 3278 in
1130 3223 1258 3292 ejus
1280 3220 1709 3292 AreOpagiticis.
1740 3222 1897 3276 Idem

253 3299 304 3348 et
329 3295 383 3350 S.
417 3295 684 3351 Thomas
713 3296 768 3350 in
805 3296 1160 3364 Expositione
1188 3309 1353 3363 super
1382 3293 1586 3348 librum
1638 3293 1710 3346 De
1757 3293 1902 3348 divi-

248 3369 330 3420 nis
358 3367 708 3433 nominibus,
741 3383 869 3434 cap.
894 3369 947 3431 3,
982 3368 1051 3420 ad
1090 3367 1244 3420 hunc
1276 3366 1471 3436 ipsum
1507 3364 1720 3418 locum.

311 3437 651 3494 Secundum
676 3439 940 3508 ejusdem
965 3435 1726 3508 Bivariiargumentumest,
1745 3435 1900 3506 quod

246 3507 295 3584 si
321 3509 638 3584 Dionysius
668 3507 740 3584 die
775 3511 1041 3584 transitu
1061 3507 1278 3584 ageret,
1307 3525 1418 3564 non
1444 3509 1662 3563 diceret
1692 3523 1900 3584 conve-

248 3579 394 3636 nisse
439 3579 608 3654 ipsos
661 3579 1155 3654 Hierosolymis—tt
1212 3581 1444 3634 visuros
1493 3595 1707 3654 corpus
1749 3580 1898 3654 eius,

243 3654 388 3725 quod
423 3651 561 3709 vitae
595 3651 1264 3725 principem'rDeumque
1295 3652 1576 3725 suscepit,
1609 3673 1633 3697 »ι
1667 3651 1766 3705 sed
1793 3651 1899 3725 sic,

243 3744 268 3773 ιι
303 3723 693 3781 interfuturos
725 3723 1060 3791 migrationi
1097 3725 1247 3792 ejus,
1271 3730 1380 3780 etc.
1416 3724 1783 3792 Respondeo,
1810 3723 1904 3776 di-

240 3809 434 3852 versos
467 3797 700 3852 diverse
732 3797 918 3867 loqui.
953 3795 1246 3850 Bivarium
1297 3812 1456 3850 more
1508 3811 1636 3860 suo,
1687 3796 1737 3849 ei
1776 3794 1906 3848 Din-

242 3868 474 3938 nysium
514 3886 623 3924 suo
659 3886 672 3932 ;
707 3869 946 3923 Latinos
979 3867 1166 3933 aliter,
1202 3867 1372 3923 aliter
1391 3871 1618 3920 Graecos
1653 3867 1903 3938 ;Diony-

241 3937 391 3994 sium
425 3947 629 3996 autem
667 3940 882 3995 Graecis
911 3939 996 3994 ita
1025 3939 1312 4000 locutum.
1349 3945 1413 3993 ut
1453 3955 1659 3993 omnes
1699 3937 1903 4002 Graeci,

242 4027 307 4064 ne
340 4028 455 4066 uno
485 4013 728 4083 quidem
756 4017 1013 4081 excepto,
1046 4011 1440 4066 intellexerint
1464 4011 1544 4065 ibi
1570 4027 1902 4083 sermonem

243 4097 366 4137 esse
412 4081 781 4156 de_corpore
828 4084 1129 4156 Virgineo,
1182 4099 1297 4139 non
1349 4089 1543 4138 autem
1592 4084 1664 4136 de
1713 4081 1908 4153 sepul-

242 4168 351 4208 0P0.

306 4231 372 4280 Et
401 4227 566 4293 quod
604 4225 767 4281 addit
791 4224 1086 4288 Bivarius,
1135 4224 1433 4280 dicturum
1484 4225 1666 4279 fuisse
1702 4223 1904 4296 Diony-

240 4294 413 4364 sium,
449 4321 477 4348 «
521 4315 634 4352 non
668 4298 906 4369 quidem
941 4297 1009 4353 ad
1043 4297 1361 4369 videndum
1392 4302 1646 4363 tantum,
1681 4297 1782 4350 sed
1832 4294 1903 4349 ad

239 4369 638 4441 recipiendam
672 4368 801 4441 ejus
845 4368 1315 4424 benedictionem
1368 4373 1726 4441 postremam
1766 4383 1904 4441 :nec

238 4440 306 4494 ad
329 4441 651 4497 videndum
695 4439 909 4511 corpus
957 4441 1260 4506 duntaxat,
1312 4441 1413 4494 secl
1468 4440 1536 4492 ad
1585 4439 1901 4493 videndam

2014 3217 2276 3301 vidEren_t
2295 3217 2615 3301 mortuum,
2641 3217 3082 3301 ettestarentur
3101 3225 3499 3301 assumptum.
3513 3217 3674 3301 'A_lio-

2009 3298 2109 3368 qui
2142 3298 2297 3372 unde
2329 3299 2508 3372 nobis
2531 3298 2630 3352 illa
2672 3299 2801 3369 ejus
2847 3297 2906 3350 in
2957 3295 3133 3350 cmlos
3201 3295 3491 3372 assumpti
3547 3295 3670 3372 tam

2009 3362 2156 3424 festa
2188 3369 2314 3423 dies
2335 3369 2363 3423 ?
2388 3371 2550 3424 Unde
2582 3362 2770 3440 tanta,
2805 3373 3028 3440 quanta
3059 3381 3216 3420 nunc
3247 3369 3356 3427 est,
3388 3362 3674 3418 solemni-

2008 3447 2098 3495 tas
2130 3443 2492 3512 provenisset
2517 3441 2545 3495 ?

2078 3504 2152 3584 At
2169 3513 2326 3567 enim
2359 3520 2529 3584 urget
2552 3515 2610 3567 et
2635 3511 2814 3584 etiam
2840 3515 3014 3584 atque
3040 3507 3218 3562 etiam
3240 3505 3327 3560 vir
3347 3504 3670 3584 admodum

2009 3583 2262 3659 diligens
2295 3589 2353 3638 et
2379 3576 2602 3659 doctus
2625 3582 2828 3659 (talem
2857 3576 3014 3637 enim
3042 3584 3199 3659 certe
3247 3576 3553 3659 agnosco),
3586 3580 3672 3629 at-

2011 3651 2414 3728 que'Dionysii
2445 3651 2640 3710 verbis
2674 3671 2783 3709 nos
2816 3651 3321 3728 impugnat,ristis
3347 3651 3627 3728 nimirum
3653 3662 3668 3701 :

2010 3719 2135 3781 illic
2191 3719 2325 3794 ergo
2371 3731 2534 3800 post”
2563 3719 2922 3800 contuitum?
2958 3719 3214 3800 pla_cuit,_
3263 3726 3325 3800 ut
3387 3719 3675 3800 pontiﬁces

2009 3813 2215 3864 omnes,
2239 3793 2346 3854 etc.
2371 3793 2407 3849 ἰ
2447 3798 2627 3867 Nihil,
2661 3798 2865 3869 igitur,
2900 3793 3112 3867 inquit,
3142 3794 3317 3869 aliud
3343 3793 3591 3869 apostoli
3616 3793 3673 3845 et

2011 3870 2284 3941 discipuli
2321 3865 2964 3943 fecerunt,ini'si|videre
2981 3865 3038 3923 et
3060 3867 3343 3943 contueri,
3376 3865 3671 3943 quodnse-

2011 3934 2213 4014 pulcro
2248 3943 2477 3997 Domini
2510 3934 2676 3996 valde
2708 3934 3000 4014 congruit,
3033 3937 3261 4014 corpori
3311 3934 3506 4014 autem
3543 3934 3668 4014 Vir-

2010 4008 2165 4085 ginis
2199 4014 2460 4078 minime,
2497 4014 2649 4084 quod
2687 4008 3343 4085 nimirum’nonsol‘um
3367 4008 3667 4085 viderunt,

2011 4079 2109 4140 sed
2143 4090 2199 4140 et
2239 4079 2553 4155 sepulturae
2609 4087 2986 4138 mandarunt.
3019 4102 3046 4130 »
3089 4082 3189 4155 iSic
3236 4079 3376 4155 ille._
3407 4079 3511 4134 Cui
3557 4093 3665 4130 nos

2006 4157 2287 4227 dicimus,
2308 4149 2507 4227 'neque
2537 4170 2904 4227 verumesse
2949 4154 3106 4227 quod
3157 4149 3429 4227 assumit,
3479 4163 3666 4227 neque

2009 4222 2160 4282 bene
2191 4221 2587 4298 inferri-quod
2633 4225 2874 4298 colligit.
2921 4221 3102 4278 Multa
3139 4221 3418 4298 enim_ibi
3443 4225 3650 4298 praeter

2011 4300 2341 4354 contuitum
2378 4291 2642 4370 corporis
2673 4291 2803 4353 alia“
2816 4313 2947 4353 esse
2977 4298 3152 4370 facta,
3197 4294 3421 4349 indicat
3454 4291 3658 4370 eodem

2009 4370 2134 4427 loco
2167 4372 2292 4442 ipse
2322 4364 2758 4442 S.Dionysius;
2813 4369 2913 4442 sed
2961 4366 3179 4423 omittit
3223 4383 3291 4422 ea
3354 4364 3663 4442 speciatim

2008 4438 2319 4515 exponere,
2355 4446 2506 4515 quod
2541 4438 2597 4497 et
2644 4440 2971 4515 Timotheo
3005 4445 3146 4515 nota
3182 4443 3391 4515 essent
3425 4438 3670 4515 _(nempe

240 4525 360 4567 eam
395 4518 615 4595 vivam,
651 4507 992 4595 prin-squam
1025 4512 1307 4595 migraret
1347 4511 1430 4595 ad
1472 4511 1681 4566 Filium
1710 4528 1722 4565 :
1760 4533 1787 4559 ››
1821 4527 1902 4595 re:
1932 4531 1978 4595 D
2011 4507 2144 4570 testi
2177 4507 2451 4570 aurito'et
2479 4514 2732 4595 ocut_ato)
2762 4519 2819 4567 et
2857 4511 3050 4595 verbis
3085 4509 3254 4595 facile
3279 4507 3522 4595 e'spr‘imi
3538 4523 3670 4595 pou

240 4587 522 4657 spondeo,
557 4581 667 4657 nos
693 4581 934 4657 quidem
967 4581 1250 4657 blodie‘ita
1274 4581 1582 4657 locuturos
1623 4598 1772 4650 esse,
1798 4583 1899 4637 sed

241 4652 588 4729 Dionysium
624 4656 684 4711 in
712 4652 844 4712 suis
876 4655 1046 4729 libris
1081 4654 1240 4710 aliud
1274 4653 1551 4729 loquendi
1580 4669 1778 4729 genus
1814 4671 1903 4710 se-

240 4726 484 4793 ctatu'm,
536 4745 747 4799 nempe
816 4727 1274 4799 grandiloquum
1306 4731 1372 4799 et
1426 4726 1904 4799 subobscurumi:

243 4799 618 4855 existimasse
644 4797 864 4866 autem,
917 4797 1255 4854 facile’bazc
1301 4797 1664 4853 intellectum
1716 4798 1785 4852 iri
1833 4798 1904 4852 ab

244 4873 454 4943 eo,qui
500 4872 711 4927 iisdem
757 4870 1127 4943 interfuisset
1186 4870 1505 4943 exsequiis.
1552 4870 1902 4943 Intelligenti

242 4941 393 5014 enim
421 4961 632 5014 pauca.
657 4943 769 4998 Nec
804 4941 1032 4997 volebat
1080 4941 1540 5014 Dionysiussua
1587 4941 1659 4996 ab
1710 4944 1904 4997 omni-

243 5013 351 5069 bus
383 5013 660 5085 intelligi,
694 5031 826 5070 cum
859 5029 961 5068 nec
993 5014 1271 5069 omnibus
1302 5013 1602 5082 scriberet,
1638 5015 1738 5069 sed
1764 5014 1905 5070 solis

241 5085 518 5143 Ecclesiae
548 5087 732 5142 sacris
763 5085 1086 5141 ordinibus.

309 5159 493 5214 Addit
516 5158 671 5214 idem
721 5158 1035 5213 Bivarius:
1088 5179 1115 5206 «
1167 5157 1328 5221 Quod
1377 5154 1425 5209 si
1475 5155 1615 5210 velit
1647 5156 1805 5226 quis,
1840 5160 1904 5210 ut

236 5229 532 5310 llirginem
554 5231 671 5310 vita
693 5229 992 5310 praeditam
1013 5227 1326 5310 Dionysius
1348 5243 1540 5310 puncu
1553 5233 1648 5299 pet
1669 5245 1904 5310 corpus,

234 5299 592 5358 inusitatum
626 5299 867 5357 inducet
896 5299 1179 5370 loquendi
1208 5299 1496 5372 imodum,
1533 5317 1648 5372 quo
1705 5300 1905 5355 nullus

235 5372 547 5430 doctorum
581 5391 726 5430 usus
759 5373 1105 5443 reperiatur.
1145 5393 1172 5422 »
1207 5371 1577 5440 Respondeo,
1623 5388 1734 5425 non
1782 5377 1900 5426 tam

235 5443 593 5501 inusitatum
645 5462 796 5513 esse,
850 5449 916 5499 ut
961 5460 1160 5509 corpus
1201 5448 1456 5514 ponatur
1508 5460 1610 5514 pro
1645 5459 1904 5512 persona,

235 5531 414 5586 qvam
456 5528 514 5573 ut
547 5535 741 5585 corpus
775 5520 1027 5588 ponatur
1059 5532 1160 5588 pro
1191 5514 1460 5588 sepulcro,
1516 5515 1670 5584 quod
1705 5521 1901 5569 tamen

238 5588 365 5658 ipse
394 5589 546 5644 vult.
581 5589 720 5654 Quis
745 5587 897 5643 enim
933 5588 1006 5639 ab
1046 5587 1185 5641 orbe
1233 5587 1466 5642 condito
1505 5603 1763 5654 unquam
1819 5588 1903 5641 sic

239 5660 477 5717 locutus
523 5667 628 5728 est,
681 5667 783 5716 aut
843 5659 1120 5729 loquetur
1163 5658 1413 5729 inﬁnitis
1456 5663 1586 5729 post
1624 5659 1903 5714 saeculis?

241 5754 269 5783 ι(
302 5733 586 5789 Visamus
617 5748 828 5803 corpus
847 5728 1014 5803 quod
1039 5729 1276 5803 sucepit
1303 5728 1613 5796 Joannem,
1647 5747 1770 5801 pro,
1813 5731 1900 5803 vi:

242 5801 804 5872 samussepulcrum
837 5801 1105 5872 Joannis.
1156 5801 1434 5856 Visamns
1483 5817 1696 5872 corpus
1745 5801 1900 5872 quod

245 5874 517 5950 suscepit
543 5871 865 5943 Christum,
905 5887 1010 5946 pro
1049 5871 1314 5930 visamus
1362 5871 1699 5946 sepulcrum
1743 5871 1904 5930 Chri-

2015 4593 2289 4658 possent;
2324 4602 2534 4658 neque,
2561 4578 2901 4658 sipossent,
2941 4583 3247 4658 deberent.
3299 4578 3490 4658 Verba
3537 4578 3666 4658 Dio-

2017 4649 2167 4730 iiysii
2200 4649 2374 4730 sunt:
2409 4649 2584 4713 ’Ἀλλὰ
2607 4649 2698 4730 ’ίιξα
2729 4655 2811 4730 Δτᾶι
2837 4649 2962 4730 ius?
3015 4652 3247 4730 μιιστικὰ
3285 4649 3377 4704 καὶ
3428 4649 3501 4710 ὡς
3533 4654 3667 4730 ,τοῖς

2015 4720 2252 4789 πόλλοῖς
2301 4725 2530 4804 ἄρῥητα,
2578 4726 2668 4781 καὶ
2712 4725 2787 4789 ὡς
2833 4723 3146 4804 ἐγκιωσμὲνα
3183 4743 3266 4777 σοι
3309 4720 3668 4794 παραλείψω-

2019 4820 2137 4873 μεν·
2174 4803 2278 4858 Sed
2308 4797 2379 4856 ut
2400 4797 2651 4872 mystica,
2676 4816 2797 4869 qua
2829 4797 2954 4873 illic
2995 4801 3143 4868 facta
3190 4801 3666 4873 suntstanquam

2014 4870 2204 4929 multis
2231 4870 2560 4944 ineffabilia,
2592 4877 2641 4944 et
2661 4873 2764 4925 tibi
2793 4871 3030 4944 cognita,
3061 4870 3575 4944 pratermitlamus.

2087 4937 2387 5001 Postremo
2426 4937 3102 5016 reprehenditBivarius,
3133 4941 3343 5016 quoda
3367 4937 3667 5016 nonnullis

2015 5009 2810 5088 dicitur"omnes'apostolos
2839 5009 3238 5088 funeribeatie
3271 5009 3529 5088 Virginis
3559 5010 3666 5088 ad-

2015 5089 2217 5145 fuisse.
2254 5111 2281 5138 »
2315 5090 2437 5153 Qua
2467 5081 3012 5157 de'reprehensione
3041 5084 3095 5138 id
3121 5084 3314 5157 solum
3353 5081 3540 5157 habeo
3575 5082 3666 5136 di-

2015 5176 2144 5215 cere
2179 5180 2191 5216 :
2227 5161 2273 5215 si
2309 5159 2522 5215 abillis
2552 5154 2661 5214 hoc
2681 5157 2933 5220 dicatur,
2967 5156 3135 5227 quasi
3151 5173 3217 5210 ex
3251 5154 3513 5227 Dionysii
3534 5170 3667 5209 ver-

2013 5231 2126 5297 bis,
2160 5233 2367 5287 merito
2417 5248 2517 5287 eos
2570 5227 2938 5299 reprehendi,
2989 5226 3386 5299 nequeenim
3429 5226 3488 5281 id
3537 5227 3668 5297 ejus

2012 5305 2190 5358 verba
2219 5308 2454 5368 sonant,
2489 5303 2579 5356 sin
2629 5298 2700 5356 ex
2731 5304 2962 5354 vetusta
3011 5298 3345 5361 traditione,
3371 5315 3544 5369 quam
3567 5299 3668 5353 Ju-

2012 5375 2234 5430 vennlis
2261 5374 2593 5445 patriarcha
2615 5389 2807 5428 coram
2837 5376 3112 5445 augustis
3131 5371 3498 5445 principibus
3515 5371 3668 5426 Mar-

2013 5447 2177 5502 tieno
2211 5443 2586 5502 etPulcberia
2605 5445 3080 5516 testiﬁcatusest,
3101 5443 3396 5499 immerito
3423 5463 3436 5510 ;
3457 5459 3677 5516 nempe

2013 5518 2352 5588 accipiendo
2383 5534 2568 5573 omnes
2614 5515 3032 5570 distributione
3099 5515 3665 5588 accommodayqui

2015 5587 2246 5646 scilicet
2277 5591 2333 5645 in
2373 5593 2521 5644 vivis
2579 5593 2766 5646 erant.
2829 5592 2886 5640 et
2925 5589 3132 5641 adesse
3182 5595 3468 5658 poterant.
3518 5587 3669 5644 Nam

2013 5665 2166 5732 quod
2197 5663 2314 5717 duo
2341 5667 2568 5716 tantum
2601 5658 3286 5732 no‘mine_ntur,_.lacobus
3316 5667 3393 5732 et,
3434 5664 3667 5732 Petrus,

2011 5725 2105 5806 his
2152 5734 2378 5806 verbis:
2416 5733 2614 5806 Παρῆν
2665 5726 2722 5806 Et
2761 5728 2880 5806 καὶ.
2912 5726 2940 5782 ὀ
2996 5725 3325 5806 ἁδελφᾷθεος
3366 5725 3664 5806 νἸάκωϐμοςέ

2009 5801 2100 5858 καὶ
2153 5805 2356 5878 Πὲτρλος
2401 5802 2436 5873 ἡ
2472 5795 2750 5878 ’κίορυφαία
2784 5799 2886 5878 Δκαὶ
2927 5795 3267 5878 πῗρεςϐυὲᾴτη
3315 5805 3428 5878 ξιξ-ὦν(
3477 5795 3666 5878 9:016-

2009 5821 2100 5858 καί
2153 5821 2356 5878 ιητρος
2401 5821 2436 5873 η
2483 5821 2616 5876 κορυ
2661 5821 2750 5856 uta
2795 5821 2886 5856 και
2927 5821 3267 5874 πρεσουτατη
3319 5822 3427 5856 των
3477 5821 3664 5864 θεολο-

2007 5894 2121 5951 γων
2170 5875 2407 5950 ἀκρότης
2443 5821 2656 5932 Aderit?
2692 5875 2881 5932 autem
2926 5877 2978 5930 et
3029 5874 3257 5933 Iacobus
3297 5875 3499 5932 Christi
3538 5878 3664 5947 [ra-
