4048 6388
324 280 435 334 755

1566 287 1626 340 Β.
1668 285 1982 341 ΒΙΟΝῩΒΙΙ
2020 285 2506 342 AREOPAGITE

3651 278 3760 333 756

331 408 435 470 ter,
470 407 522 459 et
552 406 752 478 Petrus
781 419 1099 478 supremum
1129 406 1179 478 et
1208 405 1750 461 venerabiiissimum
1781 407 1986 461 theolo-
2019 414 2067 478 Α
2103 384 2271 462 terat.
2303 409 2442 462 Nam
2471 407 2646 462 etiam
2667 406 2723 460 in
2745 406 2950 462 Jui‘rea
2967 406 3399 476 pradicaverat,
3427 419 3542 478 quo
3563 406 3768 478 tamen

326 492 523 547 garum
551 477 837 548 columen;
871 477 1024 546 quod
1053 477 1135 538 lii,
1168 477 1561 548 inquam,soli
1588 482 1988 546 nominentur,

329 565 446 603 non
479 550 678 603 obstat
708 547 849 617 quin
882 554 935 602 et
969 549 1066 602 alii
1102 550 1400 604 adfuerint
1430 558 1562 615 (non
1591 551 1750 604 enim
1798 551 1994 605 exclu-

331 621 598 690 duntur),
632 621 734 673 sed
769 620 1094 693 hitantum
1148 637 1180 673 a
1233 623 1523 692 Dionysio,
1575 628 1853 691 tanquam
1896 623 1996 693 qui

333 697 474 746 tunc
509 691 784 763 praecipui
837 691 992 746 inter
1043 695 1334 763 apostolos
1381 691 1578 747 essent
1637 691 2002 749 nominis‘et

335 766 732 833 auctoritatis,
761 765 1164 818 nominantur.
1186 765 1327 819 Nam
1353 764 1557 818 Petrus
1579 772 1703 818 erat
1732 767 1998 819 omnium

337 841 529 903 caput.
563 836 821 890 Jacobus
851 843 1037 891 autem
1069 837 1232 891 urbis
1275 835 1812 906 Hierosolymorum
1853 846 2000 907 (qua:

340 907 589 980 urbibus
620 909 898 962 omnibus
927 907 1264 971 antistabat,
1290 908 1613 962 etJudaicaz
1631 909 2000 980 gentisprin-

340 994 478 1049 ceps
510 979 872 1033 domicilium
907 982 1048 1048 erat)
1080 981 1325 1033 antistes
1351 996 1381 1032 a
1414 981 1650 1048 collegis
1695 982 1820 1034 suis
1842 979 2003 1035 icon-

277 1119 284 1125 ε
343 1051 612 1125 stitutus,
643 1052 947 1125 quietiam
983 1051 1357 1125 abstinentia:
1393 1057 1452 1106 et
1481 1052 1825 1106 austerioris
1875 1053 2002 1106 vitae

345 1138 519 1176 causa
551 1122 696 1192 ipsis
721 1122 855 1175 ﬁdei
884 1127 1096 1176 nostra!
1132 1122 1405 1177 hostibus
1449 1131 1576 1177 erat
1624 1125 2003 1178 reverendus.

344 1194 506 1257 Quod
555 1209 688 1246 vero
752 1193 1011 1248 Joannes
1061 1195 1421 1264 evangelista
1485 1197 1826 1250 nominatus
1889 1212 2004 1250 non

344 1265 537 1338 fuerit,
570 1280 750 1318 causa
779 1264 836 1317 in
891 1273 1164 1336 promptu
1210 1272 1318 1334 est,
1373 1267 1526 1335 quod
1569 1268 1638 1320 de
1689 1267 1819 1336 ejus
1860 1283 2006 1338 prae-

341 1337 535 1408 sentia
555 1340 758 1406 utpote
785 1338 1011 1408 Virgini
1036 1353 1272 1407 semper
1292 1339 1648 1402 assistentis,
1682 1338 1843 1392 nulla
1864 1337 2005 1393 sub-

339 1406 478 1461 oriri
513 1413 712 1477 posset
759 1406 1069 1463 dubitatio.
1120 1406 1241 1463 lmo
1288 1415 1344 1463 8.
1400 1409 1594 1463 Marias
1654 1410 2007 1465 cathedralis

340 1478 585 1534 ecclesia
614 1481 996 1536 Tornacensis
1017 1481 1302 1553 gloriatur
1332 1496 1393 1535 se
1425 1480 1639 1535 habere
1670 1483 1741 1536 de
1788 1483 2007 1553 palma,

343 1496 585 1534 ecclesia
614 1496 647 1534 '1
661 1496 996 1536 ornacensrs
1017 1496 1302 1604 gloriatur
1332 1496 1393 1535 se
1425 1496 1639 1535 nabere
1670 1496 1741 1536 de
1788 1496 2006 1553 palma,

343 1566 520 1620 quam
549 1555 788 1606 sanctus
820 1569 1036 1622 evange
1067 1554 1174 1606 ista
1207 1559 1261 1606 et
1291 1553 1592 1622 apostolus
1617 1553 1871 1608 Joannes
1902 1555 2006 1607 de-

343 1623 566 1695 ferebat
596 1625 907 1694 praeeundo
940 1625 996 1678 in
1032 1625 1326 1694 exsequiis
1368 1625 1424 1677 S.
1474 1624 1667 1678 Mariae
1724 1632 2007 1695 D€|paf&3,

343 1694 434 1748 Sic
451 1696 619 1767 enim
653 1701 742 1750 est
772 1695 830 1749 in
867 1695 1455 1767 Hier'igazophyliaco
1496 1695 1726 1766 Belgico
1765 1694 2008 1750 Arnoloti

347 1767 419 1858 die
450 1765 672 1858 Raisse,
698 1768 844 1858 Quin
878 1772 933 1822 et
964 1765 1366 1858 Messe-nienses
1399 1767 1456 1848 in
1487 1765 1684 1858 Sicilia
1721 1837 1733 1858 ι
1756 1773 2004 1822 frustum
2038 1793 2086 1858 B

343 1837 580 1905 aliquod
616 1839 881 1909 ejusdem
916 1841 1122 1908 palma:
1153 1840 1209 1892 in
1249 1839 1509 1909 principe
1557 1837 1775 1909 templo
1821 1857 2007 1894 asser-

351 1915 511 1964 vant.
554 1910 700 1965 Vide
733 1918 859 1980 post
887 1911 1177 1965 Francisci
1204 1910 1518 1981 Maurolyci
1539 1911 1769 1965 abbatis
1791 1912 2008 1966 Messa-

345 1981 544 2054 nensis
591 1984 1067 2053 Martyrologium
1112 1985 1392 2051 adjuncta
1444 1983 1819 2054 Heliquiarum
1868 1986 2003 2039 loca.

339 2053 422 2105 Ad
459 2052 704 2108 Paulum
746 2052 940 2108 autem
980 2055 1134 2124 quod
1170 2055 1395 2118 attinet,
1440 2052 1849 2108 sive'adfuerit
1885 2058 2004 2110 sive

339 2125 618 2190 abfuerit,
654 2125 801 2178 nihil
836 2127 1022 2180 fraudi
1056 2131 1144 2180 est
1176 2126 1366 2180 verbis
1399 2126 1680 2195 Dionysii,
1711 2127 1805 2196 qui
1840 2142 2004 2180 men-

341 2197 561 2249 tionem
595 2198 724 2266 ejus
755 2214 868 2252 non
903 2198 1041 2252 facit
1065 2216 1079 2261 ;
1103 2199 1202 2252 sed
1231 2214 1417 2266 neque
1439 2198 1748 2251 assertioni
1773 2198 2000 2252 illorum

339 2267 440 2339 qui
474 2269 680 2321 dicunt
710 2285 916 2323 omnes
962 2269 1264 2334 adfuisse;
1306 2270 1788 2339 quandoquidem
1844 2287 2003 2325 more

338 2337 567 2411 vulgari
600 2339 939 2410 loquantur,
975 2346 1036 2394 ut
1061 2340 1262 2395 dicant
1296 2337 1497 2396 omnes
1540 2337 1642 2411 pro
1677 2348 1836 2410 parte
1874 2358 1999 2396 ma-

337 2410 520 2478 xima,
554 2419 611 2464 et
640 2429 743 2483 pro
775 2413 849 2466 iis
881 2413 980 2482 qui
1013 2413 1318 2466 commode
1350 2410 1556 2466 adesse
1605 2414 1922 2483 potuerint,
1945 2421 2004 2468 et

343 2498 492 2552 quos
524 2484 673 2538 Deus
704 2483 754 2537 ei
787 2485 1088 2538 consessui
1121 2485 1524 2538 destinaverit.

415 2553 556 2627 Nam
592 2556 766 2610 iidem
786 2557 896 2627 ipsi
915 2557 1012 2625 qui
1039 2556 1244 2610 dicunt
1270 2573 1472 2610 omnes
1492 2555 1773 2622 adfuisse,
1802 2561 2003 2625 postea

345 2626 674 2694 subjiciunt
693 2626 948 2682 defuisse
980 2627 1286 2691 Thomam,
1328 2645 1394 2681 ac
1447 2629 1642 2681 triduo
1693 2635 1823 2698 post
1867 2635 1999 2682 tan-

344 2701 472 2751 tum
505 2699 849 2754 advenisse:
887 2714 990 2753 nec
1023 2699 1149 2755 sine
1171 2699 1368 2754 divino
1401 2699 1636 2769 quidem
1673 2700 1727 2752 id
1780 2700 1997 2754 factum

344 2770 592 2825 consilio
635 2770 859 2836 dicunt,
912 2787 1121 2842 nempe
1152 2777 1216 2824 ut
1260 2772 1410 2825 idem
1464 2770 1666 2824 Matris
1727 2771 1998 2840 probaret

341 2842 833 2914 assumptionem,
867 2842 965 2912 qui
1004 2842 1128 2914 Filii
1156 2843 1565 2913 comprobaret
1600 2842 1996 2914 resurrectio,

341 2927 497 2966 nem.
533 2911 643 2968 Sed
681 2911 1026 2968 Franciscus
1056 2911 1341 2976 Bivarius,
1377 2915 1517 2967 dum
1556 2911 1731 2967 nimis
1757 2915 1996 2983 insistit,

343 2989 409 3036 ut
435 2984 695 3040 defuisse
725 2985 820 3039 isti
854 2984 1253 3056 apostolorum
1289 2985 1461 3040 coetui
1496 2985 1740 3056 Paulum
1773 2987 1996 3055 probet,

341 3057 732 3128 ostendatque
760 3055 1170 3122 non’potuisse
1199 3073 1326 3112 esse
1376 3055 1797 3127 Hierosolymis
1843 3073 1998 3111 anno

335 3124 551 3198 Christi
586 3124 1080 3198 quinquagesimo
1101 3133 1322 3194 octavo,
1347 3128 1405 3182 in
1428 3130 1630 3183 multis
1648 3124 1821 3182 errat.
1849 3129 1994 3182 Nam

337 3196 422 3251 ita
451 3196 660 3254 scrib—it
686 3216 699 3253 ε
727 3196 982 3254 «(Adhuc
1001 3205 1193 3254 autem
1222 3200 1362 3254 mihi
1390 3200 1626 3254 difficile
1647 3201 1700 3253 id
1726 3201 1995 3266 videtur;

339 3271 620 3342 quoniam
665 3287 819 3326 anno
869 3272 1361 3342 quinquagesimo
1409 3272 1662 3342 septimo
1713 3272 1835 3339 (qui
1892 3272 2002 3342 fuit

339 3340 584 3415 Neronis
628 3340 946 3415 secundus,
999 3340 1162 3415 teste"
1194 3340 1545 3415 Hieronymo
1594 3341 1694 3415 lib.
1749 3344 1822 3396 De
1867 3341 2002 3397 scri-

339 3414 589 3485 ptoribus
618 3413 897 3478 Ecclesia',
945 3414 1145 3485 Paulo)
1194 3413 1429 3469 Paulus
1460 3413 1721 3484 pervenit
1772 3415 2000 3470 vinctus

344 3483 615 3550 Romam,
653 3487 749 3540 ubi
784 3487 1001 3541 mansit
1032 3483 1264 3541 biennio
1289 3493 1406 3540 toto
1441 3488 1495 3540 in
1531 3502 1638 3538 suo
1691 3486 1999 3551 conducto,

343 3557 468 3610 Act.
501 3557 730 3612 ultimo.
762 3556 922 3612 Unde
953 3575 1106 3612 anno
1138 3559 1635 3628 quinquagesimo
1657 3561 1860 3610 octavo
1885 3574 1998 3612 non

347 3630 540 3700 potuit
569 3628 985 3700 Hierosolymis
1017 3627 1242 3684 artesae.
1278 3627 1430 3683 »’Sic
1476 3629 1605 3700 ille._
1649 3627 1809 3689 Quod
1861 3645 1998 3699 ergo

347 3697 667 3767 existimat,
712 3697 928 3755 annum
955 3701 1168 3756 Christi
1221 3698 1774 3771 quinquagesimum
1817 3697 1997 3770 septi-

349 3786 513 3826 mum
547 3789 670 3827 esse
699 3774 1022 3827 secundum
1059 3769 1327 3836 Neronis,
1351 3778 1546 3841 aperte
1589 3769 1846 3824 fallitur:
1884 3769 1998 3827 non

345 3841 502 3898 enim
535 3843 1057 3914 quinquagesimus
1087 3846 1397 3914 septimus,
1431 3844 1532 3898 sed
1572 3842 2000 3914 quinquagesi-

345 3931 482 3970 mus
513 3919 750 3970 octavus
775 3912 884 3976 e'st.
911 3912 1206 3970 secundus
1257 3915 1522 3977 Neronis,
1587 3917 1650 3968 ut
1701 3912 1886 3982 liquet
1933 3930 2001 3968 ex

341 3985 576 4041 Eusebii
595 3987 877 4042 Chronico
896 3986 1472 4041 etDemonstratione
1491 3984 1740 4040 Pontaci.
1761 3986 1998 4051 Deinde,

341 4059 498 4128 quod
531 4059 599 4113 ad
654 4060 1021 4130 probandum
1081 4058 1409 4127 pervenisse
1466 4057 1709 4130 Paulum
1762 4057 1999 4112 Romam

340 4147 495 4186 anno
513 4129 768 4186 secundo
787 4129 1053 4194 Neronis,
1075 4135 1280 4184 testem
1297 4131 1531 4184 adducit
1554 4129 1995 4200 Hieronymum,

340 4217 549 4257 rursus
576 4201 813 4257 fallitur.
855 4203 975 4257 Non
1009 4201 1163 4256 enim
1201 4201 1343 4255 dicit
1375 4203 1760 4268 Hieronymus
1801 4217 1996 4270 perve-

337 4274 510 4340 nisse,
545 4274 643 4328 sed
711 4279 938 4329 tantum
993 4273 1144 4327 449
1208 4272 1433 4326 missum
1482 4289 1612 4327 esse.
1658 4273 1882 4326 Romam
1936 4271 1996 4326 in

338 4345 488 4414 quit,
522 4347 730 4400 vinctus
759 4345 1024 4399 mittitur.
1061 4347 1265 4412 Itaque
1298 4343 1397 4398 illo
1447 4361 1600 4398 anno
1633 4353 1757 4398 erat
1793 4345 1995 4398 Hiero-

338 4417 854 4489 solymis.l)einde
886 4417 1056 4487 paulo
1091 4422 1219 4486 post
1247 4416 1305 4470 in
1343 4414 1843 4489 accommodanda
1867 4415 1996 4489 ejus

338 4486 468 4543 dem
493 4488 657 4544 Pauli
691 4486 996 4560 prophetia
1021 4505 1132 4544 non
1169 4503 1373 4558 parum
1392 4487 1702 4560 aberravit,
1729 4486 1813 4540 sic
1836 4486 1991 4540 enim

2101 484 2223 550 jam
2261 480 2628 551 properabat,
2660 487 2716 533 ct
2746 479 2872 533 sine
2894 473 3071 533 dubio
3105 478 3500 551 aliisuquoque
3531 475 3590 529 in
3622 473 3766 528 locis

2109 549 2836 614 inter—Judaam,etAsiam
2890 551 3120 604 mediis.
3154 549 3374 603 Deinde
3434 563 3640 600 rursus
3688 561 3762 598 cx

2107 623 2308 678 Judaaa
2342 623 2583 677 Romam
2621 639 2808 693 usque
2833 630 2956 676 erat
2984 625 3348 690 profecturus
3382 634 3395 672 :
3433 635 3506 673 an
3534 621 3607 693 _i_n
3641 622 3764 671 toto

2110 695 2211 749 illo
2233 701 2289 749 et
2314 702 2430 749 tam
2468 695 2638 765 longo
2670 690 2875 748 itinere
2905 695 3068 748 nulla
3118 693 3258 765 urbs
3302 695 3467 765 erat,
3489 690 3589 744 ubi
3621 696 3768 765 ante

2111 768 2488 837 praedicasset
2515 768 2542 820 ‘I
2568 760 2771 836 ireque
2800 766 2910 820 hoc
2951 764 3114 819 satis.
3168 763 3363 837 Roma
3396 763 3573 837 etiam
3619 760 3770 814 liber

2111 833 2396 895 dimissus
2416 857 2445 891 a
2477 833 2721 904 Nerone,
2745 839 2814 892 ad
2848 837 3285 908 praedicandum
3312 833 3646 908 ubicunque
3670 848 3766 886 vo-

2112 910 2221 963 luit
2244 910 2644 980 Evangelium,
2669 905 2863 964 annos
2879 907 3209 979 complures
3231 905 3392 980 abiit,
3417 905 3767 980 etquidem,

2113 983 2240 1052 ipso
2270 978 2424 1035 teste
2450 982 2678 1036 Bivario
2711 988 2884 1053 atque
2915 978 3241 1053 detensore,
3273 979 3450 1032 etiam
3475 978 3767 1053 inHispa-

2115 1050 2270 1106 niam
2307 1056 2604 1122 profectus
2635 1060 2721 1107 est
2749 1070 2760 1106 :
2789 1050 2950 1122 quod
3004 1067 3110 1121 ego
3165 1050 3250 1104 illi
3276 1121 3283 1122 ί
3306 1050 3654 1122 assentior;
3681 1054 3768 1100 An

2114 1117 2324 1178 nullus
2347 1125 2525 1196 igitur
2552 1117 2945 1191 intereafnon
2978 1117 3168 1178 dicam
3202 1138 3232 1176 e
3260 1121 3482 1196 Judaeis
3498 1117 3771 1196 autGrtn-

2113 1195 2218 1263 eis,
2251 1196 2349 1250 sed
2371 1191 2452 1250 cx
2481 1197 2737 1261 Asianis,
2771 1197 2989 1266 quibus
3037 1201 3159 1248 tum
3211 1193 3592 1266 valedicehat,
3641 1191 3771 1261 ejus

2116 1267 2318 1322 faciem
2350 1267 2490 1321 vidit
2521 1267 2548 1322 ‘I
2581 1264 2881 1322 nullus'ad
2915 1283 3080 1334 eum,
3112 1281 3214 1320 seu
3267 1264 3324 1318 in
3366 1265 3610 1336 Syriam,
3663 1277 3765 1315 seu

2115 1340 2172 1393 in
2210 1340 2575 1409 Hispaniam,
2609 1356 2711 1394 seu
2741 1341 2797 1393 in
2836 1339 3082 1407 Italiam,
3135 1353 3234 1392 seu
3285 1335 3421 1402 alio,
3469 1335 3563 1390 ubi
3622 1337 3772 1409 erat,

2115 1415 2243 1481 ejus
2277 1404 2499 1465 visendi
2537 1404 2637 1465 aut
2681 1404 3076 1466 conveniendi.
3127 1425 3308 1463 causa
3364 1425 3428 1481 se
3471 1404 3773 1481 contulit?

2118 1477 2317 1536 n'ullus
2351 1499 2702 1553 quacunque
2731 1499 2798 1537 ex
2828 1482 3132 1536 occasione
3175 1482 3352 1553 inuea
3376 1478 3521 1553 gloca
3573 1477 3769 1548 profe-

2117 1560 2268 1614 ctus,
2302 1550 2399 1607 ubi
2435 1550 2651 1608 Paulus
2683 1560 2826 1622 erat,
2857 1558 2912 1607 in
2945 1571 3075 1606 eum
3102 1550 3487 1606 incidit?Res
3517 1556 3604 1604 est
3628 1563 3772 1603 sane

2113 1627 2340 1679 creditu
2379 1626 2760 1696 perdifficilis.
2793 1625 2938 1687 Quid
2975 1625 3174 1694 igitur,
3209 1623 3463 1696 inquies,
3487 1622 3616 1676 istis
3639 1637 3772 1696 ver-

2119 1697 2208 1750 bis
2241 1693 2424 1750 voluit
2457 1696 2720 1751 Paulus?
2751 1697 2921 1751 Aliud
2965 1693 3117 1749 certe
3168 1694 3313 1749 nihil
3365 1711 3544 1764 quam
3595 1708 3657 1744 se
3705 1693 3766 1745 in

2118 1776 2329 1822 terram
2367 1770 2587 1834 Asiam,
2623 1769 3024 1839 praecipueque
3056 1768 3318 1822 Miletum
3352 1773 3409 1820 et
3453 1766 3763 1837 Ephesum,

2117 1839 2373 1908 amplius
2405 1857 2516 1894 non
2553 1843 2901 1894 rediturum.

2192 1905 2508 1968 Postremo.
2547 1929 2657 1966 non
2693 1927 2862 1982 posse
2893 1910 3068 1964 verba
3127 1911 3197 1964 de
3253 1906 3468 1982 Christi
3532 1905 3769 1982 quini

2115 1984 2385 2052 sepulcro
2421 1978 3137 2054 intelligi;probatetiaiu
3169 1981 3551 2054 doctissimus
3592 1978 3767 2054 Baro:

2116 2049 2272 2118 nius,
2307 2071 2459 2108 anno
2491 2049 2704 2108 Christi
2727 2049 2825 2108 '48.
2852 2053 2998 2117 Quia
3018 2053 3242 2107 scilicet
3263 2051 3598 2122 sepulcrum
3628 2049 3765 2122 illud

2115 2127 2360 2196 apostoli
2387 2128 2510 2196 jam
2547 2143 2698 2196 saepe
2728 2128 3014 2190 viderant,
3043 2141 3146 2178 nec
3176 2132 3300 2178 erat
3331 2121 3533 2196 causa,
3569 2137 3674 2196 cur
3701 2121 3755 2174 id

2114 2193 2405 2267 temporis
2427 2206 2542 2251 tam
2582 2193 2748 2251 niulti
2775 2215 2888 2251 una
2911 2196 3305 2259 convenirent,
3326 2201 3444 2248 tam
3473 2195 3536 2267 ad
3564 2193 3763 2267 viden:-

2113 2263 2254 2322 duni
2290 2270 2454 2334 illud,
2491 2286 2666 2339 quam
2699 2271 2766 2322 ad
2806 2270 3054 2340 hymnos
3085 2267 3164 2321 ibi
3199 2265 3618 2320 concinendos.
3659 2263 3759 2340 Cui

2115 2347 2464 2411 argumento
2498 2335 2710 2394 uiirum
2740 2347 2827 2394 est
2849 2335 3001 2392 nihil
3033 2355 3381 2408 responsum
3427 2353 3556 2411 esse
3587 2352 3620 2389 a
3663 2335 3762 2388 Bi-

2112 2407 2284 2466 vario.
2325 2412 2554 2466 Maneat
2582 2413 2762 2481 igitur
2794 2414 3027 2466 firmum
3060 2407 3235 2481 (quod
3270 2407 3525 2463 etGraaci
3557 2422 3765 2461 omnes

2112 2484 2438 2538 docuerunt
2465 2489 2521 2536 et
2553 2484 2786 2554 plurimi
2826 2483 3161 2536 Latinorum
3197 2481 3619 2604 approbaruntq
3639 2495 3764 2532 ver-

2114 2555 2185 2604 ba
2217 2557 2401 2604 sancti
2443 2555 2691 2604 liinnvsii
2717 2556 2786 2604 de
2809 2561 3095 2604 conventu
3119 2557 3518 2604 anostolorum
3544 2568 3573 2604 a
3635 2565 3764 2604 cor-

2114 2555 2185 2609 ba
2217 2557 2401 2627 sancti
2443 2555 2691 2627 Dionysii
2717 2556 2786 2607 de
2809 2561 3095 2627 conventu
3119 2557 3518 2624 apostolorum
3544 2555 3614 2605 ad
3635 2565 3768 2604 cor-

2112 2643 2222 2698 pus
2254 2626 2510 2698 Virginis
2541 2625 2912 2689 intuendum,
2938 2625 3229 2680 ethonore
3249 2626 3564 2695 sepultura
3587 2626 3765 2677 ador-

2110 2700 2394 2758 nandum.
2430 2699 2807 2769 intelligenda
2835 2714 2983 2752 esse.

2180 2771 2284 2823 Sed
2347 2776 2568 2840 qureret
2617 2763 2858 2841 aliquis,
2913 2768 3294 2841 quamobrem
3365 2763 3766 2841 apostolorum

2111 2841 2311 2895 nullus
2346 2835 2943 2896 riientionem'ullam‘
2987 2839 3072 2894 vel
3126 2839 3331 2893 mortis
3376 2835 3764 2891 sanctissimas

2109 2910 2390 2984 Virginis,
2423 2911 2509 2967 vel
2529 2919 2849 2984 conventus
2883 2913 2952 2984 ad
2997 2910 3321 2984 exsequias
3355 2909 3484 2979 ejus
3543 2910 3763 2984 fecerit.

2113 2979 2410 3054 lloc'enim
2430 2985 2667 3054 quidam
2705 2983 2978 3038 Michaeli
3015 2979 3202 3054 Glycie
3230 2981 3390 3054 rolim
3430 2979 3759 3054 proposuit.

2111 3053 2278 3110 Illius
2311 3050 2552 3124 proinde
2587 3050 3121 3125 interrogationem,
3151 3053 3406 3125 etliujus
3435 3050 3769 3121 responsio-

2115 3143 2243 3198 nem
2281 3123 2372 3180 hic
2404 3127 2568 3182 lubet
2596 3123 2908 3198 apponere.
2946 3126 3050 3198 rSic
3097 3125 3295 3194 itaque
3342 3123 3553 3198 Glycas
3601 3129 3765 3198 parte

2109 3197 2282 3251 tertia
2333 3193 2736 3253 Annalium-fu
2785 3197 3020 3252 Memini
3071 3193 3327 3268 quoque,
3395 3193 3604 3268 dilecte
3655 3193 3760 3261 fili,

2111 3269 2320 3338 inquit,
2350 3277 2405 3323 te
2454 3271 2606 3324 inter
2652 3277 2890 3324 ceteros
2939 3266 3279 3338 hujusmo’di
3329 3266 3761 3338 dubitationem

2111 3337 2429 3410 aliquando
2461 3342 2605 3396 mihi
2659 3337 3059 3413 proposuisse.
3094 3340 3506 3413 Quamobrem,
3540 3337 3760 3402 aiebas,

2109 3413 2381 3482 discipuli
2419 3413 2632 3468 Christi
2665 3410 2722 3467 et
2753 3410 3024 3484 apostoli,
3078 3413 3252 3466 rebus
3314 3410 3445 3484 aliis
3477 3410 3535 3464 in
3590 3425 3761 3484 com-

2112 3481 2433 3539 mentarios
2464 3491 2520 3539 ct
2553 3481 2832 3539 historias
2854 3483 3074 3550 relatis,
3128 3499 3368 3554 prorsus
3418 3482 3489 3535 de
3547 3481 3762 3554 obdur-

2109 3555 2350 3610 mitione
2383 3563 2671 3627 perpetuae
2702 3555 2963 3627 Virginis
2991 3550 3151 3610 illius
3183 3551 3605 3627 obticuerunt?
3646 3550 3768 3606 Hac

2108 3627 2179 3698 de
2211 3643 2268 3681 re
2300 3622 2444 3681 satis
2470 3622 2559 3682 est
2580 3622 2952 3698 respondere,
2986 3633 3253 3681 auctores
3317 3622 3768 3694 Evangeliorum

2108 3697 2322 3752 Christi
2342 3697 2910 3754 administrationem
2933 3699 2988 3752 in
3007 3714 3181 3753 carne
3203 3699 3767 3762 commemorantes,

2109 3770 2177 3822 ad
2215 3772 2344 3838 ejus
2376 3786 2408 3824 a
2433 3771 2602 3824 terris
2626 3775 2681 3824 in
2712 3771 2921 3825 cmlum
2965 3771 3428 3840 assumptionem
3465 3766 3765 3840 pervenis,

2107 3841 2180 3910 At
2210 3837 2331 3895 illia
2359 3857 2563 3910 expers
2586 3843 2827 3897 maculae
2847 3842 3082 3896 nomini
3115 3837 3298 3896 nostri
3344 3837 3484 3910 Jesu
3541 3837 3767 3894 Christi

2111 3909 2294 3984 Mater
2326 3909 2652 3984 provectam
2705 3919 2934 3969 aetatem
2976 3912 3242 3984 attigisse
3289 3909 3648 3984 perhibetur,
3700 3917 3769 3964 ut

2110 3983 2464 4037 divinusille
2494 3984 2580 4038 vir
2607 3986 2868 4042 Andreas
2907 3985 3199 4041 Cretensis
3255 3983 3500 4038 antistes
3559 3984 3774 4036 auctor

2110 4060 2216 4108 est.
2251 4057 2613 4126 Quapropter
2645 4057 2764 4111 fieri
2799 4074 2913 4111 non
2966 4057 3275 4128 potuit,iut
3315 4052 3574 4128 Virginis
3602 4052 3771 4108 illius

2109 4125 2400 4196 perpetuae
2431 4125 2782 4183 obdormitio
2809 4125 3155 4198 evangelicae
3182 4125 3438 4181 historiae
3470 4126 3764 4198 inserere-

2107 4202 2224 4263 tur,
2247 4199 2326 4251 uti
2355 4216 2483 4269 qua;
2507 4199 2679 4270 longo
2701 4197 2973 4270 deinceps
2997 4207 3276 4271 tempore,
3303 4201 3453 4254 sicut
3476 4197 3764 4271 diximus,

2109 4267 2406 4342 acciderit.
2442 4267 2754 4342 Propterea
2787 4267 3052 4326 seorsum
3091 4267 3366 4342 peculiari
3401 4271 3656 4342 quodam
3686 4267 3770 4342 li-

2109 4341 2212 4414 bro
2245 4342 2463 4414 deipsa
2493 4339 2640 4397 nihil
2667 4344 2878 4399 Christi
2911 4339 3183 4414 discipuli
3217 4340 3511 4396 memoriae
3557 4339 3766 4414 prodi-

2109 4359 2212 4395 nro
2245 4359 2463 4414 neipsa
2493 4359 2640 4397 mnu
2667 4359 2878 4399 unristi
2911 4359 3182 4468 discipun
3217 4359 3511 4396 memoria:
3557 4359 3766 4410 proni-

2107 4413 2339 4486 derunt,
2375 4420 2647 4485 proptera
2678 4417 2832 4486 quod
2859 4415 2917 4469 in
2951 4431 3058 4485 exp
3087 4414 3296 4469 icanda
3328 4414 3453 4484 ejus
3503 4410 3766 4486 sumini-

2109 4482 2391 4558 stratione
2419 4482 2710 4557 occupati,
2761 4482 3229 4558 magnopereque
3274 4482 3495 4558 de'una
3523 4482 3653 4558 _illa
3684 4500 3764 4558 re

336 4560 527 4616 deillo
608 4535 853 4616 scr'ibitr:
912 4560 1056 4624 Quia
1113 4535 1428 4631 pristquam
1499 4535 1702 4613 semel,
1741 4561 1982 4631 Romam
2024 4535 2070 4599 Ῑ)
2100 4556 2334 4611 solliciti
2367 4563 2504 4628 (quo
2533 4535 2814 4612 nimii'um
2851 4535 3371 4631 fiacthinci'edulos
3403 4554 3608 4631 fideles
3630 4555 3762 4631 effi-

333 4633 512 4701 venit,
541 4649 846 4703 nunquam
880 4631 936 4686 in
969 4630 1566 4703 Orientem'reversus
1615 4633 1812 4703 estLut
1863 4630 1991 4700 ipse

331 4704 403 4760 de
431 4721 492 4760 sc
520 4701 967 4774 prophetaverat
998 4704 1280 4758 Actorum
1330 4701 1610 4774 vigesimo
1647 4716 1670 4774 :_
1707 4701 1837 4774 Ecce
1895 4718 1990 4774 ego

329 4777 464 4843 scio,
498 4771 793 4846 inquiens,
857 4777 989 4846 quia
1035 4791 1144 4829 non
1197 4771 1446 4843 amplius
1483 4771 1742 4846 videbitis
1787 4773 1991 4841 faciem

331 4841 511 4902 meam
541 4841 632 4902 vos
657 4841 877 4914 omnes;
909 4862 1008 4914 per
1065 4861 1196 4916 quos
1226 4841 1491 4916 iliafnsivi
1543 4841 1850 4916 prxdicqns
1906 4859 1990 4897 re-

333 4937 505 4985 gnum
539 4921 658 4974 Dei.
696 4941 723 4968 »
752 4913 855 4974 Sic
878 4913 992 4972 ille.
1028 4913 1196 4987 Atqui
1222 4915 1436 4970 Paulus
1463 4932 1575 4969 non
1605 4913 1991 4987 prophetabat

333 5009 396 5046 se
428 5007 727 5060 nunquam
761 4989 820 5045 in
861 4986 1153 5044 Orientem
1205 5003 1573 5060 reversurum
1612 5006 1624 5053 ;
1660 4986 1778 5060 imo
1824 4991 1984 5055 tunc,

331 5078 466 5118 cum
496 5058 1027 5146 illa'prophetabat,
1063 5064 1220 5146 recta
1242 5060 1521 5146 tendebat
1563 5059 1618 5146 in
1644 5058 1984 5146 rQrientem,

331 5151 545 5206 nempe
577 5129 1058 5202 Hierosolymam.
1085 5131 1182 5206 ubi
1223 5136 1293 5206 et_
1309 5136 1516 5201 captus
1546 5135 1601 5182 et
1635 5129 1886 5206 vinctus,
1921 5147 1986 5185 ac

332 5200 544 5262 deinde
577 5207 788 5260 ductus
821 5200 1062 5257 Romam
1100 5203 1225 5258 fuit.
1255 5200 1394 5257 Erat
1413 5207 1607 5257 autem
1635 5200 1808 5257 Mileti
1833 5200 1985 5256 Pau-

331 5276 424 5332 lus
455 5294 590 5332 cum
622 5276 723 5330 illa
755 5275 1142 5347 prophetarit,
1172 5279 1279 5347 (est
1340 5291 1510 5347 porro
1561 5272 1792 5328 Miletus
1845 5273 1987 5347 urbs

327 5349 524 5410 Asiae).
559 5344 1077 5418 eoque'vocaverat
1109 5345 1332 5418 Epheso
1353 5345 1602 5415 majores
1629 5351 1766 5400 natu
1796 5344 1985 5418 Eccleg

329 5420 448 5477 sine.
485 5420 585 5474 His
616 5417 753 5489 ergo
785 5419 1070 5489 Ephesiis,
1105 5423 1163 5472 et
1203 5417 1441 5489 Milesiis
1465 5417 1861 5487 potissimum,
1886 5417 1986 5489 sed

330 5497 390 5547 et
420 5491 553 5546 aliis
584 5487 856 5545 Ecclesiis
888 5489 1054 5560 Asiae,
1091 5508 1237 5561 quae,
1273 5490 1344 5544 ab
1378 5488 1494 5543 illis
1518 5506 1629 5544 non
1681 5493 1853 5556 longe
1883 5487 1987 5561 ‘di-

329 5565 589 5630 stabant,
619 5579 682 5617 se
713 5562 956 5632 posthac
988 5557 1091 5634 per
1106 5557 1316 5617 eorum
1350 5566 1536 5634 terras
1564 5577 1677 5634 non
1711 5557 1988 5634 transitu-

331 5651 462 5690 rum
490 5628 864 5705 praiedicebat.
897 5628 1095 5705 Neque
1125 5634 1279 5689 enim
1310 5633 1394 5688 eis
1415 5632 1589 5686 verba
1613 5633 1698 5686 sic
1722 5628 1987 5685 restricte

333 5707 618 5778 capienda
649 5711 806 5770 sunt,
841 5705 1177 5777 quasinulli
1198 5706 1440 5778 omnino
1463 5720 1660 5758 eorum
1710 5717 1812 5778 per
1839 5717 1985 5770 quos

333 5774 685 5854 transiverat
711 5774 1030 5854 praedicans
1064 5780 1316 5854 verbum
1336 5775 1459 5854 Dei_,
1492 5779 1691 5854 essent
1713 5774 1767 5826 in
1794 5779 1985 5844 poste-

330 5866 470 5907 rum
523 5852 650 5920 eius
675 5845 854 5908 visuri
890 5850 1116 5921 faciem,
1149 5849 1204 5904 id
1226 5845 1380 5904 enim
1418 5845 1535 5902 fere
1566 5845 1692 5903 ﬁeri
1716 5861 1830 5900 non
1880 5858 1986 5915 po-

2102 4634 2318 4701 cerent,
2348 4626 2422 4683 ac
2444 4646 2650 4685 omnes
2683 4630 2753 4685 ad
2791 4626 2994 4701 puram
3029 4629 3439 4701 sinceramque
3472 4628 3528 4680 in
3587 4626 3757 4681 Chri-

2103 4706 2260 4754 stum
2296 4700 2468 4755 ﬁdem
2505 4700 2906 4770 perducerent)
2933 4706 3140 4756 caetera
3172 4700 3565 4771 negligebant,
3605 4715 3756 4771 prie;

2101 4771 2299 4845 sertim
2328 4788 2393 4826 ea
2416 4769 2542 4843 qua:
2575 4773 2924 4845 adgdivinam
2947 4772 3104 4845 illam
3125 4769 3756 4845 praedicationem’nihil

2102 4844 2377 4917 facerent.
2413 4841 2447 4893 n‘
2473 4845 2566 4899 Sic
2600 4843 2776 4899 illead
2797 4841 3154 4917 propositam
3179 4841 3755 4917 quaestionemi'lfum

2101 4915 2299 4969 subdit
2332 4921 2779 4987 consequenter.
2797 4914 2922 4971 'nori
2954 4914 3759 4987 omninoneglectamfuisse

2101 5003 2133 5040 a
2165 4987 2473 5057 discipulis
2505 4985 2898 5058 apostolorum
2943 4990 3092 5043 hanc
3125 4990 3195 5042 de
3243 4985 3450 5042 somno
3494 4985 3759 5058 Virginis

2103 5058 2435 5132 historiam,
2469 5057 2942 5130 quandoquidem
2979 5060 3036 5116 S.
3065 5058 3470 5132 Dionysiusin
3523 5057 3761 5132 scriptis

2099 5130 2225 5185 suis
2257 5132 2384 5200 ejus
2417 5132 2793 5186 meminerit:
2829 5136 2998 5186 «Non
3023 5130 3513 5195 tamen‘omnino,
3537 5130 3594 5184 in
3647 5131 3757 5196 uit,

2099 5201 2296 5255 divina
2337 5201 2535 5256 isthaec
2603 5203 2958 5256 obdormitio
3015 5203 3250 5256 silentio
3282 5201 3571 5256 nraaterita
3603 5147 3754 5256 ciuit.

2099 5201 2296 5274 divina
2337 5201 2537 5274 isthaec
2603 5203 2958 5259 obdormitio
3015 5203 3250 5258 silentio
3282 5201 3571 5274 praeterita
3620 5201 3754 5274 fuit.

2095 5272 2236 5346 Nam
2277 5290 2468 5346 rerum
2505 5273 2601 5328 ille
2633 5275 2964 5331 divinarum
2998 5272 3308 5346 interpres,
3343 5273 3756 5346 magnusDiug

2099 5345 2320 5419 qysius,
2348 5346 2417 5399 de
2451 5345 2605 5419 haca
2631 5348 2921 5419 'miranda
2945 5347 3291 5419 quaedamin
3314 5345 3756 5419 perscriptisad

2095 5415 2465 5490 Timotheum
2501 5417 2765 5484 epistolis
2795 5415 3604 5490 traderedeprehcnditur.Ac
3628 5416 3759 5473 vide

2097 5487 2264 5548 mihi.
2298 5489 2560 5557 obsecro,
2595 5505 2721 5559 quas
2755 5490 2965 5544 dicturi
2999 5487 3188 5546 simus
3219 5507 3287 5544 ex
3325 5490 3486 5546 illius
3547 5505 3754 5543 narra-

2095 5559 2355 5631 tionibus
2378 5562 2666 5631 decerpta.
2711 5561 2828 5616 Nos
2881 5563 3143 5631 quidem,
3193 5561 3292 5626 ait,
3354 5579 3471 5616 una
3526 5566 3754 5628 tecum,

2095 5630 2418 5702 multisque
2450 5630 2633 5687 sacris
2667 5630 2967 5704 fratribus,
3001 5639 3066 5688 ut
3096 5633 3436 5699 meministi,
3482 5633 3550 5686 ad
3614 5649 3752 5704 spe-

2095 5705 2372 5776 ctandum
2410 5720 2627 5776 corpus
2657 5703 2825 5770 illud,
2878 5707 3031 5775 quod
3094 5705 3221 5759 vitae
3280 5703 3661 5776 principium’
3695 5709 3757 5758 et

2094 5774 2291 5844 ipsum
2343 5774 2522 5830 Deum
2580 5774 2906 5846 aliquando
2951 5777 3339 5846 continuerat,
3396 5774 3751 5834 convenera-

2093 5861 2248 5915 mus,
2285 5867 2315 5896 »
2345 5853 2456 5903 etc.
2491 5847 2579 5902 Ita
2607 5844 2727 5903 ille.
