4048 6386
319 277 435 334 769
1369 275 1563 344 VITA,
1605 271 1814 329 AUCT.
1854 273 1916 326 P.
1957 271 2278 328 HALLOIX
2313 273 2464 332 SOC.
2505 278 2702 334 JESU.
3640 277 3750 333 770

318 409 382 461 et
410 401 508 475 qui
541 400 707 474 prius
730 415 964 475 quoque
993 399 1054 454 in
1085 397 1272 475 Gallia
1302 398 1511 465 fuerat,
1543 396 1646 475 sed
1677 396 1980 468 desperato
2012 394 2192 475 diguo
2223 413 2414 469 operm
2443 399 2632 475 pretio
2661 406 3008 469 excesserat,
3057 402 3374 474 Eutropius
3406 403 3541 475 (97).
3595 403 3743 458 Nam

318 468 458 530 cum
484 468 559 529 in'
575 489 702 528 eam
734 468 966 544 plagam
1000 489 1034 527 a
1062 471 1326 544 principe
1356 468 1778 544 apostolorum,
1812 484 1846 520 a
1894 468 2195 544 quo_tidei
2229 468 2509 544 mysteria
2538 478 2778 527 edoctus
2813 468 3020 541 fuerat,
3057 491 3172 529 una
3203 468 3337 530 cum
3385 468 3517 529 aliis
3568 477 3745 530 sociis

317 550 546 602 missus
575 540 751 611 esset,
793 540 976 618 atque
1001 540 1452 618 in'b‘antonibus
1477 540 1701 618 (populi
1728 548 1868 618 sunt
1897 540 2247 610 Aquitaniae)
2280 558 2394 618 non
2428 544 2657 598 modico
2689 551 2974 618 tempore,
3008 540 3138 600 nec
3197 549 3392 618 parvis
3441 548 3745 601 laboribus

313 619 715 693 paucissimos
743 619 812 670 ad
846 613 1063 693 Christi
1097 623 1290 693 partes
1321 616 1684 693 adduxisset,
1718 613 2000 665 nimirum
2037 619 2100 666 ut
2130 614 2395 693 quidam
2455 619 2746 693 scribunt,
2811 613 2964 672 viros
3012 613 3215 672 decem
3267 620 3575 684 duntaxat,
3609 619 3747 674 inde

314 683 404 746 tot
436 696 714 760 pertaesus
748 683 1150 742 molestiarum
1178 688 1312 757 (98),
1345 695 1400 741 et
1424 687 1573 760 male
1604 686 2028 760 impensorum,
2065 683 2142 737 uti
2183 684 2574 754 existimabat,
2628 690 2920 757 laborum,
2966 691 3202 744 revertit
3251 690 3516 744 Romam.
3565 689 3744 744 Nem-

314 781 392 836 pe
421 756 505 836 s'ic
537 777 647 816 nos
679 760 904 836 hom_uli
936 756 1215 836 solemus,
1249 775 1346 836 eas
1379 758 1703 836 refugimus
1737 756 2085 836 provincias,
2146 772 2291 836 quas
2352 765 2561 813 nostrae
2623 762 2820 815 minus
2873 756 3266 836 responsurae
3323 761 3746 832 exspectationi

314 830 619 891 credimus
643 848 657 886 :
683 849 749 886 ac
780 832 827 886 si
864 838 993 903 post
1028 831 1244 885 multos
1275 830 1505 904 labores
1525 845 1630 899 par
1659 833 1885 904 fructus
1919 844 2033 904 non
2086 834 2389 899 sequatur,
2424 847 2657 884 omnem
2707 849 2813 886 nos
2872 830 3090 888 lusisse
3151 849 3386 904 Operam
3429 830 3746 903 impendio

317 906 647 979 querimur.
681 900 1151 979 Atqui—profecto
1175 917 1451 979 perverse
1483 901 1593 979 hoc
1625 901 1818 979 cuncti
1853 900 2290 979 agimus.yquod
2323 917 2555 956 omnem
2588 905 2844 958 fructum
2876 906 3067 960 aliena
3099 905 3156 958 in
3190 900 3490 959 voluntate
3533 900 3746 979 potius

318 974 498 1050 quam
526 977 585 1030 in
620 983 822 1030 nostra
853 976 1149 1046 ponimus.
1174 974 1288 1028 Nec
1319 976 1473 1050 enim
1510 978 1660 1026 Deus
1689 974 1946 1050 Optimus
1974 975 2265 1026 maximus
2298 989 2534 1043 operum
2568 991 2844 1030 suceessu
2905 993 2997 1030 res
3058 979 3319 1044 metitur,
3378 979 3478 1030 sed
3526 974 3746 1032 amoris

317 1045 572 1112 atfectu;
607 1063 712 1102 nec
742 1045 865 1101 tam
896 1051 1182 1118 quantum
1215 1047 1512 1117 egerimus
1541 1045 1839 1115 expendit,
1873 1060 2048 1115 quam
2081 1059 2150 1118 ex
2183 1051 2424 1115 quanto.
2459 1048 2656 1101 Potuit
2681 1048 2996 1118 Eutropius
3027 1049 3170 1103 solis
3213 1049 3354 1102 viris
3392 1051 3592 1102 decem
3624 1056 3745 1103 toto

315 1123 526 1192 viginti
549 1136 798 1174 auorum
831 1117 1133 1192 intervallo
1164 1118 1506 1192 emendatis,
1543 1118 1674 1185 plus
1728 1118 1926 1192 gratiae
1985 1117 2138 1192 apud
2176 1119 2785 1192 Uieuin_commeritus
2828 1117 2957 1174 esse
2990 1128 3047 1174 et
3070 1121 3292 1192 gloriae,
3329 1135 3530 1192 quam
3589 1121 3743 1174 alius

315 1187 523 1265 viginti
556 1190 940 1265 millibusvel
975 1206 1094 1265 uno
1120 1206 1273 1265 anno
1312 1190 1396 1265 vel
1433 1204 1548 1242 una
1578 1189 1854 1265 concione
1875 1187 2171 1242 correctis.
2212 1189 2415 1242 Docuit
2445 1191 2628 1262 igitur
2684 1191 2976 1256 Clemens,
3013 1187 3266 1265 quantas
3322 1187 3440 1246 illis
3469 1191 3618 1259 suis,
3679 1197 3744 1246 ut

314 1260 716 1332 existimabat,
749 1262 1132 1317 infructuosis
1164 1260 1485 1334 laboribus
1516 1260 1870 1334 aniintesuaa
1896 1275 2004 1330 ope
2033 1269 2457 1332 comparasset,
2479 1260 2836 1332 tantumque
2890 1260 3144 1334 sapienti
3175 1279 3283 1317 sua
3312 1265 3576 1317 oratione
3606 1262 3742 1318 eﬁ'e-

315 1339 420 1407 cit,
447 1344 509 1390 ut
537 1336 880 1389 derelictam
915 1333 1271 1407 provinciam
1308 1349 1421 1387 non
1478 1333 1648 1386 modo
1679 1331 1930 1407 libenter
1961 1338 2241 1402 repetere,
2303 1334 2404 1386 sed
2467 1335 2635 1388 avide
2667 1331 2901 1407 quoque
2948 1331 3338 1406 ardenterque
3387 1342 3741 1407 reposceret.

316 1405 464 1463 Hinc
493 1414 550 1462 et
581 1408 923 1478 episcopum
955 1405 1189 1472 creavit,
1224 1411 1280 1459 et
1311 1410 1595 1478 tanquam
1631 1405 1810 1457 futuri
1846 1419 2164 1474 prasagus,
2195 1419 2328 1458 eum
2363 1406 2932 1478 mentioneinducta
2964 1407 3226 1478 martyrii
3245 1405 3317 1459 ad
3338 1405 3590 1476 palmam
3620 1408 3744 1478 ani-

311 1481 518 1535 mavit.
545 1476 633 1534 Ita
659 1495 721 1533 se
753 1478 1052 1548 Dionysio,
1085 1480 1258 1546 cujus
1289 1489 1421 1531 ante
1455 1476 1759 1531 audiverat
1785 1491 2022 1548 nomen,
2054 1483 2111 1529 et
2143 1492 2298 1548 nunc
2330 1477 2600 1548 virtutem
2637 1477 2765 1546 plus
2796 1476 3218 1548 admirabatur,
3253 1478 3481 1532 itineris
3513 1477 3742 1532 socium

304 1552 492 1607 dedit.
529 1556 718 1621 Atque
752 1557 814 1604 ut
844 1547 982 1603 olim
1019 1552 1219 1604 Petrus
1254 1555 1388 1619 post
1417 1549 1659 1619 integrae
1694 1547 1883 1621 noctis
1915 1547 2248 1618 dispendia,
2275 1547 2420 1617 jacti
2452 1548 2511 1603 in
2546 1549 2782 1604 nomine
2800 1551 3032 1604 Domini
3056 1547 3304 1615 retibus,
3330 1549 3744 1620 copiosissima

305 1625 506 1695 prada
539 1619 764 1695 potitus
793 1626 881 1676 est
909 1638 938 1695 ;_
957 1623 1037 1675 ita
1069 1621 1167 1695 hic
1194 1623 1281 1690 (ut
1313 1622 1419 1675 hoc
1452 1621 1646 1695 dicere
1671 1619 1861 1695 obiter
1891 1621 2194 1695 occupem)
2247 1626 2488 1695 sucepta
2519 1622 2589 1675 ad
2627 1622 2924 1695 pontiﬁcis
2969 1625 3312 1695 mandatum
3373 1619 3744 1695 expeditione

305 1691 483 1768 quam
517 1691 1270 1768 diflicillima,_brevissimo
1301 1698 1564 1768 tempore
1596 1691 1882 1768 plurimos
1917 1691 2281 1768 mortales_et
2315 1706 2428 1746 una
2459 1693 2645 1762 ipsam
2679 1694 3324 1768 principisSantonum
3359 1691 3540 1768 filiam
3572 1694 3644 1747 ad
3675 1695 3742 1768 fi-

305 1762 447 1822 dem
479 1767 758 1833 traduxit,
787 1771 844 1819 et
873 1764 1048 1819 simul
1079 1765 1396 1834 gloriosam
1431 1765 1606 1818 illatas
1637 1763 1797 1817 necis
1821 1762 2081 1817 lauream
2117 1763 2393 1834 indeptus
2423 1771 2531 1819 est.
2566 1769 2756 1834 Atque
2787 1762 2894 1820 hoc
2929 1765 3003 1819 ob
3031 1765 3262 1820 itineris
3301 1764 3639 1820 societatem
3672 1766 3742 1818 de

309 1839 592 1909 EutrOpio
621 1854 724 1908 per
752 1833 1129 1909 transennam
1155 1837 1377 1909 dictum
1414 1838 1509 1890 sit.
1549 1835 1688 1909 Nam
1723 1833 2004 1909 de_nobili
2039 1833 2502 1909 ejusmartyrio,
2537 1833 2987 1909 perus’criptisque
3017 1854 3050 1891 a
3078 1836 3354 1908 Dionysio
3394 1837 3562 1903 actis,
3596 1835 3743 1890 mihi

310 1905 660 1967 institutum
713 1913 804 1964 est
832 1924 939 1963 suo
971 1907 1096 1962 loco
1147 1908 1335 1962 fusius
1367 1908 1518 1961 infra
1547 1907 1754 1980 dicere.
1787 1905 1915 1960 Jam
1947 1912 2142 1980 autem
2173 1905 2581 1980 intermissum
2632 1905 2841 1980 iter'et
2871 1905 3249 1964 discedentes
3269 1913 3500 1963 sanctos
3546 1923 3744 1980 prose-

308 1999 590 2055 quamur.
622 1985 1030 2055 Acceptaergo
1062 1980 1419 2055 sanctissimi
1453 1978 1743 2055 pontificis
1777 1979 2202 2055 benedictione,
2235 1979 2293 2032 in
2339 1979 2491 2055 viam
2543 1979 2689 2034 lautis
2719 1997 2786 2034 ac
2834 1995 3067 2055 magna
3105 1981 3470 2055 spirantibus
3529 1978 3746 2033 animis

307 2050 565 2127 ihgressi
599 2057 739 2127 sunt
762 2050 789 2120 ς’
812 2050 1074 2122 nihilque
1103 2068 1169 2106 ea
1201 2051 1292 2104 via
1321 2055 1392 2127 ob
1429 2056 1696 2127 mutuum
1732 2051 1881 2104 inter
1909 2050 2069 2122 ipsos
2091 2066 2350 2127 amorem
2384 2057 2441 2127 et
2463 2050 3172 2127 fraternamconc’ordiam
3198 2051 3432 2106 brevius
3449 2051 3747 2106 estvisum

308 2122 510 2198 (m'ulti
540 2126 864 2198 enimcum
891 2129 1112 2198 essent,
1147 2128 1312 2198 erant
1341 2123 1792 2198 sicu_t_vir_un_us
1823 2128 1878 2175 et
1907 2138 2224 2198 co‘runum
2257 2126 2315 2176 et
2345 2122 2544 2198 anima
2569 2139 2684 2176 una
2715 2122 2837 2198 (v_)_;
2863 2122 3008 2177 nihil
3029 2124 3102 2195 ob
3119 2123 3584 2198 gratissimasde
3602 2123 3748 2177 divi-

313 2189 408 2252 nis
438 2198 612 2253 rebus
630 2189 1406 2266 collocutionesjucundius,
1428 2194 1573 2248 nihil
1597 2195 1849 2265 denique
1871 2195 1942 2248 ob
1965 2194 2190 2248 felicem
2218 2209 2412 2248 rerum
2437 2194 2509 2248 ab
2554 2189 2837 2266 apostolis
2879 2189 3202 2264 eorumq'ue
3225 2194 3536 2266 discipulis
3554 2201 3746 2266 gesta-

313 2287 448 2325 rum
478 2268 824 2324 memoriam
854 2268 996 2338 (qua
1026 2267 1181 2321 velut
1202 2267 1332 2321 cibo
1359 2266 1710 2320 suavissimo
1735 2266 1997 2336 quotidie
2022 2267 2456 2336 pascebantur),
2480 2282 2587 2322 nec
2609 2267 2671 2321 in
2688 2281 2944 2336 presens
2968 2267 3239 2335 hilarius,
3265 2283 3370 2322 nec
3395 2269 3452 2322 in
3478 2269 3742 2321 futurum

315 2342 553 2397 beatius
578 2346 807 2412 poterat
827 2340 1110 2409 ex0ptari.
1141 2338 1296 2412 Mare
1326 2338 1525 2412 igitur,
1561 2338 1713 2408 quod
1751 2340 2010 2412 ipsorum
2046 2338 2196 2392 votis
2232 2339 2377 2412 mire
2410 2339 2868 2412 obsecundabat,
2904 2339 3056 2394 felici
3089 2355 3154 2393 ac
3187 2338 3393 2394 multis
3427 2339 3744 2412 invidendo

311 2409 759 2483 navigiofquod
789 2427 903 2465 non
938 2410 1245 2483 tamrventi
1287 2415 1387 2464 aut
1415 2410 1562 2483 vela,
1595 2425 1773 2480 quam
1807 2409 2060 2483 Spiritus
2093 2410 2282 2483 sancti
2309 2409 2501 2479 gratia
2531 2410 2771 2465 atﬂabat
2799 2413 3296 2483 acpromovebat,
3352 2427 3420 2466 ex
3473 2410 3640 2483 italia
3685 2411 3742 2463 in

311 2481 563 2541 Galliam
597 2481 1089 2554 citissimesimul
1126 2482 1646 2554 placidissimeque
1679 2481 2156 2554 transmiserunt.
2195 2481 2380 2544 Quam
2406 2498 2536 2554 vero
2569 2483 2774 2536 urbem
2807 2481 2992 2551 primo
3037 2482 3311 2554 petivere,
3346 2483 3512 2537 aiunt
3563 2481 3746 2536 fuisse

320 2556 589 2611 Arelaten
623 2557 761 2624 (99),
794 2553 1028 2624 insigne
1065 2571 1306 2624 prorsus
1339 2553 1396 2606 in
1434 2553 1731 2626 provincia
1761 2553 2145 2626 Narbonensi,
2181 2559 2238 2606 et
2267 2553 2534 2626 omnium
2555 2557 2815 2626 gentium
2839 2553 3211 2609 commerciis
3245 2560 3746 2626 peropportunum

316 2644 669 2699 emporium.
704 2626 806 2680 Hic
839 2626 1027 2699 fuerat
1071 2626 1226 2679 haud
1259 2626 1341 2679 ita
1402 2625 1625 2699 priilem
1660 2630 1898 2699 sanutus
1929 2625 2282 2699 Trophiu‘ius
2322 2625 2487 2699 Pauli
2519 2625 2869 2699 discipulus,
2904 2641 3147 2696 remque
3177 2625 3594 2692 Christianam,
3630 2625 3747 2696 pri-

315 2695 452 2755 mus
483 2699 648 2754 urbis
680 2699 809 2768 ejus
840 2697 1153 2768 episcopus
1186 2713 1219 2751 a
1246 2702 1447 2751 sancto
1484 2696 1660 2750 Paulo
1683 2696 2012 2765 ordinatus,
2046 2702 2115 2768 ut
2145 2695 2294 2750 vires
2335 2696 2613 2760 tulerant,
2651 2697 2927 2751 fundarat
2959 2715 3025 2752 ac
3054 2695 3393 2767 promorat:
3429 2699 3527 2752 sed
3561 2695 3742 2768 quem

358 2778 520 2828 ostea
539 2767 721 2825 Mileti
739 2767 1123 2823 infirmumse
1146 2768 1454 2840 reliquisse
1475 2769 1933 2838 scribebat(lOO)
1959 2767 2131 2840 paulo
2145 2774 2280 2821 ante
2301 2768 2644 2840 martyrium
2665 2785 2838 2824 suum
2854 2769 3170 2840 Apostolus
3198 2771 3304 2838 (ας),
3335 2785 3468 2824 eum
3488 2767 3610 2839 jam
3627 2768 3743 2822 vita

340 2851 584 2899 unctum
609 2843 815 2902 fuisse,
847 2850 1129 2906 antquam
1162 2841 1350 2894 sancti
1387 2840 1564 2894 Roma
1597 2839 1986 2912 discederent,
2020 2856 2086 2894 ac
2123 2845 2426 2912 propterea
2455 2839 2569 2895 huc
2603 2840 2798 2911 potius
2849 2856 3027 2912 quam
3065 2857 3316 2911 usquam
3351 2839 3464 2895 alio
3497 2856 3738 2894 cursum

306 2916 448 2971 illos
479 2914 782 2980 direxisse,
818 2928 950 2967 vero
983 2913 1242 2967 creditur
1272 2927 1446 2982 quam
1479 2911 1874 2966 simillimum.
1914 2913 1994 2966 Ab
2027 2912 2135 2966 hac
2162 2911 2344 2983 igitur
2375 2911 2538 2979 urbe,
2572 2913 2725 2983 quod
2773 2912 2930 2967 Deus
2954 2913 3096 2967 bene
3117 2917 3327 2977 vertat,
3355 2928 3448 2967 res
3472 2929 3502 2966 a
3527 2912 3740 2982 Diony-

310 2988 401 3114 ἰίρ
430 2991 555 3042 tota
575 2984 764 3041 Gallia.
795 2985 1067 3056 praclare
1096 2989 1317 3056 gestas,
1349 2983 1477 3055 ipso
1508 2983 1739 3039 labores
1766 2987 1999 3039 nostros
2035 3001 2065 3040 e
2096 2983 2312 3038 cmlesti
2344 2983 2554 3039 throno
2586 2989 2956 3056 respectante
2999 2992 3053 3038 et
3083 2985 3418 3055 adjuvante,
3471 2983 3743 3055 auspica-

355 3075 536 3114 imur.

355 3075 536 3115 ιΠ1οτι

385 3185 464 3257 (υ)
495 3185 621 3239 Αοι.
657 3199 738 3250 iv,
762 3183 856 3237 32.
882 3181 968 3255 (ω)
989 3181 1037 3236 II
1069 3181 1222 3236 Tim.
1259 3198 1334 3248 iv,
1363 3181 1454 3238 20.

1815 3431 2264 3489 NOTATIONES

398 3559 514 3631 (93)
542 3557 620 3614 Ad
644 3557 911 3632 seigituri
933 3560 1280 3632 accersitum,
1327 3565 1436 3632 etc.
1475 3557 1603 3632 _H_is
1659 3559 1985 3615 conformis
2014 3565 2064 3627 Α
2099 3563 2330 3632 tempus
2362 3577 2394 3616 a
2430 3561 2486 3616 Β.
2512 3560 2806 3615 Clemente
2833 3559 2986 3616 Petri
3018 3556 3428 3614 successorein
3444 3556 3747 3632 Franciam

341 3629 686 3703 perscripsit
718 3630 1035 3684 Hilduinus
1063 3630 1122 3685 in
1154 3629 1598 3701 Areopagiticis.

403 3704 520 3773 (94)
551 3703 720 3756 Erant
748 3703 808 3756 in
837 3705 1106 3758 sociorum
1155 3718 1405 3767 numero,
1439 3706 1549 3755 etc.
1608 3701 1688 3756 De
1740 3701 1982 3757 Rustico

326 3779 390 3831 et
424 3774 754 3829 Eleutherio
786 3775 1101 3842 scriptores
1127 3789 1354 3834 omnes.
1388 3780 1506 3827 tam
1564 3774 1745 3827 Graeci
1803 3790 1980 3844 quam

324 3847 542 3910 Latini,
577 3845 975 3901 consentiunt.
1004 3845 1082 3900 De
1104 3845 1445 3910 Saturnino,
1475 3844 1762 3913 Marcello,
1788 3853 1846 3901 et
1875 3853 1979 3901 Lu-

321 3918 494 3974 ciano
524 3920 694 3973 testis
725 3924 815 3972 est
853 3915 1186 3990 Methodius
1235 3918 1302 3990 in
1366 3916 1630 3990 Dionysii
1684 3919 1980 3990 Martyrio,

319 3992 497 4058 cuius
528 3990 638 4044 hoc
668 3991 880 4044 verba:
917 3987 1179 4061 Κοιᾼνων-οξ
1231 3985 1288 4043 δὲ
1333 3991 1431 4041 τοῦ
1481 3985 1640 4061 ἁγίου
1693 3985 1978 4061 ᾼιονῦσίού

317 4061 457 4128 ἦσαν
494 4063 878 4132 Σατουρνῖνος,
931 4058 1256 4129 Μάρκελλος
1297 4061 1388 4114 καὶ
1448 4058 1770 4122 Λούκιανός·
1832 4063 1980 4118 Socii

315 4133 499 4189 sancti
528 4132 782 4205 Dionysii
805 4143 964 4188 erant
1014 4133 1376 4203 Saturninus,
1432 4133 1731 4205 Marcellus
1760 4137 1812 4189 et
1874 4140 1975 4205 Lu-

316 4204 544 4277 cianus.
575 4205 638 4259 Et
669 4201 845 4277 paulo
877 4205 1163 4259 inferius:
1198 4201 1540 4277 'Aumravtuc
1583 4201 1641 4265 δς
1699 4209 1817 4277 τοῖς
1880 4204 1974 4277 μέ-

319 4296 436 4351 ρεσι
468 4275 586 4351 Δτᾷν
643 4273 794 4350 ἅγιον
848 4279 1204 4351 Σατουρνῖνον
1235 4273 1628 4351 discursant
1673 4275 1834 4338 αὐτὸς
1882 4273 1976 4330 ἓτὺν

456 4346 939 4423 ἁγξῳ-Λὸυκιμανῷ-
969 4346 1176 4423 udirth
1219 4347 1366 4423 ayitp
1415 4346 1711 4423 'Poucrriiup
1755 4349 1846 4423 xui
1893 4353 1974 4420 τῷ

320 4420 464 4494 iiii“?
501 4417 865 4494 ’Ἐλευθερίῳ
895 4417 973 4472 “ἐν
1036 4417 1280 4494 ΙΙαρισίᾳί
1315 4417 1397 4494 cf,
1440 4417 1598 4472 πόλει
1655 4417 1970 4490 ἐπορεύθηλ

317 4492 476 4546 Misso
507 4501 692 4547 autem
726 4492 785 4548 in
814 4497 996 4562 partes
1026 4493 1338 4563 Aquitania:
1371 4493 1696 4561 Saturnino,
1718 4494 1834 4556 ipse
1852 4511 1976 4549 cum

316 4573 510 4618 sancto
541 4566 788 4620 Luciano
818 4569 871 4619 et
898 4574 1084 4620 sancto
1116 4566 1341 4619 Rustico
1373 4566 1425 4617 et
1467 4569 1654 4618 sancto
1714 4566 1971 4621 Eleuthe-

318 4638 424 4703 rio,
449 4637 524 4690 ad
554 4637 747 4691 urbem
801 4638 1044 4691 Parisios
1102 4639 1275 4690 venit.
1343 4635 1614 4706 Ejusdem
1673 4638 1975 4692 Saturnini

322 4708 598 4762 meminit
629 4713 872 4763 sanctus
903 4706 1218 4773 Gregorius
1250 4705 1614 4763 TurOnensis
1646 4705 1795 4763 libro
1827 4711 1842 4744 ¹
1906 4713 1978 4766 De

317 4779 502 4850 gloria
531 4790 868 4851 martyrum,
919 4780 1068 4836 465
1124 4796 1250 4850 cap.
1285 4781 1389 4834 48:
1427 4801 1453 4828 «
1477 4779 1815 4834 Saturninus
1853 4799 1976 4838 vero

316 4856 562 4923 martyr,
598 4851 812 4922 inquit.
844 4858 906 4905 ut
931 4853 1134 4923 fertur,
1165 4851 1233 4906 ab
1263 4852 1632 4923 apostolorum
1683 4851 1976 4922 discipulis

316 4923 630 5048 oﬁdinatus,
666 4927 726 4978 in
757 4923 957 4978 urbem
1002 4922 1340 4979 Tolosatium
1391 4932 1470 4978 est
1502 4922 1763 4979 directus.
1798 4946 1825 4975 »
1887 4927 1981 4984 Sic

320 5012 336 5048 ι
394 5011 446 5048 e.

320 5011 446 5050 Ille.

395 5065 564 5131 Nota,
599 5068 674 5120 ab
722 5064 1104 5136 apostolorum
1134 5065 1451 5135 discipulis,
1512 5065 1567 5118 id
1614 5070 1704 5121 est
1761 5085 1794 5122 a
1850 5071 1981 5126 Cle-

320 5144 522 5192 mente
550 5137 636 5193 vel
674 5137 970 5208 Dionysio.
1017 5138 1178 5202 Quod
1237 5143 1432 5191 autem
1495 5137 1637 5191 dicit
1695 5139 1980 5198 directum

317 5211 543 5282 essein
577 5211 784 5265 urbem
817 5208 1206 5282 Tolosatium,
1264 5209 1732 5282 siveu'l‘olosam,
1763 5214 1983 5282 Optime

317 5281 475 5353 quad
488 5287 574 5335 rat
595 5298 725 5337 cum
746 5297 812 5335 eo
828 5282 981 5353 quod
999 5281 1148 5336 dixit
1167 5279 1522 5353 Methodius,
1541 5281 1788 5338 missum
1805 5279 1838 5338 a
1853 5286 1982 5340 Dio-

318 5351 490 5426 nysio
525 5354 582 5407 in
608 5359 803 5426 partes
834 5352 1196 5423 Aquitaniae:
1232 5369 1367 5426 nam
1397 5351 1716 5426 Tolosawet
1767 5355 1978 5412 Burdi-

316 5424 456 5496 gela
489 5425 796 5497 praecipuae
829 5427 1004 5479 urbes
1036 5429 1177 5497 sunt
1205 5424 1552 5497 Aquitaniae.
1590 5425 1690 5481 His
1730 5443 1980 5486 consen-

317 5496 664 5571 tiuntiquae
727 5498 903 5571 refert
957 5496 1287 5571 Equilinus
1323 5496 1640 5571 episcopus
1696 5497 1842 5554 libro
1902 5519 1980 5571 1x,

316 5585 448 5635 cap.
483 5569 571 5638 41,
609 5570 698 5623 his
731 5568 944 5633 verbis,
978 5567 1224 5635 loquens
1257 5569 1327 5622 de
1360 5567 1634 5638 Dionysio
1666 5575 1722 5622 et
1763 5567 1976 5629 sociisi

321 5662 350 5688 «
383 5641 526 5696 Cum
560 5657 698 5711 ergo
729 5639 999 5695 audisset
1051 5640 1288 5695 Petrum
1321 5645 1378 5693 et
1435 5639 1684 5694 Paulum
1722 5642 1914 5699 Romm
1947 5662 1981 5700 a

320 5711 550 5767 Nerone
576 5713 633 5768 in
667 5713 1006 5767 carceribus
1035 5713 1285 5767 detineri
1317 5712 1661 5782 episcopum
1695 5715 1807 5769 sibi
1837 5717 1978 5771 sub-

319 5784 538 5860 stituit,
572 5789 630 5860 ut
679 5785 744 5841 ad
805 5801 904 5840 eos
962 5783 1606 5860 visit_ar_1dos__accessit,
1657 5801 1980 5860 eorumque

321 5854 707 5928 passionibus
765 5871 1024 5930 praesens
1083 5855 1210 5912 fuit.
1271 5855 1490 5914 Verum
1550 5861 1682 5929 post
1740 5854 1978 5933 aliquod

2096 3630 2449 3698 destinatur,
2483 3642 2538 3688 et
2569 3632 2682 3703 ipsi
2717 3633 2992 3687 Rusticus
3024 3633 3328 3704 presbyter
3368 3635 3425 3685 et
3473 3630 3744 3704 Eleuthe-

2095 3704 2217 3758 rius
2251 3706 2535 3760 diaconus
2568 3705 2870 3759 sociantur
2891 3721 2903 3759 :
2927 3704 3115 3758 sancti
3141 3703 3374 3774 quoque
3389 3703 3745 3756 Saturninus

2093 3782 2150 3830 et
2180 3777 2487 3832 Marcellus
2519 3777 2795 3847 episcopi,
2829 3782 2886 3831 et
2913 3773 3207 3830 Lucianus
3241 3773 3543 3845 presbyter
3573 3773 3749 3828 comi-

2092 3855 2181 3904 tes
2211 3850 2639 3920 adjunguntur.
2674 3851 2780 3912 Qui
2814 3865 3021 3903 omnes
3071 3847 3370 3920 venientes
3419 3849 3748 3920 Arelatum,

2093 3918 2331 3976 verbum
2369 3918 2598 3976 Domini
2632 3921 2946 3991 praedicare
2969 3926 3291 3990 coeperunt.
3326 3918 3491 3991 Tu_n_c
3531 3918 3748 3991 Diony-

2093 3993 2219 4048 sius
2243 3993 2590 4048 auctoritate
2611 3989 2830 4046 summi
2858 3989 3151 4063 pontificis
3178 3992 3380 4063 fretus,
3407 3989 3748 4063 Marcellum

2091 4064 2149 4118 in
2188 4060 2974 4136 llispaniamLSaturnin—um
3009 4062 3064 4115 in
3100 4060 3588 4136 Aqu_i_taniam,_et
3613 4061 3747 4136 _Lii-

2091 4131 2328 4189 cianum
2362 4137 2432 4189 ad
2469 4134 2936 4188 Bellovacensem
2966 4149 3178 4204 pagum
3205 4131 3436 4186 direxit.
3465 4153 3492 4179 ››
3517 4131 3625 4186 Ubi
3649 4131 3748 4185 ad-

2090 4215 2268 4272 verte,
2303 4207 2414 4261 dici
2446 4205 2790 4277 Dionysium
2824 4224 2857 4260 a
2888 4204 3184 4261 Clemente
3219 4204 3370 4257 Petri
3403 4219 3746 4277 successore

2090 4279 2148 4333 in
2182 4279 2482 4332 Franciam
2518 4275 2904 4345 destinatum,
2931 4287 2988 4332 et
3017 4276 3415 4346 apostolorum
3444 4275 3744 4345 martyriis

2090 4350 2428 4404 interfuisse
2456 4375 2469 4415 ;
2486 4350 2640 4420 quod
2656 4350 2930 4414 ostendit,
2947 4349 3152 4402 saltem
3174 4347 3432 4420 proxime
3449 4349 3521 4400 ab
3539 4361 3739 4401 eorum

2090 4423 2366 4494 martyrio
2399 4419 2591 4476 Romae
2641 4421 2840 4492 ipsum
2897 4420 3212 4494 exstitisse.
3245 4419 3413 4494 Nam_
3449 4421 3655 4494 serius
3691 4424 3747 4472 et

2089 4503 2216 4565 post
2246 4489 2451 4548 eorum
2480 4489 2725 4547 mortem
2754 4493 3081 4565 advenisse,
3102 4507 3170 4544 ex
3192 4489 3624 4558 antiquioribus
3646 4491 3744 4544 ha-

2091 4563 2185 4620 bet
2217 4566 2555 4627 Hilduinus,
2584 4564 2851 4634 Equilino
2885 4563 3054 4636 longe
3084 4567 3391 4636 vetustior.

2161 4639 2239 4692 Ex
2270 4638 2440 4692 dictis
2468 4631 2853 4707 corrigendos
2885 4631 3323 4707 est‘Gregorius
3347 4631 3741 4707 Turonensis

2088 4708 2188 4764 lib.
2222 4729 2239 4765 1
2271 4709 2532 4765 Historiae
2563 4704 2921 4773 Francorum,
2956 4724 3082 4778 cap.
3134 4707 3225 4774 30,
3261 4705 3356 4778 ubi
3418 4704 3615 4778 diciit,‘
3640 4706 3743 4756 Sa-

2088 4784 2392 4837 turninum
2426 4781 2537 4835 sub
2570 4781 2744 4836 Decio
2775 4786 2832 4835 et
2861 4773 3044 4834 Grato
3069 4773 3221 4832 coss.
3280 4777 3460 4830 fuisse
3515 4773 3741 4830 Tolosae

2086 4854 2427 4925 episcopum
2453 4849 3622 4925 ;undeetinMarIyrologiumftomanum
3645 4863 3743 4925 no_-

2089 4918 2224 4980 vum
2260 4918 2422 4995 (nam
2455 4918 2621 4979 vetus
2655 4923 2801 4978 nihil
2835 4918 3031 4987 habet,
3057 4994 3066 4995 ί
3091 4918 3148 4976 et
3177 4922 3238 4975 in
3270 4919 3536 4995 Usuardo
3577 4918 3744 4971 deest

2088 4999 2186 5052 sub
2219 4992 2395 5065 Decio)
2427 4997 2737 5067 irrepsisse
2768 5013 2948 5067 error,
2980 4994 3210 5047 videtur
3240 4992 3307 5045 ad
3365 4992 3436 5067 _29
3494 4994 3740 5067 Novem-

2093 5069 2236 5124 bris.
2288 5060 2402 5124 Nec
2463 5060 2617 5123 enim
2679 5068 2868 5138 potuit
2938 5066 3090 5121 idem
3149 5064 3524 5138 Saturninus-
3563 5060 3744 5115 fuisse

2091 5141 2148 5195 S.
2189 5141 2337 5196 Petri
2396 5132 2747 5210 discipulus.
2783 5143 2839 5193 et
2864 5132 3741 5210 accepisse_sedemepiscopa—

2089 5211 2202 5267 lem
2238 5213 2464 5268 Tolosae
2495 5206 2604 5265 sub
2640 5210 2844 5265 Decio:
2881 5206 3021 5263 naui
3056 5207 3257 5262 Decius
3289 5206 3460 5261 tertio
3502 5207 3741 5260 demum

2090 5285 2302 5339 saeculo
2333 5284 2645 5353 imperavit
2674 5290 2732 5338 et
2761 5280 2966 5336 consul
3003 5279 3131 5353 fuit.
3167 5283 3406 5353 Verum,
3437 5286 3513 5353 ut
3547 5277 3744 5353 notavi

2091 5356 2252 5432 alibi,
2288 5374 2399 5432 non
2426 5349 2664 5432 tantum
2702 5355 2760 5408 in
2789 5352 3105 5432 Saturnino
3163 5350 3379 5432 erravit
3426 5349 3744 5432 Gregorius

2090 5429 2192 5483 illo
2226 5428 2349 5484 loco
2381 5429 2506 5500 (qui
2536 5426 2701 5500 locus
2731 5431 2891 5500 totus
2922 5425 3169 5500 vitiosus
3201 5423 3332 5500 est),
3366 5423 3461 5500 sed
3484 5420 3659 5500 etiam
3683 5420 3742 5474 in

2091 5501 2150 5556 S.
2185 5493 2498 5572 Trephimo
2536 5497 2858 5572 Arelatensi
2885 5496 3179 5572 episcopo,
3214 5496 3272 5548 in
3311 5493 3487 5572 Paulo
3521 5493 3740 5572 Na_rbo_:

2093 5572 2259 5626 nensi
2301 5562 2376 5624 ’σή
2443 5569 2720 5636 Dionysio
2797 5562 3173 5638 Areopagita,
3235 5562 3741 5638 omnibus_Pau|i

2092 5643 2420 5713 discipulis.
2454 5648 2508 5695 ct
2541 5635 2601 5696 in
2629 5646 2832 5695 sancto
2866 5635 3132 5713 Martiale
3152 5635 3745 5713 Lemovicensiuquos

2091 5707 2297 5771 omnes
2329 5715 2531 5770 scribit
2564 5713 2744 5768 fuisse
2804 5713 2916 5766 sub
2977 5712 3164 5766 Decio.
3228 5716 3298 5766 At
3356 5707 3742 5764 Saturninum

2093 5806 2208 5858 quo
2241 5789 2311 5843 de
2336 5787 2426 5841 hic
2450 5785 2662 5857 agitur,
2691 5783 2871 5839 fuisse
2895 5785 2951 5838 S.
2980 5781 3537 5858 Petridiscipulum,
3565 5779 3743 5858 etium

2093 5847 2330 5916 Flavius
2363 5847 2578 5914 Lucius
2612 5847 2840 5927 Dexter,
2873 5857 3062 5912 sancti
3094 5847 3432 5925 Hieronymi
3480 5847 3743 5920 aequalis,
