4048 6382
334 242 439 299 771

1564 250 1625 303 Β.
1661 246 1980 303 DIONYBII
2016 245 2523 304 ΔΒΕΟΡΔΘῙΤΒ.

3651 241 3762 296 772

341 372 594 453 testatur
621 368 693 423 ad
726 383 948 453 apnum
975 366 1198 453 Christi
1228 369 1321 435 76,
1343 373 1401 453 et
1428 369 1666 453 plurimi
1692 370 1811 451 alii,
1844 387 1993 453 quos
2023 389 2073 453 Α
2106 370 2430 453 declarant,
2457 368 2556 453 ubi
2589 369 2741 453 inter
2768 368 3032 453 aliassic
3062 368 3135 425 de
3164 368 3265 452 illo
3291 384 3306 425 :
3347 388 3369 416 ι
3406 371 3451 422 Α
3482 370 3545 422 Β.
3590 370 3761 453 Petro

338 442 471 497 vide
500 441 571 496 ad
603 456 739 495 eum
770 440 963 495 locum
994 439 1054 495 in
1084 439 1520 498 Commentario
1562 439 1986 498 Francisci'Bi-

340 513 506 595 varii,
539 513 948 595 quigermana
988 512 1197 595 ipsius.
1232 513 1537 595 gaturnini
1574 520 1866 595 .aetams.
1927 516 1989 568 in

344 582 612 642 Roderici
645 583 905 639 Ximenii
937 582 1202 654 episc0pi
1236 585 1501 640 Toletani
1528 585 1886 641 Bibliotheca
1906 602 1993 640 as.

345 602 612 642 nouerici
648 602 905 639 Almenu
937 602 1202 710 eplSCOEl
1236 602 1989 641 '1'01etaniumiiomecaas-

339 656 558 712 servari
592 657 917 727 prolitetur,
950 664 1008 710 et
1049 657 1107 710 in
1187 658 1233 710 is
1265 658 1344 711 ita
1397 656 1544 727 legi:
1585 678 1613 705 ‹‹
1666 657 1856 713 Bonus
1900 663 1989 713 est

338 730 635 785 llonestus
664 727 1358 798 Saturninidiscipulus:
1393 729 1600 782 melior
1648 735 1740 783 est
1786 735 1984 784 Satur-

341 802 519 857 ninus
549 798 703 854 Petri
735 802 1051 854 alumnus:
1078 801 1216 871 quia
1244 798 1503 870 Optimus
1524 800 1789 855 omnium
1821 801 1987 857 Chri-

336 880 465 928 stus
498 871 649 926 Petri
684 872 1042 926 didascalus.
1079 892 1102 921 υ
1136 876 1282 925 Sunt
1313 878 1502 927 tamen
1538 871 1806 927 nonnulli
1837 889 1867 928 e
1900 889 1988 927 re-

339 944 726 1008 centioribus,
759 950 815 997 et
844 944 883 997 ii
914 944 1257 1013 prmsertim,
1291 943 1389 1013 qui
1425 944 1553 998 sine
1586 943 1704 998 ullo
1722 945 1989 1000 examine

338 1032 574 1072 morum
607 1015 871 1085 exempla
901 1013 1241 1084 compilant,
1274 1014 1375 1084 qui
1403 1031 1503 1070 eos
1537 1015 1665 1069 ausi
1700 1021 1838 1070 sunt
1868 1032 1988 1070 cor-

339 1090 548 1158 rigere,
579 1087 676 1159 qui
707 1088 1087 1141 Saturninum
1121 1087 1309 1158 primo
1339 1093 1444 1141 aut
1489 1087 1749 1142 secundo
1808 1103 1988 1159 pone—

339 1166 471 1216 rent
500 1158 736 1213 saeculo.

406 1232 520 1300 (95)
555 1228 812 1302 Regulus.
849 1227 1035 1302 Etiam
1071 1227 1576 1302 liegulumiuisse
1607 1229 1665 1284 S.
1730 1230 1988 1302 Dionysii

337 1303 634 1369 comitem,
667 1301 886 1356 habent
914 1301 1044 1370 ejus
1067 1306 1210 1355 Acta
1229 1301 1382 1370 apud
1408 1300 1778 1355 Vincentium
1804 1300 1988 1356 Bello-

337 1389 652 1428 vacensem
684 1372 832 1427 libro
875 1388 933 1440 κ,
964 1389 1090 1442 cup.
1120 1374 1210 1426 27.
1271 1371 1350 1426 De
1382 1371 1484 1427 illo
1514 1379 1572 1427 et
1626 1374 1755 1441 ejus
1788 1373 1986 1427 Arela-

335 1445 487 1501 tensi
516 1444 857 1516 episcopatu
892 1459 1140 1514 agemus
1170 1446 1362 1514 capite
1390 1446 1681 1514 sequenti.

408 1518 520 1587 (96)
544 1518 668 1584 Jon,
700 1515 799 1587 qui
826 1519 877 1569 et
904 1520 1079 1572 Jonas
1127 1516 1452 1585 quibusdam
1497 1516 1827 1585 appellatur.
1883 1516 1985 1570 Hic

334 1605 571 1660 quoque
592 1605 745 1642 unus
770 1587 912 1642 l'uite
950 1587 1211 1657 Dionysii
1236 1587 1543 1660 discipulis
1565 1587 1982 1660 etcomitibus,

334 1666 453 1742 tam
475 1658 734 1742 'Athe‘nis
753 1660 1019 1742 Romam,
1052 1676 1228 1742 quain
1246 1659 1429 1742 Roma
1460 1658 1981 1742 inGalliam.Quod_

332 1732 582 1787 Athenis
617 1732 881 1797 Romam,
915 1737 1044 1786 acta
1075 1730 1260 1801 ipsius
1291 1730 1459 1786 Jonis
1494 1732 1980 1799 testantur,apud

329 1803 705 1859 Vincentium
767 1802 1236 1857 Bellovacensem
1300 1802 1399 1856 lib.
1458 1818 1495 1855 x
1551 1801 1771 1871 Speculi
1832 1801 1982 1865 hist,

335 1892 464 1944 cap.
493 1876 581 1929 23.
609 1875 770 1941 Quod
806 1874 990 1929 Roma
1022 1875 1080 1928 in
1115 1874 1390 1937 Galliam,
1434 1875 1601 1928 testis
1633 1878 1723 1927 est
1778 1875 1984 1944 Marty-

334 1944 612 2017 rologium
644 1949 946 2001 Romanum
973 1948 1042 2001 ad
1075 1947 1147 1999 22
1200 1944 1580 2017 Septembris,
1642 1946 1801 1999 hisce
1858 1962 1982 1999 ver-

336 2016 469 2094 bis:
505 2018 719 2090 «Apud
755 2018 1419 2094 pagumpastreusium.
1450 2016 1514 2094 S._
1551 2017 1721 2094 Jonas
1742 2017 1984 2094 presby-

332 2090 442 2146 teri
475 2096 534 2146 et
566 2087 862 2160 martyris,
895 2089 994 2157 qui
1028 2104 1160 2142 cum
1191 2096 1247 2160 .‘5,
1283 2087 1554 2159 Dionysio
1590 2089 1882 2158 profectus
1926 2087 1982 2142 in

334 2159 802 2230 Galliam,jussu
836 2160 1056 2215 Juliani
1109 2159 1359 2229 praefecti
1419 2160 1757 2214 verberibus
1796 2175 1984 2215 Cissus

336 2234 535 2305 gladio
568 2232 916 2305 martyrium
949 2231 1454 2305 consummavitr»

411 2304 740 2360 Ubinotain
786 2303 901 2358 illis
940 2304 1172 2359 verbis:
1208 2303 1419 2374 «Apud
1465 2316 1681 2374 pagum
1710 2305 1980 2374 castren-

335 2375 561 2438 sium,»
592 2374 869 2444 intelligi,
902 2375 1230 2429 celebratur
1277 2373 1403 2429 dies
1453 2373 1666 2427 natalis
1704 2373 1875 2441 tsicut
1921 2374 1978 2428 in

333 2446 632 2503 similibus
663 2446 801 2501 alibi
823 2447 1197 2518 notavimus),
1221 2463 1336 2501 non
1360 2462 1513 2518 vero,
1536 2446 1697 2509 obiil,
1722 2452 1825 2500 aut
1848 2462 1975 2516 pas-

331 2537 435 2576 sus
456 2525 546 2573 est
569 2518 936 2588 martyrium.
961 2519 1191 2589 Alioqui
1217 2517 1692 2589 Martyrologium
1729 2522 1980 2572 scateret

331 2591 675 2646 mendaciis.
708 2589 823 2644 Nec
853 2589 1008 2643 enim
1043 2588 1283 2644 sanctus
1316 2588 1575 2659 Ignatius
1601 2595 1817 2659 martyr
1862 2594 1976 2643 An-

330 2663 564 2718 tiochiae
596 2667 869 2717 mortuus
900 2667 1009 2724 est,
1030 2678 1134 2717 nec
1165 2662 1222 2717 S.
1244 2661 1505 2716 Joannes
1526 2661 1977 2731 Cbrysostomus

330 2733 863 2804 Constantinopoli,
895 2734 1099 2803 sicque
1127 2734 1199 2787 de
1218 2733 1389 2799 aliis;
1423 2733 1522 2787 sed
1558 2731 1654 2786 ille
1680 2732 1895 2797 Romae,
1920 2739 1979 2787 et

329 2806 425 2861 hic
454 2803 810 2860 Comanaiin
857 2803 1059 2870 Ponto,
1117 2821 1250 2860 cum
1312 2810 1504 2858 tamen
1565 2805 1636 2857 de
1686 2805 1976 2859 ambobus

327 2878 621 2933 scribatur
650 2877 706 2930 in
726 2874 1159 2948 Martyrologio,
1191 2877 1263 2948 de
1287 2892 1402 2930 uno
1433 2875 1702 2947 quidem:
1730 2899 1748 2922 ι
1781 2877 1975 2930 Antio-

326 2950 542 3005 chiaas.
567 2948 800 3019 Ignatii,
829 2970 854 2994 υ
882 2954 990 3001 etc.
1018 2968 1032 3015 ;
1058 2947 1139 3003 de
1168 2947 1349 3002 altero
1372 2955 1568 3002 autem
1596 2964 1608 3000 :
1640 2969 1667 2996 ‹‹
1696 2950 1975 3003 Constan-

327 3020 576 3091 tinopoli
610 3021 668 3075 S.
696 3019 941 3074 Joannis
974 3019 1255 3090 episcopi,
1275 3025 1436 3091 aeto.

398 3089 640 3148 Occisus
674 3097 763 3146 est
794 3097 987 3146 autem
1016 3089 1126 3145 'Jon
1156 3108 1256 3146 seu
1289 3089 1471 3145 Jonas
1504 3089 1659 3159 apud
1696 3089 1969 3156 Parisios,

2104 442 2369 513 apostolo
2402 442 2474 495 ad
2507 440 2728 497 Gallias
2762 442 3138 513 praedicatum
3184 440 3408 496 missus
3468 440 3760 513 accessit:

2098 510 2539 585 ingressusque
2571 510 2861 568 civitatem
2925 516 3219 568 Santones
3274 529 3433 585 cum_
3460 510 3760 585 Christum

2098 583 2460 656 prkdicaret,
2493 583 2565 639 ab
2606 586 2660 639 in
2672 584 2946 640 ﬁdelibus
2966 600 3155 640 cassus
3175 590 3230 638 et
3249 586 3323 656 de
3349 583 3492 656 urbe
3511 584 3759 652 ejectus,

2097 654 2211 712 sibi
2232 658 2550 738 tugurium
2585 664 2741 711 extra
2776 654 3355 738 murosconstruait,
3367 655 3467 738 ubi
3484 656 3644 738 nocti
3646 656 3761 709 bus

2097 727 2370 796 orationi,
2405 728 2611 800 diebus
2649 744 2785 783 vero
2820 728 3217 800 predicationi
3245 728 3575 782 insistebat.
3606 727 3755 783 Cum

2098 808 2292 856 autem
2337 799 2523 854 multo
2556 799 3047 871 ibidemtempore
3071 804 3473 855 commoratus
3495 803 3753 871 fructum

2098 873 2397 928 modicum
2433 872 2867 941 praadicationis
2916 870 3171 929 fecisset.
3203 888 3270 926 eo
3328 871 3487 942 quod
3546 870 3753 924 decem

2095 946 2249 998 virus
2280 943 2654 998 solummodo
2686 943 3088 1008 convertisset,
3143 942 3389 997 Romam
3441 943 3752 1014 repedans,

2095 1016 2341 1071 460-8.
2379 1017 2609 1070 Petrum
2641 1016 2974 1086 aposzolum
3017 1031 3259 1086 passum
3318 1018 3579 1085 reperit:
3612 1018 3671 1067 et
3708 1031 3755 1086 ra

2096 1087 2155 1141 S.
2187 1089 2481 1142 Clemente
2514 1090 2642 1157 ejus
2672 1085 3009 1142 Successore
3028 1085 3337 1141 ordinatus
3365 1085 3753 1141 Santonensis

2096 1159 2433 1231 episcopus,
2468 1159 2755 1231 beatoque
2791 1158 3067 1231 Dionysio
3090 1157 3372 1227 sociatus,
3394 1174 3526 1213 cum
3559 1157 3757 1231 eodem

2096 1228 2315 1285 iterum
2344 1231 2413 1286 ad
2448 1228 2675 1285 Gallias
2701 1232 2867 1285 adiit.
2906 1228 3071 1285 n'Ubi
3106 1246 3316 1285 rursus
3342 1232 3606 1295 observa,
3632 1228 3752 1283 Eu-

2094 1303 2352 1371 tropium
2384 1302 2584 1356 statim
2616 1318 2649 1357 a
2682 1309 2868 1357 morte
2924 1302 3081 1357 Petri
3132 1301 3370 1356 Romam
3418 1299 3752 1368 advenisse,

2094 1378 2153 1441 et
2183 1391 2217 1427 a
2246 1374 2303 1429 S.
2336 1374 2634 1430 Clemente
2665 1377 2796 1443 ejus
2840 1389 3180 1429 successore
3236 1373 3574 1428 ordinatum
3622 1371 3751 1442 epi-

2095 1460 2361 1516 scopum,
2395 1461 2529 1499 cum
2562 1445 2839 1517 Dionysio
2868 1445 3088 1517 Gallias
3119 1444 3374 1517 adiisse;
3408 1444 3495 1517 ita
3535 1448 3598 1498 ut
3628 1459 3751 1517 non

2096 1514 2284 1571 multo
2318 1523 2448 1587 post
2476 1517 2549 1571 ab
2578 1514 2814 1572 excessu
2839 1516 3235 1587 apostolorum
3261 1515 3575 1584 Dionysius
3600 1514 3747 1569 mis-

2094 1604 2199 1661 sus
2229 1597 2306 1643 sit
2335 1589 2393 1642 in
2429 1588 2671 1654 Gallias,
2708 1590 2925 1644 nedum
2969 1587 3208 1660 triginta
3238 1598 3369 1661 post
3423 1587 3617 1654 annis,
3681 1590 3748 1640 ut

2096 1660 2336 1729 quidam
2368 1660 2591 1714 volunt.

2167 1732 2279 1801 (98)
2311 1731 2441 1787 Inde
2469 1736 2546 1787 tot
2599 1736 2864 1799 pertaesus
2922 1732 3333 1801 molestiarum,
3365 1733 3477 1785 etc.
3537 1729 3639 1784 Est
3682 1728 3744 1783 in

2094 1800 2223 1871 ers
2254 1806 2434 1872 Actis,
2481 1812 2688 1873 praeter
2716 1803 2865 1857 alias
2898 1802 3221 1867 molestias,
3254 1800 3426 1856 etiam
3488 1801 3745 1873 verberi-

2095 1875 2207 1928 bus
2240 1875 2421 1930 luisse
2451 1872 2748 1941 affectum,
2783 1881 2959 1946 atque
2991 1875 3133 1928 urbe
3182 1873 3439 1946 pulsum.
3488 1872 3609 1946 Sed
3633 1873 3745 1927 hoc

2094 1946 2328 2015 quidem
2366 1948 2525 2016 parvi
2565 1943 2877 2016 Eutropius
2905 1948 3153 2001 ducebat
3186 1943 3247 1999 si
3275 1946 3502 1999 fructus
3530 1943 3741 1999 saltem

2092 2018 2150 2071 in
2173 2018 2492 2072 multorum
2518 2017 2709 2072 salute
2731 2018 3042 2088 paruisset.
3071 2022 3145 2071 At
3168 2032 3303 2072 vero
3328 2017 3483 2071 viros
3511 2022 3739 2071 tantum

2091 2090 2293 2144 decem
2329 2089 2388 2145 in
2424 2091 2712 2145 fructibus
2744 2096 3038 2144 tantorum
3092 2089 3359 2143 laborum
3419 2088 3736 2151 numerari,

2092 2159 2200 2216 hoc
2236 2161 2600 2215 intolerabile
2633 2161 2745 2232 ipsi
2778 2161 3101 2216 videbatur.
3137 2161 3299 2216 Haud
3337 2167 3532 2232 tamen
3568 2168 3740 2232 recte,

2093 2237 2176 2286 uti
2208 2232 2350 2287 etB.
2385 2230 2734 2288 Clemens—ei
2771 2232 3007 2304 planum
3045 2234 3200 2295 fecit,
3234 2237 3292 2304 et
3349 2230 3533 2304 simili
3558 2301 3566 2304 Α
3593 2231 3651 2285 in
3686 2248 3745 2286 re

2092 2320 2509 2372 nonnunquam
2528 2301 2782 2359 sanctus
2797 2304 2996 2359 Petrus
3020 2302 3497 2375 apostolusilicet
3517 2301 3747 2375 aliquot

2090 2383 2224 2446 post
2253 2376 2508 2445 saeculis)
2541 2377 2596 2431 S.
2637 2376 2941 2430 Laurentio
2974 2374 3411 2430 Britanniarum
3445 2374 3740 2444 archiepi-

2090 2464 2267 2519 scopo
2301 2465 2411 2501 non
2446 2456 2566 2502 tam
2602 2449 2790 2503 verbis
2833 2464 3012 2518 quam
3072 2446 3411 2502 verberibus
3460 2447 3741 2519 ostendit.

2089 2518 2233 2573 Nam
2265 2535 2396 2573 cu.“
2426 2537 2646 2574 annum
2676 2519 2901 2575 Uomiui
2927 2519 3417 2574 sexcentesimum
3444 2518 3739 2572 decimum

2088 2597 2387 2662 quartum,
2422 2590 2697 2646 Eadbaldi
2732 2592 2883 2662 regis
2913 2591 3359 2647 Cantuariorum
3394 2589 3524 2644 fidei
3569 2590 3740 2644 Chri-

2087 2663 2293 2717 stianis
2324 2663 2711 2727 adversantis,
2746 2671 2804 2718 et
2833 2663 3197 2718 castimoniae
3232 2662 3385 2733 leges
3415 2662 3559 2715 adeo
3606 2677 3739 2732 pes-

2087 2736 2440 2798 sumdantis,
2476 2739 2539 2787 ut
2570 2750 2805 2789 uxorem
2829 2735 3010 2806 patris
3037 2734 3125 2788 sui
3146 2732 3653 2806 duce’ret,‘impios
3670 2749 3739 2787 ac

2087 2822 2389 2875 perversos
2424 2823 2611 2861 mores
2670 2803 2971 2876 pertaesus,
3033 2806 3340 2860 statuisset
3398 2803 3737 2876 Britannias

2086 2874 2354 2948 deserere
2386 2877 2609 2942 (habito
2639 2874 2796 2933 enim
2860 2894 2992 2932 cum
3053 2874 3622 2948 episc0pisiMellito
3681 2883 3740 2930 et

2082 2947 2254 3020 Justo
2285 2966 2463 3018 super
2494 2967 2559 3005 ea
2592 2965 2651 3003 re
2683 2950 2991 3020 colloquio,
3024 2947 3325 3004 decretum
3359 2947 3549 3002 fuerat
3577 2965 3737 3003 com-

2086 3019 2249 3073 muni
2283 3019 2548 3088 consilio,
2584 3020 2771 3076 satius
2803 3019 2952 3086 esse,
2993 3042 3018 3071 α
3051 3027 3115 3075 ut
3144 3037 3349 3076 omnes
3380 3020 3437 3073 in
3483 3020 3734 3090 patriam

2088 3092 2423 3154 redeuntes,
2457 3092 2640 3147 libera
2674 3092 2749 3147 ibi
2797 3098 2989 3148 mente
3047 3092 3294 3147 Domino
3354 3089 3737 3155 deservirem,

327 3168 384 3236 et
404 3140 562 3236 ἱεὶρἰῖ
568 3140 603 3217 ἶ
613 3140 1042 3218 ἱεέἶέᾱηῖῐίὶἰίῐ
1060 3140 1354 3236 {1966356
1367 3140 1398 3144 ’“
1408 3140 1689 3236 animus.
1739 3140 1874 3236 “qui
1890 3140 1969 3214 ’ίὶὶ
2002 3140 2047 3205 C
2086 3140 3743 3236 qt'a'aixi‘ér'gaeiit;'na‘s'iagrﬁa'ra;auditumst

327 3235 457 3304 ejus
485 3231 831 3290 memoriam
865 3241 1107 3290 vocatus
1136 3231 1226 3290 est
1256 3234 1401 3288 Mons
1435 3232 1488 3289 S.
1537 3232 1711 3301 Ionis,
1774 3231 1967 3304 vulgo,

325 3308 377 3363 le
405 3307 549 3362 Μοηὲ
578 3306 892 3362 Saint-Jon.

393 3379 555 3442 Quod
588 3385 787 3433 autem
818 3378 877 3431 in
915 3373 1328 3446 Martyrologio
1350 3380 1459 3437 est,
1501 3396 1527 3426 ιι
1558 3374 1721 3445 Apud
1757 3390 1969 3445 pagum

393 3393 555 3442 uuou
588 3393 787 3433 autem
818 3394 877 3431 1n
916 3393 1064 3431 mari
1109 3393 1328 3446 rorogio
1350 3393 1459 3437 est,
1501 3396 1527 3426 ιι
1558 3393 1721 3445 Apuu
1757 3393 1969 3445 pagum

322 3450 741 3515 Castrensium,
771 3473 791 3496 ιι
826 3449 1032 3502 dicunt
1060 3393 1231 3510 (galli.
1262 3464 1295 3500 α
1328 3446 1575 3501 Chastres
1614 3463 1737 3501 δοκε
1786 3449 1971 3501 Mont-

319 3521 513 3577 lcheri.
566 3521 912 3576 Franciscus
960 3526 1155 3575 tamen
1213 3519 1474 3574 Bivarius
1532 3524 1698 3588 putat
1758 3535 1858 3588 per
1904 3534 1973 3572 ea

319 3594 499 3648 verba
529 3593 852 3658 signiﬁcari
882 3591 1075 3645 Castra
1106 3588 1331 3645 Cn‘ciliu
1363 3589 1422 3643 in
1475 3588 1799 3647 Lusitania.
1854 3589 1971 3644 sic-

323 3679 441 3735 que
474 3664 922 3732 intelligendum
958 3663 1110 3731 quod
1148 3661 1638 3735 Flaviusiliexter
1674 3665 1848 3735 notat
1903 3663 1969 3714 a‘l

325 3730 551 3792 annum
585 3730 805 3791 Christi
825 3735 926 3789 86:
970 3730 996 3784 ci
1022 3732 1240 3787 Castris
1271 3730 1515 3786 Caeciliis
1548 3733 1605 3784 in
1672 3731 1974 3786 Lusitania

323 3806 606 3879 praedicat
645 3812 889 3879 sanctus
938 3803 1145 3879 Jonas,
1207 3801 1556 3879 discipulus.
1597 3802 1654 3856 S.
1718 3802 1971 3879 Dionysii

322 3873 708 3949 Areopagitae,
737 3883 793 3932 et
825 3877 893 3929 ad
926 3874 1145 3949 Callias
1189 3880 1317 3949 post
1350 3873 1680 3949 revertitur.
1713 3898 1730 3921 ι
1770 3873 1977 3949 Fateor

2123 3244 2305 3302 erenl,
2343 3236 2414 3306 -),
2439 3243 2754 3306 apparente
2779 3236 2862 3290 illi
2885 3243 3088 3291 sancto
3111 3236 3275 3291 Petro
3290 3241 3348 3290 et
3363 3234 3736 3306 gravissimis

2082 3308 2272 3361 verbis
2306 3305 2655 3376 deterrente,
2686 3307 2804 3362 imo
2836 3314 2891 3362 et
2924 3308 3293 3379 gravioribus
3324 3305 3571 3377 ﬂagellis
3607 3322 3737 3360 eam

2080 3379 2437 3434 voluntatem
2492 3380 2791 3450 puniente,
2853 3378 3188 3434 discessita
3246 3378 3567 3450 proposito,
3631 3394 3737 3450 nec

2081 3396 2437 3434 voluntatem
2531 3396 2791 3443 umente,
2853 3396 3127 3434 discessu
3157 3397 3188 3433 a
3246 3396 3567 3450 proposito,
3631 3396 3732 3432 nec

2081 3450 2364 3505 Mellitum
2398 3454 2455 3505 et
2477 3396 2734 3519 fastum,
2759 3451 3000 3522 quijam
3023 3452 3441 3517 discesserant,
3470 3454 3644 3521 atque
3673 3449 3732 3504 in

2078 3522 2327 3603 Galliam
2353 3523 2740 3603 transierant,
2761 3530 2850 3577 est
2878 3528 3137 3603 secutus.
3167 3522 3308 3603 “Sed
3363 3522 3609 3603 dignum
3642 3527 3734 3603 est

2081 3593 2437 3664 exemplum,
2472 3598 2627 3663 quod
2660 3593 2958 3663 integrum
2991 3594 3137 3665 ipsis
3167 3591 3531 3665 Venerabilis
3562 3591 3730 3665 Bedze

2081 3663 2274 3738 verbis
2306 3665 2736 3738 rel'eratur.,$ic
2768 3667 2950 3738 igitur
2980 3663 3155 3720 habet
3184 3665 3333 3738 libro
3365 3681 3406 3720 ιι
3435 3663 3589 3738 litat.
3620 3664 3727 3718 An-

2082 3735 2242 3804 glia.
2288 3753 2414 3805 cap.
2446 3739 2517 3791 6:
2554 3761 2581 3787 ‹‹
2642 3734 2820 3792 ΟυηΓ
2842 3755 2976 3793 vero
3035 3736 3388 3792 Laurentius
3436 3734 3726 3791 Mellitum

2081 3810 2436 3878 Justumque
2465 3815 2703 3863 secutus
2735 3826 2801 3864 ac
2825 3809 3186 3863 Britanniam
3210 3813 3368 3863 esset
3390 3806 3732 3871 relicturus,

2086 3878 2260 3949 jussit
2292 3880 2417 3945 ipsa
2437 3880 2548 3933 sibi
2582 3889 2749 3935 nocte
2779 3881 2835 3934 in
2871 3880 3116 3936 ecclesia
3139 3881 3440 3935 beatorum
3501 3885 3735 3949 aposto-

321 3945 702 4023 quidém'ego
754 3947 1066 4023 utrobique
1116 3945 1461 4023 praedicasse
1492 3945 1548 4000 S.
1583 3945 1811 4023 JunemA,
1856 3946 1970 4023 sed
2076 3945 2273 4004 lorum
2311 3950 2458 4005 Petri
2489 3956 2545 4005 et
2576 3951 2761 4017 Pauli,
2794 3953 2865 4007 de
2896 3970 3014 4023 qua
3045 3954 3379 4022 frequenter
3406 3945 3553 4023 jam‘
3585 3950 3738 4005 dixi-

321 4016 521 4077 tamen
552 4016 725 4077 verba
759 4016 1148 4091 Martyr'ologii
1187 4016 1383 4091 magis
1407 4016 1591 4091 facere
1623 4033 1725 4088 pro
1766 4016 1970 4072 Gallis.

320 4094 570 4151 Adverte
599 4094 773 4148 etiam
808 4109 874 4148 ex
910 4089 997 4146 bis
1030 4091 1218 4145 Dextri
1274 4089 1463 4146 verbis
1522 4095 1780 4144 nostram
1843 4105 1975 4143 con-

326 4166 549 4221 lirmari
582 4163 930 4220 sententiam
968 4163 1036 4217 de
1070 4162 1325 4234 Dionysii
1365 4162 1721 4234 profectione
1747 4160 1970 4234 inAGal-

324 4237 467 4293 liam
502 4236 671 4305 longe
704 4242 839 4291 ante
869 4240 1134 4306 tempora
1165 4232 1360 4289 Nervae
1383 4240 1521 4301 imp.
1547 4233 1689 4306 Na_m
1716 4233 1762 4286 si
1795 4232 1973 4288 Jonas

324 4310 448 4381 (qui
482 4304 922 4381 cumDionysio
955 4304 1196 4381 Athenis
1230 4304 1802 4381 RomamLetARoma
1836 4321 1969 4375 pro-

326 4375 514 4436 fectus
545 4386 632 4434 est
667 4380 721 4433 in
756 4375 1032 4447 Galliam)
1066 4384 1198 4433 ante
1231 4393 1450 4430 annum
1487 4375 1699 4429 Christi
1730 4377 1819 4442 86,
1851 4393 1976 4446 pro-

325 4454 517 4507 fectus
547 4457 670 4506 erat
699 4468 729 4507 e
759 4450 948 4507 Gallia
978 4452 1035 4505 in
1071 4450 1457 4511 Lusitaniam,
1490 4448 1688 4517 ibiq'ue
1718 4448 1973 4518 Evange-

2086 4038 2219 4077 mus
2251 4027 2503 4095 stratum
2537 4023 2727 4093 parari
2746 4039 2767 4095 7:
2806 4025 2862 4078 in
2897 4021 3012 4095 quo
3045 4021 3173 4078 cum
3208 4028 3338 4095 post
3369 4021 3738 4095 multaspre-

2085 4110 2182 4168 ces
2209 4092 2594 4168 ac‘lacrymas
2626 4097 2694 4149 ad
2736 4092 2931 4150 Deum
2954 4111 3055 4168 pro
3089 4092 3243 4149 statu
3278 4092 3544 4150 Ecclesiae
3566 4092 3742 4168 fusas

2084 4164 2613 4239 adquiescendum
2650 4168 2917 4222 membra
2955 4164 3267 4239 posuisset
3316 4172 3494 4239 atque
3526 4165 3737 4239 obdor-

2085 4237 2311 4301 misset,
2346 4238 2620 4307 apparuit
2651 4239 2699 4293 ei
2736 4237 3115 4294 beatissimus
3147 4237 3545 4309 apostolorum
3579 4237 3740 4309 prin-

2085 4326 2241 4381 ceps,
2273 4314 2329 4364 et
2361 4309 2545 4363 multo
2582 4308 2747 4365 illum
2814 4316 3074 4381 tempore
3123 4308 3356 4365 secretas
3410 4308 3600 4363 noctis
3630 4308 3738 4381 lla-

2084 4380 2255 4452 gellis
2285 4381 2611 4436 acrioribus
2645 4380 3377 4443 al'ﬁeiens,sciscilabatur
3419 4380 3742 4452 apostolica

2086 4451 2488 4525 distractione,
2523 4470 2703 4524 quare
2734 4470 2993 4525 gregem,
3026 4470 3199 4524 quem
3237 4451 3349 4507 sibi
3382 4451 3506 4522 ipse
3536 4453 3740 4525 credi-

324 4524 471 4579 lium
510 4524 861 4596 praedicabat
884 4541 907 4596 :7
931 4527 1086 4596 certe
1116 4513 1971 4596 consequituretlDiguysium
2007 4513 2052 4577 D
2086 4525 2271 4589 derat,
2307 4513 2683 4596 relinqueret,
2714 4513 2799 4579 val
2827 4513 2918 4580 (ἷλυί
2977 4513 3280 4596 pastorum
3341 4513 3475 4579 ov'es
3521 4523 3740 4596 Christi

318 4588 669 4652 multo-ante
699 4594 911 4650 Christi
942 4594 1013 4649 85
1040 4592 1271 4648 venisse
1302 4588 1433 4647 cum
1474 4589 1573 4644 illo
1606 4588 1661 4643 in
1698 4588 1972 4658 Galliam;

321 4685 439 4724 non
484 4667 663 4739 igitur
710 4664 1179 4739 (quoddvolebat
1223 4661 1544 4739 Baronius)
1573 4661 1714 4739 Λειξῄ
1765 4666 1975 4739 Nerva,

320 4741 442 4796 sive
467 4731 620 4795 anno
651 4731 866 4795 Christi
897 4737 987 4807 99,
1014 4736 1176 4791 venit
1206 4735 1446 4790 demum
1476 4735 1532 4787 in
1566 4731 1816 4789 Galliam
1846 4734 1976 4789 Dio.

322 4828 549 4868 DVSIIJS.

365 4829 660 4953 Υδῧιδθά
704 4879 990 4953 desperato
1032 4892 1231 4953 apere
1284 4877 1460 4953 pretio
1506 4878 1812 4953 egesserat
1868 4876 1977 4953 Eu:

320 4946 551 5025 trepide.
608 4946 888 5025 Exstasnt
944 4946 1145 5025 hujus
1182 4946 1581 5025 SfEutropii
1628 4948 1769 5025 Acta
1820 4948 1975 5025 apud

321 5018 663 5097 Eq'uilinum
714 5023 1054 5097 episcqpum
1091 5019 1190 5074 lib.
1227 5035 1457 5097 iv,_eap.
1485 5018 1605 5097 l_05,
1632 5022 1689 5097 et
1710 5020 1979 5097 quaedam

320 5090 473 5167 apud
508 5090 853 5167 Gregorium
884 5091 1283 5167 Tiironensem
1322 5091 1418 5144 lib.
1449 5109 1462 5143 ι
1498 5090 1572 5143 De
1598 5090 1783 5158 gloria
1828 5108 1978 5161 mar-

318 5162 526 5239 tyrum,
560 5162 688 5239 cap.
720 5165 833 5239 56;
872 5184 896 5209 ‹‹
930 5162 1244 5239 Eutropius
1270 5177 1511 5239 quoque
1567 5170 1797 5239 martyr
1832 5167 1980 5217 San-

320 5233 526 5294 tonica:
562 5236 744 5301 urbis,
814 5233 1096 5306 inquitta
1152 5234 1320 5287 beato
1370 5234 1662 5306 Clemente
1710 5235 1981 5306 episcopo

318 5311 501 5365 fertur
530 5307 786 5362 directus
819 5305 875 5359 in
901 5303 1143 5360 Gallias.
1189 5306 1269 5360 Ab
1321 5305 1522 5359 eodem
1570 5303 1758 5359 etiam
1793 5306 1982 5374 ponti-

319 5381 507 5436 ficalis
537 5377 761 5433 ordinis
804 5377 993 5448 gratia
1040 5381 1417 5448 consecratus
1447 5382 1572 5448 est:
1619 5376 1984 5448 impletoque

320 5452 503 5520 hujus
535 5448 708 5505 ofﬁcii
735 5442 961 5520 ordine,
979 5449 1278 5519 peraclain
1299 5447 1357 5502 in
1376 5446 1691 5502 incredulis
1707 5442 1982 5517 praedica-

315 5519 497 5590 tione,
534 5519 979 5591 insurgentibus
1011 5520 1277 5590 paganis.
1328 5536 1485 5591 quos
1522 5526 1723 5573 auctor
1752 5520 1983 5573 invidia

315 5596 551 5649 credere
582 5608 696 5646 non
732 5591 1188 5663 permisit,illiso
1220 5590 1407 5660 capite
1440 5590 1628 5663 victor
1648 5593 1925 5663 occubuit
1953 5613 1980 5641 ››

313 5665 459 5720 Vide
490 5664 707 5719 ibidem
733 5661 810 5718 de
840 5664 968 5733 ejus
1000 5663 1362 5733 apparitione.
1392 5668 1449 5717 et
1498 5661 1794 5730 agnitione
1829 5680 1984 5719 mar-

314 5738 471 5811 tyrii,
496 5736 750 5811 ipsomet
780 5739 983 5811 sancto
1013 5735 1293 5811 EutrOpio
1312 5733 1622 5811 revelante.
1652 5734 1854 5811 Fuisse
1877 5753 1984 5791 au-

312 5804 433 5866 tem
457 5804 729 5881 Dionysio
760 5807 1032 5864 comitem
1093 5804 1344 5873 itineris,
1405 5804 1559 5861 clare
1600 5805 1781 5876 hujus
1844 5814 1984 5864 Acta

2084 4596 2145 4679 in
2179 4594 2458 4678 med_io.lu
2470 4594 2675 4679 porum
2702 4596 2937 4679 positas
2970 4594 3358 4679 fugiensnipse
3397 4595 3741 4679 dimitteret.

2084 4666 2343 4751 Anhme‘i,
2376 4666 2585 4751 inquit,
2622 4666 2841 4751 oblitus
2864 4685 2954 4751 es.
2982 4666 3269 4751 egempli,
3316 4668 3739 4751 quiproﬂpar-

2086 4736 2236 4793 vulis
2264 4736 2660 4811 Cbristi,quos
2685 4739 2827 4795 mihi
2862 4740 2919 4795 in
2941 4736 3227 4795 indicium
3259 4736 3378 4794 suaa
3407 4736 3745 4811 dilectionis

2088 4810 2622 4878 commendaverat,
2671 4810 2929 4875 vincula,
2978 4812 3236 4877 verbera,
3271 4826 3556 4877 carceres,
3589 4810 3742 4865 affli-

2088 4882 2561 4954 ctionestipsam
2597 4891 2887 4946 postremo
2919 4889 3190 4947 mortem,
3242 4887 3493 4938 mortem
3544 4888 3742 4937 autem

2090 4954 2286 5026 crucis
2316 4952 2759 5010 ab‘intidelibus
2790 4961 2847 5010 et
2876 4954 3131 5010 inimicis
3185 4954 3404 5010 Christi
3435 4954 3563 5026 ipse
3604 4969 3742 5026 cum

2091 5025 2323 5079 Christo
2357 5027 2730 5082 coronandus
2764 5027 3023 5097 pertuli?
3059 5027 3157 5082 llis
3183 5026 3269 5097 Β,
3292 5024 3745 5097 Petri—ﬂagellis

2092 5097 2270 5150 simul
2304 5103 2363 5149 et
2395 5095 2905 5153 exhortationibus
2928 5098 3227 5153 animatus
3248 5095 3745 5152 famulusChristi

2091 5167 2466 5232 Laurentius,
2501 5186 2634 5224 mox
2668 5186 2835 5225 mane
2868 5171 3019 5225 facto
3042 5170 3197 5225 venit
3220 5170 3290 5223 ad
3322 5185 3541 5240 regem,
3573 5173 3632 5223 et
3660 5185 3746 5223 re-

2091 5246 2243 5295 tecto
2274 5241 2641 5313 vestimento,
2674 5243 2915 5313 quantis
2945 5248 3100 5297 esset
3121 5241 3463 5296 verberibus
3521 5240 3745 5313 lacera-

2094 5317 2213 5378 tus,
2247 5311 2297 5363 ei
2333 5311 2725 5376 ostendil.Qui
2759 5314 3009 5369 multum
3043 5313 3315 5376 miratus,
3347 5317 3406 5368 et
3438 5312 3747 5381 inquirens

2093 5382 2230 5451 quis
2261 5387 2423 5456 tanto
2450 5386 2572 5438 viro
2606 5385 2752 5441 tales
2785 5391 2939 5441 esset
2968 5401 3151 5440 ausus
3203 5384 3423 5456 plagas,
3459 5383 3747 5454 inﬂigere,

2095 5457 2161 5507 ut
2219 5454 2449 5538 audivit
2495 5457 2634 5538 quia
2679 5474 2857 5513 causa
2904 5474 3023 5511 sua:
3074 5454 3651 5538 salutis'episeopus
3675 5456 3747 5509 ab

2095 5524 2359 5595 apostolo
2391 5524 2605 5581 Christi
2648 5533 2813 5583 tanta
2874 5534 3030 5584 esset
3085 5524 3387 5584 tormenta
3425 5524 3746 5597 plagasque

2094 5612 2335 5669 passus,
2373 5599 2647 5669 extimuit
2706 5599 2957 5656 multum
3017 5606 3192 5669 atque
3253 5598 3745 5655 anathematizato

2092 5668 2254 5724 omni
2285 5668 2630 5725 idololatria:
2664 5670 2845 5731 cultu,
2888 5668 3156 5728 abdicato
3187 5670 3479 5727 connubio
3515 5686 3629 5725 non
3665 5669 3743 5724 le-

2093 5739 2322 5815 gitimo,
2378 5742 2638 5815 suscepit
2664 5743 2864 5799 tidem
2903 5743 3138 5808 Christi,
3168 5753 3222 5800 et
3253 5741 3606 5815 baptizatus,
3637 5741 3742 5797 Ec-

2094 5813 2283 5869 clesiae
2316 5815 2511 5884 rebus,
2545 5813 2835 5887 quantum
2872 5815 3075 5883 valuit,
3105 5817 3167 5872 in
3198 5813 3475 5873 omnibus
3534 5830 3740 5871 consu-
