4048 6392
318 307 428 363 827
726 366 733 375 ,
1568 315 1626 366 S.
1667 312 1981 368 DIONYSII
2021 312 2504 368 AREOPAGITE
3636 304 3747 363 828

320 448 466 508 num
487 432 1191 508 jactarengturetcnutpud
1208 431 1554 508 Hilduinum
1576 451 1710 490 vero
1734 435 1793 492 in
1815 436 1979 491 Arco-
2025 482 2046 508 λ
2097 436 2623 508 inepirata,macta
2653 434 2890 490 virtutis
2920 433 3235 508 consilium
3269 432 3758 507 appetivit,atque

321 482 590 579 pagiticis
616 505 872 579 traditur
903 482 1164 560 nondum
1193 506 1385 579 fuisse
1416 482 1800 578 baptizatazz
1829 508 1979 564 Nam
2013 482 2061 545 Α
2096 512 2164 564 ad
2197 482 2531 564 convivium
2551 508 2749 562 venire
2783 506 3042 579 postulat
3073 482 3413 561 sancforiiin
3435 482 3758 576 corporum

328 576 540 652 nobilis
572 578 839 652 quaedam
875 577 1341 652 materfamilias,
1373 576 1589 649 inquit,
1613 578 1844 635 Catulla
1877 597 1983 634 no-
2099 582 2443 652 perditores.
2473 601 2500 627 »
2528 576 2850 634 Verisimile
2880 579 3282 652 est,t‘.atullam
3318 579 3502 633 fuisse
3523 581 3758 632 tantum

324 649 638 721 mine,quas
672 650 806 703 licet
839 665 1201 720 paganorum
1230 651 1422 705 adhuc
1448 653 1984 717 erroribus,neces-
2099 649 2656 707 catechumenamin
2691 659 2877 706 sancti
2917 651 3250 721 Dionysiiet
3276 652 3571 705 sociorum
3594 666 3759 703 mar-

325 720 497 796 sitat‘e
530 723 726 791 potius
754 737 930 796 quam
952 721 1985 796 voluntatetenereturaddicta,con-
2100 724 2403 796 tyrio,sive
2435 723 2643 795 primis
2683 724 2970 796 duntaxat
3027 720 3161 777 ﬁdei
3218 722 3573 796 rudimentie
3615 721 3764 796 citra

326 793 682 868 vertitamen
701 792 965 868 adltidem
994 793 1208 868 Christi
1229 811 1329 864 per
1357 794 1623 866 exempla
1640 801 1986 868 martyrum,
2104 792 2468 865 baptismum
2512 797 2821 864 imbutam,
2855 795 2955 849 illo
2986 802 3181 868 autem
3212 798 3506 868 a__sancto
3535 792 3765 864 Regulo

325 870 502 936 atque
526 866 597 918 ad
634 865 914 939 baptismi
945 866 1195 932 gratiam
1219 883 1280 920 se
1303 865 1605 939 pervenire
1630 865 1986 936 desiderare,
2100 868 2156 923 in
2193 869 2301 922 hac
2332 868 2484 939 apud
2522 867 2716 936 ipsum
2749 867 3208 922 commoratione
3232 865 3613 921 illustratum.

320 943 379 991 et
411 950 609 992 mente
640 938 1085 994 demonstrabat
1112 941 1170 992 et
1192 954 1383 1009 opere.
1419 938 1519 995 Dei
1546 939 1991 996 misecricordia
2172 940 2283 1010 (83)
2315 938 2457 995 Vide
2486 940 2657 1010 infra,
2685 955 2815 1010 cap.
2846 939 2920 993 25
2950 943 3007 993 et
3036 954 3230 1011 seqq.,

1746 1207 1900 1264 ωε
1933 1206 2164 1263 CAPUT
2220 1207 2377 1263 XXI.

320 1317 726 1390 Discipulorum
779 1318 834 1374 S.
900 1320 1164 1392 Dionysii
1219 1320 1431 1378 labores
1485 1329 1537 1378 et
1587 1323 1825 1393 fructus,
1912 1323 2309 1450 nonftzauzque
2354 1321 2601 1393 ejusdem
2653 1322 2919 1393 martyris
2973 1322 3285 1392 salutifera
3335 1329 3459 1393 post
3520 1324 3771 1376 mortem

1828 1411 2027 1450 appar:
2056 1411 2228 1450 tones.

1828 1411 2228 1467 appar-itiones.

401 1514 474 1570 Ut
504 1514 1013 1591 ﬁlii_parentihus,
1040 1516 1123 1571 sic
1153 1517 1430 1591 discipuli
1465 1518 1770 1591 magistris
1792 1518 2022 1586 honori,
2057 1519 2240 1580 laudi,
2272 1518 2490 1587 glorias,
2546 1523 2604 1573 et
2633 1518 2820 1591 instar
2840 1590 2845 1591 γ
2866 1517 3122 1589 pulchra:
3148 1521 3207 1572 et
3235 1516 3634 1591 suaveolentis
3666 1534 3769 1573 co-

329 1588 823 1663 ronisexsistunt.
857 1589 1025 1663 Tales
1060 1591 1219 1663 fuere
1255 1588 1526 1662 Dionysio
1550 1588 1635 1663 (ut
1669 1592 2017 1647 omittamus
2073 1591 2375 1646 Rusticum
2439 1597 2496 1645 et
2556 1588 2979 1654 Eleutherium,
3038 1591 3259 1661 primas
3319 1589 3481 1645 illius
3536 1605 3769 1645 coronae

325 1659 517 1734 rosas)
551 1660 633 1734 illi
672 1661 938 1731 insignes
968 1662 1362 1717 Ecclesiarum
1399 1659 1600 1729 duces,
1634 1668 1691 1718 8.
1722 1667 1831 1718 Jon
1859 1665 2056 1734 (quem
2092 1664 2265 1718 modo
2296 1663 2505 1718 Jonam
2540 1665 2632 1727 (83
2665 1664 2703 1733 ),
2737 1663 2907 1734 modo
2938 1659 3173 1718 Jonium
3198 1663 3533 1734 invenimus
3559 1663 3767 1734 appel-

322 1730 558 1807 latum),
592 1730 933 1807 Sanctinus,
967 1734 1321 1801 Antoninus,
1357 1735 1677 1801 Taurinus,
1712 1730 1995 1807 Regulus,
2028 1736 2349 1807 Eugenius,
2410 1730 2745 1807 complures
2802 1733 2895 1787 alii
2924 1750 2938 1800 ;
2973 1735 3073 1807 sed
3135 1734 3442 1789 nominare
3490 1730 3768 1807 singulos

325 1801 594 1875 longum,
631 1804 956 1878 praecipuos
989 1807 1411 1878 nonomisisse
1438 1801 1862 1863 necessarium.
1903 1809 1965 1862 lli
1999 1801 2145 1878 ergo
2170 1824 2203 1862 a
2225 1810 2489 1862 discessu
2527 1801 2707 1878 patris
2757 1821 2889 1859 vere
2919 1805 3138 1876 patrios
3192 1822 3392 1873 gerere
3423 1801 3675 1875 animos,
3710 1811 3772 1861 et

321 1891 427 1946 pro
458 1891 520 1930 se
556 1877 968 1947 unusquisque
998 1876 1291 1933 sollicitus
1324 1895 1476 1947 esse,
1509 1884 1574 1933 ut
1603 1885 1983 1949 paternarum
2017 1876 2303 1934 Virtutum
2339 1876 2541 1934 addita
2597 1878 2980 1945 ha-reditate,‘
3019 1893 3187 1932 suam
3249 1878 3496 1949 quisque
3526 1879 3765 1933 vineam

322 1951 529 2003 sancta
558 1949 810 2018 quadam
844 1949 1243 2021 simulatione,
1277 1966 1454 2021 quam
1489 1957 1690 2021 posset
1718 1950 2189 2007 excultissimam
2224 1952 2318 2006 Dei
2354 1950 2545 2021 gratia
2572 1957 2628 2004 et
2659 1966 2765 2005 suo
2799 1951 2998 2004 labore
3027 1950 3312 2004 redderet.
3368 1950 3479 2007 Jun
3510 1951 3766 2020 quidem

321 2021 651 2094 presbyter,
685 2021 784 2094 qui
818 2020 1010 2091 primo
1042 2020 1307 2094 Athenis
1326 2020 1571 2077 Romam
1607 2039 1739 2077 cum
1778 2022 2075 2094 Dionysio,
2110 2023 2321 2077 deinde
2353 2020 2535 2077 Roma
2565 2023 2623 2077 in
2657 2020 2905 2094 Galliam
2957 2036 3091 2075 cum
3150 2022 3354 2094 eodem
3416 2023 3762 2091 transierat,

323 2091 637 2166 sacerdotii
671 2092 763 2145 sui
800 2098 995 2166 pertes
1026 2099 1083 2166 et
1102 2092 1334 2166 vivente
1365 2098 1422 2149 et
1450 2094 1569 2149 vita
1602 2095 1799 2150 functo
1833 2091 2185 2166 praéceptore
2217 2095 2574 2150 examussim
2630 2092 2913 2165 implevit,
2946 2093 3595 2166 semenqueEvangelii
3620 2110 3763 2164 pra:-

324 2163 529 2238 sertim
564 2162 621 2238 in
652 2178 793 2238 agro
824 2161 1116 2219 Castresio
1147 2165 1261 2238 (84)
1293 2182 1428 2238 cum
1462 2167 1727 2238 persuavi
1764 2161 2045 2221 virtutum
2095 2183 2336 2222 suarum
2390 2168 2586 2229 odore,
2644 2161 3139 2238 et'temperantis
3171 2161 3382 2219 animi
3433 2161 3757 2238 fragrantia

325 2233 643 2319 dispersit;
677 2233 895 2319 quippe
925 2250 1079 2319 aqua
1109 2233 1313 2319 sola'et
1339 2233 1551 2319 herbis
1569 2236 1780 2293 solitus
1796 2238 1977 2293 vitam
2004 2238 2334 2319 sustinere,
2362 2243 2419 2292 et
2449 2253 2551 2309 per
2575 2242 2811 2319 tempus
2842 2233 3079 2319 quidem
3113 2233 3563 2319 quadragenarii
3589 2238 3745 2319 jeju-

324 2305 530 2379 niigbis
560 2306 846 2379 duntaxat
875 2313 1019 2378 quot
1048 2308 1434 2365 hebdomadis
1483 2309 1679 2364 cibum
1711 2326 1966 2365 sumere.
2004 2314 2060 2365 Is
2090 2310 2417 2364 admiratus
2449 2305 2716 2378 magistri
2778 2305 3206 2375 fortitudinem,
3250 2314 3317 2379 et
3348 2305 3745 2379 'magno'ejus

326 2376 600 2453 imitandi
630 2378 824 2433 studio
854 2376 1198 2453 succensus,
1234 2382 1293 2434 in
1326 2381 1490 2453 paria
1518 2382 1739 2453 sejecit
1770 2382 2114 2447 certamina,
2151 2382 2472 2453 primisque
2528 2376 3001 2453 gentiliumgsub
3045 2376 3495 2453 Christijugunj
3522 2376 3738 2445 ductis,

324 2450 600 2504 inscenso
634 2451 890 2522 martyrii
926 2467 1099 2506 curru
1134 2452 1539 2578 triumphavit.
1575 2450 2052 2523 Comprehensus
2074 2450 2229 2509 enim
2265 2453 2419 2508 haud
2456 2450 2657 2524 procul
2688 2451 2929 2514 Lutetia,
2961 2456 3019 2505 et
3047 2450 3181 2506 ﬁdei
3240 2450 3413 2507 titulo
3466 2451 3742 2507 interem-

329 2528 464 2578 ntus
489 2522 757 2578 magistri
780 2528 1065 2578 trunazum
1092 2523 1315 2578 triumn
1365 2540 1580 2578 umaue
1609 2526 1871 2578 etiamin
1923 2542 1991 2578 eo
2021 2526 2480 2578 repraesentavit.
2539 2524 2695 2578 quod
2755 2527 3035 2578 refectum
3098 2540 3132 2577 a
3189 2523 3513 2578 cervicibus
3570 2530 3742 2578 caput

328 2528 464 2596 ptus
489 2522 1065 2596 magistritrupazum
1092 2522 1580 2596 triumphumque
1609 2522 1871 2580 etiamin
1923 2542 1991 2581 eo
2021 2522 2480 2596 repraesentavit,
2539 2524 2695 2595 quod
2755 2527 3035 2578 refectum
3098 2540 3132 2577 a
3189 2523 3513 2596 cervicibus
3570 2530 3750 2595 caput.

329 2590 544 2666 palmis
572 2590 815 2664 excepit,
844 2590 1017 2665 atque
1046 2595 1118 2650 ad
1155 2590 1412 2651 mon-tem
1446 2590 1564 2652 una
1594 2598 1713 2653 fore
1734 2597 1899 2653 leuca
1930 2590 2270 2666 distantem,
2305 2597 2403 2652 ubi
2432 2602 2491 2650 et
2522 2590 2793 2666 sepultus
2825 2602 2932 2661 est,
2981 2595 3323 2664 deportavit.
3373 2596 3520 2651 Loco
3551 2590 3753 2650 acces-

328 2663 408 2739 sit
440 2663 646 2739 honos,
681 2663 745 2739 ut
768 2663 936 2739 mons
964 2673 1018 2721 ὃ.
1042 2668 1205 2724 Jonis
1228 2669 1537 2724 diceretur.
1564 2668 1753 2739 Hujus
1805 2670 1959 2725 diem
2024 2663 2279 2724 natalem
2330 2663 2636 2724 ascribunt
2692 2665 3117 2739 Martyrologiai
3164 2668 3394 2739 decimo
3455 2666 3752 2722 Kalendas

327 2735 595 2825 Qctobris
624 2737 729 2792 tali
750 2737 989 2825 elogio;
1023 2741 1248 2825 «ΛΑ.ρὶψί
1284 2756 1500 2825 pagum
1534 2735 2157 2825 Cps‘trensiumnsancti
2190 2741 2357 2825 .lonis
2390 2740 2714 2811 presbyteri
2764 2743 2820 2825 et
2844 2735 3177 2825 "martyris,
3199 2810 3207 2819 ι
3230 2738 3333 2810 qui
3374 2755 3509 2795 cum
3542 2745 3753 2796 sancto

326 2808 606 2951 Ditopayssfo
636 2808 933 2881 profectus
964 2810 1024 2865 in
1058 2808 1331 2881 Galliam,
1357 2808 1529 2884 iussu
1561 2812 1774 2869 Juliani
1809 2813 2062 2886 praefecti
2095 2808 2439 2868 verberibus
2470 2808 2681 2879 cassus,
2740 2811 2935 2883 gladio
2969 2808 3317 2882 martyrium
3372 2827 3752 2868 consumma—

326 2897 381 2937 νι
562 2922 572 2933 .
607 2902 636 2930 ››

326 2897 410 2937 νη
440 2897 572 2937 (δῦ).
607 2902 636 2930 »Φ

399 2951 731 3027 iungamus
759 2952 816 3007 S.
851 2952 999 3027 Joni
1022 2954 1078 3009 Β.
1111 2954 1455 3009 Sanctinum
1489 2955 1849 3011 Meldensem
1883 2956 2255 3027 episcopum,
2285 2952 2763 3027 quandoquidem
2822 2951 2879 3007 in
2917 2950 3151 3027 iisdem
3213 2951 3506 3027 Ecclesiae
3528 2952 3755 3027 tabulis

332 3023 1041 3098 eademgconjunctusdie
1070 3027 1381 3096 reperitur,
1412 3027 1574 3083 hisce
1605 3027 1839 3082 verbis:
1882 3023 2100 3098 (Apud
2152 3023 2449 3081 civitatem
2482 3025 2849 3098 Meldensem
2907 3024 3061 3098 (86),_
3100 3024 3253 3079 beati
3313 3023 3577 3079 Sanctini
3630 3024 3755 3098 epi-

337 3096 668 3171 scopi_(8_7_),
700 3096 977 3171 discipuli
1003 3095 1204 3171 sancti
1228 3099 1485 3167 Dionysii
1518 3099 1876 3171 Areopagitae
1912 3115 1925 3171 ς
1952 3095 2051 3171 qui
2083 3098 2348 3171 ejusdem
2381 3097 2638 3171 civitatis
2667 3097 2981 3168 episcOpus
3011 3095 3083 3150 ab
3116 3112 3182 3151 eo
3214 3099 3596 3171 consecratus
3629 3095 3752 3171 pri-

336 3167 474 3223 mus
509 3167 590 3242 ibi
612 3168 990 3242 Evangelium
1028 3169 1368 3241 pradicavit
1398 3171 1533 3242 (88).
1569 3192 1591 3221 ι
1628 3167 1685 3225 Is
1707 3167 1797 3225 est
1824 3170 1920 3242 qui
1974 3169 2234 3241 Dionysii
2290 3169 2556 3239 magistri
2614 3167 2719 3223 sui
2756 3173 3051 3242 certamen
3101 3184 3219 3223 una
3267 3184 3402 3242 cum
3439 3167 3756 3242 _Autonino

337 3239 639 3312 spectavit,
677 3238 1007 3309 descripsit,
1030 3238 1113 3296 ad
1149 3238 1727 3312 pontiﬁcem'detulit
1758 3260 1770 3297 :
1800 3238 2159 3310 tandemque
2192 3242 2262 3297 ad
2314 3238 2456 3296 suos
2515 3257 2802 3304 reversus,
2861 3245 2918 3295 et
2948 3239 3064 3294 vita
3121 3245 3179 3295 et
3209 3238 3512 3295 miraculis
3536 3239 3759 3309 clarus,

329 3311 539 3385 relicto
571 3328 915 3385 successore
944 3313 1263 3379 Antonino,
1298 3331 1431 3385 post
1461 3314 1648 3369 multa
1677 3314 2007 3369 animarum
2061 3315 2223 3368 lucra
2283 3313 2526 3369 feliciter
2581 3312 2905 3379 emigravit.
2939 3316 3122 3378 Quem
3162 3316 3221 3367 et
3258 3312 3385 3383 ipse
3417 3312 3752 3369 Antoninus

326 3383 537 3457 iisdem
561 3384 851 3441 virtutum
876 3385 1162 3456 vestigiis,
1190 3392 1246 3442 et
1280 3383 1404 3457 pari
1431 3403 1707 3441 successu
1740 3392 1797 3442 et
1827 3386 1982 3441 exitu
2014 3387 2084 3440 ad
2116 3386 2328 3439 coelum
2371 3389 2461 3457 est
2480 3388 2861 3457 consecutus.

394 3455 527 3512 Jam
558 3473 692 3512 vero
723 3453 1423 3529 Taurinus'Ebroicensis
1454 3458 1787 3529 episcopus,
1820 3459 1892 3512 de
1923 3474 2037 3528 quo
2068 3474 2250 3528 supra
2288 3456 2554 3513 nonnihil
2578 3454 2921 3522 memoravi,
2957 3458 3087 3525 post
3136 3454 3338 3529 sancti
3363 3453 3525 3529 _Patri
3547 3470 3577 3510 e
3599 3458 3766 3510 terra

327 3543 631 3601 excessum
664 3534 831 3584 tanto
861 3528 1192 3601 impensius
1224 3529 1283 3585 in
1305 3525 1539 3585 omnem
1575 3525 1798 3601 partem
1833 3525 2281 3600 intendereiquo
2314 3529 2760 3595 Ecclesia,tanto
2796 3531 3035 3601 parente
3066 3525 3232 3601 orba,
3257 3526 3540 3601 majorem
3561 3542 3595 3580 a
3620 3542 3761 3601 suc-

324 3599 663 3655 cessoribus
695 3616 894 3672 curam
929 3598 1216 3671 exigebat.
1255 3602 1312 3656 Is
1343 3598 1707 3656 edendorum
1739 3602 1809 3656 ad
1847 3598 2239 3657 inducendam
2274 3600 2990 3672 ﬁrmandamquefldem,
3044 3598 3449 3672 prodigiorum
3482 3598 3765 3654 facultate

328 3672 614 3796 praditus
647 3672 758 3725 fuit
788 3670 961 3743 plane
991 3669 1521 3755 admirabili-Nam
1545 3690 1673 3759 _un_a
1704 3674 2153 3757 eademquedie
2182 3673 2295 3755 (8t?)
2329 3679 2536 3756 praater
2562 3669 2878 3755 alia,eti_am
2910 3671 3092 3755 mutis
3125 3669 3469 3755 hominibus
3500 3674 3766 3796 quatuor

356 3743 611 3796 canendi
644 3759 842 3796 usum.
877 3746 935 3796 et
966 3759 1133 3796 caecis
1162 3749 1292 3796 octo
1320 3745 1557 3796 Videndl
1588 3761 1705 3796 Vim
1739 3744 2093 3796 conciliawt.
2123 3750 2181 3796 et
2213 3751 2393 3796 Vitam
2428 3761 2529 3796 um
2562 3745 2838 3796 reddidit.
2871 3743 3028 3796 Allas
3059 3757 3193 3796 vero
3244 3742 3516 3796 sacriﬁcu
3548 3758 3599 3796 ts
3621 3745 3762 3796 Dia-

356 3742 611 3814 oquendi
644 3741 842 3810 usum,
877 3746 935 3797 et
966 3742 1133 3799 caecis
1162 3749 1292 3800 octo
1320 3744 1557 3800 videndi
1588 3749 1705 3800 vim
1739 3744 2093 3814 conciliavit,
2123 3741 2394 3800 et'vitaim
2428 3744 2529 3799 uni
2562 3744 2838 3799 reddidit.
2871 3742 3028 3797 Alias
3059 3757 3193 3814 vero
3244 3741 3599 3797 sacriﬁculis
3621 3741 3762 3797 Dia-

332 3831 471 3888 nam
495 3813 825 3888 colentibus
856 3814 1172 3888 depulsum
1204 3834 1238 3871 a
1265 3816 1581 3872 simulacro
1614 3817 1938 3872 daemonem
1966 3813 2380 3888 turpissimum
2414 3832 2549 3872 cum
2582 3815 2807 3887 ingenti
2838 3815 3103 3888 ipsorum
3138 3813 3381 3888 horrore
3410 3819 3469 3869 et
3497 3814 3762 3888 detesta-

333 3886 494 3961 _t_ion_e
525 3887 925 3961 conspicuum
944 3886 1213 3961 praebuit.
1249 3888 1507 3960 Denique
1540 3889 1794 3944 multum
1827 3887 2027 3959 populi
2058 3885 2175 3961 (ius
2206 3888 2733 3957 cohortationibus,
2767 3885 2882 3959 qua
2910 3885 3340 3957 curationibus,
3363 3901 3481 3956 qua
3507 3885 3767 3942 miracu-

332 3957 408 4014 lis
440 3958 558 4014 Deo
587 3957 723 4014 cum
757 3957 1189 4028 acquisivisset,
1225 3961 1296 4015 ad
1329 3957 1464 4016 eum
1496 3960 1683 4016 victor
1705 3957 1961 4017 transiit.

414 4032 490 4105 De
517 4030 738 4104 Regulo
770 4027 992 4105 autem,
1026 4032 1193 4099 cujus
1224 4032 1512 4088 nonnulla
1543 4033 1817 4105 superius
1839 4032 2060 4105 mentio
2094 4032 2247 4087 facta
2276 4029 2559 4105 est,_q_uid
2593 4029 2719 4105 eius
2750 4029 2995 4101 dignum
3022 4027 3342 4105 virtutibus
3372 4027 3485 4083 dici
3518 4027 3769 4105 potest?

333 4102 539 4158 eodem
571 4100 730 4177 enim
764 4119 881 4176 quo
910 4102 1031 4177 dux
1061 4120 1207 4159 suus
1236 4104 1449 4176 spiritu
1484 4100 1721 4177 semper
1749 4104 2097 4172 ambulavit,
2134 4119 2367 4177 semper
2396 4100 2947 4177 laboravit,semper
2975 4101 3046 4177 ad
3078 4111 3405 4177 extremum
3429 4114 3620 4177 usque
3650 4100 3766 4177 ad-

330 4190 543 4231 versus
574 4170 942 4247 impietatem
976 4170 1332 4232 decertat-it:
1366 4192 1472 4232 nec
1504 4170 1633 4234 sine
1662 4178 1833 4233 ducis
1861 4177 2052 4244 ipsius
2084 4170 2369 4247 quamvis
2399 4173 2649 4241 emeriti,
2702 4170 2974 4247 quamvis
3024 4174 3089 4247 in
3147 4171 3291 4247 cmlo
3334 4170 3769 4247 triumphantis

334 4247 614 4320 praesenti
639 4243 747 4318 ope
777 4252 834 4303 et
864 4246 1217 4303 interventu.
1252 4248 1402 4303 Nam
1435 4266 1567 4304 cum
1592 4250 1666 4305 ab
1698 4243 1937 4304 excessu
1963 4243 2247 4320 Dionysii,
2278 4245 2672 4320 Silvanectum
2705 4243 2872 4316 (urbs
2900 4249 2992 4320 est
3022 4245 3311 4320 Lutetiam
3360 4243 3535 4299 interi
3564 4248 3622 4299 et
3652 4243 3769 4320 No-

335 4314 604 4392 vionum)
637 4314 770 4374 ﬁdei
797 4321 1188 4392 propagandae
1219 4336 1401 4392 causa
1436 4320 1732 4391 profectus
1763 4324 1939 4390 esset,
1970 4314 2273 4390 multaque
2304 4324 2422 4373 tam
2458 4334 2560 4392 per
2590 4314 2721 4384 iter,
2754 4332 2932 4388 quam
2964 4317 3025 4392 _i_u
3059 4317 3203 4372 urbe
3249 4314 3410 4392 ipsa,
3452 4331 3553 4387 pro
3586 4316 3771 4392 unius

340 4389 442 4463 Dei
467 4385 633 4463 cultu
667 4385 1013 4459 asserenda:
1040 4391 1329 4447 miracula
1360 4385 1646 4463 patraret,
1694 4385 2014 4448 simulacra
2069 4385 2424 4463 destrueret,
2462 4385 2786 4463 daemones
2821 4387 3153 4463 expelleret,
3183 4385 3495 4463 mortales
3543 4385 3770 4463 multos

342 4461 576 4519 Christo
617 4462 987 4521 lucrifaceret
1016 4480 1028 4518 :
1064 4463 1175 4534 ipsi
1211 4459 1484 4518 fanorum
1519 4481 1587 4519 ac
1620 4463 2000 4520 delubrorum
2035 4464 2345 4535 pontifices
2368 4461 2551 4535 nimia
2578 4461 2666 4535 ira
2695 4459 3422 4535 succensi,Quintilianum
3446 4460 3575 4535 ejus
3606 4459 3776 4515 urbis

339 4537 674 4606 prefectum
709 4537 983 4608 adierunt
1016 4552 1030 4590 :
1065 4530 1257 4591 virum
1290 4541 1566 4591 sanctum
1602 4536 1928 4607 impietatis
1958 4530 2135 4608 atque
2165 4533 2453 4608 sacrilegii
2487 4530 2954 4608 insimularunt_:
2981 4548 3189 4608 panes
3207 4531 3771 4608 cumsanguinepo-

339 4549 674 4606 pretectum
709 4549 983 4593 adierunt
1016 4552 1030 4590 :
1065 4549 1257 4591 Virum
1290 4549 1566 4591 sanctum
1602 4549 1928 4607 impietatis
1958 4549 2135 4608 atque
2165 4549 2453 4606 sacrilegii
2487 4549 2915 4588 insimularunt
2942 4549 2954 4587 :
2981 4549 3189 4657 panes
3207 4549 3337 4587 cum
3353 4549 3643 4603 sanguine
3668 4549 3771 4603 po-

339 4612 677 4677 poscerunt,
702 4625 808 4665 nec
837 4607 938 4664 ille
970 4608 1117 4662 mori
1153 4610 1484 4674 recusavit;
1513 4609 1639 4678 jam
1672 4609 2290 4677 surrexerat,jamque
2319 4606 2446 4661 ibat
2476 4606 2686 4676 (novus
2714 4604 2869 4678 enim
2904 4604 2977 4678 do
3004 4621 3088 4678 or,
3126 4603 3390 4678 dimissis
3422 4620 3455 4678 a
3488 4603 3711 4678 Regulo
3740 4619 3773 4659 e

338 4674 566 4753 carcere
595 4674 801 4753 suopte
830 4677 1397 4753 motu_Christ_iani_s_,
1425 4674 1695 4753 praefecti
1714 4679 1981 4753 animum
2013 4674 2423 4753 vehementius
2453 4674 2875 4753 inﬂammaret)
2906 4675 3022 4732 nisi
3054 4676 3278 4753 conjux_
3314 4674 3680 4753 Christiana,
3714 4679 3774 4731 et

336 4750 476 4824 olim
509 4752 581 4808 ab
615 4746 744 4824 ipso
779 4749 1058 4824 Dionysio
1090 4751 1262 4824 noxis
1293 4746 1520 4818 abluta,
1553 4750 1747 4806 mariti
1777 4751 2078 4824 impetum!
2100 4750 2412 4824 prudentia
2438 4766 2547 4806 sua
2576 4746 2935 4805 retardasSet
2961 4765 2973 4803 :
2998 4753 3176 4824 atque
3204 4747 3379 4824 etiam
3414 4747 3532 4803 nisi
3549 4746 3773 4824 Diony-

337 4822 466 4879 sius
493 4819 837 4881 meditatam
874 4819 1166 4893 discipulo
1194 4838 1427 4893 pcsnam
1458 4839 1574 4878 non
1608 4819 1919 4877 avertisset
1948 4819 2265 4893 modo,sed
2290 4822 2349 4876 in
2374 4821 2652 4877 honorem
2677 4836 2911 4891 quoque
2942 4825 3000 4876 et
3028 4820 3086 4875 in
3122 4819 3402 4891 gaudium
3445 4820 3773 4893 convertis-

337 4901 444 4950 set.
480 4896 629 4951 Dum
665 4896 820 4953 enim
858 4890 1169 4967 praefectus
1194 4890 1270 4967 de
1298 4894 1659 4967 sanctissimi
1692 4894 1964 4967 praesulis
1994 4909 2155 4967 nece,
2186 4892 2439 4967 sollicite
2485 4909 2549 4950 se
2605 4890 2738 4967 cum
2772 4894 2930 4967 δῦθι
2996 4890 3190 4947 mente
3236 4896 3571 4967 pertractat,
3607 4890 3774 4946 beni-

341 4968 673 5035 gnissimus
705 4963 905 5024 autem
938 4972 1095 5023 Deus
1126 4965 1299 5022 solita
1332 4966 1548 5035 pietate
1577 4965 1650 5021 de
1670 4963 1820 5020 servi
1854 4965 1943 5021 sui
1977 4966 2165 5021 salute
2195 4965 2479 5033 disponit,
2500 4981 2633 5020 ecce
2661 4965 2972 5035 Dionysius
3020 4969 3189 5019 nocte
3231 4963 3609 5035 intempesta,
3634 4978 3772 5017 cum

339 5033 570 5112 duobus
598 5041 774 5096 sociis
805 5039 1016 5112 palmis
1043 5033 1439 5112 consortibus,
1475 5054 1579 5112 per
1602 5037 1793 5112 visum
1828 5038 2100 5112 praefecto
2131 5053 2192 5092 se
2225 5037 2477 5112 objicere
2506 5042 2561 5091 et.
2591 5036 2676 5092 sic
2706 5033 2871 5091 affari
2899 5052 2913 5094 :
2946 5033 3591 5112 Quintilianepcn‘zinus
3616 5035 3778 5091 Iesus

340 5109 613 5171 Christus.
647 5105 930 5180 cuius'nos
957 5125 1142 5165 servos
1173 5105 1519 5182 professione
1547 5109 1701 5179 ﬁdeli
1726 5105 1997 5179 fatemur,
2032 5110 2142 5165 huc
2169 5105 2369 5165 salutis
2397 5114 2509 5182 tua
2563 5124 2735 5165 causa
2790 5125 2889 5182 nos
2925 5107 3168 5182 misinut
3217 5105 3419 5182 relicto
3455 5106 3779 5182 daemonum

336 5187 511 5250 cultu,
546 5185 616 5239 ad
644 5179 773 5240 eum
797 5179 1185 5247 converteris;
1227 5185 1280 5236 et
1329 5184 1627 5252 postposita
1676 5183 1996 5254 tyrannide,
2061 5182 2398 5237 Christiana:
2426 5181 2724 5251 religionis
2752 5181 2936 5254 cultor
2990 5179 3552 5254 deincepsexsistas.
3596 5180 3780 5254 Igitur

334 5256 514 5324 primo
542 5272 706 5312 mane
736 5259 969 5325 fratrem
998 5261 1263 5309 nostrum
1292 5249 1522 5323 inquire
1551 5249 1850 5321 Regulum.
1874 5270 1907 5308 a
1936 5269 2039 5325 quo
2094 5268 2381 5325 noxarum,
2426 5249 2641 5308 veniam
2693 5252 2993 5323 postulans,
3025 5249 3297 5325 quidquid
3341 5251 3597 5319 jusserit,
3625 5249 3780 5325 nihil

335 5322 614 5382 reluctans
648 5322 841 5396 facile.
878 5325 977 5381 llle
1006 5329 1211 5379 autem
1248 5322 1691 5396 expergefactus
1722 5322 1965 5382 narrare
1994 5326 2156 5380 uxori
2194 5324 2490 5396 somnium
2523 5322 2702 5393 atque
2719 5326 2936 5385 visum.
2985 5322 3043 5396 et
3096 5322 3386 5396 imagines
3419 5337 3640 5396 eorum
3673 5323 3781 5396 qui

337 5393 757 5470 apparuerant,
787 5415 853 5453 ac
884 5403 1078 5460 aetate,
1113 5393 1336 5465 forma,
1363 5393 1741 5454 lineamentis
1772 5403 1973 5453 exacte
2003 5398 2334 5467 depingere.
2368 5395 2517 5450 Tum
2554 5396 2691 5452 illa:
2746 5417 2766 5444 α
2801 5395 3063 5458 Noveris,
3126 5394 3340 5463 inquit,
3401 5393 3613 5449 dilecte
3672 5395 3783 5462 mi,

338 5470 448 5525 bos
477 5470 577 5535 qui
611 5471 716 5525 tibi
756 5469 933 5525 locuti
966 5470 1130 5541 sunt,
1165 5484 1279 5522 non
1307 5466 1453 5524 alios
1482 5486 1613 5526 esse
1644 5486 1821 5541 quam
1854 5470 2088 5524 beatum
2131 5468 2502 5541 Dionysium,
2551 5468 2805 5541 ejusque
2849 5467 3062 5532 socios,
3124 5465 3237 5541 qui
3285 5466 3356 5521 ad
3418 5465 3702 5541 Lutetiam
3748 5483 3786 5541 ετ

342 5541 619 5613 praefecto
652 5541 1018 5598 Fescennina
1046 5539 1376 5613 obtruncati
1408 5537 1674 5613 palmam
1726 5543 2116 5597 obtinuerunt
2173 5537 2454 5613 martyrii.
2490 5537 2773 5606 Quocirca
2794 5540 2941 5594 bene
2972 5545 3029 5613 et
3048 5554 3124 5613 ex
3155 5537 3347 5593 salute
3379 5541 3472 5613 tua
3500 5538 3701 5613 facies,
3733 5539 3783 5593 si

346 5609 848 5683 quemadmodum
884 5613 955 5668 ab
980 5610 1191 5667 iisdem
1229 5612 1455 5667 sanctis
1485 5613 1771 5669 divinitus
1803 5630 1866 5668 es
1905 5609 2626 5667 commonitusfsanctum
2661 5612 2838 5666 adeas
2858 5612 3307 5683 pontiiicenuet
3335 5609 3622 5683 quidquid
3655 5613 3788 5683 ipse

338 5680 609 5756 jusserit,
646 5685 860 5743 facias:
903 5702 998 5751 ne,
1036 5684 1084 5740 si
1114 5698 1290 5739 secus
1322 5684 1492 5753 faxis,
1524 5686 1675 5740 iram
1710 5684 2128 5756 omnipotentis
2157 5683 2256 5739 Dei
2300 5683 2769 5739 Christianorum
2820 5684 3109 5756 incurras.
3145 5704 3173 5731 κ
3205 5682 3294 5756 Ne
3316 5680 3527 5756 multa.
3578 5680 3789 5738 Paruit

346 5752 446 5812 ille
483 5759 757 5826 conjugis
784 5767 839 5813 et
876 5761 1214 5813 sanctorum
1251 5756 1514 5827 monitis.
1549 5762 1727 5820 atque
1758 5756 1830 5811 ad
1860 5755 2047 5809 virum
2076 5757 2196 5827 Dei,
2229 5756 2503 5827 mandata
2532 5760 2903 5827 accepturus,
2937 5758 2994 5809 et
3020 5753 3204 5823 legem
3240 5752 3592 5827 Christiuna
3648 5770 3784 5827 cum

348 5828 512 5908 omni
532 5825 756 5908 familia
784 5828 1285 5908 amplexurus,_se
1315 5826 1585 5908 contulit.
1608 5827 1752 5883 Tum
1784 5841 1921 5908 vero
1939 5826 2199 5908 pontifex
2246 5829 2396 5908 tam“
2412 5825 2617 5908 ipsum
2649 5825 3431 5908 praefectum,_qu_am.totam
3456 5825 3580 5908 fere
3638 5826 3782 5908 civi-

349 5902 533 5957 tatem
566 5899 639 5960 ad
695 5915 806 5960 sua
862 5893 1031 5958 sacra
1080 5893 1373 5955 conﬂuere
1412 5896 1688 5970 intuitus,
1740 5894 1908 5955 miris
1939 5893 2235 5953 “incedere
2262 5893 2503 5966 latinis,
2535 5901 2596 5955 et
2622 5893 2817 5971 palam
2848 5893 3066 5955 Christi
3103 5893 3311 5953 laudes
3354 5908 3427 5952 ex
3451 5899 3576 5953 toto
3604 5897 3783 5954 corde
