4048 6384
260 241 367 296 837
1296 247 1488 313 νιτΑ,
1530 247 1737 304 AUCT.
1781 247 1843 302 P.

2088 243 2212 300 01X
2247 244 2397 300 SOC.
2441 247 2640 300 JESU.
3578 244 3686 300 838

1726 397 1968 454 CAPUT
2005 398 2220 454 XXIII.

1357 489 1620 559 Dionysii
1646 489 1916 543 modestia
1943 503 2039 542 seu
2068 489 2250 543 animi
2277 487 2594 544 submissio.

324 585 524 642 Altera
556 601 684 656 quae
720 585 778 640 in
809 585 1060 655 Dionysii
1087 585 1323 657 scriptis
1354 591 1521 656 grato
1553 590 1791 657 aspectu
1839 590 1897 639 et
1927 587 2094 656 quasi
2128 586 2454 641 verecundo
2489 603 2587 641 ore
2629 584 2901 648 collucet,
2936 590 3359 657 proptereaque
3402 585 3683 641 omnibus

255 659 469 713 merito
501 660 834 712 adamanda
864 665 920 712 et
949 675 1180 730 semper
1209 661 1266 712 in
1293 657 1425 712 sinu
1463 657 1734 711 habenda
1754 657 2162 728 scriptoribus,
2189 665 2276 712 est
2302 658 2918 730 modestia,veluttida
2942 661 3174 728 pietatis
3198 659 3374 723 socia,
3400 658 3683 713 etintima

253 731 718 785 contubernalis.
750 730 884 791 Quae
918 729 1202 784 modestia
1232 731 1288 782 in
1322 729 1710 782 aestimatione
1743 731 1958 800 ingenii
1992 737 2162 799 atque
2188 730 2386 798 iudicii
2419 731 2596 800 (quod
2632 733 2747 783 fere
2778 729 2835 783 in
2872 731 3218 784 hominibus
3248 731 3396 783 solet
3424 746 3554 783 esse
3585 747 3680 784 su-

301 804 701 869 erbissimum)
737 819 850 856 non
875 803 1068 856 minus
1102 818 1277 872 quam
1300 803 1523 855 steteris
1544 801 1600 855 in
1628 803 1804 854 rebus
1835 819 1867 854 a
1901 819 2112 873 magno
2131 800 2477 871 Areopagita
2505 810 2877 872 peramanter
2899 805 3218 872 stricteque
3240 801 3542 871 complexa
3565 809 3677 856 est.

301 821 701 869 eruissunurn)
737 821 850 856 DUD
875 821 1068 856 [ηιηυε
1102 821 1277 872 quam
1300 821 1523 855 υωιϐτιδ
1544 821 1600 855 1n
1628 821 1804 854 I‘BDUS
1835 821 1867 854 a
1901 821 2112 873 magno
2131 821 2477 871 Areopagita
2505 821 2877 872 peramanter
2899 821 3218 872 summeque
3240 821 3542 871 complexa
3565 821 3676 856 ϐδῐη

252 821 419 938 good
455 890 590 927 cum
623 891 691 928 ex
724 873 854 927 aliis
889 876 1053 938 locis,
1087 881 1212 927 tum
1260 889 1396 944 vero
1427 889 1456 926 e
1489 873 1678 926 tribus
1727 874 2053 944 potissima,
2092 891 2204 926 uno
2243 874 2312 927 De
2335 873 2539 926 είθιεειί
2565 875 2598 927 h
2624 873 2902 940 erarchia,
2935 874 3117 928 altero
3173 875 3244 927 De
3273 873 3676 940 ecclesiastica,

252 949 431 1001 tertio
463 947 536 1000 De
573 944 790 1017 divinis,
809 945 1130 999 nominibus
1161 943 1356 1014 colligi
1389 943 1542 1017 licet.
1578 943 1809 998 Nam’in
1839 946 2029 1015 primo
2054 947 2291 1015 quidem
2319 946 2526 998 horum
2553 945 2858 1011 librorum,
2897 951 3207 1017 postquam
3232 960 3410 1015 super
3431 961 3498 998 ea
3519 961 3678 1014 qua:-

257 1021 451 1073 stione
486 1033 498 1072 :
536 1017 645 1070 Cur
676 1016 857 1072 Isaias
887 1018 1151 1088 propheta
1205 1019 1474 1087 purgatus
1504 1016 1726 1070 dicatur
1755 1017 2108 1086 asemp/zim,
2141 1034 2313 1071 suam
2361 1017 2727 1087 exposuisset
2771 1019 3149 1084 sententiam,
3181 1017 3434 1086 ingenue
3484 1020 3676 1070 fassus

253 1094 350 1146 est
381 1105 503 1142 eam
532 1105 592 1143 se
624 1091 695 1143 ab
732 1091 844 1142 alio
877 1090 1170 1154 didicisse,
1204 1096 1261 1142 et
1293 1089 1544 1142 libenter
1577 1089 1833 1158 quidem,
1855 1089 1914 1140 ‘si
1951 1089 2156 1143 melior
2192 1089 2470 1142 efferatur
2511 1095 2876 1142 mutaturum
2901 1105 3050 1143 esse.
3086 1088 3180 1143 Sic
3237 1090 3392 1142 enim
3426 1089 3633 1142 scribit
3666 1103 3679 1140 :

262 1185 284 1211 ιι
313 1164 504 1232 Atque
539 1163 644 1215 hoc
675 1161 913 1231 quidem
946 1162 1043 1214 ille
1069 1176 1160 1214 me
1183 1161 1417 1214 docuit:
1451 1158 1569 1232 tibi
1591 1167 1786 1214 autem
1821 1160 2003 1232 trado.
2038 1165 2169 1214 Tua:
2195 1161 2305 1214 erit
2331 1161 2628 1230 sapientiaa
2675 1166 2850 1230 atque
2887 1160 3253 1230 eruditionis,
3284 1166 3385 1214 aut
3433 1161 3682 1214 alteram

251 1258 284 1284 (ι
323 1231 636 1287 causarum
671 1233 982 1287 allaturum
1015 1232 1173 1286 omni
1209 1231 1384 1285 dubio
1417 1231 1711 1286 exsolvere
1738 1237 1795 1286 et
1827 1231 2011 1297 alteri,
2047 1239 2110 1285 ut
2142 1249 2367 1302 aequam
2403 1237 2460 1286 et
2490 1233 2700 1286 rationi
2733 1239 3210 1302 consentaneum,
3239 1237 3296 1286 et
3348 1247 3542 1285 veram
3571 1232 3685 1284 for-

262 1327 292 1358 α
325 1305 522 1369 tassis,
558 1309 933 1374 anteponere,
968 1310 1070 1358 aut
1105 1313 1297 1358 tecum
1326 1302 1548 1374 aliquid
1582 1305 1737 1375 quod
1773 1304 2012 1374 propius
2046 1305 2124 1358 sit
2155 1304 2386 1357 veritati
2412 1305 2760 1375 excogitare,
2795 1311 2896 1358 aut
2935 1306 3005 1358 ab
3057 1303 3170 1358 alio
3219 1303 3543 1375 addiscere,
3568 1303 3685 1357 Deo

257 1401 290 1427 «
327 1375 556 1458 scilicet
586 1393 919 1458 scrmppem
954 1376 1402 1458 suppeditante,
1423 1381 1478 1429 et
1505 1374 2180 1458 angelistdeferentibus,
2203 1384 2377 1458 atque
2401 1375 2480 1429 ita
2505 1374 2670 1458 nobis
2695 1377 2793 1458 qui
2818 1377 3159 1458 ahng'e‘lorum
3185 1374 3439 1458 studiosi
3460 1391 3684 1458 ‘sumus

262 1473 291 1497 υ
327 1449 659 1515 clariorem,
694 1447 741 1501 si
775 1449 896 1502 fieri
931 1446 1137 1518 possit,
1170 1454 1226 1502 et
1247 1447 1570 1501 chariorem
1597 1446 1928 1518 patefacere
1955 1447 2505 1517 contemplationem
2535 1471 2583 1501 n.
2616 1450 2694 1502 lta
2717 1446 2813 1502 ille
2843 1447 2901 1502 S.
2927 1447 3259 1502 Timotheo.
3293 1446 3512 1502 Deinde
3533 1448 3688 1515 ejus—

269 1542 302 1572 ‹‹
338 1521 469 1574 dem
502 1518 637 1574 libri
664 1525 1026 1590 postremum
1049 1525 1224 1590 caput
1247 1519 1323 1571 ita
1348 1518 1589 1589 pulchro
1614 1521 1727 1572 line
1749 1519 2045 1573 concludit
2077 1537 2088 1572 :
2119 1542 2137 1566 α
2166 1521 2291 1573 Haec
2317 1519 2457 1572 mihi
2491 1521 2560 1573 de
2592 1521 2776 1574 sacris
2801 1521 3003 1590 figuris
3026 1521 3182 1574 dicta
3207 1524 3424 1574 sunto:
3457 1535 3582 1587 qua:
3611 1518 3684 1571 ab

262 1615 296 1642 ‹‹
327 1595 536 1646 exacta
567 1591 810 1662 quidem
842 1607 1044 1646 earum
1078 1592 1555 1661 interpretatione
1594 1590 1789 1661 procul
1845 1591 2082 1655 absunt,
2117 1594 2184 1644 ad
2225 1592 2331 1644 hoc
2362 1598 2582 1660 tamen,
2619 1598 2682 1646 ut
2715 1592 3235 1662 arbitror,juvant,
3275 1596 3339 1644 ut
3387 1606 3456 1643 ne
3507 1590 3686 1644 nimis

261 1687 292 1714 ‹‹
330 1664 562 1734 abjecte
597 1663 864 1733 liguralis
896 1663 1255 1734 imaginibus
1287 1663 1778 1717 adhaerescamus.
1813 1662 1972 1725 Quod
1999 1662 2047 1716 si
2077 1663 2321 1731 objicias
2355 1679 2468 1717 non
2493 1665 2758 1717 omnium
2803 1665 3203 1734 angelicorum
3241 1662 3548 1728 virtutum,
3583 1665 3688 1716 aut

271 1759 295 1785 α
334 1733 769 1806 operationum,
811 1739 912 1788 aut
945 1733 1271 1806 imaginum
1308 1735 1512 1788 iecisse
1537 1751 1644 1788 nos
1677 1735 2070 1802 mentionem;
2108 1735 2211 1787 tibi
2237 1736 2510 1805 equidem
2548 1753 2809 1806 prorsus,
2836 1733 3331 1805 quemadmodum
3364 1749 3456 1806 res
3487 1734 3684 1806 habet,

261 1831 293 1858 ‹‹
330 1805 696 1879 respondebo
725 1823 737 1860 :
774 1822 978 1876 nempe
1013 1805 1116 1860 nos
1149 1806 1404 1860 scientiis
1438 1805 1595 1860 illius
1618 1807 2114 1876 supermundanae
2146 1807 2321 1860 rudes
2353 1823 2504 1868 esse,
2533 1805 2707 1879 atque
2729 1808 2841 1861 alio
2876 1808 3069 1878 potius
3101 1808 3170 1860 ad
3203 1822 3271 1860 ea
3295 1805 3680 1879 perdiscenda

261 1904 290 1931 ‹‹
325 1877 565 1934 doctore
597 1884 774 1950 atque
807 1879 1126 1950 interprete
1157 1879 1455 1948 indigere;
1490 1885 1613 1931 tum
1647 1880 1844 1944 etiam,
1877 1879 1976 1931 illa
2004 1895 2132 1948 quas
2168 1879 2330 1948 prius
2380 1877 2660 1949 expositis
2711 1877 2930 1932 similia
2963 1883 3104 1932 sunt
3155 1879 3540 1950 eamdemque
3569 1877 3684 1930 vim

261 1976 292 2002 ‹‹
332 1952 576 2016 habent,
621 1949 727 2005 nes
760 1955 970 2020 sponte
1003 1952 1468 2020 praetermisisse,
1501 1955 1620 2003 tam
1658 1951 1713 2002 in
1747 1951 1992 2003 dicendo
2027 1951 2265 2004 modum
2299 1958 2684 2018 aucupantes,
2710 1967 2880 2020 quam
2911 1967 2999 2004 res
3035 1949 3384 2016 reconditas,
3409 1955 3464 2002 et
3519 1949 3678 2020 inge:

257 2047 289 2075 ‹‹
323 2023 420 2077 nio
455 2028 654 2076 nostro
689 2019 939 2092 majores
971 2019 1200 2076 silentio
1222 2028 1588 2076 venerantes.
1617 2044 1643 2068 ››
1669 2021 2002 2076 Secundum
2025 2037 2162 2075 vero
2187 2021 2424 2088 librum,
2445 2022 2596 2076 610
2616 2019 2817 2091 quiest
2841 2021 3136 2077 Decmlcsti
3165 2020 3502 2086 hiemi-cina,
3529 2019 3686 2092 haud

262 2101 463 2150 minus
502 2098 772 2164 specioso
806 2095 962 2148 exitu
988 2097 1339 2148 terminawt.
1373 2095 1463 2146 Sic
1487 2093 1641 2146 enim
1679 2093 1825 2146 dixit
1859 2109 1871 2147 :
1908 2115 1935 2142 «
1979 2095 2113 2161 Ista,
2147 2093 2247 2161 fili,
2281 2098 2399 2146 tam
2453 2093 2638 2147 multa
2662 2099 2718 2146 et
2750 2099 2868 2148 tam
2916 2092 3211 2163 praeclara,
3252 2101 3304 2146 ct
3363 2091 3690 2164 singularia

263 2191 294 2218 α
331 2163 672 2221 ᾕίθιυᾶτὰὴὶω
712 2173 924 2219 nostris
957 2165 1292 2235 spectacula
1313 2166 1504 2219 videre
1541 2165 1905 2218 mihidatum
1939 2170 2026 2219 est
2060 2164 2232 2219 :aliis
2263 2171 2458 2218 autem
2523 2166 3051 2235 perspicacioribus
3084 2165 3382 2235 mentibus
3416 2179 3546 2235 non,
3580 2163 3688 2217 hoc

271 2263 292 2288 ιι
332 2238 526 2306 modo,
555 2239 652 2292 sed
682 2239 860 2291 etiam
897 2233 1082 2291 multo
1115 2238 1361 2291 clariora
1392 2243 1448 2290 et
1481 2235 1767 2290 diviniora
1801 2239 1944 2290 forte
1978 2242 2281 2308 perspecta
2313 2242 2452 2290 sunt
2481 2255 2494 2303 ;
2525 2233 2754 2307 tibique
2800 2237 2933 2308 ipsi,
2972 2243 3035 2290 ut
3076 2235 3301 2306 Opinor,
3337 2233 3688 2308 illustriores

272 2335 294 2360 α
333 2316 510 2381 atque
542 2309 860 2363 diviniores
893 2309 1362 2381 pulchritudines
1388 2309 1457 2362 ad
1500 2309 1902 2381 sublimiorem
1933 2306 2162 2362 radium
2206 2310 2332 2378 jam
2364 2308 2536 2381 dictis
2558 2306 2839 2379 gradibus
2884 2308 3256 2381 contendenti
3290 2306 3687 2381 collucebunt.

268 2405 298 2432 «
331 2379 521 2446 Quare
573 2379 946 2436 communica
995 2387 1053 2436 tu
1108 2397 1344 2451 quoque
1389 2396 1724 2452 mecum,o
1752 2380 1981 2452 dilecte,
2017 2381 2419 2451 perfectiorem
2471 2380 2683 2447 lucem,
2717 2387 2772 2433 et
2803 2380 3237 2452 praestantiores
3270 2385 3444 2452 atque
3476 2379 3694 2432 unifor-

269 2478 291 2504 ι
332 2455 567 2515 miores,
601 2467 985 2523 quascunque
1029 2452 1290 2506 contueri
1327 2457 1541 2523 poteris
1575 2451 2065 2523 pulchritudines,
2097 2452 2282 2506 oculis
2307 2452 2452 2506 meis
2487 2451 2908 2507 commonstra.
2945 2452 3088 2505 Nam
3138 2468 3239 2522 per
3269 2451 3412 2518 haec,
3439 2466 3688 2523 quomo-

262 2548 291 2574 α
320 2526 392 2579 do
427 2543 458 2578 a
488 2541 578 2578 me
610 2519 761 2578 dicta
794 2519 956 2592 sunt,
989 2523 1195 2577 insitas
1224 2519 1340 2578 tibi
1364 2522 1517 2594 ignis
1550 2519 1730 2577 divini
1761 2523 2047 2576 scintillas
2079 2524 2392 2578 excitatum
2425 2524 2491 2578 iri
2527 2525 2776 2578 conlido.
2814 2547 2840 2572 ››
2873 2523 3000 2577 Jam
3037 2519 3232 2577 autem
3266 2523 3413 2576 libro
3447 2519 3525 2576 De
3551 2519 3694 2575 divi-

265 2599 360 2652 nis
392 2595 706 2650 nominibus
767 2595 916 2649 hanc
947 2611 1080 2650 vere
1128 2611 1362 2650 auream
1396 2595 1678 2666 imposuit
1707 2595 2038 2649 coronidem
2067 2618 2091 2643 ‹‹
2119 2595 2249 2648 Haec
2279 2611 2383 2648 nos
2414 2596 2611 2648 divina
2642 2597 2880 2649 nomina
2904 2597 2958 2648 in
2989 2611 3171 2649 unum
3198 2597 3496 2665 congesta,
3547 2609 3691 2663 qua-

262 2691 292 2717 ‹‹
328 2675 497 2722 tenus
527 2667 763 2737 assequi
797 2668 1001 2721 datum
1035 2673 1124 2721 est
1155 2667 1566 2738 explicuimus,
1602 2683 1715 2720 non
1746 2668 1918 2721 modo
1951 2667 2208 2736 impares
2234 2671 2533 2738 accurata:
2584 2667 2815 2720 illorum
2867 2667 3214 2736 expositioni
3268 2666 3446 2738 (quod
3499 2670 3556 2717 et
3585 2681 3689 2738 an:

261 2764 291 2790 ‹‹
328 2741 441 2811 geli
483 2756 552 2792 ex
583 2734 715 2811 vero
748 2740 990 2807 dicant),
1025 2756 1128 2793 nec
1162 2734 1242 2793 iis
1267 2740 1466 2811 etiam,
1502 2734 1650 2810 quas
1677 2739 1874 2811 angeli
1904 2734 2192 2802 tribuunt,
2230 2737 2504 2811 laudibus
2538 2738 2842 2793 interiores
2877 2734 3031 2811 (eum
3059 2745 3115 2792 et
3157 2734 3472 2811 postremis
3507 2734 3693 2811 nostri

261 2833 288 2864 α
324 2808 538 2866 cedant
569 2810 850 2882 theologi)
876 2827 1064 2880 neque
1097 2813 1234 2865 item
1271 2808 1553 2880 theologis
1575 2810 1740 2881 ipsis,
1766 2826 2087 2880 eorumque
2120 2810 2484 2863 auditoribus
2519 2814 2576 2882 et
2606 2808 3441 2882 assectatOribusconferendi,
3466 2808 3565 2860 sed
3593 2823 3692 2861 eo-

257 2907 285 2933 ‹‹
314 2900 445 2938 rum
482 2899 734 2954 quoque,
771 2881 869 2952 Qui
912 2883 1093 2936 nostri
1147 2889 1282 2936 sunt
1327 2882 1570 2949 ordinis,
1627 2884 1900 2953 postremi
1933 2888 1989 2935 et
2019 2882 2231 2954 intimi.
2264 2883 2451 2954 Quare
2482 2881 2530 2935 si
2573 2887 2723 2936 recte
2780 2883 3018 2952 quidem
3072 2881 3346 2947 habeant,
3379 2895 3506 2950 quis
3540 2895 3572 2954 ᾳ
3600 2894 3692 2934 me

259 2977 288 3005 ‹‹
323 2949 670 3020 ᾱὶοὶίιέιιηὶ,
704 2960 759 3008 et
789 2949 892 3025 pro
919 2953 1043 3008 loco
1082 2961 1282 3008 nostro
1313 2961 1368 3008 et
1399 2949 2147 3024 0rdinefinterpretationis
2180 2953 2510 3008 divinorum
2575 2949 2882 3007 nominum
2917 2956 3265 3007 sententiam
3315 2949 3564 3025 assecuti
3597 2965 3693 3025 su-

258 3050 286 3078 ‹‹
318 3043 474 3090 mus,
504 3026 560 3080 id
599 3022 883 3080 bonorum
918 3026 1184 3080 omnium
1221 3026 1443 3080 auctori
1481 3030 1782 3095 acceptum
1806 3022 2121 3089 referatur,
2157 3026 2254 3095 qui
2290 3026 2478 3095 primo
2511 3026 2746 3094 quidem
2780 3025 3034 3093 dicendi,
3070 3026 3275 3078 deinde
3307 3030 3364 3078 et.
3422 3023 3568 3077 bene
3600 3022 3690 3076 di-

265 3123 292 3148 ‹‹
330 3098 500 3153 cendi
535 3098 743 3153 tribuit
777 3097 1135 3152 facultatem.
1171 3098 1332 3162 Quod
1367 3098 1412 3152 si
1448 3113 1648 3150 eorum
1684 3097 2013 3158 nominum,
2047 3114 2172 3167 quae
2205 3098 2469 3151 eamdem
2503 3098 2619 3150 vim
2681 3097 2918 3164 habent,
2955 3097 3192 3167 aliquod
3231 3095 3689 3167 praetermissum

271 3192 299 3219 α
337 3175 447 3237 est,
479 3168 534 3223 id
569 3170 771 3223 eadem
805 3170 897 3223 via
927 3175 983 3223 et
1019 3170 1238 3224 ratione
1280 3169 1752 3223 subaudiendum
1788 3169 1917 3223 erit.
1971 3166 2077 3223 Sin
2131 3171 2328 3222 minus
2362 3174 2512 3222 recte
2544 3168 2812 3222 minusve
2843 3166 3091 3238 perfecte
3127 3167 3244 3221 haec
3273 3185 3303 3220 a
3339 3166 3507 3221 nobis
3539 3171 3690 3238 trac-

277 3265 304 3292 ‹‹
339 3236 463 3296 tata
485 3247 646 3311 sunt,
681 3247 781 3295 aut
812 3241 859 3296 si
892 3243 1063 3295 etiam
1098 3241 1391 3295 averitate
1422 3240 1507 3294 vel
1541 3240 1780 3294 omnino
1809 3240 1893 3293 vel
1935 3257 2002 3295 ex
2034 3246 2196 3310 parte
2230 3241 2650 3303 aberravimus,
2688 3246 2798 3294 tuas
2841 3236 3015 3294 fuerit
3064 3239 3450 3294 humanitatis
3500 3236 3686 3311 corri-_

278 3336 308 3364 »
342 3329 480 3384 gere
513 3306 871 3383 nou'sponte
900 3313 1289 3384 ignorantem,
1327 3319 1384 3366 et
1415 3311 1752 3366 addiscendi
1778 3306 2087 3384 cupidum
2132 3313 2404 3366 edocere:
2433 3319 2608 3382 atque
2640 3312 2815 3367 etiam
2862 3312 3016 3384 haud
3053 3311 3194 3365 satis
3233 3325 3447 3384 pense
3475 3306 3688 3362 valenti

277 3410 304 3435 ‹‹
339 3380 508 3456 opem
545 3380 1098 3456 ferre-etaegrmare
1133 3386 1353 3440 nolenti
1386 3385 1736 3438 medicinam
1771 3380 1994 3450 facere;
2029 3388 2083 3437 ct
2115 3384 2227 3456 alia
2261 3384 2496 3452 quidem
2516 3380 2555 3438 ia
2588 3389 2646 3456 te
2677 3385 2823 3456 ipso,
2861 3383 2976 3438 alia
3008 3400 3138 3437 vero
3171 3385 3242 3436 ab
3279 3380 3408 3456 aliis
3435 3380 3691 3456 inventa,

268 3481 296 3506 ‹‹
335 3453 436 3512 sed
462 3457 658 3511 omnia
689 3457 761 3510 ab
791 3455 920 3527 ipso
956 3458 1104 3510 bona
1124 3463 1391 3527 percepta
1424 3456 1481 3509 in
1516 3457 2071 3511 nostranst'undere.
2106 3455 2304 3526 Neque
2338 3462 2392 3509 te
2423 3456 2615 3526 pigeat
2637 3453 2936 3509 hominem
2970 3456 3222 3509 amicum
3255 3454 3485 3527 afficere
3519 3453 3694 3527 beno_-

267 3553 295 3579 ‹‹
327 3529 495 3582 licio:
528 3544 662 3582 cum
697 3533 755 3582 et
784 3522 888 3582 nos
921 3522 1367 3582 videas-nullam
1404 3527 1571 3581 nobis
1604 3527 1955 3581 traditarum
1994 3522 2297 3581 sacrarum
2351 3522 2790 3581 institutionum
2827 3529 2980 3582 intra
3029 3543 3132 3581 nos
3165 3524 3548 3586 continuisse,
3584 3522 3684 3576 sed

268 3623 292 3651 α
326 3617 426 3656 eris
462 3613 656 3654 tecum
689 3600 912 3654 caeteris
943 3601 1124 3654 sacris
1151 3599 1490 3653 hominibus
1523 3600 1894 3669 incorruptae
1926 3600 2416 3664 communicasse,
2443 3599 2524 3652 uti
2558 3603 2613 3652 et
2633 3600 2911 3670 deinceps
2939 3596 3691 3670 communicaturisumus,

278 3693 299 3719 ε
340 3678 512 3743 prout
540 3671 777 3732 quidem
810 3677 864 3726 et
888 3689 993 3726 nos
1028 3672 1098 3725 ad
1131 3672 1467 3738 dicendum,
1502 3677 1558 3725 et
1591 3667 1884 3742 pares—alli
1943 3671 2162 3725 fuerint
2192 3672 2264 3726 ad
2298 3672 2690 3725 audiendum:
2727 3667 2860 3726 nec'
2890 3670 3076 3740 iniqui
3124 3671 3280 3743 circa
3307 3667 3689 3743 traditionem

269 3767 297 3793 ‹‹
333 3739 578 3806 erimus,
620 3743 732 3797 nisi
765 3743 814 3797 si
845 3743 933 3796 vel
967 3745 1033 3797 ad
1070 3743 1518 3815 intelligendum
1553 3739 1638 3797 vel
1669 3744 1735 3796 ad
1773 3743 2167 3813 eloquendum
2217 3744 2506 3798 fuerimus
2540 3743 2844 3798 tardiores.
2871 3744 2977 3796 Sed
3000 3739 3132 3795 ’hzcc
3180 3741 3440 3815 quidem,
3470 3742 3540 3815 ut
3583 3739 3695 3815 l_)eo

268 3839 297 3864 ‹‹
329 3819 588 3886 gratum,
624 3815 705 3868 ita
736 3831 796 3869 se
828 3815 1107 3879 habeant,
1142 3822 1199 3870 et
1246 3809 1553 3886 dicantur:
1589 3820 1645 3868 et
1675 3815 1770 3869 hic
1802 3809 1900 3869 sit'
1936 3815 2270 3870 divinorum
2299 3815 2606 3870 nominum
2639 3831 2766 3885 quae
2825 3819 3022 3869 mente
3054 3809 3455 3885 percipiuntur
3511 3809 3687 3863 finis:

270 3911 299 3938 «
336 3885 496 3959 nunc
529 3887 597 3940 ad
625 3886 1010 3959 theologicam
1044 3885 1453 3959 symbolicam,
1493 3891 1601 3959 Deo
1635 3887 1906 3955 ducente,
1940 3888 2350 3942 transibimus.

348 3960 432 4031 Ita
458 3958 675 4031 librum
708 3951 882 4031 illum
907 3951 1221 4013 beato'line
1255 3951 1557 4012 concludit
1579 3951 2119 4031 Dionysius.Cujus
2154 3957 2438 4014 modestia
2468 3961 2525 4011 et
2557 3955 3077 4031 animisubmissio
3100 3971 3210 4009 non
3232 3969 3298 4008 ex
3325 3951 3415 4006 his
3439 3955 3693 4015 tantum,

270 4030 371 4084 sed
409 4047 476 4084 ex
508 4029 641 4084 aliis
698 4030 1104 4100 compluribus
1132 4031 1294 4099 locis,
1329 4047 1580 4100 quorum
1613 4026 1812 4102 aliqua
1872 4026 2036 4084 alibi'
2067 4032 2389 4100 tetigimus,
2425 4028 2697 4102 cognosci
2752 4032 2961 4102 potest.
2998 4026 3421 4102 Verumtamen
3472 4039 3538 4102 ea
3568 4039 3694 4102 quae

271 4103 652 4174 conjunctam
686 4092 905 4174 habe-nt
935 4102 1123 4173 ipsius
1143 4092 1886 4174 erga'praeceptores'suosr
1920 4092 2210 4174 insignem
2267 4092 2650 4174 reverentiam
2686 4092 2860 4174 atque
2893 4097 3152 4174 laudem,
3187 4096 3360 4174 tacite
3401 4092 3695 4164 praaterire

271 4166 650 4244 qui'possum
676 4173 703 4226 ?
733 4173 878 4227 Nam
911 4166 1114 4243 optimi
1149 4166 1512 4228 sane'animi'
1535 4179 1592 4227 et
1626 4173 2004 4228 nobilissimze
2034 4173 2249 4227 indolis
2283 4172 2520 4242 signum
2557 4175 2645 4244 est
2680 4166 3102 4244 cla—rissimum,
3139 4173 3202 4222 ut
3233 4166 3526 4244 minorum
3559 4180 3696 4244 erga

275 4237 550 4314 majores,
586 4245 671 4298 sic
699 4237 1125 4315 discipulorum
1159 4249 1441 4301 adversus
1476 4250 1853 4316 praeceptores
1886 4262 2026 4299 suos
2060 4244 2245 4299 honor
2274 4237 2704 4316 et'reverentia.
2739 4240 2962 4316 Quzein
2997 4245 3200 4294 sancto
3241 4237 3529 4316 ‘Dionysio
3571 4241 3694 4291 tam

270 4311 609 4371 illustribus
646 4317 800 4371 notis
823 4311 1213 4382 emicuerunt,
1247 4333 1420 4387 quam
1457 4311 1512 4369 i'n
1549 4311 1674 4370 ullo'
1701 4317 1812 4370 alio
1871 4315 2118 4370 antehac
2153 4315 2418 4370 fortassis
2452 4313 2707 4387 nemine.
2741 4313 3044 4387 Siquidem
3102 4311 3517 4387 magistrorum
3551 4324 3692 4387 suo-_

269 4405 404 4443 rum
435 4388 526 4442 vix
587 4405 872 4458 unquam,
907 4405 972 4444 ac
1021 4405 1092 4442 ne
1125 4381 1217 4442 vix
1251 4381 1488 4458 quidem
1525 4387 1581 4440 in
1617 4388 1852 4454 scriptis
1885 4394 2032 4450 suis,
2069 4387 2181 4441 nisi
2235 4388 2358 4440 suis
2386 4385 2714 4458 gratissima
2763 4381 2943 4458 debiti
2975 4381 3225 4458 honoris
3248 4381 3603 4458 praefatione,
3638 4384 3696 4458 et

271 4460 365 4514 sui
400 4477 513 4530 prae
547 4457 664 4513 illis
691 4451 913 4532 magna
945 4451 1348 4532 submissione
1374 4451 1940 4532 atquedespicentia
1964 4451 2564 4514 commeminitfiNam
2598 4457 2889 4532 Hierothei
2932 4456 3168 4532 quidem
3222 4451 3399 4532 unius
3447 4468 3478 4532 e
3512 4451 3694 4532 magi-

268 4533 376 4586 stis
403 4525 545 4586 'suis
574 4533 754 4586 verba
786 4525 827 4585 ἑ
849 4531 1190 4603 theologicis
1213 4525 1711 4597 institutionibus,
1739 4533 1808 4585 ad
1845 4531 2195 4585 firmandam
2229 4532 2354 4603 ejus
2386 4528 2733 4603 auctoritate
2770 4525 3143 4603 propositam
3166 4543 3198 4580 a
3248 4542 3309 4580 se
3331 4525 3693 4603 doctrinam,

271 4620 389 4658 non
423 4604 551 4657 sine
571 4603 782 4658 eximia
811 4594 1076 4672 ejusdem
1112 4605 1282 4658 laude
1315 4620 1379 4657 ac
1411 4594 1783 4658 veneratione
1819 4603 2132 4674 aliquoties
2197 4594 2414 4673 profert
2447 4603 2500 4656 in
2526 4594 2819 4674 medium.
2854 4594 2999 4674 Cum
3053 4598 3206 4653 enim
3279 4594 3692 4674 admirandam

275 4675 502 4729 Domini
535 4679 675 4730 Jesu
702 4675 760 4729 in
794 4667 958 4730 utero
988 4676 1252 4746 virgineo
1283 4674 1752 4730 etformationom
1787 4691 1891 4729 nec
1918 4667 2344 4728 sermone-ullo
2376 4673 2650 4744 exprimi,
2685 4689 2787 4727 nec
2823 4673 2942 4746 ulla
2975 4675 3169 4726 mente
3199 4667 3446 4746 concipi,
3470 4683 3552 4746 ne
3573 4683 3692 4746 an-

267 4746 458 4816 gelica
489 4747 724 4817 quidem
759 4752 814 4802 et
847 4737 1174 4818 seraphica,
1210 4747 1526 4812 docuisset,
1557 4751 1683 4801 tum
1710 4748 1780 4802 de
1811 4749 2014 4802 eadem
2049 4746 2266 4801 Christi
2301 4737 2560 4818 humana
2607 4737 2983 4818 generatione
3017 4751 3192 4818 atque
3240 4737 3540 4818 miraculis
3573 4737 3694 4818 haec

266 4813 403 4873 cum
439 4813 704 4890 magistri
743 4819 961 4872 honore
983 4813 1243 4890 subjecit
1275 4837 1287 4874 :
1325 4821 1451 4875 Haec
1481 4823 1688 4883 autem,
1713 4818 1923 4890 inquit,
1958 4824 2009 4874 et
2037 4819 2182 4873 alibi
2210 4836 2242 4872 (ι
2272 4817 2429 4872 nobis
2459 4813 2838 4885 compluribus
2868 4819 2926 4870 in
2959 4814 3502 4890 locisdcmonstrqla
3531 4813 3692 4890 _8_t_mt,

265 4893 318 4945 et
350 4893 419 4944 ab
449 4880 658 4960 inci/ilio
686 4899 1023 4960 prwceplore
1050 4880 1238 4945 nostra
1272 4891 1332 4945 in
1364 4891 1481 4944 suis
1509 4880 1878 4946 Theolonicis
1911 4880 2385 4945 institutionibus
2420 4912 2446 4939 ‹‹
2486 4880 2763 4960 perquam
2798 4888 3006 4943 eximie
3029 4885 3326 4960 celebrata
3355 4885 3506 4938 :sive
3529 4880 3631 4934 illa
3661 4897 3694 4934 a

273 4981 299 5012 ι
327 4963 510 5017 sacris
528 4956 811 5031 theologis
835 4956 1145 5034 acceperit,
1174 4963 1296 5017 sive
1321 4979 1388 5016 ex
1406 4970 1676 5018 accurata
1699 4963 2133 5033 Scripturarum
2162 4956 2625 5032 perscrutatione
2649 4959 2833 5034 multa
2851 4961 2906 5013 in
2927 4956 3444 5034 eis‘exercitatione
3463 4967 3694 5034 usuque

275 5056 304 5083 «
340 5034 626 5106 diuturno
661 5026 1038 5106 perspexerit,
1070 5026 1188 5089 sive
1218 5051 1286 5089 ex
1316 5035 1514 5105 aliqua
1537 5026 2236 5106 diviniore'inspiratione
2259 5036 2498 5106 edoctus
2523 5031 2714 5106 fuerit,
2751 5049 2863 5086 non
2907 5030 3102 5086 studio
3132 5026 3480 5106 solum,_s.ed
3516 5026 3693 5106 etiam

274 5125 296 5152 α
333 5095 738 5176 experimento
769 5095 970 5178 divina
999 5095 1328 5175 assecutus,
1365 5095 1542 5177 atque
1574 5123 1641 5162 ex
1675 5095 2192 5178 quadam‘naturre
2241 5105 2642 5178 conveniantia
2676 5095 2851 5174 atque
2883 5100 3383 5178 conssnsione,_si
3406 5097 3486 5151 ita
3529 5095 3688 5166 loqui

275 5197 304 5229 ci
339 5172 426 5232 fas
457 5183 567 5243 est,
602 5179 671 5232 ad
710 5177 1041 5250 mysticam,
1071 5183 1126 5233 et
1157 5195 1286 5249 quae
1311 5172 1720 5250 nou-docetur",
1756 5180 1857 5233 sed
1892 5180 2233 5250 suspicitur,
2268 5172 2941 5250 conjunctionematque
2975 5172 3426 5250 ﬁdemperfepte
3454 5183 3697 5250 provec-

269 5272 298 5298 α
335 5253 452 5322 tus.
481 5239 668 5322 Atque
694 5239 1006 5322 iit-multas
1029 5239 1092 5304 ret
1112 5239 1312 5306 beatas
1339 5250 1571 5322 optimm
1594 5239 1756 5304 illius
1789 5239 2457 5322 mentis'speculationes
2483 5248 2536 5302 in
2565 5239 3296 5322 paucissimisostendam,
3321 5239 3538 5322 bacae
3561 5239 3697 5322 {esu

272 5344 292 5368 ι
333 5319 390 5374 in
425 5313 688 5376 collectis
721 5338 754 5374 a
783 5337 842 5375 se
867 5321 1345 5377 institutionibus
1376 5313 1498 5377 ait:
1535 5322 1816 5377 Omnium
1849 5338 2028 5378 causa
2055 5313 2146 5377 est
2181 5326 2236 5376 et
2258 5313 2752 5390 complementum
2777 5319 2914 5374 Jesu
2941 5316 3216 5390 divinitas
3237 5336 3284 5383 ,ι
3317 5320 3427 5390 etc.
3455 5313 3542 5367 Ita
3567 5313 3694 5390 Dio-

264 5392 476 5467 nysius
509 5393 660 5467 libro
690 5393 764 5447 Dc
793 5392 1000 5449 divinis
1030 5394 1372 5467 nominibus,
1397 5411 1526 5466 cap.
1557 5395 1611 5448 ‘3.
1635 5394 1765 5467 Jam
1800 5398 1996 5467 autem
2031 5393 2296 5467 ejusdem
2331 5386 2611 5464 libricap.
2637 5390 2815 5467 3,_ubi
2843 5391 2912 5446 de
2937 5389 3316 5467 celeberrimo
3341 5386 3439 5441 illo
3464 5389 3698 5467 aposto-

268 5459 458 5520 lorum
494 5465 869 5536 aliorumque
903 5466 1248 5536 pontiﬁcum
1283 5467 1436 5536 apud
1471 5459 1912 5521 sanctissimam
1946 5459 2255 5536 Deiparam
2294 5459 2578 5520 conventu
2613 5463 2754 5536 agit,
2790 5478 2965 5533 quam
3016 5459 3310 5536 eumdem
3341 5459 3696 5536 magistrum

264 5559 300 5611 «γ
323 5552 498 5611 suum
535 5529 818 5611 extollit'l
843 5529 1018 5611 quam
1053 5555 1115 5593 se
1145 5529 1424 5611 deprimit
1456 5537 1468 5593 l
1505 5538 1645 5602 Ejus
1677 5538 1853 5593 verba
1880 5539 1934 5592 S.
1963 5529 2340 5593 Timotheum
2377 5536 2585 5608 Ephesi
2622 5529 2962 5611 episcopum
2997 5530 3346 5611 alloquentis
3372 5529 3692 5611 hasesunt:

264 5608 423 5677 Apud
455 5610 620 5684 ipsos,
656 5599 875 5680 inquit,
907 5632 933 5659 «
958 5610 1085 5684 _Deo
1118 5599 1347 5684 afﬂatos
1380 5599 1685 5684 pontiﬁces
1718 5614 1970 5678 nostros,
1992 5627 2137 5684 cum
2171 5614 2228 5664 et
2259 5625 2386 5673 nos,
2421 5599 2483 5662 ut
2516 5599 2688 5684 nosti,
2723 5613 2778 5662 et
2809 5599 2906 5660 ille
2939 5627 2966 5684 η
2999 5599 3373 5684 (l_l_ierotheus
3396 5599 3642 5684 scilicet)
3674 5621 3692 5644 ο

265 5674 401 5753 αὐο
430 5674 698 5753 plerique
727 5674 758 5736 ὁ
787 5674 1004 5736 nostris
1038 5682 1260 5739 sanctis
1293 5674 1576 5737 fratribus
1607 5683 1677 5736 ad
1711 5674 2267 5753 contemplationem
2303 5679 2562 5751 corporis
2599 5677 2777 5745 illius,
2813 5677 2968 5753 quod
3001 5674 3130 5730 vitae
3175 5674 3530 5744 principium
3567 5685 3698 5724 exs-

270 5772 297 5802 ι
351 5751 490 5818 titit,
525 5749 829 5826 Deumque
852 5755 1138 5826 suscepit,
1162 5754 1642 5810 convenissemus
1668 5755 1905 5826 (aderat
1928 5749 2125 5808 autem
2160 5759 2215 5807 et
2245 5749 2494 5808 Jacobus
2523 5753 2705 5826 frater
2733 5749 2985 5826 Domini,
3018 5753 3073 5826 et
3099 5753 3329 5826 l-‘ctrus-
3351 5756 3696 5826 supremu‘m

262 5845 293 5871 «
332 5840 398 5899 ac
432 5811 687 5899 maxime
709 5811 1557 5899 venerandum'theologorum
1591 5811 1889 5897 columen)
1920 5842 2174 5898 cumque
2207 5842 2270 5880 oo
2303 5828 2612 5899 conspecto
2655 5811 2991 5899 placuisset,
3017 5825 3080 5899 ut
3111 5811 3697 5899 potentissimamdi-

263 5895 486 5973 {cuii-inae
503 5895 932 5973 imbecillitatis
963 5898 1289 5973 bonitatem
1309 5887 1613 5973 pontifices
1635 5915 1841 5954 omnes
1864 5887 1963 5973 pro
1986 5887 2092 5954 suo
2125 5899 2376 5973 quisque
2410 5887 3259 5973 ἰήεθτιὶρόοιὶαυάαςριξιέιιξαξ
3286 5887 3405 5951 ille,
3429 5890 3508 5973 ut
3526 5887 3695 5973 scis,»

267 5967 676 6038 (Hierotheus)
707 5991 736 6019 ‹‹
769 5968 904 6026 aliis
963 5972 1241 6028 omnibus
1300 5957 1610 6029 sacrorum
1657 5957 1960 6044 magistris
2013 5957 2343 6027 secundum
2402 5957 2702 6040 apostolos
2767 5963 3155 6039 preceilebat,
3177 5966 3341 6020 totus
3382 5957 3696 6020 excedens,
