4048 6388
323 294 430 349 855

469 420 542 476 De
567 437 649 476 ses
678 419 950 484 haineux,
981 423 1033 474 et
1067 419 1362 490 l'ampoule
1391 421 1729 475 tressaincte.

383 557 386 559 Α
474 492 634 549 Huite
663 493 843 546 sacree
872 490 1089 546 onction
1123 494 1188 547 de
1221 497 1297 547 tes
1330 493 1490 546 reis?

472 567 583 619 Son
613 579 873 619 escusson
900 561 1197 619 deshonore
1230 563 1295 617 de
1332 566 1469 618 trois

476 635 719 706 Crapaus
751 635 970 707 boufﬁs,
1003 634 1094 707 des
1129 635 1198 690 tis
1225 651 1366 707 pour
1393 653 1461 689 sa
1490 634 1677 688 vieille
1713 633 1991 706 peinture.

479 705 732 762 Prendra
759 705 851 760 des
880 705 950 760 lis
978 708 1012 760 ὰ
1044 706 1099 760 la
1130 705 1361 761 blanche
1391 709 1650 774 teinture,

481 781 704 834 Present
734 777 808 832 du
839 779 943 833 ciet
972 777 1109 833 Dieu
1134 777 1230 848 qui
1255 779 1306 832 te
1332 777 1598 842 choisira,

482 851 825 915 D’honneur,
857 848 922 903 de
949 851 1122 921 fores,
1152 858 1203 904 et
1231 852 1300 904 de
1330 848 1452 904 bien
1484 850 1778 921 l’emplira.

413 921 500 976 Ad
547 921 900 976 Clodoveum
950 918 1124 976 refert
1171 927 1228 975 et
1273 918 1620 992 Stephanus
1654 918 1995 992 Forcatulus

345 991 498 1065 libro
558 1010 740 1065 supra
797 992 994 1065 citato.
1053 991 1288 1065 Sedde
1330 990 1671 1065 bufonibus,
1732 990 1995 1065 antiquis

346 1062 703 1122 Francorum
736 1062 1042 1134 gentilium
1075 1063 1434 1134 insignibus,
1457 1063 1625 1119 valde
1656 1062 1992 1118 inﬁciatur:

344 1139 541 1218 et.ego
572 1133 920 1218 una.§dagis
968 1134 1126 1189 enim
1177 1133 1365 1218 placet
1413 1136 1733 1218 derivatum
1786 1134 1998 1218 fabulae

343 1205 630 1278 originem
663 1225 697 1261 a
728 1205 1028 1278 Gallorum
1049 1205 1381 1274 sacriﬁciis,
1410 1208 1640 1278 bufonia
1663 1205 1992 1277 appellatis.

344 1273 489 1353 Nam
540 1284 732 1353 Graece
786 1273 1415 1353 Buedwndicebantur
1464 1273 1652 1344 sacra,
1687 1273 1998 1353 in'quibus

342 1350 518 1405 boves
567 1350 793 1405 taurive
836 1349 1269 1422 mactabantur.
1317 1350 1516 1405 Ritum
1569 1367 1740 1422 porro
1789 1349 1996 1422 talium

342 1421 764 1493 sacrificiorum
797 1422 952 1493 apud
985 1419 1184 1476 Gallos
1227 1419 1585 1477 solemnium
1615 1422 1696 1476 ita
1723 1420 2001 1493 describit

342 1491 568 1548 Plinius
590 1493 692 1549 lib.
716 1509 810 1548 xv1
836 1491 1117 1565 Historiae
1145 1497 1286 1561 nat.,
1321 1510 1447 1565 cap.
1471 1495 1573 1548 Ui:
1626 1517 1653 1542 «
1687 1491 2000 1548 Sacriﬁciis

340 1565 644 1636 epulisque
669 1565 786 1638 rite
817 1563 1168 1638 snb‘arbore
1196 1563 1562 1638 praeparatis,
1597 1566 1745 1620 duos
1793 1565 1998 1619 admo-

341 1642 478 1691 vent
509 1635 742 1692 candidi
772 1635 990 1708 coloris
1030 1635 1254 1705 tauros,
1287 1635 1539 1708 quorum
1591 1653 1813 1692 cornua
1859 1641 1999 1690 tunc

342 1708 600 1778 primum
625 1707 993 1763 vinciantur:
1027 1707 1581 1764 sacerdoscandida
1609 1714 1770 1763 veste
1800 1708 2000 1762 cultus

1552 300 1611 351 Β.
1652 295 1969 352 DIONYSII
2010 295 2517 350 AREOPAGITE.

2021 421 2076 487 A
2107 419 2255 489 (ειυω
2307 435 2372 472 ευ

3652 288 3757 342 856

2383 417 2649 543 pereunt)
2688 413 3332 500 agnoscitcomitaturn
3365 410 3760 498 Viicassinu'm

2413 488 2624 543 ientela
2665 494 2722 543 et
2767 488 3177 543 iurisdictione
3224 485 3508 543 Βιοηγειιι.
3541 485 3760 540 Rustici

2103 484 2232 546 esse
2263 490 2321 544 in
2353 484 2641 544 clientela
2665 484 3177 560 et'jurisdictione
3224 484 3508 560 Dionysii,
3541 484 3766 560 Rustici

2101 568 2160 618 et
2207 561 2519 616 Eleutherii
2566 555 2928 631 martyrum:
2996 563 3054 631 et
3094 557 3346 631 comites
3382 555 3767 631 ’Yilcassinos

2101 633 2407 689 retroactis
2429 639 2542 687 tem
2554 626 2908 704 poribusjus
2928 629 3206 704 habuisse
3229 628 3479 704 ferendas
3505 628 3564 682 in
3590 626 3765 704 bellis

2103 704 2435 760 ﬂammulas.
2471 699 2628 759 Idem
2675 699 2923 758 Crassus
2955 701 3226 757 devoluto
3257 701 3330 756 ad
3363 717 3426 755 se
3456 699 3764 768 comitatu,

2101 794 2168 833 eo
2202 777 2375 845 bello,
2408 777 2558 846 quod
2597 776 2878 830 adversus
2910 774 3224 846 Henricum
3271 774 3556 828 Ciesareni
3600 787 3765 846 acer-

2103 850 2321 904 rimum
2365 844 2711 920 parabatur,
2749 845 3136 920 flammulam,
3168 861 3292 920 non
3318 849 3382 920 ut
3413 860 3532 920 res,
3565 844 3668 898 sed
3702 846 3770 896 ut

2103 937 2318 985 comes,
2352 914 2389 974 ᾱ
2412 914 2706 991 praefecto
2740 918 2897 974 illius
2951 917 3294 973 monasterii
3329 914 3604 971 alacriter
3630 931 3769 970 sus-

2103 993 2275 1048 cepit.
2314 1014 2340 1039 ››

2172 1010 2656 1117 ἓῖῑᾉὲῑεοθόθῦειι
2689 1060 3064 1116 auriﬂamma
3093 1059 3152 1114 in
3186 1058 3404 1130 praeliis
3436 1057 3551 1113 alia
3567 1055 3769 1130 omnia

2103 1135 2338 1202 vexilla,
2372 1135 2546 1188 etiam
2591 1133 2816 1204 regium
2845 1151 2859 1199 ;
2911 1148 3014 1204 nec
3044 1129 3439 1204 pugnabatur,
3471 1129 3584 1204 nisi
3615 1145 3766 1200 prae-

2107 1201 2405 1274 cessisset,
2455 1201 2698 1277 excepta
2755 1205 2827 1259 ob
2878 1201 3427 1277 subitosvhostium
3489 1202 3770 1277 incursus

2107 1272 2481 1334 necessitate.
2516 1272 2615 1331 De'
2645 1292 2762 1346 qua
2793 1291 2853 1330 re
2885 1279 3070 1330 exstat
3102 1274 3353 1346 insignis
3401 1272 3564 1328 locus
3609 1273 3769 1344 apud

2106 1351 2427 1421 Rigordum
2462 1348 2532 1403 ad
2565 1345 3047 1421 annumDomini
3082 1345 3463 1421 millesimum
3494 1346 3769 1421 ducente-

2107 1416 2326 1477 simum
2367 1421 2662 1476 decimum
2708 1419 2984 1490 quintum
3018 1435 3032 1474 :
3069 1438 3098 1467 «
3129 1416 3626 1490 Othone,_i_nquit_.
3660 1416 3774 1470 im-

2107 1500 2373 1565 peratore
2403 1487 2798 1565 exinsperato
2849 1490 3048 1561 copias
3096 1489 3251 1560 regis
3297 1487 3550 1565 Philippi
3600 1487 3770 1542 inva-

2107 1559 2302 1632 dente,
2327 1559 2617 1619 clamatur
2637 1562 2855 1633 ubique
2887 1559 2990 1633 per
3016 1559 3290 1633 campos:
3332 1559 3541 1615 Arma!
3577 1575 3769 1633 arma,

2109 1637 2214 1691 viri
2239 1637 2250 1691 Σ
2287 1631 2566 1707 clangunt
2587 1631 2778 1701 tubaai
2798 1631 3170 1688 revertuntur
3190 1632 3480 1707 cohortes,
3497 1647 3626 1707 quae
3641 1631 3768 1700 jam

2110 1714 2346 1780 pontem
2380 1702 2776 1762 tr'ansierant:
2809 1709 3110 1780 revocatur
3139 1702 3412 1780 vexillum
3439 1707 3526 1780 ’ὃς
3562 1702 3775 1780 Diony-

342 1774 609 1860 arborem
661 1779 920 1860 scandit,
941 1778 1311 1860 falceanrea
1364 1781 1626 1860 demetit,
1659 1780 1909 1860 candido
1941 1780 1997 1834 id
2036 1797 2076 1860 Β
2110 1774 2392 1860 ὲὶἱηῳιοά
2427 1795 2631 1834 omnes
2673 1778 2998 1860 praecedere
3047 1777 3105 1860 in
3155 1774 3310 1830 bello
3362 1775 3634 1860 debebat,
3665 1790 3774 1828 nec

341 1853 630 1922 excipitur
677 1867 854 1922 sago:
906 1855 1032 1905 tum
1087 1851 1295 1906 deinde
1347 1851 1614 1907 victimas
1661 1852 1990 1915 immolant,

339 1927 649 2048 precantes
679 1929 743 1978 ut
773 1939 948 2003 suum
979 1924 1200 1978 donum
1234 1925 1388 2006 Deus
1421 1940 1766 1996 prosperum
1819 1923 1994 2004 faciat

385 2012 432 2048 is
465 1997 682 2048 auibus
715 1995 962 2048 dederit.
991 1995 1430 2048 Fecunditatem
1463 2012 1528 2048 eo
1561 2000 1698 2048 noto
1729 1997 1853 2048 dari
1879 2011 1994 2048 cui-

385 1995 432 2049 is
465 1995 688 2067 quibus
715 1995 962 2067 dederit.
991 1995 1430 2067 Eccunditatem
1463 2012 1528 2050 eo
1561 2000 1698 2067 poto
1729 1996 1853 2048 dari
1879 1995 1994 2048 cui-

337 2065 574 2138 cunque
598 2065 842 2121 animali
866 2065 1997 2138 steriliarbitrantur.contraquevenera

335 2137 536 2210 omnia
568 2154 702 2210 esse
734 2137 1232 2210 remedioLTanta
1288 2139 1646 2210 gentiumin
1680 2137 1858 2192 rebus
1893 2137 1995 2191 tri-

331 2207 482 2282 volis
533 2207 885 2282 plerumque
935 2207 1141 2282 religio
1191 2207 1359 2282 estIn
1406 2211 1509 2282 Sic
1559 2209 1660 2264 ibi.
1693 2213 1899 2282 Exstat
1940 2213 1997 2263 et

335 2281 499 2336 Badii
531 2279 770 2352 Ascensi
801 2295 1034 2352 carmen
1063 2279 1154 2336 ide
1197 2281 1534 2352 insignibus
1580 2281 1854 2346 Francius,
1887 2279 1996 2335 hoc

337 2357 429 2407 est
460 2353 532 2406 de
563 2351 727 2420 liliis,
759 2350 1158 2423 auriflamma,
1192 2357 1250 2408 et
1279 2350 1446 2408 sacro
1494 2352 1833 2420 chrismate,
1867 2369 1995 2423 quea

335 2427 506 2479 vocat
533 2424 723 2480 ca'lica
753 2422 894 2478 dona
925 2423 984 2477 in
1017 2422 1108 2478 his
1141 2425 1408 2480 versibus
1434 2441 1446 2480 :

815 2535 828 2551 .
851 2534 862 2550 .
885 2535 898 2552 .
921 2535 934 2550 .
958 2535 970 2549 .
1011 2507 1076 2550 at
1103 2496 1265 2551 nobis
1293 2496 1456 2564 dona,

482 2567 560 2620 Et
586 2565 684 2636 pia
712 2566 1048 2638 Francorum
1075 2568 1329 2638 placeant
1358 2567 1614 2636 insignia
1644 2582 1872 2637 regum:

481 2638 662 2710 Aurea
689 2637 894 2692 διειδειὶ
919 2637 1165 2710 primum
1193 2641 1422 2710 sufﬂata
1449 2640 1629 2695 colore

485 2709 651 2770 Lilia,
675 2711 941 2782 Gwsareis
967 2709 1105 2782 olim
1126 2709 1484 2782 jamcredita
1511 2711 1684 2766 servis
1706 2726 1726 2765 ,ο

480 2782 847 2850 Auriﬂamma
875 2781 1073 2837 dehinc
1100 2781 1352 2837 veterum
1381 2782 1621 2838 victoria
1652 2798 1839 2852 regum
1862 2798 1880 2835 :

487 2856 628 2908 Tum
646 2868 874 2907 sacrum
906 2854 1102 2908 nitidis
1135 2855 1366 2909 allatum
1397 2855 1644 2910 chrisma
1672 2854 1959 2908 columbis.

408 2925 509 2978 Cui
545 2923 708 2994 paria
739 2923 919 2979 sentit
947 2924 1287 2994 Stephanus
1321 2925 1666 2981 Forcatulus
1699 2925 1800 2979 lib.
1835 2941 1887 2977 v1
1927 2924 2000 2977 De

344 2994 626 3069 Gallorum
656 2994 1177 3069 imperionjsTria.
1212 2997 1428 3069 inquit,
1462 2997 1816 3069 pignoragde
1856 2995 1998 3050 coelo

345 3067 532 3140 missa
555 3067 786 3140 imperii
807 3067 1012 3123 Gallici
1039 3085 1158 3123 sem
1171 3066 1428 3140 piterna:
1461 3066 1696 3123 scutum
1717 3066 1997 3134 liliatum,

348 3137 551 3236 phiala
571 3139 904 3236 odorosaft
940 3137 1216 3195 vexillum
1242 3141 1646 3236 eplendidum,
1679 3154 1997 3211 purpuram
2031 3169 2073 3236 ρ

341 3209 654 3283 aetheream
689 3212 976 3266 conﬁtens
1009 3228 1110 3283 pro
1143 3209 1325 3268 certe.
1346 3212 1503 3267 Nihil
1534 3209 2002 3283 vero—moramur

338 3281 678 3366 incredulos
697 3286 754 3337 et
777 3281 1034 3366 scurras,
1053 3285 1151 3366 qui
1176 3289 1331 3366 sorte
1354 3284 1638 3366 humana,
1665 3299 1781 3338 non
1804 3281 2000 3338 divino

339 3353 613 3420 consilio,
642 3370 822 3425 regna
850 3353 1084 3410 institui
1114 3357 1495 3412 arbitrantur.
1532 3377 1560 3406 »

414 3427 930 3499 LAAsservabatur
959 3427 1331 3499 auriflamma
1361 3428 1420 3483 in
1452 3428 1582 3499 ipsa
1614 3425 1760 3482 urbe
1802 3429 1858 3480 et
1889 3441 2002 3499 cm-

344 3497 522 3571 nobio
553 3497 1161 3571 SanctiADionysiiLet
1208 3500 1442 3571 magnis
1472 3497 1605 3555 cum
1639 3497 2004 3571 caeremoniis

345 3570 418 3625 ab
465 3586 569 3642 ara
617 3569 880 3642 ejusdem
915 3569 1126 3642 sancti,
1150 3586 1254 3642 per
1285 3569 1498 3627 manus
1530 3569 1840 3642 abbatis,ia
1872 3584 2005 3640 rege

347 3642 420 3696 ad
453 3639 843 3712 periculosam
876 3639 1282 3696 militiam—aut
1312 3642 1546 3711 longam
1582 3639 2005 3712 peregrinatio-

349 3728 485 3768 nem
519 3712 802 3778 accincto,
826 3713 1259 3778 assumebatur,
1285 3720 1343 3769 et
1372 3731 1508 3768 cum
1535 3713 1768 3781 magnis
1798 3712 1940 3767 item
1973 3727 2008 3765 a

353 3784 568 3838 red'ice
598 3782 815 3856 ibidem
849 3783 1285 3856 restituebatur.
1317 3785 1572 3840 Jacobus
1605 3785 1872 3856 Meyerus
1900 3783 2002 3856 lib.

350 3871 454 3910 xui
509 3854 824 3926 Annalium
859 3855 1192 3911 Flandriz:
1251 3878 1278 3905 ‹‹
1329 3854 1744 3922 Flammulam,
1792 3854 2006 3926 inquit,

348 3926 681 3998 (quodnon
717 3925 830 3998 nisi
862 3932 1120 3982 extremo
1149 3927 1492 3984 discrimine
1519 3928 1776 3997 solitum)
1807 3925 2006 3998 expe-

351 3996 677 4073 netralibus
730 3996 1054 4073 Dionysiaci
1101 4001 1350 4073 cmnobii
1400 3996 1776 4073 deprompta,
1840 3996 2006 4055 Petro

352 4069 584 4126 Villerio
621 4070 940 4125 fortissimo
971 4071 1092 4125 viio
1123 4072 1358 4128 tradita.
1394 4096 1415 4122 ι

421 4142 560 4215 Ejus
611 4141 804 4215 vexilli
865 4142 1068 4215 utendi
1128 4145 1420 4215 praecipua
1468 4148 1739 4215 tempora
1787 4141 2010 4215 indicat

348 4212 995 4287 breviter_Fo_rcatulus,
1024 4212 1148 4269 loco
1169 4212 1348 4287 supra
1381 4217 1559 4271 citato
1579 4212 1658 4270 ;’‹‹
1689 4213 2006 4287 Vesillum,

350 4285 562 4356 inquit,
594 4283 777 4356 Gallis
825 4285 1056 4340 caelitus
1101 4283 1350 4342 missum
1402 4288 1690 4342 secundos
1718 4285 2006 4341 bellorum

351 4354 597 4410 eventus
621 4354 708 4410 vel
743 4357 1034 4426 praestitit,
1069 4358 1155 4412 vel
1189 4359 1449 4414 ornavit:
1503 4357 1757 4412 maxime
1807 4362 2008 4412 contra

348 4427 569 4482 Turcas
600 4431 655 4482 et
686 4427 1058 4484 Sarracenos.
1091 4430 1208 4484 Nec
1240 4430 1360 4485 ullo
1387 4429 1671 4484 libentius
1704 4445 1847 4484 usus
1879 4446 2008 4483 nar-

351 4505 514 4554 ratur
558 4499 802 4554 Carolus
856 4499 1104 4571 Magnus
1155 4501 1214 4556 in
1266 4501 1451 4556 sacris
1502 4499 1691 4562 bellis,
1726 4517 1840 4554 non
1883 4499 2004 4554 ullo

352 4571 601 4625 felicius.
653 4571 801 4644 Illud
861 4588 1099 4644 quoque

349 4643 649 4714 Augustus
679 4642 1046 4714 Jerosolym‘a
1078 4642 1434 4699 debellatum
1467 4643 1717 4714 tendens
1741 4658 1872 4714 cum
1908 4642 2007 4696 Ri-

349 4713 565 4768 chardo
599 4713 927 4785 Anglorum
957 4731 1112 4785 rege,
1143 4716 1516 4785 sumpsitque
1546 4731 1615 4769 ex
1638 4713 1760 4768 aede
1790 4713 2008 4783 Diony-

349 4785 546 4840 siana:
577 4785 733 4840 sicut
754 4791 952 4853 postea
973 4787 1144 4842 divus
1167 4787 1498 4842 Ludovicus
1517 4785 1757 4856 Libyam
1781 4789 2005 4854 petens.

349 4856 526 4914 Plane
555 4856 796 4912 Carolus
829 4857 902 4912 VI
932 4858 1109 4912 etiam
1142 4859 1426 4913 adversus
1455 4856 1672 4926 Anglos
1713 4856 1824 4911 sibi
1877 4872 2008 4924 pro-

349 4929 616 4984 futurum
648 4929 871 5000 putavit
899 4927 1054 5000 idem
1087 4929 1362 4984 vexillum
1386 4929 1532 4984 Vide
1561 4927 2008 5000 Trimolliocre-

350 5003 582 5056 ditum:
617 4999 770 5069 quod
805 4999 1276 5072 auriflammeum
1313 5001 1786 5072 nuncupabatur,
1821 4999 2006 5054 nimi-

351 5089 482 5127 rum
514 5089 546 5126 a
577 5072 788 5126 colore.
822 5093 850 5121 »
880 5071 977 5125 Sic
1009 5070 1130 5125 ille.

419 5145 474 5198 5.
506 5147 818 5214 Acceptam
846 5142 1156 5214 inmanus
1196 5141 1652 5214 auriﬂammami
1684 5140 1860 5195 dabat
1884 5156 2006 5214 grex

349 5212 696 5340 gestandum
729 5212 926 5268 comiti
961 5213 1310 5276 Vilcassino.
1355 5214 1448 5268 cui
1501 5214 1595 5268 hic
1641 5213 1829 5268 honos
1870 5213 2006 5282 jure

392 5287 585 5340 abitus
619 5289 762 5340 erat.
789 5289 845 5338 et
874 5283 1045 5340 cuius
1071 5286 1388 5340 comitatus
1423 5303 1456 5340 a
1484 5289 1697 5340 Sancto
1730 5284 2004 5340 Dionvsio

392 5287 585 5341 ebitus
619 5289 762 5351 erat,
789 5289 845 5338 et
874 5283 1045 5352 cujus
1071 5286 1388 5340 comitatus
1423 5303 1456 5340 a
1484 5289 1697 5340 Sancto
1730 5284 2004 5352 Dionysio

350 5358 412 5413 in
470 5359 708 5413 feudum
760 5369 1032 5427 acceptus
1080 5362 1224 5412 erat.
1256 5357 1401 5412 Vide
1447 5357 1754 5427 Sugerium
1790 5357 1846 5410 in
1885 5356 2002 5410 Vita

347 5432 529 5483 sancti
571 5427 824 5482 Ludovici
875 5426 1057 5481 Crassi
1106 5433 1457 5484 Francorum
1509 5426 1683 5495 regis,
1718 5433 1775 5482 et
1825 5428 2005 5482 Fran-

349 5502 571 5554 ciscum
604 5497 1070 5554 Belloi‘orestium
1103 5500 1253 5555 libro
1281 5502 1448 5556 tertio
1498 5502 1783 5564 Historiae,
1815 5499 2005 5568 capite

350 5572 803 5640 quadragesimo
837 5569 1160 5640 primo,ubi
1185 5589 1380 5628 comes
1398 5573 1760 5628 Vilcassinus
1790 5569 2004 5626 Gallice

349 5647 523 5697 comte
548 5643 615 5700 de
651 5641 818 5696 Vexin
850 5642 1196 5711 appellatur.

427 5719 500 5768 De
531 5731 597 5769 ea
630 5713 976 5769 casremonia
1008 5715 1091 5770 sic
1121 5716 1376 5774 breviter
1399 5716 1666 5787 Papirius
1690 5714 2004 5787 Massonus

349 5783 453 5838 lib.
495 5801 558 5839 iii
607 5787 908 5840 Annalium
956 5788 1249 5844 Franciaz:
1307 5783 1557 5843 Crassus
1610 5802 1766 5841 anno
1815 5783 2004 5838 mille-

351 5856 504 5912 simo
552 5857 872 5915 centesimo
916 5859 1201 5932 vigesimo
1233 5863 1466 5932 quarto,
1501 5857 1754 5932 publicis
1783 5855 2004 5911 tabulis

1157 4543 2008 4643 52e?2F}{"jJ§éii"piﬁiipiis;
2040 4543 2086 4606 D

2108 1849 2270 1907 satis
2302 1868 2546 1922 propere
2595 1849 2928 1916 revertitur,
2961 1849 3118 1902 unde
3158 1863 3263 1922 nec
3308 1851 3702 1922 exspectatur.
3742 1867 3770 1894 »

2107 1931 2171 1979 Et
2221 1917 2751 1996 paulo-inferiusi
2782 1944 2808 1969 ‹‹
2841 1926 3069 1996 Interea
3117 1917 3438 1996 adveniunt
3477 1917 3768 1996 legiones,

2105 1989 2235 2068 qusi
2268 1997 2602 2068 fereusque
2633 1994 2704 2048 ad
2739 1991 2995 2064 hospitia
3025 1995 3452 2068 processerant,
3486 1995 3545 2068 et
3585 1989 3768 2068 vexil-

2105 2060 2223 2123 lum
2258 2072 2318 2120 Β.
2343 2060 2626 2134 Βὶοηῇθεὶἱ,
2650 2070 2706 2119 et
2735 2060 3054 2119 accurrunt
3083 2062 3434 2134 quantocius
3468 2062 3539 2116 ad
3574 2060 3762 2134 aciem

2106 2140 2280 2210 regis,
2302 2138 2402 2210 ubi
2424 2132 2701 2210 videbant
2729 2137 2964 2208 signum
2999 2132 3767 2210 regale,vexiliumsciiicet

2106 2203 2347 2267 ﬂoribus
2379 2209 2485 2264 lilii
2519 2203 2888 2273 distinctum,
2921 2203 3332 2279 quod-ferebat
3361 2204 3589 2279 dieillo
3621 2203 3764 2259 Gaio

2106 2284 2177 2338 de
2203 2281 2557 2337 Montiniaco
2581 2279 2753 2335 miles
2777 2276 3158 2344 fortissimus,
3176 2278 3276 2332 sed
3302 2293 3416 2331 non
3440 2276 3658 2332 dives.»
3687 2281 3770 2332 De

2105 2355 2308 2411 eodem
2332 2355 2414 2408 ita
2429 2351 2776 2408 Guillelmus
2796 2351 2948 2406 Brito
2967 2351 3065 2406 lib.
3092 2366 3133 2404 ii
3151 2349 3536 2420 Philippiados
3557 2347 3724 2403 initio
3749 2363 3764 2401 :

2181 2426 2338 2494 Quod
2363 2441 2489 2479 cum
2517 2426 2741 2494 ﬂamma
2771 2423 2967 2478 habeat
2996 2422 3303 2494 uulgariter
3331 2437 3513 2494 aurea
3543 2435 3770 2489 nomen,

2179 2490 2450 2555 Omnibus
2481 2490 2540 2552 in
2574 2496 2731 2550 bellis
2761 2495 2928 2550 habet
2958 2490 3145 2550 omnia
3172 2495 3336 2563 signa
3364 2490 3574 2558 praeire
3593 2509 3613 2548 :

2184 2568 2336 2636 Quod
2360 2570 2478 2638 regi
2503 2571 2775 2640 praestare
2796 2567 2929 2622 solet
2959 2563 3484 2640 Dionysicusdabbas
3505 2581 3525 2618 :

2180 2634 2258 2696 Ᾱά
2293 2634 2734 2712 ὁειιάηίᾳιιοιίεε
2763 2639 2995 2712 sumptis
3021 2634 3399 2712 proﬁciscitur
3427 2634 3624 2690 armis.

2178 2714 2314 2767 Ante
2342 2707 2741 2779 tamen'regem
2769 2707 2990 2782 signum
3021 2707 3215 2782 regale
3242 2707 3458 2782 tenebat

2179 2782 2647 2847 Mantiniacensis,
2679 2782 2770 2836 vir
2800 2781 2966 2851 fortis
2994 2780 3240 2849 corpore,
3271 2780 3422 2834 Gala.

2109 2856 2172 2910 In
2206 2871 2458 2926 quorum
2491 2847 2809 2926 auctorum
2826 2852 3019 2926 verbis
3050 2847 3138 2907 est
3165 2853 3280 2926 duo
3310 2848 3522 2907 vexilla
3552 2847 3778 2926 distin-

2109 2919 2318 2999 guere:
2354 2942 2538 2999 unum
2573 2927 2630 2999 Β.
2665 2923 3090 2999 Dionysii,sive
3114 2924 3589 2999 auriﬂammam;
3625 2919 3778 2975 alte-

2110 2992 2242 3054 Fum
2271 2998 2461 3069 ipsius
2496 2996 2650 3068 regis
2679 2992 2834 3068 quod
2867 2998 3088 3066 signum
3111 2997 3294 3066 regale
3323 2992 3680 3066 appellatur.

2179 3071 2236 3125 7.
2267 3069 2499 3125 Amissa
2539 3069 2649 3123 fuit
2697 3067 3067 3123 auriflamma
3097 3071 3186 3133 (ut
3227 3072 3431 3122 auctor
3459 3068 3548 3120 est
3580 3062 3780 3118 Bello-

2114 3141 2395 3197 forestius
2427 3140 2484 3194 in
2519 3139 2919 3210 Descriptione
2950 3139 3149 3210 oppidi
3173 3138 3369 3194 Sancti
3403 3135 3691 3210 Dionysii)
3715 3134 3775 3210 in

2113 3213 2312 3284 praelia
2345 3216 2548 3268 contra
2579 3205 2862 3267 Flandros
2893 3205 3344 3284 commissotDe
3375 3205 3780 3284 e_adeni__auri-

2111 3278 2372 3350 flamma,
2425 3285 2672 3354 ejusque
2720 3283 3040 3354 amissione
3089 3282 3171 3336 ita
3219 3281 3520 3352 Gaguinus
3571 3278 3778 3354 libror

2113 3357 2384 3414 Historiae
2440 3351 2814 3422 Francorum,
2867 3355 2925 3409 in
2975 3353 3259 3410 Clodoveo
3308 3351 3328 3408 ξ
3397 3374 3416 3401 ι
3468 3351 3779 3422 Traditum

2112 3445 2345 3499 quoque
2365 3433 2454 3484 est
2476 3444 2736 3500 pannum
2769 3426 3086 3500 sericeum,
3109 3425 3378 3500 rubrum,
3400 3424 3590 3500 instar
3612 3421 3774 3500 signi

2113 3495 2386 3556 militaris
2438 3495 2815 3571 quadratum,
2866 3499 3014 3553 miro
3063 3497 3299 3571 fulgore
3340 3495 3778 3571 splendentem,

2115 3573 2268 3630 528
2299 3565 2580 3626 divinitus
2611 3587 2741 3627 esse
2767 3565 3111 3640 exceptum;
3146 3565 3255 3638 quo
3288 3569 3343 3623 in
3374 3565 3779 3640 expeditioni:

2117 3644 2225 3699 bus
2256 3648 2460 3700 contra
2492 3643 2625 3698 ﬁdei
2658 3636 3004 3698 Christianae
3031 3636 3228 3696 hostes
3254 3657 3357 3712 pro
3379 3636 3781 3712 signo_l~‘ranci

2115 3731 2283 3786 reges
2305 3720 2628 3771 uterentur:
2668 3715 2921 3786 huicque
2940 3712 3146 3768 vexillo
3172 3709 3383 3786 nomen
3406 3709 3782 3786 auriﬂamma

2117 3782 2399 3843 hactenus
2433 3782 2846 3858 permansisse,
2871 3785 3155 3858 diuquega
3185 3782 3558 3858 Dionysianis
3589 3796 3782 3858 emne-

2117 3859 2260 3914 bitis
2287 3853 2651 3915 asservatum
2687 3874 2853 3912 esse:
2906 3853 3008 3913 sed
3059 3853 3440 3911 abutentibus
3472 3854 3641 3926 signo
3673 3853 3782 3926 ad-

2115 3946 2325 3986 versus
2356 3927 2735 3986 Christicolas
2778 3929 3038 3998 regibus,
3070 3927 3213 3982 illud
3249 3924 3594 3982 evanuisse:
3631 3924 3782 3980 alte-

2117 4018 2248 4057 rum
2281 4007 2478 4057 tamen
2512 4017 2628 4056 non
2660 4000 2940 4055 dissimili
2974 4004 3160 4055 forma
3189 3999 3584 4054 instauratum
3621 4012 3782 4063 esse,

2118 4073 2274 4144 quod
2305 4074 2376 4128 ab
2409 4073 2700 4144 episcopis
2722 4076 2778 4126 et
2800 4071 2907 4144 loci
2942 4072 3153 4144 abbate
3181 4079 3588 4144 consecratum
3621 4067 3786 4144 inter

2119 4139 2288 4200 sacra
2315 4139 2632 4200 asse-rvata'.
2665 4163 2690 4194 ιι
2730 4143 3007 4214 Denique
3041 4143 3263 4198 amissa
3311 4141 3573 4198 creditur
3618 4139 3786 4214 auri-

2121 4217 2357 4271 ﬂamma
2405 4217 2475 4271 ad
2531 4221 2785 4271 montem
2841 4211 3228 4278 Pabulanum,
3261 4213 3362 4286 qui
3405 4211 3790 4286 monshinter

2118 4289 2382 4344 Duacum
2418 4293 2476 4343 et
2507 4287 2734 4342 insulas
2765 4286 3244 4341 GallooFlandriaa
3278 4283 3452 4340 urbes
3484 4283 3787 4353 hodieque

2119 4359 2372 4417 illustris
2403 4364 2509 4415 est.
2555 4358 2940 4415 Commissam
2975 4357 3117 4413 inibi
3150 4373 3405 4428 pugnam
3457 4371 3612 4410 anno
3664 4359 3782 4410 Do-

2120 4432 2264 4487 mini
2298 4431 2612 4487 millesimo
2643 4429 3052 4487 trecentesimo
3081 4430 3253 4484 tertio
3284 4429 3705 4484 interFrancos
3727 4432 3790 4481 et

2120 4504 2398 4558 Flandros
2429 4507 2715 4574 praesente
2762 4507 2821 4557 et
2869 4501 3453 4574 fortiterrdimicante
3507 4497 3784 4574 Philippo

2121 4570 2752 4640 Pulchro,F'rancorum
2769 4572 3212 4643 rege,describit
3233 4572 3486 4628 Jacobus
3510 4570 3787 4642 Meyerus

2121 4645 2224 4701 lib.
2259 4663 2293 4700 κ
2323 4648 2627 4702 Annalium
2656 4644 2956 4701 Flandriae.
2989 4645 3113 4706 Quo
3143 4645 3201 4699 in
3237 4644 3433 4714 praelio
3473 4647 3783 4714 etregem

2119 4718 2317 4787 ipsum
2345 4719 2528 4774 fuisse
2557 4716 3027 4786 vulneratum,et
3058 4713 3425 4770 flammulam
3451 4731 3485 4768 a
3505 4713 3778 4787 Flandris

2120 4785 2432 4844 discissam
2487 4805 2554 4844 ac
2599 4789 2905 4851 lanistam,
2938 4793 2995 4842 et
3043 4787 3383 4844 Anselmnm
3434 4785 3783 4842 Cherosium

2119 4861 2249 4932 ejus
2279 4866 2630 4931 gestatorem
2663 4860 3104 4932 interemptum,
3138 4861 3449 4932 memorat.

2188 4928 2372 5004 Negat
2404 4943 2594 4986 tamen
2632 4931 2886 4986 Dubleus
2922 4928 3122 4985 recens
3147 4931 3402 5003 scriptor
3423 4928 3526 4984 lib.
3550 4946 3568 4984 ι
3592 4929 3778 5004 Histo-

2116 5003 2216 5058 riae
2264 4999 2404 5068 sum,
2455 5021 2580 5074 cap.
2627 5005 2718 5070 41,
2764 5004 3035 5058 amissam
3087 5019 3216 5059 esse
3251 4999 3284 5058 ε’
3334 5004 3453 5057 imo
3506 5016 3568 5056 se
3611 4999 3779 5074 illam

2115 5075 2334 5131 vidisse
2384 5072 2614 5131 asserit.
2645 5075 2862 5131 Verum
2919 5091 3024 5145 ego
3076 5074 3459 5130 substitutam
3518 5088 3645 5127 eam
3693 5072 3783 5126 vi-

2118 5147 2277 5204 disse
2324 5148 2512 5219 magis
2560 5147 2928 5214 crediderim,
2973 5163 3147 5217 quam
3202 5145 3364 5201 illam
3396 5148 3786 5219 _veterein__et

2118 5219 2391 5290 primam.
2424 5214 2496 5274 de
2545 5236 2660 5289 qua
2705 5219 2885 5274 nimis
2934 5214 3166 5273 constat
3196 5233 3265 5273 ex
3297 5216 3565 5290 ipsismet
3595 5214 3782 5270 Gallis

2117 5291 2505 5361 scriptoribus
2534 5307 2663 5346 esse
2693 5290 3082 5361 deperditam.

2187 5358 2340 5416 8.‘ln
2374 5362 2554 5432 hujus
2591 5358 2908 5417 ﬂammulai
2954 5361 3073 5415 sive
3122 5360 3510 5414 auriﬂammie
3558 5358 3777 5432 locum,

2117 5433 2231 5486 alia
2263 5450 2439 5502 quam
2461 5430 2775 5490 simillima
2804 5432 3014 5488 vexilla
3045 5433 3324 5500 deinceps
3352 5432 3591 5485 fuerunt
3620 5430 3776 5502 sub-

2118 5501 2345 5572 stituta,
2371 5511 2437 5560 ut
2466 5523 2533 5561 ex
2562 5506 2770 5561 iisdem
2805 5505 3104 5561 Gallorum
3139 5521 3205 5560 ac
3233 5503 3621 5558 Flandrorum
3654 5501 3780 5557 bis-

2116 5576 2283 5632 toriis
2313 5577 2732 5632 condiscimus.

2188 5649 2241 5700 9.
2277 5650 2359 5704 Ad
2396 5649 2803 5711 auriﬂammie,
2836 5663 2936 5701 seu
2969 5647 3184 5701 veteris
3216 5663 3316 5702 seu
3351 5661 3660 5711 novarum,
3683 5644 3781 5700 be-

2117 5719 2532 5786 nedictionem,
2553 5721 2675 5776 haec
2699 5720 2988 5790 reperitur
3009 5719 3182 5774 solita
3195 5717 3460 5773 adhiberi
3479 5717 3744 5790 precatio
3763 5733 3778 5771 :

2121 5812 2143 5840 ι
2180 5791 2424 5857 Inclina,
2458 5793 2726 5857 Domine,
2756 5786 2960 5847 aurem
2990 5794 3155 5846 tuam
3187 5791 3261 5846 ad
3297 5786 3500 5862 preces
3532 5786 3778 5862 humili-

2113 5862 2255 5919 tatis
2284 5869 2519 5935 nostrae,
2551 5869 2610 5921 et
2655 5880 2759 5936 per
2810 5863 3206 5920 interventum
3241 5858 3316 5918 ΒῙ
3337 5858 3643 5918 Michaelis
3684 5877 3786 5916 ar-
