4048 6410
325 351 427 407 891

1146 353 1246 406 DE
1281 352 1340 406 8.
1382 351 1698 407 DIONYSII
1741 349 2224 407 ABEOPAGITE
2262 350 2435 405 VITA
2471 350 2565 405 ΕΤ
2600 349 2922 406 SCRIPTIS

3646 350 3757 406 892

321 481 520 559 (cujus
548 478 749 559 verba,
778 481 846 559 ut
874 477 1108 551 pietatis
1140 477 1506 559 plenissima,
1566 478 1720 533 infra
1742 482 1978 559 ponam)
2007 484 2059 552 Α
2092 476 2357 559 ordinem
2379 491 2596 559 sequar
2618 480 2976 559 temporum,
3002 481 3060 535 et
3087 477 3501 559 antiquissima
3523 478 3679 559 (qua:
3698 484 3760 535 et

326 549 384 608 et
418 549 709 608 innumeri
744 549 1047 623 alii,’quos
1069 552 1281 623 partim
1307 566 1375 605 ex
1393 550 1657 621 ipsorum
1678 549 1978 623 operibus,

326 627 539 697 partim
592 640 661 677 ex
707 621 1130 697 citatis‘Delrii
1172 623 1453 697 Vindiciis
1492 624 1764 694 cognosci
1820 621 1987 697 facile

326 693 432 753 est.
488 700 631 752 Nam
674 698 761 749 tot
805 695 1088 751 Romanis
1139 695 1538 766 pontificibus,
1590 699 1676 748 tot
1720 693 1988 749 conciliis

332 766 792 832 universalibus,
847 773 932 821 tot
986 767 1357 838 patriarchis,
1403 772 1491 819 tot
1537 766 1852 836 episcopis,
1902 771 1989 820 tot

328 839 691 902 doctoribus,
722 855 870 908 quos
899 840 1052 893 idem
1088 838 1288 893 laudat
1317 842 1520 892 noster
1553 838 1801 900 Delrius,
1843 838 1984 907 quid

328 912 549 967 habent
595 910 913 966 adversarii
966 910 1122 981 quod
1166 908 1522 981 opponant?
1568 908 1798 981 solidas
1841 909 1988 963 forte

329 983 636 1056 inquirent
665 983 923 1056 rationes
952 980 1109 1056 omni
1135 980 1397 1056 humana
1420 980 1769 1036 auctoritate
1795 980 1989 1056 fortio-

326 1052 462 1122 res;
520 1054 722 1125 itaque
768 1053 898 1107 illas
948 1055 1098 1107 intra
1145 1054 1479 1108 videbimus
1527 1060 1585 1107 et
1626 1052 1988 1108 examinabi-

330 1142 505 1182 mus:
538 1132 597 1180 et
627 1126 711 1179 sic
754 1126 1011 1195 quidem.
1058 1130 1123 1179 ut
1164 1141 1298 1179 cum
1354 1126 1710 1180 fortissimas
1760 1140 1986 1191 earum,

332 1198 729 1268 nullaearum
758 1213 882 1267 quis
915 1197 1192 1268 ponderis
1217 1195 1466 1263 alicujus
1488 1197 1567 1251 sit
1588 1195 1987 1261 dissimulata,

330 1267 770 1343 protulerimus,
795 1267 1026 1343 aliquas
1045 1270 1221 1324 etiam
1246 1286 1275 1321 a
1296 1268 1467 1343 nobis
1489 1285 1671 1323 novas
1698 1268 1989 1343 addamus

328 1339 401 1397 ab
444 1340 561 1395 illis
610 1339 957 1411 praeteritas,
1010 1346 1067 1395 et
1112 1346 1309 1395 tamen
1362 1340 1437 1395 iis
1489 1356 1637 1411 quas
1684 1340 1988 1395 attulerint

323 1415 511 1468 avictu
535 1411 921 1467 difﬁciliores.

399 1483 685 1548 Quintum
706 1482 1293 1556 argumentum.oNon
1321 1487 1413 1537 est
1443 1482 1625 1538 divini
1648 1482 1865 1556 moris,
1884 1498 1991 1556 nec

328 1562 557 1611 aeternae
586 1626 591 1627 ί
620 1554 801 1610 illius
846 1554 1252 1627 providentiae,
1289 1571 1466 1627 opera
1521 1571 1669 1608 vana
1730 1560 1785 1610 et
1837 1554 1991 1627 fictis

326 1626 653 1682 mendaciis
676 1625 1021 1697 plena'veris
1044 1642 1252 1681 ornare
1281 1625 1344 1682 et
1383 1626 1770 1682 cohonestare
1817 1625 1995 1681 mira-

322 1699 491 1755 culis.
524 1699 703 1770 Atqui
735 1698 1094 1767 Areopagitas
1124 1700 1334 1771 Opera,
1367 1714 1501 1753 cum
1525 1699 1704 1753 variis
1735 1698 1990 1771 inﬁrmi-

322 1772 545 1826 tatibus
578 1769 637 1826 in
668 1770 817 1826 tanti
855 1771 966 1826 viri
988 1769 1271 1827 honorem
1290 1771 1753 1842 applicarentur,
1788 1769 1993 1842 multis

2093 551 2564 624 praecipuasuut)
2579 549 2635 604 in
2653 550 2843 621 prima
2857 551 2979 606 acie
2991 552 3177 605 consti
3190 549 3350 606 luam
3363 551 3458 605 .Ea
3472 549 3612 606 sunt
3625 568 3698 624 qi.
3711 569 3758 607 ω

2089 622 2427 677 Theodorus
2460 625 2783 692 presbyter,
2813 624 2983 693 cujus
3013 624 3163 677 facta
3195 628 3329 678 ante
3361 624 3607 690 mentio,
3640 622 3756 679 sibi

2091 693 2421 767 proposuit,
2446 699 2549 767 aut
2578 693 2709 767 aliis
2741 695 3035 767 proposita
3057 695 3347 750 dissolvit.
3377 696 3444 749 Et
3465 695 3605 767 quia
3629 696 3755 751 dis-

2092 763 2283 832 solvit,
2315 770 2371 818 et
2424 763 2564 835 quia
2604 763 3025 821 dissolutiones
3056 766 3304 837 illzejam
3347 783 3461 821 non
3480 763 3758 835 'exstant,

2090 838 2348 893 conabor
2377 852 2515 908 ergo
2546 837 2694 893 alias
2726 838 2986 909 (tametsi
3021 855 3080 892 re
3124 839 3253 910 ipsa
3302 838 3571 894 fortassis
3624 856 3754 895 eas-

2091 910 2249 980 dem)
2285 912 2478 962 tamen
2510 925 2783 965 sermone
2822 914 2880 965 et
2908 916 3158 966 tractatu
3211 911 3494 981 diversas,
3523 911 3579 966 in
3629 927 3756 966 me-

2092 983 2191 1037 dio
2228 995 2460 1051 ponere.

2164 1053 2419 1107 Primum
2451 1052 2632 1121 igitur
2662 1056 3074 1123 argumentum
3110 1056 3236 1108 est:
3271 1052 3331 1107 Si
3378 1052 3599 1122 scripta
3651 1052 3758 1109 illa

2093 1125 2211 1180 sint
2241 1125 2621 1194 Areopagitae,
2653 1140 2758 1179 cur
2791 1125 2986 1180 Patres
3018 1141 3084 1180 eo
3129 1125 3483 1198 posteriores
3512 1125 3754 1181 illorum

2094 1212 2209 1252 non
2253 1198 2651 1249 meminerunt
2675 1198 2699 1250 Ρ

2165 1268 2523 1322 Secundum.
2558 1266 2848 1322 Eusebius
2880 1266 3197 1338 Pamphili,
3223 1267 3322 1338 qui
3345 1266 3525 1322 libros
3559 1284 3590 1322 a
3622 1284 3758 1323 san-

2094 1338 2204 1411 ctis
2248 1339 2517 1394 Patribus
2561 1340 2928 1409 conscriptos
2976 1340 3294 1407 recensuit,
3345 1339 3568 1395 nullam
3621 1341 3754 1411 ejus

2093 1410 2299 1536 ?petris
2322 1428 2354 1467 a
2374 1411 2653 1483 Dionysio
2679 1412 3029 1484 Areopagita
3046 1412 3362 1482 conscripti
3384 1410 3751 1467 mentionem

2117 1498 2200 1536 ac:
2240 1525 2251 1536 .

2117 1484 2251 1537 'acit.

2167 1551 2456 1609 Tertium.
2481 1554 2782 1618 Quomodo
2815 1553 3222 1617 traditionum,
3247 1569 3376 1623 quae
3398 1552 3458 1608 in
3492 1552 3755 1609 Ecclesia

2098 1641 2414 1698 progressu
2446 1626 2698 1687 quodam
2729 1630 2785 1678 et
2806 1627 3088 1695 temporis
3110 1624 3539 1698 longinquitate
3566 1627 3757 1680 incre-

2095 1696 2324 1761 verunt,
2350 1698 2722 1767 particularis
2749 1697 3066 1768 tenuisque
3089 1696 3405 1768 descriptio
3429 1698 3486 1752 in
3512 1698 3583 1751 iis
3602 1700 3749 1768 Ope-

2098 1770 2263 1823 ribus
2303 1768 2679 1825 continetur?
2708 1769 2957 1841 Magnus
2997 1769 3155 1824 enim
3198 1768 3539 1841 Dionysius,
3573 1773 3640 1823 ut
3683 1785 3759 1824 ex

327 1842 615 1931 d'ivinitlus
641 1842 955 1931 hooeststa
981 1846 1145 1926 .sunt
1184 1840 1513 1931 miraculis,
1562 1845 1642 1931 ut,
1678 1841 1871 1931 capite
1892 1841 1990 1931 130
2020 1865 2067 1931 Β
2098 1843 2464 1931 setislpatct,
2500 1840 2897 1931 apostolorum
2930 1841 3177 1931 aequa-lis
3210 1840 3357 1931 fuit}
3390 1846 3754 1931 quae-autem

322 1914 467 1987 Vitae
498 1915 686 1987 attigi.
722 1917 912 1980 Quare
947 1914 1186 1987 signum
1220 1919 1308 1968 est
1340 1913 1483 1987 satis
1515 1911 1763 1987 evidens
1788 1918 1846 1968 et
1892 1911 1983 1967 lu-

322 1985 651 2051 culentum,
684 1988 814 2057 ejus
847 2002 976 2042 esse
1007 1986 1110 2040 illa
1145 1986 1354 2058 Opera,
1387 1986 1558 2056 cujus
1600 1985 1661 2040 in
1703 1986 1987 2041 honorem

323 2073 395 2114 ea
425 2063 659 2128 patrata
691 2062 851 2113 sunt.

397 2130 642 2184 Sextum
673 2129 929 2199 denique
960 2131 1016 2183 et
1047 2131 1252 2182 contra
1283 2127 1655 2199 adversarios
1686 2127 1859 2199 longe
1888 2142 1988 2181 va-

325 2200 687 2256 lidissimum
733 2198 1147 2267 argumentum
1189 2203 1279 2253 est
1326 2198 1654 2270 ejusmodi:
1699 2200 1757 2254 Si
1801 2199 1989 2270 Opera

327 2272 431 2352 illa
462 2289 581 2352 non
613 2271 1027 2352 sint_Di_onysii
1047 2269 1685 2352 greopogjtaiquihfuit
1715 2269 1876 2352 Bauli
1905 2271 1992 2352 _di-

329 2344 752 2415 scipulus,sed
787 2341 1031 2399 alterius
1062 2341 1349 2415 Dionysii,
1383 2342 1505 2398 sive
1536 2342 1843 2406 Corinthii,
1868 2344 1990 2398 sive

329 2414 729 2480 Alexandrini,
754 2416 878 2471 sive
908 2414 1152 2470 alterius
1174 2414 1583 2485 cujuscunque
1605 2415 1947 2485 posterioris
1973 2430 1987 2481 ;

331 2486 887 2570 fateri_necesse_est
909 2485 1150 2570 illorum
1185 2492 1480 2570 auctorem
1509 2485 1787 2570 Qperum,
1816 2487 1991 2570 .quis:

333 2560 738 2633 quis_demum
775 2559 969 2633 fuerit,
1003 2558 1241 2633 plenum
1268 2558 1590 2633 mendacii,
1634 2558 1884 2615 fallacia:
1933 2562 1989 2612 et

332 2629 629 2696 sacrilegas
661 2629 1055 2686 simulationis
1085 2629 1400 2686 exstitisse.

404 2703 581 2775 Atqui
617 2703 725 2757 hoc
755 2701 1000 2758 minime
1030 2701 1146 2757 dici
1181 2706 1399 2775 potest,
1432 2701 1672 2775 minimc
1702 2702 1990 2775 gentium.

325 2772 469 2829 Nam
498 2772 724 2844 scripta
768 2774 870 2829 illa
903 2788 1126 2829 meram
1160 2774 1399 2842 sapiunt
1439 2776 1496 2844 et
1536 2772 1765 2844 spirant
1810 2773 1992 2844 pieta-

325 2852 470 2915 tem,
506 2843 885 2909 modestiam,
911 2845 1277 2915 gravitatem,
1303 2843 1783 2912 sanctimoniam,
1802 2843 1996 2915 neque

331 2917 522 2973 ullum
560 2935 804 2990 prorsus
837 2916 924 2973 vel
948 2917 1264 2990 minimum
1300 2916 1673 2990 autlevitatis
1700 2922 1802 2971 aut
1827 2916 1995 2990 vani-

332 2990 472 3045 tatis
503 2987 652 3061 (qure
683 2990 889 3045 abesse
919 3006 952 3044 a
1005 2987 1316 3044 fallacibus
1361 2987 1515 3044 haud
1566 2988 1842 3061 possunt)
1893 3003 1997 3061 seu

336 3058 565 3117 fumum
599 3078 700 3117 seu
738 3062 941 3116 ﬁmum
968 3060 1250 3116 redolent.
1275 3063 1359 3116 [ta
1390 3075 1533 3115 sane
1561 3058 1809 3130 reperiet
1830 3058 1996 3130 quis-

336 3132 477 3206 quis
502 3134 602 3188 illa
632 3135 961 3206 composito
984 3133 1308 3204 sedatoque
1340 3132 1539 3206 animo
1570 3132 1869 3203 perlegere
1898 3147 1997 3206 vo-

334 3202 543 3273 luerit;
594 3210 691 3260 aut
726 3202 781 3260 si
814 3207 919 3260 hoc
947 3203 1189 3273 longum
1215 3202 1348 3270 Vest,
1370 3202 1615 3275 saltem
1648 3219 1715 3257 ea
1750 3202 1888 3275 qua:
1937 3202 1997 3275 in

335 3280 514 3349 caput
543 3278 616 3331 22
644 3282 702 3332 et
728 3277 799 3331 23
830 3276 967 3349 Vitas
996 3276 1127 3346 ejus
1155 3292 1336 3347 supra
1360 3274 1644 3349 immissi,
1698 3273 1812 3331 non
1845 3273 2001 3329 invi-

328 3345 823 3432 t_usperciirrerit.
845 3345 1084 3432 Plenum
1110 3345 1304 3432 autem
1324 3345 1822 3432 alioquifuturum
1838 3363 2002 3402 men-

330 3418 480 3477 dacii
508 3425 566 3476 et
595 3420 840 3478 fallaciae
884 3425 944 3476 et
973 3419 1393 3483 simulationis,
1429 3419 1477 3475 si
1511 3418 1663 3474 alius
1695 3420 1791 3491 sit,
1821 3435 2000 3491 quam

332 3492 607 3560 dicimus,
643 3497 701 3548 et
729 3508 910 3562 quam
962 3491 1182 3560 scripta
1223 3495 1666 3562 repraesentant,
1698 3489 1999 3562 indefleta—

333 3569 608 3649 rum_est,
633 3560 800 3649 quod
834 3580 896 3649 se
928 3560 1785 3649 con_vixisse‘.apostolis,‘quod
1825 3560 1994 3643 _Pauli

335 3635 585 3707 apostoli
618 3634 991 3707 discipulum
1023 3635 1204 3689 fuisse
1235 3635 1412 3707 dicat.
1456 3634 1708 3707 quodise
1739 3634 1998 3707 Deiparas

389 3704 599 3780 irginis
619 3704 807 3780 funeri
835 3704 1133 3780 adfuissei
1154 3706 1309 3780 quod
1340 3704 1592 3780 hymnos
1618 3706 1675 3759 in
1727 3706 1859 3775 ejus
1905 3704 2003 3780 bo_-

335 3776 541 3835 norém
564 3779 847 3848 audiisss,
861 3779 1010 3847 quod
1031 3776 1378 3833 'l‘himotheo
1392 3776 1627 3848 eosdem
1645 3776 1997 3832 memoranti

338 3866 515 3907 aures
564 3850 802 3905 dedisse
866 3849 1108 3912 scribat,
1154 3848 1309 3920 quod
1355 3848 1471 3920 alia
1527 3847 1695 3920 plura
1747 3851 2000 3919 denique

332 3923 528 3995 iisque
594 3922 661 3995 in
704 3920 1144 3995 libris_a_ﬁ'erat,
1175 3919 1326 3995 quas
1360 3919 1577 3990 alioqui
1602 3919 1997 3995 prodigiosum

337 3992 665 4051 mentiendi
689 3998 747 4050 et
776 3992 1505 4064 decipiendicontinerent
1535 3992 1862 4050 audaciam.

404 4069 474 4123 At
503 4083 639 4123 vero
690 4067 824 4137 quis
855 4062 1054 4137 credat
1073 4062 1262 4120 virum
1290 4066 1434 4137 adeo
1457 4065 1692 4120 doctum
1746 4071 1802 4121 et
1835 4064 1999 4137 pium

343 4141 403 4194 et
434 4136 861 4206 illuminatum,
894 4136 1128 4204 qualem
1160 4153 1222 4192 se
1253 4136 1347 4192 hic
1378 4136 1661 4193 auctorin
1686 4137 2000 4192 scribendo

342 4214 608 4281 praestat,
637 4215 762 4266 tam
794 4208 978 4277 impia
1002 4209 1242 4281 finxisse
1270 4210 1522 4266 somnia.
1553 4213 1674 4263 tam
1713 4208 2003 4281 inusitata

345 4278 712 4355 excogitasse
746 4280 1074 4355 mendacia,
1106 4281 1631 4355 idqueptnomini
1674 4278 1892 4355 alieno;
1913 4280 2001 4355 fa-

343 4351 718 4419 mam'daret,
751 4352 1084 4409 detraheret
1109 4351 1216 4410 suo
1241 4355 1264 4408 Ρ
1292 4351 1452 4408 Talis
1492 4354 1647 4406 certe
1691 4368 1808 4407 non
1865 4351 2000 4420 fuit,

342 4441 535 4498 neque
558 4427 616 4482 S.
638 4426 948 4498 Dionysius
965 4424 1401 4498 Corinthiorum
1420 4422 1735 4498 episcopus
1754 4421 2004 4498 secundi

343 4493 542 4554 seaculi
566 4493 820 4570 scriptor
843 4497 1072 4570 (horret
1108 4496 1165 4570 id
1198 4493 1769 4570 animus;_co_git_are)
1813 4511 2004 4570 neque

338 4565 730 4627 doctissimus
793 4569 892 4625 ille
939 4568 1388 4625 illustrissimus
1433 4565 1650 4622 Christi
1701 4565 2004 4622 confessor

341 4641 666 4715 Dionysius
703 4614 1147 4715 klexandrinus
1192 4656 1308 4715 aevo
1349 4638 1521 4694 tertio
1563 4636 2011 4715 clarus_(n_imis
2042 4614 2086 4680 D

332 4708 714 4771 temerarium
748 4718 836 4769 est
860 4711 947 4768 vel
984 4711 1301 4783 suspicari)
1323 4726 1514 4783 neque
1565 4708 1720 4783 alius
1751 4710 2007 4783 denique

336 4784 426 4841 vir
454 4788 647 4842 bonus
673 4791 732 4842 et
758 4786 978 4840 timens
1009 4780 1218 4839 Deum.
1256 4780 1399 4838 Lavi
1418 4780 1612 4837 nimis
1634 4780 1858 4853 ingenii
1885 4780 2007 4836 fue-

340 4857 438 4920 rit,
468 4857 581 4914 hoc
610 4859 683 4914 de
712 4857 814 4913 tali
840 4856 1203 4912 existimare.

411 4929 709 5006 Tractant
746 4928 856 5006 hoc
895 4928 1053 5006 idem
1102 4926 1521 5006 argumentum
1564 4922 2002 5006 fusius‘partim

343 5000 539 5058 Grmce
560 5002 613 5057 S.
654 5000 968 5065 Maximus,
1000 4994 1254 5070 Operum
1278 4994 1526 5070 hujusce
1564 4995 1717 5051 beati
1741 4994 2005 5064 Dionysii

344 5073 655 5145 interpres,
716 5072 774 5128 in
816 5066 1363 5145 P_rologn;_partim
1424 5071 1745 5145 prasceptor
1793 5072 2006 5145 noster

347 5138 603 5201 Leonard
615 5138 684 5201 us
706 5143 944 5201 Lessius
959 5138 1018 5197 in
1045 5138 1294 5210 epistola
1306 5140 1571 5193 censoria
1592 5138 1771 5210 super
1789 5139 2000 5196 iisdem

342 5216 673 5288 Operibus;
708 5230 883 5285 quam
917 5217 1118 5288 noster
1137 5214 1344 5266 Petrus
1367 5211 1700 5288 Lansselius
1724 5212 1782 5288 in
1808 5212 1998 5288 lucem

342 5284 555 5359 protuli
566 5294 602 5343 l.
628 5288 745 5343 Nec
770 5300 912 5344 sane
937 5284 1119 5359 ullum
1147 5287 1562 5359 argumentum
1589 5289 1679 5359 est
1702 5284 1858 5339 aliud
1885 5284 1999 5359 isto

338 5353 552 5416 fortius
575 5354 1161 5426 etinexnugnabilius
1182 5372 1196 5411 :
1221 5356 1304 5409 ita
1327 5359 1392 5409 ut
1413 5353 1558 5409 nihil
1580 5355 1997 5426 videam,quod

342 5432 549 5489 saltem
604 5427 988 5501 probabiliter
1036 5429 1104 5501 ad
1159 5427 1291 5495 ejus
1339 5427 1749 5501 refutationem
1804 5427 1998 5484 afferri

342 5504 554 5571 possit.
583 5498 727 5558 Nam
755 5498 1220 5571 adversariorum
1257 5499 1626 5571 argumentis
1666 5502 1994 5568 ostendam,

343 5570 459 5631 Deo
492 5577 660 5636 duce,
695 5571 1028 5646 probabiles
1059 5570 1297 5646 omnino
1319 5570 1597 5646 rationes,
1631 5576 1701 5646 oet
1744 5587 1875 5644 qua
1914 5574 1998 5627 lo-

346 5663 480 5702 cum
509 5660 665 5715 saspe
698 5642 772 5699 'in
816 5642 1051 5705 scriptis
1100 5643 1500 5713 dijudicandis
1548 5642 1826 5715 habeant,
1880 5660 1995 5701 non

350 5714 839 5791 paucasAopponi,
863 5716 1016 5775 548
1048 5719 1105 5771 et
1135 5732 1233 5770 eas
1264 5715 1584 5791 moderatis
1623 5714 1859 5787 quidem
1907 5716 1997 5772 in-

346 5787 537 5859 geniis
570 5787 759 5844 facere
789 5790 934 5845 satis
968 5803 1135 5855 posse
1166 5791 1221 5840 et
1252 5787 1480 5842 debere.

344 5856 681 5932 Argumenta
707 5864 887 5932 partis
916 5861 1170 5917 adversae
1198 5875 1323 5932 cum
1369 5874 1560 5932 eorum
1604 5856 1994 5932 solutionibus.

417 5928 483 5986 In
501 5930 665 5988 hisce
685 5928 1048 6006 argumentis
1070 5947 1175 5987 seu
1194 5929 1511 5988 referendis
1532 5943 1637 5986 seu
1660 5928 1997 5986 refellendis

2100 1912 2194 1968 hic
2217 1914 2365 1967 liber
2387 1912 2816 1984 complectitur,
2841 1913 3155 1984 descriptio
3177 1920 3310 1967 sunt
3334 1912 3758 1983 traditionum,

2094 2001 2220 2056 quas
2243 1985 2462 2039 sensim
2488 1982 2545 2039 in
2574 1982 2829 2039 Ecclesia
2854 1991 2985 2055 post
3009 1982 3065 2039 id
3090 1990 3329 2055 tempus
3351 1982 3752 2041 invaluerunt.

2096 2056 2448 2113 Incredibile
2469 2063 2559 2111 est
2589 2056 2788 2125 igitur,
2814 2057 2932 2111 imo
2954 2056 3106 2111 male
3128 2056 3464 2124 conﬁctum,
3488 2072 3589 2112 eas
3622 2072 3757 2127 quas

2093 2129 2190 2183 diu
2227 2133 2358 2199 post
2391 2128 2587 2199 magni
2622 2128 2878 2198 Dionysii
2915 2132 3158 2183 mortem
3193 2134 3613 2185 succreverunt
3637 2134 3759 2184 tra-

2094 2200 2368 2284 ditiones,
2403 2199 2741 2284 existimare
2767 2215 2805 2284 _a
2831 2200 3108 2284 Dionysio
3139 2200 3524 2284 conscriptas.

2167 2271 2476 2334 Quartum.
2519 2271 2820 2335 Quomodo
2866 2271 2961 2327 hic
2987 2269 3160 2327 'liber
3209 2269 3562 2328 mentionem
3611 2269 3759 2326 facit

2095 2342 2355 2413 epistolas
2387 2344 2573 2397 sancti
2609 2342 2817 2413 lgnatii
2844 2344 2871 2397 ?
2901 2344 3047 2399 Nam
3090 2343 3410 2415 Dionysius
3459 2343 3759 2415 apostolo-

2096 2431 2227 2469 rum
2260 2415 2515 2470 eftloruit
2540 2416 2953 2487 temporibus;
2980 2416 3245 2487 Ignatius
3264 2422 3462 2471 autem
3489 2416 3599 2471 sub
3620 2416 3759 2470 Tra-

2090 2488 2235 2559 jano
2287 2486 2549 2558 martyrii
2600 2492 2894 2542 certamen
2940 2487 3284 2559 decertavit.
3318 2488 3427 2550 Qui
3479 2492 3535 2543 et
3584 2487 3763 2559 paulo

2099 2558 2235 2631 ante
2270 2563 2515 2614 mortem
2550 2559 2860 2631 epistolam
2891 2558 3072 2624 illam,
3107 2560 3279 2631 cujus
3308 2559 3406 2614 hic
3441 2558 3597 2614 liber
3633 2575 3763 2614 me-

2099 2630 2295 2698 minit,
2322 2630 2697 2703 conscripsit.
2720 2635 2852 2686 Haec
2884 2635 3027 2686 sunt
3055 2630 3309 2703 quatuor
3338 2630 3769 2703 antiquissima

2100 2706 2306 2827 conti:
2339 2701 2523 2758 libros
2554 2703 2813 2775 Dionysii
2865 2701 3230 2773 argumenta.
3263 2701 3501 2768 Quibus
3538 2702 3621 2759 ita
3665 2719 3767 2759 re-

2101 2790 2244 2827 snon
2294 2789 2379 2827 eo.
2458 2798 2459 2801 η

2101 2789 2379 2829 8000060.
2458 2798 2459 2801 ‘

2135 2792 2547 2929 pggéggimum
2582 2844 2741 2929 dico,
2757 2850 2963 2901 Patres
2982 2844 3265 2928 Dionysio
3282 2844 3771 2929 ppsteriorespp-

2101 2916 2385 2988 minutim
2405 2916 2534 2988 ejus
2567 2918 2921 2988 scriptorum
2948 2934 3063 2971 non
3090 2916 3456 2988 meminisse,
3479 2918 3620 2987 quia
3642 2917 3766 2974 illis

2098 2988 2188 3045 vel
2219 3005 2336 3044 non
2378 2987 2578 3060 libuit,
2602 2987 2705 3043 vel
2743 3006 2857 3045 non
2911 2989 3093 3044 licuit.
3126 2987 3272 3045 Nam
3307 2990 3526 3060 quibus
3577 2989 3769 3060 ignoti

2105 3062 2365 3124 fuerunt,
2396 3076 2511 3114 non
2544 3058 2713 3115 licuit
2744 3062 2872 3132 (nec
2921 3062 3076 3115 enim
3130 3062 3188 3116 in
3239 3058 3507 3116 omnium
3561 3058 3769 3117 venire

2107 3148 2320 3187 manus
2353 3132 2735 3201 potuerunt);
2769 3132 2988 3204 quibus
3021 3133 3166 3204 noti,
3200 3150 3312 3189 non
3359 3132 3557 3189 libuit.
3610 3134 3764 3199 Quid

2112 3208 2306 3260 autem
2342 3203 2582 3258 causas?
2617 3203 2831 3275 Primo,
2867 3205 3007 3275 quia
3050 3203 3232 3260 libros
3277 3204 3409 3260 illos
3456 3205 3767 3276 (quemad-

2114 3277 2356 3331 modum
2390 3279 2596 3349 auctor
2624 3277 2750 3346 ipse
2780 3281 3080 3349 optaverat
3115 3282 3173 3331 et
3202 3276 3625 3349 postulaverat)
3660 3294 3769 3333 no-

2102 3348 2341 3404 luerunt
2368 3347 2543 3420 vulgo
2575 3364 2703 3402 esse
2735 3348 3030 3420 notos,sed
3051 3352 3278 3404 tantum
3313 3365 3491 3420 penes
3523 3347 3767 3420 pontiﬁ-

2105 3437 2201 3504 cas
2216 3420 2482 3504 reperiri.
2506 3419 2796 3485 Secundo,
2810 3419 3289 3504 .quiascriptores
3306 3419 3532 3504 antiqui
3551 3427 3773 3504 praeter

2106 3491 2475 3563 Scripturam
2510 3507 2735 3547 sacram
2770 3493 2863 3548 vix
2903 3491 3053 3547 ullos
3103 3492 3369 3548 citabant
3404 3491 3767 3548 neminatim

2106 3570 2375 3619 auctores
2399 3583 2413 3630 ;
2435 3569 2540 3618 aut
2571 3565 2618 3619 si
2653 3563 3040 3628 faciebant,id
3074 3564 3191 3620 fere
3224 3564 3580 3633 necessario,
3605 3569 3665 3619 et
3693 3567 3769 3621 ad

2105 3636 2490 3708 revincendos
2522 3635 2827 3708 haereticos
2859 3635 3169 3708 faciebant.
3203 3638 3297 3708 Ac
3331 3636 3598 3708 proinde,
3630 3653 3771 3693 cum

2106 3723 2207 3779 eas,
2243 3724 2386 3778 quas
2416 3707 2737 3779 Dionysius
2771 3707 3058 3769 traclavit,
3094 3707 3376 3772 materiae,
3408 3712 3475 3763 ut
3523 3708 3596 3763 de
3650 3725 3775 3764 cos-

2106 3778 2263 3845 lesti,
2296 3780 2371 3834 de
2401 3778 2797 3834 ecclesiastica
2830 3779 3183 3848 hierarchia,
3216 3781 3287 3835 de
3317 3779 3534 3835 divinis
3577 3781 3772 3836 nomi-

2106 3850 2457 3917 nihus,etc.,
2475 3850 2618 3906 nihil
2652 3852 2768 3906 fere
2790 3857 2892 3906 aut
2913 3868 3120 3922 parum
3146 3852 3426 3908 adversus
3448 3857 3772 3923 regnantes

2104 3928 2230 3978 tum
2264 3923 2517 3978 hareses
2552 3923 2829 3991 facerent,
2851 3939 2916 3978 ac
2938 3927 3059 3978 tota
3093 3924 3211 3980 fere
3248 3924 3574 3980 certamina
3612 3923 3781 3991 circa,

2106 3994 2446 4079 scripturas
2478 4010 2676 4079 sacras
2718 4001 3112 4079 versarentur,
3146 3999 3205 4050 et
3242 4011 3321 4050 ea
3371 3996 3665 4079 utrinque.
3700 3996 3764 4079 in

2104 4065 2470 4121 adversarios
2512 4066 2878 4121 densissimas
2910 4067 3408 4136 intorquercntur,
3442 4065 3592 4122 nihil
3651 4067 3770 4124 loci

2105 4137 2485 4210 inferioribus
2517 4138 2856 4194 auctoribus
2901 4139 3367 4210 relinquebatur.
3402 4140 3551 4205 Quin
3594 4142 3655 4193 et
3704 4140 3766 4196 S.

2104 4209 2487 4282 Athanasius,
2521 4215 2731 4281 quarto
2762 4209 2959 4267 seculo
2991 4209 3265 4281 scriptor,
3296 4212 3542 4267 Arianos
3572 4226 3772 4282 repre-

2106 4280 2335 4355 hendit,
2362 4282 2518 4352 quod
2544 4280 2765 4353 preter
2795 4280 3204 4339 auctoritatem
3228 4280 3667 4355 Scripturarum
3693 4285 3766 4339 ad

2107 4351 2519 4437 alios‘gquue
2553 4351 2821 4437 auctores
2855 4354 3112 4437 praesidii
3146 4372 3327 4437 causa
3357 4351 3771 4437 converterent

2106 4430 2223 4499 tur.
2252 4425 2384 4499 Nec
2419 4425 2546 4499 ipse
2595 4425 3031 4499 quidem—usus
3081 4427 3266 4483 fuisse
3312 4426 3622 4499 reperitur.
3656 4427 3776 4484 nisi

2107 4497 2257 4570 forte
2291 4498 2337 4553 si
2372 4496 2484 4568 ipsi
2516 4496 2835 4555 adversarii
2870 4498 3104 4570 aliquos
3137 4496 3779 4569 magnae'auctoritatis

2118 4569 2273 4643 viros
2305 4585 2409 4643 pro
2455 4584 2518 4624 se
2550 4569 2986 4643 ousurpassent.
3013 4571 3097 4626 Ita
3120 4572 3301 4643 enim
3358 4570 3671 4643 Origenem
3701 4576 3779 4643 et

2119 4640 2465 4716 Dionysium
2496 4640 2957 4716 Alexandrinum
2992 4643 3062 4697 ab
3092 4642 3213 4698 illis
3268 4647 3337 4716 ut
3381 4640 3775 4716 suieiopinis,

2115 4712 2440 4768 vindicatos
2469 4714 2708 4786 eripuit,
2742 4714 3058 4786 docuitque
3098 4731 3214 4771 non
3245 4714 3479 4772 Arianis
3509 4712 3639 4772 illos
3687 4712 3773 4772 faé

2114 4800 2268 4850 vere,
2299 4786 2397 4840 sed
2431 4785 2756 4842 catholicis.

2186 4858 2269 4912 Ad
2302 4858 2639 4914 Secundum
2671 4859 2850 4983 Squod
2878 4857 2999 4942 fere
3028 4862 3119 4913 est
3147 4856 3364 4942 prioris
3422 4857 3770 4942 corrobora-

2186 4926 2221 4983 ll
2244 4930 2654 4983 resnondetur.
2703 4931 2857 4983 lbI‘OS
2876 4929 3011 4983 illos
3032 4929 3281 4983 latmsse
3298 4930 3642 4983 Eusebium.
3668 4934 3770 4983 aut

2116 4925 2221 5052 tio?
2244 4930 2654 4999 respondetur,
2678 4925 2857 4986 libros
2876 4928 3011 4985 illos
3032 4925 3281 4986 latuisse
3298 4928 3644 4998 Eusebium,
3668 4934 3773 4986 aut

2116 5014 2190 5052 n0
2220 5000 2377 5052 uisse
2408 5005 2646 5052 nronter
2675 5001 2892 5052 dictam
2918 5002 3190 5052 superius
3212 5018 3450 5052 causam
3473 5000 3769 5052 evulsam-

2115 5000 2377 5074 noluisse
2408 5001 2893 5074 propterdictam
2918 5002 3190 5073 superius
3212 5018 3450 5058 causam
3473 5000 3769 5074 evulgare.

2115 5070 2262 5126 Nam
2293 5070 2448 5143 quod
2481 5070 2664 5143 aliqui
2690 5073 2891 5129 dicant
2909 5070 3042 5129 eum
3069 5074 3273 5131 fraude
3295 5074 3349 5128 id
3375 5070 3770 5143 fecisse,'con-

2115 5090 2262 5126 nam
2293 5090 2448 5143 quoa
2481 5090 2664 5200 aulqm
2690 5090 2891 5129 dicant
2909 5090 3042 5129 eum
3069 5090 3273 5131 rrauoe
3295 5090 3349 5128 ια
3375 5090 3607 5143 recisae,
3629 5090 3770 5130 con-

2113 5142 2321 5217 vitiu‘m
2358 5148 2520 5217 puto.
2608 5161 2756 5216 eque
2780 5145 3241 5217 enim,quamvis
3271 5161 3370 5201 eos
3396 5144 3775 5215 habuissent,

2116 5215 2198 5269 uti
2232 5214 3034 5273 illis’catholicivoluissent.
3053 5218 3201 5280 Quid
3223 5218 3379 5273 enim
3404 5217 3486 5272 ibi
3511 5222 3634 5273 tam
3659 5214 3775 5273 cla?

2113 5302 2252 5361 rum
2279 5303 2385 5361 pro
2417 5287 2634 5343 Christi
2664 5294 2880 5345 aeterna
2909 5288 3239 5356 divinitate,
3263 5289 3414 5361 quod
3441 5306 3558 5345 non
3580 5289 3775 5347 multo

2114 5356 2331 5432 clarius
2363 5359 2418 5413 in
2448 5361 2788 5432 Scripturis
2834 5362 3019 5418 sacris
3065 5356 3407 5417 contentum
3457 5361 3580 5432 sit?
3604 5363 3776 5419 Certe

2111 5431 2172 5506 in
2204 5433 2368 5485 tanta
2387 5431 2730 5506 divinarum
2752 5433 3189 5506 Scripturarum
3216 5438 3529 5506 utramque
3550 5431 3610 5488 in
3638 5450 3773 5506 par-

2111 5505 2229 5577 tem
2273 5502 2440 5577 copia
2487 5503 2667 5560 nimis
2717 5502 2988 5577 putidum
3028 5505 3235 5577 visum
3286 5510 3394 5575 est,
3427 5502 3607 5561 etiam
3639 5502 3776 5577 'ipsi

2113 5572 2452 5650 Athanasio,
2487 5580 2553 5631 ut
2575 5572 2861 5645 jam'dixi
2905 5576 3192 5650 debiliora
3238 5577 3357 5633 tela
3384 5572 3771 5650 perquirere.

2111 5649 2255 5700 Nam
2298 5661 2404 5701 nec
2436 5648 2669 5703 beatum
2707 5650 3014 5715 Irenaeum,
3047 5649 3174 5704 Filii
3221 5665 3358 5705 cum
3406 5648 3575 5705 Patre
3606 5654 3777 5706 aster-

2111 5733 2246 5792 nam
2299 5720 2778 5792 coensistentiam
2829 5720 3161 5777 clarissime
3211 5722 3565 5792 professum,
3615 5721 3772 5779 libro

2110 5789 2378 5845 Adversus
2407 5790 2638 5848 lem-eses
2669 5809 2729 5847 ιι.
2765 5810 2893 5859 cap.
2925 5794 3015 5859 55,
3040 5798 3096 5849 et
3127 5789 3265 5849 alibi
3300 5795 3650 5849 citaverunt.

2154 5862 2340 5949 sQuod
2376 5862 2955 5949 autem.resp_ondent
2985 5865 3248 5949 quidam,
3282 5865 3556 5949 quamvis
3585 5865 3770 5949 Euse-

2108 5931 2246 5988 bius
2266 5950 2383 5990 non
2415 5931 2976 6004 meminerit,tamen
2998 5931 3316 6010 Origeneui
3333 5942 3392 5995 et
3411 5937 3769 6011 Dionysium
