4048 6384
278 256 385 310 905

1257 257 1320 309 Ρ.
1360 255 1680 311 HALLOIX
1715 257 1866 312 SOC.
1906 258 2086 313 JESU
2123 259 2596 322 QUESTIONES
2631 264 2726 316 IV.

3597 265 3708 324 906

280 380 552 466 Gregorio
575 379 984 466 Magnopatet,
1007 376 1148 466 quid
1163 376 1436 466 idipsurn
1450 379 1586 435 fecit
1601 378 1931 466 homilia3li
1959 387 2012 452 Α
2042 381 2172 466 dum
2208 387 2614 466 operetienemr
2635 387 2898 466 potentiae
2926 385 3152 466 virtutis
3179 381 3316 462 ejus,
3358 405 3541 466 quam
3572 407 3703 466 ope-

283 453 343 508 in
373 450 695 521 Evangelia;
729 473 757 500 «
794 451 1012 509 Novem
1042 465 1199 523 vero,
1224 450 1437 522 inquit,
1469 459 1813 523 sngelorum
1846 469 1931 508 or-

279 527 449 580 dines
481 525 762 589 diximus,
797 523 938 594 quia
964 521 1235 577 videlicet
1264 521 1424 591 ease,
1466 521 1718 580 testante
1764 541 1931 580 sacro

279 597 543 668 Eloquio,
603 597 828 668 scimus
877 594 1139 668 angelos,
1188 595 1610 668 archangelos,
1660 597 1928 666 virtutes,

278 667 618 740 potestates,
635 667 1024 738 principatus,
1041 667 1495 732 dominationes,
1518 667 1783 740 thronos,
1802 669 1935 724 che-

278 739 478 795 rubim
512 744 689 812 atque
728 739 1051 810 serapbim.
1094 742 1233 794 Esse
1262 755 1542 812 namque
1592 739 1829 812 angelos
1876 743 1934 795 et

275 809 682 882 archangelos,
718 809 1099 882 pene’omnes
1127 809 1277 866 sacri
1309 809 1537 881 Eloquii
1570 809 1796 883 paginas
1841 816 1922 866 te-

274 889 532 940 stantur.
549 883 868 955 Cherubim
892 898 1026 955 vero
1043 887 1220 953 atque
1237 883 1527 955 seraphim
1559 899 1730 955 saepe,
1751 887 1815 938 ut
1835 900 1934 938 no-

275 963 402 1011 tum
463 960 575 1019 est,
635 953 773 1010 libri
833 953 1934 1026 prOphetarumloquentum—Quatuor

271 1044 502 1100 quoque
524 1025 1297 1100 ordinuminominaPaulus
1321 1026 1623 1100 apostolus
1645 1028 1717 1082 ad
1741 1027 1932 1099 Ephe-

270 1098 395 1156 sios
425 1099 988 1181 enumerat,_dieens
1014 1114 1027 1151 :
1059 1098 1249 1181 Supra,
1269 1113 1488 1181 omnem
1517 1098 1934 1181 principatum,

264 1182 318 1228 et
345 1174 692 1243 potestatem,
726 1174 778 1225 et
807 1169 1088 1238 virtutem,
1119 1173 1173 1243 et
1215 1169 1649 1243 dominationem
1678 1171 1777 1242 (ἀ).
1823 1169 1930 1235 Qui

272 1241 485 1299 rursus
514 1243 586 1298 ad
637 1243 1015 1299 Colossenses
1063 1242 1326 1298 scribens
1372 1241 1492 1298 ait:
1542 1244 1670 1298 Sive
1716 1241 1928 1310 throni,

264 1315 382 1372 sive
409 1319 717 1382 potestates,
747 1313 862 1370 sive
884 1315 1191 1384 potestates,
1219 1313 1336 1369 sive
1356 1313 1765 1370 dominationes
1783 1313 1872 1384 (e).
1897 1335 1924 1368 ιι

264 1388 494 1444 Deinde
525 1385 751 1457 colligit
796 1401 1116 1441 numerum
1166 1389 1274 1440 hoc
1317 1387 1530 1442 modo:
1581 1407 1602 1434 α
1656 1386 1930 1442 Domina—

263 1459 479 1524 tiones,
512 1456 728 1528 inquit,
773 1462 832 1513 et
878 1456 1267 1528 principatus,
1307 1474 1374 1513 ac
1424 1461 1766 1528 potestates,
1806 1461 1927 1514 tam

263 1533 341 1587 ad
372 1529 655 1602 Ephesios
686 1530 935 1600 loquens
966 1530 1394 1602 descripserat;
1430 1530 1532 1584 sed
1584 1545 1650 1602 ca
1695 1546 1929 1602 quoque

261 1601 720 1660 Colossensibus
735 1602 1023 1674 dicturus,
1045 1602 1326 1674 praemisit
1343 1601 1689 1674 thronos,de
1712 1601 1930 1674 quibus

259 1677 484 1731 nedum
508 1674 834 1746 quidquam
860 1673 1052 1746 fuerat
1064 1672 1600 1746 Ephesiislocutus.
1618 1672 1767 1729 Dum
1790 1690 1926 1746 ergo

256 1748 379 1803 illis
402 1743 691 1818 quatuor;
711 1746 942 1818 quaead
976 1743 1255 1818 Ephesios
1285 1743 1450 1812 dixit,
1482 1743 1539 1800 id
1581 1749 1670 1818 est
1707 1743 1926 1818 princi-

259 1816 526 1892 patibus,
560 1817 972 1890 potestatibus,
991 1816 1327 1892 _virtutibus_
1364 1821 1542 1888 atque
1575 1816 1924 1892 dominatio-

257 1889 461 1960 nibus,
491 1892 935 2014 coniunguntur
964 1889 1182 1957 throni,
1233 1889 1494 1960 quinque
1524 1893 1664 1943 sunt
1692 1889 1929 1946 ordines

257 1964 363 2014 aui
398 1962 595 2014 snecia
621 1961 733 2014 iter
775 1961 1204 2014 exprimuntur.
1253 1960 1478 2014 Ouibus
1522 1961 1665 2014 dum
1733 1961 1923 2014 angeli

257 1964 363 2036 qui
398 1960 733 2036 specialiter
775 1961 1204 2036 exprimuntur.
1253 1960 1478 2023 Quibus
1522 1961 1665 2036 dum
1693 2032 1702 2036 _
1733 1961 1923 2036 angeli

253 2031 449 2108 atque
492 2031 863 2104 archangeli,
883 2032 1200 2108 cherubim
1249 2037 1424 2102 atque
1470 2032 1768 2108 serapbim
1816 2031 1924 2089 ad-

247 2102 465 2179 juncta
492 2108 652 2179 sunt,
697 2102 899 2179 procul
948 2104 1126 2160 dubio
1165 2119 1370 2160 novem
1419 2120 1548 2161 esse
1579 2102 1923 2176 angelorum

263 2179 507 2236 ordines
538 2177 934 2232 inveniuntur.
966 2198 994 2225 ››

335 2252 414 2306 Ex
450 2250 544 2305 his
569 2248 844 2304 omnibus
875 2264 906 2302 e
938 2246 1215 2317 Gregorio
1239 2247 1449 2318 Magno
1491 2245 1688 2303 allatis
1738 2251 1919 2319 patet,

254 2339 398 2380 eum
425 2321 573 2377 nihil
605 2321 763 2376 aliud
784 2319 1067 2389 voluisse,
1092 2335 1269 2389 quam
1291 2320 1539 2390 probare
1561 2336 1764 2374 novem
1792 2337 1921 2376 esse

260 2396 528 2458 ordines,
561 2410 678 2448 non
702 2409 838 2448 vero
869 2392 1021 2446 inter
1054 2390 1186 2446 illos
1217 2391 1550 2447 describere
1598 2395 1655 2445 et
1701 2392 1917 2447 distin-

259 2482 446 2539 guere
505 2464 886 2539 hierarchias,
920 2480 987 2518 ac
1018 2463 1263 2539 proinde
1286 2462 1432 2517 nihil
1453 2478 1582 2517 esse
1604 2463 1844 2539 mirum,
1867 2463 1917 2519 si

255 2535 530 2610 autipse,
563 2541 672 2610 aut,
699 2536 757 2592 S.
794 2535 1126 2610 Bernardus
1151 2550 1292 2610 eum
1318 2539 1574 2610 secutus,
1608 2535 1916 2610 eiquidam

255 2605 422 2666 l‘orte'
440 2609 544 2664 alii
574 2608 675 2680 qui
709 2607 948 2680 angelos
984 2623 1085 2678 per
1105 2605 1470 2680 hierarchias
1491 2622 1606 2661 non
1631 2605 1914 2662 distinxe-

257 2687 424 2751 runt,
459 2678 641 2736 alium
673 2678 1108 2751 sintlordinem,
1141 2694 1203 2732 re
1235 2678 1433 2751 minus
1477 2683 1910 2751 accurateexa-

255 2750 511 2824 minata,
544 2751 879 2824 amplexati.
904 2750 1049 2824 Nam
1083 2751 1140 2804 in
1169 2750 1446 2824 confesso
1483 2755 1574 2804 est
1607 2750 1909 2824 omnibus,

253 2827 436 2898 longe
464 2821 557 2880 res
588 2821 828 2880 tractari
853 2821 1113 2898 exactius
1146 2823 1216 2877 ab
1249 2823 1319 2877 iis
1349 2821 1451 2898 qui
1483 2823 1811 2898 methodiee
1854 2827 1912 2878 et

249 2893 671 2970 perr'praacepta
693 2895 997 2970 materiam
1012 2893 1279 2970 aliquam
1303 2897 1575 2962 tractant,
1590 2894 1906 2970 deﬁniunt,

247 2965 530 3026 dividunt
561 2965 742 3040 (quod
770 2966 928 3040 fecit
967 2965 1291 3040 Dionysius
1316 2966 1692 3040 Areopagita)
1729 2983 1906 3038 quam

249 3047 333 3097 ab
367 3042 441 3096 iis
473 3037 577 3113 qui
603 3037 966 3111 populariter
995 3042 1054 3092 et
1083 3037 1334 3113 oi'atorio
1353 3037 1607 3113 moread
1632 3039 1906 3093 virtutem

1955 1767 2004 1833 B

2043 459 2214 533 ratus_
2233 463 2310 510 est
2338 458 2396 512 in
2430 457 2669 533 Christo,
2704 459 2979 514 suscitans
3009 460 3178 516 illum
3199 457 3216 462 ⁷
3235 477 3272 514 α
3301 457 3306 459 ⁷
3333 457 3616 533 mortuis,-
3647 469 3706 522 et

2042 530 2488 608 constz’tuens‘ait
2528 531 2812 585 dexteram
2842 548 3005 608 suam
3044 533 3102 587 in
3142 535 3472 604 ciete-Stiuas,
3517 530 3697 608 supra

2042 601 2699 679 eritnemprincipatum,
2746 611 2800 657 et
2857 607 3203 679 potestatem,
3245 612 3296 660 et
3346 601 3623 677 virtutem,
3653 612 3704 662 et

2041 669 2510 749 dominationem,
2535 682 2585 728 et
2613 669 2775 749 omne
2802 669 3020 749 nomen,
3054 669 3198 749 quod
3227 679 3552 734 nominatur
3589 669 3705 736 non

2041 742 2221 818 solum
2261 744 2321 798 in
2347 745 2445 799 hoc
2491 746 2718 818 sweuio,
2750 746 2846 800 sed
2875 742 3076 818 etiam
3101 750 3160 802 in
3200 751 3416 818 futuro.
3465 753 3588 816 Quo
3640 752 3701 808 in

2041 812 2168 869 loco
2200 831 2334 894 cum
2361 812 2733 894 agat_Paulus
2766 819 2841 894 de
2860 817 3076 894 Ghristi
3101 812 3360 894 ascensu,
3380 823 3438 876 in
3465 812 3700 894 ccelum,

2043 901 2159 970 non
2200 887 2739 970 potest_"quispiain,
2784 889 2904 970 nisi
2930 895 3187 970 extreme
3231 893 3502 970 stqlidus,
3549 887 3701 970 quin

2043 957 2114 1013 ab
2129 957 2532 1039 inferioribus
2556 957 2822 1039 incipiat,
2856 965 2912 1017 et
2932 962 3223 1039 gradatim
3252 965 3323 1020 ad
3365 957 3702 1039 superiores

2042 1031 2280 1085 ordines
2319 1033 2623 1101 ascendat,
2647 1031 2957 1089 dubitare:
2995 1034 3061 1090 Et
3091 1043 3286 1091 tamen
3327 1031 3503 1092 audet
3531 1037 3700 1093 Scul-

2041 1104 2202 1184 tctus
2233 1101 2376 1184 (qua
2407 1107 2497 1159 est
2543 1103 2935 1184 impudentia)
2982 1123 3082 1184 _o_re
3124 1107 3397 1184 improbo
3448 1108 3700 1180 effutire,

2040 1173 2387 1248 Dionysium
2419 1173 2763 1248 angelorum
2795 1173 3082 1234 subsellia
3111 1173 3232 1247 (sic
3253 1179 3352 1234 ille
3393 1184 3562 1238 vocat
3592 1173 3697 1237 an;

2041 1243 2307 1318 gelor‘um
2339 1243 2596 1324 ordines)
2629 1265 2744 1305 non
2780 1249 2951 1306 modo
2983 1243 3151 1324 vane,
3180 1252 3282 1307 sed
3316 1250 3492 1308 etiam
3544 1251 3694 1310 t'also

2041 1333 2421 1376 enumerasse
2444 1318 2471 1374 ?

2109 1389 2301 1446 Aliam
2333 1392 2463 1467 ejus
2493 1391 2922 1467 impudentiam
2953 1391 3177 1467 (deilla
3205 1393 3363 1467 enim
3403 1392 3572 1467 satis)
3600 1394 3695 1467 vi-

2040 1461 2306 1537 deamus.
2340 1463 2419 1519 Ea
2449 1463 2510 1518 in
2540 1461 2657 1519 illis
2689 1464 2886 1537 verbis
2907 1461 3171 1537 renidet:
3208 1486 3236 1514 «
3287 1461 3564 1537 lrenasus,
3595 1465 3688 1522 in-

2037 1533 2186 1610 quit,
2219 1533 2319 1592 lib.
2343 1552 2567 1610 n,_cap.
2591 1537 2678 1610 5E}.
2706 1535 3338 1610 istoshierarchiarum
3371 1533 3690 1610 scriptores

2036 1605 2284 1662 delirare
2307 1605 2538 1680 scribit.
2567 1629 2595 1657 »
2628 1608 2778 1672 Quid
2806 1608 2878 1663 ad
2904 1607 3061 1680 hanc
3085 1608 3159 1664 im
3170 1605 3512 1680 pudentiam
3553 1609 3690 1667 addi

2037 1681 2275 1803 plotest‘t
2304 1678 2585 1734 Mentitur
2603 1681 2759 1760 enim
2781 1679 3101 1765 Scultetus,
3134 1678 3190 1737 et
3219 1681 3425 1764 insane
3455 1680 3686 1766 delirat.

2039 1785 2055 1803 ι
2089 1765 2182 1803 am
2217 1767 2288 1803 ne
2317 1751 2492 1803 verbo
2514 1752 2779 1803 quidem.
2825 1767 2932 1803 nec
2961 1754 3064 1803 lbi-
3115 1769 3221 1803 nec
3252 1753 3392 1803 allbl
3439 1754 3510 1803 de
3558 1753 3686 1803 hia-

2039 1751 2182 1823 Nam
2215 1767 2288 1823 ne
2317 1751 2492 1823 verbo
2514 1751 2779 1822 quidem,
2825 1767 2932 1809 nec
2961 1753 3065 1823 ibi,
3115 1769 3221 1809 nec
3252 1753 3392 1809 alibi
3439 1754 3510 1810 de
3557 1752 3690 1810 hie-

2035 1821 2283 1910 i'archiis
2315 1821 2656 1910 angelorum
2688 1821 3270 1910 benesuada-nquam
3300 1825 3434 1908 illas
3464 1825 3686 1910 impro-

2034 1893 2356 1970 bans,_agit
2379 1893 2543 1970 :iimo
2576 1895 2790 1970 directe
2823 1911 2922 1970 eos
2954 1893 3288 1970 impugnat,
3320 1897 3422 1970 qui
3460 1893 3683 1970 relictis

2033 1964 2707 2040 angelis,'a_rchangelis,
2739 1971 2797 2040 et
2825 1968 2957 2023 aliis
2990 1964 3684 2040 angelorum—ordinibus

2030 2036 2272 2111 triginta
2301 2038 2514 2111 {Eonas
2544 2036 2623 2093 'in
2655 2039 2799 2094 coelo
2830 2036 3143 2111 ponebant,
3178 2045 3235 2096 et
3277 2040 3447 2111 quasi
3495 2057 3678 2097 novos

2028 2108 2188 2164 deos.
2222 2110 2372 2182 Quin
2395 2117 2450 2166 el.
2470 2126 2743 2182 expresse
2763 2108 3022 2167 admittit
3051 2116 3108 2168 et
3131 2108 3398 2168 memora
3428 2111 3532 2167 tibi
3565 2112 3680 2169 ali-

2027 2185 2171 2256 quot
2191 2181 2428 2256 ordines
2451 2181 2817 2256 angelorum,
2843 2199 3054 2256 nempe
3076 2183 3468 2256 principatus,
3495 2183 3684 2239 domi-

2026 2251 2316 2326 nationes,
2348 2251 2614 2324 virtutes,
2647 2251 2905 2326 angelos,
2941 2251 3347 2326 archangelos.
3379 2251 3680 2312 Preferam

2022 2322 2152 2399 ipsa
2177 2322 2376 2399 Irenleei
2409 2322 2756 2399 verba,qu6
2773 2328 3100 2399 erubescat,
3135 2322 3195 2383 si
3217 2333 3430 2399 potest,
3463 2328 3674 2384 canina

2021 2396 2265 2470 Sculteti
2297 2396 2686 2470 impudentia.
2714 2400 2910 2470 Agens
2951 2398 3133 2470 igitur
3183 2396 3436 2455 [renisus
3469 2403 3675 2456 contra

2019 2469 2371 2544 Marcionem
2417 2474 2473 2524 et
2499 2469 2876 2526 Valentinum
2920 2469 2985 2526 in
3005 2470 3107 2526 illo
3145 2469 3275 2541 ipso
3301 2472 3511 2544 icapite
3543 2472 3672 2544 jam

2018 2540 2217 2610 citato,
2249 2545 2308 2594 et
2339 2557 2608 2597 asserens
2653 2557 2834 2597 unum
2887 2558 3018 2598 esse
3051 2540 3252 2598 verum
3299 2540 3510 2609 Deum,
3546 2540 3676 2600 'non

2018 2612 2188 2686 duos,
2212 2629 2327 2667 non
2353 2612 2572 2684 plures,
2597 2613 2679 2668 sic
2703 2613 2782 2668 ait
2803 2612 2959 2686 inter
2980 2612 3096 2668 alia
3119 2629 3132 2666 :
3170 2635 3198 2665 ‹‹
3221 2615 3352 2686 Ipse
3390 2613 3676 2672 Dominus

2017 2683 2281 2740 omnium
2293 2724 2308 2749 ,
2322 2683 2379 2739 et
2392 2701 2581 2756 neque
2594 2688 2803 2759 praeter
2817 2685 3035 2759 ipsum,
3056 2683 3438 2759 neque—super
3450 2686 3646 2759 ipsum
3663 2727 3677 2754 ,

2016 2771 2208 2827 neque
2255 2761 2444 2812 mater
2483 2773 2661 2827 quam
2711 2756 2796 2811 illi
2844 2756 3329 2825 admenliuntur;
3362 2756 3491 2814 nec'
3522 2757 3679 2814 Deus

2015 2826 2163 2902 a_lter
2191 2843 2367 2898 quem
2397 2826 2652 2902 Marcion
2685 2828 2948 2897 afﬁnxit;
2987 2844 3092 2884 nec
3121 2827 3389 2885 Pleroma
3429 2829 3680 2902 triginta

2012 2899 2288 2983 dicundi,
2311 2901 2469 2983 quod
2491 2916 2709 2955 vanum
2733 2905 3037 2983 ostensum
3057 2904 3148 2983 est
3169 2917 3185 2970 ;
3209 2899 3676 2983 neque.By_thus,

2014 2987 2204 3042 neque
2237 2970 2546 3044 Proarche,
2580 2988 2769 3044 neque
2801 2971 2953 3039 ccsli,
2986 2988 3092 3029 nec
3123 2970 3324 3028 lumen
3365 2970 3679 3044 virginale,

2016 3059 2120 3098 nec
2151 3046 2294 3098 onn
2345 3043 2816 3116 innominabilis,
2863 3060 2969 3100 nec
3000 3044 3058 3116 in
3109 3047 3297 3099 totum
3345 3043 3671 3116 quidquam

248 3113 406 3208 alios
438 3110 822 3208 eihoriantui
847 3110 1383 3208 :unemzadmodum
1413 3110 1633 3208 ferocisse
1680 3113 1910 3208 coeptat
1941 3140 1984 3208 C
2023 3131 2248 3208 eorum,
2282 3130 2410 3208 quis
2441 3116 2512 3208 ab
2545 3115 2638 3170 his
2670 3120 2728 3171 et
2747 3110 2844 3208 1ab
2879 3115 3159 3208 ompibue
3189 3110 3479 3208 haereticis
3511 3110 3674 3173 'deli-

248 3185 603 3255 Gregorium
628 3183 832 3239 homil.
863 3183 933 3237 34
962 3184 1021 3236 in
1042 3182 1512 3255 Evangelia,et§.
1547 3182 1910 3238 Bernardum

253 3252 440 3314 serm.
475 3257 544 3311 l9
575 3259 633 3311 in
666 3256 951 3311 Canticum
995 3256 1360 3309 canticorum.
1400 3252 1575 3309 Aliud
1621 3259 1709 3308 est
1753 3255 1908 3309 enim

252 3345 566 3387 sermones
588 3333 646 3384 et
676 3326 975 3394 homilias,
1009 3325 1170 3381 aliud
1200 3326 1383 3380 libros
1414 3321 1758 3387 διδακτικούς
1777 3326 1914 3382 scri-

251 3405 429 3458 bere.

335 3475 523 3538 Quare
545 3469 645 3541 qui
662 3470 769 3526 hos
788 3468 1172 3539 scripserunt,
1196 3472 1262 3523 ut
1299 3465 1384 3521 illi
1425 3466 1913 3541 scholasticorum

252 3538 582 3616 principes,
613 3542 872 3616 Joannes
904 3538 1304 3616 Damascenus
1322 3539 1476 3616 apud
1498 3538 1748 3606 Graecos,
1771 3540 1916 3595 Tho-

250 3612 388 3672 mas
420 3612 688 3686 Aquinas
718 3614 872 3685 apud
907 3613 1167 3686 Latinos,
1200 3628 1316 3686 n_oin
1348 3612 1528 3686 alium
1577 3615 1918 3686 statuerunt

247 3683 529 3745 ordinem
562 3703 738 3756 quam
757 3683 898 3740 eum
932 3700 1104 3754 quem
1128 3684 1189 3756 in
1223 3683 1497 3756 Dionysio
1531 3683 1916 3756 nostroiinve-

246 3765 492 3816 nerunt.
543 3755 946 3814 Damascenus
1003 3755 1239 3826 quidem
1273 3757 1330 3808 in
1395 3755 1542 3811 libro
1577 3757 1646 3809 De
1671 3755 1777 3824 ﬁde
1824 3771 1917 3811 or-

244 3831 517 3895 thodoxa,
577 3848 707 3902 cap.
767 3833 823 3894 8,
883 3827 1142 3902 Thomas
1203 3831 1400 3902 autem
1451 3843 1464 3878 ι
1522 3843 1577 3896 p.
1632 3843 1732 3902 qu.
1793 3826 1916 3892 108,

243 3908 369 3960 art.
401 3905 438 3958 5
467 3911 519 3958 et
551 3904 604 3967 6,
628 3898 685 3956 et
716 3905 849 3971 post
879 3898 1026 3954 alios
1073 3898 1272 3954 cuncti
1306 3898 1396 3971 ad_
1421 3915 1606 3953 unum
1652 3900 1921 3971 doctores

247 3973 621 4032 scholastici.
657 3969 786 4028 Haec
818 3977 1015 4027 autem
1048 3971 1235 4026 tacuit
1266 3969 1564 4026 Scultetus
1594 3969 1680 4025 vel
1722 3986 1792 4025 ex
1831 3971 1921 4025 in-

249 4046 453 4114 scitia,
486 4045 572 4101 vel
603 4063 669 4101 ex
703 4044 964 4100 malitia:
1000 4059 1105 4098 nec
1135 4043 1403 4107 dubium,
1437 4044 1581 4113 quin
1633 4041 1813 4114 etiam
1854 4059 1923 4097 ex

250 4115 816 4190 impudentia._.lam
847 4132 980 4190 vero
1005 4115 1063 4170 S.
1088 4114 1350 4186 Dionysii
1370 4113 1731 4190 Areopagitae
1763 4114 1924 4169 ordi-

239 4185 400 4248 nem
434 4189 592 4245 omni
625 4187 738 4244 alio
769 4189 1092 4254 meliorem,
1126 4203 1191 4241 ac
1224 4185 1531 4257 propterea
1563 4185 1770 4241 merito
1802 4191 1858 4241 et
1891 4202 1925 4240 a

247 4267 650 4328 Damasceno,
700 4264 758 4315 et
787 4261 859 4316 ab
889 4259 1180 4329 Aquinaté
1224 4260 1382 4313 etab
1437 4258 1716 4312 omnibus
1756 4257 1922 4312 scho-

251 4335 493 4392 lasticis
537 4336 888 4403 usurpatum
947 4347 1017 4385 ex
1047 4330 1257 4403 eodem
1300 4330 1557 4403 probabo
1607 4330 1865 4403 doctore,
1891 4345 1925 4383 a

249 4424 380 4480 quo
408 4405 578 4480 illum
603 4401 1087 4480 primus_ac_cepit
1118 4401 1458 4480 Dionysius,
1485 4418 1694 4480 nempe
1717 4419 1750 4456 a
1778 4401 1924 4480 doc-

249 4472 389 4536 tore
419 4472 684 4550 gentium
710 4475 890 4550 Paulo
921 4472 1342 4550 Dionysiiolim
1365 4472 1602 4550 gentilis
1639 4472 1921 4550 magistro

254 4553 333 4608 Et
363 4544 450 4606 sic
480 4550 690 4621 probo:
729 4549 805 4621 De
834 4544 1090 4621 quatuor
1123 4544 1329 4621 primis
1353 4544 1682 4621 ordinibus,
1707 4545 1814 4621 hoc
1835 4547 1926 4621 est

252 4626 337 4680 de
367 4615 689 4692 seraphim,
723 4620 793 4675 de
827 4615 1151 4687 cherubim,
1185 4617 1256 4692 de
1287 4615 1515 4692 thronis
1545 4619 1704 4692 cide
1733 4616 1924 4670 domi-

255 4688 628 4762 nationibus,
664 4691 820 4746 inter
848 4707 1054 4746 omnes
1085 4689 1325 4762 omnino
1355 4688 1561 4762 liquet.
1586 4689 1738 4743 Nam
1789 4704 1926 4762 cum

256 4765 542 4833 Dionysio
567 4759 918 4834 Areopagita
945 4763 1122 4818 etiam
1138 4760 1474 4834 Gregorius,
1493 4765 1550 4814 et
1574 4759 1924 4834 Bernartius,

257 4847 322 4897 et
349 4831 452 4894 alii
483 4831 883 4902 consentiunt,
902 4849 1130 4906 nempe
1158 4833 1292 4888 illos
1313 4849 1443 4906 esse
1484 4832 1752 4906 omnium
1780 4831 1926 4906 _Apri_-

258 4929 431 4978 mos;
467 4911 540 4966 de
569 4908 803 4964 duobus
839 4905 1013 4960 etiam
1048 4903 1364 4978 postremis
1395 4905 1721 4978 ordinibus,
1774 4903 1924 4960 558

258 4985 377 5039 hoc
400 4976 510 5050 est,
545 4982 616 5036 de
641 4978 1032 5050 archangelis,
1049 4976 1122 5032 let
1143 4976 1392 5048 angelis,
1412 4976 1653 5050 perinde
1673 4979 1924 5031 constat.

262 5057 472 5111 Restat
498 5049 686 5123 igitur
717 5051 788 5107 de
819 5049 1006 5104 tribus
1064 5055 1292 5123 tantum
1326 5049 1626 5123 ordinibus
1691 5051 1928 5123 controo

258 5127 478 5192 versis,
512 5118 622 5180 Hoc
652 5129 765 5189 est,
797 5123 869 5177 de
898 5122 1238 5188 virtutibus,
1264 5121 1656 5192 potestatibus
1685 5124 1743 5175 et
1774 5118 1931 5190 prin-

259 5198 585 5270 cipatibus,
619 5196 816 5270 sintne
847 5194 902 5248 in
938 5192 1083 5270 coelo
1113 5193 1222 5270 hoc
1265 5193 1491 5258 ordine,
1542 5193 1928 5270 quemadmo-

263 5263 415 5350 dum
447 5269 756 5350 Dionysius
777 5266 1113 5350 constituit,
1149 5265 1288 5350 sive,
1335 5282 1408 5350 an
1456 5263 1930 5350 supra_archan:

262 5342 432 5416 gelos
455 5335 707 5416 proximi
742 5337 864 5394 sint
897 5337 1290 5416 principatus,
1321 5341 1379 5392 et
1421 5352 1612 5416 supra.
1649 5335 1764 5416 hos.
1809 5335 1932 5416 sint

263 5407 614 5486 potestates,
645 5415 704 5486 et
734 5407 916 5486 supra
972 5407 1292 5486 potestates
1323 5407 1632 5486 emineant.
1663 5408 1928 5486 virtutes,

264 5478 487 5542 deinde
535 5478 990 5550 dominationes,
1023 5481 1178 5536 sicut
1207 5481 1266 5534 in
1317 5480 1538 5536 ccelesti
1575 5478 1928 5535 hierarchia.

265 5559 419 5614 Ecce
457 5557 643 5629 igitur
670 5554 862 5629 locus
886 5552 1045 5609 Pauli
1088 5553 1493 5629 adEphesios
1538 5567 1670 5629 cap.
1707 5569 1746 5629 I_,
1785 5551 1850 5604 lt)
1878 5559 1933 5606 et

264 5642 462 5701 seqq.,
484 5623 592 5684 ubi
623 5627 726 5701 tali
758 5627 948 5701 utitur
967 5623 1396 5701 gradationeAde
1409 5623 1648 5701 Christo
1671 5624 1742 5678 ad
1767 5639 1934 5677 sum-

265 5694 519 5758 mamin
553 5700 696 5756 coelo
727 5694 993 5770 gloriam
1010 5697 1234 5756 elevato
1269 5696 1396 5765 :Qui
1423 5694 1704 5752 credimus
1737 5710 1934 5751 secun-

349 5843 424 5918 (d)
453 5843 668 5919 Ephes.
699 5857 739 5913 1,
768 5841 860 5895 21.
893 5838 964 5912 (e)
997 5839 1134 5911 Cap.
1169 5857 1210 5914 ι,
1243 5839 1330 5896 16.

597 5971 864 6030 ΡΑιιπιιοι.
912 5967 1022 6028 Gn.
1066 5966 1170 6029 IV.

2023 3191 2230 3242 rantur
2249 3204 2268 3248 ,·
2287 3190 2386 3242 sed
2403 3187 2566 3260 solus
2580 3205 2656 3260 un
2668 3205 2695 3243 ιι
2707 3205 2733 3242 s
2747 3187 2904 3244 Deus
2920 3187 3254 3260 fabricator,
3278 3189 3378 3260 qui
3396 3193 3484 3244 est
3498 3205 3677 3260 super

2018 3275 2254 3314 omnem
2284 3258 2806 3331 principalitatem,
2853 3267 2905 3315 et
2939 3258 3422 3331 dominationem,
3464 3264 3522 3316 et
3561 3258 3676 3315 vir-

2017 3335 2229 3386 tutem.
2265 3355 2292 3382 )›

2089 3403 2234 3484 Ecce
2261 3401 2442 3484 igitur
2475 3416 2574 3483 eos
2605 3418 2753 3483 quos
2781 3401 3059 3484 vanitatis
3090 3401 3596 3484 Irenmusarguit,
3619 3405 3679 3458 et

2019 3473 2159 3528 dicit
2189 3473 2458 3538 delirare,
2493 3473 2775 3528 nimirum
2806 3473 3157 3529 Marcionem
3190 3475 3338 3530 duos
3359 3473 3677 3543 ﬁngentem

2021 3544 2601 3612 deos;Valentinum
2636 3546 2882 3616 triginta
2930 3545 3390 3602 constituentem
3438 3546 3676 3602 Eonas.

2022 3621 2077 3672 et
2106 3616 2364 3688 reliquos
2385 3633 2591 3672 omnes
2608 3617 2932 3683 hereticos,
2959 3616 3122 3672 nulla
3143 3617 3231 3673 vel
3273 3617 3522 3674 minima
3550 3617 3680 3674 Dio-

2021 3689 2172 3760 nysii
2204 3698 2302 3744 aut
2335 3688 2797 3761 hierarchiarum
2828 3690 2957 3761 ejus
3009 3690 3160 3744 facta
3200 3689 3518 3761 mentione,
3565 3689 3680 3744 nisi

2024 3759 2440 3835 quodordines
2461 3760 2692 3835 aliquos
2711 3759 3058 3835 nominavit,
3085 3761 3143 3816 in
3163 3762 3382 3834 quibus
3403 3759 3683 3835 per-prin-

2025 3831 2383 3904 cipalitatem
2427 3831 2704 3906 intelligit
2744 3833 3143 3906 principatus,
3183 3831 3331 3906 “non,
3372 3831 3570 3890 tamen
3618 3835 3683 3888 ut

2025 3906 2370 3977 reprobans,
2392 3905 2491 3960 sed
2516 3909 2580 3959 ut
2602 3905 2856 3977 maxime
2889 3905 3220 3977 approbans
3247 3930 3260 3971 ;
3287 3905 3440 3961 sicut
3460 3905 3680 3977 ibidem

2024 3975 2203 4047 paulo
2255 3977 2527 4043 inferius,
2583 3993 2717 4032 cum
2765 3975 3029 4030 dicit?»
3083 3975 3182 4030 Hic
3232 3977 3403 4032 Pater
3449 3976 3680 4032 Domini

2026 4047 2361 4104 nostrilesu
2385 4047 2597 4102 Christi
2624 4047 2996 4119 perVerbum
3023 4063 3198 4119 suum
3226 4049 3242 4119 (
3268 4047 3675 4119 quiestFilius

2026 4121 2178 4190 ejus)
2202 4117 2994 4175 revelaturetmanifestatur
3015 4117 3301 4190 omnibus
3335 4118 3552 4190 quibus
3585 4134 3675 4174 re-

2025 4189 2288 4246 veletur:
2324 4195 2686 4261 cognoscunt
2724 4190 2875 4245 enim
2910 4206 3047 4246 eum
3074 4189 3156 4258 hi,
3191 4189 3406 4260 quibus
3452 4191 3677 4246 revela-

2027 4264 2174 4334 verit
2194 4261 2396 4334 Filius.
2419 4267 2661 4334 Semper
2690 4267 2884 4318 autem
2909 4261 3267 4334 coexsistens
3300 4261 3476 4318 Filius
3518 4261 3678 4334 Patri

2028 4333 2168 4390 olim
2196 4338 2252 4387 et
2277 4335 2348 4389 ab
2382 4332 2813 4406 initio—semper
2833 4333 3052 4388 revelat
3072 4333 3300 4406 Patrem
3332 4339 3391 4390 et
3433 4333 3681 4406 angelis,

2029 4410 2087 4461 et
2109 4405 2499 4477 archangelis,
2523 4407 3005 4478 etpotestatibus,
3030 4411 3086 4478 et
3109 4405 3448 4478 virtutibus,
3474 4405 3531 4462 et
3551 4423 3681 4478 om-

1951 4509 2000 4575 D
2031 4478 2207 4533 nibus
2240 4476 2848 4575 vultreveiareDeiis.
2893 4479 3048 4575 »Γμθἶ
3070 4477 3168 4558 ibi.
3207 4478 3343 4575 Scdq
3359 4479 3520 4575 idem
3554 4477 3682 4575 ire-

2033 4565 2194 4606 naeus
2220 4550 2394 4620 priori
2420 4549 2609 4620 capite
2628 4550 2894 4620 ejusdem
2917 4549 3076 4616 libri,
3094 4549 3213 4604 sive
3237 4566 3288 4604 ο.
3311 4550 3402 4615 74,
3445 4550 3685 4604 eosdem

2032 4621 2296 4676 refutans
2331 4620 2769 4693 Valentinianos
2812 4620 3073 4693 insinuat
3109 4620 3300 4676 varios
3341 4621 3688 4693 angelorum

2031 4693 2289 4764 ordines,
2319 4697 2376 4747 et
2403 4692 2556 4747 inter
2600 4693 2835 4749 ordines
2886 4692 3152 4764 singulos
3195 4692 3563 4761 discrimina,
3594 4692 3691 4748 his

2033 4763 2261 4820 verbis:
2292 4787 2320 4816 ‹‹
2356 4765 2659 4827 Praeterea,
2692 4764 2742 4820 si
2777 4782 2876 4835 per
2904 4764 3066 4834 ipsos
3090 4782 3158 4819 ea
3183 4783 3310 4834 qua}
3332 4770 3473 4820 sunt
3513 4779 3692 4836 super

2035 4835 2210 4892 oculos
2233 4837 2383 4891 facta
2402 4842 2559 4902 sunt,
2594 4836 2794 4892 dicant
2815 4836 2980 4892 nobis
3010 4853 3138 4908 quas
3171 4837 3248 4892 sit
3298 4835 3691 4892 invisibilium

2037 4913 2268 4975 natura,
2303 4912 2904 4981 enarrentnumerum
2931 4907 3296 4981 angelorum,
3329 4914 3384 4964 et
3422 4907 3689 4964 ordinem

2037 4980 2550 5051 archangelorum,
2595 4980 3028 5035 demonstrent
3079 4980 3429 5035 tbronorum
3491 4995 3690 5035 sacra-

2037 5059 2252 5118 menta,
2275 5056 2333 5106 et
2359 5053 2603 5108 doceant
2626 5052 2995 5107 diversitates
3018 5051 3510 5120 dominationum,
3538 5051 3695 5123 prin-

2036 5124 2365 5194 cipatuum,
2429 5128 3000 5195 potestatum,atque
3049 5124 3354 5178 virtutum.
3407 5124 3519 5179 Sed
3567 5139 3686 5178 non

2037 5195 2502 5268 habentdicere.
2552 5196 2678 5252 Non
2720 5212 2858 5268 ergo
2903 5212 3003 5266 per
3032 5211 3133 5252 eos
3156 5195 3308 5250 facta
3357 5199 3516 5250 sunt.
3552 5216 3579 5244 »
3612 5198 3692 5250 De

2039 5269 2147 5324 hoc
2174 5266 2341 5321 satis.

2112 5338 2278 5410 Aliud
2302 5341 2714 5407 argumentum
2742 5338 2980 5395 Sculteti
3005 5341 3095 5394 est
3114 5337 3253 5392 hoc:
3277 5360 3305 5388 «
3325 5337 3697 5410 Augustinus

2037 5409 2097 5464 in
2131 5409 2467 5465 Enchiridio
2492 5413 2563 5466 ad
2591 5410 2970 5466 Laurentium
3000 5426 3128 5481 cap.
3179 5410 3269 5472 58,
3325 5409 3602 5477 affirmat,
3635 5425 3699 5465 se

2037 5483 2266 5537 nescire
2289 5483 2527 5554 ordines
2571 5482 2914 5554 angelorum
2935 5486 2993 5538 et
3011 5498 3228 5554 eorum
3252 5481 3638 5537 dill'erentias.
3670 5502 3700 5554 ξι

2039 5555 2187 5619 Quid
2219 5553 2391 5608 tum?
2423 5571 2497 5608 an
2531 5552 2733 5624 omnia
2769 5553 2940 5610 scivit
2983 5552 3354 5624 Augustinus
3375 5555 3404 5609 ?
3428 5572 3499 5608 an
3537 5553 3693 5624 quod

2037 5625 2137 5680 ille
2169 5625 2433 5698 nescivit,
2468 5623 2918 5698 nullusiscivit?
2951 5623 3149 5698 Magni
3182 5626 3292 5681 fuit
3335 5623 3581 5697 ingenii,
3613 5623 3699 5698 fa-

2037 5701 2184 5766 teor,
2230 5697 2465 5768 rarique
2505 5695 2740 5767 judicii,
2781 5697 2902 5755 imo
2951 5703 3010 5755 et
3042 5693 3172 5770 ejus
3217 5693 3446 5770 quoque
3473 5693 3700 5753 sancti-

3305 5967 3380 6026 ΞΩ
