4130 6384
275 341 381 399 925

1233 346 1296 396 Ρ.
1337 343 1656 400 HALLOIX
1692 344 1845 401 80C.
1885 347 2061 401 JEBU
2100 346 2570 410 QUESTIONES
2608 349 2704 403 IV.

3596 350 3705 407 926

273 468 468 548 lorum
497 464 775 548 Epistolis
809 480 823 519 :
857 464 1106 548 uhivitaa
1136 464 1774 548 Qhristianaiﬁperfectto
1798 482 1926 522 oon-

2043 470 2236 548 IttXO‘t‘C.
2269 466 2552 548 minisaut,
2602 468 2730 548 ἀλλ’
2778 469 3140 548 ἕνιαίριςυκαὶ
3192 477 3465 548 μοναχοῖς
3513 471 3591 548 sic
3636 474 3701 529 τὸ

275 540 494 595 tinetur
517 545 575 593 et
603 539 1085 609 commendatur,
1107 538 1248 600 sive,
1284 555 1421 592 cum
1469 538 1737 594 Christus
1768 556 1929 609 qua:-

272 611 421 666 renti
453 609 523 665 de
550 609 671 664 vita
701 618 921 664 aeterna
961 608 1320 664 adolescenti
1374 611 1681 680 respondit
1714 627 1728 665 :
1761 608 1823 665 Si
1852 614 1933 666 vis

265 685 543 754 perfectus
572 698 713 754 esse,
747 680 900 754 uade,
952 681 1123 736 vende
1149 695 1275 754 qua
1322 680 1513 754 habes,
1545 689 1597 736 et
1624 682 1696 754 da
1719 700 1930 753 paupe-

277 751 794 834 ribus,‘et“habebis
821 751 1236 834 thesaurum'in
1257 753 1437 834 calo":
1471 760 1524 807 et
1552 753 1697 823 veni,
1714 751 1934 834 sequere

274 825 502 897 me(m).
540 824 611 879 Et
642 840 779 879 cum
810 823 1120 895 discipulis
1154 824 1301 879 dixit
1333 841 1346 878 :
1379 824 1520 879 Sunt
1546 823 1805 892 eunuchi,
1840 826 1935 897 qui

270 913 328 953 se
357 896 500 968 ipsos
530 899 909 968 castraverztnt
951 898 1175 968 propter
1231 912 1466 968 regnum
1511 901 1793 968 caelorum.
1828 896 1934 966 Qui

268 966 440 1040 potest
466 983 681 1040 capere,
713 966 898 1038 capiat
928 968 1033 1039 (η).
1053 966 1207 1022 ἐἰνθ
1238 984 1368 1022 cum
1404 967 1622 1024 Paulus
1652 970 1724 1024 ad
1756 969 1930 1025 casti-

271 1039 529 1095 moniam
579 1039 899 1095 adhortans
944 1040 1069 1095 ait:
1111 1039 1232 1095 Volo
1281 1043 1475 1095 autem
1532 1056 1619 1094 vos
1666 1042 1787 1096 sine
1815 1042 1929 1097 sol-

270 1110 755 1185 licitudinehesse.
819 1110 926 1185 Qui
983 1127 1160 1185 umore
1210 1114 1311 1178 est,
1356 1112 1642 1185 sollicitus
1685 1115 1761 1167 est
1808 1128 1933 1185 qua:

267 1192 400 1256 sunt
426 1182 648 1256 mundi,
672 1182 936 1255 quomodo
957 1184 1383 1256 placeatruxori,
1406 1193 1456 1256 et
1487 1184 1696 1239 divisus
1723 1182 1928 1256 est—(0).

266 1254 351 1327 Ex
399 1254 501 1327 ille
548 1254 706 1310 enim
767 1260 1049 1327 tempore,
1100 1255 1259 1310 velut
1304 1254 1517 1327 audito
1567 1254 1930 1327 perfectidris

267 1326 396 1381 vitae
429 1325 677 1383 classico
708 1329 765 1381 et
796 1325 1119 1398 apostolica
1171 1326 1460 1398 castitatis
1510 1325 1655 1383 tuba
1683 1333 1930 1384 cuncto-

272 1414 406 1454 rum
438 1398 681 1454 auribus
710 1397 1041 1466 inso’nante,
1068 1397 1308 1470 plurimi
1329 1399 1400 1453 ad
1435 1399 1840 1455 castimoniam
1875 1404 1932 1455 et

267 1471 397 1526 vitae
430 1470 749 1542 puritatem
782 1487 816 1525 a
846 1470 1214 1526 saecularium
1263 1470 1631 1542 negotiorum
1666 1474 1929 1527 tumultu

267 1541 558 1599 secretam
590 1541 944 1614 aspiravere.
1000 1543 1154 1599 572
1187 1544 1373 1606 Quam
1425 1541 1525 1613 qui
1555 1546 1791 1600 externo
1823 1543 1930 1599 ba-

265 1615 393 1686 bitu
420 1618 478 1670 et
519 1613 885 1686 professione
918 1619 1139 1686 certam
1186 1614 1493 1683 faciebant,
1541 1613 1812 1671 monachi
1841 1615 1930 1671 vel

267 1685 1172 1759 cultores’appellabanturq;alii
1195 1689 1389 1759 autem
1418 1689 1648 1741 tantum
1676 1686 1926 1743 cazlibes.

265 1758 335 1814 Et
368 1757 605 1813 horum'
635 1757 875 1830 quidem
929 1757 1195 1812 caelibum
1244 1757 1304 1830 in
1354 1761 1602 1830 utroque
1636 1775 1772 1814 sexu
1810 1775 1925 1814 non

263 1846 590 1903 paucorum
623 1828 1029 1903 meminerunt
1047 1828 1301 1903 secundi
1319 1900 1332 1903 _
1354 1828 1564 1903 seaculi
1589 1830 1927 1903 scriptores,

265 1900 330 1957 ut
361 1905 577 1973 notant
611 1901 681 1956 ad
717 1900 914 1956 Vitam
948 1901 1005 1956 S.
1038 1901 1251 1956 Justini
1278 1900 1633 1973 philosophi.
1666 1900 1933 1958 Priorum

266 1979 489 2047 autem,
523 1972 643 2028 sive
674 1973 1101 2028 monachorum
1134 1973 1296 2044 (quia
1321 1972 1542 2047 scilicet
1574 1973 1718 2029 nihil
1751 1974 1935 2047 genti-

263 2045 410 2101 lium
446 2047 745 2113 intererat,
781 2049 982 2100 contra
1036 2061 1183 2115 quos
1234 2045 1594 2113 scribebant,
1628 2062 1727 2101 eos
1760 2045 1933 2101 nosse

265 2118 357 2172 vel
389 2116 539 2171 tales
566 2120 714 2171 ritus
755 2116 925 2187 scire)
974 2134 1089 2171 non
1142 2116 1560 2171 meminerunt.
1609 2118 1753 2172 Nam
1789 2118 1934 2172 satis

272 2190 577 2244 habebant
608 2189 935 2252 ostendere,
967 2189 1327 2243 Christianos
1359 2204 1473 2243 non
1507 2204 1636 2243 esse
1666 2188 1934 2260 impuros

269 2264 326 2315 et
354 2260 635 2325 incestos,
660 2261 1158 2331 quemadmodum
1178 2260 1293 2330 ipsi
1316 2275 1415 2313 eos
1445 2260 1930 2315 criminabantur.

270 2333 441 2388 Ritus
473 2337 670 2387 autem
702 2332 1082 2386 consecrandi
1136 2333 1512 2400 monachum,
1548 2338 1612 2385 ut
1661 2332 1760 2387 illo
1791 2339 1935 2387 tem-

269 2420 432 2473 pore,
465 2402 558 2458 hic
592 2408 683 2458 est
715 2420 727 2457 :
758 2404 1043 2459 Sacerdos
1092 2408 1226 2457 ante
1257 2401 1439 2475 altare
1492 2408 1680 2459 certas
1726 2420 1933 2475 precn—

266 2476 467 2531 tiones
497 2491 601 2545 pro
632 2476 1048 2539 consecrando,
1073 2475 1173 2544 qui
1205 2480 1338 2545 post
1361 2474 1528 2529 illum
1563 2474 1759 2530 rectus
1789 2482 1930 2541 stat,

264 2548 334 2602 ad
377 2547 561 2602 Deum
596 2548 858 2619 spargit;
893 2547 1109 2617 quibus
1140 2546 1345 2619 ﬁnitis,
1375 2548 1445 2600 ad
1479 2562 1638 2611 eum,
1672 2548 1768 2616 qui
1794 2564 1930 2619 con-

266 2620 598 2674 secrandus
627 2617 737 2687 est,
771 2634 1089 2673 conversus
1140 2617 1305 2687 petit,
1340 2633 1411 2671 an
1463 2619 1640 2672 rebus
1666 2624 1723 2671 et
1771 2618 1932 2673 curis

261 2690 656 2745 saecularibus
677 2691 954 2744 nuntium
970 2687 1255 2761 remittat;
1280 2691 1546 2761 oportere
1559 2689 1714 2743 enim
1732 2690 1931 2761 ipsum

258 2763 448 2817 vitam
483 2762 709 2833 reliquo
732 2761 947 2832 populo
970 2760 1371 2833 perfectiorem
1404 2760 1709 2815 instituere
1732 2760 1929 2832 :quod

262 2832 835 2906 professum’forma
854 2835 1044 2889 crucis
1070 2832 1288 2906 signat,
1312 2833 1632 2903 tondetque
1662 2832 1931 2889 invocata

261 2903 649 2960 sanctissima
678 2905 983 2973 Trinitate,
1012 2913 1069 2959 et
1096 2903 1273 2959 veteri
1304 2907 1544 2958 exutum
1571 2910 1752 2969 veste,
1781 2921 1929 2961 nova

260 2976 491 3041 induit,
521 2976 760 3041 salutat,
794 2981 851 3031 et
880 2992 1013 3049 cum
1046 2975 1147 3049 illo
1178 2974 1277 3030 alii
1306 2974 1417 3029 viri
1452 2975 1625 3047 sacri,
1657 2992 1725 3031 ac
1765 2982 1927 3049 post-

261 3065 431 3105 remo
458 3064 627 3103 sacra
653 3048 1070 3103 communione
1099 3048 1298 3102 donat.

334 3119 412 3175 Et
445 3120 644 3174 omnis
675 3119 844 3187 ritus,
876 3123 1114 3191 propter
1143 3135 1343 3190 quem,
1385 3117 1553 3189 quasi
1586 3116 1687 3191 illo
1719 3118 1928 3191 saeculo

2044 536 2438 617 Becetaénarov
2479 536 2841 616 ἀναγομένην.
2902 536 3241 617 ϐαρίὶιοντιθη
3285 536 3470 603 auiam
3505 536 3699 603 deton-

2041 614 2125 666 sio
2152 630 2352 687 puram
2380 630 2481 670 nec
2525 614 2770 685 fucatam
2818 614 2991 672 vitam
3018 620 3281 686 declarat,
3324 634 3432 674 non
3465 618 3698 687 ﬁctitia-

2042 700 2170 737 rum
2199 684 2516 752 ﬁgurarum
2558 687 2868 757 adjections
2912 684 3325 759 deformitatem
3364 684 3565 745 mentis
3594 691 3693 745 ad-

2041 767 2353 832 ornantem.
2382 759 2473 814 sed
2519 761 2804 832 ipsamqin
2847 776 2907 832 se
2951 760 3097 832 ipsa,
3146 778 3257 816 non
3307 762 3571 827 humana,
3603 761 3698 817 sed

2041 827 2321 907 singulari
2348 834 2402 884 et
2430 827 2597 907 unica
2623 827 3075 901 pulchritudine,
3106 833 3177 886 ad
3207 833 3263 887 id
3291 834 3430 903 quod
3458 833 3695 889 divinis.

2040 902 2247 953 simum
2275 908 2374 967 est,
2408 902 2785 958 adducentem.

2114 970 2261 1026 Nota
2288 971 2451 1039 item,
2484 974 2553 1028 de
2586 974 2839 1045 simplici
2862 973 3134 1030 tonsione
3161 973 3323 1045 loqui
3356 974 3453 1029 hic
3482 973 3694 1043 Diony-

2043 1041 2221 1107 sium,
2257 1060 2370 1098 non
2405 1046 2477 1099 de
2506 1041 2770 1114 tonsura,
2802 1051 2869 1100 ut
2901 1046 3030 1116 jam
3062 1041 3408 1116 loquuntur,
3441 1041 3697 1100 clericali

2043 1118 2154 1186 aut
2178 1116 2507 1171 iuonarhali
2532 1117 2589 1171 in
2609 1134 2831 1173 coronae
2851 1120 3116 1186 modum,
3135 1117 3371 1172 tametsi
3399 1117 3499 1172 illa
3520 1117 3695 1171 etiam

2042 1185 2285 1259 antiqua
2327 1188 2504 1257 (unde
2538 1195 2595 1244 et
2642 1190 2967 1259 antiquitas
3017 1185 3296 1259 horumce
3337 1189 3696 1259 scriptorum

2042 1256 2412 1332 intelligitur)
2434 1264 2491 1332 et
2519 1276 2624 1332 per
2654 1256 2827 1316 verba
2856 1260 2976 1327 illa,
3017 1258 3374 1319 ἐπιπλάστοες
3417 1256 3693 1332 σχήμασι,

2040 1327 2259 1403 ﬁctiliis
2278 1330 2496 1400 ﬁguris,
2519 1327 2576 1387 ἐι
2596 1329 2933 1400 ἐπιθετικῶς,
2954 1332 3233 1402 adjective,
3259 1327 3696 1403 prorsusvideri

2042 1400 2331 1471 respicere
2361 1405 2433 1458 ad
2484 1420 2684 1460 comas
2730 1400 3200 1471 Atheniensium,
3233 1400 3383 1474 quas
3423 1403 3692 1474 adjectis,

2042 1476 2107 1525 ut
2132 1474 2253 1545 dixi
2274 1475 2471 1529 aureis
2493 1477 2710 1531 cicadis
2733 1476 3117 1531 adornabant.
3142 1480 3217 1529 De
3237 1476 3455 1545 quibus
3474 1475 3696 1530 cicadis

2041 1558 2149 1613 ago
2182 1543 2450 1615 pluribus
2475 1547 2533 1600 in
2577 1549 2980 1604 notationibus
3009 1549 3080 1602 ad
3118 1543 3307 1602 Vitam
3338 1547 3525 1601 sancti
3557 1546 3693 1600 Hie-

2042 1615 2248 1690 rothei.
2278 1620 2362 1671 Ad
2392 1618 2573 1672 vestis
2623 1635 2795 1690 porro
2844 1620 3229 1674 mutationem
3276 1618 3431 1689 quod
3464 1618 3696 1690 attinet,

2039 1702 2108 1760 ex
2138 1687 2467 1760 imitatione
2498 1687 2801 1746 descendit
2849 1687 3323 1746 caeremoniarum
3354 1689 3698 1760 ibaptisma-

2039 1758 2141 1833 tis,
2168 1759 2250 1814 uti
2275 1762 2491 1833 eodem,
2504 1761 2628 1833 loco
2654 1763 2913 1817 insinuat
2938 1767 3178 1833 sanctus
3198 1758 3696 1833 Dionysius,_dum

1963 1841 2013 1906 B
2044 1830 2129 1921 sic
2177 1831 2382 1921 scribit
2460 1831 2521 1886 Ἡ
2573 1829 2776 1921 ’τῆς
2826 1832 3093 1921 προτΊέρςις
3141 1825 3370 1921 ἐρθῆτοξ
3415 1825 3693 1921 ἐποϐθλῂ,

2041 1899 2131 1978 uel
2189 1907 2287 1978 τῇς
2345 1900 2527 1978 tripus:
2559 1899 2744 1978 limae
2792 1899 2893 1972 τήὺ
2951 1899 3284 1978 ἀὴὸΔμὲσης
3339 1904 3486 1978 ἱερᾶς
3549 1904 3694 1978 ζῳῆς

2185 1974 2283 2053 τῂν
2341 1970 2677 2053 celsiori;de
2746 1970 3027 2053 psndtagtv
3083 1970 3330 2053 ἐμφριίνει
3364 1970 3402 2031 .’
3437 1974 3693 2053 Κςκθάτξερ

2044 2042 2277 2121 inin-iit;
2330 2042 2886 2121 iapdoﬂ'eoysvsctaq
3026 2042 3126 2115 τῆξ
3169 2042 3412 2121 ’ἐσθῇτᾳς
3470 2042 3696 2121 ἅμειψᾎίς

2044 2112 2247 2194 ἐδήλου
2285 2116 2383 2183 τὴν
2407 2112 2414 2121 ’
2437 2112 2996 2194 ᾇπὸ-..καδᾳιρομένής
3047 2112 3192 2194 ζέυῆς
3246 2112 3321 2179 sic
3352 2112 3696 2194 Θεωρὴτικίήγ

2040 2189 2140 2266 noti
2178 2191 2511 2266 pmttc'ttit‘hv
2542 2186 2649 2266 ἕξιν
2698 2186 3010 2266 ἀνάἠωγή-ν.
3060 2186 3284 2266 Prioris
3322 2186 3701 2266 auleanues‘lis

2043 2261 2280 2335 obiectio
2309 2270 2363 2317 et
2390 2263 2625 2319 alterius
2653 2261 2959 2335 assumptio
2980 2264 3387 2319 traductionem
3413 2262 3703 2335 signiﬁcat

2043 2349 2077 2407 a
2103 2333 2286 2387 media
2315 2350 2474 2390 sacra
2501 2336 2625 2407 vita
2645 2336 2717 2390 ad
2756 2333 3175 2407 perfectionem.
3226 2333 3701 2404 Quemadmodum

2042 2406 2100 2476 in
2132 2420 2293 2459 sacra
2320 2406 2731 2475 regeneratione
2758 2406 2934 2463 restis
2978 2409 3234 2473 mutatio,
3263 2410 3415 2465 vitae.
3448 2419 3697 2476 quaeea:-

2035 2475 2321 2547 piabatur,
2358 2477 2761 2534 subvectionem
2788 2478 2858 2534 ad
2903 2482 3115 2534 statum
3141 2475 3618 2545 contemplationis
3645 2478 3698 2529 et

2041 2546 2478 2604 illuminationis
2522 2549 2946 2606 demonstrabat.
3003 2552 3076 2604 De
3124 2548 3393 2603 tonsione
3440 2549 3694 2616 denique

2041 2621 2490 2692 monachorum,
2523 2620 2645 2675 sive
2674 2637 2899 2685 eorum,
2935 2622 3037 2692 qui
3076 2621 3694 2692 perfectiusac__sano-

2041 2690 2161 2762 tius
2192 2690 2419 2745 vivendi
2450 2707 2636 2762 genus
2661 2690 3268 2762 proﬁteredtuﬂquod
3294 2690 3412 2745 dixi
3433 2707 3464 2746 e
3485 2690 3695 2745 Vetere

2038 2760 2414 2834 Testamento
2446 2760 2795 2830 derivatum,
2832 2764 3017 2820 habeo
3047 2760 3691 2834 mihipatrocinantem

2039 2832 2343 2905 Isidorum
2364 2834 2773 2903 Hispalensem
2806 2837 3171 2905 episcopum,
3203 2831 3353 2888 libro
3387 2835 3457 2889 De
3484 2831 3696 2905 divinis

2038 2904 2260 2973 ofﬁciis,
2294 2904 2395 2959 ubi
2443 2907 2563 2960 haec
2610 2906 2817 2962 scribit
2850 2923 2863 2960 :
2899 2928 2927 2958 ‹‹
2958 2904 3239 2961 Tonsurae
3286 2904 3695 2960 ecclesiasticas

2039 2992 2245 3058 ususa
2290 2975 2582 3058 Nazareie,
2617 2978 2676 3032 ni
2708 2977 2895 3049 fallor,
2944 2983 3180 3033 exortus
3232 2981 3342 3058 est,
3393 2975 3693 3058 quiprius

2038 3049 2198 3121 crine
2228 3051 2478 3113 servato,
2520 3050 2713 3105 denuo
2745 3058 2874 3120 post
2921 3065 3195 3121 magnam
3227 3049 3358 3121 vitae
3388 3049 3697 3103 continen-

2035 3118 2203 3192 tiam,
2238 3121 2543 3192 devotione
2595 3118 2906 3191 completa,
2938 3118 3115 3192 caput
3160 3120 3466 3187 radebant,
3498 3125 3695 3192 etca-

258 3192 680 3269 recentiorem,
711 3189 891 3269 tantas
931 3189 1171 3269 scilicet
1197 3192 1476 3269 adversus
1525 3190 1745 3261 scripta
1792 3190 1929 3269 Dio-
1961 3202 2004 3269 ρ
2043 3191 2216 3269 pillos
2250 3190 2307 3269 in
2328 3191 2522 3269 ignem
2550 3189 2821 3269 sacrificii
2846 3189 3062 3269 ponere
3075 3191 3459 3269 jnbebantur,
3479 3189 3702 3246 scilicet

264 3262 423 3346 pysii
459 3264 644 3346 turba?
683 3264 1249 3346 concitandzesunt:
1301 3263 1466 3346 Quid.
1493 3277 1625 3316 vero
1653 3278 1833 3346 unum
1867 3263 1927 3343 in

261 3333 388 3405 his,
421 3351 549 3406 quas
579 3336 737 3390 dicta
766 3341 924 3402 sunt,
961 3333 1250 3405 assignari
1282 3337 1494 3406 potest,
1528 3334 1676 3403 quod
1713 3334 1785 3388 ab
1816 3334 1928 3388 ini-

257 3406 338 3462 tio
367 3403 487 3461 non
512 3407 709 3474 fuerit,
734 3413 836 3462 aut
866 3422 993 3462 esse
1024 3403 1139 3461 non
1172 3403 1475 3477 debuerit?
1499 3410 1583 3459 An
1611 3421 1723 3477 non
1758 3422 1929 3477 opor-

260 3478 385 3551 tuit
416 3494 537 3551 eos,
564 3477 782 3551 quibus
815 3480 969 3535 inter
996 3493 1365 3551 congeneres
1384 3475 1812 3551 laicosvirtute
1834 3493 1931 3531 ex-

259 3549 518 3606 cellendi
552 3546 817 3606 studium
849 3551 981 3616 fuit,
1012 3546 1129 3619 quo
1160 3554 1220 3604 et
1268 3548 1401 3603 aliis
1449 3546 1831 3617 praelucerent
1864 3564 1929 3603 ac

257 3623 428 3677 velut
462 3622 617 3677 faces
648 3622 717 3675 ad
750 3621 841 3676 sui
869 3621 1258 3675 imitationem
1292 3620 1695 3685 accenderent,
1730 3619 1928 3690 aliquo

255 3694 630 3749 extrinsecus
674 3694 877 3747 habitu
911 3698 969 3748 et
1014 3691 1270 3747 instituti
1302 3692 1391 3745 sui
1426 3692 1928 3746 demonstratione

256 3765 603 3833 distingui?
632 3764 775 3819 Nam
809 3770 866 3819 et
912 3768 1220 3836 prOpterea
1266 3762 1563 3817 variorum
1593 3768 1925 3836 temporum

256 3839 327 3892 ad
354 3836 517 3891 hanc
547 3852 738 3907 usque
766 3834 998 3891 tetatem
1024 3851 1325 3899 successu,
1343 3838 1430 3907 tot
1446 3850 1523 3907 ac
1552 3837 1671 3907 tam
1704 3834 1847 3907 varii
1872 3840 1930 3890 et

256 3908 492 3972 habitu,
527 3914 584 3962 et
630 3905 897 3963 moribus
946 3911 1004 3962 et
1049 3907 1269 3979 regulis
1317 3905 1581 3979 distincti
1616 3905 1928 3979 hominum

255 3979 679 4050 religiosorum
714 3980 951 4034 ordines
982 3994 1097 4033 non
1120 3977 1298 4034 modo
1327 3979 1397 4032 ad
1430 3977 1701 4033 Ecclesiae
1732 3978 1928 4048 splen-

256 4054 469 4107 dorem
501 4056 681 4122 atque
724 4055 1163 4121 ornamentum,
1196 4051 1297 4106 sed
1350 4050 1420 4105 ad
1447 4050 1741 4122 ejusdem
1794 4066 1925 4122 per:

257 4138 539 4195 magnam
572 4120 805 4195 quoque
837 4120 1158 4195 utilitatem
1191 4120 1457 4195 suscitati
1488 4125 1647 4195 sunt.
1669 4122 1855 4195 Quod
1877 4121 1927 4176 si

254 4191 486 4250 borium
518 4191 647 4257 fuit,
683 4191 882 4259 aliqua
905 4195 962 4248 in
986 4194 1199 4264 populo
1218 4191 1721 4264 velutqluminaria
1751 4192 1927 4246 collu-

255 4283 412 4329 cere,
450 4271 629 4336 atque
660 4266 731 4320 ab
764 4266 900 4320 aliis
922 4262 1245 4335 distingui;
1279 4262 1492 4336 melius
1523 4264 1833 4333 magisque
1864 4264 1921 4336 in

254 4334 545 4410 promptu
575 4337 812 4392 formari
843 4353 911 4391 ea
958 4334 1256 4410 distinctio
1306 4334 1519 4401 potuit,
1553 4350 1729 4410 quam
1773 4340 1832 4390 et
1862 4335 1919 4410 in

253 4407 596 4466 attonsione
642 4424 943 4463 comarum
996 4409 1078 4473 (in
1131 4407 1350 4477 quibus
1391 4408 1716 4477 praesertim
1765 4407 1921 4477 apud

254 4481 654 4538 Athenienses
685 4480 840 4551 apud
874 4496 1020 4550 quos
1043 4476 1241 4551 prima;
1269 4485 1325 4532 et
1355 4476 1783 4551 antiquissimis
1810 4476 1916 4531 no-

2043 3266 2110 3316 ut
2140 3260 2555 3331 perfectionem
2601 3260 2931 3320 devotionis
2961 3260 3092 3321 suae
3110 3263 3357 3319 Domino
3390 3260 3698 3318 censecra-

2038 3339 2189 3389 rent.
2224 3334 2415 3403 Hujus
2448 3352 2553 3404 ego
2600 3335 2850 3405 exempli
2898 3352 3045 3392 usus
3082 3336 3154 3390 ab
3202 3334 3487 3405 apostolis
3515 3333 3699 3389 intro-

2039 3405 2253 3477 ductus
2285 3413 2374 3460 est
2405 3422 2418 3459 :
2454 3411 2518 3461 ut
2549 3408 2648 3476 qui
2689 3407 2905 3462 divinis
2951 3406 3209 3462 cultibus
3241 3405 3562 3477 mancipati
3595 3410 3699 3460 Do-

2039 3476 2198 3532 mino
2248 3485 2685 3545 consecrantur,
2737 3478 2903 3546 quasi
2952 3478 3228 3541 Nazaraai,
3261 3478 3317 3531 id
3370 3476 3460 3532 est
3506 3478 3698 3531 sancti

2040 3548 2140 3603 Dei
2171 3547 2333 3603 crine
2368 3550 2604 3618 praeciso
2638 3550 3012 3606 innoventur.
3041 3572 3069 3599 ››
3098 3549 3243 3604 Vide
3271 3547 3352 3603 ibi
3379 3548 3567 3620 plura.
3592 3548 3698 3620 Ne-

2039 3635 2153 3690 que
2186 3620 2326 3675 viris
2358 3621 2510 3676 578
2546 3627 2774 3676 tantum
2809 3623 2921 3676 fuit
2970 3620 3067 3678 ille
3099 3619 3550 3677 resecandOrum
3581 3619 3694 3675 cri-

2040 3691 2203 3746 nium
2240 3708 2369 3746 mos
2387 3693 2663 3761 usitatus,
2688 3694 2788 3748 sed
2813 3694 2986 3749 etiam
3009 3693 3265 3757 feminis,
3287 3691 3363 3747 iis
3395 3693 3701 3759 nimirum,

2038 3779 2170 3890 quas
2212 3763 2389 3818 rebus
2434 3764 2632 3819 saeculi
2681 3765 2956 3820 nuntium
3005 3766 3391 3833 remittentes,
3424 3780 3549 3819 sese
3582 3762 3699 3819 Deo

2080 3841 2405 3890 evoverent.
2436 3836 2616 3890 idaue
2651 3837 2858 3890 nrimis
2879 3836 3133 3890 saeculis.
3157 3844 3214 3890 et
3243 3840 3378 3890 ante
3399 3835 3460 3890 B.
3496 3835 3698 3890 Hiero-

2080 3841 2405 3902 evoverent,
2436 3836 2616 3906 idque
2651 3837 2858 3906 primis
2879 3836 3133 3902 saeculis,
3157 3844 3214 3892 et
3243 3840 3378 3891 ante
3399 3835 3460 3891 Β.
3496 3835 3698 3891 Hiero-

2039 3908 2198 3979 nymi
2231 3912 2514 3981 tempora.
2541 3909 2722 3981 Cujus
2754 3910 2937 3981 moris
2982 3908 3041 3963 in
3075 3908 3242 3981 Syria
3271 3912 3329 3962 et
3363 3906 3422 3981 in
3452 3906 3701 3981 [Egyth

2036 3978 2308 4062 neprpati
2341 3979 2611 4062 meminit
2644 3978 2817 4062 idem
2857 3978 3259 4062 .Hierony'mu‘s
3308 3978 3481 4062 epist.
3512 3978 3581 4062 i8
3625 3978 3698 4059 ad

2037 4048 2445 4122 Sabinianum.
2468 4071 2495 4099 «
2515 4048 2691 4105 Moris
2723 4055 2827 4122 est,
2855 4049 3071 4122 inquit,
3091 4048 3149 4104 in
3172 4048 3398 4122 Egypti
3432 4051 3490 4103 et
3520 4049 3697 4122 Sy_rias

2037 4120 2433 4192 monasteriis,
2462 4125 2526 4174 ut
2556 4128 2676 4192 tam
2707 4121 2871 4192 virgo
2903 4119 3080 4192 quam
3108 4119 3309 4184 vidua,
3342 4136 3470 4191 quas
3494 4119 3697 4192 seDeo

2034 4191 2312 4257 voverinl,
2347 4196 2405 4245 et
2452 4190 2663 4246 saeculo
2716 4189 3146 4255 renuntiantes,
3199 4189 3404 4246 omnes
3458 4189 3698 4245 delicias

2035 4262 2233 4318 saeculi
2267 4261 2684 4330 conculcarint,
2714 4265 2932 4319 crinem
2969 4265 3463 4320 monasteriorum
3497 4261 3700 4317 matri-

2034 4335 2141 4389 bus
2172 4335 2420 4389 olIerant
2450 4335 2866 4390 desecandum.
2906 4356 2934 4384 »

2104 4411 2297 4477 Atque
2331 4411 2394 4461 ut
2424 4408 2828 4468 ostendamus,
2872 4406 3139 4473 magistri
3170 4410 3227 4461 et
3255 4402 3552 4475 discipuli,
3588 4404 3696 4459 hoc

2031 4481 2125 4532 est
2148 4476 2304 4550 Pauli
2324 4483 2385 4550 et
2404 4477 2664 4550 Dionysii
2696 4480 3190 4550 documentaqtam
3222 4477 3377 4550 inter
3406 4493 3491 4539 se,
3515 4491 3695 4550 quam

257 4553 516 4635 bilitatis
549 4568 647 4617 per
672 4547 957 4635 implexae
986 4547 1249 4635 crinibus
1273 4565 1481 4635 aureas
1504 4549 1739 4635 cicadas
1761 4565 1923 4603 arro-
1954 4560 2002 4625 D
2033 4565 2166 4635 cum
2200 4548 2416 4633 Qhristi
2442 4547 2653 4635 ipsius,
2689 4554 2751 4605 ut
2792 4548 3074 4635 supremi.
3097 4547 3366 4635 omnium
3400 4547 3695 4635 magistri,

254 4631 431 4696 gataa,
468 4624 640 4704 signa
671 4620 1248 4704 iutiliaeminebanti
1278 4626 1337 4676 et
1360 4622 1425 4704 in
1459 4620 1919 4704 p9mpaa_luxus-

252 4692 371 4768 que
400 4692 653 4751 vestium
680 4695 1065 4766 depositione.
1092 4694 1190 4748 ubi
1225 4694 1343 4768 t‘ere
1360 4692 1665 4768 hominum
1690 4697 1921 4768 terrena

251 4762 310 4824 et
340 4769 568 4824 caduca
616 4762 972 4823 sectantium
1018 4781 1170 4821 vana
1217 4780 1279 4819 se
1320 4764 1508 4832 jactat
1556 4762 1921 4818 insolentia?

251 4840 431 4895 Ritus
459 4843 656 4895 autem
681 4843 740 4893 et
761 4837 1142 4904 casremonim,
1167 4852 1316 4907 quas
1337 4835 1651 4907 Dionysius
1675 4836 1920 4907 Athenis

251 4917 455 4978 natus,
489 4917 545 4967 et
578 4910 816 4965 Athenis
848 4910 1022 4964 datus
1052 4906 1364 4979 episcopus
1394 4906 1588 4975 refert,
1623 4906 1702 4962 ibi
1736 4909 1921 4977 potis-

252 4985 476 5040 simum
510 4987 613 5038 aut
643 4987 792 5037 natis
815 4986 918 5035 aut
948 4980 1333 5036 corroborata:
1366 4995 1496 5034 mea
1518 4980 1756 5049 quidem
1782 4995 1883 5033 sen
1904 5008 1922 5021 -

248 5056 440 5110 tentia
469 5055 762 5108 videntur.
796 5052 1106 5123 Accepisse
1145 5052 1302 5107 enim
1336 5067 1370 5105 a
1402 5050 1580 5105 Paulo
1629 5055 1685 5104 et
1718 5050 1919 5123 Hiero-

248 5126 414 5186 theo.
458 5131 560 5197 qui
593 5126 672 5180 ibi
708 5120 1189 5197 praedicaverunt,
1223 5128 1282 5177 et
1320 5138 1468 5192 quos
1500 5120 1920 5197 sciomantia“,

246 5198 306 5278 id
342 5201 449 5278 est
463 5193 643 5278 duces
674 5193 815 5252 suos
845 5205 900 5250 et
928 5202 1315 5278 praeceptores
1336 5193 1622 5276 appellat,
1651 5193 1917 5277 credide-

244 5271 390 5325 rim.
423 5271 583 5325 Adde
631 5265 1043 5324 caremoniam
1093 5266 1382 5321 tonsionis
1431 5265 1552 5321 sive
1605 5266 1855 5319 rasionis
1888 5280 1919 5320 e

242 5341 462 5397 Vetere
505 5342 899 5409 Testamento,
953 5338 1107 5394 sicut
1153 5338 1297 5393 alias
1351 5335 1689 5409 nonnullas,
1735 5337 1918 5392 videri

243 5413 576 5470 derivatam
619 5429 633 5478 ;
687 5413 789 5467 sed
844 5407 1083 5467 causam
1140 5415 1198 5465 et
1245 5407 1735 5479 significationem
1789 5424 1918 5465 esse

242 5498 405 5556 eam,
442 5500 621 5556 quam
654 5482 746 5556 hic
774 5484 953 5556 refert
984 5484 1043 5538 in
1074 5478 1576 5556 Contemplatione
1601 5478 1917 5556 Dionysius

241 5549 414 5612 hisce
441 5549 636 5612 Verbis
667 5571 681 5610 :
714 5554 777 5611 Ἡ
812 5550 869 5626 δὲ
920 5556 1027 5607 τῶν
1079 5556 1287 5626 τριχῶν
1326 5549 1634 5626 ἀτςόκαρᾳις
1667 5549 1915 5626 ἐμφαίνει

239 5627 351 5696 τὴν
397 5627 633 5700 καθαρὰν
679 5627 770 5680 καὶ
805 5620 1236 5700 eameam-cat;
1296 5624 1487 5700 gari”,
1517 5620 1623 5700 ὀὑξ
1681 5620 1914 5700 iit-mild-

242 5692 402 5773 c6925
459 5692 709 5773 σχῆμασι
764 5697 830 5773 In
856 5766 868 5773 _
898 5692 1038 5773 ἶδὶάὲᾲ
1071 5701 1215 5773 -νοῦγ
1248 5768 1258 5773 Α
1292 5692 1533 5773 δῇυσειδὲς
1596 5692 1915 5773 similesimile;

240 5766 725 5839 ωλλωπῖξὸὺσαν·
779 5766 909 5825 ἀλλ’
955 5769 1124 5837 αὐτὴν
1176 5768 1258 5846 ἐφ’
1318 5768 1512 5837 ἑαυτῆς
1561 5767 1661 5821 οὐκ
1701 5767 1914 5839 ἀνθρωο

323 5914 426 5986 (m)
455 5914 661 5976 Matth.
696 5930 816 5982 xxx,
845 5914 936 5972 21.
1017 5912 1095 5988 (n)
1124 5913 1298 5987 Ibid.,
1335 5914 1417 5969 12.
1496 5911 1571 5985 (ο)
1603 5911 1626 5968 Ι
1655 5914 1784 5969 Cor.
1816 5927 1918 5982 vn,

2039 5955 2046 5979 ,
2076 5909 2166 5966 33.
2244 5908 2325 5982 (ρ)
2357 5909 2495 5966 Luc.
2527 5926 2583 5979 κ,
2617 5910 2703 5968 41.

2032 4620 2302 4676 doctrina
2341 4623 2714 4686 concordare,
2752 4618 3185 4676 observandum
3235 4624 3421 4675 estex
3453 4618 3693 4673 illorum

2035 4692 2207 4747 dictis
2238 4692 2530 4763 duplicem
2583 4691 2777 4762 colligi
2819 4694 3144 4761 justorum,
3176 4690 3691 4763 etiamilaicorum,

2029 4764 2206 4819 vitam
2241 4781 2253 4818 :
2288 4781 2464 4820 unam
2519 4764 2824 4819 indivisam
2877 4770 2935 4819 et
2968 4764 3069 4819 uni
3126 4763 3243 4818 Deo
3274 4762 3693 4827 adhaerentem,

2030 4836 2305 4891 alterram
2351 4836 2597 4891 divisam
2624 4842 2680 4891 et
2709 4836 2766 4889 iu
2801 4837 2960 4891 varia
2989 4835 3328 4890 distractam
3350 4853 3365 4901 ;
3388 4838 3444 4889 et
3473 4833 3697 4889 utrius-

2031 4924 2144 4980 que
2174 4908 2495 4980 quamdam
2527 4907 2686 4962 velut
2716 4907 3033 4980 imaginem
3077 4905 3144 4980 in
3170 4905 3290 4961 illis
3320 4904 3535 4980 ﬁbristi
3566 4920 3692 4980 ver-3

2030 4975 2123 5034 bis
2155 4975 2632 5049 repraesentatam
2669 4994 2681 5032 :
2714 4979 2950 5042 Martha,
2976 4977 3220 5043 Martha,
3244 4975 3495 5033 sollicita
3539 4990 3614 5049 es,
3645 4978 3697 5031 et

2040 5048 2290 5106 turbaris
2318 5068 2453 5117 erga
2481 5051 2751 5121 plurima.
2782 5052 2957 5106 Porro
2989 5065 3165 5105 unum
3193 5054 3274 5104 est
3300 5048 3694 5121 necessarium.

2028 5123 2205 5178 Maria
2236 5118 2507 5194 optimam
2535 5130 2752 5194 partem
2779 5123 2965 5192 elegit,
2997 5134 3123 5192 quae
3160 5136 3272 5176 non
3298 5118 3598 5194 auferetur
3626 5119 3697 5174 ab

2030 5211 2097 5249 ea
2126 5197 2206 5264 (p)
2234 5189 2357 5259 {ita
2389 5200 2452 5249 ut
2483 5189 2543 5249 in
2588 5193 2819 5248 Martha
2862 5189 3209 5260 designetur
3258 5189 3385 5245 vita
3425 5189 3620 5264 divisa,
3641 5196 3700 5245 et

2030 5262 2283 5321 sollicita
2315 5265 2593 5336 curisque
2623 5265 2878 5320 externis
2908 5266 3233 5336 distracta,
3262 5278 3395 5330 qua)
3420 5262 3700 5336 etactiva

2030 5336 2178 5417 solet
2203 5336 2484 5417 appellari
2500 5332 2615 5417 ';_in
2646 5336 2827 5417 Maria
2844 5340 3042 5417 autem
3063 5332 3312 5417 simplex
3333 5337 3392 5417 et
3417 5334 3696 5417 indivisa,

2027 5413 2086 5464 et
2119 5408 2215 5463 uni
2248 5408 2356 5474 illi,
2389 5410 2543 5479 quod
2588 5414 2678 5462 est
2725 5410 3143 5467 necessarium.
3186 5406 3452 5479 intenta;
3486 5406 3699 5479 etbaso

2026 5485 2137 5537 est.
2171 5497 2299 5551 quas
2331 5476 2491 5536 caret
2520 5479 2939 5551 sollicitudine,
2973 5483 3031 5534 et
3060 5476 3518 5551 contemplativa
3549 5477 3696 5551 dici-

2026 5556 2140 5606 tur.
2167 5548 2248 5606 Ᾱά
2285 5551 2436 5607 hanc
2464 5551 2844 5622 posteriorem
2872 5550 3143 5606 hortatur
3164 5550 3409 5614 Paulus,
3431 5565 3565 5622 cum
3600 5548 3692 5604 di-

2025 5624 2106 5679 cit
2137 5639 2149 5678 :
2192 5624 2312 5680 Volo
2342 5621 2525 5680 autem
2570 5638 2660 5676 vos
2686 5622 2808 5677 sine
2850 5622 3244 5677 sollicitudine
3273 5638 3409 5675 esse.
3444 5621 3552 5688 Qui
3576 5621 3696 5675 sine

2024 5712 2202 5751 uxore
2230 5700 2331 5758 est,
2364 5694 2635 5749 sollicitus
2662 5700 2740 5748 est
2789 5709 2916 5763 qua:
2972 5692 3199 5749 Domini
3242 5699 3393 5759 sunt,
3427 5691 3691 5763 quomodo

2022 5769 2246 5839 placeat
2273 5768 2376 5823 Deo
2399 5768 2494 5837 ((1).
2522 5766 2749 5831 Quibus
2783 5762 2840 5820 in
2876 5765 3070 5821 verbis
3094 5764 3255 5819 illam
3286 5762 3593 5819 denuntiat
3611 5762 3689 5816 vi-

2788 5909 2864 5981 (q)
2900 5908 3077 5967 ICor.
3110 5924 3210 5973 vn,
3244 5905 3340 5978 32,
3370 5905 3465 5964 33.
