4130 6382
296 264 396 321 933

295 465 566 536 visionem
596 462 789 518 dilecti
810 461 883 518 ἀθ
936 461 1118 536 divini
1160 461 1424 536 discipuli
1471 463 1551 533 (id
1583 470 1671 519 est
1710 461 1950 536 'Apoca-

298 535 506 610 lypsin)
539 543 635 610 aut
657 535 1176 610 supramuudanom
1203 536 1330 591 Iesu
1361 535 1691 610 theologiam
1734 535 1954 610 idoneis

298 553 505 663 Ἥκω)
539 553 635 590 aut
657 553 1176 605 supramunaanam
1203 553 1330 591 Jesu
1361 553 1691 606 meotogzam
1734 553 1952 592 monet:

295 626 325 663 a
391 607 744 662 divinitatem
788 606 1205 672 adipiscendam
1253 606 1526 675 exposuit,
1559 608 1616 662 id
1649 611 1737 662 est
1769 608 1952 663 Evan-

297 680 537 753 gelium,
573 679 742 753 quod
766 679 1018 753 explicat
1043 677 1260 753 Christi
1309 681 1464 753 Jesu_
1483 678 1776 753 caelestem
1807 680 1951 734 divi-

299 749 570 818 nitatem,
594 749 661 805 et
691 749 776 823 ab,
796 749 863 804 ea
894 749 1122 820 incipit,
1158 749 1358 804 dicens
1395 765 1406 801 :
1439 750 1501 804 In
1523 750 1806 823 principio
1836 754 1953 806 erat

303 823 542 880 Verbum
572 826 623 876 et
661 822 892 877 Verbum
921 830 1038 876 erat
1067 823 1220 891 apud
1254 826 1447 876 Deum.

365 893 947 964 Respondeo.verum
982 893 1224 964 quidem
1258 907 1408 955 esse,
1432 897 1703 964 sanctum
1739 893 1951 964 Diony-

365 911 476 949 nes
523 911 947 954 onoeo.verum
982 911 1224 964 quidem
1258 911 1408 955 esse,
1432 911 1703 947 sanctum
1739 911 1951 964 urony-

295 967 448 1024 sium
479 911 651 1020 libris
681 964 807 1019 suis
863 965 940 1018 De
967 963 1170 1020 caelesti
1199 963 1516 1019 hierarchia
1569 969 1742 1034 atque
1773 966 1951 1018 etiam

295 1040 368 1094 De
397 1035 1130 1108 ecclesiasticd,extremam
1162 1052 1404 1108 manum
1430 1036 1788 1108 imposuisse
1818 1041 1953 1108 post

295 1109 580 1179 scriptum
617 1108 690 1162 ab
737 1107 965 1163 Joanne
1009 1107 1412 1179 Evangelium,
1444 1113 1510 1162 ut
1559 1106 1786 1178 prolata
1820 1106 1948 1177 jam

296 1179 469 1261 modo
520 1179 649 1234 loca
699 1179 1097 1261 convincunt;
1132 1185 1191 1261 at
1221 1194 1337 1261 noon
1389 1180 1630 1261 perinde
1679 1186 1952 1234 constare

298 1252 473 1325 (quod
504 1257 702 1325 tamen
738 1251 809 1305 ad
844 1250 1178 1325 argumenti
1207 1250 1527 1325 victoriam
1548 1255 1638 1306 est
1679 1266 1952 1306 necessa-

297 1320 472 1395 rium)
505 1322 676 1395 prius
699 1337 878 1391 quam
903 1320 1047 1376 illud
1072 1322 1260 1395 primo
1283 1323 1771 1395 conscriberetur,
1797 1338 1952 1376 mor-

294 1393 462 1453 tuum
506 1393 704 1449 inisse
753 1397 1026 1449 sanctum
1074 1393 1474 1462 Timotheum,
1520 1410 1653 1450 cum
1702 1393 1774 1448 de
1825 1395 1954 1464 ejus

296 1468 460 1524 obitu
491 1466 670 1521 varia
721 1466 842 1520 sint
891 1466 1213 1532 sententia,
1246 1471 1304 1520 et
1355 1471 1512 1520 certa
1559 1481 1628 1520 ex
1677 1467 1954 1521 omnibus

298 1538 474 1595 nulla.
505 1541 655 1592 Nam
687 1537 928 1606 quidam
962 1537 1068 1606 sub
1099 1536 1569 1604 Domitiano,alii
1603 1537 1715 1592 sub
1746 1537 1951 1605 Nerva,

299 1611 539 1685 quidam
562 1604 721 1685 _sub_
753 1607 1008 1685 Trojano
1041 1604 1365 1685 'mortuum
1415 1609 1846 1685 ferunt.‘Quare
1887 1624 1956 1664 ex

300 1680 524 1738 incerto
558 1680 616 1734 id
669 1681 826 1750 quod
877 1681 1046 1750 longe
1090 1685 1179 1735 est
1227 1681 1468 1746 certius,
1514 1681 1804 1735 confutari
1839 1697 1951 1735 non

1268 268 1332 318 P.
1375 265 1692 323 HALLOIX
1729 267 1880 322 SOC.
1924 269 2100 324 JESU
2139 266 2612 334 QUESTIONES
2648 267 2744 320 IV.

295 386 1508 471 tmen82l0t¢m6enﬁcaem_Attt__occultam_
1533 399 1595 471 et
1648 392 1948 471 mysticam
1978 397 2034 464 Α

3611 270 3717 326 934

2137 393 2223 447 Ita
2253 391 2436 463 igitur
2465 394 2523 447 et
2553 390 2987 464 S.7Dionysium
3039 409 3148 449 sua
3195 394 3509 464 postremis
3541 398 3717 453 annis

2066 470 2440 540 retractasse,
2473 473 2529 518 et
2548 463 2799 540 aliunde
2823 466 3103 540 nonnulla
3134 463 3578 540 prasertimque
3600 486 3630 524 e
3652 471 3715 524 B.

2061 534 2310 591 Joannis
2342 536 2692 608 Apocalypsi
2745 540 2802 591 et
2833 534 3161 608 Evangelia,
3196 534 3505 608 adjecisse‘,
3546 542 3717 596 nobis

2065 623 2180 683 non
2215 609 2342 683 sine
2373 624 2566 683 causa
2585 610 3013 683 persuademus
3046 611 3311 683 :quippe
3351 612 3452 681 qui
3484 619 3717 683 aposto-

2064 677 2186 754 lum
2206 679 2387 754 illum
2422 684 2478 734 et
2509 677 2818 754 Cb'risto‘in
2840 680 3040 754 paucis
3061 677 3338 736 dilectum
3355 677 3716 754 discipulum

2065 751 2300 820 plurimi
2342 755 2573 825 taceret,
2612 757 2667 805 et
2696 750 2893 825 divina
2922 753 3050 820 ejus
3083 758 3304 824 scripta
3353 750 3596 825 (qua-in
3629 755 3718 810 lu—

2063 838 2188 896 cem
2225 823 2674 891 proditura,Deo
2706 823 3079 896 praedicente,
3102 823 3470 896 cognoverat)
3499 827 3716 882 avidis-

2064 894 2213 969 sime
2236 899 2616 969 exspectaret.
2654 899 2731 969 Ex
2753 895 2884 948 aliis
2915 911 3072 969 vero,
3107 911 3233 965 qua
3257 894 3716 969 primahcompo-

2064 964 2264 1019 sitioni
2316 981 2450 1020 eum
2504 966 2785 1034 adjecisse
2834 967 3045 1034 partim
3099 964 3307 1038 rogatu
3369 964 3715 1032 amicorum,

2065 1038 2281 1107 partim
2302 1039 2772 1091 adversariorum
2798 1039 3029 1106 objectu
3051 1043 3182 1093 cred
3197 1038 3547 1104 iderim,duo
3580 1047 3722 1096 sunt

2062 1107 2393 1232 potissima.
2447 1107 2636 1162 Unum
2689 1108 2925 1178 quidem
2978 1125 3104 1180 cap.
3153 1111 3187 1164 3
3232 1112 3307 1165 De
3349 1113 3719 1167 ecclesiastica

2102 1181 2388 1232 ierarchia.
2414 1179 2472 1232 in
2495 1184 2720 1232 contem
2733 1180 2985 1232 nlatione
3009 1197 3109 1232 seu
3135 1182 3495 1232 exnositione
3515 1200 3715 1232 sacra-

2102 1181 2388 1234 ierarchia
2414 1179 2472 1234 in
2495 1180 2985 1251 contemplatione
3009 1197 3109 1235 seu
3135 1182 3495 1252 expositione
3515 1200 3715 1238 sacra-

2063 1252 2246 1304 menti
2279 1266 2587 1322 synaxeos,
2621 1268 2832 1322 nempe
2863 1253 3124 1307 recensio
3175 1254 3277 1307 illa
3304 1253 3590 1309 librorum
3623 1272 3719 1310 sa-

2063 1338 2172 1376 cra
2205 1323 2667 1397 Scriptura,tam
2704 1324 2920 1397 Veteris
2951 1340 3134 1397 quam,
3161 1325 3304 1380 Novi
3332 1326 3714 1397 Testamenti,

2064 1394 2778 1469 percircumlocutionem
2819 1395 3456 1469 luscexplicatanua
3506 1394 3716 1469 incipit

2067 1467 2142 1541 ab
2170 1465 2288 1521 illis
2311 1465 2504 1541 verbis
2537 1482 2549 1520 :
2585 1469 2733 1541 Ιξᾶσα
2780 1465 2874 1536 μὲν
2925 1465 3024 1540 γὰρ
3073 1466 3193 1541 ἱερᾶ
3240 1465 3716 1541 καίήὰγιόγραῷος

2067 1488 2137 1520 HD
2170 1488 2288 1521 IIIIS
2311 1488 2504 1520 νθΓυῑδ
2537 1488 2549 1520 ξ
2586 1488 2733 1519 uada
2780 1488 2874 1536 μεν
2925 1488 3024 1540 γαρ
3078 1488 3193 1541 ιερα
3240 1488 3328 1520 και
3380 1488 3540 1541 αγιογ
3580 1488 3714 1530 αφος

2067 1533 2285 1610 δέλτοςι
2312 1538 2500 1592 Omnis
2527 1537 2751 1608 quidem
2800 1555 2969 1594 sacrae
3001 1541 3306 1610 Scriptura?
3335 1541 3493 1596 liber.
3529 1488 3714 1606 (Suam

2066 1609 2465 1664 recensionem
2517 1610 2744 1663 induxit
2801 1627 2869 1665 ex
2924 1609 3231 1667 occasione
3292 1612 3716 1668 modulationis

2065 1680 2455 1747 Psalmorum,
2502 1696 2630 1750 qua
2683 1681 2996 1737 adhibetur
3044 1683 3104 1738 in
3156 1689 3356 1737 sancto
3402 1685 3714 1751 sacriﬁcio,

297 1756 484 1835 debet,
535 1749 898 1835 Estvautem.
943 1749 1114 1835 longe
1165 1751 1383 1835 certius
1439 1751 1618 1806 libros
1666 1752 1953 1835 Dionysii,
1985 1764 2033 1830 Β
2066 1754 2180 1835 ξω⁹
2227 1749 2771 1835 ργωοὶρμθλςξοτμφ
2833 1761 3061 1824 rogatu,
3121 1755 3238 1835 qui.
3280 1749 3714 1835 ‘librosusacra

298 1827 527 1880 vivente
584 1822 776 1878 adhuc
834 1822 1161 1890 Timotheo,
1205 1824 1456 1893 scriptos
1515 1839 1663 1888 esse,
1701 1822 1834 1878 cum
1893 1823 1956 1878 in

298 1897 369 1952 iis
403 1897 601 1968 ipsum
637 1893 979 1968 alloquetur
1023 1894 1396 1968 Timotheum
1434 1894 1580 1949 libro
1618 1896 1706 1968 oDe
1748 1894 1958 1950 divinis

297 1965 643 2034 nominibus,
697 1981 826 2036 cap.
857 1965 1089 2037 3,_etin
1147 1965 1487 2020 memoriam
1538 1966 1780 2020 reducat
1827 1982 1955 2037 qua

301 2041 456 2096 facta
483 2039 603 2094 sint
634 2039 692 2092 in
721 2035 1126 2109 sanctissima
1174 2037 1432 2108 Deipara
1465 2039 1780 2109 exsequiis,
1813 2035 1957 2108 q'uo-

304 2114 457 2184 dque
489 2111 617 2182 ipse
668 2107 1015 2184 Timotheus
1040 2107 1491 2184 _illis_pra_sens_
1522 2107 1958 2184 aliquasbym-

305 2179 531 2239 norum
551 2185 750 2253 partes
778 2179 863 2253 in
889 2181 1154 2249 ejusdem
1186 2179 1448 2252 Virginis
1479 2179 1709 2236 laudem
1747 2179 1959 2237 decan-

298 2261 489 2312 tatoru
499 2250 568 2308 m'
587 2250 915 2306 retinuerit.

368 2331 510 2381 Cum
547 2326 842 2388 autem,ut
874 2320 1447 2394 probabilissimum,
1469 2323 1638 2378 nobis
1668 2328 1957 2394 teneatur,

297 2402 353 2453 S.
403 2397 784 2453 Timotheum
837 2393 948 2447 sub
993 2392 1179 2446 Nerva
1230 2395 1487 2449 occisum
1541 2395 1717 2464 (quod
1767 2392 1959 2450 fusius

300 2470 612 2542 probatum
647 2465 828 2542 estin
863 2465 996 2519 Vita
1016 2464 1083 2542 VS.
1118 2464 1448 2542 Polycarpi,
1488 2482 1613 2542 cap.
1643 2468 1677 2542 ’_7
1708 2469 1956 2523 Natalia-

295 2538 476 2612 hum),
511 2539 611 2594 diu
664 2540 865 2612 autem
882 2541 1031 2612 post
1082 2540 1374 2612 usquead
1421 2538 1660 2612 Adriani
1692 2543 1960 2612 tempora

298 2606 603 2684 superstes
656 2608 831 2684 fuerit
881 2606 1218 2684 Dionysius,
1253 2608 1578 2684 dicendum
1600 2615 1689 2684 est
1717 2606 1851 2684 eum
1884 2609 1956 2662 li-

299 2679 438 2740 bros
466 2698 608 2739 suos
635 2680 932 2752 rudiusget
961 2679 1364 2752 imperfectius
1396 2681 1468 2734 ab
1500 2679 1666 2735 initio
1707 2682 1957 2752 scriptos

293 2758 527 2812 vivente
576 2753 772 2808 adhuc
819 2749 1148 2816 Timotheo,
1183 2757 1316 2820 post
1363 2758 1558 2805 autem
1603 2767 1669 2806 eo
1729 2749 1958 2806 mortuo

295 2828 587 2900 perfectos
609 2829 677 2900 et
708 2821 1332 2900 c_orr_ectos,nonnu_llis
1365 2823 1584 2876 additis
1618 2839 1682 2876 ac
1714 2826 1958 2900 mutatis

298 2894 752 2962 edidisse.Quod
782 2895 925 2948 adeo
959 2909 1146 2964 neque
1168 2894 1602 2964 mirum,neque
1625 2895 1957 2964 novum‘vi-

298 2972 418 3027 deri
447 2969 716 3038 debet,ut
737 2973 969 3038 saperet
988 2962 1068 3019 ab
1084 2965 1215 3038 aliis
1238 2962 1794 3037 antiquis—Panibus
1817 2962 1957 3022 olim

299 3044 373 3100 sit
405 3037 654 3106 factum,
689 3043 746 3093 et
775 3037 948 3092 hodie
978 3054 1010 3090 a
1041 3037 1208 3092 novis
1258 3038 1646 3108 scriptoribus
1678 3055 1791 3093 non
1827 3055 1958 3093 raro

2065 1826 2376 1894 Scriptura
2406 1825 2476 1878 ab
2509 1823 2640 1878 aliis
2672 1823 3067 1880 internoscere
3105 1823 3438 1895 cupiebant.
3472 1826 3617 1881 Nam
3649 1844 3718 1883 ea

2069 1911 2296 1970 quoque
2326 1898 2396 1950 de
2427 1911 2606 1949 causa
2636 1896 2693 1970 So.
2714 1897 2906 1970 Melite
2939 1898 3178 1951 secundi
3213 1898 3408 1952 saculi
3441 1901 3714 1970 scriptor,

2068 1967 2395 2037 oatalogum
2442 1968 2783 2021 eorumdem
2841 1967 3121 2022 librorum
3155 1971 3477 2037 contexuit,
3512 1967 3579 2024 ut
3609 1967 3716 2026 nos

2068 2039 2127 2092 in
2159 2037 2289 2112 Vita
2337 2039 2489 2112 ejus
2517 2039 2908 2112 ortendimus.
2938 2040 3224 2112 Alterum,
3275 2043 3429 2109 quod
3463 2042 3533 2095 ob
3566 2058 3715 2112 quo-

2069 2110 2342 2163 rumdam
2397 2109 2754 2178 objectiones
2783 2111 3017 2180 scriptis
3067 2111 3191 2164 suis
3232 2113 3526 2180 posterius
3559 2109 3717 2168 inse-

2070 2181 2262 2235 ruisse
2293 2180 2452 2254 illum
2491 2181 2921 2254 opinamur,est
2952 2182 3051 2236 illa
3081 2183 3152 2237 de
3186 2183 3478 2254 baptismo
3511 2198 3720 2254 puero-

2070 2268 2198 2306 rum
2228 2257 2402 2321 atque
2427 2253 3054 2320 int‘antium,adversus
3075 2253 3386 2321 gentilium
3419 2253 3720 2311 irrisiones

2071 2324 2412 2394 responsio;
2450 2339 2576 2394 qua
2628 2325 2698 2378 ad
2760 2323 2977 2380 calcem
3039 2323 3168 2379 libri
3228 2327 3300 2380 De
3345 2326 3722 2383 ecclesiastica

2069 2395 2392 2450 hierarchia
2426 2395 2735 2466 reperitur,
2759 2396 2931 2467 plane
2961 2403 3123 2450 extra
3154 2396 3347 2451 locum
3379 2414 3576 2466 suum,
3612 2399 3722 2454 hoc

2069 2473 2177 2532 est,
2209 2467 2268 2521 in
2297 2467 2494 2542 capite
2523 2468 2774 2542 septimo
2823 2474 2879 2522 et
2910 2468 3122 2522 ultimo
3148 2485 3161 2542 ξ
3196 2468 3411 2542 ubi_de
3442 2472 3720 2542 mysterio

2070 2539 2482 2611 exsequiarum
2533 2541 2750 2611 agitur,
2783 2553 2917 2611 cum
2967 2540 3242 2611 proprius
3275 2537 3326 2594 ei
3355 2537 3524 2595 locus
3567 2548 3723 2597 esset

2069 2613 2128 2664 in
2161 2608 2350 2680 capite
2380 2610 2764 2682 secundo,ubi
2793 2608 3018 2665 scilicet
3047 2608 3113 2665 ex
3146 2613 3408 2682 professo
3434 2617 3725 2668 tractatur

2069 2683 2140 2735 de
2171 2687 2538 2753 sacramento
2569 2681 3231 2746 illustrationis,sive’de
3261 2683 3578 2753 baptismo.
3610 2685 3721 2740 Sed

2069 2753 2223 2825 quod
2252 2752 2400 2825 liber
2418 2752 2827 2825 illejamtotus
2850 2758 2984 2807 ante
3007 2752 3718 2825 descriptus’esset,quam

2068 2823 2155 2878 vel
2180 2824 2512 2894 baptismus
2532 2823 2631 2878 ille
2662 2840 2976 2894 puerorum
3000 2827 3057 2879 in
3085 2826 3378 2896 frequenti
3402 2843 3511 2881 usu
3537 2823 3715 2895 esset,

2068 2896 2157 2950 vel
2190 2910 2365 2966 quam
2400 2911 2466 2968 ea
2514 2895 2765 2968 objectio
2816 2896 2997 2968 menti
3029 2895 3379 2957 occurreret.
3412 2903 3721 2968 propterea

2070 2969 2195 3036 ejus
2245 2967 2584 3036 quastionis
2632 2967 2896 3021 tractatio
2946 2969 3016 3022 ad
3068 2967 3614 3024 extremum’illum
3650 2970 3724 3025 li-

2072 3041 2242 3094 brum
2295 3039 2521 3108 adjecta
2568 3044 2676 3093 est.
2709 3038 2856 3101 Quin
2889 3056 2956 3094 ex
2985 3040 3251 3109 ejusdem
3284 3039 3390 3094 loci
3424 3041 3640 3106 verbis,
3676 3041 3728 3097 si

300 3115 426 3194 ﬁeri
462 3111 1005 3194 animadvertamus
1037 3108 1212 3190 δῖε.
1241 3110 1386 3194 Nam
1421 3118 1661 3165 sanctus
1689 3110 1960 3193 Justinus
1995 3127 2037 3194 ρ
2074 3111 2204 3192 quis
2267 3108 3082 3193 attendere.voluerittclare
3139 3117 3469 3194 cogqoscet‘
3508 3112 3728 3184 Diony-

301 3183 722 3258 philosophus,
756 3196 890 3236 cum
940 3179 998 3258 in
1032 3181 1355 3258 primordio
1406 3197 1527 3236 sua
1544 3181 1960 3258 conversionis

301 3251 887 3314 brevem—tractatum
921 3252 990 3306 ad
1044 3251 1273 3307 Gracos
1302 3254 1499 3324 (quem
1539 3254 1829 3308 Elenchum
1862 3271 1960 3309 vo-

301 3327 565 3398 caverat)
587 3325 873 3398 edidisset
901 3341 914 3384 ς
949 3327 1150 3394 postea
1179 3327 1444 3398 eamdem
1476 3330 1802 3398 retractane
1833 3342 1962 3380 ma-

297 3393 558 3464 teriam,
604 3393 965 3466 absolutum’
1014 3412 1162 3466 Opus
1211 3397 1322 3450 sub
1390 3395 1626 3450 nomine
1681 3393 1959 3464 Ἓλληνας

297 3472 441 3547 πρὸς
473 3466 814 3547 ΠαΔο-εξιίνεσιεςΡ
863 3465 1181 3547 cellaria-tio
1219 3467 1608 3547 aet-gentiles,
1651 3469 1867 3547 emisit,
1899 3472 1965 3547 ut

298 3537 356 3601 in
383 3547 521 3614 ejus
550 3537 683 3595 Vita
714 3539 1071 3614 notavimus.
1099 3537 1519 3614 Tertullianus,
1553 3539 1687 3614 item
1723 3540 1961 3614 aliquod

299 3608 479 3674 breve
507 3612 859 3685 opusculum
910 3608 1563 3685 advergusﬂarcioncm,
1611 3608 1846 3685 juvenis
1877 3612 1959 3685 ef-

300 3680 578 3752 fuderat;
615 3688 819 3756 postea
865 3695 1005 3756 vero
1046 3680 1220 3756 aliud
1253 3681 1548 3756 copiosius
1586 3683 1959 3756 elaboravit;

341 3760 462 3816 uod
495 3751 688 3828 ipsum
721 3769 850 3828 cum
870 3751 1108 3828 quidem
1132 3752 1479 3828 sgbreptum
1502 3752 1559 3807 in
1585 3754 1773 3809 lucem
1798 3770 1961 3810 men-

341 3777 462 3816 uoa
495 3777 688 3828 Ipsum
721 3777 850 3809 cum
870 3777 1108 3823 qlnuum
1132 3777 1479 3822 uuurcptuul
1505 3777 1559 3807 In
1586 3777 1773 3809 lucem
1798 3777 1961 3810 men-

298 3777 617 3889 gosissime
648 3825 964 3887 emisisset,
991 3823 1146 3877 idem
1175 3823 1578 3897 Tertullianus
1609 3843 1640 3879 a
1672 3841 1734 3880 se
1765 3842 1962 3897 reper-

300 3909 430 3959 tum
465 3899 800 3958 emendavit
845 3900 1020 3966 atque
1052 3896 1216 3949 auxit
1251 3913 1262 3950 :
1300 3897 1384 3950 sic
1414 3897 1570 3951 enim
1624 3899 1695 3951 de
1723 3896 1964 3954 illo’suo

300 3989 480 4047 Opere
514 3971 718 4047 scribit
735 3968 884 4047 libro
907 3983 926 4020 ι
950 3967 1227 4047 Adversus
1256 3972 1591 4047 Marcipnem
1615 3969 1782 4024 initio
1809 3987 1833 4047 :_
1847 3989 1876 4047 ξ
1901 3970 1962 4025 Si

301 4039 451 4122 quid
484 4047 661 4122 retro,
683 4039 896 4122 inquit,
925 4043 1278 4122 gestu-mfst
1310 4039 1478 4096 nobis
1498 4040 1964 4122 adversus__lllar-

300 4110 705 4188 dionem,jar_n
734 4111 874 4188 hinc
901 4110 1134 4165 viderit.
1159 4110 1377 4188 Novam
1413 4129 1534 4188 rem
1589 4113 1966 4185 aggredimur

303 4208 369 4247 ex
399 4182 620 4245 vetere.
653 4185 917 4239 Primum
950 4182 1304 4256 opusculum
1353 4182 1960 4256 quasiproperatum,

301 4261 571 4336 pleniore
627 4260 833 4336 poetea
886 4253 1314 4336 compositione
1359 4253 1770 4336 Ain-escideram‘;
1813 4255 1964 4310 hanc

300 4325 544 4406 quoque
558 4325 838 4406 nondum
870 4325 1247 4406 exemplariis
1265 4327 1604 4406 suffectam,
1640 4329 1791 4406 ἰξυῖ-ιο
1813 4337 1964 4406 _tunc

301 4397 753 4472 fratfisﬁehinc
785 4401 1087 4472 apostata,
1105 4397 1276 4451 amisi
1303 4414 1316 4464 ;
1343 4398 1440 4472 qui
1467 4399 1612 4472 forte
1637 4398 1962 4472 descripse-

303 4483 394 4534 rat
427 4469 594 4546 quad
606 4489 706 4546 amo
722 4469 1275 4546 meudosis_sime,et
1293 4469 1554 4546 exhibuit
1575 4469 1926 4546 frequentiae
1947 4487 1960 4537 ;

303 4540 744 4606 emendationis
802 4540 1122 4596 necessitas
1183 4540 1333 4595 facta
1395 4545 1530 4596 est:
1571 4540 1964 4597 innovationis

303 4625 439 4692 ejus
475 4616 703 4692 occasio
737 4613 956 4692 aliquid
1008 4612 1322 4692 persuasit.
1346 4633 1386 4692 _>_)
1421 4612 1701 4684 Origenes
1725 4629 1969 4692 quoque

301 4684 536 4763 ὤρυξε
559 4689 768 4762 junior
796 4685 854 4738 in
887 4684 1193 4763 Canticum
1227 4684 1595 4763 canticorum
1626 4685 1966 4763 scripserat,

308 4756 395 4821 ita
421 4756 646 4818 'fuse'et
672 4761 942 4814 accurate
975 4760 1116 4828 natu
1169 4756 1448 4826 grandior
1477 4756 1871 4828 pertractavit,
1905 4760 1971 4811 ut

305 4835 461 4891 nihil
497 4850 530 4888 a
560 4845 858 4903 quoquam
913 4826 1073 4903 eoin
1120 4826 1646 4903 generescriptum
1682 4829 1778 4896 sit,
1799 4829 1966 4903 quod

307 4923 446 4963 cum
477 4898 598 4959 illis
627 4903 686 4957 in
703 4898 1204 4970 comparationem
1229 4898 1424 4972 venire
1445 4899 1650 4970 possit.
1669 4907 1703 4952 Α
1719 4898 1970 4972 pollina-

306 4981 393 5037 ris
448 4978 590 5032 item
643 4972 1009 5030 Laodicenus
1063 4985 1235 5024 suum
1297 4970 1686 5026 adolescentis
1720 4970 1792 5025 in.
1841 4973 1971 5028 Osee

300 5050 642 5123 prophetam
694 5047 926 5100 brevem
984 5043 1534 5123 Commentariolum,
1596 5044 1854 5123 pleniore
1902 5060 1969 5099 ao

308 5113 750 5178 suc'culentiore
783 5113 1426 5185 commentariohatate
1461 5115 1783 5185 provectior
1814 5131 1970 5170 com-

306 5193 582 5250 mutavit.
608 5191 763 5244 Idem
799 5203 862 5242 se
886 5184 1093 5240 fecisse
1117 5184 1174 5238 in
1200 5183 1366 5240 illum
1400 5183 1594 5258 ipsum
1624 5186 1967 5258 prophetam

301 5282 421 5324 sua
450 5265 511 5318 in
560 5259 918 5335 praefatione
951 5259 1317 5335 contestatur
1347 5257 1757 5335 Hieronymus,
1793 5259 1970 5335 nimi-

304 5353 442 5408 rum
495 5327 622 5408 qua
671 5331 822 5387 levia
872 5329 1160 5408 etjejuna
1202 5327 1440 5408 juvenis
1481 5327 1815 5408 scripserat,
1850 5329 1971 5408 hac

301 5401 552 5479 triginta
595 5409 733 5479 post
781 5401 954 5479 annis
1006 5401 1328 5479 maturiora
1379 5401 1969 5479 exectio_raque_edi-

303 5471 646 5542 disvse.Qui'd
681 5477 752 5530 de
781 5479 836 5528 8.
875 5471 1209 5544 Augustino
1232 5471 1485 5544 loquar?
1510 5474 1609 5544 qui
1643 5471 1970 5544 complures

302 5568 336 5607 e
389 5550 562 5605 libris
608 5547 734 5604 suis
781 5544 1050 5600 rudiores
1097 5547 1155 5598 et
1197 5543 1564 5616 inabsolutos
1620 5543 1791 5616 longo
1839 5548 1974 5614 post

307 5628 581 5692 tempore
610 5621 671 5676 in
705 5614 1479 5692 manue_resumpsit,auxit,
1512 5614 1971 5692 expolivitguos

305 5710 384 5751 ne
419 5687 564 5749 mihi
596 5705 836 5747 necesse
867 5687 945 5742 sit
974 5702 1176 5743 omnes
1207 5702 1688 5752 commemorare,
1723 5704 1790 5743 eo
1821 5688 1972 5743 libro

307 5764 774 5837 comprehensos
824 5757 1105 5837 invenies,
1163 5775 1339 5832 quem
1389 5759 1862 5816 Retractatio-num
1910 5760 1970 5817 in

304 5830 644 5895 sera-atate
674 5830 1034 5907 composuit.

2075 3183 2230 3238 sium
2263 3197 2331 3236 ea
2364 3197 2474 3235 non
2511 3182 2673 3252 prius
2705 3181 3233 3252 scripsisse,quarri
3263 3183 3604 3239 Timotheus
3635 3181 3725 3241 re-

2075 3198 2230 3238 suum
2263 3198 2331 3236 ea
2364 3198 2474 3235 non
2511 3198 2673 3305 prius
2705 3198 3228 3252 scnpstsse,quam
3263 3198 3568 3238 Timotneu

2072 3261 2238 3324 cepto
2274 3255 2493 3324 eodem,
2533 3253 2660 3307 ibru
2692 3253 3074 3322 quastionem
3110 3253 3272 3308 illam
3308 3257 3575 3310 moverit.

2145 3323 2243 3380 llis
2276 3341 2454 3394 super
2482 3323 2593 3378 hac
2622 3324 2792 3378 tertia
2825 3325 3148 3394 quastione
3179 3326 3294 3396 iam
3322 3326 3722 3395 pertractatis,

2069 3397 2226 3451 venit
2257 3397 2316 3450 in
2370 3412 2582 3449 manus
2630 3412 2791 3451 meas
2824 3397 3000 3450 Flavii
3053 3397 3214 3450 chii
3251 3397 3440 3451 Dextri
3474 3398 3720 3452 Chroni-

2072 3485 2204 3535 con,
2247 3473 2303 3522 et
2359 3483 2474 3521 una
2525 3467 2818 3521 Francisci
2867 3467 3076 3522 Bivarii
3125 3468 3233 3522 viri
3282 3469 3609 3523 doctissimi
3662 3470 3722 3523 in

2072 3555 2203 3594 eum
2253 3538 2741 3593 Commentarius.
2779 3538 2844 3593 Hi
2899 3555 3139 3610 prorsus
3181 3556 3388 3594 novam
3421 3540 3721 3596 inducunt

2071 3613 2142 3666 de
2199 3610 2527 3674 Timotheo,
2561 3611 2656 3664 cui
2710 3609 2908 3665 libros
2953 3627 3093 3664 suos
3144 3611 3430 3666 dedicarit
3481 3617 3725 3668 sanctus

2072 3683 2406 3752 Dionysius,
2461 3681 2820 3752 opinionem.
2855 3682 3082 3736 Tenent
3128 3682 3284 3737 enim
3311 3682 3479 3736 illum
3530 3685 3724 3739 Timo-

2072 3756 2272 3809 theum
2328 3770 2444 3808 non
2488 3769 2618 3808 esse
2667 3769 2797 3808 eum
2850 3755 2919 3808 ad
2981 3771 3156 3824 quem
3211 3755 3269 3809 S.
3304 3754 3522 3810 Paulus
3574 3757 3725 3811 duas

2074 3826 2378 3895 scripserit
2408 3825 2822 3896 epistolas,sed
2857 3841 2984 3879 esse
3017 3826 3343 3896 Eugenium
3379 3826 3724 3882 Marcellum

2072 3899 2130 3952 S.
2164 3897 2432 3978 Dionysii.
2473 3897 2832 3978 Areopagita
2882 3897 3258 3978 discipulum
3276 3901 3420 3964 (sive
3453 3897 3620 3978 illum
3654 3899 3727 3978 de

2074 3986 2189 4041 quo
2225 3967 2576 4041 scripsimus
2627 3967 2686 4041 in
2723 3967 2858 4041 Vita
2907 3968 2970 4041 S.
2999 3968 3283 4039 Dionysii,
3317 3985 3442 4040 cap.
3475 3970 3593 4041 xxi)
3622 3969 3725 4040 qui

2075 4038 2492 4112 agnominatus
2526 4038 2719 4112 fuerit
2744 4038 3722 4112 _Timoth_eus.pQuam_opiniOnem

2073 4109 2419 4184 priusquam
2455 4109 2899 4184 refuto,videtur
2929 4109 3150 4184 aliquid
3182 4113 3252 4166 de
3282 4109 3445 4166 illius
3469 4111 3726 4168 auctori-

2079 4181 2190 4239 bus
2221 4181 2566 4236 brevissime
2598 4181 3087 4252 pramittendum.

2145 4255 2343 4323 Itaque
2375 4252 2472 4308 ille
2503 4253 2734 4308 Flavius
2768 4252 2984 4309 Lucius
3005 4258 3218 4309 Dexter
3237 4257 3328 4309 est
3358 4256 3561 4310 auctor
3584 4269 3727 4310 sane

2074 4327 2378 4397 antiquus,
2441 4330 2498 4380 et
2552 4325 2611 4379 S.
2658 4325 3014 4397 llieronymo
3060 4325 3325 4397 aqualis,
3384 4325 3487 4397 qui
3545 4326 3726 4382 etiam

2073 4398 2269 4468 ipsum
2303 4396 2621 4467 aliquando
2655 4396 2921 4451 hortatus
2951 4401 3059 4460 est,
3097 4396 3161 4452 ut
3191 4396 3508 4468 scriptOres
3537 4397 3726 4453 eccle-

2075 4470 2342 4524 siasticos
2374 4469 2431 4522 in
2463 4469 2730 4522 ordinem
2784 4468 3097 4540 digereret,
3129 4470 3284 4540 quod
3336 4474 3393 4524 et
3440 4469 3726 4540 Hierony-y

2074 4557 2206 4595 mus
2267 4541 2422 4608 fecit,
2485 4540 2819 4610 librumque
2856 4539 2863 4540 7
2897 4541 2972 4594 De
3027 4539 3162 4595 viris
3244 4540 3556 4595 illustribus
3610 4539 3728 4610 ipsi

2077 4619 2288 4669 Dextro
2336 4612 2645 4683 dedicavit,
2678 4618 2744 4665 ut
2791 4616 3044 4666 testatur
3094 4612 3441 4683 procemium
3475 4611 3728 4666 Hortaris

2079 4687 2298 4744 Dexter,
2333 4690 2422 4738 etc
2468 4683 2597 4754 Ipse
2618 4682 2756 4738 item
2783 4688 2996 4738 Dexter
3016 4682 3342 4738 Chronicon
3375 4683 3728 4738 omnimodas

2079 4756 2337 4811 historia
2387 4754 2756 4824 conscripsit,
2809 4756 2961 4826 quod
3017 4756 3219 4825 paucis
3269 4760 3402 4809 ante
3449 4755 3725 4826 annisin

2080 4828 2269 4882 lucem
2302 4827 2489 4881 edidit
2519 4825 2863 4881 Franciscus
2894 4827 3181 4890 Bivarius,
3215 4828 3367 4883 579
3399 4832 3502 4882 aut
3534 4825 3730 4897 potius

2081 4901 2336 4970 aliqunm
2389 4899 2516 4970 ejus
2568 4902 2816 4970 partem.
2851 4915 2979 4953 eam
3023 4898 3246 4954 scilicet
3278 4915 3406 4968 qua
3438 4897 3731 4968 Hispania

2079 4969 2366 5027 Ecclesiae
2408 4969 2678 5035 attingit;
2723 4986 2857 5023 nam
2899 4973 3016 5025 fere
3053 4987 3119 5024 eo
3145 4969 3344 5024 omnia
3374 4972 3727 5024 referuntur.

2151 5045 2290 5098 Cum
2325 5047 2519 5096 autem
2556 5041 2773 5095 iuerint
2804 5042 2977 5096 ambo
3031 5041 3292 5110 Hispani,
3323 5045 3445 5096 tam
3495 5046 3730 5105 Dexter,

2080 5130 2257 5185 quam
2309 5113 2621 5185 Bivarius,_
2665 5113 2776 5183 ipsi
2825 5129 2917 5167 res
2965 5113 3250 5185 Hispania
3299 5113 3730 5185 ecclesiasticas

2081 5183 2316 5242 summa
2361 5183 2664 5253 diligentia
2715 5183 3188 5255 perquisiverunt
3229 5189 3284 5239 et
3332 5183 3729 5238 illustrarunt.

2079 5257 2242 5321 Quod
2277 5257 2499 5310 utinam
2526 5256 2725 5325 plures
2763 5257 2857 5310 alii
2901 5255 2956 5309 in
2999 5255 3400 5312 notationibus
3432 5256 3731 5322 fecissent,

2081 5345 2145 5384 ac
2178 5344 2270 5383 res
2318 5343 2558 5400 suarum
2609 5326 3025 5400 nationumiin
3079 5327 3380 5400 publicam
3411 5327 3728 5383 utilitatem

2079 5398 2486 5466 evulgassentl
2524 5408 2646 5452 tum
2699 5408 2754 5454 et
2801 5398 3045 5469 pulcher
3081 5398 3346 5454 veritatis
3400 5401 3640 5466 candor,
3671 5403 3731 5455 et

2081 5472 2334 5542 insignis
2367 5469 2756 5542 Ecclesiarum
2789 5471 3201 5542 sanctimonia.
3235 5477 3293 5527 et
3324 5486 3469 5526 vera
3503 5471 3730 5526 anima-

2081 5560 2211 5597 rum
2246 5543 2480 5606 divitia,
2527 5541 2714 5597 multo
2764 5541 2981 5596 clarius
3012 5543 3232 5596 mundo
3271 5543 3726 5598 innotescerent.

2084 5615 2330 5670 Fatebor
2350 5613 2619 5684 equidem
2646 5615 2931 5668 nonnulla
2954 5614 3012 5667 in
3037 5629 3102 5668 eo
3125 5613 3412 5670 Chronico
3433 5631 3501 5670 ex
3531 5629 3728 5669 amore

2081 5686 2308 5758 patria,
2343 5691 2405 5739 ut
2438 5686 2520 5758 fit.
2555 5686 2780 5758 siveab
2815 5691 3051 5758 auctore
3082 5688 3235 5756 ipso,
3268 5687 3388 5742 sive
3421 5691 3624 5758 postea
3654 5685 3726 5740 ab

2080 5756 2232 5828 aliis,
2265 5763 2431 5812 terra
2456 5756 2749 5829 Hispania
2773 5757 3060 5812 attributa
3089 5773 3239 5826 esse,
3271 5756 3731 5829 quarvideantur

2083 5826 2227 5889 aliis
2246 5826 2584 5886 nationibus
2612 5826 2699 5884 vel
2729 5845 2895 5902 aque
2912 5829 3000 5886 vel
3025 5830 3252 5902 aquius
3280 5826 3524 5886 attribui
3557 5842 3731 5901 posse
