4130 6380
323 291 420 348 941
1295 294 1360 345 Ρ.
1399 291 1720 346 HALLOIX
1755 291 1906 346 SOC.
1947 292 2120 346 JESU
2157 291 2627 355 QUESTIONES
2665 291 2763 343 IV.

314 415 565 472 omnibus
597 413 661 469 in
688 429 749 469 eo
777 416 830 469 et
857 413 1008 469 circa
1036 429 1164 469 eum
1193 414 1565 471 existentibus
1584 421 1638 470 et
1654 415 1958 471 subsisten-
1989 420 2044 484 Α

315 487 477 554 tibus,
501 488 618 556 ipse
645 500 821 556 neque
847 489 978 556 fuit,
1010 502 1184 558 neque
1214 486 1341 555 erit,
1375 503 1552 558 neque
1581 490 1801 554 genitus
1830 489 1960 554 fuit,

313 574 482 628 neque
501 560 777 629 gignitur,
791 574 968 628 neque
987 557 1248 627 giguetur
1267 575 1286 618 .·
1311 562 1406 612 sed
1427 557 1580 614 unde
1597 561 1862 627 habetur,
1881 559 1960 611 in-

316 631 501 700 quies,
516 633 789 684 vocatum
804 645 932 684 esse
948 630 1147 701 [legem
1159 630 1518 697 saeculorum,
1533 631 1644 684 nisi
1662 648 1727 684 ex
1750 632 1963 685 Paulo?

315 701 679 771 Respondeo,
713 702 913 755 haberi
947 718 1016 754 ex
1048 702 1195 755 libro
1229 703 1420 755 Tobiae
1453 718 1580 772 cap.
1616 705 1810 770 xm,6,
1859 702 1960 755 ubi

316 774 526 828 Tobias
558 773 758 827 senior
787 775 871 827 sic
906 773 1203 842 loquitur:
1256 774 1490 840 Aspicite
1519 788 1643 842 ergo
1674 790 1796 842 quae
1827 773 1962 841 fecit

312 845 614 910 nobiscum,
647 860 772 898 cum
819 846 1014 898 timore
1058 850 1108 898 et
1138 853 1375 898 tremore
1425 845 1766 913 conﬁtemini
1822 844 1954 898 illi:

313 917 614 986 [legemque
643 917 977 972 saeculorum
1008 916 1264 969 exaltare
1296 917 1351 969 in
1384 916 1635 985 operibus
1666 914 1873 970 vestris.
1892 916 1960 969 Et

312 1003 379 1042 ex
406 987 652 1042 Joannis
684 988 1028 1058 Apocalypsi
1064 988 1252 1057 capite
1281 1004 1371 1054 xv,
1408 988 1504 1041 >13:
1536 989 1710 1043 Justae
1739 996 1789 1042 et
1815 1001 1958 1043 verae

307 1063 434 1114 sunt
461 1061 564 1114 viae
607 1063 736 1123 tum,
780 1060 892 1113 Rea:
936 1059 1274 1113 saeculorum.
1344 1059 1539 1128 Neque
1583 1060 1718 1112 item
1772 1059 1959 1129 magis

309 1133 526 1184 citetur
557 1131 774 1184 Paulus
824 1131 894 1184 ad
929 1130 1302 1185 Timotheum
1360 1131 1418 1183 in
1453 1130 1599 1183 libro
1656 1131 1728 1184 De
1755 1129 1960 1185 caelesti

307 1201 633 1257 heirarchia
657 1202 848 1272 capite
879 1202 1160 1269 secundo,
1193 1202 1348 1271 quod
1381 1208 1576 1255 tamen
1610 1202 1840 1257 (licebat
1864 1203 1954 1255 Bi-

309 1275 525 1329 varius.
559 1273 824 1343 Denique
856 1274 904 1326 si
930 1275 1072 1395 quis
1119 1278 1339 1328 attente
1399 1273 1744 1343 Dionysium
1805 1273 1960 1344 legat

309 1346 507 1395 {quem
539 1360 644 1395 ego
670 1350 738 1395 ad
771 1346 900 1395 eius
983 1345 1122 1395 itam
1177 1345 1686 1395 conscribendam.
1721 1349 1778 1395 et
1833 1350 1956 1395 tra—

305 1346 507 1417 (quem
539 1360 644 1415 ego
670 1350 738 1399 a-J
771 1346 900 1413 ejus
930 1345 1122 1399 Vitam
1177 1345 1686 1404 conscribendam,
1721 1349 1778 1397 et
1833 1350 1956 1399 tra—

305 1418 497 1497 henda
511 1417 651 1497 inde
665 1417 1016 1497 decernente
1033 1432 1161 1497 _non
1184 1419 1372 1497 solum
1393 1421 1597 1497 terque
1616 1422 1956 1497 quaterque,

304 1489 460 1559 quod
495 1489 682 1556 aiunt,
713 1488 865 1542 volvi
898 1493 954 1542 et
987 1487 1219 1552 revolvi,
1254 1487 1355 1541 sed
1389 1503 1455 1542 eo
1487 1489 1662 1542 etiam
1693 1487 1953 1559 saepius)

305 1558 612 1630 nunquam
645 1561 898 1613 inveniet
931 1560 986 1612 in
1012 1560 1086 1614 iis
1111 1561 1274 1624 locis,
1299 1575 1424 1628 qua:
1461 1558 1955 1630 profertBIvarius

302 1629 580 1686 debuisse
610 1630 950 1702 Dionysium
981 1631 1287 1685 Timotheo
1317 1631 1536 1702 dicere,
1567 1637 1630 1684 ut
1657 1637 1799 1685 recte
1851 1629 1956 1684 tibi

303 1702 520 1757 Paulus
548 1701 806 1772 scripsit;
843 1717 949 1755 nec
970 1704 1126 1757 enim
1149 1703 1248 1757 ubi
1272 1701 1567 1756 ullatenus
1590 1708 1956 1771 congrueret,

305 1773 873 1856 quandoquidemin
899 1772 1359 1856 illis‘locis‘totus
1384 1774 1559 1856 sit-vel
1590 1774 1645 1827 in
1664 1774 1956 1856 doctrina,
1987 1791 2036 1856 B

303 1844 390 1902 vel
424 1847 481 1900 in
517 1847 953 1916 disputatione;
991 1852 1046 1900 et
1081 1844 1248 1898 nulla:
1282 1845 1361 1899 ibi
1388 1847 1487 1898 tiat
1519 1845 1739 1900 mentio
1769 1846 1958 1900 Timo-

303 1919 446 1972 thei.
480 1918 779 1980 Quomodo
809 1917 990 1986 igitur
1039 1917 1362 1984 induceret,
1393 1921 1453 1970 ut
1507 1922 1654 1971 recte
1687 1918 1789 1970 tibi
1816 1920 1956 1970 scri-

302 1989 454 2059 psit?
475 1988 621 2043 tales
653 1989 808 2042 enim
843 1987 1226 2042 allocutiones
1261 1992 1392 2042 tum
1427 1987 1712 2042 haberent
1741 1987 1956 2056 locum,

300 2063 349 2116 si
385 2061 699 2131 Dionysius
731 2059 908 2114 allato
944 2059 1102 2112 Pauli
1133 2060 1199 2114 ad
1237 2059 1609 2113 Timotheum
1642 2059 1788 2118 loco.
1822 2074 1958 2113 eum

300 2139 566 2212 moneret
594 2132 1000 2212 hortareturve
1025 2133 1096 2184 ad
1121 2131 1872 2212 quidpiampraestandum,
1897 2135 1962 2183 ut

302 2205 426 2259 ﬁeri
462 2203 610 2258 solet
641 2204 699 2256 in
730 2202 1020 2272 epistolis,
1055 2211 1158 2256 aut
1189 2202 1732 2265 cohortationibus;
1766 2217 1964 2271 quem-

299 2276 623 2331 admodum
656 2280 712 2328 et
744 2274 952 2328 fecisse
983 2274 1270 2343 reperitur
1302 2273 1458 2330 584
1489 2273 1700 2328 beatus
1743 2279 1963 2344 martyr

301 2347 565 2417 Ignatius
588 2347 646 2400 in
678 2344 923 2416 epistola
955 2361 1062 2398 sua
1093 2346 1162 2399 ad
1227 2345 1528 2414 Ephesios,
1569 2361 1706 2398 cum
1758 2345 1964 2398 citaret

305 2413 469 2478 Pauli
503 2419 573 2474 ad
606 2413 844 2473 eosdem
872 2417 1084 2470 verba:
1123 2418 1180 2469 Et
1203 2413 1344 2478 sitis,
1401 2417 1736 2486 inquiebat,
1770 2432 1963 2486 quem-

300 2491 597 2546 admodum
633 2491 840 2543 Paulus
875 2487 1021 2542 vobis
1061 2487 1290 2554 scripsit
1315 2488 1406 2557 (δ),
1439 2504 1615 2541 unum
1657 2502 1879 2555 corpus,
1909 2491 1964 2541 et

296 2578 445 2617 unus
471 2561 705 2633 spiritus
724 2577 745 2621 ;
768 2559 1028 2633 quoniam
1051 2567 1100 2612 et
1127 2561 1302 2633 uocati
1323 2559 1455 2633 estis
1472 2561 1531 2612 in
1548 2576 1664 2633 una
1677 2574 1768 2633 spe
1812 2559 1961 2625 ﬁdei.

299 2635 354 2688 Si
393 2629 594 2688 autem
627 2633 941 2702 Dionysius
972 2631 1029 2684 in
1063 2629 1309 2698 epistola
1325 2631 1395 2682 ad
1427 2630 1964 2702 Demophilumaut

299 2706 367 2760 ad
404 2705 554 2760 alios
585 2705 722 2759 citet
755 2700 916 2758 Pauli
948 2703 1123 2755 verba
1152 2703 1220 2755 ad
1251 2702 1645 2765 Timotheum,
1680 2716 1820 2754 sane
1854 2700 1963 2755 hoc

298 2777 451 2832 nihil
483 2778 554 2831 ad
595 2793 740 2830 rem.
774 2776 889 2829 Nec
919 2775 1074 2827 enim
1109 2777 1299 2843 potest
1325 2772 1516 2827 dicere
1561 2773 1960 2843 scribensDe-

307 2849 597 2918 mophilo,
633 2855 698 2901 ut
728 2842 1198 2912 tibi,Timothee,
1233 2850 1386 2918 recte
1415 2845 1654 2918 scripsit
1704 2842 1956 2918 Paulus;

307 2915 467 2974 esset
537 2919 690 2974 enim
750 2918 951 2988 inepta
1015 2915 1388 2986 apostropha.
1462 2916 1594 2988 Sinq
1635 2915 1958 2988 scriberet,

307 2997 370 3046 ut
397 2995 559 3046 recte
615 2992 685 3046 ad
747 2986 1122 3045 Timotheum
1174 2987 1409 3057 scripsit
1459 2986 1697 3054 Paulus,
1729 2992 1856 3040 tum
1905 2987 1959 3040 id

309 3062 622 3136 proinobis
656 3062 892 3130 faceret,
925 3076 1041 3115 non
1075 3076 1178 3131 pro
1233 3063 1456 3125 Dextro,
1491 3074 1680 3128 neque
1728 3074 1831 3128 pro
1864 3058 1962 3111 Bi-

313 3151 500 3191 vario.

366 3205 712 3262 Secundum
745 3206 1160 3273 argumentum
1194 3204 1302 3266 est,
1338 3200 1492 3270 quod
1525 3199 1836 3268 Dionysius
1861 3199 1956 3273 Ti-

307 3278 618 3333 motheum
643 3270 878 3340 semper
905 3277 1070 3328 vocet
1099 3272 1310 3338 tilium,
1346 3273 1447 3326 lib.
1483 3273 1556 3326 De
1591 3270 1959 3326 ecclesiastica

299 3350 646 3412 hierarchia,
682 3364 808 3417 cap.
845 3347 869 3400 1
900 3361 911 3398 :
954 3366 980 3394 ‹‹
1004 3342 1388 3417 sanctissime
1441 3343 1522 3417 _fili
1570 3341 1890 3417 'l‘imothee,
1925 3363 1953 3391 η

299 3430 356 3476 et
388 3423 464 3475 ad
499 3419 718 3475 calcem
744 3413 1004 3488 ejusdem
1022 3415 1155 3488 libri
1181 3431 1194 3469 :
1221 3438 1240 3463 ι
1265 3417 1404 3488 Ista,
1430 3413 1678 3488 ﬁliLtam
1699 3413 1904 3480 multa,
1927 3433 1952 3464 υ

297 3499 352 3548 et
386 3493 493 3547 lib.
529 3493 602 3547 De
630 3485 834 3545 σιειεέιὶ
866 3487 1184 3542 hierarchia
1223 3501 1274 3540 c.
1332 3487 1398 3539 2:
1467 3504 1488 3532 α
1521 3485 1604 3538 Tu
1668 3489 1886 3547 autem,
1923 3501 1955 3538 ο

297 3565 403 3630 ﬁli,
451 3588 470 3611 ιι
509 3569 642 3627 etc.,
669 3567 724 3617 et
753 3561 854 3614 lib.
889 3577 930 3614 ιι
953 3560 1024 3613 De
1048 3556 1618 3630 divinisnomim'bus,
1643 3573 1692 3609 c.
1714 3560 1768 3621 2,
1791 3561 1954 3630 parte

299 3654 314 3690 ι
347 3627 444 3693 ;’‹‹
479 3639 661 3688 Nemo
719 3640 933 3694 autem,
970 3630 1162 3700 inquit
1218 3629 1496 3689 Bivarius,
1526 3644 1681 3700 sana:
1741 3627 1954 3681 mentis

297 3708 413 3762 sibi
450 3704 850 3776 persuadebit,
886 3699 1231 3773 Dionysium
1264 3699 1392 3776 lilii
1417 3699 1652 3776 nomine
1692 3715 1953 3776 unquam

298 3769 476 3833 illum
505 3777 872 3831 Timotheum
907 3769 1213 3834 vocitasse,
1247 3771 1344 3842 qui
1379 3771 1507 3840 ipso
1541 3769 1815 3841 Dionysio
1847 3788 1954 3823 an-

298 3850 526 3921 tiquior
556 3847 911 3921 discipulus,
933 3849 1000 3921 et
1031 3841 1357 3921 Ephesinus
1411 3842 1726 3921 episcopus
1784 3847 1950 3921 erat;

297 3912 477 3991 quem
504 3922 585 3975 ita
624 3912 903 3991 nimirum
933 3912 1168 3991 Paulus,
1193 3914 1600 3991 honoraverat,
1625 3921 1686 3966 ut
1711 3929 1808 3991 sex
1831 3912 1953 3991 epi-

297 3985 488 4050 stolas
522 3994 632 4046 sub
664 4007 770 4045 suo
802 3996 859 4044 et
890 3989 1079 4059 ipsius
1100 3985 1274 4042 simul
1309 3986 1542 4059 nomine
1565 3985 1952 4059 inscripserit,

298 4072 409 4120 etc.
453 4086 482 4114 »
517 4065 599 4116 lta
621 4056 1128 4124 Bivariuszuem
1162 4059 1399 4126 quidem
1443 4057 1551 4111 hoc
1600 4056 1724 4110 loco
1777 4056 1956 4110 miror

298 4135 606 4194 modestiae
631 4137 828 4206 (quam
860 4131 1004 4186 alias
1035 4131 1185 4206 satis
1216 4129 1770 4206 videturadamare)
1804 4130 1953 4206 lines

297 4200 648 4264 excessisse;
672 4200 844 4260 'ltane
873 4219 1008 4258 vero
1031 4203 1058 4256 ?
1079 4207 1199 4256 tam
1227 4200 1396 4256 multi
1425 4205 1479 4253 et
1501 4205 1661 4253 tanta
1686 4201 1954 4252 doctrina

293 4281 429 4346 viri,
456 4279 556 4348 qui
590 4293 752 4344 sane,
787 4279 851 4330 ut
877 4274 1015 4348 plus
1041 4273 1383 4348 nondicam,
1411 4270 1634 4325 Bivario
1658 4273 1715 4348 in
1740 4269 1952 4324 litteris

296 4341 622 4407 seu'sacris
655 4341 758 4403 seu
791 4341 1052 4418 profanis
1084 4342 1228 4398 nihil
1262 4349 1364 4398 aut
1397 4359 1509 4418 non
1531 4341 1807 4418 multum
1852 4357 1948 4418 ce-_

295 4425 474 4488 dunt,
509 4427 630 4476 tam
662 4412 1138 4487 multi,inquam,
1170 4421 1228 4469 et
1287 4413 1434 4488 tanti
1491 4412 1620 4488 viri,
1676 4414 1772 4488 qui
1831 4412 1947 4488 sibi

334 4483 721 4551 ersuaserunt
749 4495 806 4545 et
835 4483 1313 4560 comprobarunt
1335 4485 1693 4560 Timotheum
1739 4485 1799 4560 in
1826 4483 1949 4560 illis

317 4567 444 4622 ocis
475 4565 665 4620 vocari
700 4562 912 4626 ﬁlium,
947 4555 1102 4615 sana
1134 4557 1350 4613 mentis
1381 4573 1496 4610 non
1523 4556 1803 4610 fuerunt?
1827 4555 1947 4610 Imo

293 4654 435 4694 vero
467 4636 634 4691 valde
667 4633 1051 4689 metuendum
1084 4635 1190 4695 est,
1226 4645 1296 4683 ne
1345 4629 1401 4682 id
1437 4627 1661 4682 dictum
1694 4627 1952 4697 (tametsi

296 4728 328 4764 a
360 4711 536 4764 docto
558 4713 615 4761 et
634 4707 810 4776 probo
833 4705 954 4776 viro
975 4703 1221 4776 dictum)
1246 4707 1439 4776 tamen
1465 4699 1602 4769 quia
1625 4715 1738 4776 non
1762 4697 1952 4776 omni-

303 4782 415 4836 bus
447 4770 730 4844 horis,'ut
758 4775 930 4846 vulgo
962 4770 1518 4846 dicitur,sapir_nus,
1542 4788 1656 4825 non
1689 4770 1957 4846 videatur

296 4869 330 4906 a
352 4869 503 4908 sana
534 4841 728 4906 mente
759 4841 981 4903 dictum
1008 4863 1020 4900 :
1055 4841 1431 4916 Ecquomodo
1447 4847 1643 4916 autem
1673 4859 1787 4896 non
1808 4841 1956 4916 vidit

294 4925 383 4978 vir
413 4923 696 4994 prudens,
731 4938 762 4973 a
794 4919 997 4973 multis
1026 4911 1171 4970 viris
1211 4913 1581 4994 sapientibus
1628 4918 1685 4994 et
1735 4911 1954 4994 sanctis

295 4995 393 5050 isti
419 4985 787 5065 'argumu'nto
818 5005 951 5065 esse
979 4985 1330 5065 responsum
1355 4986 1382 5040 ‘?
1417 4985 1736 5065 Quomodo.
1771 4985 1953 5065 etiam

297 5054 531 5122 morem
558 5064 724 5119 illum
752 5054 1206 5136 usitatissimum
1233 5075 1347 5136 prae
1371 5055 1557 5136 oculis
1578 5073 1689 5110 non
1723 5054 1951 5136 habuit,

297 5139 399 5208 qui
437 5137 735 5208 hodieque,
754 5136 1112 5208 perseverat,
1145 5134 1212 5208 ut
1235 5125 1558 5208 admodum
1593 5125 1954 5208 senes._(t.alis

295 5197 456 5264 enim
486 5214 612 5263 erat
634 5197 860 5277 judicio
893 5203 1099 5277 Bivarii
1127 5201 1466 5277 Dionysius,
1498 5199 1641 5277 dum
1672 5197 1954 5277 scriberet

295 5281 368 5336 de
399 5280 615 5335 divinis
640 5271 1012 5337 nominibus.
1046 5274 1155 5329 hoc
1206 5271 1299 5326 est
1327 5276 1561 5326 centum
1594 5275 1651 5323 et
1697 5271 1950 5324 duorum

293 5349 896 5422 annorum)junio_res
923 5351 1089 5402 astate
1115 5343 1412 5422 appellent
1437 5342 1680 5422 tilios,_et
1712 5340 1953 5422 hisimi-

291 5423 429 5478 liter
454 5412 916 5494 illos'appellent
948 5412 1169 5494 patres:
1195 5412 1324 5494 llam
1358 5418 1552 5494 autem
1605 5412 1952 5494 Timotheus

293 5501 564 5566 respectu
595 5486 860 5564 Dionysii
893 5486 1018 5546 erat
1069 5486 1683 5566 admoduni_juvenis,
1735 5486 1954 5566 quippe

293 5555 678 5636 qui‘Neronis
729 5555 991 5636 tempore
1046 5557 1703 5636 vo_cetur__adolescens,
1765 5555 1948 5636 et'ad

293 5628 470 5709 quem
501 5639 768 5694 scribens
798 5628 1018 5691 Paulus
1066 5633 1264 5688 dicat:
1296 5630 1464 5687 Nemo
1523 5628 1952 5683 adolescentiam

1978 4526 2026 4592 D

3633 295 3744 352 942

2088 418 2241 491 tuam
2268 418 2581 491 contemnat
2611 414 2701 483 (s')
2729 428 2742 466 :
2776 417 2902 468 tum
2935 418 3131 470 autem
3164 414 3478 490 Dionysius
3499 419 3740 491 duplam

2079 486 2313 540 circiter
2342 486 2503 541 illius
2535 491 2768 540 aatatem
2803 493 3075 555 exegerat

2140 559 2428 627 Secundo,
2449 558 2706 633 filiorum
2721 559 3123 633 appellatione
3137 563 3414 615 censetur
3435 560 3735 633 discipuli,

2071 634 2128 704 et
2158 637 2391 704 patrum
2430 631 2674 683 nomine
2709 629 2993 704 magistri.
3028 631 3116 704 lta
3147 637 3387 687 sanctus
3417 629 3736 704 Dionysius

2069 701 2537 776 Qiexandrinus,
2583 716 2718 776 cum
2767 701 2957 776 _libros
3014 703 3088 756 De
3142 707 3350 776 natura
3397 701 3735 776 inscriptos,

2069 772 2376 826 Timotheo
2408 773 2641 826 cuidam
2672 772 2995 837 dedicaret,
3018 789 3151 826 eum
3179 773 3282 826 lilii
3311 777 3542 831 nomine
3568 772 3731 832 com-

2071 844 2327 913 pellavit,
2360 845 2443 898 uti
2503 845 2658 913 apud
2721 843 3041 897 Eusebium
3091 845 3511 902 Caesariensem
3567 850 3729 905 cerni

2073 913 2203 968 licet
2231 914 2382 968 libro
2411 931 2465 968 v1
2497 913 2747 968 Historiae
2774 914 3176 980 ecclesiasticis,
3210 933 3337 985 cap.
3392 918 3482 982 26,
3515 919 3727 975 editio-

2070 985 2422 1059 nisGraacaa.
2454 986 2798 1040 Timotheus
2831 987 3012 1059 igitur
3043 986 3099 1040 in
3137 987 3511 1059 philosophia
3541 994 3598 1044 et
3618 1008 3725 1045 saa-

2069 1057 2182 1110 culi
2217 1057 2548 1127 disciplina,
2579 1059 2757 1129 cujus,
2797 1058 2998 1111 rudior
3045 1064 3188 1124 erat,
3225 1057 3397 1129 atque
3445 1060 3622 1115 etiam
3665 1064 3726 1117 in

2069 1129 2376 1204 subtiliore
2398 1129 2692 1199 theologia
2723 1128 2839 1198 (his
2857 1130 3014 1183 enim
3035 1128 3326 1204 adversus
3342 1130 3726 1204 philosophos

2069 1201 2243 1282 tidem
2269 1207 2528 1255 nostram
2561 1207 2970 1282 Oppuguantes
3004 1217 3153 1282 Opus
3184 1201 3356 1272 erat)’
3378 1201 3725 1282 Dionysium

2068 1270 2322 1326 habebat
2344 1288 2446 1342 pro
2463 1270 2746 1344 gmagiStro
2771 1287 2783 1335 ;
2809 1279 2866 1325 et
2883 1270 3288 1327 illum'absens
3313 1270 3412 1343 per
3443 1270 3724 1344 epistolas

2068 1344 2428 1418 consulebat.
2463 1342 2578 1418 Nec
2600 1345 2757 1418 enirn
2778 1359 2987 1418 parum
3019 1345 3263 1418 periculi
3281 1342 3716 1418 a’philoisophis

2070 1421 2128 1468 et
2157 1416 2353 1468 saeculi
2386 1415 2671 1484 sophistis
2719 1413 2988 1470 Ecclesiae
3024 1413 3407 1470 imminebat.
3460 1413 3606 1472 Hinc
3660 1423 3722 1474 et

2069 1484 2284 1540 Paulus
2316 1494 2552 1540 cautum
2605 1485 3051 1540 tlolossensibus
3103 1488 3337 1542 volens:
3376 1489 3588 1553 Videte,
3629 1490 3722 1544 in-

2067 1558 2305 1630 quiebat
2335 1559 2421 1630 (t)_.
2455 1574 2524 1611 ne
2552 1560 2678 1628 quis
2701 1573 2790 1612 vos
2820 1556 3067 1627 decipiat
3097 1576 3198 1628 per
3237 1559 3644 1630 philosOphiam
3669 1565 3723 1616 et

2067 1627 2293 1682 inanem
2321 1627 2615 1696 fallaciam
2661 1633 2962 1701 secundum
2993 1627 3348 1684 traditionem
3401 1627 3720 1701 hominum,

2066 1701 2365 1754 secundum
2395 1701 2664 1754 elementa
2692 1698 2914 1766 mundi,
2942 1712 2994 1755 et
3050 1717 3161 1756 non
3207 1700 3507 1757 secundum
3564 1698 3720 1758 C/iriQ

2065 1780 2232 1825 stum.
2265 1771 2482 1834 Tertio,
2542 1787 2677 1825 cum
2718 1772 3063 1826 Timotheus
3121 1771 3267 1827 satis
3297 1789 3452 1827 esset
3508 1780 3722 1830 natura

2067 1843 2314 1896 timidus
2343 1849 2399 1897 et
2430 1842 2829 1913 pusillanimis
2860 1844 3044 1912 (quod
3079 1843 3137 1896 in
3196 1843 3597 1900 natationibus
3643 1847 3716 1901 ad

2067 1930 2193 1984 cap.
2227 1915 2260 1965 7
2285 1914 2423 1968 Vitae
2455 1915 2641 1967 sancti
2673 1913 2976 1984 Polycarpi
3009 1930 3078 1968 ex
3099 1914 3353 1983 ipsemet
3382 1915 3559 1971 Paulo
3583 1933 3718 1986 pro-

2066 1986 2360 2055 bavimus)
2393 2001 2505 2039 non
2540 1991 2768 2039 tantum
2800 1986 3038 2039 doctore
3068 1985 3348 2051 scientias,
3402 1988 3503 2041 sed
3539 1985 3716 2043 etiam

2069 2056 2350 2128 magistro
2371 2056 2610 2110 virtutis
2659 2063 2716 2110 et
2767 2057 3113 2128 constantiae
3172 2057 3493 2126 indigebat.
3542 2061 3721 2115 Miror

2068 2136 2290 2195 autem,
2316 2128 2606 2182 Bivarium
2629 2144 2755 2199 non
2806 2127 3083 2199 didicisse
3114 2144 3182 2181 ex
3211 2128 3368 2183 Pauli
3418 2128 3719 2199 Epistolis,

2069 2205 2126 2252 et
2154 2217 2184 2253 e
2216 2199 2403 2253 sancti
2426 2198 2673 2253 Joannis
2695 2198 3065 2270 Apocalypsi,
3084 2199 3276 2268 qualis
3292 2198 3721 2257 fuerit’sanctus

2069 2271 2449 2342 Timotheus;
2479 2279 2544 2323 ut
2572 2289 2606 2324 a
2637 2269 2886 2342 pueritia
2905 2269 3142 2342 quidem
3177 2287 3279 2340 pro
3304 2271 3522 2342 ingenii
3547 2274 3722 2328 modo

2070 2287 2449 2336 'umomeus;
2479 2287 2544 2323 ut
2572 2289 2606 2324 a
2637 2287 2886 2338 pueritia
2948 2287 3142 2324 uicem
3177 2287 3279 2340 pro
3304 2287 3522 2342 ingenii
3547 2287 3722 2328 meno

2070 2341 2127 2395 in
2165 2358 2346 2396 sacris
2376 2348 2643 2396 versatus
2676 2340 2886 2395 litteris
2905 2287 3159 2411 (lquippe
3181 2348 3368 2397 matre
3391 2341 3727 2400 Christiana

2071 2419 2269 2478 natus)
2300 2420 2476 2482 atque
2508 2413 2684 2466 etiam
2712 2413 2928 2481 insigni
2965 2413 3176 2481 pietate
3223 2419 3281 2466 et
3327 2415 3724 2470 sanctimonia

2071 2486 2349 2553 praeditus
2373 2481 2394 2544 τί
2423 2487 2502 2537 ita
2534 2485 2603 2538 ad
2630 2500 2720 2536 res
2747 2500 2989 2548 magnas
3013 2481 3194 2537 animi
3217 2485 3512 2539 interdum
3541 2486 3724 2542 nimis

2069 2556 2293 2626 pusilli,
2318 2563 2374 2607 et
2404 2555 2550 2609 duce
2579 2561 2760 2625 atque
2802 2553 3112 2608 incitatore
3173 2555 3511 2626 indigentis.
3572 2557 3720 2613 Nam

2069 2625 2226 2697 quod
2259 2628 2568 2696 utriusque
2601 2626 2837 2679 nomine
2865 2631 2948 2679 tot
2979 2625 3266 2694 Epistolas
3298 2625 3538 2697 scripsit
3572 2628 3720 2683 Pau-

2068 2699 2182 2762 lus,
2218 2699 2490 2768 quodque
2522 2713 2656 2751 eum
2687 2697 2902 2765 saepius
2934 2702 2990 2751 et
3020 2698 3285 2768 impense
3343 2701 3721 2754 commenda-

2066 2770 2166 2837 vit,
2200 2769 2307 2841 hoc
2340 2775 2609 2841 nouerat
2658 2769 2809 2841 quod
2862 2785 3079 2838 magna
3135 2767 3350 2824 valeret
3409 2787 3524 2841 prae
3583 2771 3719 2826 aliis

2068 2839 2414 2895 auctoritate
2473 2839 2842 2903 Timotheus,
2892 2841 2991 2894 sed
3055 2843 3120 2893 ut
3169 2839 3424 2895 valeretﬁ
3460 2841 3607 2896 Nam
3660 2847 3719 2897 et

2069 2917 2310 2968 sanctus
2341 2910 2815 2984 Chrysostomus,
2863 2910 2928 2984 _in
2990 2909 3154 2984 Pauli
3211 2910 3488 2984 Epistolis
3546 2911 3719 2984 longe

2069 2985 2336 3039 omnium
2368 2981 2829 3054 oculatissimus,
2859 2981 2988 3054 ideo
3022 2981 3187 3036 illum
3208 2983 3580 3054 conjunxisse
3603 2981 3718 3040 sibi

2069 3056 2129 3108 in
2162 3054 2650 3124 inscriptionibus
2682 3053 3057 3108 Timotheum
3089 3053 3408 3117 scribit,’ut
3436 3057 3490 3110 ei
3513 3060 3715 3111 aucto-

2073 3127 2304 3181 ritatem
2336 3123 2691 3192 conciliaret,
2729 3124 3228 3194 quemadmodum
3284 3123 3480 3181 videre
3538 3127 3719 3184 estin

2074 3198 2342 3254 secundae
2377 3195 2643 3266 Epistolas
2675 3196 2745 3249 ad
2777 3195 3110 3251 Corinthios
3144 3197 3605 3252 commentariis.

2141 3268 2402 3324 Tertium
2436 3272 2851 3337 argumentum
2882 3267 3096 3321 BiVarii
3127 3273 3330 3321 contra
3377 3285 3484 3323 nos
3538 3269 3716 3338 (quod

2065 3345 2260 3394 tamen
2294 3341 2354 3394 in
2388 3338 2757 3411 adversarios
2787 3338 3010 3411 valide__
3035 3339 3359 3411 repulsum,
3418 3340 3714 3411 integram

2064 3412 2237 3466 nobis
2266 3411 2450 3481 pariet
2482 3409 2806 3478 victoriam)
2841 3414 2898 3464 et
2952 3407 3122 3476 illud,
3183 3425 3412 3480 nempe,
3468 3407 3713 3479 majoris

2062 3499 2294 3553 semper
2325 3483 2505 3536 fuisse
2536 3481 2901 3553 auctoritatis
2951 3484 3100 3550 apud
3135 3481 3460 3553 discipulos
3496 3482 3713 3553 _Timo-

2061 3551 2287 3620 theu'm,
2322 3571 2500 3624 quam
2533 3552 2729 3624 Titum
2758 3558 2990 3621 ;utpote
3013 3568 3189 3620 quem
3214 3551 3432 3606 Paulus
3456 3551 3707 3622 plusho-

2060 3626 2372 3680 noraverit.
2405 3623 2584 3695 Atqui
2617 3623 2933 3749 Dionysius
2965 3624 3229 3678 scribens
3261 3624 3332 3678 ad
3361 3624 3561 3678 Titum
3594 3642 3708 3679 non

2060 3703 2223 3749 vocat
2255 3713 2390 3749 eum
2425 3696 2634 3749 lilium.
2668 3713 2764 3749 mu
2795 3701 2851 3749 to
2901 3694 3084 3749 igitur
3140 3696 3338 3749 minus
3389 3696 3476 3749 sic
3505 3696 3708 3749 debuit

2059 3703 2223 3752 vocat
2255 3713 2390 3751 eum
2425 3694 2634 3763 lilium,
2668 3694 2851 3750 multo
2901 3694 3084 3766 igitur
3140 3696 3338 3750 minus
3389 3696 3476 3750 sic
3505 3696 3709 3752 debuit

2059 3785 2264 3824 vocare
2295 3768 2687 3822 Timotheum.

2130 3841 2496 3909 Respondeo,
2530 3837 2936 3893 auctoritatem
2969 3836 3157 3909 tribus
3193 3837 3369 3909 rebus
3401 3837 3711 3907 potissima

2059 3917 2118 3966 et
2150 3907 2534 3966 usitatissime
2566 3909 2930 3978 comparari:
2966 3908 3154 3978 primo
3186 3907 3258 3961 ab
3283 3913 3482 3973 aetate;
3516 3909 3707 3962 ethoc

2060 3985 2233 4038 modo
2265 3998 2434 4036 senes
2467 3981 2706 4051 majoris
2738 3983 2879 4051 sunt
2929 3978 3297 4051 auctoritatis
3327 3995 3509 4051 quam
3541 3981 3708 4051 juve-

2061 4071 2200 4110 nes:
2235 4053 2514 4116 secundo,
2550 4048 2745 4105 rerum
2767 4049 2827 4103 in
2862 4049 3033 4104 nobis
3061 4049 3308 4103 sitarum
3335 4048 3703 4114 excellentia,

2060 4133 2124 4180 ut
2148 4124 2404 4180 scientiae
2437 4128 2494 4176 et
2535 4123 2768 4176 virtutis
2799 4126 2856 4174 et
2913 4120 3281 4191 egregiorum
3336 4121 3662 4175 facinorum
3690 4139 3704 4176 :

2057 4197 2228 4250 tertio
2247 4211 2312 4248 ex
2338 4195 2557 4248 honore
2576 4200 2631 4247 et
2652 4192 2937 4262 dignitate
2959 4190 3321 4245 extrinsecus
3343 4191 3704 4247 adveniente.

2058 4269 2162 4321 Hic
2193 4273 2390 4322 autem
2425 4266 2610 4319 honos
2644 4265 2730 4319 vel
2763 4263 3114 4332 expenditur
3143 4279 3334 4317 rerum
3363 4279 3709 4332 magnarum

2057 4340 2205 4395 585
2243 4337 2682 4398 commissione,
2716 4341 2782 4389 ut
2811 4335 3292 4398 gubernationem
3317 4334 3576 4394 urbium.
3611 4337 3710 4389 ad-

2057 4411 2489 4464 ministratione
2546 4407 2998 4479 provinciarum,
3031 4406 3276 4479 ejusque
3341 4405 3500 4479 modi
3533 4404 3706 4461 aliis:

2057 4481 2144 4536 vel
2182 4477 2578 4535 familiaritate
2611 4478 2860 4546 alicujus
2892 4483 2948 4532 et
3007 4477 3197 4546 gratia
3228 4477 3380 4546 apud
3443 4492 3708 4546 magnos.

2060 4555 2178 4622 Ego
2209 4559 2404 4607 autem
2437 4566 2644 4622 censeo
2676 4555 2732 4604 et
2760 4564 2980 4622 assero,
3033 4547 3215 4622 hisce
3251 4547 3436 4622 tribus
3497 4547 3708 4622 primis

2067 4619 2251 4679 modis
2285 4625 2462 4678 fuisse
2493 4621 2687 4676 Titum
2723 4620 2964 4689 majoris
2995 4619 3362 4673 auctoritatis
3409 4633 3586 4688 quam
3615 4619 3709 4672 Ti-

2064 4697 2390 4757 motheum,
2426 4693 2678 4764 plusque
2707 4691 2897 4759 illum,
2948 4691 3270 4764 prmsertim
3328 4689 3709 4764 intrinsecus,

2065 4766 2382 4822 momentis
2414 4761 2483 4819 ad
2516 4761 2920 4819 auctoritatem
2957 4762 3254 4825 habuisse,
3289 4777 3468 4831 quam
3529 4761 3710 4829 hunc,

2065 4839 2260 4894 Primo
2293 4837 2471 4906 igitur
2504 4835 2637 4904 plus
2658 4836 2786 4890 Tito
2828 4833 3195 4906 auctoritatis
3238 4837 3361 4887 erat
3389 4833 3461 4906 ab
3497 4838 3709 4906 natale;

2067 4911 2219 4981 quod
2254 4904 2400 4981 satis
2422 4912 2611 4981 potest
2641 4924 2671 4961 e
2702 4905 2865 4960 Pauli
2903 4904 3184 4976 Epistolis
3227 4910 3285 4959 et
3324 4920 3393 4958 ex
3423 4904 3576 4958 infra
3623 4904 3715 4958 di-

2219 4982 2266 5033 is
2298 4978 2510 5033 collia'i.

2219 4983 2229 4992 ’
2333 4983 2423 5033 olli
2472 4983 2510 5031 i.

2064 4983 2402 5107 (3832;311ng
2425 4996 2744 5112 gscientia,
2767 5045 3095 5116 prudenlia,
3124 5045 3372 5114 aliisque
3392 5044 3715 5101 virtutibus

2064 5126 2133 5178 ad
2170 5122 2433 5178 Ecclesiae
2465 5120 2950 5190 gubernationem
2999 5117 3402 5190 spectantibus
3435 5134 3446 5170 :
3481 5121 3713 5190 utknon

2064 5211 2417 5264 magnOpere
2447 5187 2674 5261 eguerit
2705 5190 2968 5264 magistri
2995 5187 3501 5264 commendatione
3528 5206 3541 5255 ;
3564 5187 3716 5264 Pau-

2065 5259 2381 5320 lus‘aut'em
2419 5259 2753 5332 frequenter
2775 5263 2904 5332 ejus
2937 5259 3173 5332 auxilio.
3197 5260 3331 5314 Cum
3351 5259 3585 5314 venisset
3606 5277 3715 5315 au-

2064 5343 2171 5392 tem
2207 5339 2488 5398 Troadem.
2521 5331 2716 5403 inquit
2737 5331 2956 5386 Paulus
2979 5331 3060 5399 (u)
3076 5373 3089 5395 ,
3109 5336 3333 5400 propter
3348 5332 3718 5398 Evangelium

2066 5408 2292 5464 Christi.
2327 5417 2376 5462 et
2410 5408 2617 5460 ostium
2674 5403 2812 5457 mihi
2841 5407 3092 5472 apertum
3145 5412 3279 5457 esset
3337 5405 3396 5457 in
3462 5406 3715 5468 Domino,

2062 5498 2172 5536 non
2207 5480 2377 5533 habui
2403 5477 2651 5548 requiem
2681 5473 3160 5548 spiritui_meo,eo
3179 5472 3331 5548 _quod
3352 5491 3463 5529 non
3496 5474 3718 5528 invene-

2061 5555 2172 5605 rim
2186 5553 2210 5605 Ί
2222 5551 2360 5606 itum
2373 5545 2608 5620 fratrem
2619 5545 2798 5620 meum
2810 5587 2823 5607 ,
2837 5545 2927 5620 seti
2944 5545 3285 5620 uale/ueiens
3297 5548 3414 5620 eis;
3425 5618 3431 5620 _
3440 5548 3720 5620 profectu:

2061 5641 2187 5680 sum
2216 5623 2276 5678 in
2306 5617 2698 5677 illacedoniam.
2725 5618 2867 5673 Ecce
2898 5617 3083 5688 igitur
3114 5621 3338 5691 quanto
3369 5617 3483 5672 Titi
3509 5618 3719 5672 absen-

373 5849 432 5924 (ις)
462 5855 603 5925 Cap.
629 5868 708 5920 ιν,
741 5867 794 5906 v.
825 5849 879 5905 4.
911 5845 1011 5920 (5*)
1046 5845 1068 5903 Ι
1096 5844 1246 5904 Tim.
1281 5862 1360 5914 iv,
1397 5845 1478 5915 12,
1503 5838 1568 5915 (ι)
1599 5838 1737 5913 Cap.
1761 5855 1838 5914 1v,
1867 5855 1928 5898 v.

2069 5837 2134 5913 iu)
2169 5837 2219 5893 II
2244 5837 2371 5894 Cor.
2407 5850 2472 5906 ιι,
2506 5831 2592 5891 12.
