  <div class='ocr_page' id='page_1' title='image "/cluster/home/n/w/nwhite01/storage/ocr_20150623/4:no.2/coo.31924054872837/480.png"; bbox 0 0 4130 6398; ppageno 0'>
   <div class='ocr_carea' id='block_1_1' title="bbox 376 364 478 420">
    <p class='ocr_par' dir='ltr' id='par_1_1' title="bbox 376 364 478 420">
     <span class='ocr_line' id='line_1_1' title="bbox 376 364 478 420; baseline 0 0"><span class='ocrx_word' id='word_1_1' title='bbox 376 364 478 420; x_wconf 84' lang='grc'>945</span> 
     </span>
    </p>
   </div>
   <div class='ocr_carea' id='block_1_2' title="bbox 1359 362 2825 428">
    <p class='ocr_par' dir='ltr' id='par_1_2' title="bbox 1359 362 2825 428">
     <span class='ocr_line' id='line_1_2' title="bbox 1359 362 2825 428; baseline 0.001 -13"><span class='ocrx_word' id='word_1_2' title='bbox 1359 364 1421 415; x_wconf 88' lang='grc' dir='ltr'>Ρ.</span> <span class='ocrx_word' id='word_1_3' title='bbox 1463 362 1781 419; x_wconf 83' lang='lat' dir='ltr'>HALLOIX</span> <span class='ocrx_word' id='word_1_4' title='bbox 1821 362 1969 417; x_wconf 88' lang='lat' dir='ltr'>SOC.</span> <span class='ocrx_word' id='word_1_5' title='bbox 2012 364 2186 420; x_wconf 80' lang='lat' dir='ltr'>JESU</span> <span class='ocrx_word' id='word_1_6' title='bbox 2224 363 2694 428; x_wconf 74' lang='lat' dir='ltr'>QUESTIONES</span> <span class='ocrx_word' id='word_1_7' title='bbox 2730 364 2825 417; x_wconf 86' lang='lat' dir='ltr'>IV.</span> 
     </span>
    </p>
   </div>
   <div class='ocr_carea' id='block_1_3' title="bbox 3701 361 3810 420">
    <p class='ocr_par' dir='ltr' id='par_1_3' title="bbox 3701 361 3810 420">
     <span class='ocr_line' id='line_1_3' title="bbox 3701 361 3810 420; baseline 0.018 -3"><span class='ocrx_word' id='word_1_8' title='bbox 3701 361 3810 420; x_wconf 75' lang='grc'>946</span> 
     </span>
    </p>
   </div>
   <div class='ocr_carea' id='block_1_4' title="bbox 373 481 3810 561">
    <p class='ocr_par' dir='ltr' id='par_1_4' title="bbox 373 481 3810 561">
     <span class='ocr_line' id='line_1_4' title="bbox 373 481 3810 561; baseline 0.001 -18"><span class='ocrx_word' id='word_1_9' title='bbox 373 487 466 561; x_wconf 81' lang='lat' dir='ltr'>hic</span> <span class='ocrx_word' id='word_1_10' title='bbox 515 483 734 561; x_wconf 85' lang='lat' dir='ltr'>dicere)</span> <span class='ocrx_word' id='word_1_11' title='bbox 764 499 919 539; x_wconf 82' lang='lat' dir='ltr'>sanae</span> <span class='ocrx_word' id='word_1_12' title='bbox 953 481 1192 561; x_wconf 80' lang='lat' dir='ltr'>mentis.</span> <span class='ocrx_word' id='word_1_13' title='bbox 1224 483 1466 561; x_wconf 80' lang='lat' dir='ltr'>Quando</span> <span class='ocrx_word' id='word_1_14' title='bbox 1490 483 1698 561; x_wconf 82' lang='lat' dir='ltr'>_igitur</span> <span class='ocrx_word' id='word_1_15' title='bbox 1746 485 1983 561; x_wconf 82' lang='lat' dir='ltr'>tandem</span> <span class='ocrx_word' id='word_1_16' title='bbox 2011 486 2037 541; x_wconf 87' lang='lat'><strong>?</strong></span> <span class='ocrx_word' id='word_1_17' title='bbox 2069 487 2121 554; x_wconf 87' lang='grc' dir='ltr'><strong>Α</strong></span> <span class='ocrx_word' id='word_1_18' title='bbox 2152 487 2429 561; x_wconf 83' lang='lat' dir='ltr'>Quamvis</span> <span class='ocrx_word' id='word_1_19' title='bbox 2462 487 2620 542; x_wconf 89' lang='lat' dir='ltr'>enim</span> <span class='ocrx_word' id='word_1_20' title='bbox 2655 501 2866 561; x_wconf 82' lang='lat' dir='ltr'>negare</span> <span class='ocrx_word' id='word_1_21' title='bbox 2897 485 3102 561; x_wconf 86' lang='lat' dir='ltr'>nolim,</span> <span class='ocrx_word' id='word_1_22' title='bbox 3133 486 3324 561; x_wconf 76' lang='lat' dir='ltr'>Graece</span> <span class='ocrx_word' id='word_1_23' title='bbox 3349 502 3491 561; x_wconf 88' lang='lat' dir='ltr'>eum</span> <span class='ocrx_word' id='word_1_24' title='bbox 3523 487 3673 546; x_wconf 86' lang='lat' dir='ltr'>scire</span> <span class='ocrx_word' id='word_1_25' title='bbox 3704 506 3810 561; x_wconf 87' lang='lat' dir='ltr'>po-</span> 
     </span>
    </p>
   </div>
   <div class='ocr_carea' id='block_1_5' title="bbox 375 555 2032 626">
    <p class='ocr_par' dir='ltr' id='par_1_5' title="bbox 375 555 2032 626">
     <span class='ocr_line' id='line_1_5' title="bbox 375 555 2032 626; baseline -0.002 -11"><span class='ocrx_word' id='word_1_26' title='bbox 375 560 500 616; x_wconf 89' lang='lat' dir='ltr'>Uno</span> <span class='ocrx_word' id='word_1_27' title='bbox 529 555 728 625; x_wconf 79' lang='lat' dir='ltr'>verbo,</span> <span class='ocrx_word' id='word_1_28' title='bbox 762 571 1090 626; x_wconf 85' lang='lat' dir='ltr'>nunquam.</span> <span class='ocrx_word' id='word_1_29' title='bbox 1128 559 1213 609; x_wconf 88' lang='lat' dir='ltr'>Ita</span> <span class='ocrx_word' id='word_1_30' title='bbox 1257 555 1412 610; x_wconf 89' lang='lat' dir='ltr'>enim</span> <span class='ocrx_word' id='word_1_31' title='bbox 1450 555 1621 626; x_wconf 85' lang='lat' dir='ltr'>plane</span> <span class='ocrx_word' id='word_1_32' title='bbox 1653 557 2032 612; x_wconf 88' lang='lat' dir='ltr'>sentiendum</span> 
     </span>
    </p>
   </div>
   <div class='ocr_carea' id='block_1_6' title="bbox 371 629 2038 700">
    <p class='ocr_par' dir='ltr' id='par_1_6' title="bbox 371 629 2038 700">
     <span class='ocr_line' id='line_1_6' title="bbox 371 629 2038 700; baseline -0.004 -12"><span class='ocrx_word' id='word_1_33' title='bbox 371 637 483 695; x_wconf 87' lang='lat' dir='ltr'>est,</span> <span class='ocrx_word' id='word_1_34' title='bbox 516 646 621 686; x_wconf 88' lang='lat' dir='ltr'>nec</span> <span class='ocrx_word' id='word_1_35' title='bbox 653 629 1027 700; x_wconf 82' lang='lat' dir='ltr'>Timotheum</span> <span class='ocrx_word' id='word_1_36' title='bbox 1061 643 1323 697; x_wconf 87' lang='lat' dir='ltr'>unquam</span> <span class='ocrx_word' id='word_1_37' title='bbox 1343 633 1627 700; x_wconf 81' lang='lat' dir='ltr'>secutum</span> <span class='ocrx_word' id='word_1_38' title='bbox 1663 644 1792 683; x_wconf 89' lang='lat' dir='ltr'>esse</span> <span class='ocrx_word' id='word_1_39' title='bbox 1825 630 2038 700; x_wconf 85' lang='lat' dir='ltr'>Diony-</span> 
     </span>
    </p>
   </div>
   <div class='ocr_carea' id='block_1_7' title="bbox 372 697 2037 770">
    <p class='ocr_par' dir='ltr' id='par_1_7' title="bbox 372 697 2037 770">
     <span class='ocr_line' id='line_1_7' title="bbox 372 697 2037 770; baseline -0.001 -13"><span class='ocrx_word' id='word_1_40' title='bbox 372 705 552 770; x_wconf 90' lang='lat' dir='ltr'>sium,</span> <span class='ocrx_word' id='word_1_41' title='bbox 589 716 692 756; x_wconf 88' lang='lat' dir='ltr'>nec</span> <span class='ocrx_word' id='word_1_42' title='bbox 724 701 924 755; x_wconf 87' lang='lat' dir='ltr'>Titum</span> <span class='ocrx_word' id='word_1_43' title='bbox 961 699 1100 753; x_wconf 88' lang='lat' dir='ltr'>item</span> <span class='ocrx_word' id='word_1_44' title='bbox 1136 697 1504 769; x_wconf 84' lang='lat' dir='ltr'>Eugenium;</span> <span class='ocrx_word' id='word_1_45' title='bbox 1553 700 1833 754; x_wconf 82' lang='lat' dir='ltr'>indecens</span> <span class='ocrx_word' id='word_1_46' title='bbox 1880 697 2037 756; x_wconf 78' lang='lat' dir='ltr'>enim</span> 
     </span>
    </p>
   </div>
   <div class='ocr_carea' id='block_1_8' title="bbox 377 771 2036 845">
    <p class='ocr_par' dir='ltr' id='par_1_8' title="bbox 377 771 2036 845">
     <span class='ocr_line' id='line_1_8' title="bbox 377 771 2036 845; baseline -0.001 -16"><span class='ocrx_word' id='word_1_47' title='bbox 377 780 717 845; x_wconf 90' lang='lat' dir='ltr'>utrumque,</span> <span class='ocrx_word' id='word_1_48' title='bbox 745 772 844 827; x_wconf 90' lang='lat' dir='ltr'>sed</span> <span class='ocrx_word' id='word_1_49' title='bbox 864 777 1060 845; x_wconf 65' lang='lat' dir='ltr'>tamen</span> <span class='ocrx_word' id='word_1_50' title='bbox 1083 771 1191 845; x_wconf 88' lang='lat' dir='ltr'>hoc</span> <span class='ocrx_word' id='word_1_51' title='bbox 1211 772 1506 845; x_wconf 77' lang='lat' dir='ltr'>posterius</span> <span class='ocrx_word' id='word_1_52' title='bbox 1529 773 1719 845; x_wconf 80' lang='lat' dir='ltr'>magis</span> <span class='ocrx_word' id='word_1_53' title='bbox 1737 771 2036 845; x_wconf 77' lang='lat' dir='ltr'>indecens.</span> 
     </span>
    </p>
   </div>
   <div class='ocr_carea' id='block_1_9' title="bbox 370 842 2041 917">
    <p class='ocr_par' dir='ltr' id='par_1_9' title="bbox 370 842 2041 917">
     <span class='ocr_line' id='line_1_9' title="bbox 370 842 2041 917; baseline -0.001 -17"><span class='ocrx_word' id='word_1_54' title='bbox 370 847 520 911; x_wconf 90' lang='lat' dir='ltr'>Quid</span> <span class='ocrx_word' id='word_1_55' title='bbox 551 842 733 917; x_wconf 76' lang='lat' dir='ltr'>igitur</span> <span class='ocrx_word' id='word_1_56' title='bbox 765 845 836 917; x_wconf 80' lang='lat' dir='ltr'>de</span> <span class='ocrx_word' id='word_1_57' title='bbox 871 847 931 898; x_wconf 88' lang='lat' dir='ltr'>S.</span> <span class='ocrx_word' id='word_1_58' title='bbox 956 842 1592 917; x_wconf 72' lang='lat' dir='ltr'>Timotheodicimus?</span> <span class='ocrx_word' id='word_1_59' title='bbox 1623 843 1777 897; x_wconf 85' lang='lat' dir='ltr'>Nihil</span> <span class='ocrx_word' id='word_1_60' title='bbox 1812 844 2041 899; x_wconf 89' lang='lat' dir='ltr'>scilicet</span> 
     </span>
    </p>
   </div>
   <div class='ocr_carea' id='block_1_10' title="bbox 371 913 2038 988">
    <p class='ocr_par' dir='ltr' id='par_1_10' title="bbox 371 913 2038 988">
     <span class='ocr_line' id='line_1_10' title="bbox 371 913 2038 988; baseline -0.002 -15"><span class='ocrx_word' id='word_1_61' title='bbox 371 917 554 986; x_wconf 87' lang='lat' dir='ltr'>aliud,</span> <span class='ocrx_word' id='word_1_62' title='bbox 578 913 769 988; x_wconf 68' lang='lat' dir='ltr'>quam</span> <span class='ocrx_word' id='word_1_63' title='bbox 791 915 861 988; x_wconf 88' lang='lat' dir='ltr'>in</span> <span class='ocrx_word' id='word_1_64' title='bbox 896 915 1072 988; x_wconf 72' lang='lat' dir='ltr'>rebus</span> <span class='ocrx_word' id='word_1_65' title='bbox 1104 913 1556 988; x_wconf 80' lang='lat' dir='ltr'>difﬁcilioribus,</span> <span class='ocrx_word' id='word_1_66' title='bbox 1599 918 1908 988; x_wconf 85' lang='lat' dir='ltr'>magisque</span> <span class='ocrx_word' id='word_1_67' title='bbox 1941 934 2038 971; x_wconf 91' lang='lat' dir='ltr'>ar-</span> 
     </span>
    </p>
   </div>
   <div class='ocr_carea' id='block_1_11' title="bbox 372 985 2035 1057">
    <p class='ocr_par' dir='ltr' id='par_1_11' title="bbox 372 985 2035 1057">
     <span class='ocr_line' id='line_1_11' title="bbox 372 985 2035 1057; baseline -0.002 -12"><span class='ocrx_word' id='word_1_68' title='bbox 372 991 509 1045; x_wconf 89' lang='lat' dir='ltr'>duis</span> <span class='ocrx_word' id='word_1_69' title='bbox 531 985 902 1044; x_wconf 77' lang='lat' dir='ltr'>eonsuluisse</span> <span class='ocrx_word' id='word_1_70' title='bbox 924 985 1491 1057; x_wconf 82' lang='lat' dir='ltr'>Dionysium,virum</span> <span class='ocrx_word' id='word_1_71' title='bbox 1509 985 1762 1042; x_wconf 80' lang='lat' dir='ltr'>maximo</span> <span class='ocrx_word' id='word_1_72' title='bbox 1777 985 2035 1057; x_wconf 85' lang='lat' dir='ltr'>ingenio,</span> 
     </span>
    </p>
   </div>
   <div class='ocr_carea' id='block_1_12' title="bbox 375 1058 2037 1132">
    <p class='ocr_par' dir='ltr' id='par_1_12' title="bbox 375 1058 2037 1132">
     <span class='ocr_line' id='line_1_12' title="bbox 375 1058 2037 1132; baseline -0.001 -16"><span class='ocrx_word' id='word_1_73' title='bbox 375 1061 711 1132; x_wconf 85' lang='lat' dir='ltr'>prudentia,</span> <span class='ocrx_word' id='word_1_74' title='bbox 743 1058 1010 1124; x_wconf 90' lang='lat' dir='ltr'>scientia,</span> <span class='ocrx_word' id='word_1_75' title='bbox 1042 1074 1110 1132; x_wconf 80' lang='lat' dir='ltr'>ac</span> <span class='ocrx_word' id='word_1_76' title='bbox 1161 1059 1486 1132; x_wconf 50' lang='lat' dir='ltr'>praesertim</span> <span class='ocrx_word' id='word_1_77' title='bbox 1535 1059 1940 1130; x_wconf 86' lang='lat' dir='ltr'>philosophica</span> <span class='ocrx_word' id='word_1_78' title='bbox 1979 1065 2037 1115; x_wconf 93' lang='lat' dir='ltr'>et</span> 
     </span>
    </p>
   </div>
   <div class='ocr_carea' id='block_1_13' title="bbox 371 1129 2034 1204">
    <p class='ocr_par' dir='ltr' id='par_1_13' title="bbox 371 1129 2034 1204">
     <span class='ocr_line' id='line_1_13' title="bbox 371 1129 2034 1204; baseline -0.001 -16"><span class='ocrx_word' id='word_1_79' title='bbox 371 1129 731 1204; x_wconf 73' lang='lat' dir='ltr'>theologica,</span> <span class='ocrx_word' id='word_1_80' title='bbox 757 1135 931 1202; x_wconf 87' lang='lat' dir='ltr'>atque</span> <span class='ocrx_word' id='word_1_81' title='bbox 963 1129 1118 1204; x_wconf 89' lang='lat' dir='ltr'>enim</span> <span class='ocrx_word' id='word_1_82' title='bbox 1152 1129 1224 1183; x_wconf 94' lang='lat' dir='ltr'>ob</span> <span class='ocrx_word' id='word_1_83' title='bbox 1257 1135 1483 1204; x_wconf 65' lang='lat' dir='ltr'>aetatem</span> <span class='ocrx_word' id='word_1_84' title='bbox 1523 1137 1578 1184; x_wconf 88' lang='lat' dir='ltr'>et</span> <span class='ocrx_word' id='word_1_85' title='bbox 1607 1129 1892 1204; x_wconf 81' lang='lat' dir='ltr'>Areopagi</span> <span class='ocrx_word' id='word_1_86' title='bbox 1928 1148 2034 1186; x_wconf 91' lang='lat' dir='ltr'>no-</span> 
     </span>
    </p>
   </div>
   <div class='ocr_carea' id='block_1_14' title="bbox 370 1201 2032 1275">
    <p class='ocr_par' dir='ltr' id='par_1_14' title="bbox 370 1201 2032 1275">
     <span class='ocr_line' id='line_1_14' title="bbox 370 1201 2032 1275; baseline -0.001 -16"><span class='ocrx_word' id='word_1_87' title='bbox 370 1222 507 1259; x_wconf 88' lang='lat' dir='ltr'>men</span> <span class='ocrx_word' id='word_1_88' title='bbox 542 1201 1596 1275; x_wconf 41' lang='lat' dir='ltr'>przscipua&#39;auctoritatepreeditum;</span> <span class='ocrx_word' id='word_1_89' title='bbox 1652 1201 1805 1258; x_wconf 81' lang='lat' dir='ltr'>hunc</span> <span class='ocrx_word' id='word_1_90' title='bbox 1836 1201 2032 1258; x_wconf 77' lang='lat' dir='ltr'>autem</span> 
     </span>
    </p>
   </div>
   <div class='ocr_carea' id='block_1_15' title="bbox 369 1273 2034 1344">
    <p class='ocr_par' dir='ltr' id='par_1_15' title="bbox 369 1273 2034 1344">
     <span class='ocr_line' id='line_1_15' title="bbox 369 1273 2034 1344; baseline 0 -13"><span class='ocrx_word' id='word_1_91' title='bbox 369 1273 620 1331; x_wconf 49' lang='lat' dir='ltr'>illius—et</span> <span class='ocrx_word' id='word_1_92' title='bbox 650 1275 897 1330; x_wconf 88' lang='lat' dir='ltr'>aliorum</span> <span class='ocrx_word' id='word_1_93' title='bbox 939 1276 1127 1344; x_wconf 84' lang='lat' dir='ltr'>gratia</span> <span class='ocrx_word' id='word_1_94' title='bbox 1178 1273 1359 1327; x_wconf 91' lang='lat' dir='ltr'>libros</span> <span class='ocrx_word' id='word_1_95' title='bbox 1410 1289 1529 1337; x_wconf 91' lang='lat' dir='ltr'>eos,</span> <span class='ocrx_word' id='word_1_96' title='bbox 1564 1291 1712 1344; x_wconf 91' lang='lat' dir='ltr'>quos</span> <span class='ocrx_word' id='word_1_97' title='bbox 1745 1276 2034 1331; x_wconf 88' lang='lat' dir='ltr'>habemus</span> 
     </span>
    </p>
   </div>
   <div class='ocr_carea' id='block_1_16' title="bbox 365 1344 2032 1417">
    <p class='ocr_par' dir='ltr' id='par_1_16' title="bbox 365 1344 2032 1417">
     <span class='ocr_line' id='line_1_16' title="bbox 365 1344 2032 1417; baseline 0 -15"><span class='ocrx_word' id='word_1_98' title='bbox 365 1350 428 1404; x_wconf 90' lang='lat' dir='ltr'>in</span> <span class='ocrx_word' id='word_1_99' title='bbox 464 1347 764 1413; x_wconf 85' lang='lat' dir='ltr'>manibus,</span> <span class='ocrx_word' id='word_1_100' title='bbox 802 1361 1094 1400; x_wconf 84' lang='lat' dir='ltr'>exarasse.</span> <span class='ocrx_word' id='word_1_101' title='bbox 1130 1344 1299 1417; x_wconf 82' lang='lat' dir='ltr'>Aliud</span> <span class='ocrx_word' id='word_1_102' title='bbox 1352 1349 1441 1398; x_wconf 88' lang='lat' dir='ltr'>est</span> <span class='ocrx_word' id='word_1_103' title='bbox 1489 1347 1669 1413; x_wconf 88' lang='lat' dir='ltr'>enim,</span> <span class='ocrx_word' id='word_1_104' title='bbox 1704 1347 1926 1417; x_wconf 90' lang='lat' dir='ltr'>aliquid</span> <span class='ocrx_word' id='word_1_105' title='bbox 1960 1349 2032 1402; x_wconf 94' lang='lat' dir='ltr'>ab</span> 
     </span>
    </p>
   </div>
   <div class='ocr_carea' id='block_1_17' title="bbox 366 1415 2029 1491">
    <p class='ocr_par' dir='ltr' id='par_1_17' title="bbox 366 1415 2029 1491">
     <span class='ocr_line' id='line_1_17' title="bbox 366 1415 2029 1491; baseline -0.002 -15"><span class='ocrx_word' id='word_1_106' title='bbox 366 1421 529 1476; x_wconf 90' lang='lat' dir='ltr'>alero</span> <span class='ocrx_word' id='word_1_107' title='bbox 580 1435 684 1491; x_wconf 89' lang='lat' dir='ltr'>per</span> <span class='ocrx_word' id='word_1_108' title='bbox 744 1417 1022 1491; x_wconf 88' lang='lat' dir='ltr'>epistolas</span> <span class='ocrx_word' id='word_1_109' title='bbox 1081 1421 1183 1470; x_wconf 90' lang='lat' dir='ltr'>aut</span> <span class='ocrx_word' id='word_1_110' title='bbox 1239 1415 1420 1491; x_wconf 78' lang='lat' dir='ltr'>libros</span> <span class='ocrx_word' id='word_1_111' title='bbox 1477 1417 1725 1491; x_wconf 82' lang='lat' dir='ltr'>scriptos</span> <span class='ocrx_word' id='word_1_112' title='bbox 1786 1415 2029 1490; x_wconf 77' lang='lat' dir='ltr'>discere,</span> 
     </span>
    </p>
   </div>
   <div class='ocr_carea' id='block_1_18' title="bbox 368 1488 2032 1559">
    <p class='ocr_par' dir='ltr' id='par_1_18' title="bbox 368 1488 2032 1559">
     <span class='ocr_line' id='line_1_18' title="bbox 368 1488 2032 1559; baseline 0 -13"><span class='ocrx_word' id='word_1_113' title='bbox 368 1488 726 1556; x_wconf 44' lang='lat' dir='ltr'>aliudfeum</span> <span class='ocrx_word' id='word_1_114' title='bbox 773 1489 937 1558; x_wconf 89' lang='lat' dir='ltr'>sequi</span> <span class='ocrx_word' id='word_1_115' title='bbox 987 1495 1271 1557; x_wconf 89' lang='lat' dir='ltr'>tanquam</span> <span class='ocrx_word' id='word_1_116' title='bbox 1322 1488 1706 1559; x_wconf 87' lang='lat' dir='ltr'>discipulum.</span> <span class='ocrx_word' id='word_1_117' title='bbox 1742 1490 1912 1545; x_wconf 82' lang='lat' dir='ltr'>Prius</span> <span class='ocrx_word' id='word_1_118' title='bbox 1962 1488 2032 1547; x_wconf 82' lang='lat' dir='ltr'>de</span> 
     </span>
    </p>
   </div>
   <div class='ocr_carea' id='block_1_19' title="bbox 368 1559 2028 1632">
    <p class='ocr_par' dir='ltr' id='par_1_19' title="bbox 368 1559 2028 1632">
     <span class='ocr_line' id='line_1_19' title="bbox 368 1559 2028 1632; baseline 0 -15"><span class='ocrx_word' id='word_1_119' title='bbox 368 1561 682 1618; x_wconf 87' lang='lat' dir='ltr'>Timotheo</span> <span class='ocrx_word' id='word_1_120' title='bbox 732 1566 788 1614; x_wconf 89' lang='lat' dir='ltr'>et</span> <span class='ocrx_word' id='word_1_121' title='bbox 835 1561 904 1614; x_wconf 93' lang='lat' dir='ltr'>de</span> <span class='ocrx_word' id='word_1_122' title='bbox 947 1562 1074 1614; x_wconf 85' lang='lat' dir='ltr'>Tito</span> <span class='ocrx_word' id='word_1_123' title='bbox 1107 1559 1362 1632; x_wconf 86' lang='lat' dir='ltr'>dicimus</span> <span class='ocrx_word' id='word_1_124' title='bbox 1395 1561 1489 1630; x_wconf 88' lang='lat' dir='ltr'>(ad</span> <span class='ocrx_word' id='word_1_125' title='bbox 1523 1569 1838 1632; x_wconf 89' lang='lat' dir='ltr'>utrumque</span> <span class='ocrx_word' id='word_1_126' title='bbox 1871 1564 2028 1618; x_wconf 89' lang='lat' dir='ltr'>enim</span> 
     </span>
    </p>
   </div>
   <div class='ocr_carea' id='block_1_20' title="bbox 369 1631 2029 1706">
    <p class='ocr_par' dir='ltr' id='par_1_20' title="bbox 369 1631 2029 1706">
     <span class='ocr_line' id='line_1_20' title="bbox 369 1631 2029 1706; baseline -0.008 -16"><span class='ocrx_word' id='word_1_127' title='bbox 369 1636 611 1706; x_wconf 86' lang='lat' dir='ltr'>scripsit</span> <span class='ocrx_word' id='word_1_128' title='bbox 641 1633 979 1706; x_wconf 87' lang='lat' dir='ltr'>Dionysius)</span> <span class='ocrx_word' id='word_1_129' title='bbox 1011 1631 1317 1706; x_wconf 72' lang='lat' dir='ltr'>posterius</span> <span class='ocrx_word' id='word_1_130' title='bbox 1349 1632 1421 1685; x_wconf 91' lang='lat' dir='ltr'>de</span> <span class='ocrx_word' id='word_1_131' title='bbox 1471 1637 1719 1706; x_wconf 85' lang='lat' dir='ltr'>utroque</span> <span class='ocrx_word' id='word_1_132' title='bbox 1745 1631 2029 1706; x_wconf 68' lang='lat' dir='ltr'>pernega-</span> 
     </span>
    </p>
   </div>
   <div class='ocr_carea' id='block_1_21' title="bbox 371 1704 2028 1776">
    <p class='ocr_par' dir='ltr' id='par_1_21' title="bbox 371 1704 2028 1776">
     <span class='ocr_line' id='line_1_21' title="bbox 371 1704 2028 1776; baseline 0 -15"><span class='ocrx_word' id='word_1_133' title='bbox 371 1704 528 1761; x_wconf 81' lang='lat' dir='ltr'>mus.</span> <span class='ocrx_word' id='word_1_134' title='bbox 551 1708 627 1760; x_wconf 91' lang='lat' dir='ltr'>De</span> <span class='ocrx_word' id='word_1_135' title='bbox 655 1705 790 1759; x_wconf 90' lang='lat' dir='ltr'>Tito</span> <span class='ocrx_word' id='word_1_136' title='bbox 820 1709 1016 1758; x_wconf 91' lang='lat' dir='ltr'>tamen</span> <span class='ocrx_word' id='word_1_137' title='bbox 1051 1708 1248 1776; x_wconf 88' lang='lat' dir='ltr'>secuto</span> <span class='ocrx_word' id='word_1_138' title='bbox 1280 1704 1600 1774; x_wconf 83' lang='lat' dir='ltr'>Eugenium</span> <span class='ocrx_word' id='word_1_139' title='bbox 1631 1709 1912 1776; x_wconf 86' lang='lat' dir='ltr'>tanquam</span> <span class='ocrx_word' id='word_1_140' title='bbox 1936 1704 2028 1761; x_wconf 12' lang='lat' dir='ltr'>fdi-</span> 
     </span>
    </p>
   </div>
   <div class='ocr_carea' id='block_1_22' title="bbox 363 1775 2027 1860">
    <p class='ocr_par' dir='ltr' id='par_1_22' title="bbox 363 1775 2027 1860">
     <span class='ocr_line' id='line_1_22' title="bbox 363 1775 2027 1860; baseline 0.001 -28"><span class='ocrx_word' id='word_1_141' title='bbox 363 1777 687 1860; x_wconf 78' lang='lat' dir='ltr'>scipulum,</span> <span class='ocrx_word' id='word_1_142' title='bbox 731 1776 1005 1860; x_wconf 77' lang='lat' dir='ltr'>videntur</span> <span class='ocrx_word' id='word_1_143' title='bbox 1053 1775 1246 1860; x_wconf 69' lang='lat' dir='ltr'>Dextri</span> <span class='ocrx_word' id='word_1_144' title='bbox 1293 1777 1472 1860; x_wconf 70' lang='lat' dir='ltr'>verba</span> <span class='ocrx_word' id='word_1_145' title='bbox 1519 1775 1846 1860; x_wconf 63' lang='lat' dir='ltr'>necsssario</span> <span class='ocrx_word' id='word_1_146' title='bbox 1899 1794 2027 1860; x_wconf 81' lang='lat' dir='ltr'>esse</span> 
     </span>
    </p>
   </div>
   <div class='ocr_carea' id='block_1_23' title="bbox 365 1847 2104 1923">
    <p class='ocr_par' dir='ltr' id='par_1_23' title="bbox 365 1847 2104 1923">
     <span class='ocr_line' id='line_1_23' title="bbox 365 1847 2104 1923; baseline -0.001 -18"><span class='ocrx_word' id='word_1_147' title='bbox 365 1847 738 1923; x_wconf 72' lang='lat' dir='ltr'>accipienda;</span> <span class='ocrx_word' id='word_1_148' title='bbox 765 1847 1244 1923; x_wconf 56' lang='lat' dir='ltr'>quandoquidem</span> <span class='ocrx_word' id='word_1_149' title='bbox 1276 1848 1479 1923; x_wconf 76' lang='lat' dir='ltr'>eodem</span> <span class='ocrx_word' id='word_1_150' title='bbox 1511 1849 1689 1923; x_wconf 82' lang='lat' dir='ltr'>modo</span> <span class='ocrx_word' id='word_1_151' title='bbox 1710 1851 1779 1904; x_wconf 92' lang='lat' dir='ltr'>de</span> <span class='ocrx_word' id='word_1_152' title='bbox 1801 1849 2023 1904; x_wconf 87' lang='lat' dir='ltr'>utrius-</span> <span class='ocrx_word' id='word_1_153' title='bbox 2059 1859 2104 1923; x_wconf 85' lang='grc' dir='ltr'><strong>Β</strong></span> 
     </span>
    </p>
   </div>
   <div class='ocr_carea' id='block_1_24' title="bbox 364 1918 2017 2000">
    <p class='ocr_par' dir='ltr' id='par_1_24' title="bbox 364 1918 2017 2000">
     <span class='ocr_line' id='line_1_24' title="bbox 364 1918 2017 2000; baseline -0.001 -23"><span class='ocrx_word' id='word_1_154' title='bbox 364 1918 633 2000; x_wconf 46' lang='lat' dir='ltr'>que—tam</span> <span class='ocrx_word' id='word_1_155' title='bbox 657 1919 830 2000; x_wconf 68' lang='lat' dir='ltr'>Pauli</span> <span class='ocrx_word' id='word_1_156' title='bbox 863 1935 1038 2000; x_wconf 86' lang='lat' dir='ltr'>quam</span> <span class='ocrx_word' id='word_1_157' title='bbox 1069 1918 1312 2000; x_wconf 50' lang='lat' dir='ltr'>Eugenii</span> <span class='ocrx_word' id='word_1_158' title='bbox 1344 1919 1798 2000; x_wconf 42' lang='lat' dir='ltr'>sequelansolent</span> <span class='ocrx_word' id='word_1_159' title='bbox 1817 1925 1874 1976; x_wconf 90' lang='lat' dir='ltr'>et</span> <span class='ocrx_word' id='word_1_160' title='bbox 1891 1939 2017 1992; x_wconf 90' lang='lat' dir='ltr'>pro-</span> 
     </span>
    </p>
   </div>
   <div class='ocr_carea' id='block_1_25' title="bbox 365 1991 2022 2062">
    <p class='ocr_par' dir='ltr' id='par_1_25' title="bbox 365 1991 2022 2062">
     <span class='ocr_line' id='line_1_25' title="bbox 365 1991 2022 2062; baseline 0 -14"><span class='ocrx_word' id='word_1_161' title='bbox 365 1991 605 2059; x_wconf 76' lang='lat' dir='ltr'>cedant;</span> <span class='ocrx_word' id='word_1_162' title='bbox 641 1991 783 2047; x_wconf 88' lang='lat' dir='ltr'>dicit</span> <span class='ocrx_word' id='word_1_163' title='bbox 811 1991 997 2046; x_wconf 90' lang='lat' dir='ltr'>enim:</span> <span class='ocrx_word' id='word_1_164' title='bbox 1038 2010 1058 2037; x_wconf 76' lang='grc' dir='ltr'>ι</span> <span class='ocrx_word' id='word_1_165' title='bbox 1085 1992 1332 2062; x_wconf 79' lang='lat' dir='ltr'>Secutus</span> <span class='ocrx_word' id='word_1_166' title='bbox 1363 1992 1552 2062; x_wconf 89' lang='lat' dir='ltr'>primo</span> <span class='ocrx_word' id='word_1_167' title='bbox 1588 1992 1850 2058; x_wconf 88' lang='lat' dir='ltr'>Paulum,</span> <span class='ocrx_word' id='word_1_168' title='bbox 1887 1991 2022 2048; x_wconf 82' lang='lat' dir='ltr'>mox</span> 
     </span>
    </p>
   </div>
   <div class='ocr_carea' id='block_1_26' title="bbox 363 2059 2019 2136">
    <p class='ocr_par' dir='ltr' id='par_1_26' title="bbox 363 2059 2019 2136">
     <span class='ocr_line' id='line_1_26' title="bbox 363 2059 2019 2136; baseline -0.002 -15"><span class='ocrx_word' id='word_1_169' title='bbox 363 2064 716 2136; x_wconf 84' lang='lat' dir='ltr'>Eugenium.</span> <span class='ocrx_word' id='word_1_170' title='bbox 749 2082 774 2112; x_wconf 68' lang='grc' dir='ltr'><strong><em>η</em></strong></span> <span class='ocrx_word' id='word_1_171' title='bbox 819 2063 995 2136; x_wconf 81' lang='lat' dir='ltr'>Atqui</span> <span class='ocrx_word' id='word_1_172' title='bbox 1025 2059 1293 2127; x_wconf 90' lang='lat' dir='ltr'>Paulum,</span> <span class='ocrx_word' id='word_1_173' title='bbox 1329 2059 1393 2116; x_wconf 79' lang='lat' dir='ltr'>ut</span> <span class='ocrx_word' id='word_1_174' title='bbox 1425 2062 1752 2136; x_wconf 88' lang='lat' dir='ltr'>discipulus</span> <span class='ocrx_word' id='word_1_175' title='bbox 1783 2069 1841 2120; x_wconf 88' lang='lat' dir='ltr'>et</span> <span class='ocrx_word' id='word_1_176' title='bbox 1871 2065 2019 2119; x_wconf 78' lang='lat' dir='ltr'>infe-</span> 
     </span>
    </p>
   </div>
   <div class='ocr_carea' id='block_1_27' title="bbox 360 2134 1668 2207">
    <p class='ocr_par' dir='ltr' id='par_1_27' title="bbox 360 2134 1668 2207">
     <span class='ocr_line' id='line_1_27' title="bbox 360 2134 1668 2207; baseline -0.002 -15"><span class='ocrx_word' id='word_1_177' title='bbox 360 2134 499 2203; x_wconf 75' lang='lat' dir='ltr'>rior,</span> <span class='ocrx_word' id='word_1_178' title='bbox 538 2137 916 2207; x_wconf 84' lang='lat' dir='ltr'>sequebatur,</span> <span class='ocrx_word' id='word_1_179' title='bbox 951 2134 1034 2188; x_wconf 90' lang='lat' dir='ltr'>sic</span> <span class='ocrx_word' id='word_1_180' title='bbox 1066 2149 1202 2204; x_wconf 86' lang='lat' dir='ltr'>ergo</span> <span class='ocrx_word' id='word_1_181' title='bbox 1234 2139 1289 2207; x_wconf 85' lang='lat' dir='ltr'>et</span> <span class='ocrx_word' id='word_1_182' title='bbox 1325 2135 1668 2207; x_wconf 82' lang='lat' dir='ltr'>Eugenium.</span> 
     </span>
    </p>
   </div>
   <div class='ocr_carea' id='block_1_28' title="bbox 431 2205 2021 2275">
    <p class='ocr_par' dir='ltr' id='par_1_28' title="bbox 431 2205 2021 2275">
     <span class='ocr_line' id='line_1_28' title="bbox 431 2205 2021 2275; baseline -0.002 -12"><span class='ocrx_word' id='word_1_183' title='bbox 431 2209 595 2272; x_wconf 86' lang='lat' dir='ltr'>Quod</span> <span class='ocrx_word' id='word_1_184' title='bbox 629 2205 700 2262; x_wconf 15' lang='lat' dir='ltr'>isi</span> <span class='ocrx_word' id='word_1_185' title='bbox 750 2207 894 2261; x_wconf 83' lang='lat' dir='ltr'>forte</span> <span class='ocrx_word' id='word_1_186' title='bbox 935 2209 1166 2260; x_wconf 89' lang='lat' dir='ltr'>tantum</span> <span class='ocrx_word' id='word_1_187' title='bbox 1198 2205 1387 2259; x_wconf 91' lang='lat' dir='ltr'>virum</span> <span class='ocrx_word' id='word_1_188' title='bbox 1425 2206 1605 2260; x_wconf 78' lang='lat' dir='ltr'>fuisse</span> <span class='ocrx_word' id='word_1_189' title='bbox 1636 2206 1774 2260; x_wconf 88' lang='lat' dir='ltr'>velit</span> <span class='ocrx_word' id='word_1_190' title='bbox 1805 2206 2021 2275; x_wconf 87' lang='lat' dir='ltr'>aliquis</span> 
     </span>
    </p>
   </div>
   <div class='ocr_carea' id='block_1_29' title="bbox 358 2277 2019 2352">
    <p class='ocr_par' dir='ltr' id='par_1_29' title="bbox 358 2277 2019 2352">
     <span class='ocr_line' id='line_1_29' title="bbox 358 2277 2019 2352; baseline -0.001 -18"><span class='ocrx_word' id='word_1_191' title='bbox 358 2280 712 2352; x_wconf 84' lang='lat' dir='ltr'>Eugenium,</span> <span class='ocrx_word' id='word_1_192' title='bbox 747 2283 812 2333; x_wconf 89' lang='lat' dir='ltr'>ut</span> <span class='ocrx_word' id='word_1_193' title='bbox 841 2278 1014 2352; x_wconf 80' lang='lat' dir='ltr'>sequi</span> <span class='ocrx_word' id='word_1_194' title='bbox 1040 2277 1295 2352; x_wconf 82' lang='lat' dir='ltr'>potuerit</span> <span class='ocrx_word' id='word_1_195' title='bbox 1327 2293 1458 2334; x_wconf 90' lang='lat' dir='ltr'>eum</span> <span class='ocrx_word' id='word_1_196' title='bbox 1494 2279 1662 2352; x_wconf 82' lang='lat' dir='ltr'>Titus</span> <span class='ocrx_word' id='word_1_197' title='bbox 1688 2298 1714 2352; x_wconf 77' lang='lat'>;</span> <span class='ocrx_word' id='word_1_198' title='bbox 1745 2294 1810 2331; x_wconf 94' lang='lat' dir='ltr'>eo</span> <span class='ocrx_word' id='word_1_199' title='bbox 1842 2279 2019 2333; x_wconf 90' lang='lat' dir='ltr'>etiam</span> 
     </span>
    </p>
   </div>
   <div class='ocr_carea' id='block_1_30' title="bbox 359 2349 2021 2421">
    <p class='ocr_par' dir='ltr' id='par_1_30' title="bbox 359 2349 2021 2421">
     <span class='ocr_line' id='line_1_30' title="bbox 359 2349 2021 2421; baseline -0.001 -14"><span class='ocrx_word' id='word_1_200' title='bbox 359 2349 534 2407; x_wconf 78' lang='lat' dir='ltr'>modo</span> <span class='ocrx_word' id='word_1_201' title='bbox 560 2355 843 2421; x_wconf 87' lang='lat' dir='ltr'>sequetur</span> <span class='ocrx_word' id='word_1_202' title='bbox 872 2349 1019 2403; x_wconf 92' lang='lat' dir='ltr'>illud</span> <span class='ocrx_word' id='word_1_203' title='bbox 1053 2349 1402 2415; x_wconf 88' lang='lat' dir='ltr'>absurdum,</span> <span class='ocrx_word' id='word_1_204' title='bbox 1425 2351 1579 2420; x_wconf 91' lang='lat' dir='ltr'>quod</span> <span class='ocrx_word' id='word_1_205' title='bbox 1612 2351 1823 2404; x_wconf 87' lang='lat' dir='ltr'>cadere</span> <span class='ocrx_word' id='word_1_206' title='bbox 1855 2366 2021 2419; x_wconf 84' lang='lat' dir='ltr'>posse</span> 
     </span>
    </p>
   </div>
   <div class='ocr_carea' id='block_1_31' title="bbox 352 2421 2018 2478">
    <p class='ocr_par' dir='ltr' id='par_1_31' title="bbox 352 2421 2018 2478">
     <span class='ocr_line' id='line_1_31' title="bbox 352 2421 2018 2478; baseline 0 -2"><span class='ocrx_word' id='word_1_207' title='bbox 352 2423 413 2478; x_wconf 89' lang='lat' dir='ltr'>in</span> <span class='ocrx_word' id='word_1_208' title='bbox 446 2423 746 2478; x_wconf 89' lang='lat' dir='ltr'>hominem</span> <span class='ocrx_word' id='word_1_209' title='bbox 781 2438 936 2476; x_wconf 66' lang='lat' dir='ltr'>sanae</span> <span class='ocrx_word' id='word_1_210' title='bbox 971 2423 1187 2475; x_wconf 90' lang='lat' dir='ltr'>mentis</span> <span class='ocrx_word' id='word_1_211' title='bbox 1220 2438 1334 2475; x_wconf 90' lang='lat' dir='ltr'>non</span> <span class='ocrx_word' id='word_1_212' title='bbox 1369 2422 1554 2476; x_wconf 82' lang='lat' dir='ltr'>credit</span> <span class='ocrx_word' id='word_1_213' title='bbox 1576 2421 2018 2476; x_wconf 72' lang='lat' dir='ltr'>liivarius.Nam</span> 
     </span>
    </p>
   </div>
   <div class='ocr_carea' id='block_1_32' title="bbox 356 2492 2019 2566">
    <p class='ocr_par' dir='ltr' id='par_1_32' title="bbox 356 2492 2019 2566">
     <span class='ocr_line' id='line_1_32' title="bbox 356 2492 2019 2566; baseline -0.002 -16"><span class='ocrx_word' id='word_1_214' title='bbox 356 2495 406 2550; x_wconf 87' lang='lat' dir='ltr'>si</span> <span class='ocrx_word' id='word_1_215' title='bbox 441 2494 744 2566; x_wconf 86' lang='lat' dir='ltr'>Eugenius</span> <span class='ocrx_word' id='word_1_216' title='bbox 776 2492 950 2548; x_wconf 80' lang='lat' dir='ltr'>fuerit</span> <span class='ocrx_word' id='word_1_217' title='bbox 979 2494 1169 2566; x_wconf 82' lang='lat' dir='ltr'>major</span> <span class='ocrx_word' id='word_1_218' title='bbox 1197 2493 1346 2566; x_wconf 79' lang='lat' dir='ltr'>Tito,</span> <span class='ocrx_word' id='word_1_219' title='bbox 1380 2494 1556 2546; x_wconf 87' lang='lat' dir='ltr'>fuerit</span> <span class='ocrx_word' id='word_1_220' title='bbox 1592 2493 1769 2566; x_wconf 86' lang='lat' dir='ltr'>etiam</span> <span class='ocrx_word' id='word_1_221' title='bbox 1817 2493 2019 2562; x_wconf 87' lang='lat' dir='ltr'>procul</span> 
     </span>
    </p>
   </div>
   <div class='ocr_carea' id='block_1_33' title="bbox 357 2564 2019 2636">
    <p class='ocr_par' dir='ltr' id='par_1_33' title="bbox 357 2564 2019 2636">
     <span class='ocr_line' id='line_1_33' title="bbox 357 2564 2019 2636; baseline -0.003 -13"><span class='ocrx_word' id='word_1_222' title='bbox 357 2564 783 2623; x_wconf 55' lang='lat' dir='ltr'>dubio—saltem</span> <span class='ocrx_word' id='word_1_223' title='bbox 818 2564 1061 2636; x_wconf 66' lang='lat' dir='ltr'>aequalis</span> <span class='ocrx_word' id='word_1_224' title='bbox 1091 2564 1415 2619; x_wconf 86' lang='lat' dir='ltr'>Timotheo.</span> <span class='ocrx_word' id='word_1_225' title='bbox 1443 2565 1604 2629; x_wconf 89' lang='lat' dir='ltr'>Quod</span> <span class='ocrx_word' id='word_1_226' title='bbox 1640 2565 1687 2618; x_wconf 78' lang='lat' dir='ltr'>si</span> <span class='ocrx_word' id='word_1_227' title='bbox 1722 2566 2019 2631; x_wconf 88' lang='lat' dir='ltr'>Eugenius</span> 
     </span>
    </p>
   </div>
   <div class='ocr_carea' id='block_1_34' title="bbox 359 2636 2018 2710">
    <p class='ocr_par' dir='ltr' id='par_1_34' title="bbox 359 2636 2018 2710">
     <span class='ocr_line' id='line_1_34' title="bbox 359 2636 2018 2710; baseline -0.002 -16"><span class='ocrx_word' id='word_1_228' title='bbox 359 2637 607 2710; x_wconf 61' lang='lat' dir='ltr'>aequalis</span> <span class='ocrx_word' id='word_1_229' title='bbox 655 2637 834 2692; x_wconf 89' lang='lat' dir='ltr'>fuerit</span> <span class='ocrx_word' id='word_1_230' title='bbox 866 2636 1210 2710; x_wconf 60' lang='lat' dir='ltr'>Timotheo,</span> <span class='ocrx_word' id='word_1_231' title='bbox 1244 2651 1370 2710; x_wconf 84' lang='lat' dir='ltr'>non_</span> <span class='ocrx_word' id='word_1_232' title='bbox 1392 2637 1601 2704; x_wconf 90' lang='lat' dir='ltr'>poterit</span> <span class='ocrx_word' id='word_1_233' title='bbox 1630 2637 2018 2710; x_wconf 9' lang='lat' dir='ltr'>sanegDiony-</span> 
     </span>
    </p>
   </div>
   <div class='ocr_carea' id='block_1_35' title="bbox 354 2705 2018 2780">
    <p class='ocr_par' dir='ltr' id='par_1_35' title="bbox 354 2705 2018 2780">
     <span class='ocr_line' id='line_1_35' title="bbox 354 2705 2018 2780; baseline -0.002 -15"><span class='ocrx_word' id='word_1_234' title='bbox 354 2705 480 2766; x_wconf 81' lang='lat' dir='ltr'>sius</span> <span class='ocrx_word' id='word_1_235' title='bbox 514 2709 837 2780; x_wconf 88' lang='lat' dir='ltr'>Eugenium</span> <span class='ocrx_word' id='word_1_236' title='bbox 862 2707 1164 2763; x_wconf 87' lang='lat' dir='ltr'>Timotheo</span> <span class='ocrx_word' id='word_1_237' title='bbox 1188 2705 1472 2780; x_wconf 50' lang='lat' dir='ltr'>isqualem</span> <span class='ocrx_word' id='word_1_238' title='bbox 1493 2707 1682 2778; x_wconf 85' lang='lat' dir='ltr'>magis</span> <span class='ocrx_word' id='word_1_239' title='bbox 1713 2707 1894 2762; x_wconf 85' lang='lat' dir='ltr'>ﬁlium</span> <span class='ocrx_word' id='word_1_240' title='bbox 1921 2705 2018 2780; x_wconf 83' lang='lat' dir='ltr'>ap-</span> 
     </span>
    </p>
   </div>
   <div class='ocr_carea' id='block_1_36' title="bbox 395 2779 2016 2853">
    <p class='ocr_par' dir='ltr' id='par_1_36' title="bbox 395 2779 2016 2853">
     <span class='ocr_line' id='line_1_36' title="bbox 395 2779 2016 2853; baseline -0.003 -16"><span class='ocrx_word' id='word_1_241' title='bbox 395 2779 805 2853; x_wconf 12' lang='lat' dir='ltr'>ellare,quami</span> <span class='ocrx_word' id='word_1_242' title='bbox 830 2781 1155 2853; x_wconf 89' lang='lat' dir='ltr'>ipsummet</span> <span class='ocrx_word' id='word_1_243' title='bbox 1183 2779 1582 2853; x_wconf 65' lang='lat' dir='ltr'>Timotheumf</span> <span class='ocrx_word' id='word_1_244' title='bbox 1609 2781 1832 2834; x_wconf 91' lang='lat' dir='ltr'>Addam</span> <span class='ocrx_word' id='word_1_245' title='bbox 1865 2785 1921 2834; x_wconf 91' lang='lat' dir='ltr'>et</span> <span class='ocrx_word' id='word_1_246' title='bbox 1943 2779 2016 2832; x_wconf 86' lang='lat' dir='ltr'>il-</span> 
     </span>
    </p>
   </div>
   <div class='ocr_carea' id='block_1_37' title="bbox 354 2800 2018 2925">
    <p class='ocr_par' dir='ltr' id='par_1_37' title="bbox 354 2800 2018 2925">
     <span class='ocr_line' id='line_1_37' title="bbox 395 2800 2016 2853; baseline -0.003 -16"><span class='ocrx_word' id='word_1_247' title='bbox 395 2800 593 2848; x_wconf 82' lang='lat' dir='ltr'>enare,</span> <span class='ocrx_word' id='word_1_248' title='bbox 617 2800 795 2853; x_wconf 84' lang='lat' dir='ltr'>quam</span> <span class='ocrx_word' id='word_1_249' title='bbox 830 2800 1155 2852; x_wconf 78' lang='lat' dir='ltr'>Ipsummet</span> <span class='ocrx_word' id='word_1_250' title='bbox 1194 2800 1582 2834; x_wconf 74' lang='lat' dir='ltr'>llrnomeum.</span> <span class='ocrx_word' id='word_1_251' title='bbox 1609 2800 1832 2834; x_wconf 75' lang='lat' dir='ltr'>Aquam</span> <span class='ocrx_word' id='word_1_252' title='bbox 1865 2800 1921 2834; x_wconf 76' lang='grc' dir='ltr'>ει</span> <span class='ocrx_word' id='word_1_253' title='bbox 1945 2800 2016 2832; x_wconf 68' lang='lat' dir='ltr'>ll-</span> 
     </span>
     <span class='ocr_line' id='line_1_38' title="bbox 354 2800 2018 2925; baseline -0.003 -16"><span class='ocrx_word' id='word_1_254' title='bbox 354 2800 479 2915; x_wconf 62' lang='lat' dir='ltr'>fud.</span> <span class='ocrx_word' id='word_1_255' title='bbox 519 2855 672 2925; x_wconf 89' lang='lat' dir='ltr'>quod</span> <span class='ocrx_word' id='word_1_256' title='bbox 709 2851 856 2906; x_wconf 90' lang='lat' dir='ltr'>mihi</span> <span class='ocrx_word' id='word_1_257' title='bbox 888 2852 946 2905; x_wconf 90' lang='lat' dir='ltr'>in</span> <span class='ocrx_word' id='word_1_258' title='bbox 976 2851 1288 2925; x_wconf 65' lang='lat' dir='ltr'>prseseptia</span> <span class='ocrx_word' id='word_1_259' title='bbox 1320 2851 1635 2925; x_wconf 68' lang='lat' dir='ltr'>succurrit,</span> <span class='ocrx_word' id='word_1_260' title='bbox 1667 2867 1769 2919; x_wconf 91' lang='lat' dir='ltr'>pro</span> <span class='ocrx_word' id='word_1_261' title='bbox 1818 2855 2018 2925; x_wconf 63' lang='lat' dir='ltr'>nostra</span> 
     </span>
    </p>
   </div>
   <div class='ocr_carea' id='block_1_38' title="bbox 359 2922 2017 2994">
    <p class='ocr_par' dir='ltr' id='par_1_38' title="bbox 359 2922 2017 2994">
     <span class='ocr_line' id='line_1_39' title="bbox 359 2922 2017 2994; baseline -0.002 -14"><span class='ocrx_word' id='word_1_262' title='bbox 359 2922 653 2981; x_wconf 81' lang='lat' dir='ltr'>sententia</span> <span class='ocrx_word' id='word_1_263' title='bbox 685 2927 1119 2994; x_wconf 75' lang='lat' dir='ltr'>argumentum,</span> <span class='ocrx_word' id='word_1_264' title='bbox 1144 2922 1516 2976; x_wconf 82' lang='lat' dir='ltr'>Timotheum</span> <span class='ocrx_word' id='word_1_265' title='bbox 1549 2923 1697 2978; x_wconf 77' lang='lat'>587</span> <span class='ocrx_word' id='word_1_266' title='bbox 1735 2926 1791 2977; x_wconf 90' lang='lat' dir='ltr'>et</span> <span class='ocrx_word' id='word_1_267' title='bbox 1821 2923 2017 2977; x_wconf 87' lang='lat' dir='ltr'>Titum</span> 
     </span>
    </p>
   </div>
   <div class='ocr_carea' id='block_1_39' title="bbox 359 2993 2013 3068">
    <p class='ocr_par' dir='ltr' id='par_1_39' title="bbox 359 2993 2013 3068">
     <span class='ocr_line' id='line_1_40' title="bbox 359 2993 2013 3068; baseline -0.001 -17"><span class='ocrx_word' id='word_1_268' title='bbox 359 2997 547 3054; x_wconf 80' lang='lat' dir='ltr'>luisse</span> <span class='ocrx_word' id='word_1_269' title='bbox 579 2994 905 3068; x_wconf 85' lang='lat' dir='ltr'>discipulos</span> <span class='ocrx_word' id='word_1_270' title='bbox 935 2995 993 3049; x_wconf 89' lang='lat' dir='ltr'>S.</span> <span class='ocrx_word' id='word_1_271' title='bbox 1028 2993 1216 3064; x_wconf 90' lang='lat' dir='ltr'>Pauli,</span> <span class='ocrx_word' id='word_1_272' title='bbox 1238 2995 1406 3068; x_wconf 60' lang='lat' dir='ltr'>cuius</span> <span class='ocrx_word' id='word_1_273' title='bbox 1440 2995 1550 3068; x_wconf 75' lang='lat' dir='ltr'>fuit</span> <span class='ocrx_word' id='word_1_274' title='bbox 1580 2999 1636 3068; x_wconf 87' lang='lat' dir='ltr'>et</span> <span class='ocrx_word' id='word_1_275' title='bbox 1665 2994 2013 3068; x_wconf 78' lang='lat' dir='ltr'>Dionysius;</span> 
     </span>
    </p>
   </div>
   <div class='ocr_carea' id='block_1_40' title="bbox 359 3066 2020 3141">
    <p class='ocr_par' dir='ltr' id='par_1_40' title="bbox 359 3066 2020 3141">
     <span class='ocr_line' id='line_1_41' title="bbox 359 3066 2020 3141; baseline -0.002 -17"><span class='ocrx_word' id='word_1_276' title='bbox 359 3069 693 3141; x_wconf 83' lang='lat' dir='ltr'>Eugenium</span> <span class='ocrx_word' id='word_1_277' title='bbox 728 3066 922 3123; x_wconf 81' lang='lat' dir='ltr'>autem</span> <span class='ocrx_word' id='word_1_278' title='bbox 958 3083 1072 3120; x_wconf 89' lang='lat' dir='ltr'>non</span> <span class='ocrx_word' id='word_1_279' title='bbox 1101 3066 1287 3141; x_wconf 83' lang='lat' dir='ltr'>sancti</span> <span class='ocrx_word' id='word_1_280' title='bbox 1321 3066 1504 3141; x_wconf 78' lang='lat' dir='ltr'>Pauli,</span> <span class='ocrx_word' id='word_1_281' title='bbox 1528 3067 1626 3120; x_wconf 91' lang='lat' dir='ltr'>sed</span> <span class='ocrx_word' id='word_1_282' title='bbox 1651 3066 2020 3141; x_wconf 68' lang='lat' dir='ltr'>Petrit‘uisse</span> 
     </span>
    </p>
   </div>
   <div class='ocr_carea' id='block_1_41' title="bbox 364 3137 2017 3212">
    <p class='ocr_par' dir='ltr' id='par_1_41' title="bbox 364 3137 2017 3212">
     <span class='ocr_line' id='line_1_42' title="bbox 364 3137 2017 3212; baseline -0.002 -17"><span class='ocrx_word' id='word_1_283' title='bbox 364 3137 747 3212; x_wconf 72' lang='lat' dir='ltr'>discipulum.</span> <span class='ocrx_word' id='word_1_284' title='bbox 774 3143 830 3193; x_wconf 91' lang='lat' dir='ltr'>et</span> <span class='ocrx_word' id='word_1_285' title='bbox 869 3143 1242 3203; x_wconf 84' lang='lat' dir='ltr'>sectatorem,</span> <span class='ocrx_word' id='word_1_286' title='bbox 1274 3137 1462 3206; x_wconf 86' lang='lat' dir='ltr'>ipsius</span> <span class='ocrx_word' id='word_1_287' title='bbox 1513 3144 1707 3192; x_wconf 89' lang='lat' dir='ltr'>autem</span> <span class='ocrx_word' id='word_1_288' title='bbox 1759 3137 2017 3212; x_wconf 87' lang='lat' dir='ltr'>Dionysii</span> 
     </span>
    </p>
   </div>
   <div class='ocr_carea' id='block_1_42' title="bbox 363 3211 2019 3279">
    <p class='ocr_par' dir='ltr' id='par_1_42' title="bbox 363 3211 2019 3279">
     <span class='ocr_line' id='line_1_43' title="bbox 363 3211 2019 3279; baseline -0.004 -11"><span class='ocrx_word' id='word_1_289' title='bbox 363 3211 575 3279; x_wconf 73' lang='lat' dir='ltr'>exiguo</span> <span class='ocrx_word' id='word_1_290' title='bbox 623 3217 852 3267; x_wconf 90' lang='lat' dir='ltr'>tantum</span> <span class='ocrx_word' id='word_1_291' title='bbox 905 3213 1205 3278; x_wconf 90' lang='lat' dir='ltr'>tempore:</span> <span class='ocrx_word' id='word_1_292' title='bbox 1248 3225 1428 3279; x_wconf 84' lang='lat' dir='ltr'>quare</span> <span class='ocrx_word' id='word_1_293' title='bbox 1481 3225 1612 3264; x_wconf 90' lang='lat' dir='ltr'>cum</span> <span class='ocrx_word' id='word_1_294' title='bbox 1665 3215 1888 3264; x_wconf 91' lang='lat' dir='ltr'>certum</span> <span class='ocrx_word' id='word_1_295' title='bbox 1923 3211 2019 3274; x_wconf 90' lang='lat' dir='ltr'>sit,</span> 
     </span>
    </p>
   </div>
   <div class='ocr_carea' id='block_1_43' title="bbox 364 3276 2019 3362">
    <p class='ocr_par' dir='ltr' id='par_1_43' title="bbox 364 3276 2019 3362">
     <span class='ocr_line' id='line_1_44' title="bbox 364 3276 2019 3362; baseline -0.002 -23"><span class='ocrx_word' id='word_1_296' title='bbox 364 3276 492 3355; x_wconf 75' lang='lat' dir='ltr'>ipso</span> <span class='ocrx_word' id='word_1_297' title='bbox 513 3285 826 3362; x_wconf 72' lang='lat' dir='ltr'>c_onfi_ten_te</span> <span class='ocrx_word' id='word_1_298' title='bbox 850 3276 1100 3362; x_wconf 82' lang='lat' dir='ltr'>_Biv_ario,</span> <span class='ocrx_word' id='word_1_299' title='bbox 1127 3276 1469 3362; x_wconf 72' lang='lat' dir='ltr'>Dionysium</span> <span class='ocrx_word' id='word_1_300' title='bbox 1494 3281 1800 3362; x_wconf 70' lang='lat' dir='ltr'>scripsisse</span> <span class='ocrx_word' id='word_1_301' title='bbox 1824 3282 1891 3362; x_wconf 78' lang='lat' dir='ltr'>ad</span> <span class='ocrx_word' id='word_1_302' title='bbox 1917 3282 2019 3336; x_wconf 93' lang='lat' dir='ltr'>Ti-</span> 
     </span>
    </p>
   </div>
   <div class='ocr_carea' id='block_1_44' title="bbox 361 3352 2021 3423">
    <p class='ocr_par' dir='ltr' id='par_1_44' title="bbox 361 3352 2021 3423">
     <span class='ocr_line' id='line_1_45' title="bbox 361 3352 2021 3423; baseline -0.002 -12"><span class='ocrx_word' id='word_1_303' title='bbox 361 3352 490 3411; x_wconf 78' lang='lat' dir='ltr'>tum</span> <span class='ocrx_word' id='word_1_304' title='bbox 524 3355 687 3411; x_wconf 90' lang='lat' dir='ltr'>Pauli</span> <span class='ocrx_word' id='word_1_305' title='bbox 719 3352 1102 3422; x_wconf 88' lang='lat' dir='ltr'>discipulum,</span> <span class='ocrx_word' id='word_1_306' title='bbox 1135 3352 1287 3408; x_wconf 84' lang='lat' dir='ltr'>credi</span> <span class='ocrx_word' id='word_1_307' title='bbox 1332 3368 1565 3422; x_wconf 90' lang='lat' dir='ltr'>quoque</span> <span class='ocrx_word' id='word_1_308' title='bbox 1595 3354 2021 3423; x_wconf 89' lang='lat' dir='ltr'>pronissimum</span> 
     </span>
    </p>
   </div>
   <div class='ocr_carea' id='block_1_45' title="bbox 365 3424 2022 3496">
    <p class='ocr_par' dir='ltr' id='par_1_45' title="bbox 365 3424 2022 3496">
     <span class='ocr_line' id='line_1_46' title="bbox 365 3424 2022 3496; baseline -0.002 -13"><span class='ocrx_word' id='word_1_309' title='bbox 365 3433 478 3493; x_wconf 88' lang='lat' dir='ltr'>est,</span> <span class='ocrx_word' id='word_1_310' title='bbox 509 3428 785 3483; x_wconf 90' lang='lat' dir='ltr'>eumdem</span> <span class='ocrx_word' id='word_1_311' title='bbox 819 3424 1164 3496; x_wconf 85' lang='lat' dir='ltr'>Dionysium</span> <span class='ocrx_word' id='word_1_312' title='bbox 1190 3425 1259 3496; x_wconf 84' lang='lat' dir='ltr'>ad</span> <span class='ocrx_word' id='word_1_313' title='bbox 1285 3424 1532 3479; x_wconf 88' lang='lat' dir='ltr'>alterum</span> <span class='ocrx_word' id='word_1_314' title='bbox 1568 3426 1833 3495; x_wconf 86' lang='lat' dir='ltr'>ejusdem</span> <span class='ocrx_word' id='word_1_315' title='bbox 1860 3426 2022 3480; x_wconf 87' lang='lat' dir='ltr'>Pauli</span> 
     </span>
    </p>
   </div>
   <div class='ocr_carea' id='block_1_46' title="bbox 359 3495 2022 3570">
    <p class='ocr_par' dir='ltr' id='par_1_46' title="bbox 359 3495 2022 3570">
     <span class='ocr_line' id='line_1_47' title="bbox 359 3495 2022 3570; baseline -0.002 -16"><span class='ocrx_word' id='word_1_316' title='bbox 359 3499 722 3570; x_wconf 91' lang='lat' dir='ltr'>discipulum</span> <span class='ocrx_word' id='word_1_317' title='bbox 756 3495 1128 3570; x_wconf 84' lang='lat' dir='ltr'>Timotheum</span> <span class='ocrx_word' id='word_1_318' title='bbox 1182 3495 1326 3570; x_wconf 72' lang='lat' dir='ltr'>illos</span> <span class='ocrx_word' id='word_1_319' title='bbox 1367 3495 1888 3570; x_wconf 29' lang='lat' dir='ltr'>scripsisseﬁlibros</span> <span class='ocrx_word' id='word_1_320' title='bbox 1920 3497 2022 3570; x_wconf 86' lang='lat' dir='ltr'>qui</span> 
     </span>
    </p>
   </div>
   <div class='ocr_carea' id='block_1_47' title="bbox 359 3567 2020 3640">
    <p class='ocr_par' dir='ltr' id='par_1_47' title="bbox 359 3567 2020 3640">
     <span class='ocr_line' id='line_1_48' title="bbox 359 3567 2020 3640; baseline -0.004 -14"><span class='ocrx_word' id='word_1_321' title='bbox 359 3567 614 3634; x_wconf 79' lang='lat' dir='ltr'>exstant,</span> <span class='ocrx_word' id='word_1_322' title='bbox 665 3567 986 3640; x_wconf 65' lang='lat' dir='ltr'>praesertim</span> <span class='ocrx_word' id='word_1_323' title='bbox 1035 3583 1169 3623; x_wconf 90' lang='lat' dir='ltr'>eum</span> <span class='ocrx_word' id='word_1_324' title='bbox 1206 3567 1545 3640; x_wconf 76' lang='lat' dir='ltr'>qupistola</span> <span class='ocrx_word' id='word_1_325' title='bbox 1575 3569 1642 3622; x_wconf 85' lang='lat' dir='ltr'>ad</span> <span class='ocrx_word' id='word_1_326' title='bbox 1679 3569 1874 3640; x_wconf 89' lang='lat' dir='ltr'>Titum</span> <span class='ocrx_word' id='word_1_327' title='bbox 1926 3569 2020 3622; x_wconf 85' lang='lat' dir='ltr'>Ti-</span> 
     </span>
    </p>
   </div>
   <div class='ocr_carea' id='block_1_48' title="bbox 365 3638 2024 3710">
    <p class='ocr_par' dir='ltr' id='par_1_48' title="bbox 365 3638 2024 3710">
     <span class='ocr_line' id='line_1_49' title="bbox 365 3638 2024 3710; baseline -0.002 -13"><span class='ocrx_word' id='word_1_328' title='bbox 365 3643 586 3698; x_wconf 89' lang='lat' dir='ltr'>mothei</span> <span class='ocrx_word' id='word_1_329' title='bbox 621 3638 797 3697; x_wconf 77' lang='lat' dir='ltr'>faciat</span> <span class='ocrx_word' id='word_1_330' title='bbox 827 3639 1210 3695; x_wconf 89' lang='lat' dir='ltr'>mentionem.</span> <span class='ocrx_word' id='word_1_331' title='bbox 1240 3638 1432 3693; x_wconf 78' lang='lat' dir='ltr'>Graece</span> <span class='ocrx_word' id='word_1_332' title='bbox 1464 3640 1600 3693; x_wconf 90' lang='lat' dir='ltr'>item</span> <span class='ocrx_word' id='word_1_333' title='bbox 1635 3639 1872 3710; x_wconf 88' lang='lat' dir='ltr'>scripsit</span> <span class='ocrx_word' id='word_1_334' title='bbox 1898 3640 2024 3694; x_wconf 90' lang='lat' dir='ltr'>Dio-</span> 
     </span>
    </p>
   </div>
   <div class='ocr_carea' id='block_1_49' title="bbox 364 3710 2023 3782">
    <p class='ocr_par' dir='ltr' id='par_1_49' title="bbox 364 3710 2023 3782">
     <span class='ocr_line' id='line_1_50' title="bbox 364 3710 2023 3782; baseline -0.002 -13"><span class='ocrx_word' id='word_1_335' title='bbox 364 3715 596 3782; x_wconf 86' lang='lat' dir='ltr'>nysius,</span> <span class='ocrx_word' id='word_1_336' title='bbox 631 3730 743 3769; x_wconf 91' lang='lat' dir='ltr'>non</span> <span class='ocrx_word' id='word_1_337' title='bbox 781 3713 1013 3769; x_wconf 81' lang='lat' dir='ltr'>Latine:</span> <span class='ocrx_word' id='word_1_338' title='bbox 1066 3728 1134 3766; x_wconf 89' lang='lat' dir='ltr'>ex</span> <span class='ocrx_word' id='word_1_339' title='bbox 1182 3726 1297 3781; x_wconf 93' lang='lat' dir='ltr'>quo</span> <span class='ocrx_word' id='word_1_340' title='bbox 1348 3710 1520 3782; x_wconf 87' lang='lat' dir='ltr'>longe</span> <span class='ocrx_word' id='word_1_341' title='bbox 1560 3711 1924 3781; x_wconf 86' lang='lat' dir='ltr'>probabilius</span> <span class='ocrx_word' id='word_1_342' title='bbox 1959 3713 2023 3766; x_wconf 84' lang='lat' dir='ltr'>ﬁt</span> 
     </span>
    </p>
   </div>
   <div class='ocr_carea' id='block_1_50' title="bbox 364 3782 2020 3908">
    <p class='ocr_par' dir='ltr' id='par_1_50' title="bbox 364 3782 2020 3908">
     <span class='ocr_line' id='line_1_51' title="bbox 364 3782 2020 3908; baseline -0.001 -67"><span class='ocrx_word' id='word_1_343' title='bbox 364 3782 434 3841; x_wconf 85' lang='lat' dir='ltr'>ad</span> <span class='ocrx_word' id='word_1_344' title='bbox 463 3788 691 3841; x_wconf 67' lang='lat' dir='ltr'>Graecos</span> <span class='ocrx_word' id='word_1_345' title='bbox 715 3783 1046 3867; x_wconf 87' lang='lat' dir='ltr'>scripsisse,</span> <span class='ocrx_word' id='word_1_346' title='bbox 1073 3798 1250 3908; x_wconf 58' lang='lat' dir='ltr'>gnam</span> <span class='ocrx_word' id='word_1_347' title='bbox 1276 3782 1345 3836; x_wconf 89' lang='lat' dir='ltr'>ad</span> <span class='ocrx_word' id='word_1_348' title='bbox 1367 3783 1690 3865; x_wconf 69' lang='lat' dir='ltr'>Eugenium</span> <span class='ocrx_word' id='word_1_349' title='bbox 1719 3783 2020 3839; x_wconf 90' lang='lat' dir='ltr'>hominem</span> 
     </span>
     <span class='ocr_line' id='line_1_52' title="bbox 364 3856 2019 3908; baseline 0 0"><span class='ocrx_word' id='word_1_350' title='bbox 364 3862 718 3908; x_wconf 82' lang='lat' dir='ltr'>Romanum.</span> <span class='ocrx_word' id='word_1_351' title='bbox 753 3872 853 3908; x_wconf 85' lang='lat' dir='ltr'>aui</span> <span class='ocrx_word' id='word_1_352' title='bbox 887 3859 942 3908; x_wconf 89' lang='lat' dir='ltr'>et</span> <span class='ocrx_word' id='word_1_353' title='bbox 969 3872 1040 3908; x_wconf 86' lang='lat' dir='ltr'>an</span> <span class='ocrx_word' id='word_1_354' title='bbox 1097 3870 1265 3908; x_wconf 69' lang='lat' dir='ltr'>.rzece</span> <span class='ocrx_word' id='word_1_355' title='bbox 1297 3856 1552 3908; x_wconf 88' lang='lat' dir='ltr'>sciverit.</span> <span class='ocrx_word' id='word_1_356' title='bbox 1586 3856 1874 3908; x_wconf 89' lang='lat' dir='ltr'>incertum</span> <span class='ocrx_word' id='word_1_357' title='bbox 1911 3861 2019 3908; x_wconf 82' lang='lat' dir='ltr'>est.</span> 
     </span>
    </p>
   </div>
   <div class='ocr_carea' id='block_1_51' title="bbox 362 3856 2019 3927">
    <p class='ocr_par' dir='ltr' id='par_1_51' title="bbox 362 3856 2019 3927">
     <span class='ocr_line' id='line_1_53' title="bbox 362 3856 2019 3927; baseline -0.001 -14"><span class='ocrx_word' id='word_1_358' title='bbox 362 3862 718 3922; x_wconf 85' lang='lat' dir='ltr'>Romanum,</span> <span class='ocrx_word' id='word_1_359' title='bbox 753 3856 853 3927; x_wconf 91' lang='lat' dir='ltr'>qui</span> <span class='ocrx_word' id='word_1_360' title='bbox 887 3859 942 3910; x_wconf 90' lang='lat' dir='ltr'>et</span> <span class='ocrx_word' id='word_1_361' title='bbox 969 3872 1040 3910; x_wconf 89' lang='lat' dir='ltr'>an</span> <span class='ocrx_word' id='word_1_362' title='bbox 1073 3856 1265 3910; x_wconf 55' lang='lat' dir='ltr'>Greece</span> <span class='ocrx_word' id='word_1_363' title='bbox 1297 3856 1552 3927; x_wconf 82' lang='lat' dir='ltr'>sciverit,</span> <span class='ocrx_word' id='word_1_364' title='bbox 1585 3856 1874 3927; x_wconf 89' lang='lat' dir='ltr'>incertum</span> <span class='ocrx_word' id='word_1_365' title='bbox 1911 3861 2019 3911; x_wconf 82' lang='lat' dir='ltr'>est.</span> 
     </span>
    </p>
   </div>
   <div class='ocr_carea' id='block_1_52' title="bbox 354 3925 2020 3998">
    <p class='ocr_par' dir='ltr' id='par_1_52' title="bbox 354 3925 2020 3998">
     <span class='ocr_line' id='line_1_54' title="bbox 354 3925 2020 3998; baseline -0.002 -13"><span class='ocrx_word' id='word_1_366' title='bbox 354 3933 504 3986; x_wconf 87' lang='lat' dir='ltr'>Nam</span> <span class='ocrx_word' id='word_1_367' title='bbox 537 3934 717 3984; x_wconf 86' lang='lat' dir='ltr'>totam</span> <span class='ocrx_word' id='word_1_368' title='bbox 751 3925 982 3983; x_wconf 61' lang='lat' dir='ltr'>datatem</span> <span class='ocrx_word' id='word_1_369' title='bbox 1026 3942 1194 3982; x_wconf 87' lang='lat' dir='ltr'>suam</span> <span class='ocrx_word' id='word_1_370' title='bbox 1243 3925 1328 3980; x_wconf 90' lang='lat' dir='ltr'>vel</span> <span class='ocrx_word' id='word_1_371' title='bbox 1380 3927 1437 3980; x_wconf 91' lang='lat' dir='ltr'>in</span> <span class='ocrx_word' id='word_1_372' title='bbox 1492 3926 1658 3981; x_wconf 86' lang='lat' dir='ltr'>Italia</span> <span class='ocrx_word' id='word_1_373' title='bbox 1701 3927 1859 3981; x_wconf 88' lang='lat' dir='ltr'>trivit</span> <span class='ocrx_word' id='word_1_374' title='bbox 1901 3929 2020 3998; x_wconf 84' lang='lat' dir='ltr'>(ut-</span> 
     </span>
    </p>
   </div>
   <div class='ocr_carea' id='block_1_53' title="bbox 352 3999 2022 4071">
    <p class='ocr_par' dir='ltr' id='par_1_53' title="bbox 352 3999 2022 4071">
     <span class='ocr_line' id='line_1_55' title="bbox 352 3999 2022 4071; baseline -0.001 -14"><span class='ocrx_word' id='word_1_375' title='bbox 352 4006 490 4071; x_wconf 91' lang='lat' dir='ltr'>pote</span> <span class='ocrx_word' id='word_1_376' title='bbox 543 3999 1319 4071; x_wconf 11' lang='lat' dir='ltr'>Romanus,gquodDexter</span> <span class='ocrx_word' id='word_1_377' title='bbox 1366 4005 1421 4054; x_wconf 89' lang='lat' dir='ltr'>et</span> <span class='ocrx_word' id='word_1_378' title='bbox 1470 3999 1736 4071; x_wconf 86' lang='lat' dir='ltr'>Bivarius</span> <span class='ocrx_word' id='word_1_379' title='bbox 1784 3999 2022 4070; x_wconf 89' lang='lat' dir='ltr'>docent)</span> 
     </span>
    </p>
   </div>
   <div class='ocr_carea' id='block_1_54' title="bbox 342 4069 2020 4143">
    <p class='ocr_par' dir='ltr' id='par_1_54' title="bbox 342 4069 2020 4143">
     <span class='ocr_line' id='line_1_56' title="bbox 342 4069 2020 4143; baseline 0 -16"><span class='ocrx_word' id='word_1_380' title='bbox 342 4069 434 4129; x_wconf 76' lang='lat' dir='ltr'>vel</span> <span class='ocrx_word' id='word_1_381' title='bbox 471 4073 533 4128; x_wconf 90' lang='lat' dir='ltr'>in</span> <span class='ocrx_word' id='word_1_382' title='bbox 567 4071 776 4135; x_wconf 89' lang='lat' dir='ltr'>Gallia,</span> <span class='ocrx_word' id='word_1_383' title='bbox 807 4069 897 4126; x_wconf 90' lang='lat' dir='ltr'>vel</span> <span class='ocrx_word' id='word_1_384' title='bbox 921 4069 989 4143; x_wconf 82' lang='lat' dir='ltr'>in</span> <span class='ocrx_word' id='word_1_385' title='bbox 1023 4069 1338 4143; x_wconf 73' lang='lat' dir='ltr'>Hispania:</span> <span class='ocrx_word' id='word_1_386' title='bbox 1379 4070 1574 4143; x_wconf 83' lang='lat' dir='ltr'>dehis</span> <span class='ocrx_word' id='word_1_387' title='bbox 1601 4071 1758 4126; x_wconf 88' lang='lat' dir='ltr'>enim</span> <span class='ocrx_word' id='word_1_388' title='bbox 1791 4069 2020 4143; x_wconf 83' lang='lat' dir='ltr'>liquet;</span> 
     </span>
    </p>
   </div>
   <div class='ocr_carea' id='block_1_55' title="bbox 345 4141 2019 4214">
    <p class='ocr_par' dir='ltr' id='par_1_55' title="bbox 345 4141 2019 4214">
     <span class='ocr_line' id='line_1_57' title="bbox 345 4141 2019 4214; baseline 0 -14"><span class='ocrx_word' id='word_1_389' title='bbox 345 4144 632 4202; x_wconf 76' lang='lat' dir='ltr'>Graeciam</span> <span class='ocrx_word' id='word_1_390' title='bbox 687 4147 886 4200; x_wconf 88' lang='lat' dir='ltr'>autem</span> <span class='ocrx_word' id='word_1_391' title='bbox 935 4142 986 4197; x_wconf 91' lang='lat' dir='ltr'>si</span> <span class='ocrx_word' id='word_1_392' title='bbox 1036 4141 1356 4214; x_wconf 89' lang='lat' dir='ltr'>aliquando</span> <span class='ocrx_word' id='word_1_393' title='bbox 1387 4141 1625 4208; x_wconf 89' lang='lat' dir='ltr'>viderit,</span> <span class='ocrx_word' id='word_1_394' title='bbox 1651 4159 1768 4199; x_wconf 87' lang='lat' dir='ltr'>non</span> <span class='ocrx_word' id='word_1_395' title='bbox 1810 4141 2019 4214; x_wconf 82' lang='lat' dir='ltr'>liquet.</span> 
     </span>
    </p>
   </div>
   <div class='ocr_carea' id='block_1_56' title="bbox 2157 558 3812 626">
    <p class='ocr_par' dir='ltr' id='par_1_56' title="bbox 2157 558 3812 626">
     <span class='ocr_line' id='line_1_58' title="bbox 2157 558 3812 626; baseline 0.003 -14"><span class='ocrx_word' id='word_1_396' title='bbox 2157 560 2361 623; x_wconf 87' lang='lat' dir='ltr'>tuisse,</span> <span class='ocrx_word' id='word_1_397' title='bbox 2390 565 2581 613; x_wconf 86' lang='lat' dir='ltr'>tamen</span> <span class='ocrx_word' id='word_1_398' title='bbox 2637 576 2709 614; x_wconf 90' lang='lat' dir='ltr'>an</span> <span class='ocrx_word' id='word_1_399' title='bbox 2761 558 3015 623; x_wconf 89' lang='lat' dir='ltr'>sciverit,</span> <span class='ocrx_word' id='word_1_400' title='bbox 3046 563 3103 614; x_wconf 90' lang='lat' dir='ltr'>et</span> <span class='ocrx_word' id='word_1_401' title='bbox 3146 559 3227 613; x_wconf 89' lang='lat' dir='ltr'>ita</span> <span class='ocrx_word' id='word_1_402' title='bbox 3275 560 3533 626; x_wconf 87' lang='lat' dir='ltr'>sciverit,</span> <span class='ocrx_word' id='word_1_403' title='bbox 3570 566 3634 617; x_wconf 90' lang='lat' dir='ltr'>ut</span> <span class='ocrx_word' id='word_1_404' title='bbox 3679 558 3812 617; x_wconf 80' lang='lat' dir='ltr'>libri</span> 
     </span>
    </p>
   </div>
   <div class='ocr_carea' id='block_1_57' title="bbox 2153 630 3812 704">
    <p class='ocr_par' dir='ltr' id='par_1_57' title="bbox 2153 630 3812 704">
     <span class='ocr_line' id='line_1_59' title="bbox 2153 630 3812 704; baseline 0.002 -19"><span class='ocrx_word' id='word_1_405' title='bbox 2153 631 2354 704; x_wconf 69' lang='lat' dir='ltr'>Graece</span> <span class='ocrx_word' id='word_1_406' title='bbox 2378 632 2579 702; x_wconf 85' lang='lat' dir='ltr'>scripti</span> <span class='ocrx_word' id='word_1_407' title='bbox 2615 631 2913 704; x_wconf 82' lang='lat' dir='ltr'>potuerint</span> <span class='ocrx_word' id='word_1_408' title='bbox 2941 630 2989 684; x_wconf 91' lang='lat' dir='ltr'>ei</span> <span class='ocrx_word' id='word_1_409' title='bbox 3024 631 3304 704; x_wconf 82' lang='lat' dir='ltr'>dedicari,</span> <span class='ocrx_word' id='word_1_410' title='bbox 3338 632 3492 687; x_wconf 91' lang='lat' dir='ltr'>haud</span> <span class='ocrx_word' id='word_1_411' title='bbox 3539 633 3812 704; x_wconf 90' lang='lat' dir='ltr'>equidem</span> 
     </span>
    </p>
   </div>
   <div class='ocr_carea' id='block_1_58' title="bbox 2153 702 3815 773">
    <p class='ocr_par' dir='ltr' id='par_1_58' title="bbox 2153 702 3815 773">
     <span class='ocr_line' id='line_1_60' title="bbox 2153 702 3815 773; baseline 0.002 -17"><span class='ocrx_word' id='word_1_412' title='bbox 2153 703 2294 757; x_wconf 90' lang='lat' dir='ltr'>scio.</span> <span class='ocrx_word' id='word_1_413' title='bbox 2327 703 2454 756; x_wconf 87' lang='lat' dir='ltr'>Jam</span> <span class='ocrx_word' id='word_1_414' title='bbox 2505 708 2700 757; x_wconf 87' lang='lat' dir='ltr'>autem</span> <span class='ocrx_word' id='word_1_415' title='bbox 2736 702 2783 756; x_wconf 85' lang='lat' dir='ltr'>si</span> <span class='ocrx_word' id='word_1_416' title='bbox 2817 703 2952 772; x_wconf 91' lang='lat' dir='ltr'>quis</span> <span class='ocrx_word' id='word_1_417' title='bbox 2987 704 3132 756; x_wconf 81' lang='lat' dir='ltr'>torte</span> <span class='ocrx_word' id='word_1_418' title='bbox 3166 702 3418 773; x_wconf 86' lang='lat' dir='ltr'>cuipiam</span> <span class='ocrx_word' id='word_1_419' title='bbox 3456 702 3635 759; x_wconf 81' lang='lat' dir='ltr'>restet</span> <span class='ocrx_word' id='word_1_420' title='bbox 3661 705 3716 758; x_wconf 91' lang='lat' dir='ltr'>in</span> <span class='ocrx_word' id='word_1_421' title='bbox 3753 722 3815 761; x_wconf 90' lang='lat' dir='ltr'>re</span> 
     </span>
    </p>
   </div>
   <div class='ocr_carea' id='block_1_59' title="bbox 2151 774 3812 845">
    <p class='ocr_par' dir='ltr' id='par_1_59' title="bbox 2151 774 3812 845">
     <span class='ocr_line' id='line_1_61' title="bbox 2151 774 3812 845; baseline 0.002 -17"><span class='ocrx_word' id='word_1_422' title='bbox 2151 779 2272 828; x_wconf 86' lang='lat' dir='ltr'>tam</span> <span class='ocrx_word' id='word_1_423' title='bbox 2305 775 2684 844; x_wconf 89' lang='lat' dir='ltr'>comprobata</span> <span class='ocrx_word' id='word_1_424' title='bbox 2715 774 3052 844; x_wconf 90' lang='lat' dir='ltr'>scrupulus,</span> <span class='ocrx_word' id='word_1_425' title='bbox 3080 778 3134 828; x_wconf 89' lang='lat' dir='ltr'>et</span> <span class='ocrx_word' id='word_1_426' title='bbox 3166 780 3329 829; x_wconf 88' lang='lat' dir='ltr'>stans</span> <span class='ocrx_word' id='word_1_427' title='bbox 3355 793 3385 829; x_wconf 91' lang='lat' dir='ltr'>a</span> <span class='ocrx_word' id='word_1_428' title='bbox 3410 776 3659 845; x_wconf 89' lang='lat' dir='ltr'>Bivario,</span> <span class='ocrx_word' id='word_1_429' title='bbox 3687 794 3812 831; x_wconf 87' lang='lat' dir='ltr'>ma-</span> 
     </span>
    </p>
   </div>
   <div class='ocr_carea' id='block_1_60' title="bbox 2142 846 3809 918">
    <p class='ocr_par' dir='ltr' id='par_1_60' title="bbox 2142 846 3809 918">
     <span class='ocr_line' id='line_1_62' title="bbox 2142 846 3809 918; baseline 0.002 -19"><span class='ocrx_word' id='word_1_430' title='bbox 2142 847 2332 916; x_wconf 85' lang='lat' dir='ltr'>jorem</span> <span class='ocrx_word' id='word_1_431' title='bbox 2361 848 2552 900; x_wconf 89' lang='lat' dir='ltr'>adhuc</span> <span class='ocrx_word' id='word_1_432' title='bbox 2596 848 3018 918; x_wconf 75' lang='lat' dir='ltr'>Tito_reputet</span> <span class='ocrx_word' id='word_1_433' title='bbox 3057 846 3457 914; x_wconf 78' lang='lat' dir='ltr'>Timotheum,</span> <span class='ocrx_word' id='word_1_434' title='bbox 3493 852 3668 918; x_wconf 89' lang='lat' dir='ltr'>atque</span> <span class='ocrx_word' id='word_1_435' title='bbox 3718 849 3809 902; x_wconf 87' lang='lat' dir='ltr'>id-</span> 
     </span>
    </p>
   </div>
   <div class='ocr_carea' id='block_1_61' title="bbox 2151 916 3807 991">
    <p class='ocr_par' dir='ltr' id='par_1_61' title="bbox 2151 916 3807 991">
     <span class='ocr_line' id='line_1_63' title="bbox 2151 916 3807 991; baseline 0.002 -21"><span class='ocrx_word' id='word_1_436' title='bbox 2151 918 2304 972; x_wconf 90' lang='lat' dir='ltr'>circo</span> <span class='ocrx_word' id='word_1_437' title='bbox 2345 933 2462 972; x_wconf 87' lang='lat' dir='ltr'>non</span> <span class='ocrx_word' id='word_1_438' title='bbox 2511 918 2700 990; x_wconf 87' lang='lat' dir='ltr'>magis</span> <span class='ocrx_word' id='word_1_439' title='bbox 2743 916 2902 971; x_wconf 85' lang='lat' dir='ltr'>hunc</span> <span class='ocrx_word' id='word_1_440' title='bbox 2935 917 3210 991; x_wconf 82' lang='lat' dir='ltr'>debuisse</span> <span class='ocrx_word' id='word_1_441' title='bbox 3262 916 3807 991; x_wconf 36' lang='lat' dir='ltr'>tiliumuap—pellari,</span> 
     </span>
    </p>
   </div>
   <div class='ocr_carea' id='block_1_62' title="bbox 2151 987 3806 1060">
    <p class='ocr_par' dir='ltr' id='par_1_62' title="bbox 2151 987 3806 1060">
     <span class='ocr_line' id='line_1_64' title="bbox 2151 987 3806 1060; baseline 0.002 -17"><span class='ocrx_word' id='word_1_442' title='bbox 2151 1006 2326 1059; x_wconf 92' lang='lat' dir='ltr'>quam</span> <span class='ocrx_word' id='word_1_443' title='bbox 2361 991 2558 1043; x_wconf 90' lang='lat' dir='ltr'>Titum</span> <span class='ocrx_word' id='word_1_444' title='bbox 2587 987 2857 1056; x_wconf 51' lang='lat' dir='ltr'>{auctor</span> <span class='ocrx_word' id='word_1_445' title='bbox 2888 1005 2994 1060; x_wconf 82' lang='lat' dir='ltr'>ego</span> <span class='ocrx_word' id='word_1_446' title='bbox 3025 987 3110 1041; x_wconf 90' lang='lat' dir='ltr'>illi</span> <span class='ocrx_word' id='word_1_447' title='bbox 3144 1004 3298 1053; x_wconf 89' lang='lat' dir='ltr'>sum,</span> <span class='ocrx_word' id='word_1_448' title='bbox 3334 995 3396 1044; x_wconf 91' lang='lat' dir='ltr'>ut</span> <span class='ocrx_word' id='word_1_449' title='bbox 3428 987 3593 1045; x_wconf 75' lang='lat' dir='ltr'>illam</span> <span class='ocrx_word' id='word_1_450' title='bbox 3622 993 3806 1046; x_wconf 88' lang='lat' dir='ltr'>totius</span> 
     </span>
    </p>
   </div>
   <div class='ocr_carea' id='block_1_63' title="bbox 2147 1061 3803 1132">
    <p class='ocr_par' dir='ltr' id='par_1_63' title="bbox 2147 1061 3803 1132">
     <span class='ocr_line' id='line_1_65' title="bbox 2147 1061 3803 1132; baseline 0.002 -18"><span class='ocrx_word' id='word_1_451' title='bbox 2147 1061 2457 1115; x_wconf 82' lang='lat' dir='ltr'>vetustatis</span> <span class='ocrx_word' id='word_1_452' title='bbox 2491 1061 2858 1132; x_wconf 77' lang='lat' dir='ltr'>apothecam,</span> <span class='ocrx_word' id='word_1_453' title='bbox 2894 1062 2963 1114; x_wconf 92' lang='lat' dir='ltr'>de</span> <span class='ocrx_word' id='word_1_454' title='bbox 2995 1076 3112 1130; x_wconf 84' lang='lat' dir='ltr'>qua</span> <span class='ocrx_word' id='word_1_455' title='bbox 3139 1061 3413 1131; x_wconf 89' lang='lat' dir='ltr'>superius</span> <span class='ocrx_word' id='word_1_456' title='bbox 3445 1069 3636 1116; x_wconf 89' lang='lat' dir='ltr'>actum</span> <span class='ocrx_word' id='word_1_457' title='bbox 3693 1067 3803 1129; x_wconf 91' lang='lat' dir='ltr'>est,</span> 
     </span>
    </p>
   </div>
   <div class='ocr_carea' id='block_1_64' title="bbox 2147 1132 3808 1206">
    <p class='ocr_par' dir='ltr' id='par_1_64' title="bbox 2147 1132 3808 1206">
     <span class='ocr_line' id='line_1_66' title="bbox 2147 1132 3808 1206; baseline 0.001 -20"><span class='ocrx_word' id='word_1_458' title='bbox 2147 1137 2204 1186; x_wconf 92' lang='lat' dir='ltr'>et</span> <span class='ocrx_word' id='word_1_459' title='bbox 2232 1133 2289 1206; x_wconf 87' lang='lat' dir='ltr'>in</span> <span class='ocrx_word' id='word_1_460' title='bbox 2324 1149 2440 1202; x_wconf 90' lang='lat' dir='ltr'>qua</span> <span class='ocrx_word' id='word_1_461' title='bbox 2472 1133 2829 1206; x_wconf 89' lang='lat' dir='ltr'>immensum</span> <span class='ocrx_word' id='word_1_462' title='bbox 2865 1132 2974 1187; x_wconf 88' lang='lat' dir='ltr'>sibi</span> <span class='ocrx_word' id='word_1_463' title='bbox 3008 1133 3355 1206; x_wconf 85' lang='lat' dir='ltr'>thesaurum</span> <span class='ocrx_word' id='word_1_464' title='bbox 3392 1148 3625 1206; x_wconf 80' lang='lat' dir='ltr'>semper</span> <span class='ocrx_word' id='word_1_465' title='bbox 3643 1135 3808 1189; x_wconf 85' lang='lat' dir='ltr'>sein-</span> 
     </span>
    </p>
   </div>
   <div class='ocr_carea' id='block_1_65' title="bbox 2145 1205 3808 1288">
    <p class='ocr_par' dir='ltr' id='par_1_65' title="bbox 2145 1205 3808 1288">
     <span class='ocr_line' id='line_1_67' title="bbox 2145 1205 3808 1288; baseline 0.002 -30"><span class='ocrx_word' id='word_1_466' title='bbox 2145 1205 2344 1258; x_wconf 90' lang='lat' dir='ltr'>venire</span> <span class='ocrx_word' id='word_1_467' title='bbox 2396 1206 2723 1288; x_wconf 36' lang='lat' dir='ltr'>proﬁtetur.</span> <span class='ocrx_word' id='word_1_468' title='bbox 2748 1205 3039 1288; x_wconf 49' lang='lat' dir='ltr'>Bivarius,</span> <span class='ocrx_word' id='word_1_469' title='bbox 3070 1205 3464 1288; x_wconf 58' lang='lat' dir='ltr'>ingrediatur,</span> <span class='ocrx_word' id='word_1_470' title='bbox 3497 1205 3808 1288; x_wconf 46' lang='lat' dir='ltr'>Viri-{ratque</span> 
     </span>
    </p>
   </div>
   <div class='ocr_carea' id='block_1_66' title="bbox 2146 1275 3808 1347">
    <p class='ocr_par' dir='ltr' id='par_1_66' title="bbox 2146 1275 3808 1347">
     <span class='ocr_line' id='line_1_68' title="bbox 2146 1275 3808 1347; baseline 0.001 -17"><span class='ocrx_word' id='word_1_471' title='bbox 2146 1292 2218 1330; x_wconf 89' lang='lat' dir='ltr'>an</span> <span class='ocrx_word' id='word_1_472' title='bbox 2253 1293 2368 1331; x_wconf 89' lang='lat' dir='ltr'>non</span> <span class='ocrx_word' id='word_1_473' title='bbox 2400 1277 2572 1330; x_wconf 89' lang='lat' dir='ltr'>talem</span> <span class='ocrx_word' id='word_1_474' title='bbox 2605 1281 2956 1346; x_wconf 89' lang='lat' dir='ltr'>tantumque</span> <span class='ocrx_word' id='word_1_475' title='bbox 3004 1275 3083 1330; x_wconf 89' lang='lat' dir='ltr'>ibi</span> <span class='ocrx_word' id='word_1_476' title='bbox 3131 1276 3306 1330; x_wconf 78' lang='lat' dir='ltr'>faciat</span> <span class='ocrx_word' id='word_1_477' title='bbox 3348 1277 3544 1332; x_wconf 90' lang='lat' dir='ltr'>Titum</span> <span class='ocrx_word' id='word_1_478' title='bbox 3581 1275 3808 1347; x_wconf 86' lang='lat' dir='ltr'>Equili-</span> 
     </span>
    </p>
   </div>
   <div class='ocr_carea' id='block_1_67' title="bbox 2147 1348 3808 1419">
    <p class='ocr_par' dir='ltr' id='par_1_67' title="bbox 2147 1348 3808 1419">
     <span class='ocr_line' id='line_1_69' title="bbox 2147 1348 3808 1419; baseline 0.002 -19"><span class='ocrx_word' id='word_1_479' title='bbox 2147 1364 2255 1402; x_wconf 80' lang='lat' dir='ltr'>nus</span> <span class='ocrx_word' id='word_1_480' title='bbox 2287 1348 2618 1419; x_wconf 88' lang='lat' dir='ltr'>episcopus,</span> <span class='ocrx_word' id='word_1_481' title='bbox 2653 1354 2718 1402; x_wconf 91' lang='lat' dir='ltr'>ut</span> <span class='ocrx_word' id='word_1_482' title='bbox 2750 1348 2844 1401; x_wconf 87' lang='lat' dir='ltr'>vix</span> <span class='ocrx_word' id='word_1_483' title='bbox 2883 1348 2932 1402; x_wconf 91' lang='lat' dir='ltr'>ei</span> <span class='ocrx_word' id='word_1_484' title='bbox 2983 1349 3311 1418; x_wconf 89' lang='lat' dir='ltr'>comparari</span> <span class='ocrx_word' id='word_1_485' title='bbox 3364 1349 3553 1418; x_wconf 89' lang='lat' dir='ltr'>possit</span> <span class='ocrx_word' id='word_1_486' title='bbox 3605 1349 3808 1404; x_wconf 89' lang='lat' dir='ltr'>Timo-</span> 
     </span>
    </p>
   </div>
   <div class='ocr_carea' id='block_1_68' title="bbox 2143 1419 3805 1489">
    <p class='ocr_par' dir='ltr' id='par_1_68' title="bbox 2143 1419 3805 1489">
     <span class='ocr_line' id='line_1_70' title="bbox 2143 1419 3805 1489; baseline 0.001 -15"><span class='ocrx_word' id='word_1_487' title='bbox 2143 1419 2336 1476; x_wconf 88' lang='lat' dir='ltr'>theus.</span> <span class='ocrx_word' id='word_1_488' title='bbox 2368 1423 2512 1473; x_wconf 90' lang='lat' dir='ltr'>Nam</span> <span class='ocrx_word' id='word_1_489' title='bbox 2547 1437 2679 1474; x_wconf 91' lang='lat' dir='ltr'>eum</span> <span class='ocrx_word' id='word_1_490' title='bbox 2715 1420 2951 1489; x_wconf 89' lang='lat' dir='ltr'>quidem</span> <span class='ocrx_word' id='word_1_491' title='bbox 3005 1435 3143 1474; x_wconf 89' lang='lat' dir='ltr'>sane</span> <span class='ocrx_word' id='word_1_492' title='bbox 3195 1420 3403 1474; x_wconf 89' lang='lat' dir='ltr'>scribit</span> <span class='ocrx_word' id='word_1_493' title='bbox 3452 1419 3805 1476; x_wconf 83' lang='lat' dir='ltr'>clarissimis</span> 
     </span>
    </p>
   </div>
   <div class='ocr_carea' id='block_1_69' title="bbox 2143 1492 3807 1563">
    <p class='ocr_par' dir='ltr' id='par_1_69' title="bbox 2143 1492 3807 1563">
     <span class='ocr_line' id='line_1_71' title="bbox 2143 1492 3807 1563; baseline 0.002 -17"><span class='ocrx_word' id='word_1_494' title='bbox 2143 1497 2414 1546; x_wconf 89' lang='lat' dir='ltr'>ornatum</span> <span class='ocrx_word' id='word_1_495' title='bbox 2449 1507 2576 1547; x_wconf 89' lang='lat' dir='ltr'>esse</span> <span class='ocrx_word' id='word_1_496' title='bbox 2610 1492 2974 1562; x_wconf 88' lang='lat' dir='ltr'>parentibus,</span> <span class='ocrx_word' id='word_1_497' title='bbox 3008 1497 3062 1545; x_wconf 88' lang='lat' dir='ltr'>et</span> <span class='ocrx_word' id='word_1_498' title='bbox 3094 1496 3246 1547; x_wconf 89' lang='lat' dir='ltr'>retro</span> <span class='ocrx_word' id='word_1_499' title='bbox 3280 1508 3470 1563; x_wconf 90' lang='lat' dir='ltr'>usque</span> <span class='ocrx_word' id='word_1_500' title='bbox 3503 1493 3572 1546; x_wconf 92' lang='lat' dir='ltr'>ad</span> <span class='ocrx_word' id='word_1_501' title='bbox 3610 1492 3807 1548; x_wconf 90' lang='lat' dir='ltr'>Minoa</span> 
     </span>
    </p>
   </div>
   <div class='ocr_carea' id='block_1_70' title="bbox 2143 1564 3804 1634">
    <p class='ocr_par' dir='ltr' id='par_1_70' title="bbox 2143 1564 3804 1634">
     <span class='ocr_line' id='line_1_72' title="bbox 2143 1564 3804 1634; baseline 0.001 -18"><span class='ocrx_word' id='word_1_502' title='bbox 2143 1579 2336 1632; x_wconf 86' lang='lat' dir='ltr'>regem</span> <span class='ocrx_word' id='word_1_503' title='bbox 2368 1568 2568 1631; x_wconf 81' lang='lat' dir='ltr'>Cretae,</span> <span class='ocrx_word' id='word_1_504' title='bbox 2602 1565 2791 1633; x_wconf 86' lang='lat' dir='ltr'>ipsius</span> <span class='ocrx_word' id='word_1_505' title='bbox 2831 1564 3006 1617; x_wconf 80' lang='lat' dir='ltr'>refert</span> <span class='ocrx_word' id='word_1_506' title='bbox 3053 1578 3260 1634; x_wconf 89' lang='lat' dir='ltr'>genus,</span> <span class='ocrx_word' id='word_1_507' title='bbox 3296 1565 3556 1634; x_wconf 88' lang='lat' dir='ltr'>itemque</span> <span class='ocrx_word' id='word_1_508' title='bbox 3609 1565 3804 1618; x_wconf 90' lang='lat' dir='ltr'>admi-</span> 
     </span>
    </p>
   </div>
   <div class='ocr_carea' id='block_1_71' title="bbox 2143 1634 3798 1707">
    <p class='ocr_par' dir='ltr' id='par_1_71' title="bbox 2143 1634 3798 1707">
     <span class='ocr_line' id='line_1_73' title="bbox 2143 1634 3798 1707; baseline 0.001 -19"><span class='ocrx_word' id='word_1_509' title='bbox 2143 1634 2313 1688; x_wconf 90' lang='lat' dir='ltr'>rabili</span> <span class='ocrx_word' id='word_1_510' title='bbox 2347 1651 2588 1705; x_wconf 90' lang='lat' dir='ltr'>prorsus</span> <span class='ocrx_word' id='word_1_511' title='bbox 2621 1652 2687 1690; x_wconf 88' lang='lat' dir='ltr'>ac</span> <span class='ocrx_word' id='word_1_512' title='bbox 2719 1635 2917 1689; x_wconf 90' lang='lat' dir='ltr'>divina</span> <span class='ocrx_word' id='word_1_513' title='bbox 2937 1636 3238 1690; x_wconf 89' lang='lat' dir='ltr'>vocatione</span> <span class='ocrx_word' id='word_1_514' title='bbox 3269 1636 3338 1689; x_wconf 90' lang='lat' dir='ltr'>ad</span> <span class='ocrx_word' id='word_1_515' title='bbox 3375 1634 3592 1689; x_wconf 86' lang='lat' dir='ltr'>Christi</span> <span class='ocrx_word' id='word_1_516' title='bbox 3625 1637 3798 1707; x_wconf 87' lang='lat' dir='ltr'>agni-</span> 
     </span>
    </p>
   </div>
   <div class='ocr_carea' id='block_1_72' title="bbox 2139 1707 3799 1777">
    <p class='ocr_par' dir='ltr' id='par_1_72' title="bbox 2139 1707 3799 1777">
     <span class='ocr_line' id='line_1_74' title="bbox 2139 1707 3799 1777; baseline 0.001 -17"><span class='ocrx_word' id='word_1_517' title='bbox 2139 1708 2360 1761; x_wconf 89' lang='lat' dir='ltr'>tionem</span> <span class='ocrx_word' id='word_1_518' title='bbox 2385 1708 2706 1762; x_wconf 81' lang='lat' dir='ltr'>acoessisse</span> <span class='ocrx_word' id='word_1_519' title='bbox 2741 1709 3063 1772; x_wconf 87' lang='lat' dir='ltr'>memorat;</span> <span class='ocrx_word' id='word_1_520' title='bbox 3099 1708 3272 1775; x_wconf 83' lang='lat' dir='ltr'>cujus</span> <span class='ocrx_word' id='word_1_521' title='bbox 3304 1707 3477 1762; x_wconf 89' lang='lat' dir='ltr'>etiam</span> <span class='ocrx_word' id='word_1_522' title='bbox 3511 1707 3799 1777; x_wconf 89' lang='lat' dir='ltr'>passioni,</span> 
     </span>
    </p>
   </div>
   <div class='ocr_carea' id='block_1_73' title="bbox 2141 1778 3800 1843">
    <p class='ocr_par' dir='ltr' id='par_1_73' title="bbox 2141 1778 3800 1843">
     <span class='ocr_line' id='line_1_75' title="bbox 2141 1778 3800 1843; baseline 0.001 -11"><span class='ocrx_word' id='word_1_523' title='bbox 2141 1779 2578 1843; x_wconf 88' lang='lat' dir='ltr'>resurrectioni,</span> <span class='ocrx_word' id='word_1_524' title='bbox 2613 1778 2944 1833; x_wconf 88' lang='lat' dir='ltr'>ascensioni</span> <span class='ocrx_word' id='word_1_525' title='bbox 2985 1778 3043 1831; x_wconf 89' lang='lat' dir='ltr'>in</span> <span class='ocrx_word' id='word_1_526' title='bbox 3095 1779 3302 1833; x_wconf 80' lang='lat' dir='ltr'>cmlum</span> <span class='ocrx_word' id='word_1_527' title='bbox 3336 1779 3614 1842; x_wconf 80' lang='lat' dir='ltr'>adfuerit,</span> <span class='ocrx_word' id='word_1_528' title='bbox 3648 1796 3800 1834; x_wconf 88' lang='lat' dir='ltr'>una-</span> 
     </span>
    </p>
   </div>
   <div class='ocr_carea' id='block_1_74' title="bbox 2137 1850 3800 1922">
    <p class='ocr_par' dir='ltr' id='par_1_74' title="bbox 2137 1850 3800 1922">
     <span class='ocr_line' id='line_1_76' title="bbox 2137 1850 3800 1922; baseline 0.002 -19"><span class='ocrx_word' id='word_1_529' title='bbox 2137 1866 2249 1922; x_wconf 88' lang='lat' dir='ltr'>que</span> <span class='ocrx_word' id='word_1_530' title='bbox 2279 1865 2408 1903; x_wconf 89' lang='lat' dir='ltr'>cum</span> <span class='ocrx_word' id='word_1_531' title='bbox 2446 1850 2753 1916; x_wconf 82' lang='lat' dir='ltr'>discipulis</span> <span class='ocrx_word' id='word_1_532' title='bbox 2783 1850 3068 1921; x_wconf 88' lang='lat' dir='ltr'>Spiritum</span> <span class='ocrx_word' id='word_1_533' title='bbox 3102 1855 3373 1922; x_wconf 88' lang='lat' dir='ltr'>sanctum</span> <span class='ocrx_word' id='word_1_534' title='bbox 3409 1851 3467 1906; x_wconf 89' lang='lat' dir='ltr'>in</span> <span class='ocrx_word' id='word_1_535' title='bbox 3502 1867 3565 1905; x_wconf 90' lang='lat' dir='ltr'>se</span> <span class='ocrx_word' id='word_1_536' title='bbox 3595 1867 3800 1922; x_wconf 86' lang='lat' dir='ltr'>corpo-</span> 
     </span>
    </p>
   </div>
   <div class='ocr_carea' id='block_1_75' title="bbox 2136 1921 3574 1990">
    <p class='ocr_par' dir='ltr' id='par_1_75' title="bbox 2136 1921 3574 1990">
     <span class='ocr_line' id='line_1_77' title="bbox 2136 1921 3574 1990; baseline -0.003 -14"><span class='ocrx_word' id='word_1_537' title='bbox 2136 1921 2338 1977; x_wconf 88' lang='lat' dir='ltr'>raliter</span> <span class='ocrx_word' id='word_1_538' title='bbox 2368 1922 2816 1976; x_wconf 84' lang='lat' dir='ltr'>descendentem</span> <span class='ocrx_word' id='word_1_539' title='bbox 2854 1921 3158 1990; x_wconf 86' lang='lat' dir='ltr'>receperit.</span> <span class='ocrx_word' id='word_1_540' title='bbox 3571 1965 3574 1967; x_wconf 97' lang='lat'>.</span> 
     </span>
    </p>
   </div>
   <div class='ocr_carea' id='block_1_76' title="bbox 2204 1992 3794 2059">
    <p class='ocr_par' dir='ltr' id='par_1_76' title="bbox 2204 1992 3794 2059">
     <span class='ocr_line' id='line_1_78' title="bbox 2204 1992 3794 2059; baseline 0 -12"><span class='ocrx_word' id='word_1_541' title='bbox 2204 1997 2340 2059; x_wconf 69' lang='lat' dir='ltr'>Quae</span> <span class='ocrx_word' id='word_1_542' title='bbox 2371 1993 2419 2046; x_wconf 93' lang='lat' dir='ltr'>si</span> <span class='ocrx_word' id='word_1_543' title='bbox 2451 2011 2585 2049; x_wconf 91' lang='lat' dir='ltr'>vera</span> <span class='ocrx_word' id='word_1_544' title='bbox 2630 2000 2789 2057; x_wconf 87' lang='lat' dir='ltr'>sunt,</span> <span class='ocrx_word' id='word_1_545' title='bbox 2828 1999 2889 2048; x_wconf 93' lang='lat' dir='ltr'>ut</span> <span class='ocrx_word' id='word_1_546' title='bbox 2939 1994 3173 2047; x_wconf 85' lang='lat' dir='ltr'>credere</span> <span class='ocrx_word' id='word_1_547' title='bbox 3219 1993 3452 2046; x_wconf 88' lang='lat' dir='ltr'>videtur</span> <span class='ocrx_word' id='word_1_548' title='bbox 3503 1992 3794 2057; x_wconf 87' lang='lat' dir='ltr'>Bivarius,</span> 
     </span>
    </p>
   </div>
   <div class='ocr_carea' id='block_1_77' title="bbox 2132 2064 3796 2134">
    <p class='ocr_par' dir='ltr' id='par_1_77' title="bbox 2132 2064 3796 2134">
     <span class='ocr_line' id='line_1_79' title="bbox 2132 2064 3796 2134; baseline 0.001 -16"><span class='ocrx_word' id='word_1_549' title='bbox 2132 2070 2284 2120; x_wconf 89' lang='lat' dir='ltr'>certe</span> <span class='ocrx_word' id='word_1_550' title='bbox 2316 2066 2372 2118; x_wconf 90' lang='lat' dir='ltr'>in</span> <span class='ocrx_word' id='word_1_551' title='bbox 2408 2066 2585 2121; x_wconf 92' lang='lat' dir='ltr'>dubio</span> <span class='ocrx_word' id='word_1_552' title='bbox 2612 2065 2865 2134; x_wconf 86' lang='lat' dir='ltr'>relinqui</span> <span class='ocrx_word' id='word_1_553' title='bbox 2917 2081 3029 2119; x_wconf 93' lang='lat' dir='ltr'>non</span> <span class='ocrx_word' id='word_1_554' title='bbox 3083 2068 3292 2134; x_wconf 82' lang='lat' dir='ltr'>potest,</span> <span class='ocrx_word' id='word_1_555' title='bbox 3327 2065 3468 2133; x_wconf 90' lang='lat' dir='ltr'>quin</span> <span class='ocrx_word' id='word_1_556' title='bbox 3518 2064 3686 2118; x_wconf 89' lang='lat' dir='ltr'>Titus</span> <span class='ocrx_word' id='word_1_557' title='bbox 3738 2070 3796 2119; x_wconf 89' lang='lat' dir='ltr'>et</span> 
     </span>
    </p>
   </div>
   <div class='ocr_carea' id='block_1_78' title="bbox 2136 2134 3794 2207">
    <p class='ocr_par' dir='ltr' id='par_1_78' title="bbox 2136 2134 3794 2207">
     <span class='ocr_line' id='line_1_80' title="bbox 2136 2134 3794 2207; baseline 0.001 -18"><span class='ocrx_word' id='word_1_558' title='bbox 2136 2135 2305 2207; x_wconf 86' lang='lat' dir='ltr'>longe</span> <span class='ocrx_word' id='word_1_559' title='bbox 2340 2139 2535 2192; x_wconf 88' lang='lat' dir='ltr'>senior</span> <span class='ocrx_word' id='word_1_560' title='bbox 2577 2137 2654 2191; x_wconf 91' lang='lat' dir='ltr'>sit</span> <span class='ocrx_word' id='word_1_561' title='bbox 2700 2136 3028 2201; x_wconf 87' lang='lat' dir='ltr'>Timotheo,</span> <span class='ocrx_word' id='word_1_562' title='bbox 3061 2139 3118 2189; x_wconf 90' lang='lat' dir='ltr'>et</span> <span class='ocrx_word' id='word_1_563' title='bbox 3166 2134 3386 2207; x_wconf 82' lang='lat' dir='ltr'>aliquot</span> <span class='ocrx_word' id='word_1_564' title='bbox 3437 2136 3572 2190; x_wconf 90' lang='lat' dir='ltr'>item</span> <span class='ocrx_word' id='word_1_565' title='bbox 3620 2136 3794 2191; x_wconf 90' lang='lat' dir='ltr'>annis</span> 
     </span>
    </p>
   </div>
   <div class='ocr_carea' id='block_1_79' title="bbox 2134 2206 3793 2279">
    <p class='ocr_par' dir='ltr' id='par_1_79' title="bbox 2134 2206 3793 2279">
     <span class='ocr_line' id='line_1_81' title="bbox 2134 2206 3793 2279; baseline -0.001 -18"><span class='ocrx_word' id='word_1_566' title='bbox 2134 2206 2412 2277; x_wconf 82' lang='lat' dir='ltr'>grandior</span> <span class='ocrx_word' id='word_1_567' title='bbox 2440 2209 2568 2279; x_wconf 86' lang='lat' dir='ltr'>ipso</span> <span class='ocrx_word' id='word_1_568' title='bbox 2603 2208 2874 2279; x_wconf 89' lang='lat' dir='ltr'>Dionysio</span> <span class='ocrx_word' id='word_1_569' title='bbox 2907 2210 3061 2277; x_wconf 87' lang='lat' dir='ltr'>(cum</span> <span class='ocrx_word' id='word_1_570' title='bbox 3097 2206 3253 2261; x_wconf 90' lang='lat' dir='ltr'>enim</span> <span class='ocrx_word' id='word_1_571' title='bbox 3296 2207 3612 2278; x_wconf 82' lang='lat' dir='ltr'>Dionysius</span> <span class='ocrx_word' id='word_1_572' title='bbox 3642 2213 3793 2261; x_wconf 91' lang='lat' dir='ltr'>tem-</span> 
     </span>
    </p>
   </div>
   <div class='ocr_carea' id='block_1_80' title="bbox 2135 2278 3793 2351">
    <p class='ocr_par' dir='ltr' id='par_1_80' title="bbox 2135 2278 3793 2351">
     <span class='ocr_line' id='line_1_82' title="bbox 2135 2278 3793 2351; baseline 0.001 -18"><span class='ocrx_word' id='word_1_573' title='bbox 2135 2296 2270 2349; x_wconf 87' lang='lat' dir='ltr'>pore</span> <span class='ocrx_word' id='word_1_574' title='bbox 2303 2278 2596 2351; x_wconf 86' lang='lat' dir='ltr'>passionis</span> <span class='ocrx_word' id='word_1_575' title='bbox 2630 2278 2804 2334; x_wconf 86' lang='lat' dir='ltr'>fuerit</span> <span class='ocrx_word' id='word_1_576' title='bbox 2832 2284 3060 2334; x_wconf 90' lang='lat' dir='ltr'>tantum</span> <span class='ocrx_word' id='word_1_577' title='bbox 3094 2278 3299 2350; x_wconf 85' lang='lat' dir='ltr'>viginti</span> <span class='ocrx_word' id='word_1_578' title='bbox 3321 2279 3582 2349; x_wconf 91' lang='lat' dir='ltr'>quinque</span> <span class='ocrx_word' id='word_1_579' title='bbox 3609 2295 3793 2334; x_wconf 88' lang='lat' dir='ltr'>anno-</span> 
     </span>
    </p>
   </div>
   <div class='ocr_carea' id='block_1_81' title="bbox 2133 2351 3792 2422">
    <p class='ocr_par' dir='ltr' id='par_1_81' title="bbox 2133 2351 3792 2422">
     <span class='ocr_line' id='line_1_83' title="bbox 2133 2351 3792 2422; baseline 0.001 -18"><span class='ocrx_word' id='word_1_580' title='bbox 2133 2368 2287 2414; x_wconf 86' lang='lat' dir='ltr'>rum,</span> <span class='ocrx_word' id='word_1_581' title='bbox 2340 2351 2507 2406; x_wconf 91' lang='lat' dir='ltr'>Titus</span> <span class='ocrx_word' id='word_1_582' title='bbox 2558 2352 2868 2405; x_wconf 90' lang='lat' dir='ltr'>minimum</span> <span class='ocrx_word' id='word_1_583' title='bbox 2921 2351 3130 2422; x_wconf 85' lang='lat' dir='ltr'>viginti</span> <span class='ocrx_word' id='word_1_584' title='bbox 3185 2366 3414 2414; x_wconf 89' lang='lat' dir='ltr'>novem,</span> <span class='ocrx_word' id='word_1_585' title='bbox 3463 2366 3531 2404; x_wconf 83' lang='lat' dir='ltr'>ex</span> <span class='ocrx_word' id='word_1_586' title='bbox 3583 2351 3792 2405; x_wconf 88' lang='lat' dir='ltr'>eodem</span> 
     </span>
    </p>
   </div>
   <div class='ocr_carea' id='block_1_82' title="bbox 2133 2421 3792 2493">
    <p class='ocr_par' dir='ltr' id='par_1_82' title="bbox 2133 2421 3792 2493">
     <span class='ocr_line' id='line_1_84' title="bbox 2133 2421 3792 2493; baseline 0.001 -17"><span class='ocrx_word' id='word_1_587' title='bbox 2133 2422 2405 2493; x_wconf 87' lang='lat' dir='ltr'>Equilino</span> <span class='ocrx_word' id='word_1_588' title='bbox 2447 2423 2627 2477; x_wconf 83' lang='lat' dir='ltr'>fuisse</span> <span class='ocrx_word' id='word_1_589' title='bbox 2669 2421 3001 2491; x_wconf 75' lang='lat' dir='ltr'>colligitur)</span> <span class='ocrx_word' id='word_1_590' title='bbox 3034 2428 3097 2475; x_wconf 89' lang='lat' dir='ltr'>ut</span> <span class='ocrx_word' id='word_1_591' title='bbox 3143 2421 3387 2491; x_wconf 88' lang='lat' dir='ltr'>proinde</span> <span class='ocrx_word' id='word_1_592' title='bbox 3432 2439 3465 2476; x_wconf 93' lang='lat' dir='ltr'>a</span> <span class='ocrx_word' id='word_1_593' title='bbox 3512 2421 3792 2492; x_wconf 89' lang='lat' dir='ltr'>Dionysio</span> 
     </span>
    </p>
   </div>
   <div class='ocr_carea' id='block_1_83' title="bbox 2133 2493 3792 2564">
    <p class='ocr_par' dir='ltr' id='par_1_83' title="bbox 2133 2493 3792 2564">
     <span class='ocr_line' id='line_1_85' title="bbox 2133 2493 3792 2564; baseline 0.001 -18"><span class='ocrx_word' id='word_1_594' title='bbox 2133 2511 2247 2547; x_wconf 91' lang='lat' dir='ltr'>non</span> <span class='ocrx_word' id='word_1_595' title='bbox 2300 2494 2543 2564; x_wconf 88' lang='lat' dir='ltr'>perinde</span> <span class='ocrx_word' id='word_1_596' title='bbox 2591 2495 2779 2548; x_wconf 88' lang='lat' dir='ltr'>vocari</span> <span class='ocrx_word' id='word_1_597' title='bbox 2833 2494 2993 2547; x_wconf 85' lang='lat' dir='ltr'>ﬁlius</span> <span class='ocrx_word' id='word_1_598' title='bbox 3041 2495 3316 2564; x_wconf 82' lang='lat' dir='ltr'>potuerit,</span> <span class='ocrx_word' id='word_1_599' title='bbox 3364 2509 3536 2563; x_wconf 86' lang='lat' dir='ltr'>quam</span> <span class='ocrx_word' id='word_1_600' title='bbox 3589 2493 3792 2548; x_wconf 83' lang='lat' dir='ltr'>Timo-</span> 
     </span>
    </p>
   </div>
   <div class='ocr_carea' id='block_1_84' title="bbox 2131 2563 3786 2636">
    <p class='ocr_par' dir='ltr' id='par_1_84' title="bbox 2131 2563 3786 2636">
     <span class='ocr_line' id='line_1_86' title="bbox 2131 2563 3786 2636; baseline -0.001 -18"><span class='ocrx_word' id='word_1_601' title='bbox 2131 2563 2323 2619; x_wconf 24' lang='lat' dir='ltr'>theus’.</span> <span class='ocrx_word' id='word_1_602' title='bbox 2349 2566 2471 2628; x_wconf 85' lang='lat' dir='ltr'>Qua</span> <span class='ocrx_word' id='word_1_603' title='bbox 2493 2567 2563 2619; x_wconf 90' lang='lat' dir='ltr'>de</span> <span class='ocrx_word' id='word_1_604' title='bbox 2589 2581 2649 2619; x_wconf 89' lang='lat' dir='ltr'>re</span> <span class='ocrx_word' id='word_1_605' title='bbox 2679 2567 2806 2618; x_wconf 88' lang='lat' dir='ltr'>vide</span> <span class='ocrx_word' id='word_1_606' title='bbox 2841 2563 3177 2636; x_wconf 86' lang='lat' dir='ltr'>Equilinum</span> <span class='ocrx_word' id='word_1_607' title='bbox 3212 2564 3360 2618; x_wconf 93' lang='lat' dir='ltr'>libro</span> <span class='ocrx_word' id='word_1_608' title='bbox 3393 2581 3469 2618; x_wconf 84' lang='lat' dir='ltr'>vn</span> <span class='ocrx_word' id='word_1_609' title='bbox 3503 2564 3786 2634; x_wconf 88' lang='lat' dir='ltr'>Catalogi,</span> 
     </span>
    </p>
   </div>
   <div class='ocr_carea' id='block_1_85' title="bbox 2131 2636 3785 2706">
    <p class='ocr_par' dir='ltr' id='par_1_85' title="bbox 2131 2636 3785 2706">
     <span class='ocr_line' id='line_1_87' title="bbox 2131 2636 3785 2706; baseline 0 -15"><span class='ocrx_word' id='word_1_610' title='bbox 2131 2638 2319 2706; x_wconf 83' lang='lat' dir='ltr'>capite</span> <span class='ocrx_word' id='word_1_611' title='bbox 2343 2638 2465 2705; x_wconf 85' lang='grc'>108,</span> <span class='ocrx_word' id='word_1_612' title='bbox 2491 2639 2589 2692; x_wconf 91' lang='lat' dir='ltr'>ubi</span> <span class='ocrx_word' id='word_1_613' title='bbox 2619 2638 2760 2692; x_wconf 90' lang='lat' dir='ltr'>dicit</span> <span class='ocrx_word' id='word_1_614' title='bbox 2789 2637 2989 2690; x_wconf 88' lang='lat' dir='ltr'>Titum</span> <span class='ocrx_word' id='word_1_615' title='bbox 3023 2636 3228 2705; x_wconf 81' lang='lat' dir='ltr'>viginti</span> <span class='ocrx_word' id='word_1_616' title='bbox 3264 2652 3452 2690; x_wconf 87' lang='lat' dir='ltr'>annos</span> <span class='ocrx_word' id='word_1_617' title='bbox 3480 2641 3785 2702; x_wconf 87' lang='lat' dir='ltr'>natum,et</span> 
     </span>
    </p>
   </div>
   <div class='ocr_carea' id='block_1_86' title="bbox 2131 2707 3782 2778">
    <p class='ocr_par' dir='ltr' id='par_1_86' title="bbox 2131 2707 3782 2778">
     <span class='ocr_line' id='line_1_88' title="bbox 2131 2707 3782 2778; baseline -0.001 -16"><span class='ocrx_word' id='word_1_618' title='bbox 2131 2708 2364 2762; x_wconf 88' lang='lat' dir='ltr'>Homeri</span> <span class='ocrx_word' id='word_1_619' title='bbox 2411 2709 2794 2769; x_wconf 87' lang='lat' dir='ltr'>carminibus,</span> <span class='ocrx_word' id='word_1_620' title='bbox 2829 2708 3436 2778; x_wconf 85' lang='lat' dir='ltr'>philosophorumque</span> <span class='ocrx_word' id='word_1_621' title='bbox 3472 2707 3641 2761; x_wconf 89' lang='lat' dir='ltr'>libris</span> <span class='ocrx_word' id='word_1_622' title='bbox 3674 2724 3782 2777; x_wconf 89' lang='lat' dir='ltr'>ap-</span> 
     </span>
    </p>
   </div>
   <div class='ocr_carea' id='block_1_87' title="bbox 2131 2777 3782 2850">
    <p class='ocr_par' dir='ltr' id='par_1_87' title="bbox 2131 2777 3782 2850">
     <span class='ocr_line' id='line_1_89' title="bbox 2131 2777 3782 2850; baseline -0.001 -16"><span class='ocrx_word' id='word_1_623' title='bbox 2131 2781 2318 2850; x_wconf 90' lang='lat' dir='ltr'>prime</span> <span class='ocrx_word' id='word_1_624' title='bbox 2367 2781 2655 2842; x_wconf 88' lang='lat' dir='ltr'>deditum,</span> <span class='ocrx_word' id='word_1_625' title='bbox 2713 2777 3010 2850; x_wconf 82' lang='lat' dir='ltr'>excepisse</span> <span class='ocrx_word' id='word_1_626' title='bbox 3069 2781 3139 2832; x_wconf 91' lang='lat' dir='ltr'>de</span> <span class='ocrx_word' id='word_1_627' title='bbox 3193 2777 3607 2847; x_wconf 26' lang='lat' dir='ltr'>cmlo’vocem,</span> <span class='ocrx_word' id='word_1_628' title='bbox 3654 2795 3782 2848; x_wconf 66' lang='lat' dir='ltr'>quae</span> 
     </span>
    </p>
   </div>
   <div class='ocr_carea' id='block_1_88' title="bbox 2129 2850 3787 2921">
    <p class='ocr_par' dir='ltr' id='par_1_88' title="bbox 2129 2850 3787 2921">
     <span class='ocr_line' id='line_1_90' title="bbox 2129 2850 3787 2921; baseline -0.001 -15"><span class='ocrx_word' id='word_1_629' title='bbox 2129 2853 2560 2915; x_wconf 86' lang='lat' dir='ltr'>commonebat,</span> <span class='ocrx_word' id='word_1_630' title='bbox 2585 2852 2699 2906; x_wconf 90' lang='lat' dir='ltr'>ista</span> <span class='ocrx_word' id='word_1_631' title='bbox 2730 2854 2973 2918; x_wconf 86' lang='lat' dir='ltr'>prot&#39;ana</span> <span class='ocrx_word' id='word_1_632' title='bbox 3003 2850 3326 2918; x_wconf 82' lang='lat' dir='ltr'>studiaipsi</span> <span class='ocrx_word' id='word_1_633' title='bbox 3347 2850 3623 2921; x_wconf 87' lang='lat' dir='ltr'>deinceps</span> <span class='ocrx_word' id='word_1_634' title='bbox 3655 2867 3787 2906; x_wconf 88' lang='lat' dir='ltr'>esse</span> 
     </span>
    </p>
   </div>
   <div class='ocr_carea' id='block_1_89' title="bbox 2130 2921 3780 2993">
    <p class='ocr_par' dir='ltr' id='par_1_89' title="bbox 2130 2921 3780 2993">
     <span class='ocr_line' id='line_1_91' title="bbox 2130 2921 3780 2993; baseline -0.001 -16"><span class='ocrx_word' id='word_1_635' title='bbox 2130 2924 2532 2993; x_wconf 79' lang='lat' dir='ltr'>relinquenda,</span> <span class='ocrx_word' id='word_1_636' title='bbox 2566 2927 2623 2976; x_wconf 88' lang='lat' dir='ltr'>et</span> <span class='ocrx_word' id='word_1_637' title='bbox 2654 2924 2864 2978; x_wconf 66' lang='lat' dir='ltr'>animm</span> <span class='ocrx_word' id='word_1_638' title='bbox 2908 2921 3084 2976; x_wconf 89' lang='lat' dir='ltr'>saluti</span> <span class='ocrx_word' id='word_1_639' title='bbox 3137 2921 3564 2991; x_wconf 89' lang='lat' dir='ltr'>providendum</span> <span class='ocrx_word' id='word_1_640' title='bbox 3601 2938 3613 2976; x_wconf 92' lang='lat'>:</span> <span class='ocrx_word' id='word_1_641' title='bbox 3674 2939 3780 2977; x_wconf 89' lang='lat' dir='ltr'>no-</span> 
     </span>
    </p>
   </div>
   <div class='ocr_carea' id='block_1_90' title="bbox 2127 2992 3782 3066">
    <p class='ocr_par' dir='ltr' id='par_1_90' title="bbox 2127 2992 3782 3066">
     <span class='ocr_line' id='line_1_92' title="bbox 2127 2992 3782 3066; baseline -0.001 -18"><span class='ocrx_word' id='word_1_642' title='bbox 2127 3012 2253 3050; x_wconf 89' lang='lat' dir='ltr'>vem</span> <span class='ocrx_word' id='word_1_643' title='bbox 2289 3011 2420 3049; x_wconf 92' lang='lat' dir='ltr'>vero</span> <span class='ocrx_word' id='word_1_644' title='bbox 2472 2992 2605 3066; x_wconf 83' lang='lat' dir='ltr'>pest</span> <span class='ocrx_word' id='word_1_645' title='bbox 2654 2995 2824 3050; x_wconf 91' lang='lat' dir='ltr'>annis</span> <span class='ocrx_word' id='word_1_646' title='bbox 2871 2995 3166 3066; x_wconf 82' lang='lat' dir='ltr'>eumdem.</span> <span class='ocrx_word' id='word_1_647' title='bbox 3203 2993 3348 3066; x_wconf 83' lang='lat' dir='ltr'>lecto</span> <span class='ocrx_word' id='word_1_648' title='bbox 3403 2992 3782 3066; x_wconf 10' lang='lat' dir='ltr'>lsaiaailibro,</span> 
     </span>
    </p>
   </div>
   <div class='ocr_carea' id='block_1_91' title="bbox 2129 3065 3786 3138">
    <p class='ocr_par' dir='ltr' id='par_1_91' title="bbox 2129 3065 3786 3138">
     <span class='ocr_line' id='line_1_93' title="bbox 2129 3065 3786 3138; baseline -0.001 -17"><span class='ocrx_word' id='word_1_649' title='bbox 2129 3073 2247 3121; x_wconf 89' lang='lat' dir='ltr'>tam</span> <span class='ocrx_word' id='word_1_650' title='bbox 2299 3083 2418 3122; x_wconf 64' lang='lat' dir='ltr'>suae</span> <span class='ocrx_word' id='word_1_651' title='bbox 2473 3065 2649 3138; x_wconf 85' lang='lat' dir='ltr'>quam</span> <span class='ocrx_word' id='word_1_652' title='bbox 2697 3067 2946 3121; x_wconf 80' lang='lat' dir='ltr'>aliorum</span> <span class='ocrx_word' id='word_1_653' title='bbox 2993 3065 3199 3120; x_wconf 84' lang='lat' dir='ltr'>salutis</span> <span class='ocrx_word' id='word_1_654' title='bbox 3224 3065 3349 3133; x_wconf 88' lang='lat' dir='ltr'>jam</span> <span class='ocrx_word' id='word_1_655' title='bbox 3392 3065 3786 3138; x_wconf 75' lang='lat' dir='ltr'>cupidiorem,</span> 
     </span>
    </p>
   </div>
   <div class='ocr_carea' id='block_1_92' title="bbox 2131 3136 3785 3206">
    <p class='ocr_par' dir='ltr' id='par_1_92' title="bbox 2131 3136 3785 3206">
     <span class='ocr_line' id='line_1_94' title="bbox 2131 3136 3785 3206; baseline -0.002 -13"><span class='ocrx_word' id='word_1_656' title='bbox 2131 3139 2378 3193; x_wconf 89' lang='lat' dir='ltr'>missum</span> <span class='ocrx_word' id='word_1_657' title='bbox 2414 3136 2806 3194; x_wconf 39' lang='lat' dir='ltr'>ah‘avunculo</span> <span class='ocrx_word' id='word_1_658' title='bbox 2839 3154 2944 3192; x_wconf 91' lang='lat' dir='ltr'>suo</span> <span class='ocrx_word' id='word_1_659' title='bbox 2975 3138 3152 3192; x_wconf 64' lang='lat' dir='ltr'>Cretae</span> <span class='ocrx_word' id='word_1_660' title='bbox 3187 3136 3537 3206; x_wconf 82' lang='lat' dir='ltr'>proconsule</span> <span class='ocrx_word' id='word_1_661' title='bbox 3586 3136 3785 3191; x_wconf 85' lang='lat' dir='ltr'>Hiero-</span> 
     </span>
    </p>
   </div>
   <div class='ocr_carea' id='block_1_93' title="bbox 2136 3208 3788 3282">
    <p class='ocr_par' dir='ltr' id='par_1_93' title="bbox 2136 3208 3788 3282">
     <span class='ocr_line' id='line_1_95' title="bbox 2136 3208 3788 3282; baseline -0.002 -18"><span class='ocrx_word' id='word_1_662' title='bbox 2136 3214 2447 3282; x_wconf 87' lang='lat' dir='ltr'>solymam,</span> <span class='ocrx_word' id='word_1_663' title='bbox 2482 3210 2680 3280; x_wconf 90' lang='lat' dir='ltr'>ibique</span> <span class='ocrx_word' id='word_1_664' title='bbox 2722 3209 2781 3282; x_wconf 89' lang='lat' dir='ltr'>in</span> <span class='ocrx_word' id='word_1_665' title='bbox 2830 3209 3328 3282; x_wconf 32' lang='lat' dir='ltr'>Christimvenisse</span> <span class='ocrx_word' id='word_1_666' title='bbox 3374 3208 3669 3282; x_wconf 72' lang='lat' dir='ltr'>notitiam.</span> <span class='ocrx_word' id='word_1_667' title='bbox 3708 3210 3788 3262; x_wconf 90' lang='lat' dir='ltr'>En</span> 
     </span>
    </p>
   </div>
   <div class='ocr_carea' id='block_1_94' title="bbox 2133 3279 3792 3352">
    <p class='ocr_par' dir='ltr' id='par_1_94' title="bbox 2133 3279 3792 3352">
     <span class='ocr_line' id='line_1_96' title="bbox 2133 3279 3792 3352; baseline -0.001 -16"><span class='ocrx_word' id='word_1_668' title='bbox 2133 3279 2314 3352; x_wconf 73' lang='lat' dir='ltr'>igitur</span> <span class='ocrx_word' id='word_1_669' title='bbox 2344 3298 2530 3337; x_wconf 89' lang='lat' dir='ltr'>annos</span> <span class='ocrx_word' id='word_1_670' title='bbox 2562 3281 2764 3351; x_wconf 82' lang='lat' dir='ltr'>viginti</span> <span class='ocrx_word' id='word_1_671' title='bbox 2796 3296 2998 3335; x_wconf 86' lang='lat' dir='ltr'>novem</span> <span class='ocrx_word' id='word_1_672' title='bbox 3041 3280 3155 3334; x_wconf 90' lang='lat' dir='ltr'>Titi</span> <span class='ocrx_word' id='word_1_673' title='bbox 3211 3284 3352 3352; x_wconf 87' lang='lat' dir='ltr'>ante</span> <span class='ocrx_word' id='word_1_674' title='bbox 3390 3279 3604 3333; x_wconf 83' lang='lat' dir='ltr'>Christi</span> <span class='ocrx_word' id='word_1_675' title='bbox 3658 3296 3792 3352; x_wconf 85' lang='lat' dir='ltr'>pas-</span> 
     </span>
    </p>
   </div>
   <div class='ocr_carea' id='block_1_95' title="bbox 2134 3351 3793 3424">
    <p class='ocr_par' dir='ltr' id='par_1_95' title="bbox 2134 3351 3793 3424">
     <span class='ocr_line' id='line_1_97' title="bbox 2134 3351 3793 3424; baseline -0.001 -17"><span class='ocrx_word' id='word_1_676' title='bbox 2134 3351 2357 3408; x_wconf 85' lang='lat' dir='ltr'>sionem</span> <span class='ocrx_word' id='word_1_677' title='bbox 2388 3371 2400 3419; x_wconf 88' lang='lat'>;</span> <span class='ocrx_word' id='word_1_678' title='bbox 2435 3369 2584 3423; x_wconf 86' lang='lat' dir='ltr'>quos</span> <span class='ocrx_word' id='word_1_679' title='bbox 2634 3369 2739 3408; x_wconf 88' lang='lat' dir='ltr'>nec</span> <span class='ocrx_word' id='word_1_680' title='bbox 2788 3351 3102 3424; x_wconf 85' lang='lat' dir='ltr'>Dionysius</span> <span class='ocrx_word' id='word_1_681' title='bbox 3133 3351 3405 3423; x_wconf 69' lang='lat' dir='ltr'>aequavit,</span> <span class='ocrx_word' id='word_1_682' title='bbox 3441 3352 3658 3406; x_wconf 90' lang='lat' dir='ltr'>nedum</span> <span class='ocrx_word' id='word_1_683' title='bbox 3694 3351 3793 3406; x_wconf 90' lang='lat' dir='ltr'>Ti-</span> 
     </span>
    </p>
   </div>
   <div class='ocr_carea' id='block_1_96' title="bbox 2133 3426 2430 3480">
    <p class='ocr_par' dir='ltr' id='par_1_96' title="bbox 2133 3426 2430 3480">
     <span class='ocr_line' id='line_1_98' title="bbox 2133 3426 2430 3480; baseline -0.013 1"><span class='ocrx_word' id='word_1_684' title='bbox 2133 3426 2430 3480; x_wconf 86' lang='lat' dir='ltr'>motheus.</span> 
     </span>
    </p>
   </div>
   <div class='ocr_carea' id='block_1_97' title="bbox 2206 3493 3796 3574">
    <p class='ocr_par' dir='ltr' id='par_1_97' title="bbox 2206 3493 3796 3574">
     <span class='ocr_line' id='line_1_99' title="bbox 2206 3493 3796 3574; baseline -0.003 -23"><span class='ocrx_word' id='word_1_685' title='bbox 2206 3498 2282 3551; x_wconf 85' lang='lat' dir='ltr'><strong>Ex</strong></span> <span class='ocrx_word' id='word_1_686' title='bbox 2331 3497 2444 3574; x_wconf 84' lang='lat' dir='ltr'>his,</span> <span class='ocrx_word' id='word_1_687' title='bbox 2480 3495 2834 3574; x_wconf 81' lang='lat' dir='ltr'>ut_opinor,_</span> <span class='ocrx_word' id='word_1_688' title='bbox 2863 3494 3008 3549; x_wconf 88' lang='lat' dir='ltr'>satis</span> <span class='ocrx_word' id='word_1_689' title='bbox 3056 3493 3240 3574; x_wconf 80' lang='lat' dir='ltr'>fuisse</span> <span class='ocrx_word' id='word_1_690' title='bbox 3288 3509 3478 3574; x_wconf 55' lang='lat' dir='ltr'>causae</span> <span class='ocrx_word' id='word_1_691' title='bbox 3529 3496 3796 3574; x_wconf 85' lang='lat' dir='ltr'>apparet,</span> 
     </span>
    </p>
   </div>
   <div class='ocr_carea' id='block_1_98' title="bbox 2135 3565 3798 3639">
    <p class='ocr_par' dir='ltr' id='par_1_98' title="bbox 2135 3565 3798 3639">
     <span class='ocr_line' id='line_1_100' title="bbox 2135 3565 3798 3639; baseline -0.002 -19"><span class='ocrx_word' id='word_1_692' title='bbox 2135 3569 2515 3639; x_wconf 85' lang='lat' dir='ltr'>quamobrem</span> <span class='ocrx_word' id='word_1_693' title='bbox 2541 3568 2598 3620; x_wconf 88' lang='lat' dir='ltr'>S.</span> <span class='ocrx_word' id='word_1_694' title='bbox 2625 3567 2968 3639; x_wconf 84' lang='lat' dir='ltr'>Timotheus</span> <span class='ocrx_word' id='word_1_695' title='bbox 2989 3566 3177 3619; x_wconf 88' lang='lat' dir='ltr'>vocari</span> <span class='ocrx_word' id='word_1_696' title='bbox 3206 3583 3245 3639; x_wconf 9' lang='lat' dir='ltr'>ar</span> <span class='ocrx_word' id='word_1_697' title='bbox 3264 3570 3323 3618; x_wconf 84' lang='lat' dir='ltr'>B.</span> <span class='ocrx_word' id='word_1_698' title='bbox 3350 3565 3628 3639; x_wconf 85' lang='lat' dir='ltr'>Dionysio</span> <span class='ocrx_word' id='word_1_699' title='bbox 3653 3580 3798 3639; x_wconf 80' lang='lat' dir='ltr'>puer</span> 
     </span>
    </p>
   </div>
   <div class='ocr_carea' id='block_1_99' title="bbox 2135 3636 3796 3710">
    <p class='ocr_par' dir='ltr' id='par_1_99' title="bbox 2135 3636 3796 3710">
     <span class='ocr_line' id='line_1_101' title="bbox 2135 3636 3796 3710; baseline -0.003 -17"><span class='ocrx_word' id='word_1_700' title='bbox 2135 3636 2235 3694; x_wconf 79' lang='lat' dir='ltr'>aut</span> <span class='ocrx_word' id='word_1_701' title='bbox 2269 3640 2425 3694; x_wconf 80' lang='lat' dir='ltr'>{ilius</span> <span class='ocrx_word' id='word_1_702' title='bbox 2459 3638 2736 3710; x_wconf 88' lang='lat' dir='ltr'>potuerit,</span> <span class='ocrx_word' id='word_1_703' title='bbox 2771 3643 2827 3693; x_wconf 91' lang='lat' dir='ltr'>et</span> <span class='ocrx_word' id='word_1_704' title='bbox 2864 3654 2978 3692; x_wconf 89' lang='lat' dir='ltr'>non</span> <span class='ocrx_word' id='word_1_705' title='bbox 3014 3639 3154 3691; x_wconf 84' lang='lat' dir='ltr'>item</span> <span class='ocrx_word' id='word_1_706' title='bbox 3186 3638 3395 3710; x_wconf 73' lang='lat' dir='ltr'>Titus:</span> <span class='ocrx_word' id='word_1_707' title='bbox 3450 3636 3668 3710; x_wconf 82' lang='lat' dir='ltr'>quippe</span> <span class='ocrx_word' id='word_1_708' title='bbox 3697 3636 3796 3704; x_wconf 93' lang='lat' dir='ltr'>qui</span> 
     </span>
    </p>
   </div>
   <div class='ocr_carea' id='block_1_100' title="bbox 2136 3707 3796 3782">
    <p class='ocr_par' dir='ltr' id='par_1_100' title="bbox 2136 3707 3796 3782">
     <span class='ocr_line' id='line_1_102' title="bbox 2136 3707 3796 3782; baseline -0.001 -19"><span class='ocrx_word' id='word_1_709' title='bbox 2136 3719 2385 3782; x_wconf 89' lang='lat' dir='ltr'>utroque</span> <span class='ocrx_word' id='word_1_710' title='bbox 2418 3707 2593 3765; x_wconf 79' lang='lat' dir='ltr'>fuerit</span> <span class='ocrx_word' id='word_1_711' title='bbox 2626 3715 2765 3764; x_wconf 84' lang='lat' dir='ltr'>natu</span> <span class='ocrx_word' id='word_1_712' title='bbox 2794 3710 3002 3778; x_wconf 89' lang='lat' dir='ltr'>major,</span> <span class='ocrx_word' id='word_1_713' title='bbox 3022 3713 3140 3764; x_wconf 86' lang='lat' dir='ltr'>tam</span> <span class='ocrx_word' id='word_1_714' title='bbox 3167 3710 3294 3779; x_wconf 89' lang='lat' dir='ltr'>ipso</span> <span class='ocrx_word' id='word_1_715' title='bbox 3318 3707 3796 3782; x_wconf 85' lang='lat' dir='ltr'>Dionysio,quam</span> 
     </span>
    </p>
   </div>
   <div class='ocr_carea' id='block_1_101' title="bbox 2132 3781 3795 3851">
    <p class='ocr_par' dir='ltr' id='par_1_101' title="bbox 2132 3781 3795 3851">
     <span class='ocr_line' id='line_1_103' title="bbox 2132 3781 3795 3851; baseline -0.001 -17"><span class='ocrx_word' id='word_1_716' title='bbox 2132 3781 2450 3838; x_wconf 79' lang='lat' dir='ltr'>Timotheo.</span> <span class='ocrx_word' id='word_1_717' title='bbox 2485 3786 2673 3846; x_wconf 87' lang='lat' dir='ltr'>Quare</span> <span class='ocrx_word' id='word_1_718' title='bbox 2705 3799 2836 3836; x_wconf 92' lang='lat' dir='ltr'>cum</span> <span class='ocrx_word' id='word_1_719' title='bbox 2861 3784 2984 3851; x_wconf 82' lang='lat' dir='ltr'>jam</span> <span class='ocrx_word' id='word_1_720' title='bbox 3022 3781 3389 3848; x_wconf 64' lang='lat' dir='ltr'>ergumentis</span> <span class='ocrx_word' id='word_1_721' title='bbox 3439 3785 3642 3834; x_wconf 88' lang='lat' dir='ltr'>contra</span> <span class='ocrx_word' id='word_1_722' title='bbox 3691 3795 3795 3833; x_wconf 90' lang='lat' dir='ltr'>no-</span> 
     </span>
    </p>
   </div>
   <div class='ocr_carea' id='block_1_102' title="bbox 2136 3852 3794 3925">
    <p class='ocr_par' dir='ltr' id='par_1_102' title="bbox 2136 3852 3794 3925">
     <span class='ocr_line' id='line_1_104' title="bbox 2136 3852 3794 3925; baseline -0.004 -15"><span class='ocrx_word' id='word_1_723' title='bbox 2136 3861 2317 3910; x_wconf 88' lang='lat' dir='ltr'>stram</span> <span class='ocrx_word' id='word_1_724' title='bbox 2353 3870 2847 3925; x_wconf 89' lang='lat' dir='ltr'>communemque</span> <span class='ocrx_word' id='word_1_725' title='bbox 2892 3853 3245 3925; x_wconf 86' lang='lat' dir='ltr'>sententiam</span> <span class='ocrx_word' id='word_1_726' title='bbox 3281 3853 3536 3925; x_wconf 68' lang='lat' dir='ltr'>objectis</span> <span class='ocrx_word' id='word_1_727' title='bbox 3561 3852 3794 3925; x_wconf 77' lang='lat' dir='ltr'>abunde</span> 
     </span>
    </p>
   </div>
   <div class='ocr_carea' id='block_1_103' title="bbox 2134 3923 3793 3999">
    <p class='ocr_par' dir='ltr' id='par_1_103' title="bbox 2134 3923 3793 3999">
     <span class='ocr_line' id='line_1_105' title="bbox 2134 3923 3793 3999; baseline -0.004 -17"><span class='ocrx_word' id='word_1_728' title='bbox 2134 3943 2505 3999; x_wconf 87' lang='lat' dir='ltr'>responsum</span> <span class='ocrx_word' id='word_1_729' title='bbox 2532 3927 2628 3986; x_wconf 84' lang='lat' dir='ltr'>sit,</span> <span class='ocrx_word' id='word_1_730' title='bbox 2664 3931 2731 3999; x_wconf 82' lang='lat' dir='ltr'>et</span> <span class='ocrx_word' id='word_1_731' title='bbox 2757 3923 2893 3999; x_wconf 39' lang='lat' dir='ltr'>:haec</span> <span class='ocrx_word' id='word_1_732' title='bbox 2924 3924 3374 3999; x_wconf 59' lang='lat' dir='ltr'>tertiaquzestio</span> <span class='ocrx_word' id='word_1_733' title='bbox 3406 3923 3793 3999; x_wconf 81' lang='lat' dir='ltr'>sufﬁcienter,</span> 
     </span>
    </p>
   </div>
   <div class='ocr_carea' id='block_1_104' title="bbox 2134 3994 3792 4069">
    <p class='ocr_par' dir='ltr' id='par_1_104' title="bbox 2134 3994 3792 4069">
     <span class='ocr_line' id='line_1_106' title="bbox 2134 3994 3792 4069; baseline -0.003 -15"><span class='ocrx_word' id='word_1_734' title='bbox 2134 4004 2198 4054; x_wconf 89' lang='lat' dir='ltr'>ut</span> <span class='ocrx_word' id='word_1_735' title='bbox 2231 3994 2373 4053; x_wconf 80' lang='lat' dir='ltr'>mihi</span> <span class='ocrx_word' id='word_1_736' title='bbox 2410 3997 2645 4069; x_wconf 90' lang='lat' dir='ltr'>quidem</span> <span class='ocrx_word' id='word_1_737' title='bbox 2679 3997 2934 4062; x_wconf 85' lang='lat' dir='ltr'>videtur,</span> <span class='ocrx_word' id='word_1_738' title='bbox 2967 3995 3294 4068; x_wconf 86' lang='lat' dir='ltr'>explicata;</span> <span class='ocrx_word' id='word_1_739' title='bbox 3341 4009 3496 4048; x_wconf 89' lang='lat' dir='ltr'>nunc</span> <span class='ocrx_word' id='word_1_740' title='bbox 3526 3994 3792 4049; x_wconf 89' lang='lat' dir='ltr'>transibo</span> 
     </span>
    </p>
   </div>
   <div class='ocr_carea' id='block_1_105' title="bbox 2134 4072 3007 4143">
    <p class='ocr_par' dir='ltr' id='par_1_105' title="bbox 2134 4072 3007 4143">
     <span class='ocr_line' id='line_1_107' title="bbox 2134 4072 3007 4143; baseline -0.006 -17"><span class='ocrx_word' id='word_1_741' title='bbox 2134 4072 2203 4126; x_wconf 88' lang='lat' dir='ltr'>ad</span> <span class='ocrx_word' id='word_1_742' title='bbox 2239 4075 2507 4143; x_wconf 86' lang='lat' dir='ltr'>quartam</span> <span class='ocrx_word' id='word_1_743' title='bbox 2542 4075 2600 4123; x_wconf 90' lang='lat' dir='ltr'>et</span> <span class='ocrx_word' id='word_1_744' title='bbox 2630 4076 3007 4140; x_wconf 87' lang='lat' dir='ltr'>postremam.</span> 
     </span>
    </p>
   </div>
   <div class='ocr_carea' id='block_1_106' title="bbox 1813 4504 2329 4576">
    <p class='ocr_par' dir='ltr' id='par_1_106' title="bbox 1813 4504 2329 4576">
     <span class='ocr_line' id='line_1_108' title="bbox 1813 4504 2329 4576; baseline 0.004 -11"><span class='ocrx_word' id='word_1_745' title='bbox 1813 4505 1918 4576; x_wconf 85' lang='grc' dir='ltr'>ΟΠ</span> <span class='ocrx_word' id='word_1_746' title='bbox 1921 4504 2171 4568; x_wconf 72' lang='grc' dir='ltr'>ίΕΞΤΙΟ</span> <span class='ocrx_word' id='word_1_747' title='bbox 2233 4506 2329 4567; x_wconf 87' lang='lat' dir='ltr'>1V.</span> 
     </span>
    </p>
   </div>
   <div class='ocr_carea' id='block_1_107' title="bbox 422 4677 3707 4772">
    <p class='ocr_par' dir='ltr' id='par_1_107' title="bbox 422 4677 3707 4772">
     <span class='ocr_line' id='line_1_109' title="bbox 422 4677 3707 4772; baseline -0.005 -20"><span class='ocrx_word' id='word_1_748' title='bbox 422 4691 521 4752; x_wconf 86' lang='lat' dir='ltr'>De</span> <span class='ocrx_word' id='word_1_749' title='bbox 548 4709 802 4772; x_wconf 79' lang='lat' dir='ltr'>corpore</span> <span class='ocrx_word' id='word_1_750' title='bbox 832 4689 1028 4750; x_wconf 78' lang='lat' dir='ltr'>sancti</span> <span class='ocrx_word' id='word_1_751' title='bbox 1055 4689 1342 4769; x_wconf 71' lang='lat' dir='ltr'>Dionysii</span> <span class='ocrx_word' id='word_1_752' title='bbox 1367 4690 1752 4772; x_wconf 56' lang='lat' dir='ltr'>AreOpagz&#39;tge</span> <span class='ocrx_word' id='word_1_753' title='bbox 1787 4708 1802 4761; x_wconf 89' lang='lat'>;</span> <span class='ocrx_word' id='word_1_754' title='bbox 1853 4697 2067 4772; x_wconf 15' lang='lat' dir='ltr'>utrum,</span> <span class='ocrx_word' id='word_1_755' title='bbox 2091 4688 2363 4772; x_wconf 9' lang='lat' dir='ltr'>z&#39;lludgsit</span> <span class='ocrx_word' id='word_1_756' title='bbox 2402 4688 2461 4747; x_wconf 73' lang='lat' dir='ltr'>in</span> <span class='ocrx_word' id='word_1_757' title='bbox 2490 4685 2638 4747; x_wconf 77' lang='lat' dir='ltr'>urbe</span> <span class='ocrx_word' id='word_1_758' title='bbox 2668 4691 2740 4749; x_wconf 84' lang='lat' dir='ltr'>S.</span> <span class='ocrx_word' id='word_1_759' title='bbox 2775 4683 3060 4764; x_wconf 73' lang='lat' dir='ltr'>Dionysii</span> <span class='ocrx_word' id='word_1_760' title='bbox 3080 4701 3267 4763; x_wconf 80' lang='lat' dir='ltr'>prope</span> <span class='ocrx_word' id='word_1_761' title='bbox 3295 4677 3598 4741; x_wconf 80' lang='lat' dir='ltr'>Lutetiam</span> <span class='ocrx_word' id='word_1_762' title='bbox 3627 4695 3707 4737; x_wconf 82' lang='lat' dir='ltr'>an</span> 
     </span>
    </p>
   </div>
   <div class='ocr_carea' id='block_1_108' title="bbox 1676 4769 2468 4849">
    <p class='ocr_par' dir='ltr' id='par_1_108' title="bbox 1676 4769 2468 4849">
     <span class='ocr_line' id='line_1_110' title="bbox 1676 4769 2468 4849; baseline -0.003 -19"><span class='ocrx_word' id='word_1_763' title='bbox 1676 4769 2013 4831; x_wconf 70' lang='lat' dir='ltr'>Ratz&#39;sbonaz</span> <span class='ocrx_word' id='word_1_764' title='bbox 2043 4771 2107 4831; x_wconf 75' lang='lat' dir='ltr'>in</span> <span class='ocrx_word' id='word_1_765' title='bbox 2142 4770 2468 4849; x_wconf 75' lang='lat' dir='ltr'>Bajoaria.</span> 
     </span>
    </p>
   </div>
   <div class='ocr_carea' id='block_1_109' title="bbox 414 5011 2078 5098">
    <p class='ocr_par' dir='ltr' id='par_1_109' title="bbox 414 5011 2078 5098">
     <span class='ocr_line' id='line_1_111' title="bbox 414 5011 2078 5098; baseline 0 -30"><span class='ocrx_word' id='word_1_766' title='bbox 414 5013 580 5098; x_wconf 72' lang='lat' dir='ltr'>Haud</span> <span class='ocrx_word' id='word_1_767' title='bbox 612 5028 868 5098; x_wconf 49' lang='lat' dir='ltr'>parvum‘</span> <span class='ocrx_word' id='word_1_768' title='bbox 895 5011 1035 5067; x_wconf 84' lang='lat' dir='ltr'>facit</span> <span class='ocrx_word' id='word_1_769' title='bbox 1065 5011 1384 5098; x_wconf 45' lang='lat' dir='ltr'>ad‘n‘omen</span> <span class='ocrx_word' id='word_1_770' title='bbox 1408 5017 1464 5068; x_wconf 88' lang='lat' dir='ltr'>et</span> <span class='ocrx_word' id='word_1_771' title='bbox 1479 5012 1726 5098; x_wconf 78' lang='lat' dir='ltr'>gloriam</span> <span class='ocrx_word' id='word_1_772' title='bbox 1749 5012 2002 5098; x_wconf 63' lang='lat' dir='ltr'>alicujus</span> <span class='ocrx_word' id='word_1_773' title='bbox 2032 5015 2078 5080; x_wconf 83' lang='grc' dir='ltr'>Ι)</span> 
     </span>
    </p>
   </div>
   <div class='ocr_carea' id='block_1_110' title="bbox 345 5083 2002 5157">
    <p class='ocr_par' dir='ltr' id='par_1_110' title="bbox 345 5083 2002 5157">
     <span class='ocr_line' id='line_1_112' title="bbox 345 5083 2002 5157; baseline -0.001 -15"><span class='ocrx_word' id='word_1_774' title='bbox 345 5087 556 5153; x_wconf 86' lang='lat' dir='ltr'>sancti,</span> <span class='ocrx_word' id='word_1_775' title='bbox 608 5083 764 5141; x_wconf 81' lang='lat' dir='ltr'>inter</span> <span class='ocrx_word' id='word_1_776' title='bbox 821 5084 1011 5139; x_wconf 89' lang='lat' dir='ltr'>claros</span> <span class='ocrx_word' id='word_1_777' title='bbox 1067 5083 1412 5157; x_wconf 82' lang='lat' dir='ltr'>nobilesque</span> <span class='ocrx_word' id='word_1_778' title='bbox 1457 5084 1706 5157; x_wconf 87' lang='lat' dir='ltr'>populos</span> <span class='ocrx_word' id='word_1_779' title='bbox 1755 5086 1826 5140; x_wconf 92' lang='lat' dir='ltr'>de</span> <span class='ocrx_word' id='word_1_780' title='bbox 1874 5085 2002 5154; x_wconf 90' lang='lat' dir='ltr'>ejus</span> 
     </span>
    </p>
   </div>
   <div class='ocr_carea' id='block_1_111' title="bbox 346 5155 2002 5228">
    <p class='ocr_par' dir='ltr' id='par_1_111' title="bbox 346 5155 2002 5228">
     <span class='ocr_line' id='line_1_113' title="bbox 346 5155 2002 5228; baseline -0.002 -14"><span class='ocrx_word' id='word_1_781' title='bbox 346 5158 490 5214; x_wconf 88' lang='lat' dir='ltr'>olim</span> <span class='ocrx_word' id='word_1_782' title='bbox 551 5157 911 5213; x_wconf 85' lang='lat' dir='ltr'>decertatum</span> <span class='ocrx_word' id='word_1_783' title='bbox 945 5171 1070 5211; x_wconf 89' lang='lat' dir='ltr'>esse</span> <span class='ocrx_word' id='word_1_784' title='bbox 1102 5155 1392 5226; x_wconf 89' lang='lat' dir='ltr'>hodieque</span> <span class='ocrx_word' id='word_1_785' title='bbox 1422 5155 1705 5213; x_wconf 78' lang='lat' dir='ltr'>decertari</span> <span class='ocrx_word' id='word_1_786' title='bbox 1742 5174 2002 5228; x_wconf 90' lang='lat' dir='ltr'>corpore.</span> 
     </span>
    </p>
   </div>
   <div class='ocr_carea' id='block_1_112' title="bbox 343 5228 2004 5300">
    <p class='ocr_par' dir='ltr' id='par_1_112' title="bbox 343 5228 2004 5300">
     <span class='ocr_line' id='line_1_114' title="bbox 343 5228 2004 5300; baseline -0.001 -16"><span class='ocrx_word' id='word_1_787' title='bbox 343 5232 388 5284; x_wconf 89' lang='lat' dir='ltr'><strong>A</strong></span> <span class='ocrx_word' id='word_1_788' title='bbox 421 5229 634 5300; x_wconf 83' lang='lat' dir='ltr'>pietate</span> <span class='ocrx_word' id='word_1_789' title='bbox 664 5228 1226 5300; x_wconf 84' lang='lat' dir='ltr'>enimpopulorum,</span> <span class='ocrx_word' id='word_1_790' title='bbox 1261 5232 1318 5282; x_wconf 91' lang='lat' dir='ltr'>et</span> <span class='ocrx_word' id='word_1_791' title='bbox 1342 5228 1414 5282; x_wconf 89' lang='lat' dir='ltr'>ab</span> <span class='ocrx_word' id='word_1_792' title='bbox 1447 5229 1835 5284; x_wconf 77' lang='lat' dir='ltr'>aestimatione</span> <span class='ocrx_word' id='word_1_793' title='bbox 1869 5245 2004 5284; x_wconf 86' lang='lat' dir='ltr'>san-</span> 
     </span>
    </p>
   </div>
   <div class='ocr_carea' id='block_1_113' title="bbox 346 5299 2008 5370">
    <p class='ocr_par' dir='ltr' id='par_1_113' title="bbox 346 5299 2008 5370">
     <span class='ocr_line' id='line_1_115' title="bbox 346 5299 2008 5370; baseline -0.002 -13"><span class='ocrx_word' id='word_1_794' title='bbox 346 5306 574 5357; x_wconf 89' lang='lat' dir='ltr'>ctarum</span> <span class='ocrx_word' id='word_1_795' title='bbox 637 5299 1045 5370; x_wconf 88' lang='lat' dir='ltr'>reliquiarum.</span> <span class='ocrx_word' id='word_1_796' title='bbox 1086 5299 1377 5368; x_wconf 85' lang='lat' dir='ltr'>ejusmodi</span> <span class='ocrx_word' id='word_1_797' title='bbox 1430 5302 1585 5357; x_wconf 86' lang='lat' dir='ltr'>inter</span> <span class='ocrx_word' id='word_1_798' title='bbox 1640 5301 2008 5356; x_wconf 87' lang='lat' dir='ltr'>Christianos</span> 
     </span>
    </p>
   </div>
   <div class='ocr_carea' id='block_1_114' title="bbox 349 5371 2008 5440">
    <p class='ocr_par' dir='ltr' id='par_1_114' title="bbox 349 5371 2008 5440">
     <span class='ocr_line' id='line_1_116' title="bbox 349 5371 2008 5440; baseline -0.001 -13"><span class='ocrx_word' id='word_1_799' title='bbox 349 5373 562 5428; x_wconf 83' lang='lat' dir='ltr'>exoriri</span> <span class='ocrx_word' id='word_1_800' title='bbox 595 5371 788 5428; x_wconf 91' lang='lat' dir='ltr'>solent</span> <span class='ocrx_word' id='word_1_801' title='bbox 819 5371 1159 5427; x_wconf 88' lang='lat' dir='ltr'>certamina.</span> <span class='ocrx_word' id='word_1_802' title='bbox 1194 5371 1285 5426; x_wconf 88' lang='lat' dir='ltr'>Sic</span> <span class='ocrx_word' id='word_1_803' title='bbox 1330 5371 1511 5440; x_wconf 82' lang='lat' dir='ltr'>igitur</span> <span class='ocrx_word' id='word_1_804' title='bbox 1553 5373 1707 5427; x_wconf 90' lang='lat' dir='ltr'>inter</span> <span class='ocrx_word' id='word_1_805' title='bbox 1757 5373 2008 5426; x_wconf 83' lang='lat' dir='ltr'>Francos</span> 
     </span>
    </p>
   </div>
   <div class='ocr_carea' id='block_1_115' title="bbox 352 5442 2008 5514">
    <p class='ocr_par' dir='ltr' id='par_1_115' title="bbox 352 5442 2008 5514">
     <span class='ocr_line' id='line_1_117' title="bbox 352 5442 2008 5514; baseline -0.002 -14"><span class='ocrx_word' id='word_1_806' title='bbox 352 5449 410 5500; x_wconf 88' lang='lat' dir='ltr'>et</span> <span class='ocrx_word' id='word_1_807' title='bbox 438 5445 785 5504; x_wconf 83' lang='lat' dir='ltr'>Germanos.</span> <span class='ocrx_word' id='word_1_808' title='bbox 820 5443 939 5497; x_wconf 89' lang='lat' dir='ltr'>sive</span> <span class='ocrx_word' id='word_1_809' title='bbox 970 5442 1188 5514; x_wconf 89' lang='lat' dir='ltr'>potius,</span> <span class='ocrx_word' id='word_1_810' title='bbox 1220 5444 1375 5498; x_wconf 91' lang='lat' dir='ltr'>inter</span> <span class='ocrx_word' id='word_1_811' title='bbox 1405 5445 1653 5499; x_wconf 88' lang='lat' dir='ltr'>duorum</span> <span class='ocrx_word' id='word_1_812' title='bbox 1699 5443 2008 5499; x_wconf 86' lang='lat' dir='ltr'>celeberri-</span> 
     </span>
    </p>
   </div>
   <div class='ocr_carea' id='block_1_116' title="bbox 351 5514 2010 5581">
    <p class='ocr_par' dir='ltr' id='par_1_116' title="bbox 351 5514 2010 5581">
     <span class='ocr_line' id='line_1_118' title="bbox 351 5514 2010 5581; baseline -0.001 -11"><span class='ocrx_word' id='word_1_813' title='bbox 351 5532 582 5572; x_wconf 90' lang='lat' dir='ltr'>morum</span> <span class='ocrx_word' id='word_1_814' title='bbox 615 5515 1018 5572; x_wconf 71' lang='lat' dir='ltr'>coenobiorum</span> <span class='ocrx_word' id='word_1_815' title='bbox 1043 5514 1198 5570; x_wconf 90' lang='lat' dir='ltr'>viros</span> <span class='ocrx_word' id='word_1_816' title='bbox 1218 5514 1539 5581; x_wconf 72' lang='lat' dir='ltr'>religiosos,</span> <span class='ocrx_word' id='word_1_817' title='bbox 1564 5515 1741 5571; x_wconf 91' lang='lat' dir='ltr'>unius</span> <span class='ocrx_word' id='word_1_818' title='bbox 1773 5515 1833 5570; x_wconf 90' lang='lat' dir='ltr'>in</span> <span class='ocrx_word' id='word_1_819' title='bbox 1866 5517 2010 5570; x_wconf 89' lang='lat' dir='ltr'>urbe</span> 
     </span>
    </p>
   </div>
   <div class='ocr_carea' id='block_1_117' title="bbox 351 5586 2008 5660">
    <p class='ocr_par' dir='ltr' id='par_1_117' title="bbox 351 5586 2008 5660">
     <span class='ocr_line' id='line_1_119' title="bbox 351 5586 2008 5660; baseline -0.002 -17"><span class='ocrx_word' id='word_1_820' title='bbox 351 5589 410 5643; x_wconf 90' lang='lat' dir='ltr'>S.</span> <span class='ocrx_word' id='word_1_821' title='bbox 449 5588 706 5660; x_wconf 81' lang='lat' dir='ltr'>Dionysii</span> <span class='ocrx_word' id='word_1_822' title='bbox 766 5587 921 5660; x_wconf 91' lang='lat' dir='ltr'>haud</span> <span class='ocrx_word' id='word_1_823' title='bbox 975 5586 1176 5660; x_wconf 78' lang='lat' dir='ltr'>procul</span> <span class='ocrx_word' id='word_1_824' title='bbox 1215 5587 1485 5660; x_wconf 80' lang='lat' dir='ltr'>Parisiis,</span> <span class='ocrx_word' id='word_1_825' title='bbox 1523 5587 1784 5660; x_wconf 81' lang='lat' dir='ltr'>alterius</span> <span class='ocrx_word' id='word_1_826' title='bbox 1813 5587 2008 5660; x_wconf 80' lang='lat' dir='ltr'>Ratis-</span> 
     </span>
    </p>
   </div>
   <div class='ocr_carea' id='block_1_118' title="bbox 343 5657 2010 5729">
    <p class='ocr_par' dir='ltr' id='par_1_118' title="bbox 343 5657 2010 5729">
     <span class='ocr_line' id='line_1_120' title="bbox 343 5657 2010 5729; baseline -0.001 -15"><span class='ocrx_word' id='word_1_827' title='bbox 343 5660 510 5714; x_wconf 66' lang='lat' dir='ltr'>bonae</span> <span class='ocrx_word' id='word_1_828' title='bbox 559 5657 618 5714; x_wconf 82' lang='lat' dir='ltr'>in</span> <span class='ocrx_word' id='word_1_829' title='bbox 673 5657 1127 5727; x_wconf 31' lang='lat' dir='ltr'>Bajoaria,’olim</span> <span class='ocrx_word' id='word_1_830' title='bbox 1175 5658 1360 5729; x_wconf 84' lang='lat' dir='ltr'>viguit</span> <span class='ocrx_word' id='word_1_831' title='bbox 1415 5665 1473 5714; x_wconf 88' lang='lat' dir='ltr'>et</span> <span class='ocrx_word' id='word_1_832' title='bbox 1529 5677 1682 5714; x_wconf 85' lang='lat' dir='ltr'>nunc</span> <span class='ocrx_word' id='word_1_833' title='bbox 1733 5657 1889 5728; x_wconf 81' lang='lat' dir='ltr'>viget</span> <span class='ocrx_word' id='word_1_834' title='bbox 1939 5659 2010 5713; x_wconf 88' lang='lat' dir='ltr'>de</span> 
     </span>
    </p>
   </div>
   <div class='ocr_carea' id='block_1_119' title="bbox 345 5730 2006 5802">
    <p class='ocr_par' dir='ltr' id='par_1_119' title="bbox 345 5730 2006 5802">
     <span class='ocr_line' id='line_1_121' title="bbox 345 5730 2006 5802; baseline -0.001 -15"><span class='ocrx_word' id='word_1_835' title='bbox 345 5731 536 5787; x_wconf 85' lang='lat' dir='ltr'>sancti</span> <span class='ocrx_word' id='word_1_836' title='bbox 573 5731 826 5802; x_wconf 85' lang='lat' dir='ltr'>Dionysii</span> <span class='ocrx_word' id='word_1_837' title='bbox 871 5730 1227 5802; x_wconf 68' lang='lat' dir='ltr'>Areopagitae</span> <span class='ocrx_word' id='word_1_838' title='bbox 1261 5748 1425 5786; x_wconf 86' lang='lat' dir='ltr'>sacro</span> <span class='ocrx_word' id='word_1_839' title='bbox 1460 5747 1702 5802; x_wconf 88' lang='lat' dir='ltr'>corpore</span> <span class='ocrx_word' id='word_1_840' title='bbox 1735 5747 1847 5784; x_wconf 93' lang='lat' dir='ltr'>non</span> <span class='ocrx_word' id='word_1_841' title='bbox 1886 5746 2006 5785; x_wconf 91' lang='lat' dir='ltr'>me-</span> 
     </span>
    </p>
   </div>
   <div class='ocr_carea' id='block_1_120' title="bbox 347 5801 2012 5876">
    <p class='ocr_par' dir='ltr' id='par_1_120' title="bbox 347 5801 2012 5876">
     <span class='ocr_line' id='line_1_122' title="bbox 347 5801 2012 5876; baseline -0.001 -18"><span class='ocrx_word' id='word_1_842' title='bbox 347 5803 563 5876; x_wconf 85' lang='lat' dir='ltr'>diocris</span> <span class='ocrx_word' id='word_1_843' title='bbox 591 5801 908 5876; x_wconf 81' lang='lat' dir='ltr'>contentio.</span> <span class='ocrx_word' id='word_1_844' title='bbox 943 5803 1087 5876; x_wconf 79' lang='lat' dir='ltr'>Nam</span> <span class='ocrx_word' id='word_1_845' title='bbox 1115 5801 1199 5856; x_wconf 94' lang='lat' dir='ltr'>illi</span> <span class='ocrx_word' id='word_1_846' title='bbox 1229 5819 1291 5876; x_wconf 83' lang='lat' dir='ltr'>se</span> <span class='ocrx_word' id='word_1_847' title='bbox 1323 5819 1553 5874; x_wconf 87' lang='lat' dir='ltr'>semper</span> <span class='ocrx_word' id='word_1_848' title='bbox 1569 5801 1919 5876; x_wconf 78' lang='lat' dir='ltr'>possedisse</span> <span class='ocrx_word' id='word_1_849' title='bbox 1955 5805 2012 5856; x_wconf 90' lang='lat' dir='ltr'>et</span> 
     </span>
    </p>
   </div>
   <div class='ocr_carea' id='block_1_121' title="bbox 352 5873 2010 5959">
    <p class='ocr_par' dir='ltr' id='par_1_121' title="bbox 352 5873 2010 5959">
     <span class='ocr_line' id='line_1_123' title="bbox 352 5873 2010 5959; baseline -0.001 -29"><span class='ocrx_word' id='word_1_850' title='bbox 352 5875 688 5959; x_wconf 76' lang='lat' dir='ltr'>possidere;</span> <span class='ocrx_word' id='word_1_851' title='bbox 739 5875 799 5931; x_wconf 95' lang='lat' dir='ltr'>hi</span> <span class='ocrx_word' id='word_1_852' title='bbox 846 5890 983 5959; x_wconf 69' lang='lat' dir='ltr'>vero</span> <span class='ocrx_word' id='word_1_853' title='bbox 1028 5873 1618 5959; x_wconf 34' lang='lat' dir='ltr'>istoslolimquidem</span> <span class='ocrx_word' id='word_1_854' title='bbox 1649 5873 2010 5959; x_wconf 79' lang='lat' dir='ltr'>possedisse,</span> 
     </span>
    </p>
   </div>
   <div class='ocr_carea' id='block_1_122' title="bbox 356 5945 2014 6020">
    <p class='ocr_par' dir='ltr' id='par_1_122' title="bbox 356 5945 2014 6020">
     <span class='ocr_line' id='line_1_124' title="bbox 356 5945 2014 6020; baseline -0.002 -16"><span class='ocrx_word' id='word_1_855' title='bbox 356 5945 459 6004; x_wconf 76' lang='lat' dir='ltr'>sed</span> <span class='ocrx_word' id='word_1_856' title='bbox 492 5964 650 6006; x_wconf 91' lang='lat' dir='ltr'>nunc</span> <span class='ocrx_word' id='word_1_857' title='bbox 680 5963 744 6004; x_wconf 89' lang='lat' dir='ltr'>se</span> <span class='ocrx_word' id='word_1_858' title='bbox 771 5945 1092 6020; x_wconf 85' lang='lat' dir='ltr'>possidere,</span> <span class='ocrx_word' id='word_1_859' title='bbox 1130 5945 1269 6004; x_wconf 89' lang='lat' dir='ltr'>totis</span> <span class='ocrx_word' id='word_1_860' title='bbox 1310 5945 1533 6006; x_wconf 86' lang='lat' dir='ltr'>viribus</span> <span class='ocrx_word' id='word_1_861' title='bbox 1581 5945 1866 6020; x_wconf 82' lang='lat' dir='ltr'>pugnant.</span> <span class='ocrx_word' id='word_1_862' title='bbox 1901 5950 2014 6002; x_wconf 81' lang='lat' dir='ltr'>Ra-</span> 
     </span>
    </p>
   </div>
   <div class='ocr_carea' id='block_1_123' title="bbox 2110 4999 3780 5068">
    <p class='ocr_par' dir='ltr' id='par_1_123' title="bbox 2110 4999 3780 5068">
     <span class='ocr_line' id='line_1_125' title="bbox 2110 4999 3780 5068; baseline -0.011 0"><span class='ocrx_word' id='word_1_863' title='bbox 2110 5013 2482 5068; x_wconf 87' lang='lat' dir='ltr'>tishonenses</span> <span class='ocrx_word' id='word_1_864' title='bbox 2532 5008 2691 5064; x_wconf 89' lang='lat' dir='ltr'>enim</span> <span class='ocrx_word' id='word_1_865' title='bbox 2743 5005 3095 5062; x_wconf 88' lang='lat' dir='ltr'>translatum</span> <span class='ocrx_word' id='word_1_866' title='bbox 3141 5003 3210 5059; x_wconf 90' lang='lat' dir='ltr'>ad</span> <span class='ocrx_word' id='word_1_867' title='bbox 3257 5019 3318 5057; x_wconf 91' lang='lat' dir='ltr'>se</span> <span class='ocrx_word' id='word_1_868' title='bbox 3371 5000 3594 5063; x_wconf 88' lang='lat' dir='ltr'>dicunt,</span> <span class='ocrx_word' id='word_1_869' title='bbox 3629 4999 3780 5051; x_wconf 87' lang='lat' dir='ltr'>tem-</span> 
     </span>
    </p>
   </div>
   <div class='ocr_carea' id='block_1_124' title="bbox 2123 5071 3782 5156">
    <p class='ocr_par' dir='ltr' id='par_1_124' title="bbox 2123 5071 3782 5156">
     <span class='ocr_line' id='line_1_126' title="bbox 2123 5071 3782 5156; baseline -0.008 -18"><span class='ocrx_word' id='word_1_870' title='bbox 2123 5099 2350 5156; x_wconf 89' lang='lat' dir='ltr'>pusque</span> <span class='ocrx_word' id='word_1_871' title='bbox 2381 5087 2437 5137; x_wconf 90' lang='lat' dir='ltr'>et</span> <span class='ocrx_word' id='word_1_872' title='bbox 2467 5083 2704 5135; x_wconf 83' lang='lat' dir='ltr'>modum</span> <span class='ocrx_word' id='word_1_873' title='bbox 2739 5085 2794 5134; x_wconf 92' lang='lat' dir='ltr'>et</span> <span class='ocrx_word' id='word_1_874' title='bbox 2824 5077 3302 5156; x_wconf 78' lang='lat' dir='ltr'>commoditatem</span> <span class='ocrx_word' id='word_1_875' title='bbox 3329 5071 3782 5156; x_wconf 80' lang='lat' dir='ltr'>ostendunt,aut</span> 
     </span>
    </p>
   </div>
   <div class='ocr_carea' id='block_1_125' title="bbox 2127 5146 3509 5224">
    <p class='ocr_par' dir='ltr' id='par_1_125' title="bbox 2127 5146 3509 5224">
     <span class='ocr_line' id='line_1_127' title="bbox 2127 5146 3509 5224; baseline -0.012 -12"><span class='ocrx_word' id='word_1_876' title='bbox 2127 5146 2282 5212; x_wconf 76' lang='lat' dir='ltr'>certe</span> <span class='ocrx_word' id='word_1_877' title='bbox 2313 5159 2623 5221; x_wconf 88' lang='lat' dir='ltr'>conantur,</span> <span class='ocrx_word' id='word_1_878' title='bbox 2658 5152 2845 5224; x_wconf 84' lang='lat' dir='ltr'>quoad</span> <span class='ocrx_word' id='word_1_879' title='bbox 2881 5153 3151 5224; x_wconf 76' lang='lat' dir='ltr'>possunt,</span> <span class='ocrx_word' id='word_1_880' title='bbox 3178 5146 3509 5224; x_wconf 75' lang='lat' dir='ltr'>ostendere.</span> 
     </span>
    </p>
   </div>
   <div class='ocr_carea' id='block_1_126' title="bbox 2187 5212 3779 5296">
    <p class='ocr_par' dir='ltr' id='par_1_126' title="bbox 2187 5212 3779 5296">
     <span class='ocr_line' id='line_1_128' title="bbox 2187 5212 3779 5296; baseline -0.011 -14"><span class='ocrx_word' id='word_1_881' title='bbox 2187 5228 2332 5282; x_wconf 88' lang='lat' dir='ltr'>Nam</span> <span class='ocrx_word' id='word_1_882' title='bbox 2365 5226 2530 5280; x_wconf 71' lang='lat' dir='ltr'>aiunt</span> <span class='ocrx_word' id='word_1_883' title='bbox 2561 5212 2826 5292; x_wconf 71' lang='lat' dir='ltr'>tempore</span> <span class='ocrx_word' id='word_1_884' title='bbox 2857 5212 3148 5296; x_wconf 45' lang='lat' dir='ltr'>[grnulphi</span> <span class='ocrx_word' id='word_1_885' title='bbox 3176 5219 3388 5289; x_wconf 91' lang='lat' dir='ltr'>imper.</span> <span class='ocrx_word' id='word_1_886' title='bbox 3416 5215 3646 5296; x_wconf 37' lang='lat' dir='ltr'>hocoest</span> <span class='ocrx_word' id='word_1_887' title='bbox 3669 5212 3779 5266; x_wconf 90' lang='lat' dir='ltr'>sub</span> 
     </span>
    </p>
   </div>
   <div class='ocr_carea' id='block_1_127' title="bbox 2118 5293 3783 5368">
    <p class='ocr_par' dir='ltr' id='par_1_127' title="bbox 2118 5293 3783 5368">
     <span class='ocr_line' id='line_1_129' title="bbox 2118 5293 3783 5368; baseline -0.011 -14"><span class='ocrx_word' id='word_1_888' title='bbox 2118 5315 2339 5354; x_wconf 88' lang='lat' dir='ltr'>annum</span> <span class='ocrx_word' id='word_1_889' title='bbox 2373 5297 2587 5351; x_wconf 85' lang='lat' dir='ltr'>Christi</span> <span class='ocrx_word' id='word_1_890' title='bbox 2623 5297 2748 5356; x_wconf 80' lang='lat'>890,</span> <span class='ocrx_word' id='word_1_891' title='bbox 2781 5311 2814 5368; x_wconf 78' lang='lat' dir='ltr'>_a</span> <span class='ocrx_word' id='word_1_892' title='bbox 2861 5293 3186 5368; x_wconf 76' lang='lat' dir='ltr'>Gisalherto</span> <span class='ocrx_word' id='word_1_893' title='bbox 3232 5305 3357 5368; x_wconf 65' lang='lat' dir='ltr'>imo</span> <span class='ocrx_word' id='word_1_894' title='bbox 3411 5303 3478 5341; x_wconf 86' lang='lat' dir='ltr'>ex</span> <span class='ocrx_word' id='word_1_895' title='bbox 3521 5293 3783 5368; x_wconf 69' lang='lat' dir='ltr'>impera-</span> 
     </span>
    </p>
   </div>
   <div class='ocr_carea' id='block_1_128' title="bbox 2118 5356 3781 5439">
    <p class='ocr_par' dir='ltr' id='par_1_128' title="bbox 2118 5356 3781 5439">
     <span class='ocr_line' id='line_1_130' title="bbox 2118 5356 3781 5439; baseline -0.01 -14"><span class='ocrx_word' id='word_1_896' title='bbox 2118 5371 2258 5425; x_wconf 79' lang='lat' dir='ltr'>toris</span> <span class='ocrx_word' id='word_1_897' title='bbox 2290 5369 2630 5439; x_wconf 81' lang='lat' dir='ltr'>proceribus</span> <span class='ocrx_word' id='word_1_898' title='bbox 2673 5366 2789 5439; x_wconf 88' lang='lat' dir='ltr'>(qui</span> <span class='ocrx_word' id='word_1_899' title='bbox 2841 5365 3034 5439; x_wconf 74' lang='lat' dir='ltr'>specie</span> <span class='ocrx_word' id='word_1_900' title='bbox 3088 5361 3331 5417; x_wconf 79' lang='lat' dir='ltr'>admissi</span> <span class='ocrx_word' id='word_1_901' title='bbox 3381 5356 3781 5439; x_wconf 38' lang='lat' dir='ltr'>sacrilegii-in</span> 
     </span>
    </p>
   </div>
   <div class='ocr_carea' id='block_1_129' title="bbox 2118 5427 3784 5508">
    <p class='ocr_par' dir='ltr' id='par_1_129' title="bbox 2118 5427 3784 5508">
     <span class='ocr_line' id='line_1_131' title="bbox 2118 5427 3784 5508; baseline -0.009 -13"><span class='ocrx_word' id='word_1_902' title='bbox 2118 5427 2446 5497; x_wconf 78' lang='lat' dir='ltr'>cmnobium</span> <span class='ocrx_word' id='word_1_903' title='bbox 2480 5427 2686 5493; x_wconf 70' lang='lat' dir='ltr'>Sancti</span> <span class='ocrx_word' id='word_1_904' title='bbox 2713 5427 2967 5508; x_wconf 76' lang='lat' dir='ltr'>Dionysii</span> <span class='ocrx_word' id='word_1_905' title='bbox 3012 5452 3078 5489; x_wconf 80' lang='lat' dir='ltr'>ex</span> <span class='ocrx_word' id='word_1_906' title='bbox 3129 5432 3458 5508; x_wconf 74' lang='lat' dir='ltr'>composito</span> <span class='ocrx_word' id='word_1_907' title='bbox 3491 5427 3784 5508; x_wconf 82' lang='lat' dir='ltr'>relegatus</span> 
     </span>
    </p>
   </div>
   <div class='ocr_carea' id='block_1_130' title="bbox 2122 5503 3781 5582">
    <p class='ocr_par' dir='ltr' id='par_1_130' title="bbox 2122 5503 3781 5582">
     <span class='ocr_line' id='line_1_132' title="bbox 2122 5503 3781 5582; baseline -0.011 -14"><span class='ocrx_word' id='word_1_908' title='bbox 2122 5515 2317 5582; x_wconf 80' lang='lat' dir='ltr'>fuerit)</span> <span class='ocrx_word' id='word_1_909' title='bbox 2345 5511 2628 5566; x_wconf 82' lang='lat' dir='ltr'>devinctis</span> <span class='ocrx_word' id='word_1_910' title='bbox 2660 5511 2771 5564; x_wconf 90' lang='lat' dir='ltr'>sibi</span> <span class='ocrx_word' id='word_1_911' title='bbox 2799 5503 3080 5582; x_wconf 51' lang='lat' dir='ltr'>ex&#39;amica</span> <span class='ocrx_word' id='word_1_912' title='bbox 3113 5513 3170 5582; x_wconf 84' lang='lat' dir='ltr'>et</span> <span class='ocrx_word' id='word_1_913' title='bbox 3201 5503 3428 5582; x_wconf 77' lang='lat' dir='ltr'>liberali</span> <span class='ocrx_word' id='word_1_914' title='bbox 3465 5503 3781 5582; x_wconf 63' lang='lat' dir='ltr'>consuetu.</span> 
     </span>
    </p>
   </div>
   <div class='ocr_carea' id='block_1_131' title="bbox 2119 5572 3781 5648">
    <p class='ocr_par' dir='ltr' id='par_1_131' title="bbox 2119 5572 3781 5648">
     <span class='ocr_line' id='line_1_133' title="bbox 2119 5572 3781 5648; baseline -0.012 -8"><span class='ocrx_word' id='word_1_915' title='bbox 2119 5587 2255 5641; x_wconf 85' lang='lat' dir='ltr'>dine</span> <span class='ocrx_word' id='word_1_916' title='bbox 2287 5572 2611 5648; x_wconf 73' lang='lat' dir='ltr'>monachis,</span> <span class='ocrx_word' id='word_1_917' title='bbox 2662 5599 2725 5636; x_wconf 80' lang='lat' dir='ltr'>ac.</span> <span class='ocrx_word' id='word_1_918' title='bbox 2776 5580 2955 5635; x_wconf 84' lang='lat' dir='ltr'>semel</span> <span class='ocrx_word' id='word_1_919' title='bbox 3000 5578 3170 5632; x_wconf 84' lang='lat' dir='ltr'>hilari</span> <span class='ocrx_word' id='word_1_920' title='bbox 3207 5575 3467 5648; x_wconf 77' lang='lat' dir='ltr'>convivio</span> <span class='ocrx_word' id='word_1_921' title='bbox 3499 5572 3781 5648; x_wconf 81' lang='lat' dir='ltr'>exceptis,</span> 
     </span>
    </p>
   </div>
   <div class='ocr_carea' id='block_1_132' title="bbox 2115 5644 3783 5725">
    <p class='ocr_par' dir='ltr' id='par_1_132' title="bbox 2115 5644 3783 5725">
     <span class='ocr_line' id='line_1_134' title="bbox 2115 5644 3783 5725; baseline -0.01 -15"><span class='ocrx_word' id='word_1_922' title='bbox 2115 5659 2370 5725; x_wconf 81' lang='lat' dir='ltr'>vinoque</span> <span class='ocrx_word' id='word_1_923' title='bbox 2423 5661 2478 5710; x_wconf 88' lang='lat' dir='ltr'>et</span> <span class='ocrx_word' id='word_1_924' title='bbox 2526 5644 2730 5708; x_wconf 79' lang='lat' dir='ltr'>somno</span> <span class='ocrx_word' id='word_1_925' title='bbox 2782 5652 3052 5722; x_wconf 75' lang='lat' dir='ltr'>sepultis,</span> <span class='ocrx_word' id='word_1_926' title='bbox 3087 5644 3533 5725; x_wconf 80' lang='lat' dir='ltr'>sanctnm_illud</span> <span class='ocrx_word' id='word_1_927' title='bbox 3567 5656 3783 5725; x_wconf 84' lang='lat' dir='ltr'>corpus</span> 
     </span>
    </p>
   </div>
   <div class='ocr_carea' id='block_1_133' title="bbox 2120 5718 3781 5796">
    <p class='ocr_par' dir='ltr' id='par_1_133' title="bbox 2120 5718 3781 5796">
     <span class='ocr_line' id='line_1_135' title="bbox 2120 5718 3781 5796; baseline -0.013 -11"><span class='ocrx_word' id='word_1_928' title='bbox 2120 5718 2480 5786; x_wconf 83' lang='lat' dir='ltr'>clandestine</span> <span class='ocrx_word' id='word_1_929' title='bbox 2508 5718 2862 5795; x_wconf 79' lang='lat' dir='ltr'>subreptum</span> <span class='ocrx_word' id='word_1_930' title='bbox 2888 5728 3239 5796; x_wconf 63' lang='lat' dir='ltr'>esss,atque</span> <span class='ocrx_word' id='word_1_931' title='bbox 3265 5722 3332 5774; x_wconf 83' lang='lat' dir='ltr'>ad</span> <span class='ocrx_word' id='word_1_932' title='bbox 3359 5718 3781 5796; x_wconf 76' lang='lat' dir='ltr'>imperatorem</span> 
     </span>
    </p>
   </div>
   <div class='ocr_carea' id='block_1_134' title="bbox 2121 5791 3779 5872">
    <p class='ocr_par' dir='ltr' id='par_1_134' title="bbox 2121 5791 3779 5872">
     <span class='ocr_line' id='line_1_136' title="bbox 2121 5791 3779 5872; baseline -0.013 -16"><span class='ocrx_word' id='word_1_933' title='bbox 2121 5803 2523 5872; x_wconf 71' lang='lat' dir='ltr'>deportatum;</span> <span class='ocrx_word' id='word_1_934' title='bbox 2553 5791 3002 5872; x_wconf 68' lang='lat' dir='ltr'>quiimperator</span> <span class='ocrx_word' id='word_1_935' title='bbox 3022 5791 3175 5872; x_wconf 79' lang='lat' dir='ltr'>illud</span> <span class='ocrx_word' id='word_1_936' title='bbox 3211 5791 3541 5872; x_wconf 61' lang='lat' dir='ltr'>Bastihonze</span> <span class='ocrx_word' id='word_1_937' title='bbox 3573 5791 3779 5872; x_wconf 47' lang='lat' dir='ltr'>irrem-</span> 
     </span>
    </p>
   </div>
   <div class='ocr_carea' id='block_1_135' title="bbox 2123 5860 3778 5937">
    <p class='ocr_par' dir='ltr' id='par_1_135' title="bbox 2123 5860 3778 5937">
     <span class='ocr_line' id='line_1_137' title="bbox 2123 5860 3778 5937; baseline -0.013 -9"><span class='ocrx_word' id='word_1_938' title='bbox 2123 5860 2297 5929; x_wconf 78' lang='lat' dir='ltr'>nohio</span> <span class='ocrx_word' id='word_1_939' title='bbox 2330 5871 2481 5930; x_wconf 78' lang='lat'><strong>588</strong></span> <span class='ocrx_word' id='word_1_940' title='bbox 2515 5860 2667 5926; x_wconf 80' lang='lat' dir='ltr'>beati</span> <span class='ocrx_word' id='word_1_941' title='bbox 2702 5860 3035 5923; x_wconf 82' lang='lat' dir='ltr'>Emmerani</span> <span class='ocrx_word' id='word_1_942' title='bbox 3067 5865 3246 5937; x_wconf 80' lang='lat' dir='ltr'>(quod</span> <span class='ocrx_word' id='word_1_943' title='bbox 3293 5876 3420 5919; x_wconf 88' lang='lat' dir='ltr'>esse</span> <span class='ocrx_word' id='word_1_944' title='bbox 3445 5860 3778 5937; x_wconf 83' lang='lat' dir='ltr'>_0rnatissi-</span> 
     </span>
    </p>
   </div>
   <div class='ocr_carea' id='block_1_136' title="bbox 2125 5931 3779 6018">
    <p class='ocr_par' dir='ltr' id='par_1_136' title="bbox 2125 5931 3779 6018">
     <span class='ocr_line' id='line_1_138' title="bbox 2125 5931 3779 6018; baseline -0.014 -15"><span class='ocrx_word' id='word_1_945' title='bbox 2125 5962 2290 6002; x_wconf 88' lang='lat' dir='ltr'>mum</span> <span class='ocrx_word' id='word_1_946' title='bbox 2323 5944 2618 6018; x_wconf 89' lang='lat' dir='ltr'>cupiebat)</span> <span class='ocrx_word' id='word_1_947' title='bbox 2650 5939 3007 6014; x_wconf 89' lang='lat' dir='ltr'>deposuerit.</span> <span class='ocrx_word' id='word_1_948' title='bbox 3041 5931 3192 6001; x_wconf 73' lang='lat' dir='ltr'>Quin</span> <span class='ocrx_word' id='word_1_949' title='bbox 3223 5940 3280 5992; x_wconf 91' lang='lat' dir='ltr'>et</span> <span class='ocrx_word' id='word_1_950' title='bbox 3309 5931 3598 6006; x_wconf 83' lang='lat' dir='ltr'>quadrata</span> <span class='ocrx_word' id='word_1_951' title='bbox 3628 5943 3779 5999; x_wconf 66' lang='lat' dir='ltr'>quae-</span> 
     </span>
    </p>
   </div>
  </div>
