4130 6416
317 397 423 452 953

1224 388 1530 442 MARTINI
1567 385 1839 442 DELRIO
1875 385 2219 441 VINDICIE
2259 386 2832 443 AREOPAGITICE.

3636 389 3744 448 954

315 528 372 599 et
397 519 627 599 haberi.
663 518 723 575 Si
770 533 907 599 ergo
955 515 1110 587 apud
1158 513 1409 570 Francos
1441 516 1564 599 erat
1595 527 1748 599 a‘nno
1781 508 1975 599 mille-
2007 513 2060 578 Α
2091 526 2219 599 esse
2252 510 2635 599 Ratlisponaer“?
2661 511 3191 599 It'i‘aneatproinde,
3238 521 3300 599 ut
3330 516 3500 599 longe
3527 519 3744 599 proba-

316 597 472 652 simo
505 583 1010 664 quinquagesimo
1055 603 1227 664 nono,
1263 585 1558 664 quomodo
1607 583 1839 664 decerni
1865 598 1977 662 _po-

315 667 452 729 tuit,
477 655 633 720 anno
657 655 969 718 miIIESimo
995 655 1489 730 quinquagesimo
1513 655 1770 730 secundo
1798 655 1978 708 fuisse

311 726 455 794 olim
490 739 550 791 in
581 733 958 792 Germaniam
1009 726 1388 796 translatum,
1427 733 1598 797 atque
1649 726 1976 782 etiamnum

317 897 1082 909 ———-————..___—-—-__~_—_———

1945 891 2262 900 M—

2092 582 2289 663 bilius,
2338 583 2558 638 dictum
2592 583 2650 639 S.
2683 582 3239 663 Dionysiiucorpus
3265 588 3323 663 i_n
3354 582 3597 663 Francia
3625 608 3736 662 po-

2089 656 2208 708 tius
2256 671 2407 780 €(3§89,
2440 672 2618 726 quam
2652 656 2885 728 uspiam
2917 656 3058 712 alibi
3093 656 3119 713 ε’
3139 665 3196 714 et
3228 659 3322 716 bic
3355 660 3432 716 sit
3460 656 3740 734 quastio-

2089 741 2231 780 num
2287 743 2420 781 mis.

2283 893 2397 899 ρ...
2405 893 2450 901 -.-
2469 893 2564 900 —————
2573 893 3122 903 ———-o—--————-—-——-—-—-

1490 925 2551 1213 EXCERPTA

1027 1485 2034 1607 MA'BTINI
2193 1483 3036 1605 DELBIO

1248 1706 1796 1821 VINDICIIS
1875 1705 2785 1824 ABEOPAGITIGIS.

305 1908 454 1964 594
488 1907 625 1963 Cum
655 1910 920 1980 pleraque
949 1909 1399 1964 adversariorum
1430 1915 1773 1976 argumenta,
1807 1923 1927 1977 quae
1957 1906 2034 1961 ad
2065 1906 2296 1980 Operam
2324 1907 2640 1978 S.Dionyst'i
2670 1910 3055 1980 auctoritatem
3086 1908 3405 1964 elevandum
3431 1908 3729 1980 objiciunt,

368 1981 490 2048 fuse
519 1980 658 2034 satis
691 1985 742 2035 et
770 1979 1027 2036 accurate
1056 1999 1086 2034 a
1118 1980 1412 2035 reverenda
1438 1984 1500 2033 P.
1534 1982 1697 2034 Petro
1729 1981 1980 2045 Haltoz'x,
2014 1979 2314 2049 quaestione
2343 1980 2408 2048 ll,
2453 1995 2578 2052 qua?
2608 1987 2686 2052 est
2713 1979 2774 2052 de
2801 1979 3024 2050 scriptis
3054 1981 3108 2035 S.
3142 1980 3414 2052 Dionysii,
3463 1979 3646 2052 soluta
3679 1983 3730 2035 et

370 2055 620 2132 refutatu
650 2053 786 2132 sint,
819 2069 888 2107 ne
919 2053 1116 2132 iisdem
1145 2052 1452 2122 repetendis
1483 2052 1675 2132 lectori
1704 2066 1976 2132 nauseant
2005 2065 2339 2132 mouerimus,
2391 2066 2460 2105 ea:
2509 2051 2796 2132 Vindiciis
2836 2051 3293 2132 areopagiticis'
3317 2053 3475 2132 Il._P.
3510 2051 3736 2132 Martini

372 2121 556 2178 Deirio
588 2139 653 2178 ea
683 2126 955 2178 duntaxat
984 2121 1316 2192 argumenta
1347 2129 1397 2178 et
1428 2124 1792 2193 antiquorum
1825 2121 2150 2176 testimonia
2178 2123 2544 2192 proferemus,
2572 2123 2645 2176 ad
2673 2138 2800 2194 quae
2830 2121 3054 2179 Hatloix
3080 2121 3396 2194 iampendii
3425 2139 3590 2178 causa
3622 2123 3730 2177 lec-

374 2199 549 2267 torem,
580 2195 817 2267 remittit
847 2214 865 2249 :
897 2202 951 2250 et
979 2212 1110 2250 sane
1140 2198 1360 2251 tantum
1391 2194 1650 2267 ponderis
1680 2193 1878 2250 habent
1909 2193 1994 2250 ad
2027 2194 2143 2250 haec
2170 2195 2348 2264 Opera
2377 2197 2435 2249 S.
2477 2193 2737 2267 Dionysii
2765 2194 3135 2262 vindicanda,
3176 2193 3237 2250 ut
3286 2211 3444 2250 nemo
3490 2194 3734 2265 prudens

373 2265 620 2337 amplius
650 2266 716 2322 de
746 2266 822 2323 iis
854 2267 1121 2322 dubitare
1144 2282 1306 2338 posse
1333 2266 1608 2322 videatur.

852 2527 949 2582 EX
987 2527 1239 2582 CAPITE
1277 2527 1425 2581 VIII.

301 2616 405 2684 Qui
431 2619 682 2688 factum,
715 2625 775 2673 ut
806 2620 883 2672 tot
911 2619 1076 2672 armis
1102 2615 1220 2743 (15:36
1259 2617 1431 2689 Opera
1488 2613 1740 2686 Dionysii
1788 2615 1962 2669 latue-

1064 2705 1151 2742 rm
1187 2730 1198 2742 .

1064 2705 1198 2742 νιηι.

365 2812 420 2866 Id
458 2829 630 2868 nunc
680 2816 951 2882 superest
995 2810 1401 2883 ambiguitatis
1436 2827 1448 2866 :
1483 2809 1570 2883 vix
1625 2809 1779 2883 enim
1833 2809 1960 2883 qui;

299 2884 557 2940 busdam
611 2880 894 2939 credibile
938 2880 1273 2950 visumftot
1322 2882 1551 2937 saeculis
1603 2883 1659 2936 Β.
1695 2880 1962 2952 Dionysii

301 2956 690 3028 Areopagitas,
716 2962 840 3028 tam
875 2954 1014 3011 clari
1051 2962 1108 3011 et
1139 2955 1440 3026 apostolici
1475 2953 1583 3008 viri
1632 2953 1812 3007 libros
1861 2969 1959 3007 oc-

299 3027 498 3082 cultari
546 3027 863 3097 potuisse;
909 3035 1084 3097 atque
1135 3031 1478 3098 suspectum
1526 3029 1784 3098 est,eos
1822 3032 1954 3098 tam

301 3098 488 3154 subito
535 3095 603 3153 ex
635 3100 777 3154 adeo
829 3095 1130 3154 diuturnis
1177 3095 1430 3154 tenebris
1463 3103 1520 3152 et
1568 3095 1786 3152 abditis
1819 3095 1961 3150 late-

301 3170 414 3225 bris
446 3173 794 3226 emersisse.
828 3170 943 3225 Nec
975 3187 1123 3226 nova
1155 3170 1403 3241 quaestio
1445 3174 1553 3236 est,
1589 3185 1693 3224 nec
1743 3169 1963 3223 intacta

299 3242 650 3314 D.Dionysii
681 3242 1037 3310 vindicibus,
1073 3259 1282 3297 causas
1314 3243 1660 3314 peridoneus
1693 3241 1961 3314 reddide-

300 3319 452 3371 runt.
487 3311 693 3371 Prima
719 3318 808 3369 est
839 3314 1031 3368 Suidae
1065 3321 1121 3369 et
1151 3311 1446 3370 Anastasii
1502 3311 1957 3376 Bibliothecarii,

301 3401 468 3456 quam
492 3385 602 3440 his
626 3385 820 3440 verbis
837 3385 1093 3440 Joannes
1114 3387 1441 3441 Saracenus
1468 3383 1958 3456 proposuitepist.

301 3454 368 3512 ad
397 3458 667 3514 Odonem
701 3458 758 3513 S.
798 3457 1051 3528 Dionysii
1089 3458 1362 3513 abbatem
1401 3474 1412 3510 :
1450 3454 1480 3505 (ἱ
1512 3456 1658 3528 Quia
1689 3454 1962 3528 c-;tbolici

301 3529 699 3585 obtestatione
746 3530 806 3583 S.
837 3525 1101 3600 Dionysii
1152 3535 1319 3584 erant
1359 3526 1646 3600 obstricti,
1682 3542 1752 3580 ne
1782 3525 1963 3600 impe:

302 3601 422 3656 ritas
450 3600 963 3666 multitudini,sed
994 3595 1142 3654 solis
1172 3601 1362 3655 doctis
1394 3616 1501 3653 sua
1534 3595 1960 3668 scripta,quasi

303 3674 630 3728 multorum
700 3673 1084 3742 capacitatem
1154 3671 1514 3737 excedentia,
1585 3669 1958 3742 revelarent:

300 3744 483 3800 doctis
529 3749 723 3798 autem
761 3741 1040 3813 paulatim
1075 3743 1488 3798 deﬁcientibus
1521 3741 1713 3812 (culpa
1759 3757 1962 3795 eorum

301 3818 584 3880 maxime,
615 3819 679 3870 ut
712 3815 977 3886 reor,qui
1015 3815 1386 3885 praelationes
1418 3813 1801 3868 ecclesiarum
1836 3813 1962 3886 suis

1995 2525 2040 2590 B
2069 2533 2221 2600 eant,
2255 2543 2326 2581 ne
2359 2533 2583 2597 pateret
2615 2534 2885 2585 sanctum
2935 2529 3204 2595 canibus,
3252 2533 3356 2583 aut
3387 2526 3579 2600 porcis
3602 2527 3722 2600 spi-

2071 2599 2618 2672 ritalesmargaritte
2634 2602 3056 2672 projicerentur
3069 2600 3361 2671 (a).Quare
3373 2597 3506 2672 cum
3522 2597 3725 2670 Orige-

2073 2685 2198 2744 nes,
2250 2670 2539 2744 Eusebius
2588 2670 2764 2742 atque
2810 2677 2866 2729 S.
2907 2670 3312 2744 Hieronymus,
3363 2671 3719 2744 scriptorum

2071 2740 2602 2816 ecclesiasticorum
2633 2740 2962 2816 catalogum
2997 2740 3276 2816 texe'ntes,
3312 2740 3533 2797 nullam
3566 2741 3722 2816 Ope-

2073 2828 2203 2866 rum
2229 2814 2426 2886 sancti
2464 2814 2717 2886 Dionysii
2753 2813 3112 2871 mentionem
3145 2815 3383 2882 faciant,
3412 2830 3530 2886 non
3582 2813 3718 2868 inde

2075 2883 2362 2958 sequitur,
2398 2884 2520 2940 haec
2549 2883 2738 2958 opera
2783 2893 2924 2942 tunc
2981 2887 3242 2942 nondum
3275 2885 3590 2958 exstitisse,
3621 2890 3724 2940 aut

2074 2971 2141 3009 ex
2162 2957 2536 3030 ignoratione
2565 2957 2638 3014 ab
2669 2958 2816 3030 ipsis
2845 2958 3068 3014 omissa
3097 2957 3317 3026 fuisse;
3349 2957 3489 3028 quin
3524 2958 3722 3026 potius

2075 3027 2275 3100 eadem
2329 3027 2628 3098 religionis
2675 3027 2876 3085 studio
2908 3030 3144 3085 siluisse
3176 3027 3423 3100 putandi
3455 3034 3616 3095 sunt,
3650 3044 3721 3082 ne

2075 3097 2214 3173 dum
2247 3097 2512 3173 ipsorum
2565 3101 2814 3173 catalogi
2846 3102 2915 3157 ad
2950 3097 3212 3156 omnium
3259 3101 3492 3173 passim
3515 3117 3722 3154 manus

2075 3170 2434 3238 devenirent,
2466 3173 2513 3227 si
2547 3173 2603 3227 in
2640 3173 2712 3227 iis
2744 3170 2954 3228 borum
2988 3173 3159 3243 (quos
3189 3170 3457 3243 Ecclesia
3480 3172 3725 3241 ipseque

2072 3243 2386 3313 Dionysius
2419 3262 2533 3300 non
2567 3261 2735 3300 secus
2767 3262 2832 3299 ac
2881 3242 3162 3312 mysteria
3192 3260 3320 3314 quis
3353 3246 3412 3298 in
3447 3242 3590 3314 ipsis
3621 3259 3723 3297 ac-

2074 3314 2446 3386 curatissime
2493 3316 2880 3386 explicantur,
2914 3316 3248 3371 rudioribus
3299 3316 3579 3370 abscondi
3620 3329 3721 3369 cu-

2075 3385 2292 3466 piebat)
2339 3385 2578 3466 mentio
2611 3388 2792 3466 fieret,
2843 3387 3092 3442 curiosis
3120 3403 3282 3466 ansa
3345 3386 3723 3466 praeberetur,

2074 3457 2375 3530 ipsos,ruti
2407 3460 2468 3513 in
2518 3459 2766 3514 vetitum
2803 3475 3037 3530 semper
3073 3457 3361 3519 nitimur,
3391 3457 3723 3512 studiosius

2073 3529 2583 3609 investigan_di,ﬂet_
2607 3535 3033 3609 consequenter
3063 3536 3186 3586 tam
3219 3546 3317 3609 eos
3348 3545 3526 3599 quam
3559 3544 3727 3609 sacra

2076 3603 2354 3672 mysteria
2383 3603 2534 3658 595
2571 3604 2631 3657 in
2662 3603 2735 3657 iis
2764 3607 3060 3669 contenta,
3111 3605 3316 3656 contra
3369 3605 3723 3672 praeceptum

2080 3671 2306 3726 Domini
2338 3678 2396 3727 et
2436 3679 2690 3729 mentem
2740 3677 3034 3741 Ecclesiae,
3083 3673 3342 3743 profanis
3374 3678 3431 3728 et
3473 3671 3726 3743 impuris

2076 3743 2419 3828 hominibus
2453 3745 2819 3828 propalandi.

2146 3819 2278 3869 Haec
2309 3814 2504 3872 autem
2529 3814 2758 3873 videtur
2789 3816 2929 3872 mihi
2957 3817 3138 3871 fuisse
3169 3815 3314 3871 ratio
3345 3814 3652 3870 verissima
3673 3818 3729 3869 et

304 3888 762 3968 quibuscumque
811 3884 1146 3968 conferunt,
1175 3887 1465 3968 litteratos
1487 3884 1963 3968 respuuntiqui-
1997 3903 2044 3968 ρ
2084 3887 2582 3968 probabilissima.
2616 3907 2721 3944 cur
2749 3889 2806 3968 in
2840 3904 3212 3968 communem
3247 3887 3597 3968 scriptorum
3632 3902 3726 3968 ea:

304 3958 412 4014 bus
442 3958 910 4024 committerent,
949 3974 1062 4013 non
1097 3957 1452 4012 habuerunt.
1487 3957 1752 4011 Forsitan
1787 3958 1964 4012 etiam

307 4030 438 4112 inde
473 4032 866 4112 Hieronymus
915 4028 1485 4112 excellentissimum
1528 4028 1965 4112 Areopagitam,

306 4101 458 4158 inter
505 4101 941 4158 ecclesiasticos
988 4102 1302 4172 scriptores
1334 4119 1449 4156 non
1498 4101 1965 4172 connumeravit,

308 4175 442 4244 quia
473 4176 609 4244 ejus
642 4174 846 4241 libros,
884 4171 1170 4242 tanquam
1205 4174 1554 4239 eminentes,
1590 4189 1705 4226 non
1744 4171 1969 4244 putavit

309 4243 372 4298 ad
409 4243 789 4300 communem
825 4245 1096 4300 notitiam
1133 4247 1466 4315 deputatas.
1506 4264 1532 4291 »
1563 4243 1654 4298 Sic
1685 4259 1819 4312 ergo
1847 4243 1968 4296 haec

307 4318 494 4386 prima
527 4317 929 4386 causa,caligo
964 4320 1020 4370 et
1050 4316 1382 4370 obScuritas
1417 4315 1966 4384 scriptionis,quam

306 4389 473 4457 pauci
529 4393 798 4457 poterant
859 4387 1191 4458 dispellere,
1227 4397 1279 4441 et
1340 4386 1728 4456 intelligentia
1789 4401 1965 4456 pene-

305 4463 477 4515 trare.
509 4461 659 4516 Hinc
716 4460 870 4515 enim
924 4463 1062 4514 nata
1115 4458 1382 4529 paucitas
1414 4458 1969 4529 describentium‘et

305 4530 626 4602 legentium
663 4532 916 4596 raritas;
951 4527 1129 4600 quam
1158 4534 1361 4584 secuta
1393 4529 1661 4584 socordia
1690 4527 1964 4602 etnegle-

306 4599 417 4659 otio
446 4599 978 4658 contemnentium’
1013 4619 1128 4656 non
1183 4602 1498 4665 intellecta,
1534 4606 1600 4654 ut
1646 4599 1771 4654 ﬁeri
1801 4601 1964 4654 vide-

306 4690 456 4738 mus,
491 4681 549 4729 et
579 4673 815 4730 Juliano
863 4677 1156 4746 Apostatae
1191 4675 1400 4746 beatus
1441 4673 1844 4746 Nazianzenus
1875 4688 1968 4725 ex-

306 4747 621 4814 probravit.
657 4743 1178 4817 Semper—aliquos
1232 4745 1415 4800 fuisse
1448 4745 1549 4815 qui
1581 4743 1762 4798 libros
1797 4760 1964 4817 nove-

305 4824 453 4883 rant,
487 4835 557 4873 ex
587 4816 975 4888 sequentibus
1009 4817 1266 4888 patebit;
1303 4834 1485 4888 quare
1516 4833 1630 4870 non
1665 4816 1963 4888 omnibus,

305 4889 404 4961 sed
438 4887 735 4960 plerisque
765 4889 947 4960 ignoti
982 4887 1301 4961 latuerunt,
1325 4887 1479 4961 quod
1519 4888 1713 4942 minus
1748 4887 1965 4961 miran-

305 4959 609 5031 dum’,cum
645 4959 942 5031 plerisque
960 4959 1355 5030 scriptoribus
1372 4961 1632 5016 sciamus
1659 4959 1963 5014 accidisse.

306 5030 478 5104 Porro
512 5033 575 5087 D.
613 5030 875 5104 Dionysii
902 5033 1222 5104 iobtestatio
1272 5032 1374 5087 illa
1406 5032 1742 5104 continetur
1776 5035 1853 5104 De
1875 5047 1966 5086 ec-

304 5103 609 5160 clesiastica
660 5102 1006 5168 Itieriarchia,
1056 5120 1182 5174 cap.
1223 5106 1273 5170 1,
1310 5105 1368 5158 in
1403 5102 1691 5174 principio
1723 5107 1778 5156 et
1811 5103 1964 5169 ﬁne;

305 5174 377 5229 De
401 5175 609 5301 dirimi:
649 5177 996 5245 nominibus,
1031 5191 1156 5247 cap.
1190 5175 1212 5229 4
1246 5195 1258 5244 ;
1294 5177 1366 5231 De
1396 5177 1639 5245 mystica
1670 5174 1963 5243 theologia,

305 5260 431 5301 can.
513 5288 524 5301 .

305 5260 431 5312 cap.
468 5260 524 5301 1.

372 5316 480 5372 Ubi
516 5322 675 5379 nota,
710 5319 767 5372 S.
802 5318 1148 5388 Dionysium
1183 5317 1402 5387 passim
1440 5316 1748 5388 Timotheo
1782 5315 1968 5369 incul-

304 5401 456 5450 care,
482 5395 546 5445 ut
577 5389 719 5445 solis
749 5387 1116 5446 antistitibus
1149 5390 1238 5444 sui
1274 5389 1569 5445 similibus
1601 5387 1720 5442 11330
1748 5393 1967 5459 scripta

308 5461 772 5517 communicaret
799 5479 811 5528 ;
844 5465 902 5518 et
931 5465 1215 5531 tanquam
1251 5477 1466 5516 arcana
1497 5460 1762 5531 quazdam
1798 5477 1965 5516 sacra

305 5531 476 5602 vulgo
527 5534 831 5588 inaccessa
881 5539 1058 5603 atque
1107 5533 1455 5587 intemerata
1487 5541 1760 5587 servaret.
1799 5532 1961 5594 Quod

307 5615 418 5685 non
455 5604 1215 5685 mirabiturguisquisnon
1251 5603 1494 5675 ignarus
1525 5608 1964 5685 estquam-stu-

306 5671 469 5730 diose
501 5675 556 5731 in
595 5671 852 5732 Ecclesia
885 5671 1182 5746 primitiva
1225 5671 1727 5731 sacramentorum
1777 5679 1834 5730 et
1863 5692 1960 5730 sa-

308 5758 535 5818 crarum
563 5747 1045 5802 cmremoniarum
1071 5748 1494 5818 religionisque
1510 5746 1961 5818 mysteria.non-

308 5764 535 5802 orarum
563 5764 1045 5802 caeremoniarum
1071 5764 1562 5818 rengnomsquem
1608 5764 1961 5807 steria.non-

307 5814 444 5872 dum
478 5819 726 5875 initiatis
760 5837 828 5875 ac
859 5819 1123 5891 profanis
1154 5819 1499 5875 hominibus
1532 5764 1817 5874 abscondi
1849 5818 1962 5874 sol-

377 5939 455 6014 (a)
486 5941 691 6002 Matth.
724 5961 826 6012 vn,
855 5944 911 6001 6.

2085 3957 2346 4028 talogum
2390 3960 2526 4014 olim
2579 3961 2766 4016 sancti
2798 3958 3073 4032 Dionysii
3123 3961 3318 4032 AUpera
3366 3975 3480 4013 non
3515 3957 3730 4032 iuerint

2082 4027 2390 4086 recensita.
2423 4033 2746 4087 Conﬁrmat
2795 4031 2947 4086 hanc
2968 4027 3314 4101 opinionem
3351 4043 3541 4084 meam
3573 4027 3728 4099 epis-

2078 4101 2218 4174 tola
2246 4102 2658 4174 Njcolaiipapa:
2682 4103 2760 4174 ad
2795 4102 3063 4174 Carolum
3102 4101 3368 4174 Calvum,
3402 4101 3575 4174 cujus
3606 4115 3727 4174 me-

2079 4172 2252 4227 minit
2281 4170 2642 4228 Baronius—t.
2677 4173 2742 4238 X,
2773 4190 2927 4228 anno
2978 4172 3192 4227 Christi
3221 4171 3347 4227 878.
3391 4173 3534 4227 Cum
3568 4170 3728 4225 enim

2077 4244 2333 4298 Joannes
2364 4245 2574 4300 Scotus
2605 4246 2852 4315 Erigone
2887 4243 3134 4298 Athenis
3165 4242 3514 4315 studuisset,
3535 4246 3593 4315 et
3623 4241 3732 4315 ibi_-

2079 4315 2236 4397 dem,
2289 4316 2637 4397 utihcurioso
2672 4313 2810 4397 erat
2853 4316 3108 4397 ingenio,
3140 4313 3440 4387 exemplar
3491 4313 3727 4397 aliquod

2079 4385 2343 4460 Graecum
2378 4387 2708 4460 S.Dionysii
2740 4385 3147 4456 investigando
3180 4385 3392 4460 nactus
3423 4391 3731 4460 e_sset,_sua

2079 4475 2257 4512 manu
2290 4458 2438 4513 clam
2473 4456 2832 4530 descriptum
2865 4475 3066 4514 secum
3100 4460 3155 4513 in
3190 4458 3408 4530 Gallias
3439 4456 3733 4530 detulit,et

2077 4546 2110 4584 a
2141 4545 2204 4584 se
2237 4530 2438 4585 Latine
2487 4527 2936 4601 interpretatum
2987 4530 3192 4586 Carolo
3240 4529 3410 4584 Calvo
3440 4527 3732 4601 dedicavit

2077 4617 2143 4655 ac
2207 4601 2539 4671 publicavit.
2604 4598 2720 4658 Hoc
2778 4601 3095 4669 intellecto,
3148 4601 3419 4657 Nicolaus
3474 4598 3731 4670 pontifex

2076 4673 2546 4742 Maximus,quod
2573 4675 2850 4730 nimirum
2877 4673 2988 4727 sub
3015 4673 3168 4744 regis
3188 4672 3383 4728 Galliae
3405 4671 3728 4744 patrocinio

2078 4745 2135 4799 S.
2168 4745 2430 4816 Dionysii
2466 4746 2675 4816 Opera,
2706 4763 2830 4812 quae
2865 4743 3151 4816 hactenus
3204 4745 3260 4799 in
3304 4743 3564 4799 Ecclesia
3593 4747 3727 4816 tan-

2077 4833 2254 4888 quam
2286 4813 2527 4872 sacrum
2546 4818 2840 4888 quoddam
2859 4813 3154 4885 κειμήλιον
3175 4817 3325 4886 apud
3351 4831 3548 4870 sacros
3578 4813 3728 4867 anti-

2077 4887 2244 4942 stites
2275 4887 2976 4958 asservabantur,publici
3003 4889 3155 4954 juris
3177 4888 3328 4942 facta
3357 4891 3556 4942 essent
3575 4899 3727 4955 aagrs

2077 4959 2324 5023 tulit,uti
2363 4977 2465 5031 par
2494 4967 2602 5028 est,
2628 4977 2691 5015 se
2722 4958 3053 5015 inconsulto
3084 4965 3142 5015 et
3172 4959 3415 5014 minime
3441 4958 3724 5026 requisito

2076 5030 2131 5084 id
2157 5030 2376 5086 factum
2421 5037 2478 5088 et
2503 5050 2650 5088 ausu
2685 5031 2996 5086 temerario
3029 5036 3316 5086 tentatum
3351 5045 3502 5090 esse,
3533 5035 3590 5082 et
3617 5031 3724 5083 Ca-

2077 5102 2267 5157 rolum
2303 5119 2496 5173 regem
2529 5104 2623 5158 his
2661 5103 2857 5159 verbis
2885 5103 3196 5158 admonuit
3227 5119 3239 5157 :
3275 5100 3602 5173 «Relatum
3635 5103 3726 5154 est

2079 5171 2436 5244 apostolatui
2471 5181 2695 5235 nostro.
2718 5175 2869 5245 quod
2903 5174 3062 5246 Opus
3094 5173 3245 5246 beati
3265 5171 3522 5246 Dionysii
3556 5172 3727 5246 Areo-

1998 5263 2044 5327 ι)
2079 5243 2308 5327 pagina,
2340 5247 2492 5327 quod
2525 5247 2596 5301 de
2627 5243 2842 5327 divinis
2869 5243 3254 5327 nomini_bus,_
3270 5247 3356 5300 vel
3390 5243 3729 5327 coelestibus

2077 5313 2384 5372 ordinibus
2441 5323 2638 5374 Graaco
2696 5317 3009 5385 descripsit
3062 5316 3319 5386 eloquio,
3351 5315 3592 5385 quidam
3640 5313 3728 5368 vir

2073 5389 2336 5445 Joannes
2362 5391 2572 5446 Scotus
2605 5406 3032 5460 genere,nuper
3064 5390 3120 5444 in
3153 5390 3427 5444 Latinum
3460 5391 3724 5460 transtu-

2074 5461 2223 5515 lerit.
2260 5463 2422 5523 Quod
2453 5459 2619 5526 juxta
2650 5477 2871 5516 morem
2907 5461 3077 5516 nobis
3119 5459 3293 5527 mitti,
3327 5464 3384 5514 et
3406 5465 3606 5514 nostro
3629 5459 3724 5526 ju-

2073 5533 2224 5587 dicio
2257 5533 2459 5604 debuit
2489 5533 2869 5604 approbari,»
2901 5539 3012 5587 etc.
3045 5533 3272 5598 Quibus
3301 5531 3496 5604 verbis
3529 5529 3724 5601 ponti-

2075 5604 2164 5659 fex
2197 5603 2491 5659 maximus
2532 5603 2697 5659 haud
2745 5605 2993 5659 obscure
3040 5604 3357 5674 significat,
3391 5603 3504 5658 ista
3532 5607 3721 5674 Opera

2071 5692 2200 5730 esse
2233 5677 2290 5730 S.
2323 5675 2583 5746 Dionysii
2636 5676 2992 5746 Areopagitae
3041 5672 3228 5746 neque
3277 5675 3404 5729 sine
3434 5672 3717 5746 peculiari

2071 5753 2415 5818 etexpressa
2432 5743 2728 5818 pontificis
2748 5743 2993 5802 Romani
3026 5743 3719 5820 app—robationeevulgari

2070 5815 2841 5892 debuissellaudquaquam
2861 5836 3001 5875 sane
3019 5815 3082 5875 id
3107 5815 3228 5890 regi
3250 5817 3451 5874 Galliae
3473 5815 3723 5887 scriptu-
