4130 6382
340 323 449 375 977

1263 327 1566 380 MARTINI
1607 325 1872 379 DELRIO
1909 323 2248 376 VINDICUE
2289 321 2859 376 AREOPAGITICIE.

3665 319 3774 373 978

341 449 1100 522 imaginationemribitrans,
1127 453 1238 504 etc.
1269 451 1391 515 Quo
1425 454 1592 522 pacto
1617 452 1860 522 possent
1892 448 2006 504 ista
2035 447 2088 512 Α
2119 444 2263 522 lium
2298 445 2426 514 ejus
2472 442 2900 522 Operationum,
2937 459 3100 522 quas
3127 441 3521 522 videlicetper
3540 444 3776 514 propria

343 520 579 590 probari
615 521 834 574 nostris
865 521 1240 576 lconoclastis
1261 522 1288 575 ‘I

415 591 675 662 Denique
711 591 981 647 Nicolaus
1039 596 1236 664 papal
1289 593 1358 648 ad
1396 591 1740 647 Michaelem
1796 591 2004 664 imper.

346 661 638 733 perﬁdum
685 664 936 733 epistola
987 661 1067 719 ita
1110 661 1274 718 illum
1325 665 1594 720 affatur:
1647 686 1668 714 α
1713 664 1767 719 Si
1814 661 2006 717 adhuc

345 733 540 802 placet
569 735 788 806 aliquid
825 737 894 789 de
928 737 1035 790 hoc
1078 753 1249 791 nosse
1280 739 1435 807 quod
1467 737 1732 803 delectet,
1776 734 2004 807 antiqui

344 807 543 879 Patris
574 811 630 860 et
659 807 1013 862 venerabilis
1046 806 1310 863 doctoris,
1331 807 1692 879 Areopagitae
1744 806 2004 877 Dionysii

342 877 436 951 ad
471 878 887 950 DemOphilum
939 882 1112 934 verba
1167 880 1333 935 vobis
1385 877 1615 934 recitari
1664 879 2001 951 praecipita;

336 947 440 1013 qui
476 947 744 1004 etiam—in
780 967 957 1005 causa
989 951 1224 1022 pietatis
1257 947 1696 1020 delinquentem
1733 947 2003 1005 sacerdo-

334 1024 452 1074 tem
480 1023 648 1076 nefas
697 1023 942 1076 sancita
992 1023 1322 1078 minoribus
1353 1024 1439 1077 vel
1487 1023 1861 1078 inferioribus
1905 1023 2002 1092 ju-

334 1093 560 1146 dicari:
598 1109 670 1147 ne
698 1093 798 1148 fiat
820 1095 879 1148 in
910 1095 1164 1150 Ecclesia
1189 1095 1280 1150 Dei
1303 1094 1521 1164 aliquid
1559 1094 1958 1149 inordinatum
1989 1135 2000 1158 ,

333 1168 393 1218 et
416 1169 611 1219 status
641 1165 770 1233 ejus
805 1165 860 1219 in
895 1165 1096 1236 alquot
1127 1168 1558 1220 confundatur.
1597 1189 1624 1214 »
1668 1167 1843 1220 Hodie
1890 1167 2004 1219 ista

331 1235 586 1306 epistola
619 1235 1337 1310 inscribitur’Demophilo
1369 1238 1884 1310 therapeutaajhoc
1915 1243 2004 1310 est

333 1309 610 1362 monacho
659 1309 789 1362 vide
844 1311 1046 1380 supra)
1079 1315 1136 1364 et
1181 1309 1267 1364 est
1301 1309 1683 1380 epistolarum
1737 1309 2002 1379 Dionysii

331 1395 581 1452 numero
615 1385 858 1452 octava;
891 1380 950 1452 in
1001 1398 1117 1452 qua
1149 1381 1530 1436 continentur
1573 1399 1700 1452 quae
1732 1383 1873 1452 citat
1904 1380 2000 1435 Ni-

329 1450 578 1528 cnlaus:
610 1449 686 1528 Οῤ
721 1451 940 1528 θεμιτὸν
987 1449 1132 1526 ἱέρὲαι
1160 1452 1298 1528 πρὸς
1326 1456 1432 1505 τῶν
1487 1449 1620 1527 ὑπὲρ
1656 1452 1712 1528 o‘s
1745 1451 2000 1528 )t_cv.1:o_up-

370 1523 468 1598 ᾧν,
605 1526 714 1574 τῶν
764 1520 1056 1596 ὄμοταγῶιὶ
1108 1520 1213 1577 σοι’
1265 1520 1609 1598 θεραπευτῶκ)
1664 1520 1997 1586 εὐθύνεσθάι.

377 1597 493 1664 e/as
522 1602 608 1674 est
630 1597 966 1674 sacerdotem
989 1614 1028 1651 α
1059 1597 1362 1674 ministris,
1388 1599 1480 1674 pel
1513 1600 1610 1674 qui
1639 1598 1885 1670 ejusdem
1919 1600 1998 1651 te-

325 1680 454 1719 cum
484 1665 700 1720 ordinis
729 1673 861 1722 sunt
895 1669 1267 1739 therapeulis,
1293 1665 1572 1740 judicari.

402 1779 738 1836 Testimonia
769 1781 1022 1908 Libera?
1072 1783 1214 1908 Acri,
1245 1787 1295 1864 et
1344 1785 1635 1840 Deusdedit
1680 1787 1922 1857 episcopi

1013 1871 1114 1908 ara
1145 1867 1308 1908 nam.

1013 1867 1308 1910 aramam.

396 1948 652 2030 .Produxi
704 1952 853 2004 teste
900 1965 990 2030 ex_
1032 1951 1166 2030 Asia
1219 1959 1274 2006 et
1346 1953 1602 2030 Europa,
1669 1953 1992 2030 producam

329 2023 514 2075 etiam
569 2036 754 2075 unum
807 2037 873 2076 ex
923 2023 1119 2077 Africa
1160 2041 1173 2090 ;
1223 2025 1464 2093 produxi
1516 2023 1587 2079 ex
1635 2023 1990 2091 continente,

330 2093 652 2163 producam
675 2109 858 2146 unum
885 2109 953 2147 ex
975 2094 1169 2148 insula
1190 2095 1492 2150 Sardiniae.
1522 2097 1579 2150 In
1607 2113 1812 2150 omnes
1835 2097 1991 2151 enim

327 2163 492 2218 orbis
528 2169 744 2233 partes,
782 2180 884 2235 per
914 2171 1128 2219 terram
1163 2172 1219 2220 et
1249 2167 1568 2234 Oceanum,
1603 2168 1724 2222 haec
1755 2175 1993 2224 senten-

329 2237 432 2318 tia.
449 2236 797 2318 penetravit,
810 2242 880 2318 _et
911 2237 1229 2318 praevaluit.

409 2307 722 2362 Liberatus
753 2309 892 2362 Afer
914 2307 970 2362 in
1005 2309 1323 2377 Breviario,
1343 2310 1413 2363 de
1443 2325 1623 2364 causa
1646 2310 1994 2367 Nestoriana

333 2383 392 2433 et
425 2378 783 2453 Eutycbiana
807 2395 953 2453 cap,
977 2381 1058 2444 10,
1085 2382 1160 2436 ita
1195 2381 1475 2451 scripsit:
1507 2405 1533 2432 ‹‹
1561 2381 1812 2453 Cyrillus
1853 2400 1992 2453 qua-

330 2455 474 2505 tuor
512 2449 695 2504 libros
747 2449 1006 2522 scripsit,
1038 2457 1155 2507 tres
1209 2449 1490 2507 adversus
1539 2449 1903 2508 Theodorum
1939 2461 1994 2510 et

339 2523 652 2595 Diodorum
681 2538 694 2586 ;
731 2523 896 2593 quasi
934 2523 1264 2578 NestOriani
1299 2525 1594 2595 dogmatis
1626 2531 1914 2588 auctores,
1935 2534 1994 2582 et

335 2594 520 2648 alium
545 2593 617 2666 de
650 2595 1053 2648 Incarnatione
1076 2595 1316 2650 librum.
1351 2593 1411 2650 In
1439 2596 1653 2666 quibus
1686 2597 1988 2653 continen-

334 2672 436 2738 tur
467 2665 846 2738 antiqugrum
879 2667 1110 2721 Patrum
1143 2665 1484 2738 incorrupta
1507 2669 1863 2723 testimonia.
1890 2675 1993 2726 Fe-

333 2737 468 2792 licis
491 2753 650 2810 papae
677 2735 943 2810 Romani,
968 2738 1222 2810 Dionysii
1266 2735 1626 2810 Areopagitas
1663 2739 1990 2798 Corinthio-

333 2825 471 2863 rum
517 2809 798 2888 episcopi,
831 2815 888 2864 et
916 2809 1175 2882 Gregorii
1229 2809 1519 2866 Mirabilis
1563 2816 1990 2888 Θαυματουργοῦ

329 2881 733 2951 cognominati
766 2901 792 2929 η

404 2955 618 3024 contra
648 2951 757 3024 hoc
783 2951 1189 3024 testimonium
1239 2952 1355 3007 duo
1387 2958 1630 3024 possent
1678 2955 1751 3008 ab
1783 2953 1988 3007 adver-

329 3023 514 3078 sariis
543 3023 738 3095 objici.
776 3023 994 3090 Primo,
1029 3024 1183 3094 quod
1216 3023 1484 3079 catholici
1526 3025 1767 3095 quidam
1802 3038 1986 3093 nega-

334 3095 462 3168 rint
493 3095 600 3168 h_os
629 3093 855 3168 __libros_
879 3111 1008 3168 esse
1040 3093 1105 3151 D.
1157 3096 1392 3168 Cyrilli;
1427 3093 1588 3152 ducti
1627 3114 1696 3152 ea
1743 3097 1987 3158 ratione,

333 3167 480 3238 quia
511 3165 766 3240 Cyrillus
806 3165 953 3222 vivis
984 3168 1102 3222 haec
1133 3165 1468 3223 testimonia
1497 3185 1614 3240 non
1663 3169 1988 3240 objecerat;

333 3237 477 3310 ergo
509 3237 707 3311 Cyrilli
755 3238 865 3293 hoc
896 3255 1047 3308 opus
1075 3255 1189 3294 non
1234 3240 1440 3294 videri.
1497 3237 1854 3311 Responderi
1887 3255 1992 3311 po-

330 3315 473 3375 test,
511 3314 651 3364 tunc
673 3310 909 3364 demum
936 3311 1245 3382 objecisse,
1275 3311 1403 3382 quia
1429 3310 1843 3382 priusillorum
1880 3310 1998 3366 non

325 3383 707 3446 recordatus,
731 3387 933 3452 postea
956 3382 1012 3436 in
1048 3389 1302 3437 mentem
1335 3390 1656 3450 venerunt;
1692 3383 1834 3439 item
1877 3383 1999 3436 illis

330 3453 592 3508 mortuis
627 3453 734 3526 hoc
757 3470 904 3524 opus
935 3455 1362 3526 composuisse,
1387 3462 1588 3510 contra
1621 3473 1769 3526 quos
1799 3455 1997 3509 viven-

337 3532 429 3580 tes
462 3541 591 3598 noni
611 3525 932 3598 disputavit
953 3525 1414 3598 adhucjunior:
1449 3525 1773 3598 disputavit
1801 3535 1996 3582 autem

340 3602 550 3652 contra
565 3597 709 3651 disci
723 3597 892 3667 pulos
905 3613 1107 3652 eorum
1121 3597 1452 3652 Nestorium
1469 3597 1971 3654 ac'l‘heodoretum
1984 3638 1996 3651 .

399 3668 668 3749 secundo
697 3673 888 3749 potest
909 3669 1119 3749 objici,
1140 3671 1340 3749 locum
1369 3686 1503 3749 esse
1526 3672 1902 3749 mendosum,
1940 3677 2001 3749 et

325 3736 391 3792 τό
425 3736 789 3812 Areopagitae
827 3736 1248 3812 inducendum.
1283 3740 1468 3796 Velim
1504 3743 1735 3798 consuli
1766 3736 1998 3798 vetusta

327 3811 727 3884 exemplaria;
767 3811 898 3884 ﬁeri
923 3814 1078 3866 enim
1114 3817 1331 3884 potest,
1367 3818 1428 3867 u-t
1461 3813 1624 3870 locus
1675 3816 1996 3870 mendosus

329 3883 582 3956 minime
613 3883 710 3949 sit,
745 3885 844 3938 sed
880 3883 1184 3939 Liberatus
1215 3885 1275 3939 in
1310 3902 1511 3940 eorum
1568 3903 1765 3941 errore
1797 3888 1998 3956 fuerit,

331 3955 435 4030 qui
459 3955 808 4030 Dionysium
832 3957 1238 4030 Aeropagitam
1257 3964 1637 4030 censuerunt,
1663 3964 1794 4030 post
1818 3955 1997 4014 Athe;

329 4027 600 4082 niensem
659 4027 1002 4083 cathedram
1062 4029 1133 4083 ad
1186 4029 1549 4086 Corinthiam
1617 4027 1996 4095 translatum,

327 4099 688 4171 priusquam
721 4098 780 4152 iu
811 4099 1030 4154 Gallias
1065 4100 1364 4171 migraret.

410 4171 782 4244 Asdeodatus,
798 4171 926 4244 sive
948 4172 1266 4244 Deusdedit
1291 4171 1645 4227 venerabilis
1683 4173 1998 4244 episcopus

331 4240 585 4297 Ecclesia
618 4241 963 4315 Caralitanaa
993 4242 1210 4315 insulae
1243 4243 1523 4298 Sardiniae
1557 4244 1614 4298 in
1640 4247 1863 4315 synodo
1889 4240 1996 4300 La-

332 4314 635 4369 teranensi
674 4316 784 4369 sub
833 4314 1084 4369 Martino
1119 4316 1139 4368 Ι
1173 4316 1608 4370 consultatione
1627 4314 1684 4383 5,
1715 4318 1800 4371 sic
1832 4317 1995 4371 locu-

333 4389 437 4440 tus
469 4402 483 4440 :
518 4409 546 4437 «
581 4384 838 4440 Verbum
872 4391 1349 4442 consummatum
1383 4391 1442 4439 et
1483 4386 1806 4442 breviatum
1843 4391 1994 4444 acci-

329 4457 500 4527 pient
548 4473 582 4512 a
607 4456 856 4513 Domino
903 4465 1096 4513 vestra
1126 4457 1458 4512 veneranda
1499 4459 1796 4514 beatitudo
1830 4476 1992 4515 com-

2121 519 2363 587 scripta.
2408 514 2541 587 quae
2593 517 2651 569 in
2703 518 2978 586 praesenti
3025 514 3236 571 relecta
3287 520 3447 584 sunt,
3481 518 3668 586 Cyrus
3719 523 3776 570 et

2117 589 2355 661 Sergius
2387 591 2764 661 denegantes,
2799 594 2856 641 et
2888 591 3197 658 propterea
3239 593 3578 661 sanctorum
3629 603 3772 658 quo-

2114 659 2496 731 que'Patrum
2531 660 2934 714 adulterantes
2965 662 3327 728 testimonia,
3361 659 3571 714 merito
3603 676 3635 714 a
3672 675 3771 714 ve—

2114 741 2233 788 stra
2256 733 2577 803 apostolica
2601 731 2696 802 pia
2717 731 3013 786 sententia
3041 732 3412 786 condemnati
3438 736 3598 797 sunt,
3621 747 3772 802 quos

2112 810 2169 860 et
2210 822 2316 861 nos
2337 821 2636 859 consonau
2675 810 2764 856 ter
2813 819 2946 857 cum
2973 819 3040 857 ea
3072 809 3378 874 propterea
3409 804 3772 858 condemna-

2115 893 2246 931 mus
2275 893 2286 931 :
2314 893 2540 931 necnon
2566 881 2621 929 et
2645 875 2928 946 Pyrrhum
2958 876 3140 946 Sergii
3166 890 3589 946 successorem,
3623 891 3769 946 quo-

2113 950 2270 1029 niam
2305 955 2359 1002 et
2390 950 2515 1029 ipse
2547 947 2938 1029 nihilominus
2984 945 3368 1029 cuthergio
3413 945 3654 1029 .Cyrum’
3681 963 3767 1028 re-

2111 1023 2337 1091 cepisse
2387 1018 2777 1092 dignoscitur,
2832 1025 2887 1073 et
2947 1019 3177 1092 studuit
3245 1018 3296 1072 ei
3350 1018 3643 1092 advocare
3709 1019 3766 1092 in

2113 1089 2534 1163 praenominato
2593 1091 2845 1162 septimo
2902 1091 3162 1160 capitulo
3232 1096 3288 1163 et
3350 1089 3460 1144 hoc
3517 1106 3649 1144 cum
3710 1090 3767 1163 in

2111 1161 2326 1230 scripto
2359 1169 2611 1218 testatur
2641 1161 2842 1217 centra
2891 1179 3050 1228 eum,
3092 1162 3372 1233 quoniam
3428 1161 3768 1218 immutavit

2109 1237 2263 1290 6I3
2313 1236 2631 1290 dictionem
2669 1234 2822 1289 beati
2858 1233 3141 1306 Dionysii,
3173 1238 3231 1289 et
3279 1233 3557 1304 quoniam
3605 1235 3768 1302 juste

2110 1307 2499 1379 reprehensus
2531 1313 2621 1360 est
2641 1323 2744 1376 pro
2771 1307 3112 1379 hujusmodi
3132 1307 3551 1379 immutatione
3573 1321 3606 1358 a
3628 1306 3767 1359 bea-

2110 1376 2191 1433 tai
2213 1378 2510 1434 memoriae
2541 1379 2903 1447 Sophronio:
2939 1378 3019 1431 ita
3050 1377 3204 1432 enim
3241 1376 3447 1430 scribit
3477 1377 3535 1430 in
3580 1393 3764 1430 unum

2110 1453 2511 1522 dogmaticum
2547 1454 2676 1517 ejus
2707 1449 2978 1522 volumen
3012 1449 3290 1522 Pyrrhuis.
3327 1449 3518 1504 Unum
3565 1454 3762 1503 autem

2107 1520 2338 1576 tantum
2366 1523 2689 1594 capitulum
2716 1520 3474 1594 reprehenditSopbronius
3497 1535 3762 1594 revesen-

2105 1595 2408 1662 dissimus,
2436 1591 2638 1665 utpote
2670 1595 3065 1647 testimonium
3093 1593 3271 1647 beatis
3305 1592 3604 1665 memoriae
3636 1591 3766 1665 Dio-

2108 1669 2255 1738 nysii
2292 1663 2606 1722 falsantem
2639 1666 3069 1738 permutatione
3102 1665 3278 1719 unius
3309 1665 3505 1738 vocis:
3538 1663 3598 1716 in
3629 1664 3760 1738 __hoc

2111 1734 2368 1809 congrua
2403 1739 2604 1793 dicens
2635 1734 2948 1809 praedictus
2979 1737 3089 1803 vir,
3122 1741 3179 1791 et
3208 1741 3401 1802 cauta,
3435 1736 3494 1789 in
3543 1734 3760 1809 quibus

2022 1813 2072 1879 Β
2106 1809 2203 1864 ille
2224 1805 2482 1864 asserit:
2516 1805 2874 1864 Sed'homine
2901 1811 3044 1873 [acto
3074 1809 3201 1876 Deo,
3234 1823 3432 1862 novam
3462 1805 3758 1876 quamdam

2107 1883 2455 1936 Dei-virilem
2475 1881 2851 1952 operationem
2871 1879 3028 1934 nobis
3047 1882 3330 1951 proferens
3353 1896 3369 1952 ί
3393 1894 3571 1952 unam
3596 1894 3755 1932 nem-

2105 1970 2174 2024 pe
2204 1950 2532 2008 secundum
2564 1950 2868 2007 veritatem
2901 1968 3006 2021 pro
3039 1950 3186 2024 nova
3219 1950 3560 2024 continebat
3581 1952 3755 2024 deno-

2104 2021 2393 2079 minatum
2430 2024 2701 2079 volumen
2730 2043 2743 2091 ;
2770 2025 2870 2078 sed
2908 2039 3020 2077 non
3045 2023 3336 2077 malitiose
3360 2021 3560 2091 (absit)
3585 2023 3755 2090 juxta

2105 2113 2302 2151 meum
2333 2098 2598 2158 verbum,
2623 2097 2723 2151 sed
2746 2095 3029 2166 quoniam
3058 2111 3175 2166 non
3203 2095 3374 2148 aliter
3397 2098 3586 2166 potest
3610 2109 3755 2166 nova

2103 2167 2369 2238 intelligi,
2405 2168 2520 2223 nisi
2551 2185 2690 2235 una,
2722 2165 2777 2221 a7
2797 2165 3172 2222 sanctissimo
3213 2169 3360 2238 Cyro
3410 2165 3755 2238 hujusmodi

2100 2256 2210 2294 vox
2243 2235 2436 2311 posita
2465 2245 2587 2294 est:
2621 2239 2894 2308 quoniam
2927 2255 3031 2310 per
3057 2235 3519 2311 abnegationem
3571 2235 3755 2290 subli-

2103 2309 2286 2367 mium
2304 2329 2481 2366 unam
2499 2313 2707 2367 beatus
2721 2312 2923 2365 doctor
2935 2309 3360 2365 confessionem
3385 2312 3755 2370 construens,

2102 2389 2158 2438 et
2208 2384 2358 2438 hanc
2411 2383 2793 2454 singulariter
2838 2381 3195 2452 exprimens,
3227 2380 3393 2454 quid,
3429 2379 3599 2436 aliter
3643 2377 3756 2454 nisi

2102 2471 2279 2509 unam
2329 2453 2594 2509 confiteri
2646 2454 3077 2524 operationem,
3128 2469 3194 2507 eo
3244 2453 3397 2522 quod
3429 2468 3618 2524 _unus
3672 2453 3765 2524 est

2098 2527 2385 2599 Christus,
2419 2543 2523 2599 per
2552 2522 2847 2599 quoddam
2879 2524 3123 2578 verbum
3161 2522 3533 2599 luculentius
3556 2522 3762 2599 prodi-

2101 2599 2182 2652 dit
2205 2596 2227 2650 ?
2250 2598 2394 2670 Ecce
2420 2594 2818 2670 'apertissime
2855 2612 2960 2670 per
2988 2612 3129 2670 suos
3161 2610 3468 2670 sermones
3500 2594 3761 2670 Pyrrhus

2100 2675 2157 2723 et
2191 2665 2536 2724 falsatam'a
2567 2665 3060 2740 Cyrodict’ionem
3111 2666 3264 2721 beati
3317 2665 3574 2736 Dionysii
3623 2681 3760 2740 pro-

2099 2742 2294 2796 fessus
2325 2745 2434 2808 est,
2466 2745 2522 2795 et
2553 2737 2972 2812 reprehensum
3007 2742 3314 2812 propterea
3341 2753 3495 2812 _eum
3554 2737 3764 2812 merito

2098 2813 2377 2874 ostendit,
2411 2806 2575 2867 etc.»
2608 2806 2743 2883 Agit
2781 2812 2851 2883 de
2889 2811 2987 2865 illo
3008 2806 3291 2883 Dionysii
3341 2807 3465 2863 loco
3513 2806 3764 2877 epistola

2095 2885 2166 2939 ad
2194 2883 2396 2939 Gaium
2430 2881 2803 2955 quartafquo
2837 2881 3231 2937 Monothelitze
3255 2882 3584 2955 depravata
3612 2897 3655 2955 a_
3675 2895 3758 2945 se,

2097 2960 2154 3011 et
2185 2956 2336 3011 male
2367 2951 2564 3024 citato,
2589 2951 2794 3010 contra
2822 2955 3124 3009 veritatem
3156 2951 3404 3026 geminae
3434 2951 3495 3007 in
3527 2953 3757 3008 Christo

2094 3027 2424 3083 voluntatis
2456 3028 2868 3083 abutebantur.
3498 3045 3502 3049 ·
3733 3027 3738 3033 ’

2024 3166 2067 3234 C
2108 3145 2442 3234 Testirssnig
2498 3158 2568 3198 ex
2601 3141 2907 3234 Iliildusi'no,
2962 3137 3614 3234 Ilipagaroié’na‘s‘la‘sio
3665 3139 3760 3193 Bi-

2285 3215 2660 3280 bliothecario,
2688 3218 2739 3270 et
2769 3218 3001 3284 Hugone
3015 3211 3080 3267 de
3109 3213 3305 3268 Sancto
3332 3211 3563 3266 Victore.

2175 3313 2494 3368 Hilduinus
2540 3312 2722 3367 abbas
2770 3309 3112 3367 monasterii
3158 3309 3223 3363 B.
3266 3307 3545 3380 Dionysii
3578 3323 3757 3379 prope

2106 3385 2391 3440 Lutetiam
2427 3384 2804 3450 Parisiorum,
2840 3383 2939 3438 ubi
2975 3397 3189 3453 corpus
3222 3379 3550 3435 beatisSimi
3605 3396 3760 3434 mar-

2103 3455 2250 3529 tyris
2298 3457 2553 3512 creditur
2583 3455 2870 3510 asservari
2911 3453 3075 3529 (licet
3116 3453 3572 3529 Ralisponenses
3620 3467 3759 3506 con-

2103 3523 2353 3583 tendant
2385 3530 2442 3583 in
2477 3544 2647 3582 suam
2695 3529 2995 3582 civitatem
3047 3527 3198 3580 dono
3250 3523 3504 3578 Francius
3555 3539 3758 3594 regum

2103 3601 2482 3664 translatum,
2509 3599 2683 3654 hodie
2717 3600 2776 3653 in
2809 3597 3010 3654 Sancti
3043 3599 3380 3651 Emmerani
3417 3594 3599 3650 nobili
3637 3611 3758 3650 mo-

2105 3673 2361 3728 nasterio
2394 3672 2622 3740 haberi)
2643 3671 2984 3733 Hilduinus,
3009 3669 3284 3740 inquam,
3307 3668 3376 3723 ad
3403 3666 3761 3722 Ludovicum

2105 3744 2274 3798 Pium
2299 3747 2506 3816 imper.
2533 3742 2721 3798 Caroli
2744 3741 2937 3815 Magni
2959 3740 3143 3796 tilium
3170 3741 3758 3816 scribens_,_testatur,

2108 3817 2315 3871 borum
2349 3811 2635 3870 librorum
2668 3811 3013 3886 script'orem
3051 3829 3261 3886 genere
3299 3811 3760 3886 nobilissimum,

2105 3893 2162 3944 et
2194 3887 2589 3960 philosophia:
2617 3882 2958 3958 magisterio
3008 3882 3324 3960 insignem,
3359 3883 3600 3960 Athenis
3643 3882 3761 3960 cla-

2106 3953 2300 4015 ruisse
2330 3977 2342 4015 :
2377 3953 2447 4014 ac
2474 3959 2682 4030 probat
2713 3953 2782 4013 ἔκ
2814 3953 3384 4030 apostolicis_Act_is_;
3416 3953 3758 4030 et_A_ristar-

2105 4033 2195 4087 chi
2231 4031 2410 4086 Graeci
2445 4024 2875 4100 c—hronograph'i
2901 4027 3207 4099 epistolola
3227 4027 3300 4082 ad
3323 4024 3757 4100 Onesiphorum

2105 4104 2529 4174 primicerium,
2562 4103 2633 4157 de
2665 4096 2794 4156 situ'
2815 4096 3176 4174 Athenarum
3200 4115 3273 4174 _;a
3305 4113 3420 4168 quo
3441 4096 3594 4174 dicit
3632 4113 3763 4151 nar-

2107 4169 2218 4229 rari
2274 4196 2301 4224 ‹‹
2361 4183 2544 4229 ortum
2590 4174 2874 4244 prosapie
2928 4175 2979 4227 et
3033 4169 3343 4244 doctrinam
3399 4169 3539 4239 ejus,
3597 4178 3764 4237 atque

2099 4248 2532 4301 conversationis
2561 4243 2832 4311 ordinem,
2882 4259 2977 4298 seu
3021 4243 3202 4300 aetatis
3248 4245 3480 4311 tempus,
3526 4254 3626 4294 nec
3654 4255 3760 4295 non

2099 4326 2151 4372 et
2216 4316 2622 4372 ordinationem
2673 4318 2867 4387 ipsius,
2918 4324 2973 4370 et
3029 4312 3507 4387 praedicationem,
3566 4311 3759 4387 subro-

2100 4391 2378 4460 gationem
2425 4389 2594 4444 etiam
2653 4384 3040 4460 episcopiiin'
3071 4386 3248 4440 locum
3306 4401 3494 4460 suum,
3548 4391 3605 4460 et
3657 4384 3761 4460 ad-

2101 4455 2333 4516 uentum
2365 4461 2522 4515 illius
2556 4455 2799 4516 Romam.
2828 4455 2854 4508 )3
2888 4459 2971 4513 Ibi
2999 4457 3152 4512 inter
3181 4461 3389 4513 caetera
3426 4457 3497 4510 de
3548 4455 3642 4510 his
3689 4455 3762 4508 li-

330 4526 617 4611 pendiose
650 4528 978 4600 pariterque
1001 4529 1332 4611 diligenter,
1366 4529 1921 4611 tamofal_siloq_uium
1941 4537 1997 4587 et
2029 4542 2076 4605 ι)
2107 4532 2232 4611 bris
2281 4533 2363 4587 ita
2411 4532 2655 4611 scribit:
2711 4554 2737 4582 et
2770 4532 3052 4587 Caeterum
3101 4529 3172 4583 de
3221 4528 3431 4611 notitia
3477 4526 3762 4611 iibrorum

337 4599 1136 4676 novitatem,quamioperati
1163 4601 1701 4676 snntnpertissime
1731 4599 1915 4676 Cyrus
1943 4611 2000 4660 et

341 4672 586 4743 Sergius
619 4672 899 4728 adversus
922 4672 1156 4729 sanctos
1189 4672 1456 4728 Ecclesiae
1479 4672 2004 4733 catholicaa'Patres

349 4750 529 4818 atque
559 4745 856 4818 dogmata,
890 4763 991 4817 per
1019 4762 1087 4801 ea
1109 4761 1237 4816 quae
1268 4745 1730 4818 prudentissime
1761 4747 1818 4801 in
1853 4765 2001 4818 prte-

335 4815 492 4871 senti
522 4815 819 4872 allocutus
850 4815 961 4886 est,
985 4815 1156 4872 nobis
1185 4815 1630 4886 demonstravit,
1684 4815 2001 4877 ostendens

332 4903 436 4943 eos
466 4887 878 4962 haereticorum
903 4889 1159 4962 irretitos
1180 4888 1568 4962 confessione,
1595 4907 1697 4962 per
1713 4891 1820 4945 hoc
1844 4895 2000 4962 quod

338 4975 508 5033 unum
538 4961 735 5033 juxtra
767 4961 1155 5033 exsecrabiles
1186 4961 1575 5016 Themistium
1602 4961 1669 5017 et
1699 4961 1999 5033 Severum,

337 5030 705 5104 Dei-virilem
757 5032 1154 5104 operationem
1208 5049 1337 5087 esse
1369 5033 1744 5096 denuntiant,
1795 5040 1850 5089 et
1884 5030 1998 5092 non

337 5102 641 5177 mirificam
694 5105 752 5158 in
798 5102 913 5160 hoc
956 5109 1134 5176 atque
1173 5104 1547 5177 mirabilem,
1602 5107 1880 5177 quoniam
1939 5109 1998 5163 in

344 5174 565 5230 unione
597 5176 872 5244 indivisa,
905 5174 1054 5231 duas
1089 5175 1262 5230 unius
1311 5177 1577 5246 ejusdem
1619 5174 1837 5234 Christi
1899 5180 1999 5235 Dei

343 5247 647 5303 naturales
673 5249 1042 5319 operationes
1064 5247 1370 5304 inconfuse
1403 5250 1682 5317 ostendit,
1715 5251 1771 5305 id
1805 5253 1999 5306 estdi-

334 5319 536 5374 vinam
571 5325 627 5375 et
676 5319 1022 5389 humanam,
1058 5320 1114 5374 in
1169 5321 1613 5389 approbatione,
1668 5323 1996 5388 verissima,

336 5391 526 5466 Deum
552 5393 824 5466 eumdem
845 5409 974 5448 esse
999 5391 1348 5466 naturaliter
1367 5397 1424 5466 et
1463 5393 1802 5461 hominem;
1841 5397 1997 5466 quod

339 5462 572 5536 utique,
605 5464 758 5519 sicut
786 5466 994 5520 beatus
1016 5464 1333 5536 Dionysius
1365 5464 1468 5536 ait,
1492 5466 1755 5520 omnium
1783 5462 1874 5522 est
1899 5485 2000 5523 no-

337 5534 593 5610 vitatum
621 5537 1069 5610 supereminens
1112 5534 1348 5610 novum.
1371 5535 1485 5610 Nec
1509 5537 1664 5592 enim
1691 5539 2000 5610 utriusque

339 5607 883 5682 interemptionem,
917 5612 1014 5663 sed
1042 5607 1354 5664 indivisam
1389 5608 1693 5676 unitatem,
1724 5626 1829 5682 per
1849 5607 2000 5666 hanc

340 5679 731 5752 compositam
765 5683 896 5752 ejus
924 5697 1120 5736 vocem
1159 5686 1522 5735 memoratus
1547 5679 1996 5738 Pater—edocuit.

338 5750 553 5825 Yeram
575 5750 833 5825 namque
858 5753 1183 5825 unitionem
1207 5754 1516 5808 ostendere
1537 5753 1857 5819 voluit,sed
1884 5771 2000 5810 non

344 5821 802 5903 diminutipne'm
835 5823 1161 5903 quamlibet
1203 5827 1574 5903 naturarum,
1632 5841 1761 5903 qua:
1794 5826 1852 5903 in
1886 5842 2001 5883 uno

344 5891 581 5950 Christo
612 5893 728 5952 Deo
762 5891 1234 5953 substantialiter
1261 5891 1585 5966 salvantur,
1620 5891 1722 5952 a'ut
1760 5901 1999 5954 natura-

2111 4605 2261 4687 ejus,
2296 4621 2442 4687 qnos
2473 4605 2661 4687 patrio
2711 4619 2982 4687 sermone
3003 4601 3403 4687 .conscripsit,
3435 4604 3494 4655 et
3511 4598 3761 4687 _quibus

2107 4669 2446 4759 petentibus
2471 4669 2605 4759 illos
2636 4677 2983 4759 composuit,
3003 4673 3172 4728 lectio
3195 4669 3492 4759 nobisper
3510 4669 3618 4759 Dei.
3635 4686 3766 4759 gra-

2105 4742 2272 4815 tiam,
2303 4756 2357 4803 et
2373 4755 2628 4804 vestram
2661 4742 3293 4814 ordinationem,cujus
3323 4742 3765 4815 dispensatione

2107 4821 2524 4889 interpretatos
2570 4821 2787 4875 scrinia
2838 4823 3041 4874 nostra
3089 4816 3427 4889 petentibus
3475 4819 3762 4889 ressrant,

2105 4887 2414 4948 satisfacit.
2446 4892 2830 4948 Authenticos
2860 4894 3055 4946 autem
3088 4887 3322 4944 eosdem
3353 4887 3533 4943 libros
3565 4887 3762 4942 Graeca

2107 4964 2311 5048 Lingua
2368 4967 2755 5048 conscriptos,
2816 4961 3052 5035 quando
3090 4977 3463 5048 .ceconsrnns‘
3495 4957 3762 5048 Ec‘cles‘ia:

2105 5028 2798 5106 Coﬁstantinopolitanie,
2831 5028 2888 5090 et
2915 5033 3102 5089 caeteri
3135 5033 3299 5106 missi
3334 5029 3658 5095 Michaelis,
3684 5028 3763 5106 ie-

2104 5107 2340 5176 gatione
2389 5101 2626 5180 publica
2684 5109 2756 5164 ad
2817 5111 3070 5180 vestram
3131 5103 3378 5180 gloriam
3413 5101 3762 5180 compendio

2106 5174 2290 5252 functi
2342 5174 2502 5248 sunt,
2555 5181 2611 5235 in
2664 5180 2794 5252 ipsa
2837 5176 3038 5249 vigilia
3085 5174 3582 5252 solemnitstisS.
3625 5174 3764 5231 Dio-

2104 5251 2408 5324 nysii,pro
2441 5247 2924 5324 munere—magno
2945 5248 3339 5324 suscepimus.
3358 5247 3520 5311 Quod
3545 5247 3765 5324 donum

2105 5318 2397 5378 devotioni
2430 5329 2665 5389 nostrae,
2702 5341 2766 5380 ac
2798 5318 2846 5376 si
2899 5321 3129 5376 caelitus
3176 5319 3452 5388 allatum,
3488 5320 3638 5374 adeo
3673 5318 3765 5373 di-

2102 5395 2238 5449 vina
2270 5401 2355 5450 est
2375 5397 2562 5468 gratia
2612 5397 2942 5468 prosecuta.
2967 5392 3123 5468 utin
3149 5393 3352 5468 eadem
3378 5395 3547 5447 nocte
3569 5392 3767 5446 decem

2104 5471 2160 5522 et
2191 5464 2403 5523 novem
2441 5464 2950 5524 nominatissimas
3002 5464 3251 5518 virtutes
3301 5465 3360 5518 in
3411 5469 3764 5534 aegrotorum

2105 5541 2410 5595 sanatione
2436 5541 2732 5595 variarum
2767 5537 3208 5603 inﬁrmitatum,
3238 5552 3307 5590 ex
3339 5535 3766 5601 notissimis,et

2103 5611 2390 5683 vicinitati
2423 5617 2634 5668 nostra!
2670 5609 2966 5683 personis
2997 5609 3297 5683 contiguis
3328 5609 3398 5662 ad
3433 5607 3666 5683 laudem
3709 5611 3764 5683 et

2126 5682 2352 5755 gloriam
2386 5685 2475 5740 sui
2509 5677 3188 5755 nominis,_orat_ionibus
3221 5685 3279 5735 et
3312 5679 3534 5755 meritis
3560 5677 3763 5755 _excel-

2129 5750 2419 5811 entissimi
2453 5757 2543 5810 sui
2579 5753 2873 5827 martyris,
2907 5753 3176 5827 Christus
3204 5751 3491 5827 Domjnus
3524 5750 3602 5827 sit
3630 5767 3766 5827 ope-

2105 5826 2558 5899 raripdignatus.
2591 5849 2620 5879 ιι
2654 5821 2795 5899 Post
2825 5825 2956 5899 haec
2976 5823 3313 5899 Hilduinus
3337 5823 3502 5899 Beda;
3546 5826 3604 5877 et
3625 5821 3766 5878 Gre-

2103 5890 2625 5970 gorii'l‘iironensis
2653 5900 2725 5956 de
2755 5897 2863 5954 hoc
2891 5893 3168 5968 Dionysio
3187 5896 3389 5952 nostro
3409 5890 3643 5967 lapsum
3667 5909 3766 5953 oa-
