4130 6400
330 325 439 378 999

1351 329 1414 378 Ρ.
1456 325 1838 376 LANSSELII
1877 323 2304 376 DISPUTATIO
2342 323 2739 378 APOLOGET.

3649 321 3759 374 990

334 452 662 507 ordinatus.
700 451 906 505 Petrus
938 449 998 504 in
1033 450 1303 521 Catalogo
1347 448 1449 503 lib.
1495 465 1620 513 VIII,
1666 463 1794 517 cap.
1849 447 1988 501 108:
2023 458 2073 521 Α
2109 446 2257 501 roris
2284 447 2350 521 S.
2378 447 2637 517 Gregorii
2670 446 3050 513 Turonensis,
3085 450 3142 500 et
3173 445 3420 521 aliorum
3491 445 3767 521 posteriO‘

336 523 672 578 Antoninus
702 523 850 577 621
909 527 1068 593 parte
1127 539 1168 586 1,
1220 525 1309 575 tit.
1360 525 1414 587 6,
1476 537 1604 591 cap.
1653 522 1707 583 8,
1754 525 1809 573 et
1859 526 1992 573 ante

337 612 546 650 omnes
581 595 847 649 homines
879 595 986 648 hos
1019 594 1367 649 Hincmarus
1397 609 1529 646 cum
1557 594 1769 663 agitde
1790 597 1991 646 sancto

339 669 614 738 Dionysio
647 668 1015 736 Areopagita.

406 734 659 795 Sanctus
689 734 966 810 Nigasius
999 741 1100 789 aut
1129 735 1420 803 Nicasius,
1441 735 1754 810 cpiscopus
1777 734 1990 810 Rheto-

333 812 659 881 magensis,
697 805 1085 876 11'Octobris,
1118 825 1150 862 a
1187 810 1350 862 beato
1397 813 1692 881 Clemente
1741 806 1800 881 in
1852 805 1989 881 Gal-_-

331 877 698 936 lias'missus
730 898 863 935 cum
901 887 955 934 Β.
995 882 1290 950 Dionysio,
1324 886 1380 934 et
1400 880 1639 943 caeteris,
1683 879 1853 946 cujus
1909 877 1988 932 rei

331 955 504 1008 ﬁdem
536 955 761 1008 faciunt
792 955 1005 1019 adhuc,
1042 953 1233 1021 inquit
1273 952 1690 1016 Demochares,
1742 957 1798 1003 et
1831 950 1989 1004 locus

329 1026 600 1096 martyrii
654 1026 836 1095 hujus
889 1025 1238 1096 percelebris
1282 1029 1346 1096 et
1394 1039 1572 1096 sacer,
1625 1021 1886 1096 reliquias
1935 1027 1991 1076 et

327 1093 550 1167 templa
579 1097 689 1152 sub
723 1093 898 1166 hujus
956 1095 1192 1149 nomine
1243 1094 1401 1167 clara
1451 1112 1484 1148 a
1531 1093 1824 1164 Rupelorti
1874 1111 1988 1147 non

329 1166 590 1224 multum
625 1169 933 1222 distantia.
969 1167 1110 1221 Vide
1147 1166 1480 1220 Baronium.

399 1242 654 1295 Sanctus
711 1242 990 1294 Crescens
1067 1243 1170 1292 aut
1243 1239 1613 1292 Crescentius
1677 1237 1988 1308 episcopus

319 1312 708 1379 Viennensis,
740 1313 806 1364 27
867 1311 1051 1374 Junii,
1112 1310 1260 1363 beati
1325 1308 1487 1363 Pauli
1550 1309 1880 1380 discipulus
1934 1315 1990 1363 et

318 1391 572 1455 martyr.
601 1382 744 1437 Vide
777 1383 1093 1438 Baronium
1131 1385 1199 1435 ad
1229 1381 1386 1455 hunc
1415 1381 1590 1435 diem.

401 1451 658 1510 Sanctus
699 1455 991 1510 Maximus
1062 1457 1166 1508 aut
1232 1451 1606 1520 Maximinus,
1672 1452 1987 1522 episcopus

318 1527 668 1597 Aquiensis,
701 1530 734 1581 8
761 1527 944 1588 Junii,
974 1526 1074 1596 qui
1108 1540 1240 1579 cum
1273 1524 1498 1578 sanctis
1532 1525 1768 1586 Lazaro,
1803 1523 1989 1578 Maria

321 1599 695 1669 Magdalena,
761 1599 989 1652 Martha
1056 1598 1378 1669 sororibus,
1433 1602 1488 1650 et
1551 1597 1806 1669 Cedonio
1860 1601 1988 1666 post

319 1667 640 1726 ascensum
671 1669 965 1724 Christiin
999 1667 1234 1737 coelum,
1287 1667 1472 1722 classe
1517 1667 1835 1721 Massiliam
1890 1683 1986 1736 ap-

325 1741 501 1815 pulit.
558 1747 761 1796 Petrus
819 1741 879 1796 in
939 1741 1210 1810 Catalogo
1266 1739 1415 1794 libro
1464 1757 1516 1806 ν,
1577 1756 1703 1809 cap.
1769 1739 1868 1792 101
1931 1744 1988 1793 et

398 1889 646 1940 Sanctus
677 1882 923 1938 Ursinus
947 1887 1048 1937 aut
1081 1881 1408 1944 Ursinicus,
1463 1881 1774 1952 episcOpus
1827 1880 1989 1935 Bitu-

322 1957 598 2023 ricensis,
630 1957 666 2008 9
695 1954 1073 2010 Novembris:
1112 1954 1269 2008 hunc
1301 1952 1986 2024 quidamdicuntNatlia-

321 2029 580 2083 naolem.
617 2027 826 2082 Petrus
855 2027 916 2080 in
941 2025 1210 2096 Catalogo
1234 2042 1359 2095 cap.
1394 2029 1448 2093 si,
1484 2024 1520 2079 l.
1553 2043 1597 2096 VI,
1631 2032 1684 2079 et
1718 2042 1846 2094 cap.
1901 2025 1989 2089 41,

275 2158 282 2163 ,
317 2100 476 2155 libro
510 2117 565 2154 x.
599 2100 725 2154 Ado
751 2117 764 2153 :
793 2121 820 2147 ‹‹
849 2102 990 2154 Item
1020 2095 1222 2152 eodem
1257 2097 1349 2151 die
1374 2098 1527 2167 apud
1547 2095 1834 2150 Bituricae
1861 2113 1991 2149 san-

319 2172 400 2226 cti
436 2171 656 2239 Ursini,
709 2171 806 2240 qui
863 2176 1060 2226 Romae
1113 2170 1420 2223 ordinatus
1471 2186 1502 2222 a
1549 2167 1992 2222 successoribus

319 2243 767 2314 apostolorum,
789 2242 1017 2312 primus
1047 2240 1235 2296 eidem
1262 2241 1392 2294 urbi
1418 2240 1991 2314 destinaturepisco-

320 2311 440 2387 pus
475 2332 487 2369 :
532 2337 558 2363 »
591 2319 729 2387 sunt
757 2311 1064 2382 ipsissima
1097 2314 1274 2367 verba
1305 2311 1791 2387 sanctiﬁGregorii
1815 2312 1993 2366 Turo-

322 2386 529 2442 nensis
561 2391 636 2441 De
660 2386 841 2453 gloria
873 2387 1307 2449 confessorum,
1334 2400 1460 2454 cap.
1492 2386 1580 2437 80.

393 2452 674 2512 Sanctus,
708 2457 1031 2526 Eutropius
1101 2452 1422 2525 episcopus
1463 2452 1867 2522 Santonensis,
1923 2453 1993 2526 30

323 2529 570 2599 Aprilis.
606 2552 631 2578 α
659 2545 692 2582 a
715 2528 778 2582 B.
811 2524 1438 2599 Clementegepiscopo,
1475 2527 1665 2595 inquit
1687 2525 1857 2599 _Ado,
1911 2524 1992 2577 di-

323 2597 523 2655 rectus
557 2601 614 2654 in
649 2598 889 2663 Gallias,
918 2620 944 2647 »
973 2604 1082 2653 etc.
1109 2597 1324 2652 Beatus
1344 2599 1664 2669 Gregorius
1686 2597 1992 2669 Turonen-

321 2673 412 2726 sis
436 2673 508 2727 De
536 2672 720 2742 gloria
753 2676 1064 2741 martyrum
1097 2686 1227 2742 cap,
1273 2670 1364 2724 56.
1400 2691 1442 2742 «ί
1473 2668 1800 2742 Eutropius
1847 2683 1990 2742 quo-

321 2760 444 2814 que
478 2738 698 2814 martyr
726 2738 1054 2814 Santo'nicre
1103 2739 1287 2814 urbis,
1338 2759 1370 2794 a
1420 2741 1478 2794 B.
1528 2738 1989 2814 Clementeﬂepi-

323 2811 510 2885 scopo
545 2811 729 2870 fertur
751 2815 1010 2868 directus
1041 2813 1099 2867 in
1133 2812 1371 2885 Gallias,
1401 2836 1421 2863 ιι
1461 2817 1553 2885 etc
1584 2816 1802 2885 Petrus
1829 2811 1990 2885 Cata-

327 2883 468 2957 logo
501 2887 600 2941 lib.
627 2903 702 2952 1v,
738 2902 866 2957 cap.
904 2886 1025 2940 105.
1063 2884 1416 2957 Breviarium
1469 2883 1796 2957 Parisiense
1848 2883 1990 2957 dicit

327 2953 589 3014 missum
641 2953 828 3013 fuisse
879 2973 1010 3013 cum
1082 2963 1282 3011 sancto
1335 2955 1612 3026 Dionysio
1659 2973 1690 3010 ει
1739 2955 1800 3008 Β.
1863 2953 1986 3009 Cle-

327 3036 551 3086 mente.

403 3106 487 3156 Ne
519 3101 622 3171 ibi,
661 3100 878 3168 Lector,
914 3098 1200 3171 molestus
1247 3097 1381 3162 sim,
1427 3097 1476 3153 si
1516 3096 1739 3171 diutius
1788 3097 1847 3150 in
1900 3114 1990 3171 re-

322 3173 516 3244 liquis
549 3169 615 3227 te
635 3172 959 3239 detineam,
1005 3170 1196 3244 finem
1227 3171 1550 3244 imponam,
1605 3169 1700 3244 ubi
1752 3170 1991 3244 nomina

323 3187 516 3244 liquis
549 3187 604 3227 te
635 3187 959 3239 detineam,
1005 3187 1176 3225 nneui
1227 3187 1350 3296 imp

322 3245 695 3314 reliquorum
732 3247 1065 3314 sanctorum
1100 3241 1198 3312 qui
1233 3241 1315 3296 Ga
1345 3243 1350 3294 Ι

325 3312 478 3385 pora
509 3315 735 3369 lumine
769 3314 902 3368 fidei
933 3313 1332 3378 illustrarunt,
1361 3313 1646 3368 indicaro.
1675 3313 1761 3367 Tu
1787 3314 1856 3367 de
1882 3312 2000 3367 illis

325 3389 658 3443 Baronium
691 3390 747 3441 et
773 3385 919 3441 alios
949 3386 1245 3439 consules.

407 3460 661 3515 Sanctus
693 3458 990 3512 Taurinos
1024 3453 1391 3511 Ehroicensis
1418 3454 1752 3524 episcopus,
1795 3458 1847 3508 ll
1882 3461 1999 3508 Au-

328 3531 515 3602 gusti.
550 3531 803 3602 Sanctus
838 3526 1472 3602 LucianusBellovaci,
1495 3527 1528 3578 8
1552 3526 1837 3602 Januarii.
1859 3527 1997 3581 San-

335 3598 467 3657 ctus
500 3600 760 3658 Valerius
819 3599 1215 3663 Treverensis,
1267 3599 1336 3651 29
1406 3598 1693 3652 Januarii.
1743 3602 1996 3652 Sanctus

333 3673 616 3730 Julianus
649 3670 1131 3734 Cenomanensis,
1161 3671 1230 3723 27
1258 3669 1546 3724 Januarii.
1594 3672 1844 3724 Sanctus
1889 3670 1994 3724 Za-

333 3746 569 3800 charias
618 3744 991 3810 Viennensis,
1059 3743 1129 3796 ‘26
1190 3741 1344 3796 Maii.
1389 3742 1642 3796 Sanctus
1708 3741 1994 3797 Martinus

344 3815 720 3883 Viennensis,
792 3817 859 3870 10
905 3814 1067 3871 Julii.
1119 3818 1366 3868 Sanctus
1428 3813 1612 3868 Verus
1682 3813 1995 3884 episcopus

341 3888 716 3956 Viennensis,
753 3887 774 3940 1
810 3886 1083 3958 Augusti.
1112 3885 1194 3958 De
1223 3886 1330 3958 his,
1365 3888 1429 3938 ut
1479 3885 1770 3954 dicebam,
1803 3886 1994 3940 omni-

339 3960 454 4015 bus
479 3960 627 4015 nibil
657 3956 1061 4030 penitnsdixil
1094 3956 1432 4029 Gregorius,
1493 3973 1745 4028 quorum
1797 3961 1994 4012 tamen

339 4047 435 4087 res
467 4049 574 4086 nec
606 4047 795 4102 parvae
826 4047 930 4085 nec
963 4032 1226 4085 obscurae
1263 4031 1519 4096 fuerunt,
1543 4031 1734 4102 utqui
1755 4035 1995 4102 sanctos

333 4101 818 4159 Ecclesiae’ccetus
841 4102 1225 4173 publicasque
1248 4101 1624 4173 caeremonias
1648 4101 1865 4156 multos
1896 4119 1995 4156 an-

335 4191 446 4230 nos
479 4176 598 4230 sint
630 4172 937 4230 moderati.
969 4172 1194 4243 Ergone
1225 4173 1296 4227 de
1327 4177 1389 4225 B.
1430 4172 1700 4243 Dionysio
1747 4174 1992 4243 quredi-

331 4247 440 4316 xit,
474 4248 627 4302 docti
664 4246 934 4301 homines
985 4251 1266 4316 tanquam
1319 4243 1540 4312 sibyllae
1575 4243 1790 4316 folium
1839 4245 1990 4298 exci-

333 4314 518 4388 pient,
553 4324 610 4374 et
654 4318 964 4373 verissima
1002 4314 1149 4388 esse
1197 4314 1593 4388 contendent?
1644 4316 1790 4388 Quid
1834 4317 1986 4388 quod

333 4386 523 4445 multa
554 4396 693 4446 sunt
720 4390 793 4444 ab
824 4406 890 4443 eo
924 4387 1282 4459 praescripta,
1335 4403 1462 4456 quae
1493 4387 1721 4442 achoro
1771 4386 1988 4442 intelli-

325 4463 594 4531 gentium
628 4460 899 4517 omnium
933 4459 1327 4531 repudiantur
1351 4459 1378 4513 ‘1
1414 4459 1579 4513 Libro
1607 4475 1624 4512 ι
1649 4459 1834 4513 Mirac.
1861 4475 1986 4530 cap.

328 4529 423 4597 28,
458 4536 530 4590 do
561 4533 888 4603 apostolatu
923 4532 1121 4603 magni
1160 4529 1328 4603 Petri,
1351 4546 1532 4603 quem,
1555 4534 1752 4603 noster
1773 4529 1987 4602 Diony-

329 4601 865 4678 siusrcoryphreumq
928 4613 977 4659 et
1024 4601 1321 4678 Sublimem
1370 4601 1676 4678 theologia;
1730 4601 1988 4678 verticem

328 4673 742 4747 nominat,_sic
777 4676 999 4731 habet:
1054 4697 1082 4724 ‹‹
1137 4674 1342 4729 Petrus
1371 4674 1709 4747 apostolus,
1762 4673 1863 4744 qui
1915 4675 1985 4729 ab

327 4745 614 4819 apostolis
647 4747 869 4804 caeteris
918 4747 1231 4817 episcopus
1277 4746 1606 4819 ordinatus,
1658 4745 1851 4802 Romae
1896 4762 1987 4801 ca-

327 4818 600 4876 thedram
633 4819 862 4876 locavit.
897 4841 924 4870 »
951 4820 1113 4883 Quod
1149 4819 1229 4873 ita
1261 4818 1475 4872 durum
1508 4823 1615 4885 est,
1649 4822 1712 4872 ut
1743 4820 1800 4872 ni
1833 4834 1986 4874 com-

327 4892 896 4964 modaiexpositione
921 4890 1236 4964 molliatur,
1264 4890 1398 4964 ferri
1432 4894 1700 4959 nequeat,
1729 4906 1854 4964 cap.
1874 4890 1942 4943 29
1969 4907 1982 4945 :

331 4985 357 5017 ι
393 4962 788 5028 Paulusvero,
841 4962 1048 5032 inquit.
1108 4963 1430 5030 apostolus,
1475 4967 1606 5032 post
1654 4963 1982 5017 revolutum

325 5038 468 5091 anni
504 5036 813 5103 circulum,
849 5035 976 5102 ipsa
1012 5034 1104 5106 die
1134 5051 1249 5103 qua
1287 5035 1487 5089 Petrus
1520 5035 1821 5106 apostolus
1855 5051 1985 5106 pas:

323 5125 447 5163 sus.
487 5129 514 5157 ››
543 5114 628 5162 An
665 5111 984 5164 sectatores
1015 5105 1136 5160 haec
1166 5105 1226 5160 in
1262 5123 1319 5160 re
1369 5105 1832 5170 habet/multos,
1887 5105 1983 5172 qui

323 5179 682 5235 contrariam
737 5178 1017 5233 omnibus
1061 5193 1236 5246 prepe
1285 5177 1579 5232 historicis
1627 5176 1980 5233 sententiam

319 5253 650 5307 tueantur?
681 5250 804 5313 Qua
835 5251 905 5305 de
939 5266 996 5304 re
1028 5248 1260 5303 videndi
1294 5248 1686 5304 eruditissimi
1749 5249 1854 5305 viri
1881 5251 1979 5304 Ba-

321 5323 529 5378 ronius
561 5328 618 5378 et
652 5328 850 5377 noster
885 5320 1217 5376 Deekerius.
1255 5320 1426 5375 Libro
1462 5339 1479 5374 Ι
1533 5322 1811 5387 Historia,
1849 5338 1977 5392 cap.

319 5395 409 5459 30,
444 5397 615 5450 docet
645 5395 869 5449 Sixlum
923 5393 1257 5462 pontificem
1312 5392 1666 5457 Romanum,
1719 5398 1775 5448 et
1831 5393 1981 5448 Lau-

317 5467 578 5522 rentium
615 5466 1093 5521 arehidiaconum
1149 5465 1260 5519 sub
1310 5465 1480 5519 Decio
1524 5481 1753 5533 passos.
1801 5465 1979 5534 Atqui

315 5539 402 5592 illi
435 5538 701 5609 signiferi
738 5536 974 5609 pietatis
1018 5536 1128 5590 sub
1179 5535 1487 5609 Valeriano
1532 5537 1726 5591 Romae
1781 5536 1836 5590 in
1889 5554 1977 5591 ex-

312 5610 470 5665 celso
506 5615 562 5665 et
593 5611 812 5665 illustri
839 5608 962 5663 loco
999 5624 1300 5679 purpurea
1339 5608 1597 5678 trophzea
1631 5613 1977 5679 posuerunt,

317 5685 472 5752 quod
501 5683 790 5738 Baronius
822 5680 975 5736 clare
1004 5696 1034 5735 e
1083 5684 1138 5736 S.
1169 5681 1468 5752 iCypriano
1511 5681 1896 5752 demonstrat,
1923 5685 1980 5736 et

314 5759 518 5882 riigster
568 5753 834 5810 Mariana
893 5751 995 5807 lib.
1047 5767 1105 5805 ιν
1155 5751 1238 5807 De
1278 5751 1440 5808 rebus
1491 5751 1793 5822 Hispaniae,
1846 5767 1974 5823 cap.

388 5892 546 5952 Nulli
568 5893 751 5968 igitur
780 5893 996 5951 mirum
1027 5891 1315 5967 videatur,
1346 5891 1699 5952 Hilduinum
1712 5893 1865 5952 hanc
1885 5909 1975 5952 er~

1345 3216 1468 3296 ᾖεἷεῖ
1476 3216 1820 3296 ante—Decii
1833 3216 1991 3295 es:
2023 3216 2065 3283 C

2110 536 2237 572 rum
2273 520 2556 590 originem
2594 520 2818 573 ail‘erre.
2856 541 2882 566 ››
2919 520 3060 572 Fieri
3092 519 3249 573 enim
3285 525 3478 589 potest
3505 525 3569 572 ut
3614 520 3763 590 dixis

2105 608 2259 655 mus,
2294 589 2448 661 quod
2483 598 2702 646 textum
2743 591 3037 661 passionis
3061 592 3247 661 ipsius
3272 591 3461 645 sancti
3497 589 3765 645 Domnini

2103 679 2170 716 ex
2201 665 2558 718 authenticis
2608 663 2894 733 scriptum
2941 679 3055 717 non
3099 663 3372 726 habeant,
3419 667 3476 716 et
3527 664 3654 716 ideo
3705 664 3763 715 in

2103 734 2211 788 hoc
2244 740 2460 801 errent,
2495 735 2632 804 quia
2678 742 2733 788 et
2793 751 2899 788 nos
2951 735 3149 804 plures
3202 734 3497 788 codicillos
3558 735 3765 788 exinde

2103 807 2379 873 vidimus,
2415 807 2515 876 qui
2552 808 2608 860 in
2644 806 3003 877 quibusdam
3044 823 3221 860 sensu
3244 807 3590 860 videbantur
3621 823 3762 860 con-

2104 880 2363 944 cordare,
2419 881 2517 932 sed
2571 879 2900 932 litteratura
2944 879 3260 932 admodum
3324 880 3650 944 dissonare,
3702 879 3757 930 in

2102 950 2455 1019 quibusdam
2487 957 2681 1004 autem
2711 966 2816 1003 nec
2849 966 3025 1003 sensu
3063 966 3168 1004 nec
3221 949 3504 1004 orationis
3561 955 3761 1003 tenore

2104 1029 2375 1091 poterant
2407 1023 2657 1088 sociari;
2693 1023 2847 1092 quod
2884 1023 3264 1077 manifestum
3296 1027 3406 1084 est,
3462 1021 3638 1090 hujus
3670 1036 3759 1075 ve-

2105 1094 2386 1147 nerabilis
2419 1099 2475 1148 et
2507 1091 2912 1164 antiquissimi
2947 1094 3130 1148 Petris
3155 1099 3384 1148 vetusta
3416 1091 3757 1163 longinqui-

2103 1171 2242 1231 tate,
2275 1173 2331 1219 et
2363 1166 2578 1233 ignota:
2609 1172 2784 1236 atque
2817 1165 3132 1235 peregrinae
3158 1165 3390 1235 linguae,
3417 1166 3514 1219 ubi
3539 1167 3608 1219 de
3631 1166 3759 1232 ejus

2102 1237 2313 1291 notitia
2348 1239 2598 1292 maxime
2631 1238 2914 1304 scriptum
2949 1244 3093 1304 erat,
3124 1237 3377 1303 inscitia,
3433 1253 3534 1291 seu
3591 1238 3761 1290 devo-

2101 1310 2258 1363 tione
2279 1309 2539 1363 fidelium
2556 1311 2861 1375 accidisse,
2893 1310 2990 1378 qui
3009 1326 3123 1363 non
3139 1311 3418 1365 studuere
3441 1310 3511 1361 ad
3537 1310 3763 1378 priscas

2100 1380 2376 1435 historias
2409 1398 2513 1448 pro
2545 1382 2881 1452 cognitione
2913 1382 3043 1449 eius
3066 1398 3386 1448 recurrere,
3412 1381 3601 1452 sedea
3633 1395 3764 1450 quae

2101 1453 2306 1507 auditu
2342 1451 2724 1524 collegerunt,
2760 1459 2823 1506 ut
2853 1453 3165 1524 Gregorius
3203 1451 3588 1520 Turonensis,
3641 1469 3757 1506 non

2099 1525 2289 1579 votivo
2313 1540 2506 1579 errore
2541 1525 2768 1585 fallens,
2829 1525 3092 1579 videntes
3139 1525 3396 1595 insignia
3442 1524 3761 1595 magnifica

2101 1601 2276 1666 atque
2301 1596 2758 1651 innumerabilia
2791 1613 2893 1665 per
2913 1613 3046 1651 eum
3069 1597 3214 1662 ﬁeri,
3242 1602 3412 1667 prout
3435 1596 3760 1666 unicuique

2099 1684 2276 1723 sensu
2311 1669 2652 1740 abundavit,
2685 1675 3036 1722 curaverunt
3069 1669 3306 1740 scriptis
3346 1667 3713 1740 committere
3742 1684 3754 1734 ;

2100 1741 2183 1794 sic
2218 1746 2274 1793 et
2304 1739 2375 1793 de
2407 1745 2744 1794 sanctorum
2778 1739 3397 1811 apostolorum’gestis
3428 1756 3495 1796 ac
3537 1739 3758 1810 passio-

2102 1812 2276 1866 nibus
2311 1811 2528 1883 factum
2561 1812 2835 1880 legimus,
2869 1816 2925 1866 et
2957 1813 3027 1866 de
3052 1811 3185 1867 aliis
3216 1813 3554 1883 quibusque
3577 1811 3757 1866 histo-

2103 1883 2204 1937 riis
2239 1882 2507 1938 Ecclesize
2541 1883 2892 1937 necessariis
2924 1882 3246 1939 manifeste
3277 1882 3761 1954 comperimus.»

2099 1955 2166 2008 Et
2199 1955 2372 2025 paulo
2405 1959 2536 2025 post
2565 1972 2577 2009 :
2619 1975 2640 2004 α
2672 1955 2954 2009 Caeterum
2993 1957 3350 2024 parcendum
3390 1953 3476 2011 est
3527 1953 3757 2025 simpli-

2100 2026 2265 2080 citati
2297 2027 2402 2080 viri
2437 2025 2721 2097 religiosi,
2753 2026 3018 2097 Gregorii
3066 2028 3428 2082 Turonensis
3475 2025 3758 2097 episcopi,

2101 2098 2200 2167 qui
2237 2098 2426 2152 multa
2448 2098 2618 2152 aliter
2649 2115 2825 2168 quam
2851 2114 2911 2151 se
2935 2099 3149 2154 veritas
3172 2100 3400 2162 habeat,
3432 2100 3754 2164 aestimans,

2101 2186 2216 2223 non
2249 2169 2593 2224 calliditatis
2625 2175 2777 2238 astu,
2813 2171 2912 2224 sed
2950 2170 3330 2239 benignitatis
3360 2177 3491 2224 voto
3546 2169 3757 2223 litteris

2100 2242 2555 2296 commendavit.
2594 2241 2859 2296 Patenter
2889 2247 2944 2295 et
2976 2245 3214 2311 quidem
3251 2258 3491 2297 noscere
3543 2258 3756 2312 possu-

2103 2329 2259 2377 mus,
2294 2331 2405 2368 non
2441 2314 2584 2368 adeo
2617 2314 2882 2383 quaedam
2910 2313 3154 2368 solerter
3176 2331 3309 2369 eum
3336 2315 3752 2384 investigasse,

2101 2385 2242 2455 quin
2274 2384 2324 2438 ei
2357 2384 2811 2455 contemporalis
2843 2385 2996 2440 θη
3031 2386 3326 2442 exsistens
3359 2387 3445 2439 vir
3477 2386 3756 2454 prudens,

2100 2462 2157 2510 et
2185 2455 2745 2511 scholasticissimus
2780 2460 3154 2528 Fortunatus,
3189 2459 3289 2528 qui
3334 2459 3502 2528 plura
3533 2461 3589 2512 et
3645 2457 3758 2510 fre-

2101 2534 2352 2600 quenter?
2365 2529 2434 2582 ad
2456 2529 2728 2600 eumdem
2749 2527 3084 2598 scripserat,
3112 2527 3394 2600 hymnum
3414 2528 3756 2600 rhythmicaa

2099 2599 2541 2669 compositionis
2574 2599 3036 2670 pulcherrimum
3066 2603 3136 2654 de
3160 2599 3278 2655 isto
3327 2599 3756 2671 gloriOsissimo

2099 2677 2354 2742 martyre
2379 2671 2774 2742 composuerit
2805 2688 2816 2725 :
2850 2671 2907 2724 in
2941 2687 3058 2742 quo
3091 2680 3534 2738 commemorat,
3559 2687 3692 2726 eum
3717 2688 3750 2724 a

2096 2741 2159 2796 Β.
2194 2741 2490 2797 Clemente
2521 2741 2904 2808 destinatum,
2941 2745 3098 2797 sicut
3129 2743 3185 2796 in
3225 2745 3560 2798 Latinorum
3592 2742 3758 2813 pagi-

2097 2813 2192 2868 nis
2223 2813 2429 2868 didicit
2459 2834 2472 2881 ;
2507 2815 2578 2870 de
2602 2815 2835 2886 natione
2870 2819 3067 2870 autem
3099 2816 3253 2886 ejus,
3283 2822 3338 2870 et
3391 2815 3757 2870 ordinatione

2096 2886 2468 2956 episcopatus
2517 2885 2874 2941 mentionem
2906 2957 2911 2958 ί
2947 2903 3058 2942 non
3132 2885 3300 2954 facit,
3354 2887 3492 2958 quia
3545 2887 3759 2957 linguae

2096 2962 2302 3012 Graecae
2331 2958 2565 3028 penitus
2596 2975 2803 3029 expers
2835 2957 2966 3012 fuit.
3002 2979 3030 3006 ››

2172 3029 2430 3100 Longius
2464 3030 2576 3084 fuit
2599 3027 2707 3084 hoc
2730 3046 2860 3083 cum
2887 3029 2946 3084 S.
2973 3027 3253 3100 Gregorio
3290 3029 3616 3084 Turonensi
3643 3045 3760 3083 cer-

2098 3103 2317 3168 tamen,
2353 3101 2568 3171 quippe
2591 3101 2846 3156 Achilles
2873 3101 3350 3156 adversariorum
3378 3101 3610 3156 habitus
3630 3100 3760 3168 fuit,

2105 3173 2407 3244 turrisque
2440 3173 2575 3228 belli
2608 3193 2621 3240 ;
2664 3173 2854 3228 caeteri
2889 3177 2954 3226 ut
2983 3172 3184 3229 velites
3233 3178 3410 3243 atque
3464 3173 3627 3239 nudi,
3667 3173 3763 3244 le-

2105 3245 2249 3298 viori
2282 3243 2660 3300 contentione
2695 3245 3018 3299 fundentur
3046 3245 3228 3300 Aiunt.
3258 3246 3448 3315 primo
3479 3243 3763 3315 Nicepho-

2103 3332 2258 3388 rum,
2294 3316 2394 3387 qui
2420 3316 2662 3371 nomina
2691 3316 3122 3388 episcoporum,
3156 3317 3256 3387 qui
3281 3333 3421 3372 suas
3449 3317 3620 3371 sedes
3668 3332 3762 3370 re-

2102 3386 2436 3457 liquissent,
2505 3405 2639 3442 cum
2690 3386 2964 3442 accurate
3028 3386 3373 3454 recenseret,
3438 3390 3508 3443 de
3555 3391 3759 3442 sancto

2102 3459 2378 3529 Dionysio
2415 3461 2706 3525 tacuisse;
2745 3465 2969 3514 certum
3020 3459 3218 3529 igitur,
3274 3460 3453 3515 videri
3509 3459 3758 3515 Athenis

2102 3529 2270 3584 illum
2305 3532 2416 3585 vita
2452 3533 2742 3585 functum.
2800 3532 2906 3585 Sed
2972 3531 3267 3601 perfacilis
3328 3531 3467 3585 huic
3527 3535 3616 3587 est
3671 3548 3762 3586 re-

2102 3603 2343 3683 sponsio
2379 3621 2392 3670 ;
2425 3604 2577 3658 clare
2609 3603 2822 3658 etenim
2859 3603 2984 3672 ipso
3015 3602 3156 3657 dicit
3190 3602 3481 3674 plurimos
3511 3619 3574 3659 se
3605 3603 3760 3658 0min

2101 3690 2272 3728 81886.

2171 3745 2456 3810 Secundo,
2489 3745 2744 3799 Severus
2775 3742 3064 3815 Sulpitius
3105 3744 3167 3798 B.

2100 3815 2216 3884 lus,
2249 3817 2348 3887 qui
2385 3816 2539 3872 circa
2562 3832 2783 3871 annum
2813 3815 3037 3871 Domini
3063 3817 3166 3870 400
3191 3817 3405 3882 ﬂoruit,
3432 3818 3601 3873 testis
3630 3815 3754 3885 est;

2100 3910 2127 3937 ‹‹
2165 3890 2571 3960 persecutione
2597 3889 2832 3942 demum
2867 3889 3073 3958 quinta
3105 3890 3386 3960 martyria
3435 3889 3493 3943 in
3544 3889 3752 3945 Galliis

2099 3959 2226 4016 visa
2257 3961 2459 4024 fuisse,
2483 3960 2682 4032 serius
2710 3963 2873 4013 trans
2905 3960 3084 4030 Alpes
3118 3960 3220 4014 Dei
3256 3959 3536 4032 religione
3564 3978 3761 4015 susce-

2100 4035 2217 4102 pta.
2253 4053 2282 4081 »
2315 4031 2493 4104 Atqui
2526 4032 2596 4086 ad
2633 4031 2738 4084 hoc
2771 4035 3028 4155 temBus,
3064 4038 3120 4084 ut
3144 4032 3232 4085 vir
3273 4031 3640 4086 clarissimus
3664 4032 3759 4087 Ni-

2100 4103 2300 4155 colaus
2332 4103 2516 4155 Faber
2547 4102 2855 4155 scribebat.
2941 4102 3201 4155 ionvsius
3231 4104 3580 4155 Areooagita
3622 4120 3754 4155 ner-

2098 4103 2300 4158 colaus
2332 4102 2516 4157 Faber
2547 4102 2855 4175 scribebat,
2888 4102 3201 4175 Dionysius
3231 4104 3580 4175 Areopagita
3622 4120 3754 4175 per-

2095 4176 2292 4229 venire
2325 4191 2438 4228 non
2471 4174 2679 4245 potuit,
2712 4189 2815 4227 nec
2883 4174 3014 4245 ejus
3062 4174 3406 4245 martyrium
3459 4174 3755 4230 stare’sub

2095 4245 2428 4300 Domitiano
2455 4243 2545 4317 vel
2579 4245 2852 4314 Trajauo,
2879 4243 2936 4317 in
2963 4245 3114 4315 quod
3144 4243 3376 4317 tempus
3399 4247 3455 4300 id
3481 4248 3756 4317 rejiciunt

2095 4264 2428 4300 uomitiano
2459 4264 2545 4298 vei
2589 4264 2852 4314 l'l‘RJaUO,
2879 4264 2936 4298 ιη
2963 4264 3114 4315 quon
3144 4264 3256 4300 tem
3310 4264 3376 4301 us
3399 4264 3455 4300 in
3481 4264 3745 4317 rejicmnl

2095 4318 2196 4390 qui
2229 4316 2566 4390 diutissime
2596 4317 2812 4390 vixisse
2843 4316 3048 4390 volunt
3078 4317 3137 4370 in
3170 4264 3375 4373 Galliis
3409 4317 3456 4373 si
3484 4321 3745 4390 primum

2095 4387 2174 4462 ibi
2207 4389 2414 4460 quinta
2446 4387 2850 4462 persecutione
2888 4388 2998 4442 visi
3059 4398 3342 4462 marlyres
3366 4387 3546 4448 fuere.
3599 4393 3752 4447 Sane

2095 4458 2609 4534 h_oc_'telum_quod
2647 4458 2997 4534 acerrimum
3031 4458 3276 4530 quidam
3305 4467 3536 4534 putant.
3562 4463 3754 4519 erudi-

2097 4532 2314 4588 tissimi
2352 4532 2517 4587 li‘abri
2550 4531 2719 4602 quasi
2753 4538 3118 4586 armamenta
3151 4540 3206 4587 et
3236 4531 3580 4591 auctoritate
3621 4552 3755 4590 con-

3227 3745 3461 3800 Martini
3501 3746 3758 3817 discipu-

2023 4587 2064 4651 D
2098 4587 2342 4669 tortum,
2376 4605 2454 4658 ita
2488 4587 2607 4658 lev'e
2642 4604 2950 4673 deliileque
2976 4605 3204 4673 judico,
3240 4587 3752 4662 ut'nihilmvidea-

2099 4681 2196 4731 tur
2218 4675 2685 4748 hebetius.7Nam
2722 4674 2919 4748 severi
2951 4675 3188 4745 quidem
3221 4677 3453 4748 Sulpitii
3501 4678 3750 4743 dictum,

2099 4749 2252 4820 quod
2286 4765 2412 4802 meo
2434 4746 2659 4820 judicio
2693 4747 2872 4800 Faber
2904 4764 3016 4820 non
3037 4746 3402 4820 comprobat,
3428 4766 3537 4804 non
3565 4755 3757 4819 potest

2099 4818 2482 4893 nonindoclze
2528 4818 2769 4890 plenum
2823 4819 3098 4893 vanitatis
3155 4818 3620 4893 temeritatisque
3677 4822 3756 4876 vi-

2098 4891 2243 4958 deri,
2279 4891 2389 4946 nisi
2415 4889 2747 4962 opportuna
2776 4889 3163 4960 explicatione
3211 4889 3541 4948 condiatur:
3601 4894 3750 4956 Quid

2097 4963 2253 5018 enim
2277 4963 2304 5018 ?
2335 4979 2535 5036 verum
2571 4962 2712 5016 illud
2741 4969 3083 5032 cssequeat,
3109 4969 3242 5018 ante
3274 4966 3536 5033 quintam
3564 4983 3754 5036 perse-

2097 5036 2416 5109 cutionem,
2448 5035 2502 5088 id
2538 5040 2627 5109 est
2657 5039 3029 5109 anle_an_num
3093 5039 3480 5109 centesimum
3516 5035 3755 5109 septua-

2096 5108 2413 5178 gesimum,
2451 5106 2645 5161 nullos
2679 5107 2737 5160 in
2770 5104 2964 5178 Gallia,
3007 5115 3291 5178 martyres
3349 5108 3552 5163 visos?
3585 5104 3750 5176 'Quid

2094 5177 2276 5250 igitur
2308 5177 2588 5253 faciemus
2613 5177 3087 5253 generosissimis
3111 5177 3228 5234 illis
3257 5180 3522 5236 Ecclesiae
3551 5183 3750 5253 prima:

2101 5249 2462 5322 proceribus,
2492 5268 2640 5322 quos
2664 5254 2923 5322 veterum
2957 5249 3338 5306 historiarum
3373 5254 3519 5307 ﬁdes
3551 5249 3750 5309 'disci-

2101 5268 2462 5322 proceribus,
2535 5268 2640 5306 uos
2664 5268 2923 5304 veterum
2957 5268 3338 5306 historiarum
3373 5268 3519 5307 uaes
3570 5268 3748 5309 dlSCl-

2097 5322 2268 5393 pulos
2298 5268 2697 5391 apostolorum
2733 5321 2890 5390 facit,
2925 5323 3025 5392 qui
3057 5325 3235 5379 variis
3266 5325 3321 5380 iu
3358 5323 3500 5380 locis
3551 5326 3748 5381 Gallia

2093 5396 2165 5450 de
2203 5395 2489 5468 perfidia,
2512 5393 2901 5468 immanitate,
2924 5395 3753 5468 supersititione,gloriosissi-

2093 5465 2218 5542 mos
2250 5465 2584 5542 triumphos
2617 5465 3003 5520 retulerunt?
3051 5469 3136 5542 An
3181 5468 3324 5542 forte
3379 5465 3664 5542 martyres
3710 5471 3750 5524 ii

2094 5539 2207 5594 dici
2244 5539 2485 5592 minime
2520 5543 2792 5611 possunt,
2818 5555 3067 5611 quorum
3101 5537 3160 5593 in
3208 5539 3483 5611 patiendo
3537 5537 3750 5597 nobili-

2092 5614 2212 5665 tata
2244 5611 2603 5672 constantia,
2655 5609 2796 5683 _fer_ri
2848 5608 3054 5673 aciem,
3106 5608 3310 5678 uncos,
3360 5613 3660 5683 equuleos,
3693 5619 3749 5668 et

2091 5698 2264 5757 omne
2291 5697 2485 5757 genus
2509 5680 2862 5757 carniﬁcina:
2885 5684 3187 5757 superavit
3211 5688 3234 5739 Ρ
3262 5680 3568 5757 Cum—ergo
3601 5687 3744 5741 scri-

2090 5753 2513 5836 bithsulpitius,
2549 5750 3213 5836 persecutione—demum
3238 5757 3445 5824 quinta
3462 5750 3747 5836 martyris

2088 5823 2148 5880 in
2183 5823 2384 5881 Galliis
2416 5823 2778 5890 visa't‘uisse,
2811 5840 2927 5880 non
2958 5824 3083 5881 vult
3133 5823 3346 5895 dicere,
3395 5829 3591 5885 nullos
3621 5823 3742 5895 _pe-

2089 5894 2252 5954 nitus
2299 5895 2484 5954 fuisse
2533 5900 2842 5969 martyres,
2899 5895 3004 5953 sed
3066 5900 3194 5955 tum
3268 5894 3527 5970 primum
3585 5894 3745 5958 velut
