4130 6384
419 308 528 365 999

1479 317 1577 369 DE
1614 316 1670 370 S.
1714 317 2053 374 DIONYBIO
2092 321 2415 390 EJUSQUE
2452 327 2775 382 BCRIPTIS

3681 342 3809 399 loco

420 460 518 512 tus
551 453 1306 531 prophetim__praa_jud_icium
1355 455 1648 531 interdum
1692 457 2061 531 eloquantur,

2184 454 2323 531 runt
2350 451 2554 531 eodem
2596 456 2726 507 satu
2769 452 2915 531 bene
2948 451 3247 531 rmuiti,_in
3289 456 3520 531 eosdem
3548 478 3653 517 non
3680 466 3809 523 ridi-

424 525 708 608 _non_l_1uic
740 525 933 608 simile
960 526 1054 582 hic
1086 526 1335 608 aliquid,
1369 529 1518 608 citra
1549 529 1709 608 ejus,
1732 525 1945 608 ex'quo
1969 525 2073 588 illa

422 601 637 655 hausta
668 597 944 673 mysteria
967 604 1130 673 sunt,
1165 597 1391 654 Paulini
1425 597 1666 671 spiritus
1698 597 1971 673 injur'iam
2006 622 2073 661 ac

424 672 873 742 diminutionem
909 670 1164 740 potuerit
1193 670 1531 742 contigisse.
1565 674 1670 728 Sed
1704 670 1769 728 et
1788 678 1941 730 absit
1964 676 2072 733 hoc

423 743 606 819 multo
627 741 834 814 magis,
859 748 922 795 ut
945 742 1172 819 proiis,
1195 760 1317 819 quis
1346 744 1437 798 hic
1469 749 1587 798 tam
1614 746 1799 801 multa
1827 755 1884 802 et
1924 765 2074 819 prie-

422 815 579 890 clara
608 820 993 890 sunttantum
1018 815 1095 868 sit
1120 816 1274 884 apud
1298 832 1403 870 nos
1429 820 1784 872 Novatorum
1816 815 2066 890 pondus,

421 896 483 943 ut
515 887 575 942 iu
614 902 817 941 eorum
847 888 1119 958 gratiam,
1169 894 1404 957 propter
1432 903 1500 942 ea
1544 904 1671 958 quin
1710 887 1830 958 ipsi
1865 899 2069 948 contra

412 959 713 1034 catholicae
746 957 1014 1034 Ecclesia:
1047 958 1242 1034 ﬁdem,
1279 957 1571 1034 delibero
1609 957 1761 1016 628
1803 964 2065 1034 arbitrio,

413 1031 485 1085 de
519 1036 761 1106 peccato
788 1030 1031 1106 orginis,
1065 1030 1137 1083 de
1167 1028 1438 1106 Ecclesiae
1466 1031 1811 1106 hierarchia,
1837 1051 1903 1089 ac
1948 1028 2066 1106 pri-3

416 1108 581 1157 matu
614 1102 800 1172 Petri,
822 1101 890 1155 de
923 1101 1035 1155 ﬁde
1056 1111 1229 1171 alque
1262 1103 1561 1172 Operibus,
1607 1104 1678 1158 de
1701 1101 2065 1162 sacramento

410 1175 543 1239 olei,
581 1174 650 1249 de
680 1171 1034 1226 eucharistia
1078 1179 1135 1225 et
1183 1171 1376 1249 missa
1425 1176 1735 1249 sacriﬁcio,
1784 1179 1853 1232 de
1896 1180 2065 1249 panis

409 1251 467 1299 et
492 1243 609 1298 vini
632 1245 689 1299 in
724 1260 936 1317 corpus
954 1251 1013 1317 et.
1041 1246 1388 1316 sanguinem
1414 1246 1630 1301 Christi
1661 1243 2062 1317 conversione,

407 1318 480 1371 de
508 1318 637 1385 ejus
669 1317 725 1369 in
780 1316 1139 1370 encharistia
1188 1318 1553 1382 udoratione,
1583 1319 1654 1372 de
1706 1322 1823 1375 vita
1864 1316 2065 1376 mena;

406 1388 573 1463 etica,
604 1388 674 1442 de
705 1389 893 1463 testis,
922 1389 993 1441 de
1012 1388 1260 1463 jejuniis
1292 1390 1783 1463 Quadragesimae,
1817 1400 1873 1448 et
1904 1395 2061 1463 aliis,

403 1461 474 1516 de
501 1475 803 1536 sacrarum
836 1459 1169 1536 imaginum.
1198 1460 1253 1513 in
1288 1461 1523 1536 templis
1548 1478 1680 1536 usqu,
1715 1466 1786 1518 de
1824 1459 2064 1536 angelo;

409 1549 539 1608 rum
573 1546 640 1608 ac
673 1534 973 1608 beatorum
1031 1531 1346 1608 spirituum
1377 1531 1759 1608 invocatione,
1807 1531 2061 1608 den'ique

400 1604 473 1658 de
504 1603 888 1680 reliquiarum
922 1604 1587 1680 veneratione,garriunt
1623 1603 2057 1680 blaterantque-

402 1682 519 1730 tam
546 1676 809 1744 improbe
834 1716 847 1738 ,
883 1691 1132 1744 quorum
1156 1675 1445 1741 omnium,
1464 1681 1602 1731 utet
1623 1678 1761 1731 olim
1805 1675 2057 1735 consub-

407 1745 699 1822 stantiaiis
730 1747 965 1822 Ariani,‘
986 1754 1103 1822 tam
1134 1746 1503 1822 pulchrehic
1530 1764 1770 1822 causam
1823 1769 2056 1822 perora-

2182 520 2312 603 cule
2341 524 2538 606 minus
2564 526 3029 606 quamlurenter
3058 520 3527 606 declamitarunt.
3555 520 3811 606 ΔΝυρεέι-ᾙε

2178 595 2512 683 εοςίρῆοιιίο
2564 595 2820 683 Batavis,
2870 597 3145 683 Scaliger,
3177 612 3401 683 eumhse
3431 595 3664 683 minime
3714 595 3811 683 by;

2179 666 2589 739 pobolimaeum
2622 668 2735 723 dici
2767 674 2825 723 et
2874 666 3198 739 existimari
3232 669 3389 739 velit,
3421 675 3589 730 audet
3627 666 3807 738 tamen

2178 744 2446 812 nostrum
2472 738 2815 812 Dionysium
2840 737 3253 811 ὑποϐολιμαῖον
3278 737 3803 808 nominare.lisdem

2178 810 2236 884 in
2268 810 2438 884 libris
2473 810 2735 884 “lyricus
2766 810 3095 883 genuinum
3122 813 3330 880 inﬁxit,
3358 814 3627 874 Erasmus
3658 840 3808 878 arro-

2174 880 2273 948 sit,
2294 880 2820 967 Laureniiuﬁs'Vall'a
2840 887 3077 966 carpsit,
3097 886 3388 967 innumeri
3430 888 3526 967 alii
3549 891 3617 967 de
3645 909 3809 967 grege

2177 970 2461 1029 novorum
2487 952 2791 1029 ἀλαζόνων,
2818 960 2915 1029 qui
2943 952 3333 1012 necessarium
3355 958 3567 1015 bellum
3593 952 3810 1021 indixe-

2175 1031 2316 1079 runt
2346 1027 2567 1100 pietati,
2620 1028 2741 1083 haec
2768 1027 2999 1100 quoque
3033 1030 3094 1085 B.
3129 1028 3391 1100 Dionysii
3444 1045 3810 1093 monumenta

2176 1099 2651 1168 repudiaverunt.
2705 1100 2823 1172 Ego
2878 1099 3014 1154 vero
3073 1099 3368 1155 neminem
3417 1105 3652 1172 posthac
3694 1113 3808 1164 tam

2174 1174 2659 1246 menteeaptum,
2693 1180 2809 1226 tam
2852 1178 3292 1246 praeposterum,
3339 1178 3455 1230 tam
3502 1179 3809 1246 projectum

2172 1244 2241 1321 ad
2277 1243 2611 1321 eliciendum
2649 1246 2907 1321 lutururn
2942 1245 3211 1321 puto,qui
3245 1246 3348 1321 hos
3379 1243 3555 1321 libros
3574 1243 3813 1321 Areopa-

2170 1315 2300 1385 gitae
2320 1312 2594 1387 Dionysio
2616 1316 2754 1370 velit
2774 1312 3040 1387 deripere
3074 1312 3095 1383 ,⁷
3121 1312 3170 1369 si
3196 1316 3365 1369 modo
3388 1318 3673 1387 animum,
3716 1312 3813 1377 va-

2169 1402 2459 1454 cuamque
2485 1385 2705 1440 malitia
2736 1385 3013 1444 mentem.
3035 1389 3123 1441 vel
3149 1388 3218 1441 ad
3255 1388 3488 1443 unicam
3531 1385 3808 1448 ratiunem

2167 1458 2643 1512 accommodarit.
2672 1458 2814 1513 Nam
2843 1475 2977 1514 cum
3000 1458 3210 1513 horum
3242 1458 3809 1519 Commentariorum

2166 1530 2421 1604 scriptor
2452 1529 2628 1583 Paulo
2673 1537 3024 1604 praeceptore
3068 1530 3347 1599 glorietur
3395 1539 3574 1604 atque
3617 1535 3812 1591 Hiero-

2166 1600 2324 1664 theo,
2368 1600 2753 1671 spectatorem
2791 1600 3062 1657 se’t‘uisse
3095 1604 3247 1657 dicat
3277 1600 3593 1659 exorientis
3629 1606 3809 1661 Eccle-

2165 1674 2285 1737 sia,
2319 1682 2375 1726 et
2408 1678 2530 1726 tum
2569 1674 2818 1743 primum
2855 1676 2926 1729 ad
2948 1676 3229 1729 orientem
3260 1674 3704 1744 elﬁorescentis,
3735 1680 3807 1733 si-

2163 1745 2213 1819 is
2246 1762 2358 1798 non
2394 1745 2474 1819 sit
2505 1744 2819 1819 Dionysius
2845 1747 3210 1817 Areopagita,
3239 1762 3416 1819 quem
3450 1751 3653 1805 doctor
3681 1765 3811 1819 gen-

403 1824 524 1874 tam
556 1819 779 1885 vident,
832 1819 918 1872 vel
951 1816 1332 1898 ipsis,’quam
1388 1820 1443 1873 id
1498 1820 1644 1898 male
1692 1837 1791 1876 eos
1824 1816 2054 1879 'habeat
2082 1832 2129 1896 B
2164 1817 2309 1898 tium
2343 1818 2415 1869 ab
2449 1816 2607 1898 inani
2643 1816 3399 1898 superstitioneirevocavit,
3426 1835 3601 1890 quem
3644 1816 3813 1898 inter-

401 1905 700 1962 quamque
730 1891 1131 1962 Areopagitica
1162 1891 1284 1944 haec
1315 1907 1478 1944 arma
1508 1891 1785 1947 horreant
1814 1894 2050 1951 fatenti-

397 1964 533 2044 bus,
556 1978 736 2044 seque
758 1963 923 2044 adeo,
948 1969 1013 2016 ut
1034 1961 1172 2044 olim
1201 1962 1567 2044 missione-ac
1584 1963 1836 2020 silentio.
1876 1968 2053 2044 Euse-

400 2032 535 2108 bius
556 2077 571 2103 ,
606 2032 931 2108 sicjudieio
954 2050 1060 2087 suo
1082 2039 1140 2087 et
1170 2033 1391 2108 garritu
1416 2033 1571 2088 velut
1593 2051 1761 2108 sorex
1795 2040 2048 2108 proden-

398 2104 567 2180 tibus
584 2119 650 2180 ac
674 2105 1014 2172 mysterium
1042 2105 1458 2175 aperientibus,
1489 2105 1736 2180 Luthero
1776 2104 2051 2180 primum,

401 2176 503 2248 qui
538 2174 803 2248 delirum
847 2192 1043 2230 senem
1068 2174 1123 2230 et
1144 2192 1368 2232 merum
1394 2174 1836 2245 somniatorefn,
1862 2174 2055 2236 aucto-

402 2246 523 2303 rem
559 2246 718 2302 hunc
750 2246 941 2303 dicere
989 2264 1106 2301 non
1137 2254 1228 2303 est
1256 2248 1500 2316 veritus,
1553 2250 1764 2306 deinde
1794 2252 2053 2316 Calvino.

404 2336 470 2374 ac
506 2320 890 2396 novissimum
945 2317 1528 2396 S.c_aligero;-_popter
1597 2322 2054 2396 haec_(inquam)

404 2390 803 2480 scutumhoc,
829 2390 983 2480 q‘uqd
1015 2391 1186 2480 ignea
1216 2391 1425 2480 talium
1452 2390 2057 2480 xerequeigne'digna

409 2461 523 2517 tela
554 2461 900 2538 restinguat,
928 2462 1077 2538 hanc
1101 2462 1415 2538 plusquam
1450 2461 2053 2538 Phocioniswsecurim,

406 2550 535 2607 quae
565 2534 829 2607 infelices
860 2534 1097 2589 arbores
1128 2537 1233 2589 has
1263 2536 1683 2591 excaudicetac
1716 2534 2054 2607 rescindat,,

407 2606 517 2679 hoc
545 2606 769 2679 fulmen
794 2607 945 2679 quod
1002 2608 1274 2679 absumat
1304 2609 1703 2679 cxstirpetque
1752 2606 2054 2679 radicitus,

406 2677 566 2732 hunc
597 2677 781 2732 solem
816 2678 911 2747 qui
947 2679 1219 2733 tenebras
1248 2678 1393 2733 istas
1424 2677 1718 2742 discutiat,
1752 2690 1805 2736 et
1841 2677 2057 2739 bestias

409 2748 519 2827 bas
550 2749 638 2827 ad.
674 2765 785 2803 sua
816 2749 1005 2827 lustra
1048 2751 1311 2827 remittat
1344 2756 1402 2804 et
1444 2753 1779 2823 compellat,
1804 2757 2057 2827 denique

408 2820 562 2875 hanc
587 2820 904 2895 plusquam
933 2820 1195 2895 Herculis
1218 2822 1442 2895 clavam
1467 2820 1595 2893 quae
1616 2826 1853 2895 hydram
1882 2820 2055 2894 hanc,

408 2908 475 2947 ac
509 2892 880 2967 renascentia
903 2891 1230 2967 novitatum
1262 2891 1603 2967 capitatam
1633 2891 1930 2967 protenter
1953 2891 2057 2954 de;

417 2969 601 3038 metat
625 2980 692 3038 ac
720 2964 1034 3038 conﬁciat,
1085 2965 1155 3019 de
1188 2964 1365 3038 manu
1391 2964 1478 3018 vel
1511 2964 1647 3021 utro
1690 2972 1941 3038 ahjicere
1975 2971 2054 3025 vel

416 3035 561 3105 eripi
596 3035 768 3090 nobis
797 3036 914 3106 pati
947 3036 1287 3091 debeamus.
1322 3037 1426 3091 Cui
1459 3039 1538 3093 rei
1571 3039 1621 3092 si
1653 3035 1946 3095 assentiar
1963 3049 2062 3097 aut

417 3106 470 3158 vi
511 3108 628 3171 ﬁat,
664 3124 779 3183 nnn
814 3123 1151 3183 nepiignem,
1180 3124 1420 3183 nou__me
1449 3125 1653 3164 eorum
1693 3116 1925 3167 tantum
1958 3114 2058 3183 qui

419 3183 505 3256 tot
535 3177 768 3256 saeculis
816 3177 1161 3256 ﬂoruerunt,
1196 3196 1261 3233 ac
1298 3179 1479 3234 libros
1513 3182 1615 3235 hos
1646 3185 1758 3256 sub
1806 3177 2058 3256 Areopa-

418 3250 552 3319 gitis
610 3250 850 3304 nomine
906 3253 1231 3307 citaverunt
1288 3256 1631 3307 sanctorum
1708 3250 2063 3312 Patrum-et

417 3320 933 3397 scholasticorum,
981 3324 1099 3377 imo
1132 3329 1201 3397 et
1229 3324 1635 3397 conciliorum,
1690 3343 1941 3397 quorum
1978 3330 2065 3382 in-

414 3392 867 3471 dicemADelrius
895 3399 1011 3448 tam
1050 3395 1291 3471 pulchre
1318 3412 1381 3450 ac
1412 3392 1728 3471 diligenter
1746 3400 1906 3463 texit,
1938 3417 2066 3471 pre-

414 3471 556 3532 mat,
591 3466 946 3535 damnetque
996 3466 1339 3533 auctoritas,
1385 3469 1484 3522 sed
1518 3466 1576 3521 et
1624 3466 2066 3537 diligentissimi

412 3552 477 3589 ac
511 3536 1002 3607 perspicacissimi
1058 3538 1241 3592 nostri
1271 3539 1465 3592 swculi
1503 3540 1687 3595 totius
1732 3536 1939 3597 Grecae
1974 3561 2065 3597 sn-

412 3607 645 3686 pientiaa
666 3607 1023 3686 indigetoris
1056 3615 1112 3686 et
1134 3611 1341 3686 arbr_iti
1373 3611 1637 3686 civisque
1664 3614 1809 3686 adeo
1840 3622 1894 3669 et
1927 3631 2066 3686 gen-

410 3678 679 3755 tjlis_mgei
707 3683 809 3755 _(ne
840 3678 1805 3755 domesticumhocpriejudicium
1840 3678 2065 3755 siléum)

410 3749 476 3826 gi
521 3750 719 3804 Audasi
770 3766 1022 3826 censnra
1071 3749 1478 3821 reprehendat,
1513 3755 1610 3823 qui
1651 3749 2066 3826 lgnatiosaqui

410 3820 818 3897 Hieronymos,
838 3838 904 3875 ac
922 3820 1370 3897 Chryso’stomos
1400 3820 1613 3879 l'ontem
1651 3820 1806 3880 hunc
1835 3846 1939 3897 sap
1966 3820 2067 3882 en-

409 3892 499 3947 tiae
532 3892 847 3957 delibasse,
894 3894 975 3946 sic
1026 3892 1313 3963 agnoscit,
1348 3903 1412 3949 ut
1460 3914 1600 3950 suas
1649 3916 1747 3951 ens
1806 3892 1965 3953 illinc
1996 3902 2068 3954 de

409 3963 1022 4041 abditiesimisrelms,
1058 3972 1284 4036 etquas
1418 3968 1596 4022 Paulo
1634 3978 1908 4035 acceptas
1934 3976 2067 4041 jure

401 4034 543 4113 quis
606 4036 769 4113 ferre
800 4036 1029 4104 debeat,
1077 4034 1402 4094 sententias
1447 4034 1891 4113 deprompsisse
1935 4034 2062 4097 'non

404 4108 591 4162 obscu
606 4125 665 4162 re
698 4111 916 4163 l‘ateatu
930 4127 973 4161 r.

479 4201 506 4226 α
539 4183 673 4233 Haec
711 4181 917 4239 habui.
955 4197 1083 4251 quae
1119 4179 1220 4234 tibi
1257 4187 1320 4235 ut
1356 4183 1602 4238 facerem
1627 4184 1769 4238 satis
1800 4186 1869 4239 de
1904 4194 2065 4239 utro-

407 4265 523 4319 que
554 4268 585 4304 a
618 4252 1006 4325 tepropnsito
1055 4252 1413 4325 problemata
1463 4272 1578 4309 non
1616 4262 1732 4311 tam
1784 4258 2062 4325 dicerem,

407 4337 583 4390 quam
619 4322 859 4377 aliunde
892 4322 1299 4393 pene'hausta
1330 4333 1675 4394 repeterem.
1720 4334 1858 4393 Qum
1891 4331 1937 4384 si
1975 4322 2064 4384 me

409 4394 691 4468 lixumao
737 4394 975 4468 ﬁrmum
1027 4411 1230 4450 eorum
1286 4397 1385 4465 qui
1419 4399 1586 4453 aiunt
1631 4399 2060 4468 allirmantque,

404 4479 521 4534 prae
547 4464 670 4541 illis
704 4465 804 4536 qui
838 4472 1056 4541 negant
1103 4474 1185 4520 vel
1241 4464 1522 4523 dubitant
1552 4471 1638 4540 (ut
1668 4479 1865 4539 aperte
1908 4464 2060 4541 quod

403 4536 598 4611 sentio
628 4535 861 4611 loquar)
896 4535 1274 4608 probatorum
1325 4535 1812 4611 laudatoremque
1842 4535 2060 4608 diiern,

402 4611 523 4683 tam
551 4608 691 4683 jure
741 4610 797 4662 id
846 4608 1061 4683 iecero,
1103 4628 1277 4683 quam
1311 4611 1550 4666 illorum
1602 4608 1834 4667 erudita
1886 4621 2062 4683 atque

401 4680 595 4744 ﬁrma,
640 4679 1073 4751 borumjejuna
1097 4699 1160 4736 ac
1189 4682 1364 4751 plane
1387 4683 1573 4746 nulla,
1598 4701 1703 4739 seu
1719 4679 2071 4751 argumenta

406 4765 511 4804 seu
550 4759 849 4807 momenta
892 4770 1022 4807 esse
1056 4754 1200 4807 ratio
1236 4754 1364 4824 ipsa
1410 4761 1714 4809 monstrat.
1750 4756 1909 4823 Vale,
1943 4774 2064 4813 me-

404 4837 543 4895 que,
577 4828 640 4876 ut
675 4824 817 4895 lacis
842 4840 1042 4878 amare
1077 4841 1269 4895 perge,
1323 4829 1380 4879 et
1410 4826 1718 4882 sacriﬁciis
1767 4845 2065 4883 commen-

401 4894 607 5018 ilgitém
677 4894 827 4950 habe
884 4894 1130 4949 Tornaci
1182 4896 1529 4952 Nerviorum
1603 4899 1879 4953 Kalendis
1932 4899 2064 4955 Maii

560 5008 569 5018 .
608 4986 637 5014 ››

407 4966 569 5018 1615.
608 4986 637 5014 ››

474 5034 605 5110 Haec
633 5037 925 5110 sapientis
948 5042 999 5091 et
1036 5038 1254 5106 copiosi
1283 5037 1537 5105 theologi
1575 5041 1921 5110 disputatio.
1948 5058 2062 5096 non

401 5108 583 5195 modo
634 5108 946 5195 pe'nspicue
998 5110 1402 5195 Areopagitam
1446 5108 1786 5195 Dionysium
1841 5113 2061 5176 Galliae,

398 5179 645 5257 sedipsi
698 5179 995 5257 Diunysioi
1028 5182 1247 5257 scripta
1295 5199 1402 5237 sua
1454 5179 1732 5257 vindicat.
1766 5202 1893 5257 qua:
1928 5203 2063 5255 pars

396 5256 524 5304 erat
556 5253 1521 5327 nostrisdisputationissecunda
1551 5275 1564 5323 ;
1602 5253 1797 5327 quam'
1824 5253 2063 5313 necesse

394 5326 485 5375 est
534 5322 1024 5397 constabiliamus
1078 5322 1184 5377 hoc
1236 5325 1361 5381 loco
1391 5322 1569 5397 atque
1618 5322 1941 5396 ﬁrmemus,
1990 5346 2062 5384 ne

395 5407 571 5469 quem
606 5393 801 5469 adhuc
824 5394 882 5447 in
904 5410 1097 5469 errore
1124 5398 1343 5469 versari
1373 5393 1684 5469 patiamur.
1713 5400 1864 5455 Sunt
1902 5393 2058 5455 enim

392 5463 661 5544 etiamin
696 5465 808 5544 hac
843 5471 1010 5544 parte
1036 5465 1189 5544 haud
1227 5463 1560 5544 pauciores,
1593 5488 1720 5527 mea
1763 5473 2057 5544 opinione,

393 5534 798 5611 inimicissimi
826 5534 1012 5611 sancti
1067 5534 1323 5611 Dionysii
1362 5534 1584 5607 hostes,
1634 5534 2059 5600 obtrectatores

390 5606 595 5687 invidi,
653 5608 804 5687 bono
848 5606 1403 5687 alienammrentes
1454 5606 1631 5687 atque
1682 5616 1921 5683 virtute,
1956 5617 2056 5686 qui

392 5678 533 5761 Com
546 5681 864 5770 meniariqs
890 5679 1261 5770 div‘inissime
1280 5685 1395 5770 seri
1408 5678 2059 5770 ptos',quosque.oinnis

394 5749 718 5832 mirataest
742 5753 1090 5832 antiquitas,
1116 5749 1434 5832 apostolico
1454 5749 1666 5832 spiritu
1696 5749 1756 5815 et
1775 5760 2056 5832 primige-

390 5820 489 5902 nia
523 5822 739 5902 pietate
772 5820 1051 5902 indignos
1086 5820 1463 5885 contendant.
1490 5820 2054 5902 'Luthrrus'jampvri-

390 5891 551 5960 dem,
601 5894 767 5967 Beza,
807 5891 1220 5970 Calvinusque,
1252 5906 1379 5957 tum
1418 5902 1522 5973 qui
1554 5903 1768 5959 deinde
1796 5891 2057 5975 pullula-

2162 1894 2382 1959 pretem
2408 1887 2879 1960 religionis—esse
2927 1890 3134 1963 voluit,
3187 1887 3557 1961 Athenisque
3598 1893 3813 1963 episco-

2159 1977 2294 2032 pum
2326 1985 2338 2025 ;
2368 1965 2521 2014 certe
2548 1977 2783 2015 necesse
2803 1971 2894 2016 est
2927 1959 3223 2015 hominem
3251 1963 3434 2015 fuisse
3454 1959 3811 2019 monstriﬁro

2158 2047 2369 2105 genere
2384 2048 2414 2085 e
2436 2032 2858 2087 diversissimis
2881 2033 3108 2088 naturis
3125 2032 3599 2102 conglutinatum
3618 2055 3631 2103 ;
3652 2035 3813 2090 hinc-

2158 2105 2345 2157 virum
2369 2109 2661 2173 sanctum,
2696 2105 3090 2176 ingeniosum,
3118 2107 3515 2171 moderatum,
3550 2109 3607 2161 in
3641 2106 3805 2163 theo-

2158 2176 2313 2247 logia
2334 2190 2659 2248 summum,
2682 2178 2779 2244 qui
2801 2175 3079 2248 mysteria
3101 2177 3320 2231 caeteris
3346 2178 3693 2233 hominibus
3716 2197 3807 2233 ar-

2159 2264 2305 2302 cana
2326 2247 2553 2311 viderit,
2581 2247 2880 2317 sapientiae
2914 2250 3101 2302 fontes
3135 2249 3454 2317 aperuerit,
3489 2250 3810 2305 cmiestium

2162 2336 2352 2391 rerum
2388 2320 2903 2374 admirabilitatem
2939 2318 3249 2391 magnifico
3280 2337 3496 2391 genere
3527 2323 3811 2377 orationis

2159 2397 2219 2446 et
2278 2390 2449 2465 plane
2496 2391 2693 2465 divino
2724 2390 3228 2465 explicaritjbinc
3282 2390 3491 2447 contra
3548 2393 3809 2465 planum,

2162 2462 2544 2537 malitiosum,
2569 2461 2763 2534 γόητα,
2796 2461 2895 2534 qui
2926 2470 3272 2533 personatus
3306 2465 3475 2533 quasi
3501 2461 3635 2537 post
3653 2466 3815 2537 sipa-

2161 2535 2314 2589 rium
2350 2534 2698 2589 delitescens
2730 2540 3125 2605 spectatorum
3159 2538 3393 2590 animos
3427 2534 3737 2602 deluserit',
3759 2536 3813 2591 in

2161 2607 2450 2660 cothurno
2482 2606 2672 2661 alieno
2696 2606 3187 2669 incesserit,caeca
3209 2615 3266 2661 et
3287 2607 3453 2662 inani
3489 2608 3818 2663 imitatione

2162 2695 2192 2734 e
2224 2684 2524 2732 mustaceo
2575 2680 2832 2748 lauream
2867 2679 3060 2733 nescio
3093 2695 3268 2748 quam
3319 2686 3522 2748 petere
3553 2681 3821 2742 voluerit,

2161 2749 2442 2827 qui_curn
2493 2745 2690 2827 ψεῦδος
2741 2752 2917 2821 probe
2946 2745 3142 2827 iscirth
3172 2746 3289 2827 Δἔξω
3319 2745 3603 2827 ἐοῦᾼθεζου
3651 2753 3823 2827 χε)ροῦ

2164 2820 2319 2891 poni,
2352 2820 2613 2876 tabulam
2639 2820 2834 2877 tamen
2872 2822 3235 2890 subornavit,
3262 2820 3716 2881 mendaciorum
3743 2824 3828 2879 in-

2162 2892 2517 2961 dignissima
2535 2895 2813 2949 varietate
2835 2900 2893 2948 et
2917 2893 3239 2948 foedissima
3261 2896 3456 2950 sutela
3471 2904 3825 2953 contextam.

2167 2967 2267 3020 Hic
2284 2971 2481 3019 autem
2498 2965 2644 3020 illud
2660 2966 3011 3020 Cassianum
3032 2966 3223 3020 audiri
3247 2966 3425 3022 velim
3455 2986 3469 3022 :
3494 2968 3603 3025 Cui
3628 2969 3781 3024 bono
3802 2965 3828 3018 ’ἰ

2165 3042 2265 3092 aut
2296 3038 2429 3109 qui-il
2469 3039 2708 3093 tandem
2741 3053 2808 3093 eo
2858 3038 3094 3108 ingenio
3124 3039 3209 3092 vir
3238 3044 3297 3092 et
3324 3039 3632 3105 doctrina,
3665 3057 3695 3095 e
3729 3056 3830 3109 pn-

2163 3109 2288 3196 iida
2340 3108 2495 3196 62A?
2546 3108 2647 3163 illa
2691 3126 2937 3196 sperare
2998 3109 3600 3196 {naudepptuisset‘i
3644 3108 3832 3196 Atque

2175 3181 2322 3235 hanc
2370 3180 2649 3253 ratinnem
2672 3183 2861 3253 docte,
2884 3186 2946 3234 ut
2973 3180 3143 3245 solet,
3173 3185 3231 3236 et
3251 3181 3707 3249 elegantissimo
3732 3180 3829 3253 ju-

2172 3253 2325 3307 dicio
2383 3251 2661 3320 explicuit
2710 3258 2770 3306 Ρ.
2837 3252 3171 3307 Leonardus
3232 3254 3476 3309 Lessius
3536 3251 3834 3311 societatis

2174 3330 2391 3397 nostra:
2420 3324 2751 3395 theologus,
2776 3340 2949 3395 quem
2987 3341 3098 3378 non
3126 3341 3286 3380 mevo
3318 3325 3550 3397 aliquo,
3584 3328 3687 3382 sed
3712 3327 3832 3380 cla-

2173 3396 2430 3468 rissimis
2475 3397 2647 3468 editis
2691 3397 2967 3468 operibus
3009 3397 3130 3466 jam
3185 3396 3561 3453 eruditorum
3620 3399 3834 3454 chorus

2173 3466 2429 3542 agnovit.
2469 3467 2630 3523 Illius
2669 3466 3022 3538 sapientiam
3056 3483 3189 3542 cum
3235 3478 3531 3542 tanquam
3560 3471 3836 3542 Pythium

2172 3538 2502 3611 Apollinem
2536 3556 2715 3611 super
2739 3543 2844 3595 hac
2884 3556 2945 3593 re
2976 3540 3439 3611 consuluissem,
3498 3538 3711 3598 breves
3745 3540 3835 3594 lit-

2172 3610 2329 3666 teras
2361 3612 2430 3664 ad
2468 3628 2560 3666 me
2597 3610 2779 3669 dedit.
2812 3628 2961 3681 quas
3010 3610 3202 3666 libens
3232 3628 3367 3667 cum
3405 3613 3660 3670 Lectore
3717 3627 3843 3668 meo

2171 3684 2642 3757 communicabo.
2706 3683 2963 3738 Fuerunt
3024 3689 3220 3737 autem
3291 3685 3539 3757 scripta
3598 3687 3661 3741 in
3724 3685 3841 3739 hinc

2173 3755 2349 3809 verba
2375 3771 2387 3808 :

2244 3849 2271 3874 ‹‹
2310 3826 2643 3880 Βογριιθηάθ
2674 3826 2731 3879 in
2764 3824 2996 3881 Christo
3029 3828 3220 3887 Pater,
3254 3843 3364 3896 pax
3395 3827 3651 3882 Christi.

2247 3918 2274 3945 ‹‹
2311 3897 2559 3951 Litteras
2609 3897 2941 3951 reverentia:
2991 3903 3195 3951 vestra:
3245 3899 3419 3955 datas
3474 3899 3728 3955 Parisiis
3779 3896 3844 3950 l4

2174 3968 2405 4041 ᾼρνιιὶεΑ
2445 3968 3112 4041 aiccepi_2lejusdetn.
3179 3969 3377 4032 Miror,
3443 3976 3585 4041 post
3660 3968 3845 4040 patris

2174 4039 2408 4094 Martini
2447 4039 2632 4093 Ilelrio
2662 4039 2963 4096 Vindicias
2993 4039 3457 4111 AreOpagiticas,
3514 4039 3721 4097 adhuc
3750 4057 3844 4111 su:

2175 4128 2407 4193 peresse
2421 4111 2779 4193 aliq_nos,q_ui
2797 4114 2868 4167 de
2884 4113 2991 4193 hnc
3009 4110 3183 4193 Opere
3208 4110 3281 4168 du
3293 4113 3598 4193 bitent,an
3619 4110 3843 4193 auctori

2172 4182 2255 4238 illi
2291 4185 2369 4239 sit
2414 4183 2834 4238 vindicandum
2866 4203 2880 4249 ;
2915 4182 3221 4239 dissolutis
3252 4187 3409 4240 enim
3468 4184 3847 4242 adversario-

2174 4272 2304 4309 rum
2362 4255 2731 4314 ratiunculis.
2784 4260 2871 4310 tot
2933 4256 3153 4326 profert
3198 4263 3465 4311 veterum
3533 4265 3843 4326 auctorum

2170 4327 2348 4395 (inter
2377 4344 2525 4397 quos
2561 4328 2731 4382 multi
2765 4325 2978 4382 summi
3014 4327 3340 4397 poutitices,
3365 4333 3426 4382 et
3463 4328 3578 4384 viri
3616 4325 3848 4384 sancti-

2170 4405 2293 4453 tate
2316 4399 2601 4465 illustres)
2626 4399 2986 4463 testimonia,
3012 4399 3228 4469 quibus
3249 4399 3477 4469 scripta
3503 4401 3611 4456 illa
3635 4402 3694 4456 S.
3720 4401 3850 4455 Dio-

2172 4470 2337 4552 nysio
2393 4473 2751 4552 Areopagitae
2785 4471 3147 4552 tribuuntur,
3203 4478 3267 4552 ut_
3296 4472 3389 4552 vix
3457 4481 3694 4552 putem_
3726 4484 3852 4552 esse

2172 4541 2408 4612 aquuod
2443 4541 2827 4612 antiquorum
2860 4546 3098 4615 Patrum
3154 4541 3474 4612 scripturn,
3529 4545 3696 4615 quod
3735 4542 3855 4615 plu-

2172 4614 2338 4667 ribus
2395 4615 2646 4668 testibus
2696 4631 2801 4669 suo
2833 4614 3058 4669 auctori
3113 4617 3299 4683 possit
3347 4614 3674 4672 vindicari.
3710 4614 3849 4669 Mihi

2174 4701 2307 4739 vero
2343 4701 2433 4740 res
2465 4686 2610 4740 adeo
2664 4686 2972 4756 perspicua
3004 4686 3256 4753 videtur,
3295 4691 3358 4741 ut
3388 4688 3645 4743 etiamsi
3704 4688 3854 4756 ejus-

2174 4757 2328 4811 modi
2363 4758 2698 4829 testimonia
2730 4758 2973 4812 minime
3023 4763 3430 4829 suppeterent,
3488 4777 3616 4815 non
3655 4767 3855 4829 putem

2172 4831 2247 4889 ei,
2283 4827 2383 4898 qui
2416 4830 2697 4884 attentius
2728 4830 3070 4896 expenderit
3090 4827 3285 4898 operis
3315 4827 3763 4894 conditionem,
3789 4828 3856 4881 de

2173 4907 2410 4955 auctore
2443 4901 2886 4971 ambigendum.
2922 4905 3040 4957 Hac
3069 4902 3227 4957 enim
3263 4902 3444 4956 unica
3495 4904 3739 4960 ratione
3771 4902 3855 4956 fa-

2171 4972 2281 5053 cile
2299 4972 2697 5053 convincetur.
2719 4990 2837 5043 qua
2856 4979 2915 5053 et
2942 4990 3068 5041 ego,
3099 4989 3307 5053 sitquo
3326 4979 3653 5031 auctorem
3689 4973 3855 5053 illum

2172 5043 2307 5108 legi,
2341 5045 2651 5099 convictus
2682 5045 2907 5099 sum.Si
2940 5061 3090 5116 opus
3119 5043 3261 5102 illud
3292 5062 3408 5100 non
3443 5053 3619 5103 esset
3652 5043 3856 5111 magni

2168 5116 2333 5169 illius
2368 5116 2631 5187 Dionysii
2662 5117 3027 5187 Areopagitae
3060 5118 3159 5187 qui
3195 5118 3583 5188 temporibus
3618 5122 3857 5188 apostoj

2171 5187 2359 5260 lorum
2395 5185 2557 5260 vixit,
2591 5189 2687 5243 sed
2744 5185 3005 5260 alicujus,
3046 5185 3409 5259 posterioris,
3468 5195 3542 5243 ut
3582 5185 3859 5260 Dionysii

2169 5258 2574 5320 Alexandrini,
2622 5259 2708 5314 vel
2746 5258 3061 5327 Corinthii,
3093 5260 3177 5315 vel
3231 5261 3565 5328 cuiusdam
3603 5260 3714 5328 qui
3748 5258 3858 5314 ali-

2168 5336 2312 5401 quot
2343 5330 2585 5403 saaeulisr
2609 5338 2812 5399 postea
2836 5332 3201 5403 temporibus
3240 5332 3589 5389 Justiniani
3626 5330 3669 5389 ll
3705 5332 3863 5387 circa

2166 5419 2387 5477 annum
2427 5402 2655 5477 Domini
2713 5402 3207 5477 sexcentesimum
3257 5403 3858 5477 nonagesimumvi-

2163 5474 2333 5547 xerit,
2370 5479 2432 5547 ut
2463 5474 2588 5529 vult
2615 5474 2915 5545 Scaliger;
2951 5478 3316 5547 auctorejus
3370 5474 3541 5532 esset
3577 5475 3859 5533 mendax.

2165 5546 2489 5619 hypocrita,
2524 5547 2939 5619 etimpostor.
2965 5547 3057 5602 Ait
3083 5546 3264 5612 enim,
3317 5553 3766 5619 praeceptorem
3803 5552 3864 5599 et

2163 5617 2564 5672 institutoer
2600 5617 2655 5672 in
2690 5617 2865 5674 rebus
2888 5618 3101 5675 divinis
3123 5636 3187 5674 se
3216 5617 3333 5673 una
3353 5635 3501 5674 cum
3530 5619 3858 5677 Timotheo

2164 5688 2446 5745 habuisse
2478 5690 2539 5745 S.
2574 5689 2845 5755 Paulum,
2878 5691 3089 5745 driude
3118 5696 3174 5746 S.
3208 5690 3647 5759 Hierotheum,
3681 5697 3749 5748 ut
3780 5689 3859 5742 vi-

2162 5762 2301 5835 dere
2331 5767 2422 5835 est
2454 5759 2556 5815 lib.
2589 5762 2661 5816 De
2691 5762 3063 5818 ecclesiastica
3110 5763 3416 5828 hicrarcln,
3454 5780 3508 5818 ο.
3533 5765 3593 5829 2,
3625 5769 3781 5835 part.
3817 5778 3855 5825 ι,

2162 5838 2221 5906 et
2249 5832 2321 5886 De
2350 5832 2560 5906 divinis
2596 5849 2771 5898 nom,
2806 5851 2854 5889 c.
2888 5836 2942 5896 3,
2976 5841 3035 5890 et
3054 5837 3190 5906 0.77.
3223 5835 3404 5890 Alfert
3439 5832 3852 5906 objectionem

2162 5903 2378 5975 Elymus
2412 5903 2567 5975 magi
2617 5910 2901 5978 tanquam
2942 5905 3187 5981 aequalis
3214 5911 3271 5964 et
3316 5903 3845 5982 contemporanei.
