4130 6438
275 351 412 408 1001

1275 359 1339 413 Ρ.
1377 359 1747 417 LANSSELII
1785 361 2211 416 DISPUTATIO
2249 359 2648 416 APOLOGET.

3553 361 3694 417 1002

267 479 346 564 pe
362 477 577 564 diuinis
603 478 1072 564 nqminibm‘cap.
1104 480 1158 534 8.
1185 481 1487 564 Itemncap.
1521 485 1556 540 3
1587 487 1669 543 ait
1708 503 1793 564 -se
1841 487 1928 541 in-
1958 497 2013 561 Α
2042 483 2224 564 fuisse
2253 482 3071 564 eminentissimissapientiae
3101 487 3157 538 et
3181 499 3416 564 magilis
3448 485 3687 564 sancti-

264 550 540 631 terfuisse
571 549 745 631 (ιφῐυὶ
775 549 1173 631 apostolorum
1222 559 1278 608 et
1327 549 1567 631 fret-um,
1623 558 1723 631 qui
1791 575 1928 614 con-

263 622 641 695 venerantad
669 624 1065 678 contuendum
1120 640 1334 695 corpus
1394 622 1746 685 beatiSsimae
1803 631 1928 683 Vir-

266 694 427 766 ginis
455 693 720 772 :_ib_idem
748 695 1015 772 _adfuisse
1048 693 1284 772 Petrum
1327 704 1382 753 et
1429 701 1736 770 Jacobum,
1770 703 1930 772 ejus-

271 764 385 838 que
420 765 502 820 rei
551 764 924 821 Timotheum
956 783 1086 822 esse
1117 770 1296 838 probe
1353 787 1654 829 conscum.
1718 764 1926 838 Hiero-

270 830 474 920 t-heum
509 843 924 963 praecegtorem
958 839 1038 893 ibi
1069 830 1202 921 post
1230 843 1547 922 apostolosi
1585 830 1930 901 excelldisse

271 925 334 963 in
368 908 667 963 laudanda
740 915 1040 963 ivmltate:
1076 913 1279 963 scribit
1308 916 1618 963 emstnalm
1645 917 1712 963 nd
1760 920 1926 963 Pulv-

271 911 334 963 in
368 908 667 988 laudanda
697 908 1003 988 divinitate
1029 927 1040 963 :
1071 908 1286 988 Scribit
1308 915 1620 984 epistoalm
1645 917 1716 972 ad
1758 920 1926 988 Poly-

269 996 540 1051 carpum,
572 979 751 1034 aliam
785 983 856 1035 ad
915 982 1140 1046 Titum,
1183 979 1362 1038 aliam
1415 989 1485 1041 ad
1537 989 1595 1042 S.
1639 979 1926 1044 Joannem

268 1051 696 1126 evangelistam
730 1053 787 1107 in
823 1052 1025 1126 Patrne
1048 1055 1435 1126 exsulantem,
1470 1064 1526 1113 et
1557 1060 1613 1114 in
1639 1077 1703 1115 ea
1729 1065 1929 1115 narrat

269 1123 384 1178 sibi
417 1123 727 1177 revelatam
786 1124 914 1192 ejus
973 1124 1373 1182 liberationem
1423 1123 1493 1184 'et
1554 1132 1806 1186 reditum
1866 1130 1924 1186 in

267 1194 740 1268 Asiam.__Scribiit
771 1195 843 1250 ad
879 1196 1366 1268 Ap0110phanem,
1405 1200 1670 1257 hortatur
1693 1218 1828 1258 eum
1852 1203 1924 1257 ad

270 1267 451 1343 fidem
481 1265 720 1343 Christi,
769 1271 827 1321 et
856 1265 1190 1324 commonet
1217 1270 1452 1341 eclipsis
1509 1290 1684 1343 quam
1748 1275 1922 1329 simul

267 1337 526 1414 viderint
556 1337 614 1391 in
645 1338 890 1409 zEgypto
929 1344 1191 1414 tempore
1245 1337 1542 1412 passionis
1566 1345 1920 1414 Dominicis;

264 1410 560 1480 quomodo
591 1424 720 1486 eam
748 1413 1194 1486 conspexerint,
1231 1410 1358 1486 quas
1388 1418 1590 1486 verba
1651 1418 1803 1472 inter
1861 1410 1924 1472 se

265 1480 713 1560 commutarint.
744 1485 876 1560 Haec
907 1487 964 1537 et
984 1482 1098 1538 alia
1146 1480 1350 1560 scribit
1382 1485 1479 1541 ille
1513 1495 1761 1545 auctor:
1795 1505 1921 1560 quae

264 1553 470 1613 omnia
503 1551 648 1607 falsa
674 1557 872 1628 essent
899 1560 956 1608 et
980 1570 1145 1628 meras
1176 1556 1537 1628 imposturae,
1573 1560 1620 1614 si
1663 1561 1774 1615 iste
1805 1551 1919 1615 non

263 1631 423 1704 esset
454 1625 1067 1704 mqgnuslﬁopysius
1124 1625 1785 1704 δρῳεὶοιὶξπᾳῷγχρονος,
1821 1633 1918 1687 sed

261 1694 674 1771 junior__alius.
709 1696 880 1771 Atqui
908 1694 1176 1771 Tprorsus'
1205 1694 1687 1771 incredibile'é'st,
1719 1694 1917 1758 aucto-

263 1767 584 1839 remrillius
613 1767 809 1837 oporis
831 1767 1086 1824 voluisse
1119 1775 1238 1825 tam
1272 1772 1420 1827 foede
1453 1767 1710 1839 mentiri,
1730 1782 1783 1828 et
1813 1775 1916 1830 ho-

267 1838 532 1943 minkibus
563 1838 895 1943 imponere;
929 1840 1036 1896 hoc
1067 1841 1220 1921 enim
1253 1846 1559 1943 nonmcadit
1607 1847 1699 1943 in‘
1724 1846 1916 1943 v‘irum
1952 1879 1997 1943 B

263 1911 601 1987 probumst
617 1911 906 1987 sapientia
925 1913 1336 1987 conspicuum.
1368 1915 1512 1972 Nam
1538 1921 1787 1987 constat,
1816 1936 1918 1973 au-

265 1988 486 2058 ctorem
523 1981 682 2037 illius
711 1984 900 2058 operis
929 1981 1091 2039 tanta
1121 1985 1304 2041 fuisse
1334 1988 1620 2058 sapientia
1650 1992 1708 2043 et
1727 1981 1922 2044 rerum

265 2054 604 2132 divinarum
640 2054 996 2132 cognitione,
1014 2060 1092 2132 rut
1111 2054 1690 2132 summistheologis,
1715 2077 1784 2115 ex
1808 2079 1924 2132 quo

266 2125 328 2178 in
363 2123 554 2203 lucem
592 2126 832 2203 prodiit,
853 2127 1027 2180 fuerit
1057 2127 1542 2203 admirationi,iet
1572 2123 1743 2186 nemo
1796 2123 1927 2203 p-ost

261 2194 562 2273 apostolos
593 2194 645 2250 ei
678 2202 916 2273 putetur
948 2200 1366 2273 praeferendus,
1392 2194 1476 2256 vel
1495 2203 1672 2258 etiam
1695 2194 1927 2273 aequan-

267 2269 423 2346 dus;
460 2284 629 2346 nemo
661 2267 985 2346 donatura
1042 2271 1258 2346 divina,
1317 2275 1561 2346 ejusque
1618 2267 1924 2346 perfectio-

264 2338 448 2413 nibus
468 2344 526 2394 et
555 2340 993 2413 operationibus
1023 2342 1262 2413 scripsit
1302 2338 1636 2400 sublimius.
1672 2352 1774 2400 aut
1829 2363 1925 2401 co-

268 2410 536 2485 piosius;
598 2427 770 2485 nemo
828 2410 1170 2484 angelorum
1229 2415 1485 2485 ordines,
1545 2417 1926 2483 hierarchias,

267 2481 444 2561 actus
473 2481 888 2561 hierarchicos,
912 2481 1280 2561 omnemque
1299 2481 1767 2561 diepositionem,
1795 2481 1927 2561 pras-

268 2559 361 2609 ter
388 2553 554 2608 illum
591 2553 761 2610 nobis
817 2555 1130 2626 descripsit
1156 2553 1198 2621 ς’
1229 2553 1412 2612 nemo
1445 2560 1772 2630 Scripturas
1797 2553 1924 2614 ‘sa-

271 2642 424 2689 cras,
456 2641 780 2697 earumque
811 2643 1021 2681 sensus
1074 2644 1340 2696 arcanos,
1375 2631 1693 2686 sublimius
1749 2632 1927 2686 inter-

266 2702 552 2773 pretatur.
581 2697 680 2752 Ille
713 2697 1515 2773 nobisprigiustheologiam
1540 2702 1925 2773 symbolicam

265 2769 328 2824 et
358 2769 665 2843 mysticam
699 2769 965 2843 tradidit.
1001 2769 1225 2843 Excidit
1259 2769 1451 2826 tamen
1476 2769 1622 2843 opas
1658 2773 1801 2828 illud
1853 2775 1925 2828 De

266 2840 887 2915 symboiicatberilogia,
946 2844 1003 2896 et
1049 2841 1239 2897 solum
1300 2840 1545 2899 diversis
1603 2846 1747 2899 locis
1797 2846 1928 2915 ejus

269 2913 372 2967 dat
407 2911 641 2982 aliquod
670 2911 1007 2985 specimen;
1041 2929 1108 2968 ex
1132 2930 1248 2983 quo
1283 2931 1597 2984 possumus
1642 2911 1932 2985 conjicere

278 3000 462 3057 quam
496 2983 931 3057 admirabile_et
961 2985 1213 3057 sublime
1245 2983 1392 3057 opus
1425 2987 1567 3042 illud
1604 2983 1792 3042 fuerit.
1830 2988 1934 3042 Ex-

277 3051 424 3130 cidit
463 3059 520 3130 et
551 3055 708 3110 aliud
759 3051 1069 3130 0§O?\OYth_i
1130 3051 1503 3130 ᾢποτῦπώσεις
1561 3059 1933 3130 inscriptum,

279 3126 454 3201 cujus
476 3125 603 3197 ipse
627 3127 896 3201 meminit
923 3125 1100 3183 variis
1140 3127 1302 3185 locis.
1336 3130 1516 3186 Nemo
1543 3125 1762 3184 eorum-
1806 3125 1933 3201 quaé

273 3199 336 3253 in
370 3198 754 3270 sacramentis
785 3205 1070 3269 geruntur
1101 3201 1395 3270 mysteria,
1425 3207 1482 3256 et
1538 3201 1798 3256 occultas
1825 3198 1928 3256 _si-

291 3269 710 3343 gniﬁcationes,
744 3271 1096 3341 profundius
1143 3277 1246 3327 aut
1301 3273 1597 3343 copiosius
1631 3273 1921 3343 patefecit.

312 3358 407 3395 am
441 3359 575 3396 vero
607 3358 785 3412 quam
810 3358 953 3396 sana
986 3343 1203 3413 ubique
1253 3343 1310 3398 in
1356 3349 1518 3399 tanta
1566 3345 1928 3400 sublimitate

272 3413 604 3487 theorizede
635 3413 1285 3487 maximisChristianze
1333 3416 1636 3487 religionis
1685 3417 1928 3487 dogma-

273 3484 456 3548 tibus,
491 3485 877 3558 doctrina,_rut
905 3485 976 3540 de
1008 3486 1199 3541 tribus
1220 3487 1278 3541 in
1304 3484 1747 3558 simplicissima
1766 3484 1929 3542 divi-

275 3557 460 3630 nitate
490 3555 910 3630 hypostasibus
941 3572 1044 3630 seu
1097 3560 1384 3630 personis.
1426 3555 1516 3614 'de
1556 3576 1757 3614 earum
1798 3575 1929 3630 pro-

275 3627 550 3683 cessione'
585 3633 644 3682 et
695 3627 1195 3694 distinctione,’de
1255 3630 1478 3685 unitate
1536 3627 1827 3698 essentiaa',
1861 3631 1932 3684 de

273 3698 530 3755 indivisa
576 3700 932 3771 epieratione,
965 3700 1036 3756 de
1061 3700 1396 3756 admirabili
1445 3701 1659 3756 unione
1707 3706 1933 3757 natura:

279 3771 493 3827 divinae
526 3774 582 3825 et
618 3770 916 3843 lhumanae
983 3772 1041 3826 in
1102 3788 1220 3827 una
1269 3773 1582 3843 hypostasi,
1641 3773 1811 3828 Verbi
1861 3773 1932 3828 de

278 3847 494 3916 natura
526 3841 686 3907 mali,
719 3843 806 3916 _de
831 3843 1027 3916 cilicia
1065 3841 1593 3911 sacramentorum,
1647 3846 1715 3899 de
1746 3861 1933 3916 augu-

278 3914 548 3970 stissimo
607 3913 943 3968 eucharitias
1003 3920 1394 3978 sacramento,
1455 3916 1604 3984 quod
1666 3933 1732 3970 ex
1805 3913 1935 3971 sen-

278 3987 469 4041 tentia
500 3984 591 4040 sui
624 3984 822 4057 inclyti
858 3985 1229 4057 praeceptoris
1260 3987 1526 4057 (Paulum
1558 3987 1674 4057 ,vel
1734 3986 1934 4042 Hiero-

280 4058 484 4113 theum
513 4054 874 4127 intelligens)
905 4054 1202 4113 dicit—esse
1230 4054 1462 4112 τὲλετῶν
1495 4054 1742 4126 τελετήν,
1767 4059 1938 4127 quasi

279 4129 446 4201 dicas
476 4134 975 4201 sacramentorum
1007 4130 1272 4184 omnium
1307 4130 1740 4201 perfectionem.
1775 4129 1938 4194 Quod

281 4203 354 4256 ad
387 4199 775 4256 elocutionem
809 4200 1034 4272 attinet,
1063 4216 1188 4255 eam
1221 4199 1451 4272 quoque
1483 4202 1803 4269 angelicam
1838 4219 1940 4272 po-

282 4274 405 4328 tius
437 4272 653 4327 dixeris
682 4287 860 4342 quam
911 4270 1259 4340 humanam,
1301 4270 1445 4327 adeo
1496 4273 1769 4328 sublimis
1818 4270 1938 4339 est;

283 4343 567 4398 nimirum
602 4349 664 4398 ut
694 4343 1138 4412 conceptionum
1176 4343 1602 4398 sublimitatem
1659 4345 1942 4399 orationis

280 4414 622 4472 sublimitas
641 4414 1071 4486 exaequetQuis
1096 4419 1223 4486 post
1243 4414 1538 4486 apostolos
1564 4431 1820 4486 unquam
1846 4416 1943 4470 de-

278 4487 612 4559 divinis‘ita
641 4484 873 4559 locutus
904 4491 1029 4541 est:
1086 4484 1246 4559 Tp_t&c
1281 4484 1591 4559 ’ὑπερούᾳιε
1647 4484 1736 4538 καὶ
1779 4485 1944 4559 ᾧπὲρτ

280 4560 388 4645 θεέ,
435 4553 538 4645 καῖ’
575 4556 896 4645 ὑπεράγαρε,
947 4577 998 4610 κ.
1036 4576 1099 4645 ἦ.
1127 4553 1204 4612 ’λ.
1257 4553 1417 4645 ilicet
1455 4554 1570 4619 θεία
1608 4556 1808 4645 πατριά
1853 4553 1944 4645 κάξ

316 4629 330 4645 ρ
663 4635 691 4645 ..

280 4627 477 4716 uide-qq,
522 4625 600 4716 Ex“
624 4625 724 4716 ’ἰῆς
761 4625 996 4716 ’πάντῳηνὶ
1033 4625 1790 4716 ἑξμρημὲηηςλπαξριαρχίας
1856 4628 1942 4716 non?
1990 4675 1992 4677 .

282 4697 541 4774 ψἰαρχῖας
573 4697 898 4774 δεδώρηται.
929 4699 1005 4755 Τὸ
1057 4697 1345 4774 θέὰρέῃκὸν
1377 4697 1636 4774 ᾲιῐνεῦνμαζ
1666 4697 1820 4774 Tiso:
1856 4700 1947 4774 Iov

282 4771 631 4848 ἀρχίςίξυιγιεονΔ
679 4772 910 4848 Euripo}.
984 4771 1125 4848 Πρὸς
1155 4771 1160 4773 ⁷
1191 4771 1331 4848 λέὴνῃ
1369 4772 1701 4848 ὑ-περάρχιον
1749 4771 1949 4848 ἁρχήςθ.

280 4841 398 4912 Τὴῖ
439 4841 674 4934 ξρχξκῆν
718 4841 834 4934 ἕξῖ
866 4841 1194 4934 ὑπεράξχιρν
1241 4847 1336 4934 τοᾷ
1385 4841 1681 4934 magpies
1720 4841 1954 4934 “Usi-596i;

282 4913 628 4994 (ἣωξορᾖίίαν
708 4914 895 4994 delet;
970 4913 1386 4994 kal—'étpsgéai
1454 4913 1603 4994 tio—54‘
1647 4913 1956 4994 ὀωεξαλμρῖς

283 4983 648 5058 ἑῖσδεξάμενοι
733 4985 1091 5061 Ὑπερουσγίῳς
1143 4983 1405 5056 οὐ-σιῶθη.
1439 4983 1755 5061 Θεανδρικαί
1812 4983 1954 5061 seip-

282 5081 464 5136 75m.
485 5061 640 5115 630
673 5063 736 5136 [fil
768 5058 926 5114 mille
957 5060 1072 5114 alia
1104 5076 1230 5136 no_n_
1277 5065 1477 5136 coacta
1505 5058 1620 5114 non
1669 5059 1956 5136 laboriose

331 5135 554 5196 uaesita,
604 5132 701 5186 sed
762 5135 969 5203 sponte
1025 5147 1092 5203 ex
1133 5129 1957 5203 altissima,contemplatione

336 5204 554 5260 uentia.
581 5203 708 5272 Legi
757 5201 813 5257 Si
851 5202 1243 5270 Augustinum
1278 5203 1348 5257 de
1378 5201 1739 5269 trinitate,et
1775 5201 1960 5256 multa

283 5283 344 5332 S.
380 5275 642 5347 Gregorii
676 5278 1059 5347 cognomento
1092 5272 1344 5344 theologi
1379 5273 1685 5344 opuscula,
1733 5279 1789 5328 et
1813 5273 1956 5328 alio-

285 5363 424 5404 rum
459 5345 698 5401 Patrum
729 5345 1101 5400 doctissimos
1135 5349 1440 5412 tractatus,
1470 5361 1640 5399 nemo
1664 5350 1859 5399 tamen
1891 5359 1960 5399 ex

284 5419 412 5475 illis
443 5420 606 5473 visus
635 5421 724 5472 est
756 5415 894 5472 mihi
927 5416 1268 5487 Dionysium
1332 5415 1416 5470 vel
1449 5416 1726 5470 doctrina!
1775 5414 1959 5487 subli-

287 5491 521 5555 mitate,
572 5489 660 5544 vel
711 5487 941 5543 dicendi
1009 5486 1313 5558 majestate
1362 5503 1614 5557 mquare.
1657 5488 1842 5550 Quam
1887 5486 1960 5540 ob

287 5579 532 5618 causam
570 5560 862 5615 mirantur
891 5559 1060 5614 illum
1095 5576 1210 5614 non
1240 5559 1430 5614 solum
1465 5575 1671 5613 omnes
1694 5560 1962 5613 doctores

285 5632 628 5691 scholastici
681 5635 950 5702 (quorum
1009 5630 1234 5701 aliquot
1290 5631 1464 5685 etiam
1520 5629 1961 5702 commentariis

287 5704 461 5762 illum
494 5699 912 5761 illustrarunt).
937 5703 1036 5756 sed
1071 5699 1130 5756 et
1159 5702 1260 5757 SS.
1296 5702 1493 5756 Patres
1525 5701 1624 5770 qui
1668 5700 1833 5754 illum
1879 5699 1963 5754 le-

288 5780 526 5845 gerunt,
553 5783 614 5830 ut
646 5775 705 5830 S.
766 5774 1498 5845 Joannes_Damascenus,
1549 5773 1605 5827 S.
1652 5771 1961 5845 Maximus,

290 5841 543 5906 Michael
576 5846 889 5918 Syngelus,
921 5849 978 5899 et
1007 5842 1105 5898 alii
1131 5845 1297 5899 multi
1357 5861 1504 5914 quos
1535 5849 1798 5918 recenset
1844 5841 1967 5918 Del-

289 5922 407 5978 rio.
473 5919 554 5975 Ex
611 5913 828 5989 quibus
876 5913 1116 5985 constat
1174 5913 1472 5973 auctorem
1539 5915 1716 5972 istius
1773 5913 1965 5988 operis

626 6046 893 6107 PATBOL.
943 6043 1052 6105 Gn.
1099 6043 1200 6107 IV.

1959 3246 2000 3311 C

2041 556 2179 629 tatis
2212 556 2423 626 virum,
2457 561 2519 629 ut
2549 557 2648 629 qui
2682 559 2838 609 totus
2869 555 2925 629 in
2961 557 3133 610 rebus
3165 555 3376 610 divinis
3408 559 3465 611 et
3513 573 3689 629 ange-

2039 628 2170 682 licis
2200 627 2798 698 contemplationibus
2833 628 3046 698 ubique
3077 633 3357 694 versetur,
3400 633 3457 682 et
3489 627 3689 684 Timo-

2038 700 2238 755 theum
2270 700 2496 770 passim
2528 701 2598 753 ad
2626 715 2822 752 rerum
2846 699 3177 753 divinarum
3201 700 3501 755 assiduam
3523 701 3689 756 theo-

2040 773 2210 834 riam,
2247 771 2463 826 relictis
2509 772 2786 825 omnibus
2835 787 2960 841 quae
3010 772 3405 843 subsensum
3452 777 3689 843 cadunt,

2039 843 2325 898 hortetur.
2363 843 2502 908 Quis
2536 843 2711 896 talem
2747 859 2813 895 ac
2833 847 3066 896 tantum
3101 841 3290 896 virum
3325 844 3524 898 credat
3566 841 3687 899 tam

2038 915 2238 986 putide
2270 913 2524 969 voluisse
2557 913 2906 986 merntiri,iet
2937 921 3052 968 tam
3087 915 3344 968 absurda
3391 915 3687 986 hypocrisi

2037 987 2184 1040 falsa
2216 988 2473 1056 quadam
2502 985 2694 1056 specie
2724 985 3092 1055 antiquitatis
3123 990 3179 1039 et
3203 985 3530 1056 apostolicae
3552 1003 3690 1042 con-

2035 1057 2392 1125 suetudinis,
2420 1057 2640 1111 mundo
2661 1058 3042 1127 imposturam
3064 1058 3253 1111 facere
3273 1058 3299 1112 ἰ)
3316 1057 3442 1112 Non
3465 1059 3686 1113 cadunt

2035 1129 2148 1184 ista
2177 1128 2235 1183 iu
2270 1130 2458 1184 virum
2494 1129 2742 1199 probum
2775 1132 2833 1181 et
2855 1144 3008 1183 sane?
3027 1129 3263 1194 mentis,
3285 1129 3467 1184 multo
3487 1129 3683 1185 minus

2034 1199 2090 1274 in
2126 1201 2632 1274 sapientissimum
2656 1205 2720 1274 et
2753 1200 3237 1274 sanctissimum.
3259 1201 3534 1274 Denique,
3566 1218 3683 1274 quo

2036 1273 2150 1326 ﬁne
2181 1272 2302 1326 haec
2333 1271 2530 1326 omnia
2562 1271 2821 1344 fecisset,
2835 1275 2892 1324 et
2921 1288 2983 1326 se
3013 1271 3193 1326 alium
3218 1271 3485 1328 fluxisset
3506 1271 3686 1344 quam

2035 1359 2231 1398 revera
2289 1345 2438 1397 fuit?
2502 1359 2591 1414 an
2641 1348 2703 1396 ut
2751 1342 2982 1398 labores
3010 1360 3168 1409 suos,
3203 1350 3261 1398 et
3290 1342 3538 1414 gloriam
3571 1344 3689 1399 illis

2032 1415 2311 1481 debitam,
2347 1432 2448 1487 per
2478 1413 2672 1469 scelus
2699 1419 2756 1468 et
2784 1415 3100 1487 ementiam
3125 1413 3393 1486 perderet
3413 1419 3686 1472 ?Poterat

2032 1487 2187 1540 enim
2223 1485 2434 1540 nomen
2463 1501 2632 1540 suum
2669 1491 2724 1540 et
2747 1485 3046 1541 veritatem
3090 1487 3510 1557 patefaciendo,
3559 1504 3685 1544 ma-

2031 1560 2250 1612 ximam
2282 1557 2393 1612 sibi
2428 1557 2670 1627 gloriam
2699 1560 2818 1612 toto
2875 1558 3012 1612 orbe
3073 1564 3129 1612 et
3168 1559 3445 1613 omnibus
3495 1559 3685 1616 seselis

2031 1631 2371 1684 duraturam
2405 1645 2766 1700 comparare,
2798 1634 2854 1683 et
2881 1631 3154 1685 maximis
3186 1630 3524 1685 doctoribus
3576 1631 3690 1686 Ec-

2031 1701 2216 1772 clesiae
2249 1701 2489 1770 aequari,
2525 1699 2608 1755 vel
2640 1699 2813 1754 etiam
2849 1700 3121 1772 praeferri.
3162 1702 3388 1757 Poterat
3417 1702 3686 1758 omnium

2028 1771 2432 1843 theologorum
2465 1772 2565 1842 qui
2596 1771 2861 1842 unquam
2912 1773 3093 1826 futuri
3143 1779 3303 1838 sunt,
3339 1773 3682 1829 admiratio-

2030 1859 2185 1912 nem,
2219 1859 2476 1898 amorem
2529 1847 2588 1897 et
2620 1843 3086 1898 benedictionem
3118 1844 3228 1899 sibi
3264 1844 3596 1912 conciliare,
3631 1848 3690 1900 et

2032 1915 2440 1989 illustrissima
2494 1914 2749 1984 ingenia,
2810 1916 2882 1989 ad
2927 1916 3026 1989 sui
3063 1916 3450 1989 imitationem
3473 1932 3683 1989 provo-

2032 2003 2182 2041 care.
2217 1986 2517 2058 Quorsum
2542 2002 2644 2056 per
2673 1986 2978 2058 mendacia
3010 1992 3066 2040 et
3094 1986 3361 2057 improba
3386 1986 3557 2056 facta,
3583 2004 3687 2058 per

2032 2058 2390 2128 hypocrisim
2421 2063 2477 2111 et
2508 2057 2864 2126 imposturas
2896 2057 3347 2128 indignissimae
3397 2065 3456 2115 et
3512 2057 3683 2113 inau-

2034 2127 2184 2183 ditas
2215 2129 2500 2183 voluisset
2521 2133 2781 2200 tantorse
2841 2130 2989 2182 bono
3034 2127 3294 2200 privare,
3355 2135 3410 2185 et
3467 2146 3684 2186 nomen

2035 2217 2207 2256 suum
2233 2200 2462 2255 aeternis
2493 2199 2750 2255 tenebris
2783 2199 3117 2255 involvere?

2105 2294 2132 2319 α
2164 2272 2292 2326 Haec
2325 2271 2472 2326 ratio
2504 2288 2590 2325 me
2620 2271 2696 2325 ita
2731 2272 3044 2336 convincit,
3079 2276 3142 2326 ut
3173 2269 3318 2325 nihil
3352 2272 3422 2326 de
3452 2276 3690 2327 auctore

2035 2341 2214 2413 hujus
2245 2343 2690 2414 operispossim
2723 2343 3029 2398 dubitare:
3068 2360 3172 2397 nec
3202 2343 3537 2414 quisquam,
3561 2343 3687 2414 opi-

2036 2430 2163 2479 nor,
2197 2413 2509 2480 dubitabit,
2538 2415 2638 2484 qui
2671 2414 2817 2468 lecto
2846 2415 3156 2484 diligenter
3198 2413 3371 2485 Opere
3424 2414 3538 2470 ista
3594 2413 3687 2470 ex-

2037 2485 2499 2566 penderit.._Legi
2528 2486 2847 2566 saepius,e_t
2879 2491 3150 2566 accurate
3181 2486 3677 2566 omniaexpendi:

2037 2556 2235 2626 itaque
2269 2556 2414 2610 mihi
2448 2556 2687 2628 placuit,
2720 2564 2782 2610 ut
2810 2557 2965 2611 hunc
2997 2557 3336 2628 Dionysium
3359 2556 3484 2627 jam
3519 2575 3552 2612 a
3577 2557 3686 2611 tri-

2037 2631 2202 2700 ginta
2230 2645 2331 2682 sex
2363 2627 2535 2700 annis
2565 2627 2626 2681 in
2661 2633 2972 2698 patronum
3006 2627 3342 2699 delegerim,
3375 2633 3431 2683 et
3452 2643 3687 2699 semper

2038 2701 2096 2753 in
2130 2699 2416 2754 sacriﬁcio
2451 2699 2642 2754 missas
2675 2700 3537 2765 nominatiminvocarim,mihi
3559 2701 3686 2768 ejus

2039 2771 2391 2840 sapientiam
2425 2775 2483 2824 et
2513 2770 2789 2841 spiritum
2823 2772 3174 2841 imprecans.
3216 2770 3380 2825 Dolui
3410 2771 3688 2839 subinde,

2041 2842 2196 2912 quod
2231 2859 2342 2896 non
2379 2841 2590 2896 melius
2612 2847 3124 2907 essetconversus,
3143 2857 3246 2896 nec
3271 2844 3354 2896 vis
3375 2845 3688 2898 verborum

2040 2915 2168 2984 ejus
2201 2913 2396 2967 multis
2426 2913 2570 2967 locis
2601 2930 2894 2985 expressa,
2921 2915 3018 2969 sed
3045 2913 3160 2968 alia
3181 2913 3526 2982 substitute,
3561 2930 3689 2985 qua!

2042 2987 2316 3056 lectorem
2348 2989 2588 3054 possent
2617 2984 2675 3039 in
2708 3001 2964 3040 errorem
2999 2985 3307 3053 conjicere,
3332 2989 3398 3040 ut
3421 2984 3692 3056 plurimis

2042 3055 2326 3126 exemplis
2360 3072 2588 3126 possem
2620 3057 2946 3112 ostendere.
2981 3061 3166 3122 Quam
3198 3057 3271 3111 ob
3301 3055 3541 3112 caueam
3575 3063 3693 3112 sta-

2042 3129 2126 3182 tui
2150 3144 2254 3197 ego
2284 3126 2602 3197 aliquando
2635 3127 2797 3182 illum
2831 3131 3168 3192 transferre,
3201 3129 3337 3182 etin
3360 3144 3493 3183 eum
3515 3129 3693 3183 finem

2045 3197 2233 3253 multa
2263 3199 2554 3253 adnotavi.
2595 3199 2799 3253 Verum
2821 3216 2922 3269 per
2942 3199 3088 3254 alias
3109 3199 3524 3270 occupationes
3546 3217 3694 3254 nun-

2040 3287 2218 3341 quam
2251 3275 2342 3324 sat
2371 3270 2472 3342 otii
2529 3271 2942 3342 suppeditavit.
3002 3270 3261 3334 Gaudeo,
3323 3276 3379 3325 et
3434 3271 3696 3342 gratulor

2036 3343 2165 3409 tibi,
2201 3343 2352 3412 quod
2388 3341 2544 3396 hunc
2577 3342 2835 3396 laborem
2862 3343 3214 3412 susceperis,
3247 3341 3696 3412 eoque’nomine

2038 3430 2242 3468 omnes
2274 3412 2552 3485 theologi,
2586 3414 2906 3483 praesertim
2943 3415 3042 3483 qui
3085 3418 3291 3468 Graecae
3326 3414 3540 3485 linguas
3574 3430 3693 3470 non

2039 3486 2182 3540 satis
2215 3489 2356 3538 sunt
2385 3484 2575 3555 periti,
2611 3486 2712 3539 tibi
2749 3485 3003 3539 multum
3038 3485 3356 3552 debebunt,
3381 3484 3436 3540 si
3467 3485 3696 3540 facilem

2039 3555 2155 3610 illis
2189 3556 2413 3610 aditum
2446 3557 2515 3610 ad
2549 3557 2694 3611 tanti
2729 3557 2986 3611 auctoris
3035 3557 3349 3612 lectionem
3402 3561 3459 3610 et
3481 3556 3696 3612 intelli-

2039 3627 2297 3699 gentiam
2333 3628 2691 3697 patefeceris.
2727 3627 2884 3693 Vale,
2917 3628 2995 3683 mi
3028 3629 3217 3699 Pater,
3280 3627 3393 3683 mei
3453 3644 3697 3684 memor.

2040 3698 2300 3766 Lovanii,
2322 3699 2392 3753 25
2421 3699 2637 3771 Aprilis
2669 3700 2827 3755 1615.
2864 3722 2892 3749 n

2910 3788 2978 3843 Η.
3011 3791 3079 3842 V.
3116 3789 3331 3844 Servus
3362 3787 3422 3843 in
3445 3787 3701 3844 Christo.

2978 3877 3327 3932 Lsomaous
3361 3877 3631 3932 Lsssws.

2120 3984 2534 4040 Potentissima
2566 3984 2803 4054 quidem
2836 3994 2947 4050 est,
2992 3990 3055 4037 ut
3113 3984 3365 4050 aiebam,
3400 3984 3521 4038 haec
3573 4000 3707 4038 eru-

2049 4057 2326 4110 ditissimi
2360 4055 2466 4108 viri
2501 4056 2958 4124 argumentatio,
2989 4071 3179 4126 neque
3209 4057 3424 4109 desunt
3452 4054 3581 4110 aliae
3612 4072 3704 4110 ra-

2048 4129 2236 4183 tiones
2270 4144 2396 4198 quae
2426 4128 2629 4181 eodem
2665 4127 2945 4198 orationis
2977 4143 3152 4198 cursu
3189 4126 3281 4180 hic
3311 4143 3344 4181 a
3376 4143 3479 4198 me,
3520 4143 3704 4198 pone-

2049 4205 2270 4260 rentur,
2290 4197 2350 4252 isi
2386 4203 2676 4252 certorum
2704 4197 3008 4252 hominum
3031 4197 3360 4252 voluntates
3377 4197 3706 4253 rationibus

2050 4271 2183 4324 duci
2229 4286 2398 4339 posse
2429 4275 2744 4324 constaret.
2779 4270 2888 4324 Sed
2923 4270 3144 4325 haerent
3177 4269 3233 4322 in
3269 4270 3559 4324 sententia
3606 4269 3703 4322 fir-

2054 4343 2246 4406 miter,
2280 4346 2336 4394 et
2365 4341 2734 4412 tanquamiin
2770 4357 2901 4395 arce
2931 4357 3122 4395 causa;
3157 4342 3359 4395 multis
3411 4341 3704 4412 praesidiis

2054 4413 2200 4482 septi
2236 4416 2293 4466 et
2326 4411 2774 4472 circumvallati,
2811 4413 2920 4466 nisi
2953 4418 3144 4466 turres
3181 4421 3226 4466 el
3266 4411 3708 4483 propugnacula

2055 4485 2420 4554 quatiantur,
2457 4483 2569 4537 nisi
2598 4483 2902 4538 diluantur
2931 4484 3290 4552 objectiones
3321 4490 3380 4539 et
3429 4483 3705 4539 refellan-

2055 4563 2170 4617 tur.
2203 4555 2415 4609 abduci
2448 4571 2480 4608 a
2543 4554 2792 4624 pristina
2833 4554 3110 4626 opinione
3163 4572 3275 4609 non
3333 4560 3602 4626 possunt,
3641 4558 3708 4609 ut

2057 4626 2336 4682 obstinati
2375 4631 2429 4680 et
2479 4626 2798 4680 multarum
2862 4627 3190 4696 palmarum
3251 4626 3602 4696 gladiatores
3649 4641 3713 4681 se

2064 4698 2343 4752 dimoveri
2379 4698 2448 4751 de
2479 4713 2585 4751 suo
2645 4699 2828 4770 gradu
2891 4715 3029 4770 non,
3065 4699 3289 4753 sinunt.
3343 4703 3462 4770 Age
3510 4699 3712 4770 igitur,

2063 4771 2366 4824 videamus
2398 4786 2524 4840 quze
2557 4769 2866 4836 objiciunt,
2901 4776 2957 4822 et
2987 4769 3034 4824 si
3089 4787 3200 4824 non
3233 4769 3409 4838 aequa
3448 4769 3581 4824 cum
3614 4785 3716 4824 su-

2067 4839 2754 4906 perioribus’felicitate,
2819 4843 2938 4911 pari
2993 4858 3135 4896 sane
3214 4840 3488 4896 felicitate
3556 4841 3718 4896 refu-

2063 4919 2277 4967 temus.

2137 4983 2366 5054 Stylum
2403 4981 2673 5052 inprimis
2700 4981 2954 5054 Dionysii
3001 4981 3185 5037 nostri
3244 4987 3500 5053 arguunt
3544 4986 3721 5054 atque

2066 5053 2345 5120 lacerant,
2379 5070 2552 5124 quem
2577 5055 2890 5108 obscurum
2925 5059 2982 5107 et
3010 5055 3334 5109 involutum
3368 5069 3496 5108 esse
3528 5053 3718 5122 aiunt,

2066 5133 2192 5181 tum
2217 5127 2391 5182 etiam
2415 5125 2778 5179 tumentibus
2798 5125 3076 5193 ampullis
3099 5125 3390 5193 inﬂatum,
3420 5141 3590 5196 quem
3614 5142 3718 5180 ne-

2068 5204 2210 5270 gant
2237 5197 2625 5270 convenirein
2669 5195 2816 5270 illud
2863 5204 3117 5270 tempus,
3162 5197 3216 5250 in
3265 5195 3720 5270 quoireligionis

2067 5266 2410 5326 Christianae
2430 5268 2779 5338 simplicitas
2803 5269 3243 5339 moderatioque
3268 5266 3517 5336 lucebat,
3534 5266 3592 5322 et
3611 5267 3721 5323 mi-

2071 5343 2228 5396 nime
2253 5340 2520 5394 omnium
2555 5340 2841 5410 quadrare
2880 5339 2936 5393 in
2980 5355 3114 5394 eum
3157 5340 3369 5405 virum,
3405 5339 3719 5410 quidictus

2069 5418 2158 5468 est
2203 5412 2571 5482 Areopagita.
2616 5411 2875 5464 Primum
2927 5410 3136 5465 lubens
3170 5413 3241 5464 ab
3271 5411 3358 5482 iis
3385 5411 3722 5466 doctoribus

2071 5481 2416 5556 quarerem,
2438 5481 2763 5554 quemnam
2783 5498 2924 5556 esse
2955 5483 3252 5556 hominem
3279 5481 3562 5556 velint,‘et
3583 5499 3725 5556 qua:

2071 5553 2183 5610 lem
2219 5557 2452 5610 tandem
2482 5554 2916 5626 iAreOpagitam
2953 5553 3318 5626 Dionysium.
3353 5553 3542 5626 Audio
3583 5553 3724 5626 quid

2078 5627 2422 5684 Laurentius
2450 5625 2616 5680 Valla
2649 5623 2825 5692 dicat,
2868 5626 3006 5694 quid
3068 5623 3370 5692 Erasmus,
3429 5625 3570 5696 quid
3602 5623 3729 5696 'alii

2075 5698 2313 5769 quidam
2349 5715 2414 5752 ex
2446 5698 2644 5752 eadem
2680 5697 2915 5769 officina
2948 5696 3270 5767 fuliginosi.
3303 5695 3521 5752 Volunt
3569 5695 3728 5769 enim

2073 5765 2166 5824 vel
2198 5770 2378 5825 vicem
2416 5769 2597 5824 luisse
2630 5765 3264 5824 Atheniensem‘unum
3301 5769 3369 5824 de
3402 5785 3592 5839 grege,
3629 5765 3732 5839 qui

2079 5859 2112 5896 a
2141 5848 2296 5897 certo
2331 5841 2455 5894 loco
2489 5839 2672 5903 urbis,
2723 5842 3076 5910 Areopagitae
3119 5858 3327 5896 nomen
3391 5837 3618 5910 tulerit,
3644 5837 3732 5894 vel

2079 5917 2235 5970 certe
2260 5915 2330 5969 de
2362 5927 2606 5968 numero
2630 5911 2901 5982 judicum
2923 5913 3102 5968 fuisse
3121 5930 3328 5983 unum,
3353 5913 3524 5984 quasi
3546 5926 3732 5969 unum

3319 6042 3405 6103 32
