4130 6400
237 356 381 414 1005

1258 363 1322 414 Ρ.
1365 361 1736 417 LANSSELII
1771 361 2206 418 DISPUTATIO
2244 360 2644 417 APOLOGET.

3521 360 3661 418 1006

231 482 401 538 aiunt
429 495 559 558 esse
589 474 807 558 ὀγκώδη
842 479 1128 558 inflatam,
1163 483 1474 558 peregrino
1509 487 1741 540 tumore
1771 501 1884 540 crc-
1918 491 1977 557 Α·
2003 485 2101 557 qui
2135 483 2471 558 apostolicis
2501 482 2870 556 temporibus
2911 499 3010 540 eas
3058 483 3338 558 epistolas
3384 485 3657 557 scriptas,

229 561 492 626 pantem,
515 553 892 626 insOlentem,
917 553 1028 622 vel,
1053 560 1117 609 ut
1138 555 1392 626 objectat
1413 556 1701 626 Illyricos,
1725 560 1887 611 Asia-

232 625 414 682 ticam
444 632 504 680 et
531 625 1074 694 redundantiorem,
1109 625 1282 695 quam
1319 627 1459 681 utin
1491 625 1621 683 eam
1661 634 1888 683 aetatem

229 703 289 754 et
320 696 617 752 scribendi
639 697 928 768 rationem
960 699 1232 768 quadret.
1267 699 1370 752 Cui
1417 699 1688 755 haeretico
1721 716 1750 755 e
1781 706 1887 756 No-

230 774 501 824 vatorum
533 769 743 843 gastris
774 767 1074 823 hominem
1097 786 1294 843 unum
1326 777 1573 842 possunt
1598 787 1890 843 opponere

234 843 503 915 Isaacum
534 839 982 915 Casaubouum,
1006 842 1104 912 qui
1141 839 1374 915 tametsi
1399 844 1458 897 in
1489 839 1887 915 oppugnanda

229 913 474 967 veritate
498 910 576 965 sit
606 911 826 966 infelici
858 917 916 966 et
946 910 1202 968 timendo
1236 914 1352 968 fato
1404 910 1784 981 immortuus,
1825 921 1888 970 ut

233 989 359 1040 erat
390 989 588 1056 tamen
621 999 738 1037 non
771 984 1085 1040 derelictus
1118 987 1188 1038 ab
1213 984 1471 1056 ingenio,
1497 1003 1601 1040 nec
1625 985 1887 1041 lectionis

233 1054 634 1129 complurium
659 1056 913 1108 Auctoru
941 1071 1226 1127 mexpers,
1249 1054 1593 1129 Dionysium
1620 1063 1883 1113 nostrum

229 1127 377 1202 vidit
407 1127 673 1202 divinum
695 1129 1013 1202 quemdam
1041 1144 1169 1183 esse
1194 1127 1490 1184 hominem
1525 1137 1581 1185 et
1602 1129 1886 1202 antiquis-

230 1201 476 1272 simum,
500 1198 676 1272 idque
705 1197 905 1272 ipsum
939 1215 1091 1271 saepe
1121 1206 1210 1255 est
1231 1217 1348 1254 non
1381 1201 1509 1255 sine
1551 1197 1886 1272 praefatione

233 1270 481 1326 honoris
515 1269 838 1341 professus,
871 1269 942 1324 de
973 1269 1144 1341 cuius
1185 1273 1242 1325 in
1297 1269 1604 1327 scribendo
1663 1274 1886 1328 ratione

228 1342 604 1416 italaudans,
630 1347 687 1395 et
707 1342 980 1416 micantis
1002 1343 1265 1414 undique
1288 1345 1643 1400 excellentiae
1665 1344 1888 1416 magni-

227 1414 442 1468 tudine
472 1413 916 1487 obstupefactus
951 1413 1222 1487 przedicat
1255 1433 1267 1470 :
1303 1437 1330 1464 «
1367 1417 1555 1487 Fingit
1584 1413 1886 1471 voces'no-

228 1502 358 1550 vas,
389 1490 447 1540 et
478 1484 937 1554 compositiones
961 1484 1183 1541 format
1207 1484 1542 1556 inusitatas,
1566 1487 1882 1556 inauditas,

229 1557 554 1611 mirificas:
588 1572 712 1624 qua:
744 1555 1094 1627 simpliciter
1113 1558 1286 1613 verbo
1312 1575 1426 1613 uno
1451 1561 1748 1614 autallero
1770 1555 1883 1613 dici

230 1633 525 1700 poterant.
559 1627 840 1700 diffundit
870 1629 931 1682 in
966 1630 1162 1700 plures
1186 1646 1351 1685 voces
1369 1632 1686 1686 admodum
1718 1647 1886 1685 sono-

231 1699 333 1770 ras
363 1699 820 1770 etmagnificas,
842 1699 1031 1770 atque
1050 1707 1112 1754 ut
1133 1717 1263 1756 vere
1283 1703 1554 1757 observat
1572 1704 1878 1766 Maximus,

231 1767 743 1847 Gidsrolun-Xqﬁla};
770 1767 965 1839 λέξεωῖδ
1013 1777 1202 1824 σκοτοῖ
1247 1772 1337 1826 τὸν
1383 1771 1572 1847 λόγον,
1621 1775 1883 1844 congestis

225 1845 416 1899 verbis
445 1843 642 1898 multis
671 1843 926 1898 obscurat
953 1859 1282 1900 ser-manem.
1320 1867 1346 1894 »
1381 1843 1609 1900 Et'alio
1643 1847 1701 1898 in
1753 1847 1878 1899 loco

225 1917 314 1988 ait
347 1913 564 1969 multos
597 1916 813 1980 Patres,
844 1914 1052 1988 eximie
1083 1932 1216 1971 vero
1252 1933 1366 1988 prae
1399 1919 1621 1972 caeteris
1665 1917 1879 1988 Diony-

230 1987 390 2042 sium
417 1989 853 2058 Areopagitam,
876 1987 945 2041 de
964 1987 1351 2044 sacramentis
1374 2005 1518 2044 novo
1541 1989 1694 2058 quod
1706 2004 1798 2042 am
1823 1993 1881 2042 et

229 2058 519 2132 inusitato
551 2057 1008 2132 dicendigenere
1027 2059 1361 2132 scripsisse,
1396 2057 1608 2132 quod’a
1649 2059 1879 2132 cothur-

228 2147 308 2185 no
342 2129 588 2200 tragico,
623 2129 1190 2202 velddithyrambicis
1225 2129 1524 2202 ampullis,
1561 2148 1676 2185 non
1729 2129 1880 2184 mul-

230 2208 365 2256 tum
392 2201 661 2274 videatur
690 2200 927 2255 distare.
961 2201 1150 2271 Hujus
1179 2204 1252 2257 ob
1284 2200 1368 2267 os,
1397 2201 1664 2274 lllyricus
1688 2203 1880 2274 credo,

230 2290 300 2328 os
333 2273 562 2346 aperire
593 2288 769 2346 suum
819 2289 935 2327 non
985 2275 1216 2328 audeat.
1268 2272 1616 2346 Quanquam
1674 2272 1885 2346 lllyrici

234 2343 483 2416 quidem
517 2343 907 2416 temeritatem
933 2346 1243 2416 jejunique
1293 2343 1885 2416 animijactationem,

229 2415 598 2488 jampridem
634 2415 937 2470 Matthaeus
970 2415 1247 2488 Galenus,
1279 2419 1368 2471 vir
1410 2415 1738 2488 praestantis
1764 2431 1890 2470 eru-

240 2487 511 2551 ditionis,
532 2488 895 2556 compescuit
919 2503 931 2540 :
957 2487 1122 2542 docet
1143 2491 1297 2542 enim
1333 2487 1450 2543 una
1467 2491 1724 2543 etiamin
1750 2493 1887 2540 aeta-

241 2565 325 2622 te,
355 2558 488 2630 styli
519 2559 856 2631 varietatem
883 2558 939 2631 in
963 2559 1210 2613 diversis
1234 2561 1621 2631 scriptoribus
1646 2575 1774 2613 esse
1798 2573 1892 2628 ρος

240 2632 468 2696 tuisse;
492 2630 792 2685 Philonem
816 2630 1106 2696 Judaaum,
1127 2647 1300 2701 quem
1325 2630 1681 2698 Atticum;et
1706 2645 1888 2683 unum

239 2702 511 2773 omnium
535 2703 1040 2773 elegantissimum
1069 2719 1272 2757 omnes
1294 2704 1509 2768 sciunt,
1525 2719 1657 2757 cum
1678 2708 1893 2769 tempo-

240 2773 416 2828 ribus
446 2771 657 2828 iisdern
690 2774 942 2834 floreret,
975 2774 1054 2826 ita
1085 2790 1506 2844 nonnunquam
1539 2773 1784 2827 dicendo
1810 2773 1894 2825 in-

238 2845 452 2918 citari,
471 2850 534 2898 ut
566 2843 836 2918 proprius
869 2844 1022 2918 absit
1051 2862 1319 2918 armagno
1346 2843 1685 2918 :Dionysio,_
1720 2859 1890 2918 quem

285 2916 493 2989 roin_de
528 2914 904 2989 meritissime
938 2914 1322 2989 Eusebiustfp
1346 2914 1500 2989 λόγῳ
1523 2914 1750 2989 stares,
1773 2917 1891 2974 ταῖς

240 2933 493 3043 gromoe
528 2933 904 2972 mePIHSSIme
938 2933 1223 2973 UUSBDIUS
1242 2936 1322 2986 τῳ
1348 2933 1500 2989 Λογῳ
1523 2933 1750 2981 πΛατεχ,
1773 2933 1891 2974 ταις

281 2985 512 3049 ιανοίαις
536 2984 751 3060 ὑψηλὸν
775 2985 864 3040 καὶ
917 2986 1186 3059 μετέωρον
1237 2990 1538 3060 appellat;
1587 2989 1654 3060 id?
1699 2988 1893 3060 ipsum

243 3061 406 3133 quod
440 3059 603 3133 scioli
626 3060 864 3133 quidam
890 3059 1368 3133 reprehendanta
1385 3059 1778 3133 sanctissimis
1802 3059 1898 3112 Pa-

241 3130 462 3194 tribus,
494 3131 591 3202 qui
623 3133 804 3204 totius
825 3130 1055 3204 Graeciae
1084 3132 1248 3187 facile
1277 3131 1568 3204 principes
1615 3130 1752 3204 olim
1787 3146 1894 3184 au-

247 3203 1014 3286 d.ieri.rit,_exquisita'laude
1045 3203 1326 3286 celebrari
1349 3205 1574 3286 quippe
1596 3220 1628 3257 a
1669 3203 1895 3286 Grego-

2001 575 2033 612 n
2053 557 2222 628 eget?

2076 629 2258 683 Nemo
2291 629 2540 682 miratur
2579 643 2715 682 cum
2769 628 3069 681 Platonem
3123 629 3281 683 videt
3328 630 3651 698 Socratem,

2003 700 2272 770 aliosque
2294 701 2358 772 in
2392 699 2598 753 convio
2646 715 2783 772 cum
2836 701 3084 772 probum
3138 699 3383 755 laudant
3424 702 3653 772 specio-

2003 777 2088 827 sis
2119 771 2338 826 amoris
2373 771 2691 825 involucris
2757 771 3125 836 redimitum,
3172 773 3398 826 incitari
3461 781 3654 828 mente

2002 843 2152 916 stylo
2196 857 2500 916 assurgre,
2551 839 2940 916 ἐνθουσιαομόν
2991 843 3150 916 pati,
3184 844 3394 911 furere,
3426 845 3653 916 vatici-

2002 913 2153 980 nari,
2189 913 2474 987 βακχεύειν
2512 930 2525 968 :
2557 916 2705 968 hanc
2738 913 3002 968 animam
3039 914 3219 970 divini
3254 915 3472 970 amoris
3519 917 3653 987 igne

2000 987 2544 1065 colliquescentem,
2606 987 3019 1065 Deo_plenam,
3078 1002 3256 1065 supra
3307 1003 3398 1065 res
3449 1003 3654 1065 omnes

2001 1055 2423 1130 adspectabiles
2456 1057 2675 1130 amoris
2708 1055 2816 1130 alis
2840 1063 3120 1130 evectam,
3144 1055 3350 1112 divinae
3373 1059 3653 1115 bonitatis

2002 1128 2139 1199 vim,
2173 1131 2537 1194 varietatem,
2572 1128 2872 1182 mirabiles
2891 1140 2941 1183 et
2965 1129 3407 1200 inexplicabiles
3431 1131 3652 1184 machi-

1999 1202 2268 1257 nationes
2301 1205 2630 1263 canentem,
2663 1200 3121 1272 novogsingulari
3162 1216 3374 1271 genere
3420 1202 3650 1256 dicendi

2000 1272 2388 1340 attollentem,
2405 1288 2516 1326 non
2540 1272 2796 1325 feramus
2813 1270 2839 1324 Τ
2863 1272 2921 1326 ld
2943 1270 3049 1343 qui
3073 1270 3246 1337 volet,
3271 1273 3537 1328 tribunat
3549 1289 3650 1328 ex-

1999 1345 2404 1401 cellentissimi
2435 1343 2694 1414 Dionysii
2727 1344 2897 1414 genio
2949 1355 3005 1398 et
3052 1345 3318 1411 consilio,
3371 1345 3468 1413 qui
3513 1361 3648 1400 cum

1997 1422 2153 1472 esset
2183 1433 2216 1470 a
2246 1423 2456 1471 natura
2489 1431 2601 1469 non
2628 1417 2801 1469 modo
2825 1415 2896 1469 ad
2918 1415 3286 1485 singularem
3315 1417 3496 1471 animi
3516 1433 3649 1472 con-

1997 1488 2274 1543 stantiam
2310 1497 2364 1542 et
2395 1487 3015 1560 gravitatem,_verum_
3038 1487 3213 1540 etiam
3248 1489 3318 1542 ad
3373 1489 3648 1560 magnifi-

1996 1576 2128 1615 cum
2163 1566 2218 1613 et
2251 1557 2478 1613 illustre
2509 1573 2694 1632 genus
2727 1557 2974 1632 dicendi
3005 1557 3355 1632 instructus,
3408 1557 3499 1632 inw
3521 1577 3647 1632 my.

1996 1633 2313 1686 steriorum
2351 1635 2462 1685 ista
2493 1629 2895 1699 explicatione,
2927 1629 3145 1700 aliquid
3172 1631 3350 1684 etiam
3384 1631 3453 1685 ad
3507 1629 3645 1686 con-

1995 1703 2381 1774 suetudinem
2408 1702 2738 1774 adjunxerit
2769 1706 3011 1774 ornatus
3060 1708 3117 1774 et
3168 1701 3646 1774 magnificentia,

1994 1792 2130 1855 ne_u
2163 1773 2422 1855 profanis
2455 1771 3468 1855 hominibus.facileuattingerentur.

1907 1871 1956 1936 B
2063 1843 2180 1916 Ego
2211 1862 2343 1936 vero
2375 1846 2669 1936 sicLsentip
2703 1915 2712 1924 ι
2745 1843 2926 1897 divini
2978 1843 3250 1936 Numinis
3288 1844 3537 1936 imperip
3588 1847 3648 1897 et

1993 1928 2244 1972 motione
2276 1917 2394 1970 haec
2427 1919 2496 1970 ab
2537 1931 2602 1969 eo
2634 1915 2816 1968 fuisse
2839 1915 3180 1986 perscripta.
3210 1916 3360 1971 Deus
3387 1916 3644 1986 profecto

1990 2005 2183 2042 rerum
2210 1989 2476 2043 omnium
2513 1987 2704 2058 opifex
2731 1989 2831 2056 qui
2863 1985 2962 2040 illo
2993 1985 3109 2040 aevo
3144 2004 3273 2041 rara
3297 1985 3565 2058 quazdam
3590 1991 3649 2040 et

1990 2059 2272 2114 inusitata
2292 2057 2579 2129 patrahat,
2603 2057 2861 2129 Dionysii
2887 2063 3142 2112 mentem
3167 2057 3343 2128 atque
3384 2058 3645 2129 linguam

1991 2130 2198 2186 habuit
2232 2128 2332 2202 pro
2364 2129 2589 2202 calamo
2621 2128 2826 2183 scriba:
2858 2129 3133 2202 velociter
3174 2129 3484 2202 scribentis
3517 2145 3530 2183 :
3562 2128 3631 2182 il-

1994 2205 2106 2256 lius
2129 2200 2310 2257 ductu
2333 2207 2507 2271 atque
2529 2201 2753 2254 lumine
2777 2217 2888 2254 non
2917 2200 3175 2270 politiam
3209 2200 3381 2256 modo
3405 2215 3641 2271 omnem

1994 2274 2337 2330 Christiana:
2389 2271 2712 2342 religionis,

2788 2287 2920 2324 veru
2933 2288 2986 2325 m
3057 2273 3230 2325 etiam
3317 2270 3640 2326 cmlestium

1999 2348 2284 2400 mentium
2317 2341 2572 2410 ordines,
2605 2343 2950 2414 peragravit.
2985 2341 3084 2397 Ille
3117 2342 3370 2413 Spiritus
3392 2342 3493 2414 qui
3516 2342 3648 2396 Dio-

2000 2420 2164 2488 nysio
2225 2416 2535 2480 concessit,
2590 2413 2652 2488 ut
2706 2414 3214 2488 indictaucaateris
3265 2413 3648 2488 inauditaque

1997 2484 2294 2560 pangeret,
2329 2486 2706 2560 verbaetiam
2730 2489 2787 2538 et
2821 2485 3136 2539 mirificum
3180 2484 3479 2560 orationie
3505 2500 3650 2560 con-

1998 2554 2245 2623 textum,
2320 2575 2435 2628 quo
2494 2556 2591 2628 illi
2657 2557 2787 2626 ipsa
2840 2560 3172 2626 exponeret,
3235 2554 3649 2628 suppeditavit.

1999 2633 2184 2696 Quare
2215 2635 2277 2684 ut
2307 2627 2566 2684 Graccho
2618 2627 2756 2682 olim
2809 2628 3035 2693 orandi,
3089 2628 3290 2682 fistula
3336 2627 3655 2682 eburneola

2002 2718 2146 2773 puer
2175 2702 2468 2773 litteratus
2489 2699 2643 2773 vocis
2675 2701 3200 2773 contentionemet
3220 2703 3422 2773 tonum
3450 2699 3656 2773 mode-

2001 2768 2260 2839 rabatur,
2295 2773 2378 2826 sic
2410 2771 2604 2825 divina
2651 2785 2840 2837 mens,
2897 2770 3066 2838 periti
3117 2769 3306 2823 instar
3351 2768 3652 2839 phonasci,

2003 2845 2384 2900 sanctissimo
2417 2841 2688 2912 Dionysio
2724 2848 2922 2895 nostro
2955 2842 3138 2908 dedit,
3174 2846 3237 2894 ut
3277 2838 3511 2895 inflaret
3567 2838 3657 2894 al-

2000 2917 2141 2980 tius,
2173 2922 2386 2970 etcum
2431 2913 2800 2968 divinissimo
2864 2913 3036 2966 Paulo
3091 2919 3284 2968 mente
3333 2913 3653 2966 excederet.

2002 2989 2168 3042 Certe
2199 2985 2568 3040 clarissimus
2599 2984 2875 3053 idemque
2909 2983 3393 3052 religiosissimus
3427 2982 3656 3050 Billius,

2005 3061 2176 3130 cujus
2208 3058 2516 3130 industria
2549 3060 2606 3110 et
2659 3055 3155 3130 fructuosissimis
3197 3055 3519 3130 laboribus,
3575 3055 3658 3107 tot

2004 3126 2249 3186 eximios
2280 3145 2310 3184 e
2340 3128 2559 3183 Graecia
2594 3131 2790 3180 Patres
2822 3127 3140 3198 explicatos
3183 3131 3239 3180 et
3285 3126 3655 3198 illuminates

2006 3201 2311 3268 habemus,
2371 3201 2560 3254 dicere
2621 3198 2862 3263 solebat,
2898 3196 3027 3252 'hoc
3083 3214 3232 3269 opus
3297 3196 3659 3269 Areopagitae

248 3275 340 3331 rio
378 3249 739 3330 Naz’iangenn
771 3274 914 3329 dicit
941 3277 1065 3330 viro
1096 3249 1599 3344 eloquentissimo,
1630 3279 1686 3328 et
1719 3249 1893 3327 inti'e-
1923 3249 1966 3315 (ἶ
2007 3249 2479 3344 υἰοηγείἱ,⁷ὴυηο
2501 3269 2716 3341 stylum
2743 3249 2887 3344 adeo
2909 3285 3047 3344 esse
3079 3249 3660 3344 Bardnveuo‘rovratogue

249 3363 388 3402 rum
421 3345 1326 3418 gravissimarum‘intelligentia
1378 3351 1628 3418 versato,
1679 3345 1900 3413 scripta

252 3413 803 3490 fuisseaDionysio
833 3413 1104 3470 κάλλιστά
1132 3413 1190 3470 te
1239 3416 1330 3470 καὶ
1376 3416 1716 3490 ὑψηλότατα.
1767 3420 1900 3490 Haec

253 3496 314 3546 et
344 3489 460 3562 alia
483 3489 569 3543 vir
598 3487 700 3562 ille
731 3491 940 3562 doctus
956 3489 1362 3562 copiosissime
1393 3487 1736 3562 exponebat.
1767 3487 1899 3551 Sed,

253 3563 304 3619 si
342 3561 504 3616 lubet
527 3561 728 3632 pedem
780 3561 1169 3632 propiusjam
1203 3563 1488 3626 conferre,
1513 3561 1650 3632 quid
1675 3562 1902 3632 estma-

253 3630 1362 3706 gnopere'mirandumjesse'videatur,
1396 3635 1442 3689 si
1474 3630 1668 3706 noster
1703 3630 1906 3700 Diony-

255 3703 397 3761 sius
415 3719 483 3758 ea
514 3703 727 3773 ingenii
747 3703 1091 3772 subtilitate,
1118 3706 1295 3775 quod,
1329 3710 1394 3759 ut
1414 3705 1656 3759 verbum
1683 3719 1714 3757 a
1739 3706 1908 3775 poeta

255 3780 516 3844 mutuer,
549 3780 756 3830 tenues
795 3775 1073 3831 limarant
1120 3774 1381 3838 Athenas,
1411 3793 1479 3830 ea
1536 3774 1910 3829 institutione

254 3852 438 3918 atque
470 3847 736 3902 doctrina
758 3847 1314 3920 quzeclarissimum
1347 3848 1492 3902 illud
1545 3845 1911 3920 domicilium

253 3915 592 3991 litterarum
618 3915 871 3991 saperet,
898 3918 970 3974 iis
1002 3920 1337 3974 doctoribus
1359 3935 1530 3986 usus,
1555 3918 1654 3990 qui
1682 3937 1710 3971 ει
1742 3915 1912 3991 tertio

256 4007 452 4060 usque
483 3989 626 4045 cmlo
659 3987 993 4046 devocatam
1024 3991 1348 4046 caelestium
1382 3987 1588 4046 rerum
1628 3987 1917 4060 cognitio-

259 4079 396 4118 nem
427 4062 484 4116 in
511 4062 638 4131 ejus
661 4061 928 4117 animum
950 4062 1360 4131 instillassent,
1385 4080 1520 4118 cum
1543 4063 1795 4117 maxime
1824 4074 1917 4113 re-

258 4135 405 4206 ligio
438 4138 493 4206 et
523 4132 953 4206 divinusamor
980 4136 1108 4204 ejus
1148 4134 1330 4206 animi
1390 4133 1917 4206 inflammationem

259 4205 678 4277 exsuscitant;
732 4205 782 4260 si
814 4205 1181 4277 _Dionysius,
1248 4205 1537 4277 inquam,
1583 4205 1920 4277 sapientum

257 4276 709 4348 Atheniensium
739 4272 1030 4348 primitias,
1063 4278 1120 4330 in
1144 4272 1210 4331 eo
1233 4272 1441 4332 ard—ore
1488 4272 1743 4347 pietatis,
1785 4272 1924 4327 deli-

263 4351 450 4405 butus
482 4347 709 4419 liquido
741 4347 956 4418 gaudio
974 4354 1031 4402 et
1051 4349 1372 4418 voluptate,
1396 4365 1508 4418 qua
1530 4348 1736 4400 divinae
1759 4361 1918 4419 men-

262 4417 579 4490 tisillapsu
612 4419 1044 4490 perfruebatur,
1072 4417 1922 4490 humumdeseruit,ext_ulitse

263 4508 451 4562 supra
473 4488 556 4560 se,
586 4488 762 4546 verba
789 4492 860 4545 ad
895 4491 1075 4546 animi
1103 4490 1507 4546 dominantem
1557 4488 1922 4562 affectionem

265 4560 758 4628 accommodavit,
793 4580 940 4618 nova
988 4569 1047 4618 et
1092 4562 1376 4618 inusitata
1427 4561 1658 4617 dicendi
1696 4560 1922 4615 ratione

2010 3339 2297 3409 divinum,
2331 3349 2394 3397 ut
2425 3341 2472 3395 si
2502 3339 2862 3412 quotquotin
2909 3342 3134 3412 Europa
3181 3348 3321 3396 sunt
3377 3339 3661 3396 acerrimo

2012 3416 2248 3487 ingenio
2281 3420 2338 3468 et
2366 3413 2737 3487 gravioribus
2770 3411 3309 3487 scientiisimbuti,
3362 3413 3419 3487 in
3473 3425 3660 3487 unum

2012 3479 2240 3550 coEant,
2272 3491 2328 3540 et
2359 3479 2552 3539 simile
2583 3483 2887 3554 quidpiam
2924 3483 3302 3548 meditantur,
3353 3483 3444 3536 vix
3501 3479 3664 3554 omni

2015 3559 2193 3614 animi
2219 3552 2796 3625 contentione—atque
2825 3554 3067 3616 viribus,
3100 3555 3223 3609 sint
3264 3560 3490 3610 tantam
3535 3552 3664 3625 alti-

2017 3631 2284 3685 tudinem
2319 3636 2493 3698 atque
2526 3623 2920 3697 praestantiam
2945 3626 3230 3698 imitando
3252 3623 3666 3698 consecuturi,

2018 3702 2181 3766 Quod
2233 3696 2503 3754 acroama
2529 3696 2598 3753 ex
2629 3714 2726 3754 ore
2757 3698 2904 3770 tanti
2930 3697 3035 3751 viri
3067 3697 3292 3770 excepit
3338 3698 3404 3752 D.
3440 3696 3672 3770 Richar-

2020 3775 2132 3828 dus
2156 3773 2490 3843 Stephanus
2520 3771 2723 3825 doctor
2743 3769 3050 3843 ethologus,
3085 3771 3171 3843 vir
3200 3768 3436 3824 summa
3457 3768 3672 3822 buma-

2027 3846 2225 3911 nitate,
2256 3840 2321 3897 ut
2352 3843 2494 3896 mihi
2530 3842 2794 3912 nuperin
2830 3840 3098 3895 familiari
3134 3857 3403 3895 sermone
3451 3855 3670 3912 memo-

2024 3917 2212 3972 rabat.
2250 3917 2306 3969 lu
2341 3915 2539 3968 eadem
2574 3910 2863 3968 sententia
2924 3913 3034 3966 fuit
3084 3912 3378 3967 Marsilius
3413 3910 3670 3976 Ficinus,

2024 3989 2220 4043 lumen
2246 3986 2346 4040 avi
2379 3986 2491 4054 sui,
2523 3985 2684 4038 varia
2715 3983 3161 4051 abundantique
3191 3983 3458 4037 doctrina
3497 3981 3670 4054 cujus

2029 4075 2270 4114 aureum
2320 4052 2737 4126 prountiatumi
2769 4071 2881 4108 non
2922 4070 3178 4126 possum
3228 4054 3369 4119 quin
3418 4052 3669 4126 totidem

2029 4131 2220 4186 verbis
2242 4123 2334 4182 hic
2371 4143 2604 4192 ponam.
2640 4132 2703 4179 ut
2729 4123 3115 4179 honorificum
3149 4130 3361 4179 nostra:
3401 4123 3669 4192 disputaf

2029 4146 2220 4186 νει-018
2243 4146 2334 4182 DIC
2408 4146 2604 4184 onum.
2640 4146 2703 4179 lli.
2730 4146 3115 4179 HOHOI‘HICUIH
3149 4146 3361 4179 ηοειτω
3401 4146 3669 4192 (“spum-

2029 4202 2208 4256 tionis
2238 4146 2548 4254 emblema.
2581 4198 2676 4252 Sic
2704 4195 2886 4267 igitur
2929 4197 3139 4250 habet:
3179 4219 3218 4267 «γ
3255 4195 3507 4266 Dionysii
3571 4191 3675 4248 Dei

2031 4289 2273 4340 numen,
2306 4268 2581 4338 'l‘heologi
2613 4266 2835 4322 veteres
2863 4272 2918 4322 et
2941 4266 3246 4328 Platonici.
3271 4272 3674 4340 separatarum

2034 4337 2316 4399 mentium
2339 4343 2611 4396 exstasim
2636 4347 2692 4394 et
2709 4355 3008 4394 excessum
3033 4355 3162 4393 esse
3187 4337 3413 4408 putant.
3442 4337 3679 4409 quando

2035 4415 2247 4488 partim
2284 4429 2481 4488 amore
2513 4411 2727 4488 nativo,
2755 4411 2975 4488 partim
3010 4409 3487 4488 instiganteDeo,
3514 4413 3682 4462 natu-

2036 4481 2187 4542 rales
2221 4485 2610 4550 intelligentia:
2641 4483 2861 4536 limites
2892 4498 3308 4552 supergressa.
3332 4481 3388 4534 in
3419 4485 3682 4534 amatum

2037 4559 2220 4614 Deum
2241 4557 2587 4610 mirabiliter
2601 4556 3120 4620 transformamur,
3138 4553 3232 4606 ubi
3255 4569 3400 4607 novo
3431 4552 3684 4621 quodam

264 4619 522 4693 evolavit
551 4619 756 4704 altius,
785 4651 962 4706 quam
995 4651 1100 4690 nos
1123 4635 1288 4689 humi
1319 4633 1488 4690 strati
1514 4649 1803 4704 queamus
1827 4648 1920 4686 su-
1956 4619 1997 4682 Ι)
2032 4628 2520 4706 nectarishaustu
2555 4633 2612 4706 et
2637 4625 3041 4706 inaestimubili
3069 4625 3284 4706 gaudio
3325 4619 3686 4706 velut-ebria)

268 4707 498 4764 spicere
517 4706 546 4761 ?

345 4726 498 4761 icere
522 4726 544 4761 γ

304 4726 399 4833 pSi
434 4778 550 4848 iam
586 4775 880 4832 Hierotbei
904 4777 1379 4849 sracrosbymnos
1402 4777 1926 4849 videremiis,ques

269 4846 442 4913 olim,
473 4853 617 4904 aestu
639 4850 894 4920 quodam
927 4848 1146 4920 ingenii
1173 4846 1378 4920 raptus
1410 4853 1466 4903 et
1517 4846 1773 4920 pictatis.
1825 4846 1927 4900 ad-

270 4921 630 4977 mirabiliter
658 4918 892 4988 cecinit,
918 4918 1098 4976 siclut
1130 4921 1212 4974 illi
1244 4918 1345 4991 qui
1370 4918 1633 4982 aderant,
1656 4918 1744 4972 vix
1763 4933 1930 4972 arca-

272 5009 386 5049 nos
417 4991 698 5047 orationis
728 5008 940 5046 sensus
972 4993 1362 5063 intelligentia
1393 4995 1924 5063 consequerentur;

271 5065 747 5148 repudiaremus,
779 5065 1041 5148 credonet
1058 5061 1532 5148 aspernaremur,
1558 5061 1710 5148 quod
1737 5061 1927 5116 subli-

273 5135 401 5192 mia
422 5136 523 5191 illa
553 5141 729 5206 atque
757 5135 1072 5205 magnifica
1102 5137 1160 5190 in
1195 5152 1320 5192 eam
1355 5139 1766 5206 tempestatem
1812 5149 1926 5187 non

272 5210 570 5273 caderent,
605 5209 759 5278 quod
793 5224 908 5262 non
942 5208 1079 5263 trito
1111 5213 1168 5263 et
1206 5212 1486 5264 consueto
1541 5221 1752 5278 genere
1799 5221 1928 5260 ora-

273 5280 461 5336 tionis
519 5278 728 5334 fuisset
777 5295 922 5334 usus
942 5278 970 5333 Ἰ

353 5351 412 5408 S.
466 5350 726 5418 Ignatius
776 5367 966 5421 neque
1035 5349 1281 5406 Athenis
1351 5351 1701 5421 disputans,
1741 5362 1930 5418 neque

273 5424 534 5494 hymnos
569 5419 895 5487 pertexens',
931 5424 1033 5476 aut
1062 5422 1120 5494 in
1155 5422 1366 5477 mediis
1399 5420 1553 5476 633
1598 5419 1928 5494 caelestium

276 5490 618 5551 animarum
651 5493 848 5549 choris
875 5493 1046 5548 beato
1090 5492 1308 5549 lumine
1355 5493 1776 5553 circumfusus,
1829 5490 1929 5544 sed

277 5567 566 5638 epistolas
592 5567 1317 5638 scribens,nonnunquam
1339 5571 1535 5638 tamen
1563 5564 1782 5638 impetu
1812 5579 1936 5638 orar-

279 5633 465 5694 ti'onis
515 5638 859 5704 eiiervescit,
901 5633 1360 5708 compositiones
1406 5633 1718 5692 verborum
1756 5633 1932 5688 habet

278 5709 616 5782 granditate
666 5714 976 5782 sonantes.
1003 5707 1257 5765 nevitate
1302 5707 1624 5782 mirabiles,
1668 5711 1935 5782 stuctura

281 5777 606 5854 speciosae,
638 5787 702 5837 ut
730 5781 817 5837 vel
852 5779 1087 5854 initium
1111 5781 1370 5852 epistolae
1402 5781 1470 5834 ad
1525 5779 1818 5854 Romanos
1867 5777 1936 5829 fi-

281 5850 422 5910 dem
450 5854 603 5909 facit.
638 5854 779 5917 Quis
800 5853 1096 5908 enimvero
1127 5850 1217 5909 est
1248 5859 1361 5909 tam
1399 5867 1668 5907 morosus
1707 5850 1764 5904 in
1800 5865 1933 5920 pro-

284 5927 508 5995 bando,
541 5929 660 5981 tam
695 5926 754 5981 in
795 5925 1118 5998 judicando
1167 5926 1422 5984 stolidus
1470 5928 1648 5997 atque
1701 5937 1934 5996 procax,

2039 4705 2126 4773 (ut
2156 4702 2235 4754 ita
2259 4699 2528 4773 dixerim)
2561 4697 3016 4773 debacchentur.
3045 4701 3184 4773 hoc
3237 4711 3420 4773 genus
3466 4694 3685 4773 Diony-

2037 4765 2196 4852 siaco
2229 4771 2724 4852 meropionysius
2757 4774 2954 4822 noster
2989 4767 3220 4852 ebrius.
3244 4765 3484 4852 rexult‘at
3551 4782 3683 4852 p'as-

2037 4846 2172 4911 sim,
2206 4843 2454 4898 effundit
2476 4837 2808 4911 aenigmata,
2842 4837 3096 4893 concinit
3118 4837 3542 4911 dithyrambos.
3577 4838 3685 4911 Ita-

2039 4907 2358 4988 que'quam
2393 4907 2642 4968 arduum
2672 4917 2760 4966 est
2784 4912 3102 4988 profundos
3126 4907 3486 4988 ejus'sensus
3511 4907 3682 4962 intel-

2037 4979 2293 5059 ligentiae
2324 4992 2646 5054 penetrare,
2679 4979 2801 5059 tani_
2847 4981 3085 5059 difficile
3130 4982 3309 5059 miras
3369 4979 3682 5059 verborum

2039 5050 2518 5129 compositiones,
2551 5063 2607 5110 et
2639 5053 2802 5129 quasi
2822 5051 3425 5129 _Orphicum_dicendi_
3472 5050 3684 5129 chara-

2039 5121 2251 5186 cterem
2277 5129 2517 5190 imitari,
2553 5144 2618 5180 ac
2649 5121 2870 5180 Latinis
2903 5121 3225 5196 prnigsertim
3270 5123 3464 5196 verbis
3494 5121 3684 5191 expri-

2041 5218 2217 5258 mere.
2251 5200 2408 5255 ldem
2438 5199 2691 5270 profecto
2712 5198 2784 5270 ad
2817 5197 2886 5270 id
2901 5193 3067 5270 facile
3089 5193 3570 5270 consequendum
3594 5208 3691 5247 ne-

2039 5273 2334 5330 cessarius
2363 5267 2600 5327 omnino
2631 5269 2801 5323 nobis
2833 5267 3069 5322 divinus
3097 5272 3188 5322 est
3219 5267 3400 5327 furor,
3433 5271 3544 5320 etc.
3578 5284 3606 5314 »

2115 5345 2230 5400 Hac
2262 5346 2332 5396 de
2363 5343 2515 5413 stylo
2547 5341 2727 5396 satis:
2761 5338 3088 5413 quidaliud
3143 5339 3424 5413 adversus
3473 5336 3690 5413 Dio_ny-

2043 5417 2113 5472 sii
2151 5415 2336 5471 nostri
2386 5407 3110 5478 uionumenta'objiciatur
3165 5409 3487 5463 videamus.
3554 5407 3695 5462 EcCe

2041 5487 2146 5542 tibi
2181 5487 2438 5556 Scaliger
2468 5502 2608 5540 sane
2642 5485 2856 5537 infesto
2888 5481 3082 5556 animo
3115 5481 3452 5556 incurrit_in
3486 5479 3696 5556 Diony:

2043 5560 2232 5616 sium:
2270 5549 2375 5612 hos
2412 5558 2590 5612 libros
2622 5553 3038 5626 supposititios
3070 5571 3137 5608 ex
3165 5570 3229 5608 eo
3265 5552 3492 5626 probat,
3539 5549 3694 5622 quOd

2043 5632 2114 5685 de
2143 5630 2450 5686 monachis
2498 5624 2713 5698 agant._
2743 5624 2856 5698 qui
2899 5642 3192 5698 nusquam
3257 5624 3508 5698 fuerint;
3537 5694 3545 5698 Α
3577 5637 3692 5698 non

2044 5703 2222 5764 enim.
2244 5709 2307 5755 ut
2326 5693 2720 5755 Tertullianus
2745 5693 2959 5766 aiebat,
2984 5693 3314 5751 Christiano
3341 5718 3361 5743 ι
3413 5693 3696 5766 ,τί-ιοίσοιᾳε

2045 5791 2162 5830 esse
2190 5781 2284 5828 aut
2312 5773 2527 5828 exsules
2560 5771 2726 5824 vitm:
2757 5792 2784 5817 ‹‹
2828 5769 2882 5822 id
2909 5764 3096 5832 genus
3120 5770 3248 5821 vitae
3279 5785 3310 5820 a
3335 5764 3514 5821 Paulo
3577 5764 3696 5833 pri-

2047 5863 2205 5901 mum
2227 5845 2470 5899 eremita
2492 5843 2830 5897 institutum
2861 5857 2873 5902 ;
2901 5834 3300 5910 ὑποϐολιμαῖον
3336 5839 3493 5910 hunc
3519 5835 3700 5910 scrip:

2045 5924 2228 5975 torem
2263 5916 2320 5971 in
2358 5916 2620 5989 fraudem
2657 5905 3165 5969 fuisseinductum
3198 5911 3270 5968 ab
3287 5908 3558 5977 Eusebio,
3595 5905 3700 5979 qui
