4130 6400
219 269 362 327 1019

1459 275 1521 327 8.
1562 269 1879 326 DIONYSII
1916 270 2400 327 ARBOPAGITE

3496 275 3642 332 1020

217 395 360 465 sint,
395 393 955 474 sidenseriptorihns
990 393 1109 450 illic
1144 409 1412 450 rerumve
1445 408 1721 474 numero.
1749 392 1871 474 agi-
1904 397 1958 462 Α
1992 393 2238 474 artic-nlo
2262 409 2443 474 nono,
2470 391 2564 449 his
2595 391 2646 448 ei
2674 393 3144 474 verbisascribit
3170 410 3184 448 :
3213 413 3252 474 _«
3273 394 3332 450 Si
3360 396 3492 468 quis
3523 415 3642 455 non

222 472 339 534 tur,
375 468 474 537 qui
533 465 840 537 Origénem
903 473 1360 538 praecesserunt;
1413 466 1631 537 quippe
1676 465 1723 538 si
1785 466 1877 520 vix

223 545 479 610 quatuor
503 542 706 605 forent,
741 542 884 594 forte
910 537 1024 595 non
1057 539 1271 594 diceret
1304 539 1630 612 Maximus:
1667 537 1872 592 Nescio

218 627 292 665 an
327 612 631 677 omnium;
664 627 799 666 cum
831 613 1030 681 utique
1063 613 1248 664 multo
1284 611 1478 680 plures
1511 610 1757 679 Origene
1775 625 1873 663 an-

214 683 497 750 tiquiores
532 701 644 737 non
673 683 992 755 ignoraret,
1053 695 1149 737 aut
1209 683 1356 736 scire
1415 682 1621 736 saltem
1678 686 1872 750 posset

221 756 560 819 exstitisse;
593 762 736 824 puta
765 765 1037 808 sanctum
1070 755 1426 808 clementem
1464 770 1700 823 papam,
1734 770 1870 806 san-

215 831 373 879 ctum
413 827 724 894 lgnatium,
781 827 1040 897 Papiam,
1097 827 1480 893 Quadratum,
1529 824 1866 891 Aristidem,

215 900 650 960 Anaxagoram,
684 906 954 952 sanctum
987 899 1288 952 Justinum
1347 906 1685 963 martyrem,
1732 913 1865 950 san-

215 976 374 1023 ctum
411 970 748 1040 Dionysium
773 971 1142 1025 Corinthioru
1155 988 1206 1022 m
1230 969 1867 1040 episc0pum,Clemen-

222 1047 341 1095 tem
374 1039 850 1108 Alexandrinum,
885 1048 1151 1096 sanctum
1185 1044 1493 1107 Irenaeum,
1553 1039 1865 1094 Tertullia-

220 1127 387 1180 num,
403 1111 666 1184 aliosque
684 1113 991 1184 plusquam
1020 1113 1221 1183 viginti
1241 1130 1274 1166 a
1295 1119 1497 1167 sancto
1519 1111 1867 1184 Hieronymo

217 1184 273 1237 in
307 1183 585 1252 Catalogo’
611 1183 964 1251 recensitos;
998 1185 1147 1238 inter
1177 1201 1325 1255 quos
1352 1187 1668 1255 Hermaset
1689 1183 1866 1253 Hege-

215 1256 418 1325 sippus
500 1263 920 1311 numerantur.
982 1257 1132 1321 Quin
1197 1254 1500 1310 cohaerere
1552 1254 1868 1308 videantur

214 1328 410 1394 aptius
451 1333 507 1380 et
565 1329 854 1387 connecti,
916 1329 966 1382 si
1020 1328 1301 1381 librorum
1367 1326 1549 1380 sancti
1602 1326 1862 1396 Dionysii

216 1415 501 1453 numerus
536 1399 824 1454 insinuari
879 1400 1129 1463 dicatur,
1164 1415 1193 1452 e
1235 1400 1454 1468 quibus
1517 1398 1718 1467 utique
1764 1397 1864 1467 qui

213 1470 513 1541 perierunt
548 1471 735 1526 multo
768 1472 838 1526 iis
868 1487 1018 1541 quos
1050 1474 1378 1525 conservari
1427 1471 1714 1541 contigit,_
1757 1487 1864 1523 nu-

214 1539 564 1596 merosiores
590 1544 699 1597 dici
738 1539 978 1614 possunt
1007 1563 1020 1608 ;
1055 1559 1188 1597 cum
1226 1541 1313 1597 vol
1349 1543 1524 1596 unius
1547 1542 1620 1594 De
1656 1539 1862 1614 divini:

211 1614 532 1668 nominibus
565 1615 696 1668 libri
724 1612 914 1684 capita
943 1617 1223 1670 tredecim”
1256 1631 1355 1684 pro
1388 1615 1666 1667 tredecim
1697 1612 1865 1666 libris

214 1702 282 1757 eo
315 1696 571 1755 tempore
602 1687 804 1741 habita
843 1688 966 1757 ipse
994 1688 1277 1741 observet.
1308 1684 1539 1755 Alioqui
1562 1690 1716 1738 certe
1750 1684 1862 1738 nisi

1989 466 2250 540 suscipit,
2265 465 2490 540 scripta
2521 465 2953 540 sanctiCyrilli,
2985 471 3041 522 et
3072 467 3323 523 maxime
3341 465 3469 540 quae
3495 475 3640 527 sunt

1984 539 2516 612 contrap'l‘heodcru
2530 555 2578 592 m
2598 537 3114 612 etTheodoritum,
3133 537 3545 612 Andreainque
3563 561 3631 598 ac

1981 609 2336 674 Nestorium,
2374 612 2685 664 anathema
2705 613 2780 664 sit
2805 611 2893 677 (77
2928 617 2962 677 >,
2989 617 3052 664 ut
3087 628 3234 666 sess.
3263 612 3384 667 sive
3415 609 3526 669 aet.
3574 616 3642 670 13

1983 691 2155 736 sextae
2178 683 2384 750 synodi
2406 682 2758 736 continetur.
2783 682 2981 753 Neque
3003 699 3136 736 vero
3149 684 3550 750 credihileest,
3571 692 3640 741 ut

1981 753 2230 807 Basilius
2264 755 2568 810 diaconus.
2602 755 2700 824 qui
2737 754 3014 807 librorum
3052 756 3330 809 Theodori
3365 756 3635 812 volumen

1981 840 2084 895 per
2115 825 2274 897 varia
2307 826 2525 895 passim
2547 825 2671 878 loca
2690 825 3159 897 circumferebat,
3183 827 3331 881 illud
3347 830 3416 882 ad
3437 830 3635 897 ipsum

1981 896 2261 962 attulerit,
2298 913 2482 966 eaque
2513 898 2583 950 de
2615 913 2673 950 re
2705 896 2928 951 litteras
2952 899 3019 951 ad
3047 915 3179 952 eum
3199 896 3470 955 Joannes
3504 907 3638 956 An-

1978 968 2287 1022 tiochenus
2319 967 2651 1038 patriarcha
2673 969 3103 1039 conscripserit,
3127 973 3632 1040 quemadmodum

1979 1040 2051 1094 de
2085 1047 2332 1109 utr..que
2393 1045 2641 1112 testatur
2700 1041 3025 1110 Liberatus,
3084 1058 3189 1096 nec
3247 1044 3374 1112 ipse
3433 1050 3636 1098 tamen

1981 1112 2138 1180 operi
2174 1116 2291 1185 tam
2329 1111 2655 1185 pernicioso
2687 1113 2965 1183 scriptum
3029 1113 3213 1166 ullum
3273 1111 3339 1168 ac
3390 1131 3636 1185 respon-

1979 1200 2110 1238 sum
2145 1183 2441 1251 objecerit,
2477 1183 2627 1237 unde
2652 1187 2939 1238 nefarium
2963 1185 3279 1239 adversarii
3306 1185 3397 1240 sui
3423 1183 3636 1242 Nesto-

1979 1255 2049 1308 rii
2085 1255 2299 1328 dogma
2333 1256 2637 1326 propagari
2671 1255 2922 1321 videret;
2955 1262 3011 1310 et
3044 1257 3100 1310 in
3133 1256 3451 1328 eaquidem
3483 1258 3636 1313 tanti

1979 1326 2253 1380 momenti
2271 1327 2592 1396 quaestione
2609 1331 2730 1381 tam
2746 1327 2971 1381 erudite
2992 1326 3262 1382 versatus
3288 1345 3416 1398 quae
3439 1330 3636 1384 disce-

2018 1399 2198 1451 tanda
2230 1399 2347 1452 illic
2379 1399 2738 1452 occurrebat.
2763 1398 2932 1465 Quin,
2968 1400 3123 1469 quod
3163 1417 3228 1454 eo
3261 1401 3472 1456 fortius
3522 1402 3638 1456 ad-

2018 1415 2198 1451 tanua
2230 1415 2347 1452 nnc
2379 1415 2738 1452 occurrebat.
2763 1415 2932 1465 unm,
2968 1415 3123 1469 quoa
3163 1417 3228 1454 eo
3261 1415 3472 1456 toruus
3522 1415 3634 1456 aa-

1975 1415 2089 1543 Euc
2124 1476 2448 1543 u_rget,iact.
2479 1471 2598 1543 sive
2656 1470 2847 1524 collat.
2883 1472 2914 1524 4
2959 1471 3177 1541 quintae
3227 1473 3434 1543 synodi
3471 1489 3634 1542 quae-

1978 1541 2426 1613 damiTheodori
2463 1542 2635 1596 verba
2667 1543 3021 1608 referuntur,
3074 1559 3201 1613 quae
3236 1541 3636 1599 sanctus’uti-

1976 1629 2090 1683 que
2111 1612 2361 1683 Cyrillus
2393 1613 2773 1686 refutavit.Et
2804 1616 2959 1684 quod
2996 1612 3202 1670 rurSus
3231 1615 3361 1686 ipsa
3405 1616 3635 1686 llypatii

1976 1692 2286 1756 negatione
2318 1684 2504 1739 multo
2529 1684 2778 1758 validius
2810 1703 2874 1740 ac
2902 1684 3287 1755 ponderosius
3317 1684 3632 1758 argumen-

216 1755 338 1811 haec
386 1759 455 1811 ad
511 1759 697 1839 sancti
755 1755 1013 1839 Dionysii
1076 1759 1254 1812 libros
1313 1757 1510 1812 referri
1572 1761 1856 1839 oporteat,
1890 1775 1935 1839 Β
1965 1755 2098 1839 tum
2134 1766 2240 1839 est,
2275 1758 2537 1839 quaedam
2574 1757 2710 1839 item
2749 1758 2918 1839 primi
2952 1759 3301 1839 acusecundi
3345 1755 3632 1839 adversus

215 1845 495 1899 quorsum
530 1829 602 1886 iis
661 1828 1056 1884 verbisz'Vix
1111 1840 1364 1900 quatuor
1421 1829 1708 1892 meminit,
1743 1828 1858 1883 alia

213 1901 326 1955 ista
355 1902 744 1968 subnecteret,
777 1902 931 1972 quod
965 1902 1203 1970 quidam
1236 1900 1638 1972 einarraverit
1660 1901 1859 1972 omnia

213 1974 402 2028 sancti
440 1972 694 2046 Dionysii
726 1970 900 2046 opera
929 1979 1266 2046 conservata
1285 1971 1311 2024 ‘2
1333 1971 1541 2046 Utique
1563 1988 1738 2042 opera
1752 1970 1861 2046 illa

212 2061 344 2114 quae
376 2061 489 2115 prae
524 2044 798 2100 manibus
832 2045 1106 2110 habebat,
1170 2045 1285 2098 imo
1334 2053 1387 2098 et
1427 2044 1857 2114 interpretaba-

211 2121 330 2181 tur,
365 2123 706 2172 conservata
725 2133 794 2171 ex
824 2120 1049 2188 integro
1083 2116 1285 2177 tuisse.
1314 2116 1721 2172 admonendus
1743 2130 1860 2169 non

217 2187 331 2243 fuit
362 2188 496 2243 (77).

539 2263 835 2338 utcunque
866 2259 978 2314 ista
1008 2258 1374 2338 sebabeant,
1408 2257 1517 2312 hoc
1547 2273 1654 2328 ego
1684 2272 1860 2338 argu-

298 2276 505 2313 verum
539 2276 835 2385 uwunqlpe
866 2276 978 2314 ista
1008 2277 1069 2314 se
1100 2276 1374 2323 naneant,
1409 2276 1517 2312 noc
1547 2276 1654 2328 ego
1687 2276 1860 2338 argu-

216 2331 397 2385 menti
429 2347 615 2400 genus
671 2333 743 2386 ad
796 2332 951 2387 ibere
998 2331 1199 2398 nolim,
1260 2334 1323 2384 ut
1357 2344 1541 2399 neque
1599 2334 1861 2383 anterius

213 2400 368 2457 aliud
404 2418 726 2473 usurpare;
756 2403 814 2457 id
851 2419 1032 2458 unum
1087 2402 1344 2473 proferre
1393 2402 1671 2456 audacter
1726 2416 1864 2470 pos-

210 2473 348 2547 sim,
377 2473 728 2547 istiusmodo
743 2475 1019 2547 operibus
1034 2474 1366 2547 astruendis
1386 2473 1651 2547 eamdem
1668 2476 1862 2547 aucto-

209 2545 453 2618 ritatem,
480 2543 942 2618 inservirefquaa
974 2546 1349 2618 destruendis
1379 2544 1712 2618 adhibetur,
1768 2543 1861 2597 in-

212 2618 403 2687 deque
435 2617 628 2671 fulciri
661 2635 730 2673 ea
762 2615 1012 2675 maxime
1045 2619 1197 2672 unde
1230 2616 1464 2672 illorum
1500 2615 1714 2670 veritas
1756 2631 1859 2686 op-

212 2693 512 2760 pugnatur
541 2705 605 2744 ac
638 2707 809 2758 posse
839 2689 1212 2761 praesumitur
1241 2688 1600 2761 expugnari;
1635 2704 1747 2741 non
1769 2703 1859 2761 se-_-

211 2757 323 2816 cus
346 2777 413 2815 ac
444 2757 710 2832 ingentes
740 2757 870 2817 illos
901 2762 1065 2832 palos
1096 2757 1337 2831 agitatio
1367 2757 1496 2830 ipsa
1516 2760 1731 2823 ﬁrmat,
1759 2757 1857 2832 qui

212 2829 818 2916 firmandis'd‘einceps
843 2829 1861 2916 fulciendis’quesup’ersntructisaadi-

215 2905 326 2959 bus
352 2904 464 2975 ipsi
499 2903 896 2962 subserviunt.
936 2907 1018 2971 Id,
1063 2905 1329 2976 inquam,
1375 2903 1631 2975 proferre
1673 2903 1859 2958 audao

214 2983 339 3048 cter
370 2977 611 3045 possim,
647 2977 801 3047 quod
827 2979 996 3048 juxta
1027 2975 1324 3032 rumorem
1356 2982 1526 3048 Atunc
1549 2975 1855 3048 jactatum,

213 3045 683 3103 reclamantibus
715 3045 953 3120 quidem
989 3050 1046 3102 in
1081 3066 1148 3103 ea
1176 3046 1484 3103 collatione
1531 3045 1855 3114 catholicis,

207 3125 266 3174 et
292 3119 1204 3192 validamsatis'opponentibus
1249 3120 1670 3188 conjecturam,
1731 3135 1858 3192 quas

206 3191 462 3264 quinque
488 3191 603 3246 illis
632 3191 926 3264 episcopis
959 3191 1125 3247 facile
1143 3192 1540 3264 persuaderet,
1562 3191 1857 3264 possehoc

207 3261 372 3336 ipsos
401 3264 556 3336 quod
591 3261 865 3332 praestare
897 3261 1263 3336 cogerentur,
1300 3271 1363 3318 ut
1393 3262 1665 3336 videlicet
1696 3263 1856 3332 ejus-

191 3335 365 3392 .modi
400 3335 586 3389 libros
617 3337 770 3391 648
831 3336 1175 3399 abnuerent,
1209 3352 1308 3390 eos
1356 3335 1561 3405 utique
1617 3339 1857 3405 sanctus

207 3406 460 3473 Cyrillus
493 3423 607 3461 non
633 3414 765 3462 ante
787 3408 1098 3464 concilium
1150 3404 1534 3478 Ephesinum,
1596 3407 1694 3460 sed
1738 3404 1857 3478 illo

207 3477 492 3533 duntaxat
513 3479 632 3548 jam
666 3479 956 3536 celebrato
982 3477 1308 3550 protulerit,
1333 3485 1399 3532 ut
1419 3496 1536 3533 non
1587 3477 1856 3532 omnium

207 3551 414 3619 quovis
435 3556 697 3619 tempore
723 3552 1065 3606 meminisse
1092 3551 1269 3606 moris
1290 3555 1376 3605 est
1401 3555 1490 3614 ;et
1511 3551 1663 3620 quod
1690 3565 1858 3604 arma

209 3621 330 3676 haec
359 3623 489 3691 ipsa
517 3624 716 3676 venire
747 3622 864 3676 illis
895 3623 1216 3677 subindein
1240 3626 1513 3678 mentem.
1537 3621 1621 3676 vel
1641 3622 1710 3675 ad
1728 3621 1858 3690 ejus

209 3693 478 3748 notitiam
513 3699 644 3763 post
675 3694 884 3749 initum
917 3711 1051 3748 cum
1083 3693 1351 3748 Nestorio
1383 3698 1673 3747 certamen
1725 3709 1858 3762 per-

212 3765 414 3818 venire
446 3763 779 3833 potuerint;
813 3781 944 3819 cum
981 3763 1278 3820 Juvenalis
1311 3763 1589 3818 nimirum
1624 3767 1679 3818 et
1709 3765 1856 3833 ipse,

211 3836 348 3890 dum
382 3836 752 3890 orientalium
785 3839 1100 3892 adventum
1136 3835 1565 3907 praestolamur,
1599 3851 1858 3890 commo-

213 3907 353 3962 dum
391 3908 538 3964 satis
569 3908 724 3962 inter
756 3908 1089 3963 miscendos
1121 3911 1190 3962 de
1222 3907 1565 3963 beatissima
1612 3907 1861 3977 Deipara

216 3996 539 4044 sermones,
575 3981 882 4036 revocandi
916 3981 987 4036 ad
1023 3981 1367 4035 memoriam
1401 3980 1532 4050 ejus
1564 3979 1861 4049 operis,ac

216 4051 418 4124 deillo
477 4052 802 4107 disserendi
857 4053 1118 4124 spatium
1176 4052 1328 4107 nacti
1389 4055 1606 4106 essent.
1668 4055 1863 4124 Atque

217 4122 352 4196 inde
387 4125 623 4196 factum,
661 4130 724 4179 ut
757 4122 945 4194 prima
975 4124 1254 4196 deinceps
1303 4124 1637 4196 occasione,
1663 4122 1863 4177 oblata

215 4194 424 4268 iisdem
459 4195 577 4249 illis
609 4197 801 4268 armis
825 4212 967 4251 usus
999 4194 1394 4268 reperiaturin
1417 4197 1488 4268 iis
1511 4194 1862 4268 libris,quos

212 4267 644 4340 Alexandrinus
659 4267 995 4340 patriarcha
1013 4267 1214 4340 Gyrus,
1233 4267 1609 4324 Monothelita
1623 4268 1859 4340 quidem

216 4339 318 4392 sed
351 4337 708 4394 catholicum
741 4337 1442 4405 simulans,'transmissse
1470 4357 1500 4393 a
1532 4356 1592 4394 se
1632 4339 1702 4394 ad
1725 4339 1861 4393 Ser-

209 4408 373 4482 gium
393 4411 1104 4483 Constantinopolitauum
1124 4409 1865 4484 patriarchamscriptionis

215 4545 490 4622 μηδαμῶς
538 4549 611 4613 ἐς
662 4552 823 4606 αὐτὸν
877 4550 1207 4622 ἐληλυθόταο
1259 4551 1347 4606 καί
1401 4549 1628 4606 πολλῶν
1680 4547 1863 4604 ἐδυνά-
1895 4518 1946 4584 D

217 4642 324 4696 μῃν
361 4627 734 4694 μνημονεῦσαι
770 4627 843 4696 μή
878 4626 1184 4694 κτηθέντων
1237 4623 1405 4694 αὐτῷ,
1439 4622 1528 4677 καὶ
1570 4626 1738 4675 ταῦτα
1767 4627 1868 4688 τῆς

210 4693 373 4769 dii-:06
432 4695 655 4769 χώραςχ
697 4693 778 4756 ὠά
830 4693 1117 4767 Ὑμεναίου
1191 4696 1280 4750 καὶ
1344 4693 1700 4769 Ναρκισσορᾒ
1760 4699 1868 4769 τῶν

210 4763 582 4843 ἱερασαμένῴν
640 4765 691 4820 ἐν
741 4763 1172 4843 ξιεροάολῦμοςς.
1232 4763 1866 4843 Ἐγὼ-’γοῦνένὲτυχᾷν

210 4857 319 4912 ne:
377 4836 484 4891 τῶν
545 4836 843 4912 ξΥμεναίού·
892 4841 984 4912 καὶ
1028 4836 1154 4912 ’μὴν
1188 4836 1332 4912 iniice
1386 4836 1686 4912 Πὰνταλίνφυ
1737 4836 1867 4899 τόύς

209 4907 789 4984 πᾷγουςᾼάνέγραψξν,
849 4909 978 4984 οὖτε
1029 4907 1125 4984 ’ἑοῦ
1183 4907 1864 4984 ῬῳμμαίουηΚλή-μειντος,

214 4980 360 5048 πλὴν
397 4979 492 5036 δύο
523 4977 612 5036 xuii
669 4977 848 5053 μόνων
894 4979 1386 5053 ἐπιστολεῖὺνίὁιλλν
1435 4977 1556 5053 οὔτε
1592 4977 1863 5053 πλείστων

217 5053 434 5128 ξερέρωνο
529 5055 631 5128 γὰρ
661 5051 987 5128 ςὨριγὲνης,
1035 5055 1135 5109 οὐκ
1166 5051 1286 5108 οἶδα
1313 5053 1377 5128 ⁸εἲ
1421 5051 1656 5128 πάντῳν,
1701 5051 1864 5124 μόλις

218 5123 600 5216 Ξζτεττξρὼν
1002 5123 1364 5214 ιΔιάκονοςνδέ
1418 5146 1502 5214 τις
1561 5123 1865 5212 Ἱῖωμαῖῡς,

215 5197 434 5272 ΠέτροςΔ
467 5195 1016 5272 ὄνομα,’διηγήσατᾷ
1068 5219 1182 5272 μοι,
1212 5196 1383 5251 πάντα
1429 5197 1496 5272 τὰ
1540 5195 1868 5272 τοῦᾹνΔέρνυ-

217 5264 336 5344 ciou
369 5264 654 5344 σώᾉζεσθάι,
686 5264 949 5344 Xuthi-“ri”
993 5269 1043 5325 ἐν
1068 5264 1273 5344 ’Ῥώμῃ
1304 5273 1414 5324 τῶν
1446 5270 1604 5344 ἰερῶν
1643 5264 1864 5344 βιϐλιο-

218 5342 394 5410 θήκην
428 5342 826 5414 ἀγατεθειμὲνα.

289 5414 401 5483 (77)
437 5413 681 5469 Planum
713 5419 908 5470 tamen
970 5431 1037 5468 ex
1089 5418 1206 5469 tota
1265 5413 1412 5468 serie
1442 5417 1750 5468 contextus
1793 5414 1865 5468 de

214 5484 603 5555 scriptoribus
638 5486 749 5540 dici
778 5505 789 5541 :
827 5490 891 5539 Et
921 5503 1052 5541 vero
1083 5487 1177 5556 qui
1234 5486 1424 5540 dicere
1482 5484 1655 5540 vellet
1687 5485 1864 5540 Maxi-

214 5573 370 5619 mus,
403 5557 712 5624 Origenem
747 5558 838 5612 vix
866 5565 1119 5628 quatuor
1149 5574 1389 5627 operum
1425 5574 1526 5611 seu
1577 5557 1863 5613 librorum

212 5628 270 5682 S.
304 5630 566 5700 Dionysii
603 5630 966 5688 meminisse.
1001 5647 1130 5686 cum
1184 5630 1404 5684 nullius
1432 5629 1693 5683 omnimo
1726 5647 1866 5700 prae-

217 5706 487 5774 sumatur
520 5701 909 5756 meminisse?
937 5701 1050 5757 Nec
1102 5707 1271 5774 urget
1298 5701 1465 5764 illud,
1512 5701 1706 5774 nescio
1765 5718 1866 5755 an-

218 5772 468 5828 omnium
490 5791 509 5835 ;
543 5791 659 5829 non
692 5774 846 5829 enim
881 5777 1106 5830 nescire
1139 5772 1200 5829 se
1231 5774 1332 5839 ait,
1374 5772 1527 5844 quod
1587 5772 1684 5826 alii
1717 5790 1862 5844 prie-

221 5845 527 5917 cesserint,
561 5847 663 5904 sed
693 5863 766 5903 eu
812 5862 1014 5902 eorum
1043 5845 1318 5918 Origenes
1375 5843 1434 5899 in
1486 5847 1606 5899 tam
1664 5843 1863 5902 multis

1965 1827 2333 1901 Theodorum
2369 1828 2502 1901 libri
2563 1829 2818 1901 a__beato
2875 1828 3086 1901 Cyrillo
3147 1831 3461 1901 conscripti
3506 1832 3624 1885 fra-

1965 1903 2204 1970 gmenta
2232 1899 2292 1953 in
2323 1900 2589 1954 eamdem
2611 1898 2772 1954 illam
2805 1898 3093 1956 actionem
3110 1902 3230 1958 sive
3249 1898 3625 1958 collationem

1969 1973 2234 2042 quintam
2270 1971 2487 2044 inserta
2517 1976 2767 2039 exstant,
2801 1978 2856 2026 et
2888 1973 3090 2044 synodi
3142 1991 3432 2030 consensu
3461 1973 3628 2030 velut

1967 2059 2242 2115 germana
2271 2042 2434 2097 illius
2478 2060 2655 2113 opera
2703 2042 3119 2115 comprobata;
3183 2046 3386 2115 utique
3442 2046 3625 2100 etiam

1971 2114 2351 2169 doctissimus
2395 2131 2460 2168 ac
2492 2115 2556 2168 R.
2594 2119 2652 2168 Ρ.
2701 2114 3072 2182 Sirmondus,
3133 2114 3627 2173 Christianissimi

1971 2186 2126 2259 regis
2157 2203 2189 2259 a
2221 2186 2400 2259 sacris
2423 2186 2894 2259 confessionibus
2951 2188 3206 2259 auditor,
3277 2189 3334 2242 in
3387 2189 3631 2245 facundi

1974 2257 2290 2311 Hiermiani
2347 2257 2608 2328 episcopi
2658 2257 2875 2314 librum
2937 2277 3157 2316 nonum
3191 2257 3379 2316 'hisce
3431 2261 3629 2317 verbis

1972 2329 2239 2400 agnoscit
2271 2345 2335 2383 ac
2359 2333 2628 2384 testatur.

2043 2399 2156 2474 Nec
2185 2400 2246 2474 in
2264 2400 2336 2455 iis
2354 2400 2439 2455 vel
2461 2400 2645 2474 ullum
2671 2400 2805 2474 styli
2839 2400 3180 2469 discrimen,
3203 2402 3293 2458 vel
3318 2402 3625 2474 quidpiam

1970 2470 2128 2546 aliud
2161 2473 2428 2546 videmus
2455 2489 2510 2546 7a
2540 2470 2843 2546 catholicis
2889 2475 3292 2542 observatum,
3325 2470 3482 2546 quod
3523 2491 3625 2530 eos

1971 2544 2139 2630 beato
2171 2543 3057 2630 Cyrillo‘abrogandi“p‘raabere
3115 2543 3360 2630 causam
3383 2546 3624 2630 _possit,

1971 2619 2178 2690 praeter
2191 2617 2584 2690 conjecturam
2608 2617 2970 2690 praedictam,
2985 2618 3139 2690 quod
3160 2616 3624 2690 DionysiiAreo4

1970 2687 2179 2772 pagitae
2213 2687 2582 2772 aliorumque
2611 2687 2962 2772 scriptorum
3000 2687 3354 2772 testimoniis
3407 2707 3474 2746 ac
3492 2689 3628 2772 epi-

1970 2759 2138 2813 stolis
2169 2776 2282 2814 non
2316 2765 2472 2814 esset
2503 2777 2668 2824 usus,
2702 2777 2770 2814 ex
2801 2777 2916 2831 quo
2949 2762 3006 2815 in
3033 2761 3163 2816 istis
3186 2762 3471 2818 adversus
3490 2759 3625 2816 Dio-

1968 2831 2178 2885 dorum
2210 2832 2557 2886 Tarsensem
2591 2832 2934 2903 episcopum
2968 2849 3034 2886 ac
3091 2833 3464 2888 Theodorum
3502 2833 3622 2888 Mo-

1968 2908 2348 2977 psuestenum
2384 2903 2550 2958 libris
2583 2920 2650 2958 ea
2672 2903 2889 2974 ipsa,ut
2914 2905 3227 2972 ferebatur,
3252 2908 3619 2977 usurpasset.

1968 2980 2050 3028 Ac
2081 2991 2182 3046 ego
2201 2975 2438 3044 quidem
2455 2992 2660 3046 capere
2676 2993 2786 3030 non
2806 2993 3066 3046 possum,
3094 2982 3159 3032 ut
3182 2977 3384 3044 afﬁngi
3401 2975 3623 3032 sancto

1968 3043 2341 3119 Cyrillolibri
2376 3047 2481 3110 illi,
2515 3043 2602 3102 vel
2635 3064 2752 3118 quo
2783 3043 3055 3102 instituto
3074 3053 3131 3103 et
3154 3049 3266 3102 fine
3301 3043 3625 3119 potuerint;

1891 3143 1934 3212 ο
1971 3134 2104 3172 cum
2156 3117 2691 3212 Destorianismum
2741 3120 2813 3174 ab
2837 3117 3415 3212 Leo‘c‘o'ndemnat—um
3477 3119 3627 3212 ni‘bil

1973 3207 2122 3261 opus
2153 3195 2307 3244 esset
2341 3191 2719 3259 persuadere;
2755 3198 2856 3245 aut
2889 3196 2951 3246 ut
2973 3191 3208 3246 illorum
3231 3209 3402 3246 verus
3420 3199 3630 3246 auctor

1970 3261 2232 3334 seipsum
2267 3261 2600 3332 scriptionis
2631 3262 2794 3318 illius
2825 3264 3012 3334 gloria
3042 3265 3391 3318 defraudare
3423 3263 3627 3319 volue-

1971 3333 2063 3388 rit.
2096 3338 2167 3388 At
2201 3350 2355 3399 vero,
2390 3336 2542 3404 quod
2602 3333 2767 3389 facile
2814 3333 2984 3404 captu
3035 3339 3145 3400 est,
3195 3335 3377 3390 fuisse
3412 3335 3626 3390 saltem

1970 3404 2294 3477 catholicus
2325 3411 2528 3461 auctor
2559 3406 2818 3462 debuita
2869 3407 3193 3477 quoscripti
3226 3413 3387 3475 sunt,
3420 3411 3500 3469 et,
3559 3411 3629 3462 ut

1968 3476 2025 3549 in
2060 3494 2127 3530 ca
2156 3477 2488 3544 collatione,
2524 3478 2832 3545 asseritur,
2861 3495 2926 3533 ex
2957 3476 3334 3534 Alexandrini
3370 3479 3626 3549 patriar-

1967 3547 2175 3604 chatus
2208 3550 2607 3604 monumentis
2631 3556 2808 3621 atque
2838 3549 3092 3606 archivis
3144 3547 3502 3618 prodierunt.
3544 3555 3627 3606 Ex

1968 3622 2139 3689 cujus
2173 3623 2421 3689 profecto
2452 3621 2780 3676 collationis
2804 3621 3070 3690 lectione,
3105 3632 3170 3676 ut
3207 3626 3265 3677 et
3293 3638 3362 3676 ex
3390 3623 3464 3676 iis
3494 3638 3625 3676 om-

1969 3691 2164 3756 nibus,
2200 3709 2327 3762 quae
2359 3697 2512 3748 circa
2545 3710 2717 3762 opera
2774 3693 3080 3748 Liberatus
3130 3694 3322 3763 prodit
3353 3698 3626 3749 constare

1969 3765 2112 3819 satis
2143 3769 2340 3834 aperte
2373 3770 2583 3836 potest,
2617 3771 2682 3819 ut
2715 3766 2862 3819 facta
2894 3765 2965 3819 de
3016 3765 3134 3820 illis
3192 3765 3525 3836 disquisitio
3559 3765 3623 3820 in

1969 3851 2169 3889 eorum
2205 3835 2448 3906 gratiam
2483 3837 2856 3906 favoremque
2888 3835 3628 3904 declinet;aceoruminde

1968 3907 2182 3960 veritas
2206 3905 2516 3972 elucescat,
2552 3910 2705 3962 unde
2729 3905 2993 3963 convinci
3020 3907 3626 3979 putanturfalsitatis.

1967 3983 2096 4032 Jam
2122 3994 2253 4032 vero
2274 3980 2411 4049 quid
2439 3981 2718 4034 adversus
2740 3979 3043 4035 homiliam
3069 3981 3227 4036 illam
3249 3997 3366 4050 qua
3381 3986 3631 4035 sanctus

1973 4049 2051 4130 Ch
2062 4055 2429 4130 rysostomus
2447 4050 2717 4130 Ecclesiae
2733 4069 2860 4130 sua:
2879 4051 3167 4130 valedicit,
3196 4057 3253 4107 et
3272 4049 3630 4130 quam_Ana-

1971 4123 2193 4194 stasius
2225 4123 2563 4188 cardinalis,
2581 4123 2909 4194 apostolicae
2925 4125 3294 4179 Bibliotheca:
3321 4125 3633 4194 prafectus

1971 4194 2041 4248 ad
2074 4193 2647 4267 CarolumgCalvum,
2681 4195 2788 4250 hos
2816 4196 2997 4250 libros
3029 4196 3259 4267 plurimi
3294 4193 3630 4267 facientem,

1973 4282 2334 4334 suorumque
2366 4265 2474 4321 hac
2506 4267 2561 4321 in
2597 4272 2759 4338 parte
2811 4265 3121 4337 majorum,
3182 4267 3457 4323 Ludovici
3518 4266 3629 4335 Pii,

1971 4338 2158 4410 Caroli
2191 4338 2482 4408 Magni,ac
2516 4339 2742 4410 Pippini
2761 4339 2851 4393 cui
2877 4355 2977 4395 eos
3006 4339 3222 4395 Paulus
3246 4355 3398 4410 papa
3425 4343 3480 4393 tr
3499 4355 3635 4393 ans-

1975 4409 2525 4482 miserat,exempla
2556 4409 2884 4466 insecutum
2920 4409 3440 4482 rescribens,inter
3460 4414 3636 4481 grata

1976 4551 2253 4620 operibus
2284 4569 2315 4604 a
2347 4567 2409 4606 se
2439 4568 2555 4606 non
2581 4551 2721 4606 visis
2765 4551 3121 4606 meminerit.
3157 4552 3268 4608 Sed
3303 4567 3410 4606 nec
3441 4556 3632 4618 urget,

1979 4623 2130 4691 quod
2161 4694 2164 4695 ν
2192 4624 2524 4684 subuectat.
2574 4623 2840 4677 diaconus
2895 4640 3023 4679 vero
3053 4623 3298 4695 quidam,
3333 4629 3443 4678 etc.
3501 4623 3634 4679 Non

1978 4694 2131 4766 enim
2159 4694 2268 4749 hoc
2299 4696 2558 4749 admittit
2587 4695 2846 4765 praecisis
2891 4695 3010 4750 illis
3055 4694 3272 4764 verbis,
3306 4711 3433 4766 qua
3491 4711 3634 4766 pro-

1977 4765 2132 4820 xime
2164 4768 2540 4832 antecedunt,
2575 4768 2672 4820 sed
2701 4767 2987 4836 superiori
3024 4767 3124 4821 toti
3186 4765 3507 4833 contextui,
3567 4772 3638 4823 ut

1977 4838 2292 4907 significet,
2326 4839 2478 4909 quod
2514 4838 2785 4908 quamvis
2808 4855 2912 4893 nec
2937 4838 3246 4901 Eusebius,
3291 4856 3396 4893 nec
3427 4839 3633 4904 Orige-

1977 4925 2079 4980 nes
2131 4910 2243 4963 ista
2302 4912 2521 4980 scripta
2579 4915 3062 4979 commemorent,
3121 4916 3353 4966 exstent
3408 4915 3630 4967 tamen.

1975 4979 2096 5053 Non
2135 4981 2387 5051 denique
2421 4979 2609 5053 urget,
2643 4982 2796 5052 quod
2832 4998 2898 5036 ea
2927 4987 3152 5038 exstare
3184 4999 3308 5052 quae
3356 4999 3469 5052 prae
3505 4999 3633 5037 ma-

1976 5052 2150 5106 nibus
2173 5053 2254 5106 illi
2279 5052 2926 5116 essent,admonendus
2951 5072 3065 5108 non
3096 5054 3235 5119 fuit;
3257 5069 3444 5124 neque
3468 5053 3632 5108 enim

1975 5139 2040 5178 eo
2075 5142 2138 5178 se
2168 5125 2536 5180 admonitum
2570 5126 2669 5194 ait,
2704 5133 2764 5180 ut
2812 5143 2878 5180 ea
2932 5131 3128 5180 extare
3185 5126 3362 5181 sciret
3415 5126 3512 5180 sed
3567 5131 3636 5180 ut

1975 5195 2165 5269 sciret!
2181 5197 2340 5251 velut
2363 5202 2812 5252 monumentum
2838 5197 3214 5269 antiquitatis
3242 5197 3638 5269 asservari,et

1974 5269 2080 5321 sub
2111 5267 2268 5340 illius
2300 5271 2537 5324 nomine
2568 5270 2659 5324 cui
2692 5267 3006 5324 tribuenda
3033 5269 3159 5340 ipse
3209 5268 3516 5336 sentiebat,
3550 5274 3639 5324 at-

1974 5356 2083 5408 que
2115 5345 2179 5394 ut
2210 5339 2371 5394 illam
2405 5341 2460 5394 in
2495 5358 2794 5395 sacrorum
2828 5339 3114 5396 librorum
3150 5341 3293 5404 (sive
3315 5341 3460 5396 forte
3480 5357 3636 5411 pon-

1973 5412 2224 5474 tiﬁcum,
2259 5411 2367 5466 hoc
2400 5411 2552 5466 enim
2591 5413 2762 5468 etiam
2786 5417 2894 5474 est,
2916 5412 3477 5484 ispc'ov)Bibliotheca
3509 5419 3635 5468 tam

1974 5488 2305 5537 aneiiratam
2342 5486 2799 5540 asservationem
2850 5485 3332 5555 praetermissioni
3388 5484 3632 5540 Eusebii

1972 5563 2029 5610 et
2061 5555 2330 5624 Origenis
2363 5573 2537 5627 quam
2575 5556 2684 5612 sibi
2718 5556 2950 5626 objecit,
2985 5561 3261 5628 opponat.

2046 5698 2185 5768 (77")
2215 5695 2366 5760 Εῗετις
2387 5697 2450 5752 οὗ
2476 5694 2693 5773 δὲγεται
2715 5696 2780 5752 τὰ
2811 5696 3058 5772 συγγράμ
3108 5695 3317 5752 ατατοῦ
3350 5696 3510 5771 ἁγίου
3533 5703 3638 5751 Κυ-

2046 5767 2196 5826 λλου.
2229 5770 2316 5823 καὶ
2374 5763 2610 5826 μάλισὲα
2657 5771 2720 5824 τὰ
2767 5771 2902 5825 κατὰ
2948 5719 3253 5826 Θεοὲιώοου,
3295 5769 3382 5825 καὶ
3418 5766 3637 5824 8:080)-

1977 5766 2196 5846 ρξλλού,
2229 5770 2316 5846 xui
2345 5766 2610 5846 _pai_).t_c¥az
2657 5771 2720 5824 τὰ
2740 5766 2902 5846 ,κατᾶ
2925 5766 3637 5846 ’Θερδώρο-υκκαῖθςοδω·

1977 5839 2154 5918 piceo,
2202 5842 2290 5895 καὶ
2342 5839 2613 5918 ’Ᾱνδρέου,
2667 5839 2757 5897 καὶ
2812 5839 3144 5912 Νεστοοίου,’
3182 5839 3422 5916 ἀν’άθιμα
3469 5839 3636 5900 ἔστω.
