  <div class='ocr_page' id='page_1' title='image "/cluster/home/n/w/nwhite01/storage/ocr_20150623/4:no.2/coo.31924054872837/520.png"; bbox 0 0 4130 6384; ppageno 0'>
   <div class='ocr_carea' id='block_1_1' title="bbox 372 305 514 364">
    <p class='ocr_par' dir='ltr' id='par_1_1' title="bbox 372 305 514 364">
     <span class='ocr_line' id='line_1_1' title="bbox 372 305 514 364; baseline 0 0"><span class='ocrx_word' id='word_1_1' title='bbox 372 305 514 364; x_wconf 85' lang='grc'>1025</span> 
     </span>
    </p>
   </div>
   <div class='ocr_carea' id='block_1_2' title="bbox 1359 310 2793 370">
    <p class='ocr_par' dir='ltr' id='par_1_2' title="bbox 1359 310 2793 370">
     <span class='ocr_line' id='line_1_2' title="bbox 1359 310 2793 370; baseline 0 -2"><span class='ocrx_word' id='word_1_2' title='bbox 1359 312 1699 370; x_wconf 68' lang='lat' dir='ltr'>VINDICIE</span> <span class='ocrx_word' id='word_1_3' title='bbox 1737 310 2037 368; x_wconf 79' lang='lat' dir='ltr'>OPERUM</span> <span class='ocrx_word' id='word_1_4' title='bbox 2075 313 2793 370; x_wconf 79' lang='lat' dir='ltr'>AREOPAGITICORUM.</span> 
     </span>
    </p>
   </div>
   <div class='ocr_carea' id='block_1_3' title="bbox 3645 313 3787 371">
    <p class='ocr_par' dir='ltr' id='par_1_3' title="bbox 3645 313 3787 371">
     <span class='ocr_line' id='line_1_3' title="bbox 3645 313 3787 371; baseline 0.007 -1"><span class='ocrx_word' id='word_1_5' title='bbox 3645 313 3787 371; x_wconf 79' lang='lat'>1026</span> 
     </span>
    </p>
   </div>
   <div class='ocr_carea' id='block_1_4' title="bbox 367 431 3796 509">
    <p class='ocr_par' dir='ltr' id='par_1_4' title="bbox 367 431 3796 509">
     <span class='ocr_line' id='line_1_4' title="bbox 367 431 3796 509; baseline 0.003 -22"><span class='ocrx_word' id='word_1_6' title='bbox 367 431 524 504; x_wconf 79' lang='grc' dir='ltr'>λετη,</span> <span class='ocrx_word' id='word_1_7' title='bbox 561 433 949 506; x_wconf 85' lang='lat' dir='ltr'>quasidicat:</span> <span class='ocrx_word' id='word_1_8' title='bbox 1001 439 1448 509; x_wconf 83' lang='lat' dir='ltr'>Sacramentum</span> <span class='ocrx_word' id='word_1_9' title='bbox 1501 437 1656 492; x_wconf 91' lang='lat' dir='ltr'>enim</span> <span class='ocrx_word' id='word_1_10' title='bbox 1725 436 1886 492; x_wconf 89' lang='lat' dir='ltr'>illius</span> <span class='ocrx_word' id='word_1_11' title='bbox 1932 439 2034 492; x_wconf 88' lang='lat' dir='ltr'>aut</span> <span class='ocrx_word' id='word_1_12' title='bbox 2073 436 2559 509; x_wconf 65' lang='lat' dir='ltr'>Aperfectionem</span> <span class='ocrx_word' id='word_1_13' title='bbox 2593 453 2771 509; x_wconf 90' lang='lat' dir='ltr'>quam</span> <span class='ocrx_word' id='word_1_14' title='bbox 2803 437 3024 508; x_wconf 85' lang='lat' dir='ltr'>recepit</span> <span class='ocrx_word' id='word_1_15' title='bbox 3060 436 3328 493; x_wconf 82' lang='lat' dir='ltr'>Christus</span> <span class='ocrx_word' id='word_1_16' title='bbox 3373 441 3440 493; x_wconf 91' lang='lat' dir='ltr'>ut</span> <span class='ocrx_word' id='word_1_17' title='bbox 3484 437 3684 509; x_wconf 89' lang='lat' dir='ltr'>homo,</span> <span class='ocrx_word' id='word_1_18' title='bbox 3732 445 3796 497; x_wconf 87' lang='lat' dir='ltr'>et</span> 
     </span>
    </p>
   </div>
   <div class='ocr_carea' id='block_1_5' title="bbox 367 508 2026 580">
    <p class='ocr_par' dir='ltr' id='par_1_5' title="bbox 367 508 2026 580">
     <span class='ocr_line' id='line_1_5' title="bbox 367 508 2026 580; baseline 0.001 -18"><span class='ocrx_word' id='word_1_19' title='bbox 367 512 576 580; x_wconf 82' lang='lat' dir='ltr'>sancta</span> <span class='ocrx_word' id='word_1_20' title='bbox 604 509 954 562; x_wconf 65' lang='lat' dir='ltr'>caremonia</span> <span class='ocrx_word' id='word_1_21' title='bbox 987 508 1298 578; x_wconf 89' lang='lat' dir='ltr'>perfectiva</span> <span class='ocrx_word' id='word_1_22' title='bbox 1320 516 1376 563; x_wconf 91' lang='lat' dir='ltr'>et</span> <span class='ocrx_word' id='word_1_23' title='bbox 1411 511 1680 580; x_wconf 79' lang='lat' dir='ltr'>ejusdem</span> <span class='ocrx_word' id='word_1_24' title='bbox 1716 525 2026 565; x_wconf 78' lang='lat' dir='ltr'>consecra-</span> 
     </span>
    </p>
   </div>
   <div class='ocr_carea' id='block_1_6' title="bbox 369 578 2027 652">
    <p class='ocr_par' dir='ltr' id='par_1_6' title="bbox 369 578 2027 652">
     <span class='ocr_line' id='line_1_6' title="bbox 369 578 2027 652; baseline 0.003 -21"><span class='ocrx_word' id='word_1_25' title='bbox 369 578 476 652; x_wconf 84' lang='lat' dir='ltr'>tio.</span> <span class='ocrx_word' id='word_1_26' title='bbox 511 580 866 652; x_wconf 70' lang='lat' dir='ltr'>Quaa_ve_rba</span> <span class='ocrx_word' id='word_1_27' title='bbox 921 581 1120 652; x_wconf 86' lang='lat' dir='ltr'>omnia</span> <span class='ocrx_word' id='word_1_28' title='bbox 1179 580 1414 636; x_wconf 84' lang='lat' dir='ltr'>nonnisi</span> <span class='ocrx_word' id='word_1_29' title='bbox 1443 578 1456 580; x_wconf 70' lang='grc'><strong><em>“</em></strong></span> <span class='ocrx_word' id='word_1_30' title='bbox 1493 583 1564 635; x_wconf 92' lang='lat' dir='ltr'>ad</span> <span class='ocrx_word' id='word_1_31' title='bbox 1627 583 2027 652; x_wconf 83' lang='lat' dir='ltr'>operationem</span> 
     </span>
    </p>
   </div>
   <div class='ocr_carea' id='block_1_7' title="bbox 366 646 2023 720">
    <p class='ocr_par' dir='ltr' id='par_1_7' title="bbox 366 646 2023 720">
     <span class='ocr_line' id='line_1_7' title="bbox 366 646 2023 720; baseline 0.001 -16"><span class='ocrx_word' id='word_1_32' title='bbox 366 650 560 720; x_wconf 84' lang='lat' dir='ltr'>ipsam</span> <span class='ocrx_word' id='word_1_33' title='bbox 591 646 818 716; x_wconf 68' lang='grc' dir='ltr'>τελετῆς</span> <span class='ocrx_word' id='word_1_34' title='bbox 850 651 1032 706; x_wconf 90' lang='lat' dir='ltr'>veluti</span> <span class='ocrx_word' id='word_1_35' title='bbox 1063 667 1242 706; x_wconf 65' lang='lat' dir='ltr'>sacra</span> <span class='ocrx_word' id='word_1_36' title='bbox 1276 653 1631 707; x_wconf 65' lang='lat' dir='ltr'>caeremoniae</span> <span class='ocrx_word' id='word_1_37' title='bbox 1667 646 2023 708; x_wconf 74' lang='lat' dir='ltr'>referuntur.</span> 
     </span>
    </p>
   </div>
   <div class='ocr_carea' id='block_1_8' title="bbox 367 722 2028 795">
    <p class='ocr_par' dir='ltr' id='par_1_8' title="bbox 367 722 2028 795">
     <span class='ocr_line' id='line_1_8' title="bbox 367 722 2028 795; baseline 0 -17"><span class='ocrx_word' id='word_1_38' title='bbox 367 726 442 778; x_wconf 87' lang='lat' dir='ltr'>Ut</span> <span class='ocrx_word' id='word_1_39' title='bbox 462 722 620 776; x_wconf 91' lang='lat' dir='ltr'>enim</span> <span class='ocrx_word' id='word_1_40' title='bbox 655 723 1058 777; x_wconf 81' lang='lat' dir='ltr'>sanctificatur</span> <span class='ocrx_word' id='word_1_41' title='bbox 1088 724 1268 778; x_wconf 85' lang='lat' dir='ltr'>altare</span> <span class='ocrx_word' id='word_1_42' title='bbox 1305 741 1406 795; x_wconf 91' lang='lat' dir='ltr'>per</span> <span class='ocrx_word' id='word_1_43' title='bbox 1459 726 1867 780; x_wconf 75' lang='lat' dir='ltr'>caeremoniam</span> <span class='ocrx_word' id='word_1_44' title='bbox 1919 724 2028 778; x_wconf 81' lang='lat' dir='ltr'>ali-</span> 
     </span>
    </p>
   </div>
   <div class='ocr_carea' id='block_1_9' title="bbox 366 796 2026 864">
    <p class='ocr_par' dir='ltr' id='par_1_9' title="bbox 366 796 2026 864">
     <span class='ocr_line' id='line_1_9' title="bbox 366 796 2026 864; baseline 0.002 -18"><span class='ocrx_word' id='word_1_45' title='bbox 366 809 548 864; x_wconf 89' lang='lat' dir='ltr'>quam</span> <span class='ocrx_word' id='word_1_46' title='bbox 582 810 837 860; x_wconf 79' lang='lat' dir='ltr'>sacram,</span> <span class='ocrx_word' id='word_1_47' title='bbox 875 810 974 864; x_wconf 90' lang='lat' dir='ltr'>per</span> <span class='ocrx_word' id='word_1_48' title='bbox 991 796 1258 850; x_wconf 90' lang='lat' dir='ltr'>eamdem</span> <span class='ocrx_word' id='word_1_49' title='bbox 1278 797 1646 864; x_wconf 77' lang='lat' dir='ltr'>sanctiﬁcat;</span> <span class='ocrx_word' id='word_1_50' title='bbox 1678 797 1761 852; x_wconf 90' lang='lat' dir='ltr'>sic</span> <span class='ocrx_word' id='word_1_51' title='bbox 1779 803 1836 851; x_wconf 88' lang='lat' dir='ltr'>et</span> <span class='ocrx_word' id='word_1_52' title='bbox 1855 797 2026 852; x_wconf 71' lang='lat' dir='ltr'>Chri~</span> 
     </span>
    </p>
   </div>
   <div class='ocr_carea' id='block_1_10' title="bbox 365 866 2028 938">
    <p class='ocr_par' dir='ltr' id='par_1_10' title="bbox 365 866 2028 938">
     <span class='ocr_line' id='line_1_10' title="bbox 365 866 2028 938; baseline 0.002 -20"><span class='ocrx_word' id='word_1_53' title='bbox 365 867 460 918; x_wconf 84' lang='lat' dir='ltr'>sto</span> <span class='ocrx_word' id='word_1_54' title='bbox 508 869 632 918; x_wconf 88' lang='lat' dir='ltr'>tam</span> <span class='ocrx_word' id='word_1_55' title='bbox 690 867 1016 921; x_wconf 88' lang='lat' dir='ltr'>secundum</span> <span class='ocrx_word' id='word_1_56' title='bbox 1065 867 1351 921; x_wconf 87' lang='lat' dir='ltr'>rationem</span> <span class='ocrx_word' id='word_1_57' title='bbox 1418 867 1644 930; x_wconf 82' lang='lat' dir='ltr'>altaris,</span> <span class='ocrx_word' id='word_1_58' title='bbox 1700 884 1874 938; x_wconf 88' lang='lat' dir='ltr'>quam</span> <span class='ocrx_word' id='word_1_59' title='bbox 1929 866 2028 922; x_wconf 87' lang='lat' dir='ltr'>Dei</span> 
     </span>
    </p>
   </div>
   <div class='ocr_carea' id='block_1_11' title="bbox 372 937 2030 1009">
    <p class='ocr_par' dir='ltr' id='par_1_11' title="bbox 372 937 2030 1009">
     <span class='ocr_line' id='line_1_11' title="bbox 372 937 2030 1009; baseline 0.002 -19"><span class='ocrx_word' id='word_1_60' title='bbox 372 940 636 1009; x_wconf 79' lang='lat' dir='ltr'>spectato</span> <span class='ocrx_word' id='word_1_61' title='bbox 658 937 967 992; x_wconf 90' lang='lat' dir='ltr'>convenire</span> <span class='ocrx_word' id='word_1_62' title='bbox 998 938 1098 1006; x_wconf 90' lang='lat' dir='ltr'>ait,</span> <span class='ocrx_word' id='word_1_63' title='bbox 1124 944 1186 992; x_wconf 92' lang='lat' dir='ltr'>ut</span> <span class='ocrx_word' id='word_1_64' title='bbox 1209 944 1454 1009; x_wconf 91' lang='lat' dir='ltr'>utroque</span> <span class='ocrx_word' id='word_1_65' title='bbox 1478 956 1653 994; x_wconf 87' lang='lat' dir='ltr'>sensu</span> <span class='ocrx_word' id='word_1_66' title='bbox 1679 937 2030 995; x_wconf 76' lang='lat' dir='ltr'>caeremonia</span> 
     </span>
    </p>
   </div>
   <div class='ocr_carea' id='block_1_12' title="bbox 376 1007 2026 1082">
    <p class='ocr_par' dir='ltr' id='par_1_12' title="bbox 376 1007 2026 1082">
     <span class='ocr_line' id='line_1_12' title="bbox 376 1007 2026 1082; baseline 0.002 -21"><span class='ocrx_word' id='word_1_67' title='bbox 376 1007 473 1082; x_wconf 74' lang='lat' dir='ltr'>Dei</span> <span class='ocrx_word' id='word_1_68' title='bbox 509 1013 716 1082; x_wconf 82' lang='lat' dir='ltr'>sancta</span> <span class='ocrx_word' id='word_1_69' title='bbox 743 1009 976 1082; x_wconf 84' lang='lat' dir='ltr'>dicatur</span> <span class='ocrx_word' id='word_1_70' title='bbox 1006 1029 1020 1077; x_wconf 89' lang='lat'><strong>;</strong></span> <span class='ocrx_word' id='word_1_71' title='bbox 1055 1012 1174 1064; x_wconf 85' lang='lat' dir='ltr'>sive</span> <span class='ocrx_word' id='word_1_72' title='bbox 1221 1007 1512 1081; x_wconf 77' lang='lat' dir='ltr'>quatenus</span> <span class='ocrx_word' id='word_1_73' title='bbox 1563 1011 1766 1082; x_wconf 80' lang='lat' dir='ltr'>recipit</span> <span class='ocrx_word' id='word_1_74' title='bbox 1816 1012 2026 1065; x_wconf 81' lang='lat' dir='ltr'>sancti-</span> 
     </span>
    </p>
   </div>
   <div class='ocr_carea' id='block_1_13' title="bbox 363 1078 2029 1152">
    <p class='ocr_par' dir='ltr' id='par_1_13' title="bbox 363 1078 2029 1152">
     <span class='ocr_line' id='line_1_13' title="bbox 363 1078 2029 1152; baseline 0.004 -20"><span class='ocrx_word' id='word_1_75' title='bbox 363 1078 700 1152; x_wconf 68' lang='lat' dir='ltr'>ficationem</span> <span class='ocrx_word' id='word_1_76' title='bbox 734 1084 799 1134; x_wconf 91' lang='lat' dir='ltr'>ut</span> <span class='ocrx_word' id='word_1_77' title='bbox 831 1080 1027 1152; x_wconf 91' lang='lat' dir='ltr'>homo,</span> <span class='ocrx_word' id='word_1_78' title='bbox 1049 1083 1182 1152; x_wconf 79' lang='lat' dir='ltr'>sive</span> <span class='ocrx_word' id='word_1_79' title='bbox 1213 1078 1506 1152; x_wconf 76' lang='lat' dir='ltr'>quatenus</span> <span class='ocrx_word' id='word_1_80' title='bbox 1537 1078 1928 1137; x_wconf 43' lang='lat' dir='ltr'>eam—confert</span> <span class='ocrx_word' id='word_1_81' title='bbox 1964 1087 2029 1139; x_wconf 88' lang='lat' dir='ltr'>ut</span> 
     </span>
    </p>
   </div>
   <div class='ocr_carea' id='block_1_14' title="bbox 375 1149 2028 1225">
    <p class='ocr_par' dir='ltr' id='par_1_14' title="bbox 375 1149 2028 1225">
     <span class='ocr_line' id='line_1_14' title="bbox 375 1149 2028 1225; baseline 0.003 -21"><span class='ocrx_word' id='word_1_82' title='bbox 375 1149 571 1225; x_wconf 77' lang='lat' dir='ltr'>Deus:</span> <span class='ocrx_word' id='word_1_83' title='bbox 609 1166 798 1221; x_wconf 88' lang='lat' dir='ltr'>neque</span> <span class='ocrx_word' id='word_1_84' title='bbox 846 1151 965 1205; x_wconf 84' lang='lat' dir='ltr'>illic</span> <span class='ocrx_word' id='word_1_85' title='bbox 986 1149 1336 1221; x_wconf 72' lang='grc' dir='ltr'>τελετή,ῐ]ἱεί</span> <span class='ocrx_word' id='word_1_86' title='bbox 1402 1169 1506 1225; x_wconf 90' lang='lat' dir='ltr'>pro</span> <span class='ocrx_word' id='word_1_87' title='bbox 1547 1154 1802 1225; x_wconf 87' lang='lat' dir='ltr'>quodam</span> <span class='ocrx_word' id='word_1_88' title='bbox 1850 1171 2028 1209; x_wconf 66' lang='grc' dir='ltr'>ϐίω-θ-</span> 
     </span>
    </p>
   </div>
   <div class='ocr_carea' id='block_1_15' title="bbox 367 1223 2028 1298">
    <p class='ocr_par' dir='ltr' id='par_1_15' title="bbox 367 1223 2028 1298">
     <span class='ocr_line' id='line_1_15' title="bbox 367 1223 2028 1298; baseline 0.002 -22"><span class='ocrx_word' id='word_1_89' title='bbox 367 1223 583 1298; x_wconf 72' lang='lat' dir='ltr'>monia:</span> <span class='ocrx_word' id='word_1_90' title='bbox 616 1239 793 1298; x_wconf 69' lang='lat' dir='ltr'>sacrae</span> <span class='ocrx_word' id='word_1_91' title='bbox 826 1239 1038 1294; x_wconf 83' lang='lat' dir='ltr'>genere</span> <span class='ocrx_word' id='word_1_92' title='bbox 1070 1223 1856 1298; x_wconf 35' lang='lat' dir='ltr'>usurpaturjquo&#39;Christus</span> <span class='ocrx_word' id='word_1_93' title='bbox 1903 1243 2028 1298; x_wconf 87' lang='lat' dir='ltr'>per-</span> 
     </span>
    </p>
   </div>
   <div class='ocr_carea' id='block_1_16' title="bbox 370 1293 2026 1367">
    <p class='ocr_par' dir='ltr' id='par_1_16' title="bbox 370 1293 2026 1367">
     <span class='ocr_line' id='line_1_16' title="bbox 370 1293 2026 1367; baseline 0.004 -21"><span class='ocrx_word' id='word_1_94' title='bbox 370 1293 603 1367; x_wconf 81' lang='lat' dir='ltr'>ﬁciatur</span> <span class='ocrx_word' id='word_1_95' title='bbox 635 1301 698 1348; x_wconf 91' lang='lat' dir='ltr'>ut</span> <span class='ocrx_word' id='word_1_96' title='bbox 746 1293 941 1358; x_wconf 83' lang='lat' dir='ltr'>homo,</span> <span class='ocrx_word' id='word_1_97' title='bbox 992 1306 1045 1350; x_wconf 91' lang='lat' dir='ltr'>et</span> <span class='ocrx_word' id='word_1_98' title='bbox 1096 1293 1483 1352; x_wconf 44' lang='lat' dir='ltr'>nos—vicissin</span> <span class='ocrx_word' id='word_1_99' title='bbox 1534 1302 1812 1367; x_wconf 81' lang='lat' dir='ltr'>tanquam</span> <span class='ocrx_word' id='word_1_100' title='bbox 1852 1293 2026 1363; x_wconf 83' lang='lat' dir='ltr'>Deus,</span> 
     </span>
    </p>
   </div>
   <div class='ocr_carea' id='block_1_17' title="bbox 367 1366 2025 1440">
    <p class='ocr_par' dir='ltr' id='par_1_17' title="bbox 367 1366 2025 1440">
     <span class='ocr_line' id='line_1_17' title="bbox 367 1366 2025 1440; baseline 0.003 -21"><span class='ocrx_word' id='word_1_101' title='bbox 367 1366 625 1435; x_wconf 88' lang='lat' dir='ltr'>quadam</span> <span class='ocrx_word' id='word_1_102' title='bbox 660 1367 1300 1423; x_wconf 87' lang='lat' dir='ltr'>suicommunicatione</span> <span class='ocrx_word' id='word_1_103' title='bbox 1320 1368 1615 1440; x_wconf 80' lang='lat' dir='ltr'>perficiat:</span> <span class='ocrx_word' id='word_1_104' title='bbox 1652 1366 1880 1424; x_wconf 76' lang='lat' dir='ltr'>Scilicet</span> <span class='ocrx_word' id='word_1_105' title='bbox 1899 1384 2025 1424; x_wconf 79' lang='lat' dir='ltr'>eam</span> 
     </span>
    </p>
   </div>
   <div class='ocr_carea' id='block_1_18' title="bbox 2144 509 3795 581">
    <p class='ocr_par' dir='ltr' id='par_1_18' title="bbox 2144 509 3795 581">
     <span class='ocr_line' id='line_1_18' title="bbox 2144 509 3795 581; baseline 0.003 -18"><span class='ocrx_word' id='word_1_106' title='bbox 2144 526 2320 579; x_wconf 79' lang='lat' dir='ltr'>quam</span> <span class='ocrx_word' id='word_1_107' title='bbox 2346 509 2514 564; x_wconf 91' lang='lat' dir='ltr'>nobis</span> <span class='ocrx_word' id='word_1_108' title='bbox 2546 511 2792 579; x_wconf 83' lang='lat' dir='ltr'>confert,</span> <span class='ocrx_word' id='word_1_109' title='bbox 2819 516 2994 581; x_wconf 84' lang='lat' dir='ltr'>atque</span> <span class='ocrx_word' id='word_1_110' title='bbox 3023 512 3424 565; x_wconf 87' lang='lat' dir='ltr'>communicat</span> <span class='ocrx_word' id='word_1_111' title='bbox 3446 516 3510 564; x_wconf 89' lang='lat' dir='ltr'>ut</span> <span class='ocrx_word' id='word_1_112' title='bbox 3536 512 3707 579; x_wconf 88' lang='lat' dir='ltr'>Deus,</span> <span class='ocrx_word' id='word_1_113' title='bbox 3734 513 3795 567; x_wconf 89' lang='lat' dir='ltr'>id</span> 
     </span>
    </p>
   </div>
   <div class='ocr_carea' id='block_1_19' title="bbox 2138 580 3797 656">
    <p class='ocr_par' dir='ltr' id='par_1_19' title="bbox 2138 580 3797 656">
     <span class='ocr_line' id='line_1_19' title="bbox 2138 580 3797 656; baseline 0.003 -21"><span class='ocrx_word' id='word_1_114' title='bbox 2138 585 2228 635; x_wconf 88' lang='lat' dir='ltr'>est</span> <span class='ocrx_word' id='word_1_115' title='bbox 2259 597 2433 656; x_wconf 79' lang='lat' dir='ltr'>quam</span> <span class='ocrx_word' id='word_1_116' title='bbox 2465 581 2525 635; x_wconf 92' lang='lat' dir='ltr'>in</span> <span class='ocrx_word' id='word_1_117' title='bbox 2549 598 2658 636; x_wconf 88' lang='lat' dir='ltr'>sua</span> <span class='ocrx_word' id='word_1_118' title='bbox 2687 580 2864 636; x_wconf 84' lang='lat' dir='ltr'>simul</span> <span class='ocrx_word' id='word_1_119' title='bbox 2895 580 2951 636; x_wconf 84' lang='lat' dir='ltr'>et</span> <span class='ocrx_word' id='word_1_120' title='bbox 2975 587 3173 656; x_wconf 83' lang='lat' dir='ltr'>nostra</span> <span class='ocrx_word' id='word_1_121' title='bbox 3203 581 3570 656; x_wconf 81' lang='lat' dir='ltr'>humanitate</span> <span class='ocrx_word' id='word_1_122' title='bbox 3593 600 3797 656; x_wconf 87' lang='lat' dir='ltr'>opera-</span> 
     </span>
    </p>
   </div>
   <div class='ocr_carea' id='block_1_20' title="bbox 2139 653 3791 724">
    <p class='ocr_par' dir='ltr' id='par_1_20' title="bbox 2139 653 3791 724">
     <span class='ocr_line' id='line_1_20' title="bbox 2139 653 3791 724; baseline 0.004 -18"><span class='ocrx_word' id='word_1_123' title='bbox 2139 657 2254 720; x_wconf 93' lang='lat' dir='ltr'>tur,</span> <span class='ocrx_word' id='word_1_124' title='bbox 2279 653 2479 723; x_wconf 87' lang='lat' dir='ltr'>utique</span> <span class='ocrx_word' id='word_1_125' title='bbox 2500 658 2779 724; x_wconf 88' lang='lat' dir='ltr'>tanquam</span> <span class='ocrx_word' id='word_1_126' title='bbox 2794 653 3202 708; x_wconf 65' lang='lat' dir='ltr'>casremoniam</span> <span class='ocrx_word' id='word_1_127' title='bbox 3221 654 3538 724; x_wconf 86' lang='lat' dir='ltr'>quamdam</span> <span class='ocrx_word' id='word_1_128' title='bbox 3562 653 3791 712; x_wconf 80' lang='lat' dir='ltr'>sacram</span> 
     </span>
    </p>
   </div>
   <div class='ocr_carea' id='block_1_21' title="bbox 2140 725 3796 798">
    <p class='ocr_par' dir='ltr' id='par_1_21' title="bbox 2140 725 3796 798">
     <span class='ocr_line' id='line_1_21' title="bbox 2140 725 3796 798; baseline 0.002 -19"><span class='ocrx_word' id='word_1_129' title='bbox 2140 729 2364 798; x_wconf 50' lang='lat' dir='ltr'>spectat.</span> <span class='ocrx_word' id='word_1_130' title='bbox 2394 725 3153 798; x_wconf 9' lang='lat' dir='ltr'>etqcontemplatursanctus</span> <span class='ocrx_word' id='word_1_131' title='bbox 3169 731 3366 780; x_wconf 90' lang='lat' dir='ltr'>noster</span> <span class='ocrx_word' id='word_1_132' title='bbox 3383 767 3396 791; x_wconf 91' lang='lat'>,</span> <span class='ocrx_word' id='word_1_133' title='bbox 3413 743 3528 798; x_wconf 87' lang='lat' dir='ltr'>non</span> <span class='ocrx_word' id='word_1_134' title='bbox 3561 728 3796 798; x_wconf 89' lang='lat' dir='ltr'>proprie</span> 
     </span>
    </p>
   </div>
   <div class='ocr_carea' id='block_1_22' title="bbox 2139 796 3794 867">
    <p class='ocr_par' dir='ltr' id='par_1_22' title="bbox 2139 796 3794 867">
     <span class='ocr_line' id='line_1_22' title="bbox 2139 796 3794 867; baseline 0.002 -17"><span class='ocrx_word' id='word_1_135' title='bbox 2139 797 2378 866; x_wconf 86' lang='lat' dir='ltr'>quidem</span> <span class='ocrx_word' id='word_1_136' title='bbox 2413 796 2653 862; x_wconf 80' lang='lat' dir='ltr'>dictam,</span> <span class='ocrx_word' id='word_1_137' title='bbox 2688 798 2788 851; x_wconf 89' lang='lat' dir='ltr'>sed</span> <span class='ocrx_word' id='word_1_138' title='bbox 2822 813 2890 851; x_wconf 92' lang='lat' dir='ltr'>ea</span> <span class='ocrx_word' id='word_1_139' title='bbox 2914 797 3158 866; x_wconf 86' lang='lat' dir='ltr'>ratione,</span> <span class='ocrx_word' id='word_1_140' title='bbox 3210 813 3328 867; x_wconf 88' lang='lat' dir='ltr'>qua</span> <span class='ocrx_word' id='word_1_141' title='bbox 3371 796 3687 853; x_wconf 76' lang='lat' dir='ltr'>Christum</span> <span class='ocrx_word' id='word_1_142' title='bbox 3727 803 3794 854; x_wconf 88' lang='lat' dir='ltr'>ut</span> 
     </span>
    </p>
   </div>
   <div class='ocr_carea' id='block_1_23' title="bbox 2139 867 3796 939">
    <p class='ocr_par' dir='ltr' id='par_1_23' title="bbox 2139 867 3796 939">
     <span class='ocr_line' id='line_1_23' title="bbox 2139 867 3796 939; baseline 0.003 -18"><span class='ocrx_word' id='word_1_143' title='bbox 2139 867 2340 933; x_wconf 89' lang='lat' dir='ltr'>altare,</span> <span class='ocrx_word' id='word_1_144' title='bbox 2376 884 2480 922; x_wconf 87' lang='lat' dir='ltr'>nos</span> <span class='ocrx_word' id='word_1_145' title='bbox 2509 884 2645 939; x_wconf 75' lang='lat' dir='ltr'>vero</span> <span class='ocrx_word' id='word_1_146' title='bbox 2680 873 2742 922; x_wconf 85' lang='lat' dir='ltr'>ut</span> <span class='ocrx_word' id='word_1_147' title='bbox 2771 870 3040 923; x_wconf 80' lang='lat' dir='ltr'>victimas</span> <span class='ocrx_word' id='word_1_148' title='bbox 3062 868 3279 922; x_wconf 87' lang='lat' dir='ltr'>intulit.</span> <span class='ocrx_word' id='word_1_149' title='bbox 3306 873 3385 924; x_wconf 81' lang='lat' dir='ltr'>Ac</span> <span class='ocrx_word' id='word_1_150' title='bbox 3420 870 3662 939; x_wconf 86' lang='lat' dir='ltr'>proinde</span> <span class='ocrx_word' id='word_1_151' title='bbox 3703 887 3796 926; x_wconf 85' lang='lat' dir='ltr'>vo-</span> 
     </span>
    </p>
   </div>
   <div class='ocr_carea' id='block_1_24' title="bbox 2139 936 3794 1012">
    <p class='ocr_par' dir='ltr' id='par_1_24' title="bbox 2139 936 3794 1012">
     <span class='ocr_line' id='line_1_24' title="bbox 2139 936 3794 1012; baseline 0.004 -20"><span class='ocrx_word' id='word_1_152' title='bbox 2139 941 2416 1012; x_wconf 82' lang='lat' dir='ltr'>cabulum</span> <span class='ocrx_word' id='word_1_153' title='bbox 2446 936 2666 1012; x_wconf 70' lang='grc' dir='ltr'>τελετή,</span> <span class='ocrx_word' id='word_1_154' title='bbox 2700 939 3043 1006; x_wconf 86' lang='lat' dir='ltr'>neutiquam</span> <span class='ocrx_word' id='word_1_155' title='bbox 3073 939 3193 994; x_wconf 92' lang='lat' dir='ltr'>illic</span> <span class='ocrx_word' id='word_1_156' title='bbox 3219 941 3290 994; x_wconf 85' lang='lat' dir='ltr'>ad</span> <span class='ocrx_word' id='word_1_157' title='bbox 3336 936 3794 1012; x_wconf 78' lang='lat' dir='ltr'>significandam</span> 
     </span>
    </p>
   </div>
   <div class='ocr_carea' id='block_1_25' title="bbox 2137 1010 3793 1086">
    <p class='ocr_par' dir='ltr' id='par_1_25' title="bbox 2137 1010 3793 1086">
     <span class='ocr_line' id='line_1_25' title="bbox 2137 1010 3793 1086; baseline 0.003 -21"><span class='ocrx_word' id='word_1_158' title='bbox 2137 1010 2576 1086; x_wconf 67' lang='lat' dir='ltr'>perfectionem,</span> <span class='ocrx_word' id='word_1_159' title='bbox 2610 1011 3013 1086; x_wconf 27' lang='lat' dir='ltr'>sive‘passive,</span> <span class='ocrx_word' id='word_1_160' title='bbox 3066 1012 3186 1066; x_wconf 90' lang='lat' dir='ltr'>sive</span> <span class='ocrx_word' id='word_1_161' title='bbox 3212 1010 3422 1086; x_wconf 27' lang='lat' dir='ltr'>Aactivé</span> <span class='ocrx_word' id='word_1_162' title='bbox 3473 1019 3793 1086; x_wconf 84' lang='lat' dir='ltr'>sumptam,</span> 
     </span>
    </p>
   </div>
   <div class='ocr_carea' id='block_1_26' title="bbox 2140 1082 3795 1157">
    <p class='ocr_par' dir='ltr' id='par_1_26' title="bbox 2140 1082 3795 1157">
     <span class='ocr_line' id='line_1_26' title="bbox 2140 1082 3795 1157; baseline 0.003 -21"><span class='ocrx_word' id='word_1_163' title='bbox 2140 1088 2492 1157; x_wconf 79' lang='lat' dir='ltr'>usurpatum</span> <span class='ocrx_word' id='word_1_164' title='bbox 2517 1083 2633 1137; x_wconf 92' lang='lat' dir='ltr'>dici</span> <span class='ocrx_word' id='word_1_165' title='bbox 2668 1083 2862 1151; x_wconf 86' lang='lat' dir='ltr'>debet,</span> <span class='ocrx_word' id='word_1_166' title='bbox 2896 1092 2957 1157; x_wconf 85' lang='lat' dir='ltr'>ut</span> <span class='ocrx_word' id='word_1_167' title='bbox 2979 1083 3283 1157; x_wconf 83' lang='lat' dir='ltr'>contendit</span> <span class='ocrx_word' id='word_1_168' title='bbox 3314 1082 3624 1140; x_wconf 62' lang='lat' dir='ltr'>haereticus</span> <span class='ocrx_word' id='word_1_169' title='bbox 3654 1103 3667 1140; x_wconf 92' lang='lat'>:</span> <span class='ocrx_word' id='word_1_170' title='bbox 3693 1082 3795 1157; x_wconf 87' lang='lat' dir='ltr'>qui</span> 
     </span>
    </p>
   </div>
   <div class='ocr_carea' id='block_1_27' title="bbox 2142 1154 3795 1227">
    <p class='ocr_par' dir='ltr' id='par_1_27' title="bbox 2142 1154 3795 1227">
     <span class='ocr_line' id='line_1_27' title="bbox 2142 1154 3795 1227; baseline 0.003 -19"><span class='ocrx_word' id='word_1_171' title='bbox 2142 1154 2403 1226; x_wconf 86' lang='lat' dir='ltr'>profecto</span> <span class='ocrx_word' id='word_1_172' title='bbox 2457 1171 2572 1208; x_wconf 90' lang='lat' dir='ltr'>non</span> <span class='ocrx_word' id='word_1_173' title='bbox 2605 1159 2744 1227; x_wconf 88' lang='lat' dir='ltr'>tam</span> <span class='ocrx_word' id='word_1_174' title='bbox 2792 1155 3002 1208; x_wconf 87' lang='lat' dir='ltr'>acriter</span> <span class='ocrx_word' id='word_1_175' title='bbox 3040 1156 3110 1209; x_wconf 87' lang='lat' dir='ltr'>ad</span> <span class='ocrx_word' id='word_1_176' title='bbox 3171 1156 3580 1227; x_wconf 85' lang='lat' dir='ltr'>abrogandum</span> <span class='ocrx_word' id='word_1_177' title='bbox 3639 1154 3795 1213; x_wconf 47' lang='lat' dir='ltr'>hu‘ne</span> 
     </span>
    </p>
   </div>
   <div class='ocr_carea' id='block_1_28' title="bbox 2140 1226 3796 1298">
    <p class='ocr_par' dir='ltr' id='par_1_28' title="bbox 2140 1226 3796 1298">
     <span class='ocr_line' id='line_1_28' title="bbox 2140 1226 3796 1298; baseline 0.002 -18"><span class='ocrx_word' id='word_1_178' title='bbox 2140 1232 2342 1298; x_wconf 88' lang='lat' dir='ltr'>sancto</span> <span class='ocrx_word' id='word_1_179' title='bbox 2380 1226 2651 1296; x_wconf 86' lang='lat' dir='ltr'>Dionysio</span> <span class='ocrx_word' id='word_1_180' title='bbox 2684 1227 3041 1298; x_wconf 68' lang='lat' dir='ltr'>Areopagitae</span> <span class='ocrx_word' id='word_1_181' title='bbox 3073 1227 3308 1288; x_wconf 86' lang='lat' dir='ltr'>librum.</span> <span class='ocrx_word' id='word_1_182' title='bbox 3329 1226 3441 1282; x_wconf 89' lang='lat' dir='ltr'>nec</span> <span class='ocrx_word' id='word_1_183' title='bbox 3471 1232 3635 1283; x_wconf 87' lang='lat' dir='ltr'>tanta</span> <span class='ocrx_word' id='word_1_184' title='bbox 3663 1245 3796 1285; x_wconf 91' lang='lat' dir='ltr'>con-</span> 
     </span>
    </p>
   </div>
   <div class='ocr_carea' id='block_1_29' title="bbox 2137 1297 3795 1374">
    <p class='ocr_par' dir='ltr' id='par_1_29' title="bbox 2137 1297 3795 1374">
     <span class='ocr_line' id='line_1_29' title="bbox 2137 1297 3795 1374; baseline 0.002 -22"><span class='ocrx_word' id='word_1_185' title='bbox 2137 1297 2396 1374; x_wconf 82' lang='lat' dir='ltr'>tentione</span> <span class='ocrx_word' id='word_1_186' title='bbox 2429 1315 2494 1352; x_wconf 90' lang='lat' dir='ltr'>ac</span> <span class='ocrx_word' id='word_1_187' title='bbox 2512 1298 2877 1374; x_wconf 78' lang='lat' dir='ltr'>pertinancia</span> <span class='ocrx_word' id='word_1_188' title='bbox 2909 1299 3287 1374; x_wconf 70' lang='lat' dir='ltr'>depugnaret,</span> <span class='ocrx_word' id='word_1_189' title='bbox 3312 1300 3586 1372; x_wconf 90' lang='lat' dir='ltr'>utreipsa</span> <span class='ocrx_word' id='word_1_190' title='bbox 3617 1301 3795 1374; x_wconf 86' lang='lat' dir='ltr'>depu-</span> 
     </span>
    </p>
   </div>
   <div class='ocr_carea' id='block_1_30' title="bbox 2137 1369 3441 1441">
    <p class='ocr_par' dir='ltr' id='par_1_30' title="bbox 2137 1369 3441 1441">
     <span class='ocr_line' id='line_1_30' title="bbox 2137 1369 3441 1441; baseline 0.001 -17"><span class='ocrx_word' id='word_1_191' title='bbox 2137 1374 2302 1441; x_wconf 86' lang='lat' dir='ltr'>gnat,</span> <span class='ocrx_word' id='word_1_192' title='bbox 2337 1370 2388 1424; x_wconf 90' lang='lat' dir='ltr'>si</span> <span class='ocrx_word' id='word_1_193' title='bbox 2411 1369 2871 1424; x_wconf 80' lang='lat' dir='ltr'>consentientem</span> <span class='ocrx_word' id='word_1_194' title='bbox 2906 1370 3015 1425; x_wconf 79' lang='lat' dir='ltr'>sibi</span> <span class='ocrx_word' id='word_1_195' title='bbox 3045 1375 3102 1425; x_wconf 90' lang='lat' dir='ltr'>et</span> <span class='ocrx_word' id='word_1_196' title='bbox 3133 1372 3441 1425; x_wconf 85' lang='lat' dir='ltr'>faventem.</span> 
     </span>
    </p>
   </div>
   <div class='ocr_carea' id='block_1_31' title="bbox 438 1491 3789 1570">
    <p class='ocr_par' dir='ltr' id='par_1_31' title="bbox 438 1491 3789 1570">
     <span class='ocr_line' id='line_1_31' title="bbox 438 1491 3789 1570; baseline 0.003 -25"><span class='ocrx_word' id='word_1_197' title='bbox 438 1491 685 1570; x_wconf 55' lang='lat' dir='ltr'>(Amicus</span> <span class='ocrx_word' id='word_1_198' title='bbox 711 1494 936 1570; x_wconf 83' lang='lat' dir='ltr'>ille_qui</span> <span class='ocrx_word' id='word_1_199' title='bbox 957 1511 986 1548; x_wconf 88' lang='lat' dir='ltr'>e</span> <span class='ocrx_word' id='word_1_200' title='bbox 1018 1494 1228 1570; x_wconf 68' lang='lat' dir='ltr'>Gallico</span> <span class='ocrx_word' id='word_1_201' title='bbox 1253 1495 1516 1570; x_wconf 77' lang='lat' dir='ltr'>idiomate</span> <span class='ocrx_word' id='word_1_202' title='bbox 1549 1497 1610 1549; x_wconf 76' lang='lat' dir='ltr'>in</span> <span class='ocrx_word' id='word_1_203' title='bbox 1644 1496 1933 1570; x_wconf 83' lang='lat' dir='ltr'>_Latinum</span> <span class='ocrx_word' id='word_1_204' title='bbox 1974 1498 2308 1570; x_wconf 79' lang='lat' dir='ltr'>transtulit,</span> <span class='ocrx_word' id='word_1_205' title='bbox 2361 1507 2609 1570; x_wconf 78' lang='lat' dir='ltr'>vocatur</span> <span class='ocrx_word' id='word_1_206' title='bbox 2645 1496 2976 1570; x_wconf 74' lang='lat' dir='ltr'>reverendus</span> <span class='ocrx_word' id='word_1_207' title='bbox 3004 1569 3007 1570; x_wconf 15' lang='grc' dir='ltr'><em>ν</em></span> <span class='ocrx_word' id='word_1_208' title='bbox 3032 1502 3194 1552; x_wconf 74' lang='lat' dir='ltr'>Pater</span> <span class='ocrx_word' id='word_1_209' title='bbox 3249 1499 3491 1553; x_wconf 81' lang='lat' dir='ltr'>Joannes</span> <span class='ocrx_word' id='word_1_210' title='bbox 3549 1500 3789 1570; x_wconf 83' lang='lat' dir='ltr'>Nicolai,</span> 
     </span>
    </p>
   </div>
   <div class='ocr_carea' id='block_1_32' title="bbox 369 1563 3794 1640">
    <p class='ocr_par' dir='ltr' id='par_1_32' title="bbox 369 1563 3794 1640">
     <span class='ocr_line' id='line_1_32' title="bbox 369 1563 3794 1640; baseline 0.003 -23"><span class='ocrx_word' id='word_1_211' title='bbox 369 1565 520 1640; x_wconf 77' lang='lat' dir='ltr'>sacri</span> <span class='ocrx_word' id='word_1_212' title='bbox 563 1563 776 1640; x_wconf 69' lang='lat' dir='ltr'>ordinis</span> <span class='ocrx_word' id='word_1_213' title='bbox 803 1563 1063 1640; x_wconf 72' lang='lat' dir='ltr'>Fratrum</span> <span class='ocrx_word' id='word_1_214' title='bbox 1097 1569 1563 1640; x_wconf 66' lang='lat' dir='ltr'>Pacedicatorum,</span> <span class='ocrx_word' id='word_1_215' title='bbox 1622 1567 1812 1622; x_wconf 84' lang='lat' dir='ltr'>doctor</span> <span class='ocrx_word' id='word_1_216' title='bbox 1843 1568 2120 1640; x_wconf 67' lang='lat' dir='ltr'>theologus</span> <span class='ocrx_word' id='word_1_217' title='bbox 2148 1569 2450 1638; x_wconf 81' lang='lat' dir='ltr'>facultatis</span> <span class='ocrx_word' id='word_1_218' title='bbox 2475 1569 2812 1623; x_wconf 72' lang='lat' dir='ltr'>Parisiensis</span> <span class='ocrx_word' id='word_1_219' title='bbox 2850 1585 2863 1636; x_wconf 90' lang='lat'><strong>;</strong></span> <span class='ocrx_word' id='word_1_220' title='bbox 2920 1569 3076 1637; x_wconf 78' lang='lat' dir='ltr'>cuius</span> <span class='ocrx_word' id='word_1_221' title='bbox 3126 1586 3321 1625; x_wconf 82' lang='lat' dir='ltr'>nomen</span> <span class='ocrx_word' id='word_1_222' title='bbox 3347 1578 3408 1624; x_wconf 86' lang='lat' dir='ltr'>ut</span> <span class='ocrx_word' id='word_1_223' title='bbox 3462 1570 3640 1625; x_wconf 84' lang='lat' dir='ltr'>omnis</span> <span class='ocrx_word' id='word_1_224' title='bbox 3695 1563 3794 1626; x_wconf 55' lang='lat' dir='ltr'>do;</span> 
     </span>
    </p>
   </div>
   <div class='ocr_carea' id='block_1_33' title="bbox 363 1636 3882 1711">
    <p class='ocr_par' dir='ltr' id='par_1_33' title="bbox 363 1636 3882 1711">
     <span class='ocr_line' id='line_1_33' title="bbox 363 1636 3882 1711; baseline 0.002 -23"><span class='ocrx_word' id='word_1_225' title='bbox 363 1636 578 1691; x_wconf 73' lang='lat' dir='ltr'>ctrinae</span> <span class='ocrx_word' id='word_1_226' title='bbox 605 1638 753 1706; x_wconf 85' lang='lat' dir='ltr'>fama</span> <span class='ocrx_word' id='word_1_227' title='bbox 778 1637 988 1692; x_wconf 85' lang='lat' dir='ltr'>celebre</span> <span class='ocrx_word' id='word_1_228' title='bbox 1015 1644 1113 1702; x_wconf 86' lang='lat' dir='ltr'>est,</span> <span class='ocrx_word' id='word_1_229' title='bbox 1147 1637 1229 1692; x_wconf 82' lang='lat' dir='ltr'>ita</span> <span class='ocrx_word' id='word_1_230' title='bbox 1258 1644 1424 1694; x_wconf 81' lang='lat' dir='ltr'>ethoc</span> <span class='ocrx_word' id='word_1_231' title='bbox 1445 1655 1579 1710; x_wconf 77' lang='lat' dir='ltr'>opus</span> <span class='ocrx_word' id='word_1_232' title='bbox 1609 1655 1720 1694; x_wconf 85' lang='lat' dir='ltr'>non</span> <span class='ocrx_word' id='word_1_233' title='bbox 1750 1636 2106 1696; x_wconf 64' lang='lat' dir='ltr'>mediocriter</span> <span class='ocrx_word' id='word_1_234' title='bbox 2135 1636 2489 1711; x_wconf 73' lang='lat' dir='ltr'>illustrabit.)</span> <span class='ocrx_word' id='word_1_235' title='bbox 2992 1636 2995 1637; x_wconf 48' lang='grc'><strong><em>⁷</em></strong></span> <span class='ocrx_word' id='word_1_236' title='bbox 3879 1649 3882 1652; x_wconf 81' lang='grc'><strong>’</strong></span> 
     </span>
    </p>
   </div>
   <div class='ocr_carea' id='block_1_34' title="bbox 545 1947 3616 2117">
    <p class='ocr_par' dir='ltr' id='par_1_34' title="bbox 545 1947 3616 2117">
     <span class='ocr_line' id='line_1_34' title="bbox 545 1947 3616 2117; baseline 0.003 -9"><span class='ocrx_word' id='word_1_237' title='bbox 545 1947 736 2108; x_wconf 79' lang='grc' dir='ltr'><strong>Β.</strong></span> <span class='ocrx_word' id='word_1_238' title='bbox 832 1949 1006 2110; x_wconf 86' lang='grc' dir='ltr'>Ρ.</span> <span class='ocrx_word' id='word_1_239' title='bbox 1103 1949 2149 2114; x_wconf 80' lang='lat' dir='ltr'>BERNARDI</span> <span class='ocrx_word' id='word_1_240' title='bbox 2223 1952 2434 2114; x_wconf 90' lang='lat' dir='ltr'>M.</span> <span class='ocrx_word' id='word_1_241' title='bbox 2528 1953 2791 2114; x_wconf 91' lang='lat' dir='ltr'><strong>DE</strong></span> <span class='ocrx_word' id='word_1_242' title='bbox 2876 1953 3616 2117; x_wconf 80' lang='lat' dir='ltr'>RUBEIS</span> 
     </span>
    </p>
   </div>
   <div class='ocr_carea' id='block_1_35' title="bbox 1341 2220 2837 2310">
    <p class='ocr_par' dir='ltr' id='par_1_35' title="bbox 1341 2220 2837 2310">
     <span class='ocr_line' id='line_1_35' title="bbox 1341 2220 2837 2310; baseline 0.003 -4"><span class='ocrx_word' id='word_1_243' title='bbox 1341 2220 1816 2306; x_wconf 75' lang='lat' dir='ltr'>OliDINIS</span> <span class='ocrx_word' id='word_1_244' title='bbox 1887 2222 2837 2310; x_wconf 63' lang='lat' dir='ltr'>PliﬁiDICATORUM</span> 
     </span>
    </p>
   </div>
   <div class='ocr_carea' id='block_1_36' title="bbox 368 2355 3779 2472">
    <p class='ocr_par' dir='ltr' id='par_1_36' title="bbox 368 2355 3779 2472">
     <span class='ocr_line' id='line_1_36' title="bbox 368 2355 3779 2472; baseline 0.003 -21"><span class='ocrx_word' id='word_1_245' title='bbox 368 2394 458 2451; x_wconf 91' lang='lat' dir='ltr'>De</span> <span class='ocrx_word' id='word_1_246' title='bbox 516 2383 837 2472; x_wconf 81' lang='lat' dir='ltr'>operibus,</span> <span class='ocrx_word' id='word_1_247' title='bbox 902 2409 1049 2472; x_wconf 80' lang='lat' dir='ltr'>quae</span> <span class='ocrx_word' id='word_1_248' title='bbox 1096 2391 1288 2472; x_wconf 84' lang='lat' dir='ltr'>vulgo</span> <span class='ocrx_word' id='word_1_249' title='bbox 1328 2470 1336 2472; x_wconf 8' lang='grc' dir='ltr'><em>ᾗ</em></span> <span class='ocrx_word' id='word_1_250' title='bbox 1372 2355 1818 2470; x_wconf 77' lang='lat' dir='ltr'>Areopagitica</span> <span class='ocrx_word' id='word_1_251' title='bbox 1871 2393 2209 2454; x_wconf 88' lang='lat' dir='ltr'>dicuntur:</span> <span class='ocrx_word' id='word_1_252' title='bbox 2299 2394 2502 2472; x_wconf 89' lang='lat' dir='ltr'>deque</span> <span class='ocrx_word' id='word_1_253' title='bbox 2557 2399 2834 2467; x_wconf 88' lang='lat' dir='ltr'>auctore,</span> <span class='ocrx_word' id='word_1_254' title='bbox 2897 2392 3156 2472; x_wconf 85' lang='lat' dir='ltr'>ejusque</span> <span class='ocrx_word' id='word_1_255' title='bbox 3214 2394 3356 2468; x_wconf 86' lang='lat' dir='ltr'>fide,</span> <span class='ocrx_word' id='word_1_256' title='bbox 3423 2415 3503 2456; x_wconf 90' lang='lat' dir='ltr'>an</span> <span class='ocrx_word' id='word_1_257' title='bbox 3558 2398 3779 2460; x_wconf 90' lang='lat' dir='ltr'>ortho-</span> 
     </span>
    </p>
   </div>
   <div class='ocr_carea' id='block_1_37' title="bbox 530 2468 3406 2554">
    <p class='ocr_par' dir='ltr' id='par_1_37' title="bbox 530 2468 3406 2554">
     <span class='ocr_line' id='line_1_37' title="bbox 530 2468 3406 2554; baseline 0.003 -26"><span class='ocrx_word' id='word_1_258' title='bbox 530 2470 730 2530; x_wconf 86' lang='lat' dir='ltr'>doxus</span> <span class='ocrx_word' id='word_1_259' title='bbox 762 2468 968 2544; x_wconf 87' lang='lat' dir='ltr'>fuerit,</span> <span class='ocrx_word' id='word_1_260' title='bbox 1008 2488 1090 2530; x_wconf 91' lang='lat' dir='ltr'>an</span> <span class='ocrx_word' id='word_1_261' title='bbox 1125 2470 1480 2544; x_wconf 79' lang='lat' dir='ltr'>haereticus,</span> <span class='ocrx_word' id='word_1_262' title='bbox 1515 2468 1612 2534; x_wconf 79' lang='lat' dir='ltr'>vel</span> <span class='ocrx_word' id='word_1_263' title='bbox 1635 2468 2115 2550; x_wconf 60' lang='lat' dir='ltr'>Apollinarista,</span> <span class='ocrx_word' id='word_1_264' title='bbox 2151 2475 2251 2536; x_wconf 87' lang='lat' dir='ltr'>vel</span> <span class='ocrx_word' id='word_1_265' title='bbox 2282 2468 2746 2554; x_wconf 79' lang='lat' dir='ltr'>Moﬁophysita,</span> <span class='ocrx_word' id='word_1_266' title='bbox 2781 2491 2890 2534; x_wconf 89' lang='lat' dir='ltr'>seu</span> <span class='ocrx_word' id='word_1_267' title='bbox 2929 2468 3406 2554; x_wconf 75' lang='lat' dir='ltr'>Eutychianus?</span> 
     </span>
    </p>
   </div>
   <div class='ocr_carea' id='block_1_38' title="bbox 1519 2654 2641 2778">
    <p class='ocr_par' dir='ltr' id='par_1_38' title="bbox 1519 2654 2641 2778">
     <span class='ocr_line' id='line_1_38' title="bbox 1519 2654 2641 2778; baseline 0.001 -1"><span class='ocrx_word' id='word_1_268' title='bbox 1519 2654 2641 2778; x_wconf 82' lang='lat' dir='ltr'>DISSERTATIO</span> 
     </span>
    </p>
   </div>
   <div class='ocr_carea' id='block_1_39' title="bbox 1231 2865 2936 2933">
    <p class='ocr_par' dir='ltr' id='par_1_39' title="bbox 1231 2865 2936 2933">
     <span class='ocr_line' id='line_1_39' title="bbox 1231 2865 2936 2933; baseline 0.002 -12"><span class='ocrx_word' id='word_1_269' title='bbox 1231 2865 1603 2924; x_wconf 80' lang='lat' dir='ltr'>ADVERSUS</span> <span class='ocrx_word' id='word_1_270' title='bbox 1644 2867 2064 2923; x_wconf 83' lang='lat' dir='ltr'>MICHAELEM</span> <span class='ocrx_word' id='word_1_271' title='bbox 2105 2865 2522 2932; x_wconf 86' lang='lat' dir='ltr'>LEQUIENUM</span> <span class='ocrx_word' id='word_1_272' title='bbox 2565 2866 2936 2933; x_wconf 85' lang='lat' dir='ltr'>ALIOSQUE.</span> 
     </span>
    </p>
   </div>
   <div class='ocr_carea' id='block_1_40' title="bbox 1184 3157 1226 3208">
    <p class='ocr_par' dir='ltr' id='par_1_40' title="bbox 1184 3157 1226 3208">
     <span class='ocr_line' id='line_1_40' title="bbox 1184 3157 1226 3208; baseline 0 0"><span class='ocrx_word' id='word_1_273' title='bbox 1184 3157 1226 3208; x_wconf 94' lang='grc' dir='ltr'>Ι.</span> 
     </span>
    </p>
   </div>
   <div class='ocr_carea' id='block_1_41' title="bbox 367 3249 2021 3322">
    <p class='ocr_par' dir='ltr' id='par_1_41' title="bbox 367 3249 2021 3322">
     <span class='ocr_line' id='line_1_41' title="bbox 367 3249 2021 3322; baseline -0.001 -13"><span class='ocrx_word' id='word_1_274' title='bbox 367 3249 678 3322; x_wconf 70' lang='lat' dir='ltr'>Orthodoxi</span> <span class='ocrx_word' id='word_1_275' title='bbox 717 3251 960 3320; x_wconf 83' lang='lat' dir='ltr'>quinque</span> <span class='ocrx_word' id='word_1_276' title='bbox 990 3251 1227 3322; x_wconf 76' lang='lat' dir='ltr'>episcopi</span> <span class='ocrx_word' id='word_1_277' title='bbox 1265 3253 1326 3306; x_wconf 87' lang='lat' dir='ltr'>in</span> <span class='ocrx_word' id='word_1_278' title='bbox 1371 3252 1663 3307; x_wconf 81' lang='lat' dir='ltr'>collatione</span> <span class='ocrx_word' id='word_1_279' title='bbox 1713 3252 2021 3308; x_wconf 78' lang='lat' dir='ltr'>Constanti-</span> 
     </span>
    </p>
   </div>
   <div class='ocr_carea' id='block_1_42' title="bbox 442 3321 2024 3395">
    <p class='ocr_par' dir='ltr' id='par_1_42' title="bbox 442 3321 2024 3395">
     <span class='ocr_line' id='line_1_42' title="bbox 442 3321 2024 3395; baseline 0.002 -19"><span class='ocrx_word' id='word_1_280' title='bbox 442 3321 766 3395; x_wconf 79' lang='lat' dir='ltr'>nopolitana</span> <span class='ocrx_word' id='word_1_281' title='bbox 801 3337 968 3395; x_wconf 75' lang='lat' dir='ltr'>anno</span> <span class='ocrx_word' id='word_1_282' title='bbox 1009 3323 1136 3388; x_wconf 82' lang='lat'>532,</span> <span class='ocrx_word' id='word_1_283' title='bbox 1169 3321 1420 3395; x_wconf 80' lang='lat' dir='ltr'>videntur</span> <span class='ocrx_word' id='word_1_284' title='bbox 1451 3341 1618 3395; x_wconf 86' lang='lat' dir='ltr'>opera</span> <span class='ocrx_word' id='word_1_285' title='bbox 1663 3326 1826 3394; x_wconf 87' lang='lat' dir='ltr'>vulgo</span> <span class='ocrx_word' id='word_1_286' title='bbox 1852 3325 2024 3379; x_wconf 84' lang='lat' dir='ltr'>Areo-</span> 
     </span>
    </p>
   </div>
   <div class='ocr_carea' id='block_1_43' title="bbox 438 3393 1948 3467">
    <p class='ocr_par' dir='ltr' id='par_1_43' title="bbox 438 3393 1948 3467">
     <span class='ocr_line' id='line_1_43' title="bbox 438 3393 1948 3467; baseline 0 -19"><span class='ocrx_word' id='word_1_287' title='bbox 438 3393 697 3467; x_wconf 82' lang='lat' dir='ltr'>pagitica</span> <span class='ocrx_word' id='word_1_288' title='bbox 725 3393 997 3464; x_wconf 75' lang='lat' dir='ltr'>rejecisse,</span> <span class='ocrx_word' id='word_1_289' title='bbox 1033 3394 1208 3448; x_wconf 83' lang='lat' dir='ltr'>veluti</span> <span class='ocrx_word' id='word_1_290' title='bbox 1225 3397 1386 3464; x_wconf 54' lang='lat' dir='ltr'>fretus</span> <span class='ocrx_word' id='word_1_291' title='bbox 1400 3393 1948 3467; x_wconf 64' lang='lat' dir='ltr'>Apollinariatarum.</span> 
     </span>
    </p>
   </div>
   <div class='ocr_carea' id='block_1_44' title="bbox 441 3508 2028 3582">
    <p class='ocr_par' dir='ltr' id='par_1_44' title="bbox 441 3508 2028 3582">
     <span class='ocr_line' id='line_1_44' title="bbox 441 3508 2028 3582; baseline 0.001 -18"><span class='ocrx_word' id='word_1_292' title='bbox 441 3510 590 3564; x_wconf 74' lang='lat'>647</span> <span class='ocrx_word' id='word_1_293' title='bbox 629 3508 814 3582; x_wconf 87' lang='lat' dir='ltr'>Opera</span> <span class='ocrx_word' id='word_1_294' title='bbox 845 3526 967 3578; x_wconf 68' lang='lat' dir='ltr'>quae</span> <span class='ocrx_word' id='word_1_295' title='bbox 999 3509 1169 3581; x_wconf 82' lang='lat' dir='ltr'>vulgo</span> <span class='ocrx_word' id='word_1_296' title='bbox 1191 3511 1600 3582; x_wconf 84' lang='lat' dir='ltr'>Areopagitica</span> <span class='ocrx_word' id='word_1_297' title='bbox 1617 3512 1886 3578; x_wconf 91' lang='lat' dir='ltr'>audiunt,</span> <span class='ocrx_word' id='word_1_298' title='bbox 1908 3512 2028 3566; x_wconf 88' lang='lat' dir='ltr'>sive</span> 
     </span>
    </p>
   </div>
   <div class='ocr_carea' id='block_1_45' title="bbox 367 3581 2026 3655">
    <p class='ocr_par' dir='ltr' id='par_1_45' title="bbox 367 3581 2026 3655">
     <span class='ocr_line' id='line_1_45' title="bbox 367 3581 2026 3655; baseline 0.001 -19"><span class='ocrx_word' id='word_1_299' title='bbox 367 3581 706 3655; x_wconf 81' lang='lat' dir='ltr'>testimonia</span> <span class='ocrx_word' id='word_1_300' title='bbox 737 3582 1006 3655; x_wconf 62' lang='lat' dir='ltr'>quaedam</span> <span class='ocrx_word' id='word_1_301' title='bbox 1040 3598 1107 3636; x_wconf 86' lang='lat' dir='ltr'>ex</span> <span class='ocrx_word' id='word_1_302' title='bbox 1140 3582 1254 3636; x_wconf 91' lang='lat' dir='ltr'>illis</span> <span class='ocrx_word' id='word_1_303' title='bbox 1275 3581 1648 3655; x_wconf 69' lang='lat' dir='ltr'>deprompta,</span> <span class='ocrx_word' id='word_1_304' title='bbox 1685 3584 1875 3655; x_wconf 90' lang='lat' dir='ltr'>prima</span> <span class='ocrx_word' id='word_1_305' title='bbox 1904 3582 2026 3655; x_wconf 88' lang='lat' dir='ltr'>vice</span> 
     </span>
    </p>
   </div>
   <div class='ocr_carea' id='block_1_46' title="bbox 369 3652 2025 3724">
    <p class='ocr_par' dir='ltr' id='par_1_46' title="bbox 369 3652 2025 3724">
     <span class='ocr_line' id='line_1_46' title="bbox 369 3652 2025 3724; baseline -0.001 -16"><span class='ocrx_word' id='word_1_306' title='bbox 369 3669 566 3708; x_wconf 88' lang='lat' dir='ltr'>coram</span> <span class='ocrx_word' id='word_1_307' title='bbox 596 3653 907 3724; x_wconf 87' lang='lat' dir='ltr'>palamque</span> <span class='ocrx_word' id='word_1_308' title='bbox 936 3652 1186 3724; x_wconf 86' lang='lat' dir='ltr'>allegata</span> <span class='ocrx_word' id='word_1_309' title='bbox 1206 3671 1238 3708; x_wconf 88' lang='lat' dir='ltr'>a</span> <span class='ocrx_word' id='word_1_310' title='bbox 1261 3652 1592 3709; x_wconf 76' lang='lat' dir='ltr'>Severianis</span> <span class='ocrx_word' id='word_1_311' title='bbox 1621 3652 1910 3710; x_wconf 73' lang='lat' dir='ltr'>haereticis</span> <span class='ocrx_word' id='word_1_312' title='bbox 1933 3654 2025 3708; x_wconf 91' lang='lat' dir='ltr'>in-</span> 
     </span>
    </p>
   </div>
   <div class='ocr_carea' id='block_1_47' title="bbox 365 3723 2028 3795">
    <p class='ocr_par' dir='ltr' id='par_1_47' title="bbox 365 3723 2028 3795">
     <span class='ocr_line' id='line_1_47' title="bbox 365 3723 2028 3795; baseline 0.002 -17"><span class='ocrx_word' id='word_1_313' title='bbox 365 3726 660 3791; x_wconf 86' lang='lat' dir='ltr'>venimus,</span> <span class='ocrx_word' id='word_1_314' title='bbox 686 3723 785 3795; x_wconf 91' lang='lat' dir='ltr'>qui</span> <span class='ocrx_word' id='word_1_315' title='bbox 805 3723 1308 3795; x_wconf 76' lang='lat' dir='ltr'>Constantinopoli</span> <span class='ocrx_word' id='word_1_316' title='bbox 1359 3725 1729 3781; x_wconf 90' lang='lat' dir='ltr'>collationem</span> <span class='ocrx_word' id='word_1_317' title='bbox 1761 3743 1894 3780; x_wconf 92' lang='lat' dir='ltr'>cum</span> <span class='ocrx_word' id='word_1_318' title='bbox 1936 3742 2028 3781; x_wconf 88' lang='lat' dir='ltr'>or-</span> 
     </span>
    </p>
   </div>
   <div class='ocr_carea' id='block_1_48' title="bbox 365 3795 2028 3866">
    <p class='ocr_par' dir='ltr' id='par_1_48' title="bbox 365 3795 2028 3866">
     <span class='ocr_line' id='line_1_48' title="bbox 365 3795 2028 3866; baseline 0 -15"><span class='ocrx_word' id='word_1_319' title='bbox 365 3795 641 3851; x_wconf 87' lang='lat' dir='ltr'>thodoxis</span> <span class='ocrx_word' id='word_1_320' title='bbox 673 3795 961 3866; x_wconf 88' lang='lat' dir='ltr'>episcopis</span> <span class='ocrx_word' id='word_1_321' title='bbox 983 3813 1136 3850; x_wconf 91' lang='lat' dir='ltr'>anno</span> <span class='ocrx_word' id='word_1_322' title='bbox 1167 3798 1273 3851; x_wconf 79' lang='lat'>532</span> <span class='ocrx_word' id='word_1_323' title='bbox 1303 3797 1657 3853; x_wconf 89' lang='lat' dir='ltr'>habuerunt.</span> <span class='ocrx_word' id='word_1_324' title='bbox 1732 3797 2028 3853; x_wconf 87' lang='lat' dir='ltr'>Severiani</span> 
     </span>
    </p>
   </div>
   <div class='ocr_carea' id='block_1_49' title="bbox 370 3868 2031 3949">
    <p class='ocr_par' dir='ltr' id='par_1_49' title="bbox 370 3868 2031 3949">
     <span class='ocr_line' id='line_1_49' title="bbox 370 3868 2031 3949; baseline 0.001 -27"><span class='ocrx_word' id='word_1_325' title='bbox 370 3872 542 3949; x_wconf 72' lang='lat' dir='ltr'>erant</span> <span class='ocrx_word' id='word_1_326' title='bbox 569 3868 1040 3949; x_wconf 72' lang='lat' dir='ltr'>impiapropago</span> <span class='ocrx_word' id='word_1_327' title='bbox 1074 3869 1547 3949; x_wconf 53' lang='lat' dir='ltr'>[Eptychanorum</span> <span class='ocrx_word' id='word_1_328' title='bbox 1583 3886 1683 3925; x_wconf 90' lang='lat' dir='ltr'>seu</span> <span class='ocrx_word' id='word_1_329' title='bbox 1715 3870 2031 3949; x_wconf 76' lang='lat' dir='ltr'>Monophy-</span> 
     </span>
    </p>
   </div>
   <div class='ocr_carea' id='block_1_50' title="bbox 374 3939 2028 4008">
    <p class='ocr_par' dir='ltr' id='par_1_50' title="bbox 374 3939 2028 4008">
     <span class='ocr_line' id='line_1_50' title="bbox 374 3939 2028 4008; baseline 0.002 -15"><span class='ocrx_word' id='word_1_330' title='bbox 374 3939 646 4004; x_wconf 86' lang='lat' dir='ltr'>sitarum,</span> <span class='ocrx_word' id='word_1_331' title='bbox 681 3939 974 4008; x_wconf 88' lang='lat' dir='ltr'>quiunam</span> <span class='ocrx_word' id='word_1_332' title='bbox 1004 3940 1062 3993; x_wconf 92' lang='lat' dir='ltr'>in</span> <span class='ocrx_word' id='word_1_333' title='bbox 1078 3940 1309 3994; x_wconf 83' lang='lat' dir='ltr'>Christo</span> <span class='ocrx_word' id='word_1_334' title='bbox 1329 3948 1598 3996; x_wconf 91' lang='lat' dir='ltr'>naturam</span> <span class='ocrx_word' id='word_1_335' title='bbox 1634 3949 1838 3996; x_wconf 90' lang='lat' dir='ltr'>contra</span> <span class='ocrx_word' id='word_1_336' title='bbox 1857 3939 2028 3996; x_wconf 74' lang='lat' dir='ltr'>fidem</span> 
     </span>
    </p>
   </div>
   <div class='ocr_carea' id='block_1_51' title="bbox 372 4011 2028 4082">
    <p class='ocr_par' dir='ltr' id='par_1_51' title="bbox 372 4011 2028 4082">
     <span class='ocr_line' id='line_1_51' title="bbox 372 4011 2028 4082; baseline 0 -16"><span class='ocrx_word' id='word_1_337' title='bbox 372 4011 727 4082; x_wconf 89' lang='lat' dir='ltr'>catholicam</span> <span class='ocrx_word' id='word_1_338' title='bbox 761 4027 826 4065; x_wconf 90' lang='lat' dir='ltr'>ac</span> <span class='ocrx_word' id='word_1_339' title='bbox 858 4011 1064 4082; x_wconf 85' lang='lat' dir='ltr'>synodi</span> <span class='ocrx_word' id='word_1_340' title='bbox 1097 4012 1587 4068; x_wconf 88' lang='lat' dir='ltr'>Chalcedonensis</span> <span class='ocrx_word' id='word_1_341' title='bbox 1628 4012 2028 4068; x_wconf 83' lang='lat' dir='ltr'>definitionem</span> 
     </span>
    </p>
   </div>
   <div class='ocr_carea' id='block_1_52' title="bbox 369 4081 2032 4208">
    <p class='ocr_par' dir='ltr' id='par_1_52' title="bbox 369 4081 2032 4208">
     <span class='ocr_line' id='line_1_52' title="bbox 369 4081 2032 4208; baseline 0.001 -73"><span class='ocrx_word' id='word_1_342' title='bbox 369 4081 848 4208; x_wconf 51' lang='lat' dir='ltr'>propugnabant.</span> <span class='ocrx_word' id='word_1_343' title='bbox 883 4081 1104 4137; x_wconf 86' lang='lat' dir='ltr'>Nomen</span> <span class='ocrx_word' id='word_1_344' title='bbox 1139 4084 1446 4139; x_wconf 90' lang='lat' dir='ltr'>obtinuere</span> <span class='ocrx_word' id='word_1_345' title='bbox 1469 4090 1746 4151; x_wconf 85' lang='lat' dir='ltr'>aSevero,</span> <span class='ocrx_word' id='word_1_346' title='bbox 1781 4085 1881 4155; x_wconf 91' lang='lat' dir='ltr'>qui</span> <span class='ocrx_word' id='word_1_347' title='bbox 1920 4084 2032 4154; x_wconf 87' lang='lat' dir='ltr'>pri-</span> 
     </span>
     <span class='ocr_line' id='line_1_53' title="bbox 373 4153 2027 4208; baseline 0 0"><span class='ocrx_word' id='word_1_348' title='bbox 373 4171 537 4208; x_wconf 91' lang='lat' dir='ltr'>mum</span> <span class='ocrx_word' id='word_1_349' title='bbox 616 4154 722 4208; x_wconf 83' lang='lat' dir='ltr'>etri</span> <span class='ocrx_word' id='word_1_350' title='bbox 755 4153 946 4208; x_wconf 78' lang='grc' dir='ltr'>Μοηεὶ</span> <span class='ocrx_word' id='word_1_351' title='bbox 982 4159 1142 4208; x_wconf 83' lang='lat' dir='ltr'>parte</span> <span class='ocrx_word' id='word_1_352' title='bbox 1191 4155 1472 4208; x_wconf 88' lang='lat' dir='ltr'>adversus</span> <span class='ocrx_word' id='word_1_353' title='bbox 1505 4156 1878 4208; x_wconf 82' lang='lat' dir='ltr'>Timotheum</span> <span class='ocrx_word' id='word_1_354' title='bbox 1921 4160 2027 4208; x_wconf 85' lang='lat' dir='ltr'>So-</span> 
     </span>
    </p>
   </div>
   <div class='ocr_carea' id='block_1_53' title="bbox 373 4153 2027 4223">
    <p class='ocr_par' dir='ltr' id='par_1_53' title="bbox 373 4153 2027 4223">
     <span class='ocr_line' id='line_1_54' title="bbox 373 4153 2027 4223; baseline 0.001 -15"><span class='ocrx_word' id='word_1_355' title='bbox 373 4153 537 4208; x_wconf 80' lang='lat' dir='ltr'>mum</span> <span class='ocrx_word' id='word_1_356' title='bbox 572 4153 722 4208; x_wconf 84' lang='lat' dir='ltr'>Petri</span> <span class='ocrx_word' id='word_1_357' title='bbox 755 4153 946 4223; x_wconf 85' lang='lat' dir='ltr'>Mongi</span> <span class='ocrx_word' id='word_1_358' title='bbox 982 4159 1142 4222; x_wconf 89' lang='lat' dir='ltr'>parte</span> <span class='ocrx_word' id='word_1_359' title='bbox 1191 4155 1472 4211; x_wconf 89' lang='lat' dir='ltr'>adversus</span> <span class='ocrx_word' id='word_1_360' title='bbox 1505 4153 1878 4210; x_wconf 80' lang='lat' dir='ltr'>Timotheum</span> <span class='ocrx_word' id='word_1_361' title='bbox 1921 4153 2027 4209; x_wconf 85' lang='lat' dir='ltr'>So-</span> 
     </span>
    </p>
   </div>
   <div class='ocr_carea' id='block_1_54' title="bbox 372 4224 2027 4282">
    <p class='ocr_par' dir='ltr' id='par_1_54' title="bbox 372 4224 2027 4282">
     <span class='ocr_line' id='line_1_55' title="bbox 372 4224 2027 4282; baseline 0.001 -3"><span class='ocrx_word' id='word_1_362' title='bbox 372 4224 712 4280; x_wconf 88' lang='lat' dir='ltr'>lofaciolum</span> <span class='ocrx_word' id='word_1_363' title='bbox 738 4224 1093 4278; x_wconf 82' lang='lat' dir='ltr'>catholicum</span> <span class='ocrx_word' id='word_1_364' title='bbox 1118 4225 1477 4282; x_wconf 68' lang='lat' dir='ltr'>Alexandria:</span> <span class='ocrx_word' id='word_1_365' title='bbox 1503 4227 1826 4282; x_wconf 81' lang='lat' dir='ltr'>antistitem</span> <span class='ocrx_word' id='word_1_366' title='bbox 1849 4233 2027 4281; x_wconf 74' lang='lat' dir='ltr'>secta-</span> 
     </span>
    </p>
   </div>
   <div class='ocr_carea' id='block_1_55' title="bbox 372 4296 2026 4368">
    <p class='ocr_par' dir='ltr' id='par_1_55' title="bbox 372 4296 2026 4368">
     <span class='ocr_line' id='line_1_56' title="bbox 372 4296 2026 4368; baseline 0 -18"><span class='ocrx_word' id='word_1_367' title='bbox 372 4302 473 4352; x_wconf 89' lang='lat' dir='ltr'>tus</span> <span class='ocrx_word' id='word_1_368' title='bbox 499 4301 588 4351; x_wconf 89' lang='lat' dir='ltr'>cst</span> <span class='ocrx_word' id='word_1_369' title='bbox 610 4310 772 4363; x_wconf 82' lang='lat' dir='ltr'>;tum</span> <span class='ocrx_word' id='word_1_370' title='bbox 805 4296 875 4349; x_wconf 89' lang='lat' dir='ltr'>ab</span> <span class='ocrx_word' id='word_1_371' title='bbox 900 4296 1028 4368; x_wconf 82' lang='lat' dir='ltr'>ejus</span> <span class='ocrx_word' id='word_1_372' title='bbox 1061 4301 1262 4368; x_wconf 86' lang='lat' dir='ltr'>postea</span> <span class='ocrx_word' id='word_1_373' title='bbox 1283 4299 1698 4353; x_wconf 90' lang='lat' dir='ltr'>communione</span> <span class='ocrx_word' id='word_1_374' title='bbox 1719 4297 2026 4368; x_wconf 81' lang='lat' dir='ltr'>abstinuit,</span> 
     </span>
    </p>
   </div>
   <div class='ocr_carea' id='block_1_56' title="bbox 373 4367 2027 4438">
    <p class='ocr_par' dir='ltr' id='par_1_56' title="bbox 373 4367 2027 4438">
     <span class='ocr_line' id='line_1_57' title="bbox 373 4367 2027 4438; baseline 0 -15"><span class='ocrx_word' id='word_1_375' title='bbox 373 4369 625 4423; x_wconf 87' lang='lat' dir='ltr'>Zenonis</span> <span class='ocrx_word' id='word_1_376' title='bbox 657 4367 1029 4438; x_wconf 85' lang='lat' dir='ltr'>imperatoris</span> <span class='ocrx_word' id='word_1_377' title='bbox 1061 4367 1248 4423; x_wconf 89' lang='lat' dir='ltr'>edicto</span> <span class='ocrx_word' id='word_1_378' title='bbox 1283 4369 1576 4424; x_wconf 74' lang='lat' dir='ltr'>Henotieon</span> <span class='ocrx_word' id='word_1_379' title='bbox 1630 4374 1854 4432; x_wconf 84' lang='lat' dir='ltr'>vocant,</span> <span class='ocrx_word' id='word_1_380' title='bbox 1888 4369 2027 4423; x_wconf 87' lang='lat' dir='ltr'>sub-</span> 
     </span>
    </p>
   </div>
   <div class='ocr_carea' id='block_1_57' title="bbox 373 4439 2026 4508">
    <p class='ocr_par' dir='ltr' id='par_1_57' title="bbox 373 4439 2026 4508">
     <span class='ocr_line' id='line_1_58' title="bbox 373 4439 2026 4508; baseline -0.001 -13"><span class='ocrx_word' id='word_1_381' title='bbox 373 4439 633 4495; x_wconf 85' lang='lat' dir='ltr'>scribere</span> <span class='ocrx_word' id='word_1_382' title='bbox 656 4439 880 4504; x_wconf 90' lang='lat' dir='ltr'>nolens,</span> <span class='ocrx_word' id='word_1_383' title='bbox 905 4443 1104 4503; x_wconf 86' lang='lat' dir='ltr'>utpote</span> <span class='ocrx_word' id='word_1_384' title='bbox 1131 4455 1244 4508; x_wconf 90' lang='lat' dir='ltr'>quo</span> <span class='ocrx_word' id='word_1_385' title='bbox 1270 4457 1382 4495; x_wconf 91' lang='lat' dir='ltr'>non</span> <span class='ocrx_word' id='word_1_386' title='bbox 1406 4443 1546 4494; x_wconf 80' lang='lat' dir='ltr'>satis</span> <span class='ocrx_word' id='word_1_387' title='bbox 1569 4439 2026 4495; x_wconf 86' lang='lat' dir='ltr'>Cha&#39;cedonensi</span> 
     </span>
    </p>
   </div>
   <div class='ocr_carea' id='block_1_58' title="bbox 369 4510 2098 4597">
    <p class='ocr_par' dir='ltr' id='par_1_58' title="bbox 369 4510 2098 4597">
     <span class='ocr_line' id='line_1_59' title="bbox 369 4510 2098 4597; baseline 0 -31"><span class='ocrx_word' id='word_1_388' title='bbox 369 4511 620 4597; x_wconf 76' lang='lat' dir='ltr'>concilio</span> <span class='ocrx_word' id='word_1_389' title='bbox 652 4510 918 4597; x_wconf 75' lang='lat' dir='ltr'>derogari</span> <span class='ocrx_word' id='word_1_390' title='bbox 954 4511 1265 4597; x_wconf 69' lang='lat' dir='ltr'>censebat:</span> <span class='ocrx_word' id='word_1_391' title='bbox 1320 4513 1648 4597; x_wconf 72' lang='lat' dir='ltr'>ducemque</span> <span class='ocrx_word' id='word_1_392' title='bbox 1697 4511 1931 4566; x_wconf 85' lang='lat' dir='ltr'>illorum</span> <span class='ocrx_word' id='word_1_393' title='bbox 1961 4529 2025 4597; x_wconf 51' lang='lat' dir='ltr'>‘s‘e</span> <span class='ocrx_word' id='word_1_394' title='bbox 2058 4534 2098 4597; x_wconf 63' lang='grc' dir='ltr'>ί]</span> 
     </span>
    </p>
   </div>
   <div class='ocr_carea' id='block_1_59' title="bbox 369 4581 2024 4655">
    <p class='ocr_par' dir='ltr' id='par_1_59' title="bbox 369 4581 2024 4655">
     <span class='ocr_line' id='line_1_60' title="bbox 369 4581 2024 4655; baseline -0.001 -18"><span class='ocrx_word' id='word_1_395' title='bbox 369 4583 640 4655; x_wconf 63' lang='lat' dir='ltr'>praebuit,</span> <span class='ocrx_word' id='word_1_396' title='bbox 676 4581 776 4652; x_wconf 91' lang='lat' dir='ltr'>qui</span> <span class='ocrx_word' id='word_1_397' title='bbox 809 4586 879 4635; x_wconf 87' lang='lat' dir='ltr'>ab</span> <span class='ocrx_word' id='word_1_398' title='bbox 911 4583 1112 4655; x_wconf 88' lang='lat' dir='ltr'>eodem</span> <span class='ocrx_word' id='word_1_399' title='bbox 1146 4583 1356 4655; x_wconf 85' lang='lat' dir='ltr'>Mongo</span> <span class='ocrx_word' id='word_1_400' title='bbox 1384 4581 1745 4651; x_wconf 80' lang='lat' dir='ltr'>accedentes,</span> <span class='ocrx_word' id='word_1_401' title='bbox 1770 4600 1854 4655; x_wconf 18' lang='lat' dir='ltr'>Aac</span> <span class='ocrx_word' id='word_1_402' title='bbox 1879 4582 2024 4637; x_wconf 91' lang='lat' dir='ltr'>nulli</span> 
     </span>
    </p>
   </div>
   <div class='ocr_carea' id='block_1_60' title="bbox 371 4653 2025 4725">
    <p class='ocr_par' dir='ltr' id='par_1_60' title="bbox 371 4653 2025 4725">
     <span class='ocr_line' id='line_1_61' title="bbox 371 4653 2025 4725; baseline -0.001 -15"><span class='ocrx_word' id='word_1_403' title='bbox 371 4653 847 4724; x_wconf 79' lang='lat' dir='ltr'>obtemperantes</span> <span class='ocrx_word' id='word_1_404' title='bbox 870 4654 1166 4725; x_wconf 89' lang='lat' dir='ltr'>episcopo,</span> <span class='ocrx_word' id='word_1_405' title='bbox 1201 4653 1346 4709; x_wconf 89' lang='lat' dir='ltr'>dicti</span> <span class='ocrx_word' id='word_1_406' title='bbox 1371 4663 1507 4708; x_wconf 87' lang='lat' dir='ltr'>sunt</span> <span class='ocrx_word' id='word_1_407' title='bbox 1529 4653 1828 4725; x_wconf 78' lang='lat' dir='ltr'>Acephali.</span> <span class='ocrx_word' id='word_1_408' title='bbox 1845 4655 2025 4710; x_wconf 85' lang='lat' dir='ltr'>Thro-</span> 
     </span>
    </p>
   </div>
   <div class='ocr_carea' id='block_1_61' title="bbox 370 4724 2024 4794">
    <p class='ocr_par' dir='ltr' id='par_1_61' title="bbox 370 4724 2024 4794">
     <span class='ocr_line' id='line_1_62' title="bbox 370 4724 2024 4794; baseline 0 -14"><span class='ocrx_word' id='word_1_409' title='bbox 370 4743 515 4781; x_wconf 89' lang='lat' dir='ltr'>num</span> <span class='ocrx_word' id='word_1_410' title='bbox 549 4725 801 4794; x_wconf 92' lang='lat' dir='ltr'>denique</span> <span class='ocrx_word' id='word_1_411' title='bbox 831 4724 1262 4779; x_wconf 85' lang='lat' dir='ltr'>Antiochenum</span> <span class='ocrx_word' id='word_1_412' title='bbox 1307 4743 1457 4780; x_wconf 92' lang='lat' dir='ltr'>anno</span> <span class='ocrx_word' id='word_1_413' title='bbox 1487 4727 1594 4780; x_wconf 82' lang='lat'>512</span> <span class='ocrx_word' id='word_1_414' title='bbox 1644 4724 1878 4793; x_wconf 81' lang='lat' dir='ltr'>invasit,</span> <span class='ocrx_word' id='word_1_415' title='bbox 1924 4725 2024 4780; x_wconf 92' lang='lat' dir='ltr'>ubi</span> 
     </span>
    </p>
   </div>
   <div class='ocr_carea' id='block_1_62' title="bbox 371 4796 2024 4869">
    <p class='ocr_par' dir='ltr' id='par_1_62' title="bbox 371 4796 2024 4869">
     <span class='ocr_line' id='line_1_63' title="bbox 371 4796 2024 4869; baseline 0 -17"><span class='ocrx_word' id='word_1_416' title='bbox 371 4798 636 4869; x_wconf 90' lang='lat' dir='ltr'>quinque</span> <span class='ocrx_word' id='word_1_417' title='bbox 661 4812 847 4869; x_wconf 88' lang='lat' dir='ltr'>annos</span> <span class='ocrx_word' id='word_1_418' title='bbox 871 4802 928 4869; x_wconf 81' lang='lat' dir='ltr'>et</span> <span class='ocrx_word' id='word_1_419' title='bbox 953 4796 1180 4869; x_wconf 88' lang='lat' dir='ltr'>aliquot</span> <span class='ocrx_word' id='word_1_420' title='bbox 1209 4814 1439 4852; x_wconf 83' lang='lat' dir='ltr'>menses</span> <span class='ocrx_word' id='word_1_421' title='bbox 1458 4799 1824 4868; x_wconf 87' lang='lat' dir='ltr'>tyrannidem</span> <span class='ocrx_word' id='word_1_422' title='bbox 1858 4814 2024 4852; x_wconf 84' lang='lat' dir='ltr'>exer-</span> 
     </span>
    </p>
   </div>
   <div class='ocr_carea' id='block_1_63' title="bbox 371 4867 2022 4940">
    <p class='ocr_par' dir='ltr' id='par_1_63' title="bbox 371 4867 2022 4940">
     <span class='ocr_line' id='line_1_64' title="bbox 371 4867 2022 4940; baseline 0 -16"><span class='ocrx_word' id='word_1_423' title='bbox 371 4867 512 4924; x_wconf 79' lang='lat' dir='ltr'>cuit.</span> <span class='ocrx_word' id='word_1_424' title='bbox 547 4868 782 4923; x_wconf 73' lang='lat' dir='ltr'>Ftedam</span> <span class='ocrx_word' id='word_1_425' title='bbox 831 4867 1020 4940; x_wconf 85' lang='lat' dir='ltr'>adhuc</span> <span class='ocrx_word' id='word_1_426' title='bbox 1071 4868 1252 4924; x_wconf 89' lang='lat' dir='ltr'>vitam</span> <span class='ocrx_word' id='word_1_427' title='bbox 1300 4867 1508 4940; x_wconf 83' lang='lat' dir='ltr'>agebat</span> <span class='ocrx_word' id='word_1_428' title='bbox 1548 4887 1701 4924; x_wconf 91' lang='lat' dir='ltr'>anno</span> <span class='ocrx_word' id='word_1_429' title='bbox 1757 4870 1866 4924; x_wconf 86' lang='lat'>536</span> <span class='ocrx_word' id='word_1_430' title='bbox 1908 4885 2022 4939; x_wconf 91' lang='lat' dir='ltr'>quo</span> 
     </span>
    </p>
   </div>
   <div class='ocr_carea' id='block_1_64' title="bbox 371 4939 2025 5012">
    <p class='ocr_par' dir='ltr' id='par_1_64' title="bbox 371 4939 2025 5012">
     <span class='ocr_line' id='line_1_65' title="bbox 371 4939 2025 5012; baseline 0 -17"><span class='ocrx_word' id='word_1_431' title='bbox 371 4941 634 5012; x_wconf 83' lang='lat' dir='ltr'>synodus</span> <span class='ocrx_word' id='word_1_432' title='bbox 661 4939 1443 5012; x_wconf 68' lang='lat' dir='ltr'>Constantinopoliprzeside</span> <span class='ocrx_word' id='word_1_433' title='bbox 1475 4945 1699 5006; x_wconf 87' lang='lat' dir='ltr'>Menna,</span> <span class='ocrx_word' id='word_1_434' title='bbox 1731 4941 2025 4996; x_wconf 86' lang='lat' dir='ltr'>celebrata</span> 
     </span>
    </p>
   </div>
   <div class='ocr_carea' id='block_1_65' title="bbox 365 5010 2024 5082">
    <p class='ocr_par' dir='ltr' id='par_1_65' title="bbox 365 5010 2024 5082">
     <span class='ocr_line' id='line_1_66' title="bbox 365 5010 2024 5082; baseline -0.001 -15"><span class='ocrx_word' id='word_1_435' title='bbox 365 5010 476 5068; x_wconf 81' lang='lat' dir='ltr'>est.</span> <span class='ocrx_word' id='word_1_436' title='bbox 512 5011 779 5082; x_wconf 87' lang='lat' dir='ltr'>Consule</span> <span class='ocrx_word' id='word_1_437' title='bbox 800 5010 1136 5065; x_wconf 78' lang='lat' dir='ltr'>Michaelem</span> <span class='ocrx_word' id='word_1_438' title='bbox 1173 5011 1534 5082; x_wconf 89' lang='lat' dir='ltr'>Lequicnum</span> <span class='ocrx_word' id='word_1_439' title='bbox 1561 5012 1786 5068; x_wconf 88' lang='lat' dir='ltr'>ordinis</span> <span class='ocrx_word' id='word_1_440' title='bbox 1813 5012 2024 5066; x_wconf 70' lang='lat' dir='ltr'>Prmdi-</span> 
     </span>
    </p>
   </div>
   <div class='ocr_carea' id='block_1_66' title="bbox 366 5081 2018 5148">
    <p class='ocr_par' dir='ltr' id='par_1_66' title="bbox 366 5081 2018 5148">
     <span class='ocr_line' id='line_1_67' title="bbox 366 5081 2018 5148; baseline 0 -9"><span class='ocrx_word' id='word_1_441' title='bbox 366 5089 632 5139; x_wconf 80' lang='lat' dir='ltr'>calorum</span> <span class='ocrx_word' id='word_1_442' title='bbox 668 5086 723 5136; x_wconf 91' lang='lat' dir='ltr'>in</span> <span class='ocrx_word' id='word_1_443' title='bbox 752 5081 974 5137; x_wconf 82' lang='lat' dir='ltr'>Oriente</span> <span class='ocrx_word' id='word_1_444' title='bbox 998 5081 1336 5148; x_wconf 77' lang='lat' dir='ltr'>Christiano,</span> <span class='ocrx_word' id='word_1_445' title='bbox 1361 5090 1418 5138; x_wconf 90' lang='lat' dir='ltr'>et</span> <span class='ocrx_word' id='word_1_446' title='bbox 1442 5085 1674 5138; x_wconf 88' lang='lat' dir='ltr'>Petrum</span> <span class='ocrx_word' id='word_1_447' title='bbox 1703 5084 2018 5139; x_wconf 82' lang='lat' dir='ltr'>Boschium</span> 
     </span>
    </p>
   </div>
   <div class='ocr_carea' id='block_1_67' title="bbox 367 5153 2020 5226">
    <p class='ocr_par' dir='ltr' id='par_1_67' title="bbox 367 5153 2020 5226">
     <span class='ocr_line' id='line_1_68' title="bbox 367 5153 2020 5226; baseline -0.001 -15"><span class='ocrx_word' id='word_1_448' title='bbox 367 5155 664 5211; x_wconf 87' lang='lat' dir='ltr'>societatis</span> <span class='ocrx_word' id='word_1_449' title='bbox 694 5153 918 5226; x_wconf 84' lang='lat' dir='ltr'>Jesuin</span> <span class='ocrx_word' id='word_1_450' title='bbox 954 5153 1202 5208; x_wconf 74' lang='lat' dir='ltr'>Historia</span> <span class='ocrx_word' id='word_1_451' title='bbox 1238 5157 1624 5226; x_wconf 75' lang='lat' dir='ltr'>chronoloqica</span> <span class='ocrx_word' id='word_1_452' title='bbox 1675 5155 2020 5226; x_wconf 86' lang='lat' dir='ltr'>patriarcha-</span> 
     </span>
    </p>
   </div>
   <div class='ocr_carea' id='block_1_68' title="bbox 367 5225 2020 5292">
    <p class='ocr_par' dir='ltr' id='par_1_68' title="bbox 367 5225 2020 5292">
     <span class='ocr_line' id='line_1_69' title="bbox 367 5225 2020 5292; baseline -0.001 -10"><span class='ocrx_word' id='word_1_453' title='bbox 367 5225 996 5288; x_wconf 58' lang='lat' dir='ltr'>rumAntiochiaeJMer</span> <span class='ocrx_word' id='word_1_454' title='bbox 1018 5226 1146 5279; x_wconf 82' lang='lat' dir='ltr'>Acta</span> <span class='ocrx_word' id='word_1_455' title='bbox 1174 5225 1513 5292; x_wconf 75' lang='lat' dir='ltr'>sanctorum,</span> <span class='ocrx_word' id='word_1_456' title='bbox 1551 5225 1819 5281; x_wconf 81' lang='lat' dir='ltr'>tonnoIV</span> <span class='ocrx_word' id='word_1_457' title='bbox 1858 5226 2020 5281; x_wconf 88' lang='lat' dir='ltr'>Julii.</span> 
     </span>
    </p>
   </div>
   <div class='ocr_carea' id='block_1_69' title="bbox 440 5297 2022 5368">
    <p class='ocr_par' dir='ltr' id='par_1_69' title="bbox 440 5297 2022 5368">
     <span class='ocr_line' id='line_1_70' title="bbox 440 5297 2022 5368; baseline 0 -17"><span class='ocrx_word' id='word_1_458' title='bbox 440 5303 656 5353; x_wconf 83' lang='lat' dir='ltr'>Nomen</span> <span class='ocrx_word' id='word_1_459' title='bbox 687 5298 861 5352; x_wconf 89' lang='lat' dir='ltr'>etiam</span> <span class='ocrx_word' id='word_1_460' title='bbox 895 5297 1519 5368; x_wconf 77' lang='lat' dir='ltr'>Semieutychanorum</span> <span class='ocrx_word' id='word_1_461' title='bbox 1573 5298 1899 5353; x_wconf 89' lang='lat' dir='ltr'>Severianis</span> <span class='ocrx_word' id='word_1_462' title='bbox 1932 5299 2022 5351; x_wconf 91' lang='lat' dir='ltr'>in-</span> 
     </span>
    </p>
   </div>
   <div class='ocr_carea' id='block_1_70' title="bbox 365 5368 2020 5440">
    <p class='ocr_par' dir='ltr' id='par_1_70' title="bbox 365 5368 2020 5440">
     <span class='ocr_line' id='line_1_71' title="bbox 365 5368 2020 5440; baseline -0.001 -15"><span class='ocrx_word' id='word_1_463' title='bbox 365 5370 556 5425; x_wconf 78' lang='lat' dir='ltr'>haesit.</span> <span class='ocrx_word' id='word_1_464' title='bbox 594 5371 742 5424; x_wconf 88' lang='lat' dir='ltr'>Istos</span> <span class='ocrx_word' id='word_1_465' title='bbox 776 5368 930 5440; x_wconf 78' lang='lat' dir='ltr'>inter</span> <span class='ocrx_word' id='word_1_466' title='bbox 961 5385 1025 5422; x_wconf 90' lang='lat' dir='ltr'>ac</span> <span class='ocrx_word' id='word_1_467' title='bbox 1060 5369 1453 5440; x_wconf 86' lang='lat' dir='ltr'>Eutychianos</span> <span class='ocrx_word' id='word_1_468' title='bbox 1486 5369 1802 5424; x_wconf 88' lang='lat' dir='ltr'>discrimen</span> <span class='ocrx_word' id='word_1_469' title='bbox 1850 5373 2020 5424; x_wconf 87' lang='lat' dir='ltr'>Peta-</span> 
     </span>
    </p>
   </div>
   <div class='ocr_carea' id='block_1_71' title="bbox 366 5438 2018 5512">
    <p class='ocr_par' dir='ltr' id='par_1_71' title="bbox 366 5438 2018 5512">
     <span class='ocr_line' id='line_1_72' title="bbox 366 5438 2018 5512; baseline -0.001 -18"><span class='ocrx_word' id='word_1_470' title='bbox 366 5443 498 5496; x_wconf 92' lang='lat' dir='ltr'>vius</span> <span class='ocrx_word' id='word_1_471' title='bbox 551 5445 785 5512; x_wconf 88' lang='lat' dir='ltr'>enarrat</span> <span class='ocrx_word' id='word_1_472' title='bbox 825 5438 970 5493; x_wconf 90' lang='lat' dir='ltr'>Iibro</span> <span class='ocrx_word' id='word_1_473' title='bbox 1021 5438 1188 5512; x_wconf 17' lang='grc' dir='ltr'>ιβίίσή</span> <span class='ocrx_word' id='word_1_474' title='bbox 1221 5442 1636 5504; x_wconf 83' lang='lat' dir='ltr'>lncarnatione,</span> <span class='ocrx_word' id='word_1_475' title='bbox 1686 5441 1873 5512; x_wconf 88' lang='lat' dir='ltr'>capite</span> <span class='ocrx_word' id='word_1_476' title='bbox 1934 5442 2018 5506; x_wconf 87' lang='grc'>17,</span> 
     </span>
    </p>
   </div>
   <div class='ocr_carea' id='block_1_72' title="bbox 369 5510 2020 5584">
    <p class='ocr_par' dir='ltr' id='par_1_72' title="bbox 369 5510 2020 5584">
     <span class='ocr_line' id='line_1_73' title="bbox 369 5510 2020 5584; baseline -0.001 -16"><span class='ocrx_word' id='word_1_477' title='bbox 369 5529 532 5568; x_wconf 90' lang='lat' dir='ltr'>num.</span> <span class='ocrx_word' id='word_1_478' title='bbox 555 5513 610 5584; x_wconf 76' lang='lat'>9,</span> <span class='ocrx_word' id='word_1_479' title='bbox 645 5528 714 5567; x_wconf 81' lang='lat' dir='ltr'>ex</span> <span class='ocrx_word' id='word_1_480' title='bbox 746 5511 1019 5584; x_wconf 83' lang='lat' dir='ltr'>Facundo</span> <span class='ocrx_word' id='word_1_481' title='bbox 1052 5510 1484 5574; x_wconf 88' lang='lat' dir='ltr'>Hermianensi.</span> <span class='ocrx_word' id='word_1_482' title='bbox 1528 5514 1626 5584; x_wconf 91' lang='lat' dir='ltr'>qui</span> <span class='ocrx_word' id='word_1_483' title='bbox 1680 5510 1907 5582; x_wconf 87' lang='lat' dir='ltr'>primus</span> <span class='ocrx_word' id='word_1_484' title='bbox 1935 5513 2020 5566; x_wconf 91' lang='lat' dir='ltr'>vi-</span> 
     </span>
    </p>
   </div>
   <div class='ocr_carea' id='block_1_73' title="bbox 365 5582 2017 5654">
    <p class='ocr_par' dir='ltr' id='par_1_73' title="bbox 365 5582 2017 5654">
     <span class='ocr_line' id='line_1_74' title="bbox 365 5582 2017 5654; baseline -0.001 -14"><span class='ocrx_word' id='word_1_485' title='bbox 365 5587 539 5640; x_wconf 89' lang='lat' dir='ltr'>detur</span> <span class='ocrx_word' id='word_1_486' title='bbox 568 5582 1219 5654; x_wconf 84' lang='lat' dir='ltr'>Semieutychianorum</span> <span class='ocrx_word' id='word_1_487' title='bbox 1254 5582 1602 5640; x_wconf 82' lang='lat' dir='ltr'>vocabulum</span> <span class='ocrx_word' id='word_1_488' title='bbox 1656 5601 1976 5654; x_wconf 91' lang='lat' dir='ltr'>usurpasse</span> <span class='ocrx_word' id='word_1_489' title='bbox 2004 5601 2017 5638; x_wconf 89' lang='lat'><strong>:</strong></span> 
     </span>
    </p>
   </div>
   <div class='ocr_carea' id='block_1_74' title="bbox 365 5653 2021 5728">
    <p class='ocr_par' dir='ltr' id='par_1_74' title="bbox 365 5653 2021 5728">
     <span class='ocr_line' id='line_1_75' title="bbox 365 5653 2021 5728; baseline -0.001 -16"><span class='ocrx_word' id='word_1_490' title='bbox 365 5657 520 5728; x_wconf 91' lang='lat' dir='ltr'>quod</span> <span class='ocrx_word' id='word_1_491' title='bbox 558 5655 699 5728; x_wconf 86' lang='lat' dir='ltr'>meri</span> <span class='ocrx_word' id='word_1_492' title='bbox 735 5653 1080 5728; x_wconf 82' lang='lat' dir='ltr'>Eutychiani</span> <span class='ocrx_word' id='word_1_493' title='bbox 1114 5673 1290 5710; x_wconf 88' lang='lat' dir='ltr'>unam</span> <span class='ocrx_word' id='word_1_494' title='bbox 1335 5656 1679 5712; x_wconf 87' lang='lat' dir='ltr'>tantumodo</span> <span class='ocrx_word' id='word_1_495' title='bbox 1725 5653 2021 5720; x_wconf 85' lang='lat' dir='ltr'>naturam,</span> 
     </span>
    </p>
   </div>
   <div class='ocr_carea' id='block_1_75' title="bbox 364 5726 2017 5796">
    <p class='ocr_par' dir='ltr' id='par_1_75' title="bbox 364 5726 2017 5796">
     <span class='ocr_line' id='line_1_76' title="bbox 364 5726 2017 5796; baseline -0.002 -12"><span class='ocrx_word' id='word_1_496' title='bbox 364 5726 608 5796; x_wconf 73' lang='lat' dir='ltr'>eamque</span> <span class='ocrx_word' id='word_1_497' title='bbox 643 5726 993 5796; x_wconf 81' lang='lat' dir='ltr'>simplicem,</span> <span class='ocrx_word' id='word_1_498' title='bbox 1045 5731 1178 5796; x_wconf 90' lang='lat' dir='ltr'>post</span> <span class='ocrx_word' id='word_1_499' title='bbox 1228 5728 1551 5783; x_wconf 88' lang='lat' dir='ltr'>unitionem</span> <span class='ocrx_word' id='word_1_500' title='bbox 1619 5727 1910 5781; x_wconf 80' lang='lat' dir='ltr'>mansisse</span> <span class='ocrx_word' id='word_1_501' title='bbox 1959 5728 2017 5780; x_wconf 86' lang='lat' dir='ltr'>iu</span> 
     </span>
    </p>
   </div>
   <div class='ocr_carea' id='block_1_76' title="bbox 362 5797 2016 5864">
    <p class='ocr_par' dir='ltr' id='par_1_76' title="bbox 362 5797 2016 5864">
     <span class='ocr_line' id='line_1_77' title="bbox 362 5797 2016 5864; baseline -0.002 -8"><span class='ocrx_word' id='word_1_502' title='bbox 362 5799 593 5856; x_wconf 87' lang='lat' dir='ltr'>Christo</span> <span class='ocrx_word' id='word_1_503' title='bbox 615 5798 913 5864; x_wconf 87' lang='lat' dir='ltr'>dicebant,</span> <span class='ocrx_word' id='word_1_504' title='bbox 953 5797 1075 5852; x_wconf 89' lang='lat' dir='ltr'>sive</span> <span class='ocrx_word' id='word_1_505' title='bbox 1118 5797 1178 5852; x_wconf 92' lang='lat' dir='ltr'>in</span> <span class='ocrx_word' id='word_1_506' title='bbox 1229 5798 1660 5854; x_wconf 90' lang='lat' dir='ltr'>humanitatem</span> <span class='ocrx_word' id='word_1_507' title='bbox 1709 5799 2016 5853; x_wconf 89' lang='lat' dir='ltr'>divinitate</span> 
     </span>
    </p>
   </div>
   <div class='ocr_carea' id='block_1_77' title="bbox 361 5868 2014 5945">
    <p class='ocr_par' dir='ltr' id='par_1_77' title="bbox 361 5868 2014 5945">
     <span class='ocr_line' id='line_1_78' title="bbox 361 5868 2014 5945; baseline -0.003 -14"><span class='ocrx_word' id='word_1_508' title='bbox 361 5886 642 5931; x_wconf 87' lang='lat' dir='ltr'>conversa</span> <span class='ocrx_word' id='word_1_509' title='bbox 685 5869 806 5926; x_wconf 87' lang='lat' dir='ltr'>sive</span> <span class='ocrx_word' id='word_1_510' title='bbox 846 5868 1041 5945; x_wconf 84' lang='lat' dir='ltr'>potius</span> <span class='ocrx_word' id='word_1_511' title='bbox 1107 5868 1478 5928; x_wconf 82' lang='lat' dir='ltr'>humanitate</span> <span class='ocrx_word' id='word_1_512' title='bbox 1534 5870 1595 5925; x_wconf 90' lang='lat' dir='ltr'>in</span> <span class='ocrx_word' id='word_1_513' title='bbox 1645 5869 2014 5926; x_wconf 88' lang='lat' dir='ltr'>divinitatem</span> 
     </span>
    </p>
   </div>
   <div class='ocr_carea' id='block_1_78' title="bbox 2051 3155 3790 3229">
    <p class='ocr_par' dir='ltr' id='par_1_78' title="bbox 2051 3155 3790 3229">
     <span class='ocr_line' id='line_1_79' title="bbox 2051 3155 3790 3229; baseline 0.002 -19"><span class='ocrx_word' id='word_1_514' title='bbox 2051 3161 2097 3225; x_wconf 83' lang='grc' dir='ltr'>Β</span> <span class='ocrx_word' id='word_1_515' title='bbox 2130 3155 2426 3229; x_wconf 80' lang='lat' dir='ltr'>absorpta,</span> <span class='ocrx_word' id='word_1_516' title='bbox 2461 3162 2559 3208; x_wconf 83' lang='lat' dir='ltr'>aut</span> <span class='ocrx_word' id='word_1_517' title='bbox 2586 3169 2696 3229; x_wconf 87' lang='lat' dir='ltr'>per</span> <span class='ocrx_word' id='word_1_518' title='bbox 2735 3169 2862 3229; x_wconf 87' lang='lat' dir='ltr'>eam</span> <span class='ocrx_word' id='word_1_519' title='bbox 2895 3155 3472 3229; x_wconf 40' lang='lat' dir='ltr'>consumptatquod</span> <span class='ocrx_word' id='word_1_520' title='bbox 3523 3155 3790 3229; x_wconf 88' lang='lat' dir='ltr'>plerique</span> 
     </span>
    </p>
   </div>
   <div class='ocr_carea' id='block_1_79' title="bbox 2130 3226 3785 3299">
    <p class='ocr_par' dir='ltr' id='par_1_79' title="bbox 2130 3226 3785 3299">
     <span class='ocr_line' id='line_1_80' title="bbox 2130 3226 3785 3299; baseline 0.002 -18"><span class='ocrx_word' id='word_1_521' title='bbox 2130 3243 2198 3281; x_wconf 82' lang='lat' dir='ltr'>ex</span> <span class='ocrx_word' id='word_1_522' title='bbox 2231 3226 2346 3280; x_wconf 86' lang='lat' dir='ltr'>ista</span> <span class='ocrx_word' id='word_1_523' title='bbox 2394 3227 2597 3299; x_wconf 66' lang='lat' dir='ltr'>hieresi</span> <span class='ocrx_word' id='word_1_524' title='bbox 2665 3227 3080 3295; x_wconf 88' lang='lat' dir='ltr'>sequebantur.</span> <span class='ocrx_word' id='word_1_525' title='bbox 3136 3229 3208 3282; x_wconf 86' lang='lat' dir='ltr'>At</span> <span class='ocrx_word' id='word_1_526' title='bbox 3245 3297 3251 3299; x_wconf 80' lang='lat'><strong><em>_</em></strong></span> <span class='ocrx_word' id='word_1_527' title='bbox 3284 3226 3785 3299; x_wconf 76' lang='lat' dir='ltr'>Sémieutychiani</span> 
     </span>
    </p>
   </div>
   <div class='ocr_carea' id='block_1_80' title="bbox 2134 3297 3794 3369">
    <p class='ocr_par' dir='ltr' id='par_1_80' title="bbox 2134 3297 3794 3369">
     <span class='ocr_line' id='line_1_81' title="bbox 2134 3297 3794 3369; baseline 0.002 -17"><span class='ocrx_word' id='word_1_528' title='bbox 2134 3314 2314 3353; x_wconf 89' lang='lat' dir='ltr'>unam</span> <span class='ocrx_word' id='word_1_529' title='bbox 2337 3314 2406 3351; x_wconf 83' lang='lat' dir='ltr'><strong>ex</strong></span> <span class='ocrx_word' id='word_1_530' title='bbox 2435 3297 2666 3352; x_wconf 88' lang='lat' dir='ltr'>duabus</span> <span class='ocrx_word' id='word_1_531' title='bbox 2699 3302 2970 3352; x_wconf 88' lang='lat' dir='ltr'>naturam</span> <span class='ocrx_word' id='word_1_532' title='bbox 2995 3297 3380 3369; x_wconf 82' lang='lat' dir='ltr'>compositam</span> <span class='ocrx_word' id='word_1_533' title='bbox 3405 3297 3488 3354; x_wconf 92' lang='lat' dir='ltr'>sic</span> <span class='ocrx_word' id='word_1_534' title='bbox 3511 3297 3794 3356; x_wconf 79' lang='lat' dir='ltr'>essecon-</span> 
     </span>
    </p>
   </div>
   <div class='ocr_carea' id='block_1_81' title="bbox 2137 3369 3796 3442">
    <p class='ocr_par' dir='ltr' id='par_1_81' title="bbox 2137 3369 3796 3442">
     <span class='ocr_line' id='line_1_82' title="bbox 2137 3369 3796 3442; baseline 0.002 -18"><span class='ocrx_word' id='word_1_535' title='bbox 2137 3370 2482 3442; x_wconf 85' lang='lat' dir='ltr'>stituebant,</span> <span class='ocrx_word' id='word_1_536' title='bbox 2518 3369 3022 3442; x_wconf 88' lang='lat' dir='ltr'>quemadmodum</span> <span class='ocrx_word' id='word_1_537' title='bbox 3039 3370 3319 3425; x_wconf 82' lang='lat' dir='ltr'>exanima</span> <span class='ocrx_word' id='word_1_538' title='bbox 3341 3377 3399 3426; x_wconf 90' lang='lat' dir='ltr'>et</span> <span class='ocrx_word' id='word_1_539' title='bbox 3421 3387 3661 3442; x_wconf 92' lang='lat' dir='ltr'>corpore</span> <span class='ocrx_word' id='word_1_540' title='bbox 3676 3389 3796 3428; x_wconf 87' lang='lat' dir='ltr'>una</span> 
     </span>
    </p>
   </div>
   <div class='ocr_carea' id='block_1_82' title="bbox 2137 3441 3793 3516">
    <p class='ocr_par' dir='ltr' id='par_1_82' title="bbox 2137 3441 3793 3516">
     <span class='ocr_line' id='line_1_83' title="bbox 2137 3441 3793 3516; baseline 0.002 -21"><span class='ocrx_word' id='word_1_541' title='bbox 2137 3441 2440 3512; x_wconf 85' lang='lat' dir='ltr'>consurgit</span> <span class='ocrx_word' id='word_1_542' title='bbox 2463 3441 2693 3516; x_wconf 67' lang='lat' dir='ltr'>integra</span> <span class='ocrx_word' id='word_1_543' title='bbox 2725 3445 2936 3516; x_wconf 81' lang='lat' dir='ltr'>natura</span> <span class='ocrx_word' id='word_1_544' title='bbox 2979 3441 3273 3516; x_wconf 81' lang='lat' dir='ltr'>humana;</span> <span class='ocrx_word' id='word_1_545' title='bbox 3325 3447 3390 3496; x_wconf 90' lang='lat' dir='ltr'>ut</span> <span class='ocrx_word' id='word_1_546' title='bbox 3421 3441 3624 3516; x_wconf 85' lang='lat' dir='ltr'>eadem</span> <span class='ocrx_word' id='word_1_547' title='bbox 3655 3460 3793 3516; x_wconf 86' lang='lat' dir='ltr'>pro-</span> 
     </span>
    </p>
   </div>
   <div class='ocr_carea' id='block_1_83' title="bbox 2180 3511 3791 3582">
    <p class='ocr_par' dir='ltr' id='par_1_83' title="bbox 2180 3511 3791 3582">
     <span class='ocr_line' id='line_1_84' title="bbox 2180 3511 3791 3582; baseline 0.002 -16"><span class='ocrx_word' id='word_1_548' title='bbox 2180 3519 2338 3567; x_wconf 90' lang='lat' dir='ltr'>terea</span> <span class='ocrx_word' id='word_1_549' title='bbox 2365 3519 2474 3567; x_wconf 82' lang='lat' dir='ltr'>Deo</span> <span class='ocrx_word' id='word_1_550' title='bbox 2499 3511 2652 3566; x_wconf 88' lang='lat' dir='ltr'>Patri</span> <span class='ocrx_word' id='word_1_551' title='bbox 2694 3517 2750 3566; x_wconf 90' lang='lat' dir='ltr'>et</span> <span class='ocrx_word' id='word_1_552' title='bbox 2781 3511 3004 3568; x_wconf 91' lang='lat' dir='ltr'>homini</span> <span class='ocrx_word' id='word_1_553' title='bbox 3045 3513 3566 3569; x_wconf 88' lang='lat' dir='ltr'>consubstantialis</span> <span class='ocrx_word' id='word_1_554' title='bbox 3595 3511 3753 3571; x_wconf 77' lang='lat' dir='ltr'>esset</span> <span class='ocrx_word' id='word_1_555' title='bbox 3777 3531 3791 3582; x_wconf 89' lang='lat'><strong>;</strong></span> 
     </span>
    </p>
   </div>
   <div class='ocr_carea' id='block_1_84' title="bbox 2167 3584 3794 3658">
    <p class='ocr_par' dir='ltr' id='par_1_84' title="bbox 2167 3584 3794 3658">
     <span class='ocr_line' id='line_1_85' title="bbox 2167 3584 3794 3658; baseline 0.003 -21"><span class='ocrx_word' id='word_1_556' title='bbox 2167 3584 2390 3658; x_wconf 84' lang='lat' dir='ltr'>mpium</span> <span class='ocrx_word' id='word_1_557' title='bbox 2413 3584 2587 3638; x_wconf 88' lang='lat' dir='ltr'>hocce</span> <span class='ocrx_word' id='word_1_558' title='bbox 2618 3585 2834 3658; x_wconf 75' lang='lat' dir='ltr'>dogma</span> <span class='ocrx_word' id='word_1_559' title='bbox 2857 3584 3004 3658; x_wconf 78' lang='lat' dir='ltr'>satis</span> <span class='ocrx_word' id='word_1_560' title='bbox 3025 3585 3358 3658; x_wconf 80' lang='lat' dir='ltr'>_obscurum</span> <span class='ocrx_word' id='word_1_561' title='bbox 3390 3591 3447 3639; x_wconf 90' lang='lat' dir='ltr'>et</span> <span class='ocrx_word' id='word_1_562' title='bbox 3468 3584 3794 3658; x_wconf 86' lang='lat' dir='ltr'>implexum</span> 
     </span>
    </p>
   </div>
   <div class='ocr_carea' id='block_1_85' title="bbox 2141 3655 3792 3730">
    <p class='ocr_par' dir='ltr' id='par_1_85' title="bbox 2141 3655 3792 3730">
     <span class='ocr_line' id='line_1_86' title="bbox 2141 3655 3792 3730; baseline 0.002 -22"><span class='ocrx_word' id='word_1_563' title='bbox 2141 3657 2220 3710; x_wconf 92' lang='lat' dir='ltr'>ita</span> <span class='ocrx_word' id='word_1_564' title='bbox 2248 3655 2548 3730; x_wconf 82' lang='lat' dir='ltr'>declarant</span> <span class='ocrx_word' id='word_1_565' title='bbox 2577 3655 2699 3730; x_wconf 82' lang='lat' dir='ltr'>alii,</span> <span class='ocrx_word' id='word_1_566' title='bbox 2736 3659 2799 3730; x_wconf 92' lang='lat' dir='ltr'>u_t</span> <span class='ocrx_word' id='word_1_567' title='bbox 2830 3655 2956 3730; x_wconf 79' lang='lat' dir='ltr'>sine</span> <span class='ocrx_word' id='word_1_568' title='bbox 2988 3655 3336 3711; x_wconf 85' lang='lat' dir='ltr'>alterutrius</span> <span class='ocrx_word' id='word_1_569' title='bbox 3388 3655 3612 3730; x_wconf 66' lang='lat' dir='ltr'>natura:</span> <span class='ocrx_word' id='word_1_570' title='bbox 3662 3675 3792 3730; x_wconf 89' lang='lat' dir='ltr'>per-</span> 
     </span>
    </p>
   </div>
   <div class='ocr_carea' id='block_1_86' title="bbox 2139 3727 3796 3798">
    <p class='ocr_par' dir='ltr' id='par_1_86' title="bbox 2139 3727 3796 3798">
     <span class='ocr_line' id='line_1_87' title="bbox 2139 3727 3796 3798; baseline 0.001 -16"><span class='ocrx_word' id='word_1_571' title='bbox 2139 3727 2486 3798; x_wconf 86' lang='lat' dir='ltr'>mutatione,</span> <span class='ocrx_word' id='word_1_572' title='bbox 2519 3727 2605 3782; x_wconf 88' lang='lat' dir='ltr'>vel</span> <span class='ocrx_word' id='word_1_573' title='bbox 2639 3727 3006 3795; x_wconf 80' lang='lat' dir='ltr'>confusione,</span> <span class='ocrx_word' id='word_1_574' title='bbox 3051 3744 3170 3783; x_wconf 90' lang='lat' dir='ltr'>una</span> <span class='ocrx_word' id='word_1_575' title='bbox 3218 3732 3414 3783; x_wconf 86' lang='lat' dir='ltr'>tamen</span> <span class='ocrx_word' id='word_1_576' title='bbox 3454 3729 3552 3784; x_wconf 88' lang='lat' dir='ltr'>illa</span> <span class='ocrx_word' id='word_1_577' title='bbox 3601 3727 3796 3798; x_wconf 77' lang='lat' dir='ltr'>esset;</span> 
     </span>
    </p>
   </div>
   <div class='ocr_carea' id='block_1_87' title="bbox 2138 3797 3800 3872">
    <p class='ocr_par' dir='ltr' id='par_1_87' title="bbox 2138 3797 3800 3872">
     <span class='ocr_line' id='line_1_88' title="bbox 2138 3797 3800 3872; baseline 0.002 -18"><span class='ocrx_word' id='word_1_578' title='bbox 2138 3816 2256 3872; x_wconf 87' lang='lat' dir='ltr'>una</span> <span class='ocrx_word' id='word_1_579' title='bbox 2288 3797 2558 3872; x_wconf 82' lang='lat' dir='ltr'>videlicet</span> <span class='ocrx_word' id='word_1_580' title='bbox 2608 3804 2819 3872; x_wconf 82' lang='lat' dir='ltr'>natura</span> <span class='ocrx_word' id='word_1_581' title='bbox 2860 3798 3069 3872; x_wconf 72' lang='lat' dir='ltr'>divina</span> <span class='ocrx_word' id='word_1_582' title='bbox 3108 3800 3298 3871; x_wconf 86' lang='lat' dir='ltr'>prima</span> <span class='ocrx_word' id='word_1_583' title='bbox 3344 3805 3553 3871; x_wconf 89' lang='lat' dir='ltr'>agente</span> <span class='ocrx_word' id='word_1_584' title='bbox 3584 3797 3800 3872; x_wconf 81' lang='lat' dir='ltr'>partes,</span> 
     </span>
    </p>
   </div>
   <div class='ocr_carea' id='block_1_88' title="bbox 2139 3869 3802 3944">
    <p class='ocr_par' dir='ltr' id='par_1_88' title="bbox 2139 3869 3802 3944">
     <span class='ocr_line' id='line_1_89' title="bbox 2139 3869 3802 3944; baseline 0.001 -18"><span class='ocrx_word' id='word_1_585' title='bbox 2139 3871 2232 3926; x_wconf 89' lang='lat' dir='ltr'>cui</span> <span class='ocrx_word' id='word_1_586' title='bbox 2278 3870 2590 3944; x_wconf 82' lang='lat' dir='ltr'>accesserit</span> <span class='ocrx_word' id='word_1_587' title='bbox 2639 3871 2920 3944; x_wconf 79' lang='lat' dir='ltr'>humana,</span> <span class='ocrx_word' id='word_1_588' title='bbox 2987 3869 3145 3944; x_wconf 80' lang='lat' dir='ltr'>velut</span> <span class='ocrx_word' id='word_1_589' title='bbox 3195 3869 3626 3944; x_wconf 80' lang='lat' dir='ltr'>intrumentum</span> <span class='ocrx_word' id='word_1_590' title='bbox 3697 3869 3802 3944; x_wconf 80' lang='lat' dir='ltr'>per</span> 
     </span>
    </p>
   </div>
   <div class='ocr_carea' id='block_1_89' title="bbox 2140 3940 3803 4012">
    <p class='ocr_par' dir='ltr' id='par_1_89' title="bbox 2140 3940 3803 4012">
     <span class='ocr_line' id='line_1_90' title="bbox 2140 3940 3803 4012; baseline 0.001 -16"><span class='ocrx_word' id='word_1_591' title='bbox 2140 3942 2296 4012; x_wconf 91' lang='lat' dir='ltr'>quod</span> <span class='ocrx_word' id='word_1_592' title='bbox 2324 3941 2425 3996; x_wconf 89' lang='lat' dir='ltr'>illa</span> <span class='ocrx_word' id='word_1_593' title='bbox 2445 3942 2706 3996; x_wconf 86' lang='lat' dir='ltr'>actiones</span> <span class='ocrx_word' id='word_1_594' title='bbox 2729 3942 2947 4012; x_wconf 72' lang='lat' dir='ltr'>ederet,</span> <span class='ocrx_word' id='word_1_595' title='bbox 2976 3940 3064 3996; x_wconf 91' lang='lat' dir='ltr'>vel</span> <span class='ocrx_word' id='word_1_596' title='bbox 3096 3942 3250 4011; x_wconf 91' lang='lat' dir='ltr'>quod</span> <span class='ocrx_word' id='word_1_597' title='bbox 3287 3943 3592 4012; x_wconf 86' lang='lat' dir='ltr'>passiones</span> <span class='ocrx_word' id='word_1_598' title='bbox 3628 3940 3803 3998; x_wconf 76' lang='lat' dir='ltr'>forin-</span> 
     </span>
    </p>
   </div>
   <div class='ocr_carea' id='block_1_90' title="bbox 2141 4010 3801 4082">
    <p class='ocr_par' dir='ltr' id='par_1_90' title="bbox 2141 4010 3801 4082">
     <span class='ocr_line' id='line_1_91' title="bbox 2141 4010 3801 4082; baseline 0 -13"><span class='ocrx_word' id='word_1_599' title='bbox 2141 4010 2310 4069; x_wconf 81' lang='lat' dir='ltr'>secus</span> <span class='ocrx_word' id='word_1_600' title='bbox 2342 4012 2538 4068; x_wconf 89' lang='lat' dir='ltr'>illatas</span> <span class='ocrx_word' id='word_1_601' title='bbox 2571 4012 2872 4082; x_wconf 87' lang='lat' dir='ltr'>reciperet.</span> <span class='ocrx_word' id='word_1_602' title='bbox 2907 4010 3023 4066; x_wconf 85' lang='lat' dir='ltr'>Hac</span> <span class='ocrx_word' id='word_1_603' title='bbox 3051 4010 3126 4068; x_wconf 82' lang='lat' dir='ltr'>de</span> <span class='ocrx_word' id='word_1_604' title='bbox 3153 4029 3214 4068; x_wconf 88' lang='lat' dir='ltr'>re</span> <span class='ocrx_word' id='word_1_605' title='bbox 3239 4010 3432 4068; x_wconf 85' lang='lat' dir='ltr'>adhuc</span> <span class='ocrx_word' id='word_1_606' title='bbox 3489 4014 3640 4069; x_wconf 88' lang='lat' dir='ltr'>infra</span> <span class='ocrx_word' id='word_1_607' title='bbox 3662 4014 3801 4069; x_wconf 88' lang='lat' dir='ltr'>dili-</span> 
     </span>
    </p>
   </div>
   <div class='ocr_carea' id='block_1_91' title="bbox 2139 4084 2957 4157">
    <p class='ocr_par' dir='ltr' id='par_1_91' title="bbox 2139 4084 2957 4157">
     <span class='ocr_line' id='line_1_92' title="bbox 2139 4084 2957 4157; baseline -0.01 -17"><span class='ocrx_word' id='word_1_608' title='bbox 2139 4086 2402 4157; x_wconf 83' lang='lat' dir='ltr'>gentiore</span> <span class='ocrx_word' id='word_1_609' title='bbox 2433 4100 2610 4157; x_wconf 80' lang='lat' dir='ltr'>opera</span> <span class='ocrx_word' id='word_1_610' title='bbox 2640 4084 2866 4157; x_wconf 88' lang='lat' dir='ltr'>agendu</span> <span class='ocrx_word' id='word_1_611' title='bbox 2880 4099 2957 4136; x_wconf 89' lang='lat' dir='ltr'>m.</span> 
     </span>
    </p>
   </div>
   <div class='ocr_carea' id='block_1_92' title="bbox 2211 4153 3796 4225">
    <p class='ocr_par' dir='ltr' id='par_1_92' title="bbox 2211 4153 3796 4225">
     <span class='ocr_line' id='line_1_93' title="bbox 2211 4153 3796 4225; baseline -0.001 -14"><span class='ocrx_word' id='word_1_612' title='bbox 2211 4157 2352 4211; x_wconf 88' lang='lat' dir='ltr'>Cum</span> <span class='ocrx_word' id='word_1_613' title='bbox 2388 4153 2486 4209; x_wconf 79' lang='lat' dir='ltr'>his</span> <span class='ocrx_word' id='word_1_614' title='bbox 2515 4153 2799 4210; x_wconf 70' lang='lat' dir='ltr'>haereticis</span> <span class='ocrx_word' id='word_1_615' title='bbox 2830 4153 3339 4225; x_wconf 84' lang='lat' dir='ltr'>ConstantinOpoli</span> <span class='ocrx_word' id='word_1_616' title='bbox 3372 4171 3526 4210; x_wconf 89' lang='lat' dir='ltr'>anno</span> <span class='ocrx_word' id='word_1_617' title='bbox 3546 4155 3654 4209; x_wconf 86' lang='lat'>532</span> <span class='ocrx_word' id='word_1_618' title='bbox 3676 4155 3796 4210; x_wconf 85' lang='lat' dir='ltr'>col-</span> 
     </span>
    </p>
   </div>
   <div class='ocr_carea' id='block_1_93' title="bbox 2137 4225 3794 4297">
    <p class='ocr_par' dir='ltr' id='par_1_93' title="bbox 2137 4225 3794 4297">
     <span class='ocr_line' id='line_1_94' title="bbox 2137 4225 3794 4297; baseline 0.002 -17"><span class='ocrx_word' id='word_1_619' title='bbox 2137 4225 2418 4280; x_wconf 81' lang='lat' dir='ltr'>lationem</span> <span class='ocrx_word' id='word_1_620' title='bbox 2451 4227 2708 4281; x_wconf 88' lang='lat' dir='ltr'>habuere</span> <span class='ocrx_word' id='word_1_621' title='bbox 2758 4226 3064 4280; x_wconf 81' lang='lat' dir='ltr'>orthodoxi</span> <span class='ocrx_word' id='word_1_622' title='bbox 3124 4225 3387 4297; x_wconf 87' lang='lat' dir='ltr'>quinque</span> <span class='ocrx_word' id='word_1_623' title='bbox 3470 4226 3794 4296; x_wconf 82' lang='lat' dir='ltr'>antistites,</span> 
     </span>
    </p>
   </div>
   <div class='ocr_carea' id='block_1_94' title="bbox 2139 4297 3798 4370">
    <p class='ocr_par' dir='ltr' id='par_1_94' title="bbox 2139 4297 3798 4370">
     <span class='ocr_line' id='line_1_95' title="bbox 2139 4297 3798 4370; baseline 0.002 -19"><span class='ocrx_word' id='word_1_624' title='bbox 2139 4314 2390 4370; x_wconf 88' lang='lat' dir='ltr'>quorum</span> <span class='ocrx_word' id='word_1_625' title='bbox 2427 4298 2650 4370; x_wconf 87' lang='lat' dir='ltr'>primus</span> <span class='ocrx_word' id='word_1_626' title='bbox 2674 4301 2800 4352; x_wconf 90' lang='lat' dir='ltr'>erat</span> <span class='ocrx_word' id='word_1_627' title='bbox 2822 4297 3420 4370; x_wconf 82' lang='lat' dir='ltr'>Hypatiusepicopus</span> <span class='ocrx_word' id='word_1_628' title='bbox 3444 4297 3798 4370; x_wconf 81' lang='lat' dir='ltr'>Ephesinus.</span> 
     </span>
    </p>
   </div>
   <div class='ocr_carea' id='block_1_95' title="bbox 2142 4368 3794 4436">
    <p class='ocr_par' dir='ltr' id='par_1_95' title="bbox 2142 4368 3794 4436">
     <span class='ocr_line' id='line_1_96' title="bbox 2142 4368 3794 4436; baseline 0.003 -14"><span class='ocrx_word' id='word_1_629' title='bbox 2142 4369 2341 4424; x_wconf 85' lang='lat' dir='ltr'>Patres</span> <span class='ocrx_word' id='word_1_630' title='bbox 2369 4369 2685 4424; x_wconf 83' lang='lat' dir='ltr'>nonnu&#39;los</span> <span class='ocrx_word' id='word_1_631' title='bbox 2715 4375 2997 4436; x_wconf 87' lang='lat' dir='ltr'>vetustos,</span> <span class='ocrx_word' id='word_1_632' title='bbox 3051 4368 3229 4424; x_wconf 90' lang='lat' dir='ltr'>veluti</span> <span class='ocrx_word' id='word_1_633' title='bbox 3280 4368 3457 4425; x_wconf 82' lang='lat' dir='ltr'>unam</span> <span class='ocrx_word' id='word_1_634' title='bbox 3493 4368 3794 4427; x_wconf 38' lang='lat' dir='ltr'>“naturam</span> 
     </span>
    </p>
   </div>
   <div class='ocr_carea' id='block_1_96' title="bbox 2142 4440 3799 4514">
    <p class='ocr_par' dir='ltr' id='par_1_96' title="bbox 2142 4440 3799 4514">
     <span class='ocr_line' id='line_1_97' title="bbox 2142 4440 3799 4514; baseline 0.002 -19"><span class='ocrx_word' id='word_1_635' title='bbox 2142 4440 2242 4514; x_wconf 85' lang='lat' dir='ltr'>Dei</span> <span class='ocrx_word' id='word_1_636' title='bbox 2270 4440 2446 4494; x_wconf 80' lang='lat' dir='ltr'>Verbi</span> <span class='ocrx_word' id='word_1_637' title='bbox 2469 4441 2855 4514; x_wconf 85' lang='lat' dir='ltr'>decernentes</span> <span class='ocrx_word' id='word_1_638' title='bbox 2887 4445 3020 4512; x_wconf 92' lang='lat' dir='ltr'>post</span> <span class='ocrx_word' id='word_1_639' title='bbox 3067 4440 3418 4514; x_wconf 75' lang='lat' dir='ltr'>unitionem,</span> <span class='ocrx_word' id='word_1_640' title='bbox 3463 4441 3799 4514; x_wconf 85' lang='lat' dir='ltr'>allegabant</span> 
     </span>
    </p>
   </div>
   <div class='ocr_carea' id='block_1_97' title="bbox 2143 4511 3794 4584">
    <p class='ocr_par' dir='ltr' id='par_1_97' title="bbox 2143 4511 3794 4584">
     <span class='ocr_line' id='line_1_98' title="bbox 2143 4511 3794 4584; baseline 0.003 -19"><span class='ocrx_word' id='word_1_641' title='bbox 2143 4511 2480 4566; x_wconf 83' lang='lat' dir='ltr'>heterodoxi</span> <span class='ocrx_word' id='word_1_642' title='bbox 2512 4513 2806 4578; x_wconf 91' lang='lat' dir='ltr'>homines,</span> <span class='ocrx_word' id='word_1_643' title='bbox 2841 4511 3078 4584; x_wconf 86' lang='lat' dir='ltr'>beatum</span> <span class='ocrx_word' id='word_1_644' title='bbox 3127 4511 3432 4584; x_wconf 85' lang='lat' dir='ltr'>Cyrillum,</span> <span class='ocrx_word' id='word_1_645' title='bbox 3466 4519 3523 4568; x_wconf 89' lang='lat' dir='ltr'>et</span> <span class='ocrx_word' id='word_1_646' title='bbox 3556 4511 3794 4570; x_wconf 49' lang='lat' dir='ltr'>b—eatum</span> 
     </span>
    </p>
   </div>
   <div class='ocr_carea' id='block_1_98' title="bbox 2135 4583 3799 4656">
    <p class='ocr_par' dir='ltr' id='par_1_98' title="bbox 2135 4583 3799 4656">
     <span class='ocr_line' id='line_1_99' title="bbox 2135 4583 3799 4656; baseline 0.002 -19"><span class='ocrx_word' id='word_1_647' title='bbox 2135 4585 2526 4656; x_wconf 87' lang='lat' dir='ltr'>Athanasium</span> <span class='ocrx_word' id='word_1_648' title='bbox 2559 4583 3248 4656; x_wconf 29' lang='lat' dir='ltr'>Alexandrineicivitatis</span> <span class='ocrx_word' id='word_1_649' title='bbox 3288 4586 3621 4656; x_wconf 76' lang='lat' dir='ltr'>episCOpos,</span> <span class='ocrx_word' id='word_1_650' title='bbox 3653 4585 3799 4640; x_wconf 86' lang='lat' dir='ltr'>Feli-</span> 
     </span>
    </p>
   </div>
   <div class='ocr_carea' id='block_1_99' title="bbox 2136 4655 3796 4728">
    <p class='ocr_par' dir='ltr' id='par_1_99' title="bbox 2136 4655 3796 4728">
     <span class='ocr_line' id='line_1_100' title="bbox 2136 4655 3796 4728; baseline 0.002 -20"><span class='ocrx_word' id='word_1_651' title='bbox 2136 4671 2282 4728; x_wconf 84' lang='lat' dir='ltr'>cem.</span> <span class='ocrx_word' id='word_1_652' title='bbox 2315 4661 2372 4710; x_wconf 91' lang='lat' dir='ltr'>et</span> <span class='ocrx_word' id='word_1_653' title='bbox 2402 4655 2629 4710; x_wconf 90' lang='lat' dir='ltr'>Julium</span> <span class='ocrx_word' id='word_1_654' title='bbox 2666 4655 2937 4710; x_wconf 66' lang='lat' dir='ltr'>Romanis</span> <span class='ocrx_word' id='word_1_655' title='bbox 2959 4655 3260 4728; x_wconf 62' lang='lat' dir='ltr'>Ecclesiae,</span> <span class='ocrx_word' id='word_1_656' title='bbox 3298 4655 3642 4728; x_wconf 86' lang='lat' dir='ltr'>Gregorium</span> <span class='ocrx_word' id='word_1_657' title='bbox 3678 4657 3796 4712; x_wconf 83' lang='lat' dir='ltr'>mi-</span> 
     </span>
    </p>
   </div>
   <div class='ocr_carea' id='block_1_100' title="bbox 2136 4726 3795 4800">
    <p class='ocr_par' dir='ltr' id='par_1_100' title="bbox 2136 4726 3795 4800">
     <span class='ocr_line' id='line_1_101' title="bbox 2136 4726 3795 4800; baseline 0.001 -20"><span class='ocrx_word' id='word_1_658' title='bbox 2136 4727 2415 4800; x_wconf 87' lang='lat' dir='ltr'>rabilium</span> <span class='ocrx_word' id='word_1_659' title='bbox 2472 4728 2783 4800; x_wconf 85' lang='lat' dir='ltr'>factorum,</span> <span class='ocrx_word' id='word_1_660' title='bbox 2843 4732 2900 4800; x_wconf 86' lang='lat' dir='ltr'>et</span> <span class='ocrx_word' id='word_1_661' title='bbox 2957 4726 3301 4800; x_wconf 80' lang='lat' dir='ltr'>Dionysium</span> <span class='ocrx_word' id='word_1_662' title='bbox 3359 4726 3795 4800; x_wconf 72' lang='lat' dir='ltr'>Areopagitam.</span> 
     </span>
    </p>
   </div>
   <div class='ocr_carea' id='block_1_101' title="bbox 2133 4746 3794 4868">
    <p class='ocr_par' dir='ltr' id='par_1_101' title="bbox 2133 4746 3794 4868">
     <span class='ocr_line' id='line_1_102' title="bbox 2136 4746 3794 4800; baseline 0.001 -20"><span class='ocrx_word' id='word_1_663' title='bbox 2136 4746 2412 4781; x_wconf 84' lang='lat' dir='ltr'>ramuum</span> <span class='ocrx_word' id='word_1_664' title='bbox 2472 4746 2783 4792; x_wconf 76' lang='lat' dir='ltr'>laetorum,</span> <span class='ocrx_word' id='word_1_665' title='bbox 2843 4746 2900 4782; x_wconf 76' lang='lat' dir='ltr'>et</span> <span class='ocrx_word' id='word_1_666' title='bbox 2957 4746 3301 4798; x_wconf 77' lang='lat' dir='ltr'>Ulonysulm</span> <span class='ocrx_word' id='word_1_667' title='bbox 3359 4746 3506 4784; x_wconf 74' lang='lat' dir='ltr'>areo</span> <span class='ocrx_word' id='word_1_668' title='bbox 3551 4746 3794 4800; x_wconf 73' lang='lat' dir='ltr'>agnam.</span> 
     </span>
     <span class='ocr_line' id='line_1_103' title="bbox 2133 4746 3794 4868; baseline 0.002 -17"><span class='ocrx_word' id='word_1_669' title='bbox 2133 4799 2374 4868; x_wconf 86' lang='lat' dir='ltr'>Spurias</span> <span class='ocrx_word' id='word_1_670' title='bbox 2406 4799 2602 4853; x_wconf 90' lang='lat' dir='ltr'>invehi</span> <span class='ocrx_word' id='word_1_671' title='bbox 2637 4816 2702 4853; x_wconf 89' lang='lat' dir='ltr'>ac</span> <span class='ocrx_word' id='word_1_672' title='bbox 2735 4797 3023 4852; x_wconf 87' lang='lat' dir='ltr'>venditari</span> <span class='ocrx_word' id='word_1_673' title='bbox 3049 4815 3282 4853; x_wconf 89' lang='lat' dir='ltr'>merces</span> <span class='ocrx_word' id='word_1_674' title='bbox 3318 4798 3462 4854; x_wconf 88' lang='lat' dir='ltr'>nihil</span> <span class='ocrx_word' id='word_1_675' title='bbox 3515 4746 3794 4855; x_wconf 52' lang='lat' dir='ltr'>haesitans</span> 
     </span>
    </p>
   </div>
   <div class='ocr_carea' id='block_1_102' title="bbox 2134 4870 3800 4952">
    <p class='ocr_par' dir='ltr' id='par_1_102' title="bbox 2134 4870 3800 4952">
     <span class='ocr_line' id='line_1_104' title="bbox 2134 4870 3800 4952; baseline 0.001 -28"><span class='ocrx_word' id='word_1_676' title='bbox 2134 4870 2367 4952; x_wconf 72' lang='lat' dir='ltr'>reponit</span> <span class='ocrx_word' id='word_1_677' title='bbox 2389 4871 2675 4952; x_wconf 82' lang='lat' dir='ltr'>Hypatius</span> <span class='ocrx_word' id='word_1_678' title='bbox 2701 4873 2841 4952; x_wconf 47' lang='lat' dir='ltr'>tgnln</span> <span class='ocrx_word' id='word_1_679' title='bbox 2866 4870 3284 4952; x_wconf 46' lang='lat' dir='ltr'>tantumnflalsae</span> <span class='ocrx_word' id='word_1_680' title='bbox 3308 4871 3800 4952; x_wconf 40' lang='lat' dir='ltr'>sunt.,.i_nq_uiens_,</span> 
     </span>
    </p>
   </div>
   <div class='ocr_carea' id='block_1_103' title="bbox 2134 4939 3802 5011">
    <p class='ocr_par' dir='ltr' id='par_1_103' title="bbox 2134 4939 3802 5011">
     <span class='ocr_line' id='line_1_105' title="bbox 2134 4939 3802 5011; baseline 0.002 -17"><span class='ocrx_word' id='word_1_681' title='bbox 2134 4939 2414 5011; x_wconf 71' lang='lat' dir='ltr'>epistolae.</span> <span class='ocrx_word' id='word_1_682' title='bbox 2444 4939 2562 4996; x_wconf 83' lang='lat' dir='ltr'>sive</span> <span class='ocrx_word' id='word_1_683' title='bbox 2606 4940 3053 4996; x_wconf 85' lang='lat' dir='ltr'>testificationes</span> <span class='ocrx_word' id='word_1_684' title='bbox 3096 4939 3209 4995; x_wconf 81' lang='lat' dir='ltr'>illae</span> <span class='ocrx_word' id='word_1_685' title='bbox 3267 4958 3415 5011; x_wconf 86' lang='lat' dir='ltr'>quas</span> <span class='ocrx_word' id='word_1_686' title='bbox 3461 4939 3682 5010; x_wconf 77' lang='lat' dir='ltr'>dicitis,</span> <span class='ocrx_word' id='word_1_687' title='bbox 3735 4948 3802 4997; x_wconf 89' lang='lat' dir='ltr'>ut.</span> 
     </span>
    </p>
   </div>
   <div class='ocr_carea' id='block_1_104' title="bbox 2133 5012 3795 5083">
    <p class='ocr_par' dir='ltr' id='par_1_104' title="bbox 2133 5012 3795 5083">
     <span class='ocr_line' id='line_1_106' title="bbox 2133 5012 3795 5083; baseline 0.001 -16"><span class='ocrx_word' id='word_1_688' title='bbox 2133 5028 2325 5083; x_wconf 87' lang='lat' dir='ltr'>neque</span> <span class='ocrx_word' id='word_1_689' title='bbox 2360 5030 2542 5067; x_wconf 90' lang='lat' dir='ltr'>unum</span> <span class='ocrx_word' id='word_1_690' title='bbox 2561 5030 2629 5067; x_wconf 84' lang='lat' dir='ltr'>ex</span> <span class='ocrx_word' id='word_1_691' title='bbox 2654 5012 2767 5066; x_wconf 92' lang='lat' dir='ltr'>illis</span> <span class='ocrx_word' id='word_1_692' title='bbox 2801 5013 3012 5067; x_wconf 89' lang='lat' dir='ltr'>beatus</span> <span class='ocrx_word' id='word_1_693' title='bbox 3042 5012 3293 5080; x_wconf 75' lang='lat' dir='ltr'>Cyrillus</span> <span class='ocrx_word' id='word_1_694' title='bbox 3310 5012 3558 5068; x_wconf 90' lang='lat' dir='ltr'>voluerit</span> <span class='ocrx_word' id='word_1_695' title='bbox 3605 5030 3795 5069; x_wconf 90' lang='lat' dir='ltr'>recor-</span> 
     </span>
    </p>
   </div>
   <div class='ocr_carea' id='block_1_105' title="bbox 2134 5083 3801 5155">
    <p class='ocr_par' dir='ltr' id='par_1_105' title="bbox 2134 5083 3801 5155">
     <span class='ocr_line' id='line_1_107' title="bbox 2134 5083 3801 5155; baseline 0.002 -19"><span class='ocrx_word' id='word_1_696' title='bbox 2134 5084 2281 5138; x_wconf 89' lang='lat' dir='ltr'>dari.</span> <span class='ocrx_word' id='word_1_697' title='bbox 2320 5106 2346 5132; x_wconf 74' lang='grc' dir='ltr'><strong>η</strong></span> <span class='ocrx_word' id='word_1_698' title='bbox 2380 5084 2790 5155; x_wconf 88' lang='lat' dir='ltr'>Suspicionem</span> <span class='ocrx_word' id='word_1_699' title='bbox 2829 5083 2956 5138; x_wconf 85' lang='lat' dir='ltr'>falsi</span> <span class='ocrx_word' id='word_1_700' title='bbox 2985 5084 3214 5155; x_wconf 84' lang='lat' dir='ltr'>amoliri</span> <span class='ocrx_word' id='word_1_701' title='bbox 3240 5085 3801 5142; x_wconf 90' lang='lat' dir='ltr'>studentSeveriani</span> 
     </span>
    </p>
   </div>
   <div class='ocr_carea' id='block_1_106' title="bbox 2133 5154 3801 5227">
    <p class='ocr_par' dir='ltr' id='par_1_106' title="bbox 2133 5154 3801 5227">
     <span class='ocr_line' id='line_1_108' title="bbox 2133 5154 3801 5227; baseline 0.002 -18"><span class='ocrx_word' id='word_1_702' title='bbox 2133 5155 2425 5227; x_wconf 7' lang='lat' dir='ltr'>etiaiunt:</span> <span class='ocrx_word' id='word_1_703' title='bbox 2465 5154 2669 5227; x_wconf 51' lang='lat' dir='ltr'>«(Quid</span> <span class='ocrx_word' id='word_1_704' title='bbox 2701 5171 2838 5226; x_wconf 91' lang='lat' dir='ltr'>ergo</span> <span class='ocrx_word' id='word_1_705' title='bbox 2891 5154 3304 5226; x_wconf 89' lang='lat' dir='ltr'>suspicamini.</span> <span class='ocrx_word' id='word_1_706' title='bbox 3359 5156 3500 5227; x_wconf 85' lang='lat' dir='ltr'>quia</span> <span class='ocrx_word' id='word_1_707' title='bbox 3543 5175 3652 5212; x_wconf 92' lang='lat' dir='ltr'>nos</span> <span class='ocrx_word' id='word_1_708' title='bbox 3698 5173 3801 5213; x_wconf 86' lang='lat' dir='ltr'>eas</span> 
     </span>
    </p>
   </div>
   <div class='ocr_carea' id='block_1_107' title="bbox 2133 5226 3802 5300">
    <p class='ocr_par' dir='ltr' id='par_1_107' title="bbox 2133 5226 3802 5300">
     <span class='ocr_line' id='line_1_109' title="bbox 2133 5226 3802 5300; baseline 0.002 -20"><span class='ocrx_word' id='word_1_709' title='bbox 2133 5226 2565 5300; x_wconf 80' lang='lat' dir='ltr'>falsavimus?»</span> <span class='ocrx_word' id='word_1_710' title='bbox 2624 5226 2746 5300; x_wconf 80' lang='lat' dir='ltr'>Non</span> <span class='ocrx_word' id='word_1_711' title='bbox 2801 5227 2968 5300; x_wconf 82' lang='lat' dir='ltr'>ipsis,</span> <span class='ocrx_word' id='word_1_712' title='bbox 3019 5228 3119 5281; x_wconf 88' lang='lat' dir='ltr'>sed</span> <span class='ocrx_word' id='word_1_713' title='bbox 3182 5226 3441 5300; x_wconf 82' lang='lat' dir='ltr'>antiquis</span> <span class='ocrx_word' id='word_1_714' title='bbox 3495 5229 3802 5300; x_wconf 81' lang='lat' dir='ltr'>Apollina-</span> 
     </span>
    </p>
   </div>
   <div class='ocr_carea' id='block_1_108' title="bbox 2136 5297 3800 5370">
    <p class='ocr_par' dir='ltr' id='par_1_108' title="bbox 2136 5297 3800 5370">
     <span class='ocr_line' id='line_1_110' title="bbox 2136 5297 3800 5370; baseline 0.002 -17"><span class='ocrx_word' id='word_1_715' title='bbox 2136 5298 2295 5370; x_wconf 86' lang='lat' dir='ltr'>ristis</span> <span class='ocrx_word' id='word_1_716' title='bbox 2329 5298 2478 5352; x_wconf 90' lang='lat' dir='ltr'>hanc</span> <span class='ocrx_word' id='word_1_717' title='bbox 2493 5314 2622 5353; x_wconf 89' lang='lat' dir='ltr'>esse</span> <span class='ocrx_word' id='word_1_718' title='bbox 2643 5297 3011 5370; x_wconf 85' lang='lat' dir='ltr'>tribuendam</span> <span class='ocrx_word' id='word_1_719' title='bbox 3032 5299 3297 5352; x_wconf 86' lang='lat' dir='ltr'>fraudem</span> <span class='ocrx_word' id='word_1_720' title='bbox 3313 5304 3371 5354; x_wconf 92' lang='lat' dir='ltr'>et</span> <span class='ocrx_word' id='word_1_721' title='bbox 3403 5297 3800 5370; x_wconf 80' lang='lat' dir='ltr'>imposturam</span> 
     </span>
    </p>
   </div>
   <div class='ocr_carea' id='block_1_109' title="bbox 2135 5368 3796 5444">
    <p class='ocr_par' dir='ltr' id='par_1_109' title="bbox 2135 5368 3796 5444">
     <span class='ocr_line' id='line_1_111' title="bbox 2135 5368 3796 5444; baseline 0.004 -22"><span class='ocrx_word' id='word_1_722' title='bbox 2135 5368 2217 5444; x_wconf 82' lang='lat' dir='ltr'>ait</span> <span class='ocrx_word' id='word_1_723' title='bbox 2248 5371 2533 5444; x_wconf 84' lang='lat' dir='ltr'>Hypatius</span> <span class='ocrx_word' id='word_1_724' title='bbox 2567 5386 2653 5444; x_wconf 64' lang='lat' dir='ltr'>2_f‘_</span> <span class='ocrx_word' id='word_1_725' title='bbox 2679 5369 2788 5444; x_wconf 83' lang='lat' dir='ltr'>Vos</span> <span class='ocrx_word' id='word_1_726' title='bbox 2823 5386 2938 5423; x_wconf 91' lang='lat' dir='ltr'>non</span> <span class='ocrx_word' id='word_1_727' title='bbox 2964 5372 3366 5441; x_wconf 81' lang='lat' dir='ltr'>suspicamur,</span> <span class='ocrx_word' id='word_1_728' title='bbox 3395 5368 3796 5444; x_wconf 32' lang='lat' dir='ltr'>sed—antiquos</span> 
     </span>
    </p>
   </div>
   <div class='ocr_carea' id='block_1_110' title="bbox 2133 5440 3796 5512">
    <p class='ocr_par' dir='ltr' id='par_1_110' title="bbox 2133 5440 3796 5512">
     <span class='ocr_line' id='line_1_112' title="bbox 2133 5440 3796 5512; baseline 0.004 -18"><span class='ocrx_word' id='word_1_729' title='bbox 2133 5441 2434 5496; x_wconf 71' lang='lat' dir='ltr'>haereticos</span> <span class='ocrx_word' id='word_1_730' title='bbox 2471 5440 2937 5512; x_wconf 84' lang='lat' dir='ltr'>Apollinarislas.</span> <span class='ocrx_word' id='word_1_731' title='bbox 2973 5465 2995 5512; x_wconf 63' lang='grc' dir='ltr'><em>ρ</em></span> <span class='ocrx_word' id='word_1_732' title='bbox 3033 5440 3178 5494; x_wconf 88' lang='lat' dir='ltr'>Tum</span> <span class='ocrx_word' id='word_1_733' title='bbox 3212 5444 3585 5500; x_wconf 90' lang='lat' dir='ltr'>contentione</span> <span class='ocrx_word' id='word_1_734' title='bbox 3637 5440 3796 5500; x_wconf 76' lang='lat' dir='ltr'>mota</span> 
     </span>
    </p>
   </div>
   <div class='ocr_carea' id='block_1_111' title="bbox 2133 5511 3794 5583">
    <p class='ocr_par' dir='ltr' id='par_1_111' title="bbox 2133 5511 3794 5583">
     <span class='ocr_line' id='line_1_113' title="bbox 2133 5511 3794 5583; baseline 0.002 -16"><span class='ocrx_word' id='word_1_735' title='bbox 2133 5513 2205 5567; x_wconf 88' lang='lat' dir='ltr'>ob</span> <span class='ocrx_word' id='word_1_736' title='bbox 2240 5513 2447 5567; x_wconf 86' lang='lat' dir='ltr'>citatos</span> <span class='ocrx_word' id='word_1_737' title='bbox 2473 5511 2670 5583; x_wconf 75' lang='lat' dir='ltr'>Cyriili</span> <span class='ocrx_word' id='word_1_738' title='bbox 2701 5511 2882 5567; x_wconf 89' lang='lat' dir='ltr'>libros</span> <span class='ocrx_word' id='word_1_739' title='bbox 2908 5511 3180 5567; x_wconf 76' lang='lat' dir='ltr'>Adversus</span> <span class='ocrx_word' id='word_1_740' title='bbox 3216 5513 3518 5569; x_wconf 78' lang='lat' dir='ltr'>Diodorum</span> <span class='ocrx_word' id='word_1_741' title='bbox 3547 5520 3600 5571; x_wconf 81' lang='lat' dir='ltr'>et</span> <span class='ocrx_word' id='word_1_742' title='bbox 3627 5516 3794 5571; x_wconf 71' lang='lat' dir='ltr'>Theoo</span> 
     </span>
    </p>
   </div>
   <div class='ocr_carea' id='block_1_112' title="bbox 2131 5584 3793 5657">
    <p class='ocr_par' dir='ltr' id='par_1_112' title="bbox 2131 5584 3793 5657">
     <span class='ocr_line' id='line_1_114' title="bbox 2131 5584 3793 5657; baseline 0.002 -20"><span class='ocrx_word' id='word_1_743' title='bbox 2131 5584 2354 5650; x_wconf 87' lang='lat' dir='ltr'>dorum,</span> <span class='ocrx_word' id='word_1_744' title='bbox 2405 5586 2475 5638; x_wconf 90' lang='lat' dir='ltr'>de</span> <span class='ocrx_word' id='word_1_745' title='bbox 2519 5584 2734 5654; x_wconf 89' lang='lat' dir='ltr'>quibus</span> <span class='ocrx_word' id='word_1_746' title='bbox 2801 5599 3048 5657; x_wconf 82' lang='lat' dir='ltr'>numero</span> <span class='ocrx_word' id='word_1_747' title='bbox 3120 5590 3416 5657; x_wconf 86' lang='lat' dir='ltr'>sequente</span> <span class='ocrx_word' id='word_1_748' title='bbox 3468 5587 3793 5657; x_wconf 87' lang='lat' dir='ltr'>expendere</span> 
     </span>
    </p>
   </div>
   <div class='ocr_carea' id='block_1_113' title="bbox 2133 5655 3795 5730">
    <p class='ocr_par' dir='ltr' id='par_1_113' title="bbox 2133 5655 3795 5730">
     <span class='ocr_line' id='line_1_115' title="bbox 2133 5655 3795 5730; baseline 0.002 -20"><span class='ocrx_word' id='word_1_749' title='bbox 2133 5658 2325 5730; x_wconf 84' lang='lat' dir='ltr'>pergit</span> <span class='ocrx_word' id='word_1_750' title='bbox 2358 5657 2683 5730; x_wconf 66' lang='lat' dir='ltr'>Ephesinus</span> <span class='ocrx_word' id='word_1_751' title='bbox 2716 5655 2962 5730; x_wconf 82' lang='lat' dir='ltr'>antistes</span> <span class='ocrx_word' id='word_1_752' title='bbox 2992 5655 3632 5730; x_wconf 20' lang='lat' dir='ltr'>testimoniaiPalru&#39;m,</span> <span class='ocrx_word' id='word_1_753' title='bbox 3667 5674 3795 5730; x_wconf 69' lang='lat' dir='ltr'>quis</span> 
     </span>
    </p>
   </div>
   <div class='ocr_carea' id='block_1_114' title="bbox 2147 5726 3797 5784">
    <p class='ocr_par' dir='ltr' id='par_1_114' title="bbox 2147 5726 3797 5784">
     <span class='ocr_line' id='line_1_116' title="bbox 2147 5726 3797 5784; baseline 0.002 -4"><span class='ocrx_word' id='word_1_754' title='bbox 2147 5728 2323 5782; x_wconf 80' lang='lat' dir='ltr'>)rimo</span> <span class='ocrx_word' id='word_1_755' title='bbox 2375 5728 2496 5781; x_wconf 86' lang='lat' dir='ltr'>loco</span> <span class='ocrx_word' id='word_1_756' title='bbox 2539 5726 2831 5782; x_wconf 71' lang='lat' dir='ltr'>Severiani</span> <span class='ocrx_word' id='word_1_757' title='bbox 2901 5727 3274 5782; x_wconf 85' lang='lat' dir='ltr'>attulerunt:</span> <span class='ocrx_word' id='word_1_758' title='bbox 3342 5728 3482 5783; x_wconf 86' lang='lat' dir='ltr'>Nam</span> <span class='ocrx_word' id='word_1_759' title='bbox 3519 5735 3577 5784; x_wconf 86' lang='lat' dir='ltr'>et</span> <span class='ocrx_word' id='word_1_760' title='bbox 3636 5726 3797 5784; x_wconf 79' lang='lat' dir='ltr'>beati</span> 
     </span>
    </p>
   </div>
   <div class='ocr_carea' id='block_1_115' title="bbox 2128 5744 3800 5871">
    <p class='ocr_par' dir='ltr' id='par_1_115' title="bbox 2128 5744 3800 5871">
     <span class='ocr_line' id='line_1_117' title="bbox 2147 5744 3797 5784; baseline 0.002 -4"><span class='ocrx_word' id='word_1_761' title='bbox 2147 5745 2323 5782; x_wconf 78' lang='lat' dir='ltr'>)rimo</span> <span class='ocrx_word' id='word_1_762' title='bbox 2375 5744 2496 5781; x_wconf 78' lang='lat' dir='ltr'>loco</span> <span class='ocrx_word' id='word_1_763' title='bbox 2539 5744 2831 5782; x_wconf 70' lang='lat' dir='ltr'>severum:</span> <span class='ocrx_word' id='word_1_764' title='bbox 2901 5744 3274 5782; x_wconf 76' lang='lat' dir='ltr'>attulerunt:</span> <span class='ocrx_word' id='word_1_765' title='bbox 3342 5744 3482 5783; x_wconf 66' lang='lat' dir='ltr'>nam</span> <span class='ocrx_word' id='word_1_766' title='bbox 3519 5744 3577 5784; x_wconf 84' lang='lat' dir='ltr'>et</span> <span class='ocrx_word' id='word_1_767' title='bbox 3638 5744 3797 5784; x_wconf 76' lang='lat' dir='ltr'>Deatl</span> 
     </span>
     <span class='ocr_line' id='line_1_118' title="bbox 2128 5744 3800 5871; baseline 0.002 -17"><span class='ocrx_word' id='word_1_768' title='bbox 2128 5744 2297 5866; x_wconf 52' lang='lat' dir='ltr'>ilulii,</span> <span class='ocrx_word' id='word_1_769' title='bbox 2335 5798 2627 5868; x_wconf 71' lang='lat' dir='ltr'>inquiens.</span> <span class='ocrx_word' id='word_1_770' title='bbox 2650 5799 2942 5871; x_wconf 80' lang='lat' dir='ltr'>famosam</span> <span class='ocrx_word' id='word_1_771' title='bbox 2962 5799 3124 5854; x_wconf 86' lang='lat' dir='ltr'>illam</span> <span class='ocrx_word' id='word_1_772' title='bbox 3148 5799 3457 5871; x_wconf 87' lang='lat' dir='ltr'>epistolam</span> <span class='ocrx_word' id='word_1_773' title='bbox 3484 5801 3800 5858; x_wconf 84' lang='lat' dir='ltr'>manifeste</span> 
     </span>
    </p>
   </div>
   <div class='ocr_carea' id='block_1_116' title="bbox 2127 5869 3796 5948">
    <p class='ocr_par' dir='ltr' id='par_1_116' title="bbox 2127 5869 3796 5948">
     <span class='ocr_line' id='line_1_119' title="bbox 2127 5869 3796 5948; baseline 0.001 -22"><span class='ocrx_word' id='word_1_774' title='bbox 2127 5870 2484 5944; x_wconf 87' lang='lat' dir='ltr'>Apollinaris</span> <span class='ocrx_word' id='word_1_775' title='bbox 2517 5869 2888 5926; x_wconf 89' lang='lat' dir='ltr'>ostendimus</span> <span class='ocrx_word' id='word_1_776' title='bbox 2919 5869 3124 5939; x_wconf 88' lang='lat' dir='ltr'>fuisse,</span> <span class='ocrx_word' id='word_1_777' title='bbox 3156 5869 3439 5944; x_wconf 83' lang='lat' dir='ltr'>scriptam</span> <span class='ocrx_word' id='word_1_778' title='bbox 3472 5873 3545 5929; x_wconf 89' lang='lat' dir='ltr'>ad</span> <span class='ocrx_word' id='word_1_779' title='bbox 3577 5873 3796 5948; x_wconf 74' lang='lat' dir='ltr'>Diony-</span> 
     </span>
    </p>
   </div>
  </div>
