4130 6380
344 354 368 409 1
383 353 488 409 029

1341 347 1679 405 VINDICIJE
1718 347 2014 404 OPERUM
2051 347 2768 416 AREOPAGITICORUM.

3624 352 3764 409 1030

337 479 470 534 fuit.
508 499 535 527 ››
569 476 954 533 Retinendam
979 491 1108 531 esse
1136 491 1334 530 vocem
1367 499 1393 524 ‹‹
1423 475 1803 546 Areopagitae,
1831 497 1858 524 »
1885 474 1990 529 Co-
2021 478 2076 545 Α
2104 475 2156 538 3,
2191 476 2218 546 ξ
2247 474 2301 538 7,
2337 473 2396 527 in
2431 475 2568 546 ﬁne,
2598 473 2846 544 legimus
2879 491 2892 528 :
2929 477 3286 546 Per/ectaque
3318 491 3508 530 rerum
3535 482 3761 534 nostra-

229 607 241 625 ι
337 550 692 625 rinthiorum
718 547 1465 625 expungendatn,_felicius
1496 548 1856 625 conjectatpr
1892 552 1990 601 Le-

337 622 592 695 quienus
625 622 684 695 in
717 619 1138 695 Dissertatione
1159 619 1336 674 citata
1369 636 1530 674 num.
1569 620 1633 673 12
1659 637 1679 695 ς
1710 641 1738 668 ‹‹
1771 619 1990 695 Carne-

338 690 489 762 Eius,
522 693 821 764 inquiens,
853 697 1009 746 hunc
1060 691 1250 764 locum
1307 708 1418 746 non
1473 690 1720 764 sanavit,
1755 692 1996 764 dempta

339 781 481 822 voce
504 785 530 812 ι‹
548 763 933 838 AreOpagitaa,
949 784 981 838 ξ)
1004 779 1071 818 ac
1093 764 1142 838 si
1166 763 1479 838 Dionysius
1494 763 1756 838 corinthi
1777 763 1997 838 episco-

342 855 488 910 pus,
513 837 613 908 qui
644 835 901 910 secundo
940 835 1137 910 ﬂoruit
1167 838 1400 910 saeculo,
1433 836 1994 910 laudatuspotiusa

337 906 556 981 Cyrillo
609 909 763 964 credi
815 913 1036 981 posset.
1081 906 1616 981 Nam__Liberatum
1672 907 1760 960 hic
1795 907 1998 977 paucis

339 976 583 1036 narrare
614 976 866 1045 constat,
901 979 1043 1050 quid
1079 979 1135 1031 in
1169 976 1478 1050 collatione
1504 976 1996 1048 Constantinopo-

341 1052 529 1108 litana
555 1058 787 1123 gestum
819 1049 1044 1106 sitsum
1076 1049 1432 1123 Severianis;
1467 1066 1532 1104 ex
1567 1050 2001 1123 cujusproinde

344 1123 494 1180 actis
542 1121 902 1195 Areopagitas
949 1121 1442 1195 nuncupationem
1495 1121 1853 1195 retinendam
1895 1123 2000 1195 do-

343 1212 568 1252 cemur.
603 1193 930 1250 Hunc’vero
964 1193 1309 1264 scriptorem
1346 1194 1637 1248 memoria:
1671 1193 1859 1264 lapsu,
1893 1194 2000 1248 Co-

348 1268 698 1322 rinthiorum
734 1265 1096 1336 episcopum,
1153 1281 1254 1336 pro
1285 1265 1698 1320 Atheniensem
1734 1265 2002 1336 posuisse

345 1341 711 1465 Equanquam
741 1339 990 1392 fortasse
1041 1338 1398 1392 notariorum
1444 1353 1607 1391 error
1637 1337 1750 1392 dici
1784 1337 2000 1406 debet).

393 1413 464 1465 ed
496 1412 624 1465 eius
654 1417 847 1464 textus
869 1409 952 1463 sic
976 1411 1171 1462 forsan
1201 1407 1426 1463 restitui
1463 1415 1650 1465 potest
1684 1425 1696 1462 :
1736 1432 1754 1456 α
1793 1411 1853 1463 In
1879 1408 2000 1465 qui-

393 1407 464 1465 ed
496 1407 624 1480 ejus
654 1417 847 1464 textus
869 1409 952 1463 sic
976 1411 1171 1462 forsan
1201 1407 1426 1463 restitui
1463 1415 1650 1479 potest
1684 1425 1696 1462 :
1736 1432 1754 1456 α
1793 1411 1853 1463 In
1879 1408 2002 1478 qui-

347 1485 460 1536 bus
490 1481 866 1536 continentur
886 1480 1265 1550 antiquorum
1289 1480 1524 1534 Patrum
1557 1480 1891 1550 incorrupta
1912 1485 2002 1534 te-

349 1554 650 1615 stimonia,
687 1554 743 1606 id
776 1558 864 1607 est
896 1552 1098 1607 Felicis
1120 1568 1280 1622 pupae
1305 1551 1572 1617 Romani,
1605 1551 1747 1606 Julii
1769 1553 1837 1605 ad
1866 1551 2002 1605 Dio-

351 1626 589 1697 nysium
623 1624 1056 1697 Corinthiorum
1079 1623 1720 1697 episcopum,Di_onysii
1752 1627 2002 1697 Areopa-

351 1695 508 1768 gitae,
542 1701 600 1750 et
630 1696 890 1768 Gregorii
944 1695 1228 1768 mirabilis
1271 1695 1689 1768 cognominati.
1731 1717 1749 1768 ξ
1790 1695 2002 1768 Diony-

355 1765 511 1824 sium
545 1765 769 1823 etenim
796 1767 983 1831 illum,
1017 1767 1088 1821 ad
1122 1783 1295 1836 quem
1347 1765 1486 1821 Julii
1522 1783 1693 1838 papa:
1715 1766 1852 1838 data
1881 1765 2000 1836 epi-

2103 545 2696 620 t_iu_m__assumptione,
2730 560 2976 620 _suarum
3025 561 3124 620 nos
3175 545 3476 618 participes
3525 550 3762 620 efﬁciat.

2103 616 2456 672 Scholiastes
2498 619 2580 672 ait
2612 633 2624 670 :
2661 640 2687 666 ‹‹
2719 618 2990 688 Perfecta.
3038 618 3206 688 Nota,
3250 616 3396 690 quid
3424 620 3497 675 de
3526 616 3760 676 Christo

2105 689 2280 762 dicat,
2300 689 2425 762 sive
2445 690 2517 744 de
2550 691 2811 762 perfecta
2829 692 2962 762 ejus
2986 689 3398 762 assumptione
3422 690 3758 748 humanita-

2106 761 2205 822 tis.
2239 760 2414 814 etiam
2447 767 2650 816 contra
2677 761 3124 832 Apollinarium.
3154 783 3180 810 ››
3206 760 3272 816 Et
3292 763 3477 832 capite
3508 765 3561 830 4,
3595 781 3760 820 num.

2106 834 2160 895 3,
2248 833 2332 908 1t),
2365 832 2561 908 divino
2609 833 3575 908 unguentoChristusdenotatur,
3608 833 3660 889 ἐν
3690 839 3762 908 τῇ

2107 902 2428 979 καθ’ἒ-ἡμᾶς
2484 903 2656 979 eius
2708 902 2847 976 πρὸς
2905 902 3164 979 ἀλήθειαν
3225 903 3650 979 ἑνανθρωπὴσει,
3701 902 3764 963 in

2107 975 2266 1031 totali
2297 984 2348 1030 et
2381 977 2695 1030 omnimodo
2723 975 3022 1032 secundum
3072 979 3361 1033 veritatem
3387 975 3764 1036 humanitatis

2109 1046 2700 1123 assumptione._0_u_ze
2760 1060 2933 1103 verba
2983 1049 3506 1123 animadvertenda
3560 1068 3765 1123 propo-

2111 1123 2336 1193 nuntur
2367 1120 2423 1171 in
2456 1118 2692 1173 Scholiis
2723 1135 2739 1172 :
2775 1141 2802 1169 «
2836 1124 2982 1175 Nota
3013 1127 3228 1187 autem,
3262 1118 3764 1193 integram—natu-

2111 1206 2236 1245 ram
2270 1189 2589 1265 humanam
2621 1193 3038 1262 assumpsisse,
3063 1198 3266 1265 contra
3295 1189 3428 1265 illos
3460 1194 3560 1265 qui
3593 1193 3764 1250 illum

2111 1260 2651 1335 mentisexpertem
2686 1260 2980 1318 asserunt-
3019 1260 3045 1313 ί)
3085 1267 3157 1319 De
3186 1264 3393 1319 divinis
3421 1260 3763 1335 nominibus,

2112 1338 2299 1410 capite
2333 1334 2380 1398 1,
2503 1334 2557 1410 4ε
2601 1333 2684 1386 ait
2728 1339 2929 1410 auctor
2960 1351 2972 1388 :
3005 1341 3076 1390 Se
3119 1335 3274 1390 nobis
3322 1336 3458 1410 πρὸς
3503 1333 3764 1410 ἀΛήθειᾳν

2111 1404 2334 1467 ὑλικῶς,
2367 1420 2490 1477 vere
2533 1404 2741 1475 integre
2787 1406 2844 1460 in
2893 1423 3001 1460 una
3034 1423 3270 1477 persona
3313 1404 3419 1462 sua
3457 1409 3767 1464 communi-

2111 1479 2275 1532 cavit.
2313 1496 2340 1523 ‹‹
2372 1475 2590 1549 Nempe
2620 1477 2770 1546 quod
2825 1477 2966 1532 dicit
2997 1475 3213 1547 inlegre
3243 1481 3331 1549 (ut
3363 1479 3443 1534 ait
3471 1480 3765 1536 Scholias-

2113 1552 2221 1622 tes)
2252 1553 2342 1602 est
2361 1548 2535 1602 etiam
2556 1557 2762 1622 contra
2786 1550 3208 1620 Apollinarium
3229 1570 3242 1614 ;
3269 1551 3565 1622 signiﬁcat
3585 1552 3767 1622 enim,

2113 1619 2307 1696 ipsum
2329 1622 2727 1696 assumpsisse
2748 1619 3046 1696 hominem
3075 1619 3461 1692 perfectum.»
3480 1624 3548 1678 Et
3578 1619 3769 1696 capite

2111 1687 2166 1759 2—,
2192 1691 2230 1770 ¹ξ
2258 1692 2292 1744 9
2326 1687 2606 1770 31mian
2638 1689 2725 1742 καὶ
2761 1688 2983 1770 ἀλῃθῷς
3031 1687 3246 1770 integre
3274 1705 3327 1749 et
3372 1711 3496 1750 vere
3526 1687 3772 1770 nostram

2113 1765 2482 1818 substantiam
2510 1765 3110 1838 assumpseritnhParia
3142 1771 3461 1822 occurrunt
3493 1766 3770 1838 plurima,

354 1840 506 1896 stola
541 1840 851 1922 ferebatur,
879 1835 1786 1932 Corinthiepiscopumap‘pellat
1810 1837 2001 1932 3460B:
2039 1867 2084 1932 Β
2117 1851 2243 1932 qna:
2275 1851 2409 1887 cum
2445 1838 2732 1932 prfecipgo
2764 1835 3313 1932 Apollinaristarum
3350 1835 3639 1895 hmreseos
3671 1835 3771 1895 ca;

355 1913 478 1966 tius
509 1911 735 1965 actione
765 1914 798 1963 8
832 1915 906 1964 De
943 1911 1116 1964 sectis.
1152 1929 1182 1960 »
1215 1912 1349 1975 Quae
1381 1913 1462 1963 ita
1492 1910 1540 1962 si
1573 1926 1700 1963 sese
1731 1909 2006 1974 habeant,

357 1983 672 2038 dicendum
719 1983 882 2046 foret,
917 1983 976 2034 in
1010 1982 1126 2034 illis
1168 1980 1362 2052 Cyrilli
1397 1982 1602 2036 Contra
1633 1981 1927 2035 Diodorum
1961 1983 2013 2034 et

361 2056 707 2110 Theodorum
738 2053 902 2107 libris
927 2053 1230 2107 laudatum
1258 2052 1440 2106 fuisse
1471 2054 1809 2123 Dionysium
1835 2061 2012 2106 Areo-

355 2126 913 2209 pagita‘mhejus‘qu‘e
947 2126 1196 2209 al'l‘egata
1228 2125 1587 2209 testimonia.
1623 2125 1733 2179 Sed
1771 2141 1911 2209 num
1937 2139 2014 2209 ‘ea

355 2195 484 2280 ipse
502 2195 1125 2280 adhibueritCyrillus,
1147 2212 1218 2249 an
1246 2197 1756 2280 haereticanmanus
1779 2195 2016 2280 addide-

355 2267 452 2335 rit,
487 2269 736 2322 dubium
769 2273 878 2331 est,
913 2268 1065 2339 quod
1103 2269 1160 2339 in
1195 2267 1498 2321 collatione
1520 2268 2012 2335 Constantinopo-

356 2342 544 2396 litana
578 2339 732 2394 haud
763 2341 906 2393 satis
937 2338 1275 2409 expeditum
1329 2339 1575 2394 videtur.
1608 2339 1755 2392 lllud
1795 2343 2012 2409 postref

358 2429 456 2468 mo
488 2413 771 2466 adnotare
820 2427 934 2464 non
988 2408 1388 2480 praetermitto,
1442 2408 2015 2482 LeontiiiiBy'zantini

357 2484 486 2538 loco
520 2484 698 2537 citato
738 2481 1086 2536 sententiam
1139 2497 1288 2546 esse,
1317 2481 1627 2552 epistolam
1677 2480 1838 2535 illam
1873 2480 2016 2535 Julii

366 2577 393 2609 ιι
426 2556 497 2610 ad
534 2553 873 2625 Dionysium
906 2553 1166 2625 Corinthi
1210 2557 1573 2624 episcopum,
1609 2553 1751 2624 quin
1797 2559 1852 2607 ct
1879 2570 2015 2625 sep,-

358 2633 477 2682 tem
528 2623 1020 2696 alias'epistolas,
1073 2641 1198 2696 quas
1247 2623 1376 2692 ejus
1425 2640 1553 2678 esse
1603 2623 1898 2695 dicuntur,
1942 2623 2014 2679 ab

359 2699 698 2770 Apollinare
732 2695 771 2745 n
792 2695 1103 2768 prodiisse,
1134 2701 1416 2766 tanquam
1448 2700 1704 2751 auctore.

1146 2803 1242 2860 III.

361 2889 654 2955 Prxczpuo
709 2882 1243 2953 Apollinarislarum
1290 2883 1556 2939 hwreseos
1602 2883 1774 2954 capiti
1807 2882 2020 2954 passim

436 2958 804 3011 ualuersantur
853 2957 1058 3026 Opera,
1089 2957 1246 3025 vulgo
1295 2957 1670 3026 Are0pagitica
1716 2973 1736 3009 :
1781 2955 2020 3024 adeoque

436 3029 504 3083 ab
533 3030 735 3083 eisdem
762 3042 873 3081 non
900 3025 1221 3097 prodierunt
1241 3025 1538 3084 haereticis.
1572 3027 1862 3082 Guillelmi
1883 3027 2022 3082 Cave

437 3101 715 3155 sententia
741 3098 1090 3170 expenditur.

443 3194 881 3250 Humanitatem
914 3194 1126 3249 Christi
1161 3193 1392 3248 Domini
1427 3193 1782 3248 mutilabant
1813 3192 2022 3264 Apolli-

369 3267 608 3323 uarietas
640 3266 923 3320 nobiliore
953 3282 1061 3320 sua
1079 3273 1261 3336 parte,
1279 3266 1537 3319 humana
1559 3265 1783 3320 scilicet
1806 3270 2021 3319 mente.

369 3340 518 3396 Cum
552 3353 763 3408 nempe
792 3354 859 3392 ex
899 3338 1132 3392 duabus
1182 3339 1356 3392 rebus
1390 3338 1660 3408 perfectis
1690 3344 1749 3391 et
1777 3337 2026 3408 integris

372 3410 645 3480 componi
678 3425 860 3463 unum
894 3409 1117 3480 aliquid
1152 3425 1266 3462 non
1301 3425 1471 3478 posse
1502 3409 1925 3472 existimarent,
1953 3416 2025 3463 ab

371 3483 740 3538 humanitate
769 3481 1007 3547 Christi,
1042 3486 1106 3535 ut
1137 3480 1186 3534 is
1220 3497 1372 3534 unus
1422 3486 1860 3550 agnosceretur,
1894 3495 2024 3534 eam

369 3553 665 3610 sustulere
688 3557 932 3623 partem,
951 3568 1076 3622 qua:
1097 3551 1397 3606 rationalis
1419 3552 1796 3621 est,ejusdem
1823 3551 2027 3606 munia

374 3629 434 3680 in
466 3625 722 3680 Verbum
776 3632 1013 3695 propter
1060 3624 1337 3678 unionem
1386 3639 1521 3677 cum
1572 3639 1746 3678 carne
1775 3623 2026 3695 transfe-

371 3704 590 3752 rentes.
621 3694 928 3767 SOphistas
952 3695 1272 3767 Platonicos
1290 3717 1316 3742 «
1341 3699 1579 3749 secutus
1611 3700 1699 3749 est
1731 3694 2025 3767 Apollina-

372 3770 499 3824 rius
529 3765 727 3839 (verba
769 3773 910 3821 sunt
951 3765 1202 3839 Nemesii
1237 3767 1428 3839 capite
1464 3771 1483 3819 1
1524 3767 1594 3821 De
1621 3776 1822 3820 natura
1846 3766 2027 3821 homi-

370 3842 486 3910 nis)
517 3837 618 3911 qui
670 3839 830 3894 aliud
879 3854 1006 3892 esse
1059 3838 1348 3911 animum.
1381 3837 1539 3893 aliud
1576 3838 2024 3909 intelligentiam

374 3909 737 3977 statuebant,
766 3916 943 3981 atque
974 3926 1042 3963 ex
1073 3910 1272 3981 tribus
1297 3909 1596 3964 hominem
1629 3917 1898 3965 constare
1928 3927 2027 3963 vo-

322 4015 336 4028 ο
373 3985 525 4048 lunt,
559 3999 817 4053 corpore,
855 3980 1082 4044 animo.
1118 3980 1505 4052 intelligentia
1538 3999 1552 4039 :
1586 3998 1702 4053 quo
1733 3983 2028 4052 opinionis

372 4071 494 4111 81133
526 4056 679 4122 iacto
713 4055 1116 4123 fundamento,
1150 4053 1371 4124 reliqua
1404 4071 1510 4109 suo
1542 4054 1799 4124 dogmati
1831 4069 2031 4108 conve-

375 4127 607 4182 nienter
639 4125 906 4180 astruxit.
938 4147 958 4172 ι
987 4127 1132 4180 Hinc
1155 4126 1440 4180 inferebat
1467 4125 1582 4192 ille,
1606 4127 1821 4180 nedum
1849 4140 2028 4178 unam

374 4215 507 4255 esse
535 4198 750 4253 Christi
785 4213 1094 4268 personam
1121 4197 1592 4268 ethypostasim,
1626 4213 1821 4251 verum
1847 4203 2029 4268 etina-

373 4277 568 4326 turam
605 4267 805 4323 unam.
839 4268 1000 4322 Hanc
1049 4267 1422 4322 anathemate
1466 4273 1880 4337 percusserunt
1911 4267 2030 4320 has-

377 4345 557 4397 resim
609 4341 870 4410 synodus
921 4338 1314 4410 Alexandrina
1343 4340 1498 4395 650
1548 4341 1657 4394 sub
1710 4338 2031 4392 Athanasio

374 4430 531 4470 anno
578 4409 704 4479 362,
758 4411 1022 4466 Romana
1067 4411 1177 4465 sub
1225 4409 1478 4464 Damaso
1526 4427 1678 4480 papa
1719 4427 1872 4464 anno
1901 4410 2028 4476 373,

371 4485 737 4542 Antiochena
767 4500 921 4538 anno
955 4483 1076 4547 378,
1102 4488 1160 4536 et
1179 4480 1850 4552 Constantinopolitana,
1873 4497 2029 4535 mcu-

380 4556 607 4612 menica
639 4555 914 4618 secunda,
949 4571 1102 4609 anno
1133 4554 1256 4607 381.

2119 1907 2238 1978 pite
2268 1911 2632 1978 pugnantex
2663 1907 2968 1962 diametro.

2196 1983 2401 2053 Aucth
2433 1977 2652 2053 prologi
2676 1979 2748 2053 _in
2780 1980 2979 2053 eadem
3014 1994 3191 2053 opera
3213 1981 3639 2053 AreOpagitica,
3671 1981 3772 2053 qui

2122 2064 2335 2102 nomen
2365 2052 2421 2103 S.
2455 2049 2688 2102 Maximi
2741 2052 2970 2119 praefert
3015 2049 3073 2103 in
3106 2049 3772 2120 editione'Corderiana,

2123 2121 2221 2194 sed
2261 2125 2556 2194 parentem
2593 2121 2767 2194 habet
2785 2122 3070 2194 Joannem
3104 2122 3676 2194 ScythOpolitanum,
3711 2130 3777 2179 ut

2124 2192 2277 2245 intra
2327 2191 2666 2256 dicendum,
2718 2192 2886 2265 hanc,
2922 2191 3242 2263 impietatis
3289 2191 3778 2265 A'pollinaristiczn

2125 2268 2320 2317 notam
2350 2266 2473 2332 jam
2505 2266 2632 2333 ejus
2662 2268 2830 2319 aetate
2875 2263 3191 2334 impactam
3228 2263 3542 2322 hisivcrbis
3572 2266 3775 2322 amoli-

2124 2338 2265 2407 tur_:
2301 2355 2327 2381 «
2354 2335 2499 2396 Quin
2537 2335 2754 2407 audent
2778 2336 2983 2406 aliqui,
3006 2337 3300 2407 inquiens,
3328 2337 3612 2394 hereseos
3639 2339 3776 2394 insi-

2126 2404 2361 2482 mulare
2395 2407 2592 2460 divum
2616 2404 3006 2482 Dionysium,
3055 2404 3181 2462 cum
3218 2404 3461 2482 prorsus
3493 2427 3607 2464 non
3641 2426 3776 2482 cog-

2126 2481 2393 2540 noscant,
2425 2493 2548 2547 qua
2580 2478 2699 2531 sint
2749 2478 3174 2533 haereticorum.
3203 2481 3260 2532 Si
3292 2481 3448 2536 enim
3483 2498 3614 2536 cum
3651 2478 3779 2536 sin-

2125 2549 2304 2620 gulis,
2339 2549 2555 2623 quaeuin
2605 2549 2891 2623 haereticis
2942 2552 3222 2623 damnata
3267 2557 3428 2620 sunt,
3461 2553 3638 2623 hujus
3669 2555 3770 2608 do-

2125 2619 2319 2688 gmata
2357 2619 2706 2695 conferrent,
2741 2622 2814 2675 ab
2858 2621 3061 2692 impiis
3090 2621 3223 2695 istis
3254 2623 3438 2679 multo
3470 2619 3658 2695 magis
3689 2624 3776 2678 di-

2127 2697 2283 2771 stare
2308 2692 2738 2771 cognovissent,
2771 2709 2952 2771 quain
2978 2710 3176 2748 verum
3203 2693 3402 2771 lumen
3436 2712 3468 2750 a
3500 2692 3778 2771 tenebris.

2128 2763 2274 2826 Quid
2309 2763 2768 2834 enimrdixerint
2815 2765 2886 2819 de
2918 2763 2987 2818 iis
3020 2780 3150 2834 quas
3197 2766 3270 2820 de
3318 2765 3442 2821 sola
3483 2768 3782 2823 adoranda

2126 2833 2516 2918 'l‘rinitate_ab
2565 2835 2686 2918 ipso
2727 2833 3052 2918 theologica
3082 2837 3496 2918 apponuntur?
3527 2838 3674 2901 Quid
3708 2839 3781 2918 d_e

2130 2905 2838 2979 uno‘beatissimarhujus
2862 2905 3326 2979 Trinitatis_lesu
3362 2909 3612 2979 Christo,
3647 2909 3782 2966 uni-

2130 2976 2326 3052 genito
2370 2976 2466 3030 Dei
2517 2977 2724 3052 Verbo,
2757 2979 2859 3050 qui
2903 2976 3128 3039 τελείως
3177 2976 3613 3052 ὲνᾳνθρωπῆσαιζ
3655 2997 3781 3052 per-

2125 3050 2265 3127 fecte
2293 3047 2537 3127 humana
2583 3049 2745 3127 indui
2775 3047 2994 3127 natura
3039 3051 3268 3106 voluit?
3315 3047 3403 3107 An
3445 3047 3560 3108 non
3592 3047 3779 3127 ψόχὴν

2130 3116 2330 3186 ἔννουν,
2363 3119 2607 3194 animum
2653 3120 3104 3194 intellectualem,
3133 3128 3191 3178 et
3238 3139 3448 3194 corpus
3479 3116 3780 3180 terrenum

2136 3197 2335 3267 nostro
2367 3191 2559 3246 simile
2577 3195 2870 3267 recensuit
2889 3193 2916 3248 ?
2941 3216 2968 3244 »
3002 3194 3131 3249 Haec
3151 3211 3292 3250 sane
3319 3191 3412 3267 qui
3447 3202 3563 3252 tam
3595 3198 3785 3252 diser-

2136 3270 2192 3339 te
2224 3266 2412 3327 docet,
2444 3269 2563 3317 tam
2608 3265 2914 3336 perspicue
2955 3268 3279 3337 prolitetur,
3337 3265 3451 3322 dici
3484 3268 3786 3339 Apollina-

2135 3336 2280 3390 rista
2311 3351 2423 3388 non
2460 3341 2666 3404 potest.

2206 3407 2499 3460 Guillelmi
2535 3407 2679 3461 Cave
2725 3405 2784 3460 in
2839 3406 3091 3462 Historia
3139 3407 3417 3463 litterario
3454 3410 3785 3478 scriptorum

2134 3479 2624 3551 ecclesiasticarum
2671 3478 2868 3549 opinio
2916 3480 3136 3551 fuerat,
3154 3496 3397 3551 operum
3450 3482 3520 3534 de
3565 3479 3785 3551 quibus

2136 3549 2386 3622 agimus,
2435 3556 2729 3604 auctorem
2791 3549 3403 3622 esse‘Apollin’arium
3461 3549 3785 3606 antistitem

2138 3621 2551 3684 Laodicenum,
2575 3637 2784 3692 nempe
2811 3620 3240 3692 Apollinarium
3265 3622 3474 3689 filium,
3494 3622 3788 3678 mutilato-

2138 3709 2257 3746 rem
2298 3693 2510 3747 mentis
2542 3693 2610 3766 in
2640 3693 2780 3766 Jesu
2827 3694 3077 3760 Christo,
3112 3695 3271 3764 regni
3308 3695 3620 3750 millenarii
3654 3711 3786 3766 pro-

2138 3770 2542 3837 pugnatorem.
2596 3765 2904 3837 Laodiceae,
2939 3782 3066 3837 quas
3117 3769 3201 3820 Ad
3255 3783 3415 3822 mare
3463 3765 3696 3833 dicitur,
3727 3765 3788 3820 in

2139 3835 2537 3907 patriarchatu
2571 3835 2927 3891 Antiocheno
2955 3835 3155 3906 gestas
3188 3838 3260 3892 ab
3292 3837 3393 3894 illo
3425 3839 3661 3903 infulas,
3694 3854 3788 3892 os-

2137 3908 2326 3962 tendit
2358 3908 2691 3978 Lequienus
2740 3907 2799 3962 in
2852 3907 3074 3964 Oriente
3120 3908 3434 3965 Christiano
3461 3926 3480 3963 :
3514 3930 3542 3959 «
3574 3909 3791 3963 Verum

2140 3994 2200 4033 re
2234 3977 2776 4050 rnelius’perpensa
2822 3979 3041 4049 (inquit
3088 3980 3346 4049 Cavaaus)
3398 3979 3646 4036 eruditis
3676 3979 3794 4050 dis-

2139 4050 2492 4122 quirendum
2556 4049 2844 4120 relinquo,
2905 4068 2976 4104 an
3046 4069 3159 4106 non
3219 4051 3578 4122 Apollinario
3640 4049 3792 4122 patri

2140 4121 2588 4193 potiusyquam
2640 4121 2759 4193 ﬁlio
2807 4123 3214 4193 Areopagitica
3265 4121 3384 4177 sint
3434 4121 3792 4178 tribuenda?

2138 4193 2304 4264 Certe
2335 4192 2543 4264 lilium,
2577 4192 2732 4247 utin
2782 4192 2914 4247 aliis
2963 4192 3098 4248 fidei
3132 4193 3397 4250 articulis
3426 4193 3791 4264 hereticum,

2138 4263 2401 4336 itaiinter
2426 4260 2666 4318 Millenii
2701 4270 3161 4336 propugnatores
3194 4272 3499 4322 recensent
3526 4270 3750 4321 veteres
3775 4260 3792 4335 ξ

2140 4335 2242 4407 qui
2274 4340 2682 4407 tamenerror,
2738 4341 2802 4390 ut
2834 4338 3055 4394 notavit
3104 4336 3240 4392 olim
3293 4338 3350 4394 S.
3386 4338 3697 4407 Maximus,
3729 4336 3790 4392 in

2141 4406 2234 4460 his
2265 4406 2430 4462 libris
2459 4406 2684 4478 liquido
2715 4407 3048 4464 damnatur.
3103 4409 3274 4464 Pater
3299 4426 3432 4465 vero
3465 4410 3522 4464 in
3557 4406 3792 4464 ﬁdesa-

2142 4495 2253 4531 nus
2285 4483 2444 4542 erat;
2483 4494 2587 4533 nec
2619 4479 2689 4533 de
2728 4478 2826 4534 illo
2857 4478 3026 4535 aliter
3056 4480 3378 4550 loquuntur
3407 4485 3650 4546 veteres,
3676 4479 3794 4536 nisi

2143 4551 2292 4620 quod
2327 4552 2589 4605 Socrates
2622 4551 2798 4606 semel
2849 4567 2982 4606 eum
3034 4553 3234 4607 eadem
3269 4569 3403 4607 cum
3435 4551 3556 4607 tilio
3587 4550 3794 4607 hzeresi

453 4609 946 4683 Luculentissim'a
979 4626 1196 4681 suntin
1216 4624 1493 4694 operibus
1510 4623 1680 4690 vulgo
1717 4623 2028 4694 Areopagi-
2063 4609 2108 4671 D
2139 4609 2431 4676 involvere
2460 4621 2693 4695 videtur
2745 4642 2770 4671 ω
2813 4622 2941 4695 Haec
2990 4623 3130 4678 satis
3178 4630 3394 4692 essent,
3427 4623 3643 4695 inquio,
3662 4637 3791 4695 ego,

371 4701 509 4755 ticis
543 4698 897 4754 testimonia.
932 4713 1058 4767 quae
1100 4697 1347 4766 impium
1386 4695 1560 4749 hocce
1589 4696 1803 4766 dogma
1837 4695 2032 4748 tundi-

376 4778 476 4827 tus
507 4769 868 4825 convellunt.
913 4769 991 4824 De
1018 4767 1230 4823 libellis
1261 4768 1536 4833 Gregorio
1567 4768 2030 4837 Thaumaturgo,

378 4843 553 4899 Felici
583 4848 640 4896 et
668 4841 824 4898 Julio
856 4841 1136 4895 Romanis
1193 4839 1569 4910 pontiﬁcibus
1620 4838 1942 4902 attributis,
1977 4843 2036 4892 et

377 4931 446 4970 ex
478 4913 1028 4984 Apollinaristarum
1082 4911 1316 4984 ofﬁcina
1351 4911 1796 4984 prodeuntibus,
1831 4910 2032 4984 s_i_cre-

379 4981 580 5040 dimus
612 4985 852 5057 Hypatio
886 4985 939 5057 in
961 5000 1111 5054 saepe
1135 4981 2036 5057 laudataConstantinopolitana

379 5053 714 5122 collatione,
746 5056 856 5111 hoc
898 5056 1020 5110 loco
1046 5053 1184 5109 iuon
1218 5071 1345 5125 ago.
1382 5053 1571 5108 Pauca
1600 5053 2032 5122 Areopagitico-

382 5146 510 5185 run:
548 5129 804 5199 proferre
839 5130 962 5182 loca
1004 5125 1194 5194 liceat,
1248 5142 1493 5199 quorum
1531 5127 1783 5195 primum
1818 5125 1878 5178 in
1909 5125 2034 5195 epi-

379 5202 531 5257 stola
551 5198 590 5254 4
621 5200 690 5255 ad
723 5200 918 5266 Caium
947 5199 1277 5253 monac/ium
1310 5198 1561 5251 habetur
1592 5213 1604 5252 :
1636 5199 1897 5252 Jesus.....
1925 5211 2036 5250 cae-

378 5276 514 5328 teris
571 5270 887 5327 hominibus
946 5270 1388 5325 substantialiter
1441 5279 1774 5340 aggregutus
1839 5272 2033 5340 est.._...

378 5346 708 5415 inquantum
767 5346 844 5397 est
903 5359 1093 5397 revera
1148 5342 1338 5415 _hom_o,_
1357 5338 1680 5415 secundum
1721 5344 1886 5415 totum
1926 5338 2037 5415 fio-

377 5408 550 5471 minis
593 5415 983 5478 substantiam,
1041 5413 1182 5466 κατ’-
1217 5409 1403 5465 οὐσῖαν
1456 5408 1611 5479 ὅλην.
1665 5411 1725 5465 1n
1777 5410 2033 5478 Scholiis,

379 5504 628 5558 quorum
665 5486 861 5556 aliqua
889 5485 1144 5540 Joannes
1168 5483 1681 5558 Scythopolitanus
1703 5482 1909 5558 edidit,
1945 5481 2035 5536 lu-

377 5554 643 5615 cubravit
692 5554 806 5612 alia
859 5557 1149 5612 Maximus
1198 5554 1440 5627 martyr,
1489 5555 1680 5626 legere
1732 5554 1851 5609 haec
1896 5558 2030 5608 est:

375 5634 499 5687 «In
531 5631 635 5686 hac
662 5639 845 5685 autem
893 5627 1323 5697 dispensatione,
1378 5635 1657 5697 tanquam
1709 5627 2032 5697 secundum

372 5708 556 5758 totam
593 5702 850 5756 hominis
880 5696 1278 5756 substantiam
1312 5696 1722 5754 substantialis
1746 5698 1918 5751 homo
1939 5696 2032 5750 di-

372 5777 619 5830 citur....
656 5774 911 5828 Observa
941 5778 1135 5827 autem
1169 5778 1356 5828 totum
1389 5771 1650 5843 epistolae
1674 5775 2032 5843 contextum,

369 5847 652 5919 quoniam
680 5850 770 5900 est
791 5848 992 5922 contra
1013 5859 1249 5922 omnem
1273 5839 1566 5922 hieresim,
1585 5839 2031 5922 tam-antiquam

373 5912 553 5993 quam
601 5933 830 5977 novam.
867 5937 896 5967 ν
942 5916 1019 5972 De
1053 5916 1423 5974 ecclesiastica
1468 5912 1813 5981 hierarchia,
1845 5912 2035 5985 capite

2142 4698 2206 4747 ut
2257 4693 2659 4767 Areopagitica
2707 4695 2778 4748 ab
2830 4694 3113 4750 haereticis
3165 4693 3592 4767 Apollinaristis
3633 4693 3792 4751 haud

2186 4766 2431 4838 rodiisse
2463 4765 2687 4838 liquido
2729 4771 3003 4838 certoque
3050 4765 3361 4823 constaret.
3399 4768 3540 4823 Rem
3575 4767 3794 4838 quippe

2171 4784 2431 4819 ll‘OﬂllSBB
2463 4784 2687 4833 llQlllOO
2729 4784 3003 4838 certoque
3050 4784 3361 4823 οοηειατεῑ..
3399 4784 3540 4823 rtem
3616 4784 3794 4838 ulppe

2171 4837 2609 4910 uculentissime
2654 4837 2969 4910 conﬁrmat
3017 4845 3221 4908 aperta
3270 4840 3432 4910 regni
3478 4784 3794 4893 milienarii

2141 4909 2667 4981 damn:itio._quod
2717 4910 3148 4981 Apollinarislaa
3199 4909 3533 4966 heterodoxi
3575 4926 3792 4981 propu-

2141 4981 2443 5053 gnabant.‘
2480 4979 2793 5053 Insignem,
2821 4980 3008 5036 locum
3056 4983 3284 5053 profero
3330 4998 3399 5036 ex
3436 4979 3622 5050 capite
3651 4979 3796 5036 7’Dc

2141 5050 2504 5106 ecclesiastica
2554 5052 2892 5116 hierarchia,
2939 5050 3102 5108 num.
3159 5055 3206 5121 1,
3253 5055 3280 5119 Ξ
3325 5054 3406 5108 2:
3457 5055 3564 5108 Alii
3610 5068 3793 5120 porro,

2140 5124 2326 5178 nescio
2374 5138 2479 5193 quo
2524 5127 2680 5192 pacto
2738 5123 2809 5179 ait
2857 5127 3106 5180 terrenas
3163 5126 3527 5194 cogitationes
3570 5123 3795 5195 dilapsi,

2142 5195 2421 5261 dixerunt,
2467 5197 2906 5268 prwsentiivilm
2951 5195 3195 5251 similem
3244 5197 3413 5251 beatis
3459 5195 3799 5268 promissam

2142 5282 2254 5320 esse
2282 5265 2690 5320 sanctissimam
2738 5267 3217 5337 beatissimamque
3258 5265 3498 5329 sortem';
3544 5269 3800 5338 cibosque

2141 5341 2273 5393 vita:
2302 5337 2569 5410 variubili
2597 5337 2844 5407 proprios
2874 5338 2966 5400 iis,
3001 5338 3096 5410 qui
3125 5341 3345 5406 angelis
3373 5340 3617 5410 aequales
3644 5337 3795 5402 sunt,

2142 5408 2363 5478 nefarie
2393 5409 2799 5482 applicuerunt.
2853 5410 2954 5465 Sed
2985 5408 3142 5482 absit
3191 5415 3254 5465 ut
3299 5408 3548 5482 unquam
3577 5419 3800 5482 sanctus

2142 5483 2231 5535 vir
2259 5482 2537 5551 quispiam
2571 5481 2624 5534 in
2678 5480 2993 5537 istiusmodi
3038 5497 3248 5537 errores
3278 5479 3509 5539 incidat.
3551 5479 3800 5552 Apposi-

2141 5553 2442 5624 tissimum
2469 5553 2654 5624 refero
2674 5552 2938 5609 scholion
2963 5554 3118 5624 quod
3145 5555 3256 5608 sub
3279 5555 3518 5610 nomine
3539 5555 3596 5610 S.
3624 5552 3800 5624 Maxi-

2144 5625 2223 5678 mi
2259 5623 2315 5677 in
2348 5623 2702 5696 Corderiana
2732 5624 2912 5680 citata
2934 5623 3191 5680 editione
3222 5631 3446 5696 prostat
3474 5643 3487 5680 :
3527 5647 3549 5674 ς
3586 5623 3803 5679 Beatis-

2143 5696 2491 5769 simamquc.
2529 5695 2656 5749 Hinc
2707 5696 2786 5750 ait
2834 5697 3170 5761 insinuans,
3205 5695 3268 5752 ut
3299 5699 3524 5769 opinor,
3562 5697 3797 5760 Papiam

2144 5767 2466 5839 Hierapolis
2499 5769 2646 5820 Asiae
2673 5771 3037 5839 episcopum,
3066 5769 3164 5838 qui
3193 5770 3310 5824 divi
3340 5767 3587 5825 Joannis
3620 5769 3805 5823 Evan-

2141 5838 2364 5911 gelistas
2397 5841 2763 5912 temporibus
2793 5838 3010 5896 ﬂoruit.
3044 5839 3148 5896 Hic
3175 5847 3372 5897 autem
3407 5839 3620 5912 Papias
3640 5839 3801 5912 libro

2142 5910 2218 5968 iv.
2270 5910 2687 5968 Dominicarum
2736 5929 2982 5970 suarum
3029 5910 3506 5982 explanationum'
3540 5910 3804 5986 scripsit,
