4130 6386
302 277 443 337 1035

1589 282 1659 335 Β.
1700 283 1762 336 Ρ.
1800 282 1866 336 Β.
1908 284 1984 337 Μ.
2023 286 2123 340 ΒΕ
2159 283 2427 341 BUBEIS

3582 284 3745 342 1036‘

298 404 615 485 Dionysius
644 403 756 458 iste
783 401 1018 485 (pergit)
1043 402 1173 473 jam
1208 407 1394 485 sexto,
1421 405 1810 485 jamquinto,
1838 405 1960 462 imo
1985 413 2042 480 Α
2072 412 2229 482 quod
2252 409 2606 485 Areopagita
2633 413 3035 485 Romanorum
3057 412 3275 485 potius,
3300 428 3479 485 quam
3494 416 3730 468 Greco-

297 484 355 534 et
385 474 597 551 quarto
628 474 839 551 sacculo
863 475 1104 541 citatur;
1138 490 1289 551 ergo;
1310 475 1464 547 prior
1484 474 1803 551 esthtqui
1826 495 1956 533 rur-

298 546 432 606 sum
469 546 1243 620 primisquatuorszeculis,
1278 546 1395 601 imo
1426 552 1482 601 et
1521 546 1734 604 saeculo
1770 556 1955 619 sexto,

299 629 357 677 et
388 616 561 689 ult—ra,
594 618 691 673 alii
721 616 985 691 Dionysii
1028 635 1143 673 non
1196 618 1452 687 fuerunt,
1488 621 1575 673 vel
1607 616 1956 691 eruditione,

300 693 389 749 vel
423 692 537 747 alio
571 692 808 745 nomine
852 689 994 762 noti,
1042 693 1247 761 praeter
1294 692 1725 762 Arcopagitam,
1758 689 1957 749 Coriné

300 765 495 820 thium
528 769 585 818 et
616 761 1090 817 Alexandrinum.
1118 762 1227 817 Sed
1260 761 1476 830 noster,
1504 780 1645 818 sane
1667 765 1957 832 eruditus,

305 854 422 893 non
454 840 543 890 est
582 833 957 905 Areopagita;
992 834 1147 903 quod
1199 833 1272 887 ab
1323 833 1453 889 aliis
1485 836 1554 890 ad
1588 837 1825 891 oculum
1859 838 1959 893 de-

307 913 703 964 monstratum
733 911 842 961 est.
880 905 1209 980 Neque_est
1252 905 1611 980 Corinthius,
1646 913 1770 963 tum
1804 910 1960 980 quod

308 979 650 1036 Corinthius
683 983 890 1050 praeter
920 978 1206 1050 quaedam
1241 977 1518 1047 epistolas
1551 977 1848 1037 veteribus
1879 998 1962 1036 re-

309 1052 587 1117 censitas,
621 1048 766 1105 nihil
799 1048 1105 1119 seripsisse
1146 1055 1523 1119 metueretur,
1558 1056 1679 1106 tum
1712 1052 1786 1107 ob
1816 1053 1963 1108 alias

315 1124 531 1178 multas
561 1122 844 1187 rationes;
871 1118 1008 1192 ergo
1038 1124 1127 1175 est
1153 1118 1600 1177 Alexandrinus.
1628 1124 1755 1178 Iimc
1788 1124 1961 1179 Bara-

310 1195 443 1252 terii
487 1194 885 1266 sententia,_in
937 1209 1053 1263 qua
1102 1194 1626 1266 tamengprimum,
1661 1197 1814 1266 quod
1847 1196 1962 1251 sibi

310 1267 437 1323 dari
471 1268 728 1337 postulat
757 1264 851 1319 hic
884 1270 1108 1337 auctor,
1142 1279 1255 1317 non
1309 1264 1386 1337 ita
1438 1266 1606 1320 facile
1656 1264 1960 1323 concesse-

312 1341 448 1405 rint,
472 1335 815 1412 quiopera,
835 1335 1009 1412 vulgo
1039 1336 1654 1412 AreOpagitica,__65-l
1688 1340 1963 1412 Dionysio

311 1407 1039 1481 Areopagitzsqtribuenda
1087 1413 1427 1481 pernegant.
1463 1408 1744 1480 Hypatius
1777 1407 1963 1481 Ephe-

311 1478 502 1547 sinus,
535 1478 591 1536 et
621 1478 719 1535 alii
746 1478 1017 1534 catholici
1059 1479 1355 1535 antistites
1379 1481 1439 1535 in
1472 1478 1784 1537 collatione
1814 1478 1965 1539 Con-

312 1552 864 1625 stantinopolitana
893 1551 1358 1625 contendebant,
1410 1553 1613 1607 eadem
1664 1572 1839 1625 opera
1891 1557 1964 1611 ab

315 1621 605 1699 haereticis
627 1621 925 1695 Dionysio,
944 1622 1252 1699 eidemque
1272 1624 1632 1696 Areopagita
1656 1621 1968 1699 supposita

314 1698 518 1753 fuisse.
542 1695 742 1767 Neque
784 1694 1059 1769 praeterea
1107 1694 1252 1748 satis
1283 1694 1535 1769 constat,
1558 1694 1792 1753 saeculo
1823 1716 1966 1769 prae-

314 1770 517 1825 sertim
551 1766 761 1838 quarto
792 1768 995 1841 eadem
1029 1772 1166 1820 nota
1189 1783 1259 1841 ac
1288 1766 1738 1841 vulgalartuisee
1769 1766 1964 1841 opera,

315 1849 492 1910 atque
520 1841 758 1895 demum
799 1840 885 1910 ab
916 1840 1044 1905 ejus
1098 1838 1203 1892 aevi
1252 1838 1644 1909 scriptoribus
1693 1838 1964 1910 laudata;

317 1908 473 1969 unde
503 1928 576 1967 an
609 1917 774 1967 aetate
805 1908 962 1981 prior
985 1910 1161 1984 fuerit
1178 1908 1967 1984 auctorAreopagiticorum,

316 2002 431 2040 non
464 1984 854 2046 demonstrat,
888 1998 1002 2037 non
1034 1981 1244 2036 evincit
1279 1981 1633 2039 Baraterius.

390 2056 604 2111 Inanes
636 2054 973 2126 futilesque,
991 2057 1245 2126 utputo,
1269 2054 1433 2109 addit
1460 2054 1557 2110 ille
1578 2056 1967 2126 conjecturas,

317 2126 487 2198 queis
519 2142 733 2198 magno
763 2124 1157 2198 Alexandrino
1176 2125 1455 2198 Dionysio
1477 2124 1713 2182 laudata
1745 2127 1973 2197 adjudi-

316 2197 411 2253 cet
440 2213 637 2270 opera.
681 2197 948 2268 Legenda
993 2197 1166 2270 jubet
1212 2197 1542 2270 fragmenta
1587 2198 1969 2270 epistolarum

316 2270 446 2340 eius
471 2267 540 2324 ad
570 2267 905 2324 Germanum
926 2268 1082 2341 apud
1113 2267 1431 2341 Eusebium
1457 2270 1607 2325 libro
1625 2267 1705 2331 v1.
1731 2286 1855 2341 cap.
1884 2273 1969 2339 11,

316 2348 376 2396 et
408 2341 557 2396 libro
590 2358 690 2408 vn,
734 2356 863 2412 cap.
891 2342 977 2404 11,
999 2340 1060 2412 in
1111 2339 1330 2412 quibus
1360 2341 1461 2407 ait,
1484 2347 1541 2396 et
1577 2339 1869 2397 Timothei
1916 2347 1975 2397 et

315 2412 435 2470 Caii
475 2411 831 2467 mentionem
887 2411 1047 2477 ﬁeri;
1081 2427 1146 2465 ac
1180 2412 1228 2466 si
1276 2411 1434 2467 idem
1482 2413 1560 2468 sit
1604 2413 1970 2481 Timotheus,

316 2485 485 2566 idem
506 2483 916 2566 Gaiusquibus
939 2482 1219 2566 epistolas
1251 2482 1481 2566 aliquas
1512 2490 1568 2539 et
1600 2486 1972 2566 libros-nun-

318 2562 495 2627 cupat
510 2573 575 2611 ac
595 2555 800 2611 scribit
821 2555 1605 2627 auctorArcopagiticorum.
1628 2558 1972 2623 Lubricum,

318 2626 652 2684 ac’elumbe
681 2627 815 2699 quis
848 2643 962 2700 non
997 2626 1675 2700 videatargumentum?
1705 2629 1847 2700 Styli
1880 2631 1975 2700 de-

322 2716 486 2755 mum
519 2697 965 2777 consonantiam
999 2698 1055 2777 in
1095 2697 1318 2777 prolixe
1346 2700 1673 2777 fragmento
1707 2697 1838 2773 ΙΙέρὶ
1870 2697 1972 2777 φέ-

321 2790 475 2837 σεως,
510 2772 584 2826 De
610 2775 838 2838 natura,
870 2772 1024 2842 quod
1074 2771 1239 2826 aﬁ'ert
1280 2771 1570 2828 Eusebius
1600 2773 1747 2828 libro
1778 2771 1976 2829 xiv'De

358 2846 730 2914 raeparau'one
756 2843 1091 2913 evangelica,
1117 2857 1243 2911 cap.
1266 2844 1359 2911 23,
1393 2847 1611 2914 profert
1638 2844 1737 2900 ille
1759 2862 1809 2899 ;‹‹
1845 2844 1973 2911 Sty-

346 2932 444 2970 um
478 2931 709 2984 nempe,
744 2920 809 2968 ut
838 2914 896 2968 in
929 2914 1368 2984 Areopagiticis,
1396 2915 1737 2971 intricatum
1772 2917 1974 2971 admo~

322 2989 488 3069 dum,
503 2994 561 3041 et
588 2988 1128 3069 obscurum,_atq_ue
1143 2986 1492 3069 compositis
1513 2988 1976 3069 ampullatisque

322 3059 563 3143 vocibus
594 3058 891 3143 plenum?»
916 3063 992 3111 At
1021 3057 1215 3143 simile
1245 3057 1547 3143 quidpiam
1576 3057 1723 3143 nihil
1754 3076 1860 3143 ego
1893 3061 1975 3113 vi-

321 3131 450 3203 deo,
487 3129 865 3203 nihilﬂvident
917 3129 1290 3203 eruditiores.
1321 3134 1666 3203 Commenta
1717 3129 1974 3203 philoso-

321 3201 573 3273 phorum
633 3202 851 3275 ibidem
902 3200 1352 3275 Alexandrinus
1386 3200 1903 3275 Dionysius'rel'er

323 3272 578 3344 quorum
611 3272 712 3328 alii
745 3295 774 3323 ι(
810 3272 1157 3344 Universum
1193 3272 1489 3344 inﬁnitum
1521 3272 1651 3329 esse
1675 3276 1981 3343 putabant,

325 3350 456 3400 ortu
492 3360 848 3418 carer_e,gnec
883 3343 999 3398 ullo
1048 3343 1427 3418 providentia
1479 3346 1726 3401 consilio
1777 3347 1917 3418 regi.
1956 3369 1984 3395 ››

323 3423 565 3473 Atomos
593 3416 689 3472 alii
724 3415 1010 3480 invexere,
1046 3415 1074 3466 ί»
1107 3417 1450 3487 incorrupta
1480 3420 1751 3488 quaedam
1774 3415 1986 3488 exigua

324 3489 694 3560 corpuscula,
730 3488 1380 3560 numeroqucginﬁnita,
1438 3506 1674 3560 unaque
1724 3490 1983 3558 spatium

327 3558 568 3644 aliquod
601 3577 875 3626 vacuum,
904 3558 1014 3615 nec
1037 3558 1423 3644 ullisﬁnibus
1445 3558 1983 3644 circumscriptum.

330 3631 478 3703 Hinc
508 3633 651 3686 dum
698 3649 840 3703 casu
892 3637 1129 3702 propter
1173 3631 1432 3701 impetus
1482 3631 1982 3703 perturbationem

333 3702 459 3775 aliae
490 3719 625 3775 cum
659 3702 790 3757 aliis
822 3707 1207 3775 concurrunt,
1236 3718 1302 3758 ac
1335 3702 1572 3774 prppter
1600 3704 1986 3775 multiplicem

337 3774 589 3845 ﬁguram
614 3774 766 3829 inter
787 3790 916 3830 sese
936 3774 1415 3841 commiscentur,
1440 3774 1535 3830 hic
1565 3774 1844 3841 mundus,
1868 3778 1987 3833 imo

338 3844 546 3901 mundi
579 3844 756 3901 etiam
790 3846 1004 3901 inﬁniti
1034 3845 1165 3899 facti
1194 3851 1353 3903 sunt.
1379 3867 1407 3894 »
1441 3847 1589 3912 Quid
1622 3846 1718 3902 hic
1749 3848 1986 3904 intrica-

336 3921 485 3984 tum,
511 3916 646 3991 quid
670 3919 1031 3991 obscurum,
1063 3933 1331 3991 quaenam
1363 3919 1539 3991 verba
1577 3920 1904 3991 composita
1932 3923 1991 3975 et

331 3989 690 4058 ampullata?
738 3990 935 4061 Pergit
982 4004 1119 4043 vero
1176 3989 1484 4061 Dionysius
1512 4007 1640 4061 cap.
1674 3989 1765 4052 2i,
1796 3992 1887 4057 25,
1916 3992 1989 4045 26

331 4066 390 4133 et
417 4062 508 4128 2.7,
544 4062 665 4133 haec
686 4078 836 4117 vana
858 4064 1194 4117 commenta
1215 4061 1494 4133 simplici,
1515 4062 1694 4129 claro,
1721 4063 1987 4120 didasca-

327 4131 441 4189 lico
473 4132 623 4205 stylo
658 4135 983 4206 expendere
1013 4150 1079 4190 ac
1111 4131 1384 4189 refutare.

1108 4242 1207 4297 VI.

319 4317 634 4393 Coliigilur,
707 4319 1087 4392 Areopagitica
1147 4337 1319 4389 opera
1382 4337 1671 4393 perperam
1729 4322 1986 4393 Gregorio

396 4391 591 4459 Magno
638 4391 875 4447 Romano
919 4393 1171 4464 pontiﬁci
1213 4391 1489 4448 attribui.’
1517 4396 1706 4464 Neque
1758 4391 1984 4450 illorum

394 4472 591 4538 cite-tor
622 4466 964 4538 estgLaIinus
1010 4465 1290 4538 quispiam
1340 4464 1519 4538 homo,
1570 4480 1747 4536 neque
1779 4468 1982 4538 Egyp-

396 4537 529 4605 tius,
560 4536 652 4591 sed
682 4536 919 4606 Graecus,
949 4552 1019 4591 ex
1049 4536 1253 4591 Achaia
1280 4541 1339 4590 ut
1374 4536 1606 4592 videtur.

394 4630 787 4704 Singularem,
813 4651 941 4703 quae
967 4633 1078 4687 sibi
1103 4632 1418 4704 insederat,
1440 4632 1514 4704 de
1542 4636 1779 4687 auctore
1807 4637 1980 4688 Areo-

324 4705 709 4774 pagiticorum
736 4705 1070 4775 opinionem
1090 4704 1244 4759 datis
1267 4703 1483 4775 litteris
1508 4704 1577 4758 ad
1601 4704 1978 4760 Guillclmum

322 4775 470 4831 Cave
519 4775 611 4831 his
651 4774 843 4832 verbis
875 4776 1228 4847 signiﬁcavit
1281 4774 1565 4847 Henricus
1616 4776 1981 4846 Dodwellus,

323 4863 450 4917 quae
484 4847 775 4903 habentur
805 4849 864 4904 in
905 4846 1169 4918 ejusdem
1201 4847 1371 4903 Cavei
1404 4846 1647 4903 Historia
1679 4847 1977 4903 litterario.

322 4920 362 4990 Ι,
396 4919 653 4973 Dubium
688 4936 836 4982 esse,
872 4936 942 4973 an
980 4935 1095 4973 non
1140 4918 1477 4989 Dionysius,
1503 4935 1676 4990 quem
1714 4918 1767 4973 in
1802 4919 1977 4975 colla-

321 4989 477 5044 tione
533 5008 687 5046 anno
734 4994 841 5045 533
892 4990 1092 5045 habita
1132 4989 1663 5061 Constantinopoli,
1718 4991 1981 5047 citabant

317 5061 609 5116 Severiani
646 5078 747 5132 pro
779 5080 898 5118 una
930 5067 1160 5127 natura,
1196 5062 1350 5117 alius
1381 5062 1556 5117 fuerit
1585 5064 1656 5118 ab
1689 5079 1777 5129 eo,
1805 5065 1976 5133 cujus

317 5149 491 5202 opera
525 5133 811 5188 habemus
862 5133 1054 5188 hodie.
1090 5135 1161 5189 Il.
1195 5135 1569 5189 Contentioso
1603 5138 1712 5188 isto
1764 5136 1976 5191 saeculo

320 5220 433 5257 non
468 5204 730 5277 defuisse
776 5204 1112 5277 catholicos,
1150 5206 1344 5262 forsan
1398 5206 1592 5276 ipsum
1629 5206 1976 5277 Gregorium

319 5281 523 5349 postea
545 5275 877 5332 Romanum
916 5276 1275 5347 pontiﬁcem,
1301 5278 1399 5349 qui
1424 5275 1530 5332 diu
1564 5275 1977 5335 Constantino-

318 5345 437 5423 poli
475 5348 713 5414 vixerat,
747 5349 847 5419 qui
893 5345 1235 5423 Dionysium
1273 5345 1639 5423 catholicum
1676 5351 1974 5423 conﬁnge-

316 5422 466 5484 rent,
499 5434 811 5492 quemupro
837 5437 953 5475 una
984 5420 1307 5492 hypostasi,
1336 5421 1587 5490 aliisque
1616 5420 1974 5491 quibusdam

315 5490 733 5545 controversiis
759 5498 915 5564 tunc
960 5490 1244 5564 temporis
1277 5494 1539 5561 agitatis,
1575 5490 1976 5549 Orientalibus

311 5568 690 5635 opponerent.
730 5562 825 5618 Ill.
863 5564 1009 5619 Hinc
1041 5562 1173 5619 vero
1219 5564 1341 5620 Ι]ωο
1393 5582 1570 5635 Opera
1602 5566 1661 5620 in
1696 5566 1973 5621 Romana:

316 5633 583 5709 Ecclesiae
616 5635 853 5709 scriniis
896 5637 1174 5709 reposita,
1208 5641 1356 5691 teste
1387 5633 1709 5693 SCholiaste
1745 5638 1800 5692 in
1835 5643 1974 5693 Pro-

314 5704 468 5779 logo,
493 5712 551 5761 et
580 5724 613 5779 a
644 5707 928 5779 Gregorio
962 5704 1107 5776 papa
1135 5709 1390 5778 primum
1419 5710 1633 5764 diserte
1668 5710 1973 5778 producta.

315 5774 843 5849 lV’._Suspicionem
874 5774 1081 5835 exinde
1107 5774 1328 5849 augeri,
1357 5786 1420 5833 nt
1441 5781 1616 5836 habet
1647 5774 1799 5835 idem
1833 5783 1975 5837 Dod-

316 5846 528 5905 wellus
568 5850 627 5905 in
681 5850 828 5910 libro
880 5854 955 5907 De
1000 5846 1324 5909 sacerdotio
1354 5853 1575 5922 laicor.,
1609 5869 1737 5923 cap.
1772 5853 1825 5922 8,
1859 5855 1970 5925 3'3,

2071 480 2201 538 rum
2226 480 2504 551 ωσι-δέ,ἰὰ
2536 480 2857 538 adnotante
2890 480 3142 540 Maximo
3174 484 3234 540 in
3259 480 3727 551 Séholiis,enar-

2069 554 2250 622 ravit;
2286 555 2439 627 quod
2471 554 2707 627 quidem
2738 555 2812 609 ab
2843 554 3083 610 homine
3117 558 3336 623 Graeco,
3367 563 3540 627 gente
3564 556 3732 613 nimi-

2069 642 2201 681 rum
2231 632 2289 680 et
2317 626 2539 697 lingua,
2574 625 2697 680 ﬁeri
2730 626 3211 698 agreadmodum
3244 625 3543 698 probabile
3576 634 3690 683 est.

2140 713 2332 787 Nutatg
2351 729 2857 787 quaquaversum,
2876 731 2943 769 ac
2965 717 3150 770 rimas
3172 715 3296 787 agit
3317 717 3583 771 insolens
3606 716 3732 770 haec

2069 784 2457 840 Dodweliana
2488 786 2992 858 opinatio.gAlium
3044 803 3160 842 non
3214 784 3347 842 csse
3383 787 3730 858 Dionysium

2068 873 2237 926 quem
2296 858 2557 912 citabant
2599 856 2916 931 Severiani,
2961 858 3033 931 ab
3076 875 3143 931 eo
3208 858 3507 931 Dionysio,
3533 856 3731 929 cujus

2070 945 2244 999 opera
2298 931 2472 999 vulgo
2532 930 2927 1000 Areopagitica
2986 930 3159 985 hodie
3218 930 3509 985 habemus
3566 938 3730 985 certo

2071 1000 2259 1081 evinci
2292 1006 2484 1081 potest
2515 1016 2583 1081 ea
2614 1001 2685 1054 iis
2716 1017 2845 1081 quis
2878 1002 3251 1081 proterebant
3281 1002 3616 1081 Geveriani,
3638 1007 3729 1057 te-

2071 1072 2406 1143 stimoniis;
2442 1072 2681 1126 totidem
2713 1075 2868 1127 enim
2898 1074 3088 1128 verbis
3121 1075 3494 1143 reperiuntur
3514 1075 3724 1128 eadem

2070 1142 2451 1217 inoperibus,
2486 1159 2609 1212 quas
2640 1150 2982 1217 supersunt,
3037 1142 3307 1217 Dionysio
3359 1147 3730 1217 Areopagitas

2071 1215 2316 1270 tributa.
2341 1215 2486 1269 Loca
2520 1216 2807 1270 nonnulla
2828 1215 3396 1271 indicaviinu‘snum.
3418 1221 3439 1271 1
3464 1215 3727 1282 ἱιὶοᾱιοθς

2073 1287 2255 1361 alium
2290 1303 2453 1361 num.
2479 1286 2511 1341 4
2540 1287 2897 1358 protulimus
2928 1305 2995 1343 ex
3026 1289 3351 1359 Ephramio
3376 1305 3389 1342 :
3416 1291 3590 1361 plura
3620 1289 3732 1343 da-

2074 1358 2274 1414 bimus
2306 1358 2482 1413 infra.

2147 1437 2292 1502 Quid
2326 1444 2418 1492 est
2447 1453 2604 1503 vero,
2639 1439 2793 1509 quod
2843 1438 3379 1509 Areopagiticorum
3429 1443 3734 1495 auctorem

2075 1510 2409 1581 suspicetur
2424 1509 2761 1563 Ddowellus
2776 1512 3070 1566 hominem
3085 1513 3350 1566 Latinum
3368 1514 3737 1582 quempiam,

2079 1602 2105 1629 ‹‹
2141 1597 2207 1635 ac
2237 1584 2432 1635 l'orsan
2467 1582 2791 1650 ipsummet
2814 1583 3183 1652 Gregorium,
3204 1583 3421 1647 quidiu
3443 1583 3735 1637 Constan-

2076 1652 2320 1723 tinopoli
2353 1652 2616 1726 vixerat?
2654 1675 2672 1699 ο
2727 1652 2943 1726 Jussus
2976 1671 3007 1708 a
3049 1655 3282 1726 Pelagio
3334 1655 3404 1720 ll,
3457 1654 3734 1725 migravit

2076 1723 2664 1794 Constantinopolim.
2690 1725 3056 1795 apocrisiarii
3084 1723 3738 1781 muneredefunc'turus
3782 1755 3788 1761 -

1997 1795 2046 1860 B
2076 1796 2414 1876 Gregorius,
2442 1812 2597 1850 anno
2625 1796 3314 1876 5_78,aut_iﬁneequente;
3368 1798 3739 1876 Romamque

2080 1866 2253 1941 rediit
2284 1866 2379 1921 ille
2417 1883 2571 1921 anno
2621 1867 2850 1941 circiter
2895 1868 3021 1921 585.
3057 1866 3393 1941 Utramque
3443 1866 3734 1941 epocham

2080 1939 2372 2014 deﬁniunt
2402 1945 2615 2014 ascetze
2638 1938 3020 1994 Sammauraei
3054 1938 3114 1994 in
3150 1938 3416 2014 ejusdem
3468 1938 3739 2014 Gregorii

2079 2027 2242 2093 papze
2275 2009 2641 2093 Vita_cap_._5,
2666 2027 2733 2065 ac
2759 2028 2864 2093 nos
2884 2015 3057 2093 etiam
3080 2009 3476 2093 expendimus
3507 2018 3567 2066 et
3588 2009 3741 2093 con-

2081 2081 2471 2154 stituinus_in
2529 2081 2890 2137 Monumentis
2948 2081 3398 2154 Aquileiensibu:
3454 2101 3581 2154 cap.
3640 2085 3737 2151 26,

2084 2170 2251 2226 num.
2270 2156 2329 2226 4.
2366 2152 2499 2226 Jam
2526 2169 2659 2226 vero
2691 2160 2894 2226 notum
2928 2152 3415 2226 compertumque
3455 2152 3732 2222 fecimus,

2082 2225 2297 2299 seaculi
2312 2225 2458 2299 sexti
2489 2224 2678 2294 initio,
2700 2225 2787 2279 vel
2812 2226 2988 2280 etiam
3012 2224 3222 2281 saeculo
3247 2224 3453 2299 quinto
3471 2229 3741 2293 cadente,

2082 2301 2222 2369 nota
2250 2295 2456 2369 fuisse
2485 2313 2662 2366 opera
2694 2299 3112 2368 Areopagitica,
3144 2295 3468 2369 eademque
3500 2299 3748 2354 laudata

2082 2368 2141 2423 in
2175 2366 2482 2442 collatione
2512 2366 3183 2442 Constantinopolitana,
3216 2377 3273 2425 et
3302 2366 3385 2425 ab'
3411 2370 3744 2439 thrmmio

2085 2439 2419 2511 patriarcha
2460 2440 2860 2511 7Antiocheno
2930 2439 3273 2507 memorata,
3333 2447 3390 2496 et
3444 2442 3746 2496 illustrata

2084 2510 2333 2566 Scholiis
2364 2528 2397 2566 a
2442 2510 2669 2584 Joanne
2712 2511 3223 2584 Scythopolitano;
3256 2519 3319 2568 ut
3349 2515 3559 2568 insana
3615 2515 3750 2569 sine

2085 2583 2264 2637 dubio
2295 2582 2555 2653 opinatio
2584 2582 2814 2653 illasit,
2866 2582 2956 2639 vel
2988 2590 3192 2640 eadem
3243 2585 3516 2652 Gregorio
3565 2585 3743 2639 attrio

2083 2656 2263 2709 buere
2292 2652 2451 2708 velut
2480 2652 2725 2723 auctori,
2753 2654 2840 2709 vel
2877 2658 2950 2710 ab
2979 2656 3323 2712 hominibus
3357 2657 3576 2712 Latinis
3611 2673 3746 2725 pro-

2084 2743 2226 2802 cusa
2258 2741 2518 2802 asserere
2539 2741 2605 2802 eo
2638 2732 2919 2798 tempore,
2945 2744 3060 2799 quo
3085 2729 3237 2783 idem
3261 2728 3578 2802 Gregorius
3598 2730 3748 2783 Gon~

2085 2796 2361 2868 stin0poli
2398 2798 2752 2853 morabatur.

2157 2884 2242 2931 An
2279 2876 2466 2948 ipsius
2497 2885 2775 2948 praeterea
2808 2878 3168 2933 sanctissimi
3190 2880 3451 2951 Gregorii
3478 2879 3747 2951 probitas

2088 2955 2414 3020 pateretur,
2447 2955 2515 3021 ut
2546 2965 2879 3020 opera,quaa
2909 2953 3033 3020 ipse
3063 2951 3431 3020 conﬁnxerit,
3460 2957 3562 3006 aut
3592 2952 3748 3021 ipsis

2086 3019 2495 3091 contingendis
2517 3037 2722 3075 ansam
2749 3026 2803 3074 et
2826 3019 2992 3092 opem
3021 3023 3351 3092 pra-buerit,
3378 3019 3490 3077 sub
3508 3019 3752 3078 nomine

2086 3092 2344 3164 Dionysii
2378 3092 2898 3163 655Areopagitaa
2931 3093 3241 3148 laudaret?
3272 3095 3498 3149 Laudat
3525 3111 3595 3148 ea
3611 3110 3750 3147 vero

1906 3163 1974 3259 tu:
2006 3166 2049 3232 C
2088 3163 2333 3246 homilia
2359 3164 2427 3217 34
2454 3163 2768 3244 in_Lucam
2789 3180 2809 3246 ,ε
2860 3186 2887 3213 ‹‹
2917 3169 3136 3231 Fertur,
3185 3166 3499 3259 inqpiens',‘
3530 3166 3755 3259 Dion}:-

2096 3238 2222 3289 sius
2256 3235 2629 3306 Areopagita,
2681 3236 2962 3306 antiquus
2995 3243 3051 3291 et
3074 3235 3425 3292 venerabilis
3458 3241 3628 3291 Pater
3658 3235 3751 3290 di-

2094 3323 2223 3362 cere
2246 3307 2398 3379 quod
2424 3322 2492 3361 ex
2515 3307 2842 3362 minoribus
2864 3308 3206 3379 angelorum
3232 3309 3567 3379 agminibus
3592 3314 3755 3364 l‘oras

2094 3379 2164 3434 ad
2185 3378 2532 3446 explendum
2553 3378 2971 3441 ministerium,
2995 3380 3081 3434 vel
3108 3378 3514 3436 visibilitervel
3540 3380 3758 3435 invisi-

2095 3450 2290 3523 biliter
2311 3450 2646 3523 mittuntur.
2687 3473 2707 3497 ιι
2747 3450 2877 3505 Haec
2898 3450 3133 3521 allgatio
3173 3450 3578 3523 Gregoriijam
3618 3458 3757 3506 tum

2092 3522 2332 3592 vulgata
2355 3522 2535 3576 fuisse
2555 3521 2767 3576 evincit
2816 3538 2993 3594 opera
3026 3524 3138 3578 sub
3197 3521 3431 3580 nomine
3460 3521 3753 3594 'Dionysii

2095 3596 2479 3665 Areopagitae,
2514 3609 2643 3664 qua)
2672 3609 2786 3665 prae
2813 3595 3087 3649 manibus
3108 3597 3372 3650 omnium
3394 3596 3604 3650 forent.
3628 3595 3751 3651 Sed

2094 3670 2353 3720 attamen
2369 3665 2811 3720 sanctissimum
2832 3666 3161 3736 pontiﬁcem
3189 3668 3259 3722 de
3279 3667 3513 3722 illorum
3536 3666 3751 3721 saltem

2094 3742 2332 3792 auctore
2360 3738 2606 3791 dubium
2642 3736 2902 3810 haesisse,
2937 3745 3227 3806 reponunt
3260 3738 3555 3810 plerique;
3592 3740 3755 3809 quod

2094 3810 2143 3861 si
2169 3810 2412 3879 placeat,
2447 3824 2549 3880 per
2596 3824 2686 3880 me
2716 3809 2851 3863 licet
2882 3826 2895 3874 ;
2930 3809 3271 3880 quanquam
3326 3810 3758 3866 haesitationem

2095 3880 2244 3947 ejus,
2279 3895 2456 3948 quam
2489 3879 2784 3948 signiﬁcat
2813 3879 3052 3936 verbum
3082 3879 3264 3952 ferlur
3295 3898 3407 3936 non
3442 3886 3508 3935 ad
3545 3886 3759 3936 aucto-

2097 3967 2217 4004 rem
2253 3952 2501 4020 ejusque
2531 3967 2724 4020 opera,
2761 3952 2859 4005 sed
2897 3954 2965 4007 ad
2999 3953 3324 4007 doctrinam
3369 3954 3426 4007 in
3481 3954 3627 4008 libro
3678 3955 3761 4008 De

2095 4021 2301 4077 crviein
2328 4023 2647 4095 hirrarchia
2681 4029 3037 4091 contentam,
3087 4040 3263 4095 quam
3317 4025 3375 4079 in
3408 4025 3536 4094 ipso
3592 4027 3763 4080 fonte

2095 4095 2424 4168 expendere
2439 4094 2582 4148 forte
2599 4094 2877 4165 Gregorio
2899 4112 3011 4150 non
3037 4094 3301 4164 vaeahat,
3327 4096 3527 4151 referri
3552 4113 3755 4168 posse,

2094 4166 2246 4240 docti
2273 4166 2377 4240 viri
2412 4166 2917 4240 interpretantur:
2953 4184 3132 4240 quam
3170 4183 3277 4239 ego
3324 4166 3607 4224 intactam
3647 4169 3759 4225 hoc

2095 4237 2221 4293 loco
2258 4238 2524 4309 relinquo
2554 4239 2966 4308 quaestionem.

2165 4326 2401 4401 Accedit
2432 4327 2691 4401 dem_um,
2723 4331 2780 4382 et
2810 4325 2934 4401 ipsa
2965 4332 3131 4401 actate
3161 4326 3645 4401 Scythopolitani,
3673 4333 3768 4385 tot

2096 4398 2317 4452 scilicet
2357 4403 2489 4453 ante
2547 4398 3264 4469 Constantinopolitanum
3318 4398 3577 4469 Gregorii
3641 4401 3761 4456 iter

2095 4469 2350 4537 annis,in
2380 4470 2643 4525 Archivis
2678 4474 2945 4524 Romana:
2979 4471 3245 4527 Ecclesiae
3283 4472 3761 4597 exstitisseﬁope-

2095 4558 2177 4599 ra.
2212 4558 2338 4599 quae
2368 4542 2773 4599 Areopagitica
2820 4542 3120 4599 dicuntur.
3164 4546 3288 4599 Oua
3337 4544 3407 4598 de
3457 4561 3515 4598 re
3619 4545 3757 4599 dem

2014 4556 2064 4622 ι)
2095 4558 2185 4622 ra,
2212 4558 2338 4622 quae
2363 4542 2773 4622 ﬁreopagitica
2820 4542 3288 4622 dicuntur._Qu_a
3337 4544 3407 4622 de
3439 4561 3515 4622 re

2098 4613 2244 4687 Petri
2281 4614 2591 4687 cujusdam
2628 4613 2875 4687 Romani
2920 4614 3146 4687 diaconi
3183 4614 3397 4687 allegat
3435 4617 3561 4686 ipse
3610 4615 3758 4687 Scy-

2094 4684 2500 4758 thopolitnnus
2544 4685 2600 4739 in
2658 4684 2932 4757 Prologo:
2989 4686 3236 4751 Quidam
3262 4684 3418 4755 vero,
3452 4684 3757 4758 inquiens,

2093 4756 2378 4810 diaconus
2412 4758 2736 4817 Romanus.
2770 4758 3006 4811 nomine
3050 4762 3274 4825 Petrus,
3305 4756 3566 4814 narravit
3606 4759 3763 4814 mihi

2093 4827 2293 4882 omnia
2325 4827 2739 4900 diviDionysii
2773 4845 2948 4900 opera
2980 4830 3174 4884 Romae
3198 4830 3254 4884 in
3280 4845 3575 4885 sacrorum
3601 4832 3721 4885 scri

2134 4905 2326 4971 torum
2392 4899 2751 4954 Bibliotheca
2803 4899 3058 4971 reposita
3093 4899 3330 4955 servari.
3386 4924 3411 4949 ››
3461 4905 3751 4957 Bonnram

2108 4969 2363 5043 'abellam
2426 4973 2635 5025 Joanni
2670 4969 3147 5043 Scythopolitano
3180 4973 3460 5028 cecinisse
3511 4972 3756 5030 Petrum

2093 5043 2257 5097 illum
2291 5042 2630 5115 diaconum,
2668 5042 2834 5115 putat
2864 5042 3217 5114 Laquicnus,
3263 5045 3755 5115 quandoquidem

2089 5119 2250 5169 sexto
2283 5113 2644 5189 saeculojam
2669 5113 2875 5169 affecto
2899 5116 3006 5187 (ait
3027 5115 3145 5187 ille)
3168 5113 3484 5189 Gregorius
3500 5115 3757 5189 Magnus

2088 5203 2153 5242 ex
2190 5188 2393 5243 auditu
2430 5184 2552 5241 solo
2587 5185 2686 5241 illa
2718 5184 2946 5242 exstare
2978 5184 3255 5242 noverat:
3287 5184 3623 5259 profertqué
3673 5189 3763 5244 lo-

2090 5276 2221 5314 cum
2257 5260 2425 5315 illum
2455 5259 2600 5331 satis
2624 5275 2753 5331 nonh
2786 5275 2935 5327 esse,
2972 5263 3036 5313 ut
3072 5276 3176 5331 pro
3206 5259 3414 5315 fabella
3464 5260 3763 5317 habeatur

2087 5333 2241 5388 Petri
2276 5331 2439 5387 illius
2461 5329 2690 5385 diaconi
2726 5329 2974 5386 Romani
3009 5329 3289 5397 narratio,
3314 5332 3754 5391 adnotavimus.

2161 5418 2699 5488 Areopagiticorum
2734 5425 2955 5483 auctor,
2984 5419 3176 5488 inquit
3198 5418 3558 5484 Dodwellus,
3585 5443 3612 5469 ‹‹
3641 5421 3756 5477 Ro-

2085 5509 2387 5549 manorum
2426 5488 2640 5560 potius,
2675 5507 2854 5561 quam
2888 5491 3221 5547 Graicorum
3253 5508 3465 5559 mores,
3488 5492 3540 5545 id
3568 5492 3754 5548 etiam

2090 5566 2214 5635 ipso
2248 5564 2495 5635 Maximo
2528 5562 2843 5635 adnotante
2879 5564 2931 5617 in
2965 5562 3236 5635 Scholiis,
3270 5568 3521 5619 enarrat.
3551 5586 3581 5613 ››
3636 5564 3752 5620 L0-

2087 5632 2217 5691 cum
2242 5633 2478 5691 Maximi
2505 5632 2711 5689 afferre
2733 5633 2879 5690 satis
2905 5634 3481 5706 fuerit,quihabetur
3498 5635 3554 5690 in
3574 5635 3761 5693 Scho-

2089 5708 2182 5763 liis
2216 5709 2281 5763 ad
2320 5724 2448 5777 cap.
2483 5705 2633 5777 line
2678 5707 3048 5762 ecclesiastica
3083 5705 3420 5771 hierarchia,
3475 5724 3642 5762 num.
3677 5711 3752 5765 2:

2084 5776 2452 5849 Propoiiunt.
2514 5776 2632 5849 Hoc
2690 5781 2748 5831 ct
2825 5779 3151 5833 secundum
3206 5779 3751 5849 consuetudinem,

2086 5869 2214 5924 quae
2248 5853 2441 5908 Romae
2475 5848 2628 5920 viget
2657 5865 2668 5904 :
2707 5849 2825 5906 illic
2844 5850 3002 5907 enim
3027 5855 3253 5924 septem
3278 5851 3389 5908 soli
3413 5850 3648 5908 diaconi
3674 5848 3759 5910 al-
