4130 6396
353 378 485 431 1041

348 503 548 557 fitetur
577 506 634 557 et
663 501 933 574 explicat,
965 502 1126 558 visus
1147 501 1634 574 estEutycbianis
1659 506 2003 558 naturarum
2040 508 2088 574 Α

350 575 635 629 unitatem
670 580 726 628 et
757 574 1161 629 confusionem
1200 577 1494 630 inducere.
1532 597 1560 624 »
1584 577 1645 629 Id
1699 576 2002 630 videbatur

352 646 755 718 Eutycbianis,
791 646 888 716 qui
921 664 1094 717 opera
1126 647 1245 713 illa,
1298 663 1427 718 quae
1475 648 1862 704 vetustissimi
1895 665 1995 702 au-

348 721 528 772 ctoris
563 720 739 790 fetum
791 719 1095 790 putabant,
1142 719 1446 774 catholicis
1494 722 1886 790 opponebant.
1935 719 1996 772 Id

346 804 579 862 quoque
612 789 803 843 visum
855 790 1113 861 quinque
1147 789 1278 862 illis
1333 789 1996 862 Constantinopolitanae

347 861 681 916 collationis
711 863 1026 933 episcopis,
1060 861 1157 933 qui
1193 868 1498 932 propterea
1547 861 1840 917 auctorem
1890 879 1993 916 su-

342 933 725 1005 spicabantur
749 939 1048 1005 vetustum
1099 950 1270 1004 quem
1284 935 1434 1005 piam
1492 935 1992 1005 Apollinaristam.

341 1006 452 1059 Sed
487 1026 513 1053 ‹‹
541 1004 817 1075 paulatim
844 1006 1124 1059 .catholici
1160 1004 1440 1060 librorum
1476 1006 1723 1061 istorum
1757 1006 1994 1061 lectioni

341 1076 687 1147 diligentius
717 1076 1125 1149 incumbentes
1157 1078 1364 1148 (pergit
1407 1078 1666 1132 Morinus
1717 1080 1905 1149 capite
1940 1081 1989 1144 1,

343 1164 508 1201 num.
546 1151 630 1214 11,
659 1147 951 1218 judicium
987 1147 1486 1219 suumexponere)
1511 1167 1709 1203 eorum
1732 1147 1992 1204 solidita-

341 1223 458 1273 tem
494 1219 551 1272 in
585 1220 722 1286 fide,
755 1236 996 1275 sensum
1031 1220 1297 1275 absolute
1331 1221 1680 1276 catholicum
1717 1221 1992 1275 admirati

344 1294 550 1345 sunt...
583 1292 726 1346 Cum
761 1291 916 1364 enim
966 1293 1257 1364 maturius
1292 1297 1349 1346 et
1398 1292 1631 1364 penitus
1663 1294 1992 1347 examinas-

343 1368 478 1417 sent
505 1363 843 1436 testimonia
876 1363 1253 1436 abihsereticis
1275 1363 1725 1436 Eutychianisin
1751 1365 1990 1418 haeresis

337 1450 457 1488 suae
491 1435 890 1507 defensionem
909 1435 1046 1490 hinc
1068 1435 1434 1507 deprompta,
1450 1436 1992 1491 animadverterunt

337 1521 405 1579 ea
439 1505 876 1579 facileidissolvi
912 1505 1354 1578 posse,etlonge
1377 1507 1541 1579 plura
1562 1507 1787 1563 inistus
1809 1508 1987 1560 hﬂ’t‘e-

335 1578 418 1631 sis
449 1577 808 1650 eversionem
841 1595 908 1632 ex
939 1579 1149 1633 iisdem
1185 1577 1398 1650 colligi.
1437 1601 1464 1628 »
1497 1580 1574 1633 En
1618 1595 1755 1650 ergo
1805 1580 1986 1633 soler-

336 1648 636 1703 tissimum
672 1651 1216 1722 AreOpagiticorum
1253 1648 1658 1716 scrutatorem,
1684 1648 1784 1722 qui
1813 1653 1988 1706 verba

334 1726 403 1775 ut
432 1737 734 1794 summum
759 1722 1039 1793 ambigua
1068 1722 1127 1776 in
1151 1721 1262 1776 illis
1284 1723 1518 1794 reperit,
1543 1721 1759 1794 quibus
1782 1723 1984 1778 abute-

335 1798 540 1864 rentur
569 1792 1026 1864 Monopbysitas;
1061 1811 1301 1848 sensum
1326 1792 1768 1850 novitabsolute
1791 1798 1985 1849 catho-

333 1863 545 1956 licii‘m3
571 1881 639 1919 ac
670 1863 840 1956 longe
861 1865 1040 1948 plura
1064 1865 1123 1919 in
1149 1865 1589 1956 istiusjhtere‘sis
1622 1865 1980 1922 eversionem
2016 1891 2062 1956 Β

336 1951 406 1990 ex
438 1936 645 2008 Iisdem
680 1935 887 2008 colligi
910 1953 1079 2007 posse
1110 1937 1542 2008 animadvertit.

404 2007 591 2061 Aliam
615 2007 820 2062 deﬁnit
840 2009 1100 2063 auctoris
1129 2013 1351 2062 etatem
1377 2007 1652 2064 Nicolaus
1675 2007 1983 2072 Nourrius,

331 2084 526 2133 asccta
556 2080 972 2134 Benedictinus
1003 2085 1436 2134 Sammauraeus
1472 2081 1610 2149 ;sed
1632 2081 1759 2150 ejus
1786 2082 1984 2134 ortho-

335 2150 564 2223 doxian
596 2155 814 2205 certam
850 2151 1046 2218 habet,
1100 2152 1462 2223 prolatisque
1510 2151 1770 2206 nonullis
1817 2154 1983 2206 testi-

331 2222 549 2276 moniis
580 2223 912 2278 confirmat.
945 2222 1135 2278 Verba
1166 2227 1293 2293 ejus
1325 2229 1466 2278 sunt
1491 2223 1987 2277 dissertationetO

328 2293 402 2347 De
429 2293 683 2363 aperibus
729 2296 786 2348 5.
843 2295 1145 2366 Dionysii:
1199 2317 1226 2344 «
1282 2295 1345 2349 In
1401 2295 1474 2350 iis
1524 2295 1690 2350 libris
1743 2295 1984 2349 haeresis

325 2371 528 2421 contra
559 2365 995 2421 Incarnationis
1019 2366 1238 2423 Christi
1265 2367 1612 2438 mysterium
1636 2383 1747 2421 non
1783 2367 1982 2420 minus

323 2442 543 2507 aperte,
574 2453 1008 2510 quamiomnes
1056 2444 1258 2494 contra
1309 2439 1437 2509 ejus
1486 2439 1876 2506 divinitatem,
1928 2443 1985 2493 et

324 2525 506 2563 unam
540 2509 718 2564 trium
754 2509 1085 2563 divinarum
1121 2526 1504 2580 personarum
1534 2515 1804 2564 naturam
1830 2526 1982 2563 erro-

322 2595 438 2652 res,
468 2596 568 2652 pro
589 2581 890 2636 scribitur.
924 2584 1053 2635 Haec
1084 2581 1298 2636 etenim
1331 2582 1402 2636 de
1435 2583 1735 2635 incarnato
1755 2581 1851 2635 Dei
1887 2581 1979 2634 Fi-

319 2650 399 2724 lio
431 2650 689 2706 variisin
718 2653 861 2708 locis
891 2651 1164 2724 legimus,
1220 2657 1298 2707 De
1335 2652 1711 2724 ecclesiastica
1770 2652 1977 2724 hierar-

319 2723 472 2794 ehia,
505 2725 694 2794 capite
725 2725 758 2777 3
787 2722 973 2795 (num:
1008 2724 1061 2786 3,
1097 2725 1198 2794 §2)
1227 2741 1239 2778 :
1283 2725 1378 2778 Dei
1431 2723 1764 2795 principalis
1819 2722 1978 2778 boni-

321 2802 472 2849 tas...
511 2799 827 2850 nostrorum
886 2797 1133 2850 omnium
1188 2812 1315 2850 vere
1358 2798 1506 2865 facta
1525 2797 1819 2865 particeps,
1851 2795 1975 2848 abs-

320 2881 426 2938 que
453 2871 693 2937 peccato,
728 2868 1142 2938 humilitatique
1169 2877 1368 2922 nostra?
1412 2869 1598 2931 unita,
1646 2870 1800 2921 salvo
1845 2881 1974 2936 pro-

319 2937 623 3008 prietatum
654 2955 882 2993 suarum
921 2937 1084 3005 statu,
1117 2955 1282 3009 coque
1323 2953 1548 3008 prorsus
1583 2940 1873 3008 incon/“uso
1923 2941 1978 2991 et

323 3011 612 3066 inviolato.
649 3013 708 3065 In
735 3011 846 3066 alio
881 3017 1074 3066 autem
1109 3010 1183 3064 De
1207 3010 1414 3065 divinis
1445 3010 1761 3065 nominibus
1787 3009 1974 3064 libro:

329 3081 559 3136 Verbum
589 3083 1006 3137 divinissimum
1038 3126 1072 3137 ..
1101 3098 1200 3152 per
1229 3085 1579 3151 incon/usam
1611 3082 1976 3136 humanitatis

320 3156 507 3207 nostra
532 3154 958 3224 asumptionem.
1021 3154 1087 3208 Et
1118 3155 1171 3207 in
1237 3154 1480 3223 epistola
1514 3155 1546 3208 4
1605 3155 1674 3208 ad
1724 3153 1974 3209 Caium:

325 3224 603 3291 Quatenus
634 3235 756 3280 erat
782 3227 922 3280 Deus
948 3230 999 3281 el
1039 3225 1216 3289 homo,
1273 3242 1474 3296 nouam
1524 3225 1817 3296 quamdam
1875 3239 1974 3277 no-

323 3297 532 3370 biscum
589 3297 1315 3370 conversando,”eaavpmn‘!
1344 3294 1634 3370 ,évjéP‘téW"
1684 3296 1975 3370 (Dﬂi'yiri'

321 3368 835 3440 lemoperationem)
853 3366 1188 3424 exhibebat.
1211 3368 1359 3433 Quid
1385 3366 1795 3440 planius,quid
1821 3366 1976 3421 dilu-

321 3439 514 3493 cidius
540 3445 678 3512 post
707 3457 945 3512 sparsos
976 3441 1225 3496 Nestorii
1253 3439 1704 3512 Eutychetisque
1726 3454 1975 3506 errores,

322 3511 586 3582 aquovis
630 3511 866 3568 auctore
934 3529 1186 3582 usquam
1239 3511 1525 3583 scriptum
1575 3511 1710 3567 est?
1743 3533 1770 3560 »
1833 3515 1976 3583 Tam

320 3581 642 3654 perspicua
675 3585 921 3655 putabat
941 3581 1249 3649 Nourrius,
1284 3581 1404 3638 haec
1435 3589 1491 3639 et
1541 3583 1761 3638 similia
1809 3581 1978 3655 plura

321 3653 897 3711 testimonia—contra
961 3655 1346 3717 Eutychianos
1395 3671 1644 3717 errores,
1694 3660 1758 3708 ut
1795 3653 1973 3707 etiam

319 3742 440 3781 non
474 3725 581 3780 levi
615 3728 954 3799 conjectura
985 3725 1379 3799 colligendum
1411 3725 1836 3782 existimaverit
1872 3742 1974 3799 au-

321 3803 541 3871 ctorem
574 3797 1144 3871 Areopagiticorum,
1195 3797 1479 3871 maximas
1516 3817 1540 3871 ε
1593 3797 1975 3871 cum_tu_rbas

321 3869 395 3925 ab
427 3869 1116 3925 haereticis'Nestorianis
1178 3875 1235 3925 et
1283 3869 1662 3942 Eutycbianis
1713 3869 1975 3942 cieri_vi-

321 3942 670 4009 deret,tunc
689 3939 1470 4012 ututrosqueconfunderét,
1506 3958 1572 3996 ac
1618 3959 1719 4008 pro
1752 3939 1975 3995 viribus

317 4012 592 4085 Ecclesia:
625 4018 818 4085 partes
864 4019 1146 4075 tueretur,
1185 4013 1449 4068 animum
1485 4015 1554 4068 ad
1598 4013 1974 4069 scribendum

321 4084 667 4158 appulisse:
701 4107 726 4133 η
757 4087 1018 4156 adeoque
1061 4087 1340 4156 praedicta
1390 4101 1563 4158 opera
1593 4109 1620 4135 «
1673 4085 1828 4140 intra
1868 4101 1975 4158 an-

322 4173 467 4211 num
503 4157 624 4229 431.
679 4173 794 4227 quo
837 4158 1100 4229 synodus
1142 4156 1504 4213 mcumenica
1544 4158 1830 4229 Ephesiae
1874 4156 1976 4229 ad-

317 4243 527 4284 versus
549 4226 950 4294 Nestorianos,
986 4234 1044 4282 et
1075 4229 1200 4293 451,
1235 4245 1350 4298 quo
1383 4226 1642 4298 synodus
1663 4226 1978 4284 Chalcedo-

318 4300 520 4355 nensis
551 4304 755 4354 contra
778 4299 1172 4371 Eutycbianos
1191 4300 1479 4355 celebrata
1501 4299 1690 4366 est,ab
1715 4299 1814 4354 illo
1838 4308 1974 4369 pro-

321 4371 473 4426 fecta
499 4371 701 4426 videri.
735 4393 762 4419 »

390 4443 476 4498 Ad
511 4442 791 4499 saeculum
839 4440 1106 4497 Ecclesiae
1144 4444 1372 4496 sextum
1425 4439 1687 4495 detrudit
1731 4453 1974 4512 operum

315 4530 520 4570 eorum
547 4513 775 4569 natales
806 4513 1160 4569 Paschasius
1209 4511 1605 4577 Quesnellius.
1666 4511 1974 4567 Auctorem

317 4585 498 4642 habet
528 4587 795 4658 apprime
826 4585 1203 4658 catholicum,
1225 4585 1323 4639 sed
1359 4588 1521 4658 tanto
1545 4588 1747 4658 contra
1769 4583 1972 4658 Nesto-

1339 381 1678 434 VINDICIIE
1718 379 2016 433 OPERUM
2055 377 2770 435 AREOPAGITICORUM.

3635 381 3773 434 10-i‘2

2121 500 2302 576 fuisse
2331 501 2771 574 Alexandrinm,
2817 503 2970 559 haud
3025 506 3370 575 spernendis
3418 507 3770 576 conjecturis

2121 575 2614 650 probantemjam
2632 575 2969 650 audivimus
2995 577 3335 650 Michaelem
3364 575 3763 650 Lequienum;

2112 646 2385 717 isumque
2418 649 2486 701 ad
2515 648 2790 702 saeculum
2827 648 3091 703 Ecclesiae
3125 655 3352 705 sextum
3386 646 3614 705 detrudi
3647 646 3763 706 non

2109 735 2300 788 posse,
2342 721 2512 792 plura
2543 726 2683 774 sunt
2713 726 3058 792 argumenta
3091 738 3218 792 qua
3237 724 3664 777 enarravimus.
3694 724 3761 779 Ut

2110 795 2173 843 ut
2204 807 2333 844 sese
2367 808 2457 845 res
2495 791 2728 860 habeat,
2781 791 2935 847 viros
2978 791 3383 848 criticissimos
3444 795 3756 861 habemus,

2107 861 2204 931 qui
2239 868 2530 916 auctorem
2564 865 3101 934 Areopagiticorum
3120 866 3469 920 catholicum
3495 883 3754 936 pronun-

2104 938 2272 1010 tiant,
2306 951 2414 987 non
2437 936 2954 1010 Apollinaristam,
2988 953 3100 992 non
3135 939 3584 1010 Eutychianum,
3637 955 3752 993 non

2105 1005 2700 1076 Semieutychianum.

2172 1077 2630 1133 Recentissimos
2662 1078 2812 1133 addo
2831 1078 3143 1148 scriptores
3172 1081 3320 1134 duos
3344 1079 3753 1145 heterodoxos,

2101 1147 2502 1203 Christianum
2537 1155 2863 1218 Augustum
2899 1147 3079 1221 Salig.
3107 1152 3461 1206 etJaeobum
3495 1153 3753 1208 Brucke-

2102 1236 2253 1294 rum.
2290 1221 2562 1294 Lequieni
2589 1222 2921 1294 opinionem
2957 1223 3117 1276 novit
3146 1222 3263 1289 ille,
3299 1240 3402 1278 nec
3435 1225 3745 1294 approbat.

2106 1291 2293 1345 Verba
2326 1294 2454 1362 ejus
2486 1291 2682 1357 affero,
2703 1310 2827 1363 quas
2856 1293 3149 1348 habentur
3181 1294 3237 1349 in
3263 1291 3608 1350 tractatu—de
3628 1295 3742 1350 Eu-

2101 1363 2491 1438 tychianismo
2523 1371 2658 1438 ante
2691 1366 2989 1438 Eutychen
3012 1368 3202 1438 capite
3236 1368 3328 1421 18:
3367 1389 3393 1416 «
3418 1366 3490 1421 Ut
3513 1383 3617 1438 ego
3650 1367 3738 1421 di-

2099 1451 2249 1510 cam,
2284 1437 2436 1505 quod
2472 1437 2693 1510 sentio:
2728 1439 2800 1510 ab
2827 1437 3288 1508 Apollinaristis,
3337 1445 3393 1492 et
3444 1437 3750 1510 Eutycbia-

2100 1508 2690 1580 nistisnoniprofecta
2738 1509 2994 1580 Dionysii
3049 1525 3293 1580 opera...
3347 1508 3571 1565 exinde
3601 1511 3749 1565 mihi

2097 1579 2343 1661 probare
2373 1578 2594 1661 videor,
2629 1582 2781 1661 qupd
2811 1586 2866 1661 et
2894 1578 3487 1661 Pltitjmhianismusin
3511 1583 3748 1661 scriptis

2096 1649 2215 1725 illis
2254 1656 2516 1725 notetu_r._
2541 1669 2604 1725 ac
2639 1649 3265 1707 refutetur..._Credam
3299 1669 3425 1725 ego,
3460 1649 3650 1708 toturn
3678 1654 3746 1708 li-

2096 1722 2275 1794 brurn
2294 1726 2372 1776 De
2400 1722 2607 1776 divinis
2637 1725 2974 1792 nominibus,
3000 1725 3140 1794 quin
3166 1730 3222 1779 et
3243 1722 3411 1794 alids,
3443 1725 3605 1779 nullo
3629 1725 3745 1780 alio

2095 1792 2341 1866 consilio
2376 1810 2518 1866 esse
2563 1796 2834 1865 scriptos,
2905 1792 3079 1866 quam
3117 1803 3181 1850 ut
3233 1792 3636 1852 confusionem
3687 1803 3744 1852 et

2094 1865 2561 1920 commistionem
2593 1865 2935 1921 naturarum
2965 1872 3166 1922 contra
3197 1867 3740 1939 Eutychianospro-

2093 1941 2643 2010 sterneretﬂauctor
2689 1939 2950 2010 ipsorum
2986 1980 3020 1992 ..
3088 1938 3387 1994 Fullonem
3434 1938 3738 2010 nunquam

2091 2013 2211 2062 tam
2242 2008 2491 2082 candide
2522 2014 2578 2082 et
2605 2008 2828 2064 fortiter
2849 2019 3048 2064 contra
3066 2010 3455 2082 Eutychianos
3480 2008 3743 2082 pugnare

2092 2028 2211 2062 tam
2245 2028 2491 2063 candide
2522 2028 2578 2062 ei.
2605 2028 2828 2064 iormer
2849 2028 3048 2064 contra
3067 2028 3455 2134 uuiycnianos
3480 2028 3738 2082 pugnare

2092 2079 2354 2160 potnisse
2385 2081 2676 2160 existimo,
2704 2082 2845 2136 dum
2869 2087 2926 2137 et
2947 2081 3074 2153 ipse
3094 2087 3172 2136 Fu
3207 2082 3257 2136 lo
3282 2083 3431 2137 inter
3453 2083 3738 2154 Eutyche-

2092 2152 2169 2206 tis
2202 2152 2458 2206 fautores
2491 2155 2683 2208 refert.
2712 2173 2740 2197 ιι

2165 2222 2359 2277 Minus
2386 2240 2550 2294 aequo
2583 2223 2638 2277 in
2691 2223 2966 2278 eumdem
3008 2223 3548 2294 Areopagiticorum
3594 2224 3742 2280 scri-

2093 2298 2314 2366 ptorem
2347 2300 2725 2366 comparatus
2778 2296 2975 2350 animo
3011 2294 3261 2350 fortasse
3305 2295 3482 2350 videri
3530 2297 3746 2366 poterit

2093 2363 2442 2431 Bruckerus,
2479 2363 2576 2438 qui
2609 2367 2667 2421 in
2702 2369 2951 2422 Historia
2969 2368 3164 2422 critica
3181 2363 3563 2437 philosophié,
3586 2372 3743 2422 tomo

2092 2438 2189 2501 IIl,
2221 2439 2467 2508 capite3
2498 2438 2562 2493 de
2608 2439 2957 2508 philosophia
3005 2445 3239 2493 Patrum
3283 2440 3340 2491 in
3389 2439 3590 2508 specie,
3637 2456 3741 2493 no-

2091 2513 2173 2562 tat
2205 2509 2396 2580 ipsum
2444 2509 2618 2564 veluti
2669 2532 2697 2559 «
2742 2509 3154 2580 philosophum
3203 2509 3564 2576 eclecticum,
3619 2510 3743 2566 sive

2087 2580 2568 2652 Alexandrinum,
2603 2581 2702 2652 qui
2739 2582 2914 2652 nugis
2945 2581 3652 2652 PlatonicisChristianaa
3675 2581 3741 2634 fi-

2088 2651 2179 2706 dei
2213 2651 2646 2722 simplicitatem
2681 2651 3034 2723 depravarit,
3059 2676 3086 2702 ››
3121 2651 3330 2707 seculo
3377 2653 3611 2708 circiter
3635 2657 3738 2706 Ec-

2087 2723 2274 2796 clesiae
2307 2724 2536 2796 quinto.
2573 2728 2644 2778 At
2690 2724 2819 2794 ejus
2859 2725 3076 2795 pariter
3123 2724 3418 2778 sententia
3467 2730 3557 2796 est
3604 2723 3633 2796 §
3670 2725 3741 2778 29

2087 2794 2430 2866 scriptorem
2463 2795 2668 2859 istum,
2711 2817 2738 2845 «
2787 2794 2898 2850 non
2934 2801 3053 2850 tam
3104 2796 3492 2850 confirmandi
3545 2794 3744 2850 Mimo-

2086 2867 2398 2991 physismi,
2432 2883 2606 2938 quam
2639 2869 3024 2939 propaganda-2
3055 2867 3588 2939 conﬁrmandaeque
3608 2867 3738 2936 phi-

2111 2939 2369 2991 osonhias
2398 2939 2801 2991 Alexandrinas
2822 2955 3020 2991 causa.
3051 2960 3076 2986 ››
3112 2955 3299 2991 nuzas
3333 2942 3474 2991 su’as
3527 2955 3738 2991 magno

2111 2939 2369 3009 osophiae
2398 2939 2801 2993 Alexandrinas
2822 2955 3020 3006 causa,
3051 2960 3076 2986 ››
3112 2955 3299 3009 nugas
3333 2942 3474 2993 su’as
3527 2955 3739 3009 magno

2086 3009 2318 3064 cuidam
2346 3011 2401 3063 in
2456 3010 2828 3066 Christianos
2898 3013 3136 3065 nomine
3181 3011 3590 3081 supposuisse.
3630 3011 3742 3064 Ad-

2088 3087 2250 3153 notat
2279 3083 2452 3136 etiam
2491 3085 2516 3148 §
2565 3083 2625 3135 31
2658 3081 2811 3136 haud
2848 3098 2978 3137 esse.
3019 3082 3314 3136 ferendam
3377 3098 3580 3137 eorum
3617 3082 3737 3153 cpi-

2087 3152 2347 3218 nionem,
2383 3153 2483 3224 qui
2536 3153 2896 3224 Apollinario
2935 3153 3086 3224 patri
3135 3153 3244 3208 hos
3307 3153 3459 3208 fetus
3509 3152 3744 3224 adjudi-

2090 3230 2249 3294 cant,
2284 3242 2416 3280 cum
2453 3230 2606 3280 recte
2635 3225 3003 3280 observatum
3042 3225 3350 3280 Pearsonio
3404 3226 3599 3290 fuerit,
3630 3225 3747 3280 tra-

2090 3297 2347 3368 gmentis
2371 3298 2517 3366 ejus,
2553 3313 2680 3367 quae
2730 3301 3076 3368 supersunt,
3125 3296 3350 3351 similes
3395 3295 3548 3351 haud
3589 3312 3741 3368 esse,

2088 3367 2193 3424 nec
2224 3368 2601 3436 dogmatibus
2634 3369 2761 3439 ejus
2781 3367 3207 3424 consentaneos
3241 3386 3253 3435 ;
3289 3383 3477 3439 neque
3519 3367 3743 3438 Apolli—

2086 3439 2488 3510 nariojuniori
2522 3438 2892 3505 tribuendos,
2926 3455 3058 3494 cum
3093 3438 3744 3496 nonnulla’contineant

2087 3512 2158 3566 ab
2192 3513 2321 3581 ejus
2356 3511 2774 3583 placitislonge
2799 3511 3031 3582 lateque
3053 3512 3302 3566 diversa.
3331 3511 3544 3566 Mirum
3571 3510 3737 3576 foret,

2084 3583 2643 3656 Apollinaristarum
2662 3583 3610 3656 Eutychianorumquecommenta
3623 3599 3738 3637 non

2085 3655 2302 3739 vidisse
2327 3655 2383 3709 in
2415 3655 2868 3739 ‘Areopagiticis,
2901 3661 3003 3710 aut
3036 3670 3285 3739 purgare
3318 3655 3581 3738 ipsorum
3633 3671 3740 3709 au—

2086 3732 2307 3799 ctorem
2338 3727 2594 3782 voluisse
2628 3728 2966 3799 scriptores,
2999 3727 3098 3798 qui
3130 3727 3291 3799 virga
3330 3727 3582 3782 nimium
3603 3742 3741 3799 cen-

2085 3798 2243 3872 soria
2267 3799 2470 3872 eadem
2506 3804 2709 3872 notare
2740 3798 2936 3871 opera,
2971 3798 3355 3872 severumque
3379 3799 3636 3871 proferre
3665 3798 3738 3854 de

2082 3869 2199 3926 illis
2222 3870 2513 3942 judicium
2551 3888 2665 3927 non
2689 3869 3057 3928 haesitarunt.

2866 3977 2937 4032 1X

2083 4057 2366 4114 Michaelis
2415 4058 2703 4129 Lequieni.
2779 4058 3118 4129 conjectura,
3158 4057 3312 4126 queis
3348 4059 3529 4127 Opera
3570 4056 3745 4129 Areo;-

2155 4129 2396 4199 pagitica
2458 4127 2620 4184 Petro
2671 4128 2938 4198 Cnaphazo
2985 4145 3080 4184 seu
3128 4129 3346 4183 Pulloni
3393 4127 3746 4199 Monophysi—

2156 4209 2247 4262 lae,
2281 4207 2380 4254 aut
2413 4199 2640 4255 cuidam
2673 4216 2744 4254 ea:
2781 4199 3022 4271 ejusdem
3056 4199 3279 4254 asseclis
3325 4199 3620 4271 tribuenda
3649 4215 3745 4253 su-

2154 4274 2455 4336 spicatur,-
2491 4274 2728 4341 itemque
2755 4270 3084 4341 (ὀπάσειαν-ξε
3124 4271 3312 4326 Crozei
3368 4271 3433 4325 de
3490 4270 3743 4342 Synesio,

2153 4345 2664 4413 Areopagiticorum
2713 4347 2960 4410 auctore,
2992 4343 3270 4414 simulque
3324 4345 3747 4414 praeformatore

2157 4415 2421 4471 haereseos
2453 4415 2986 4486 Manaphysitarum.

2159 4511 2456 4566 Innoxiam
2488 4511 2814 4568 doctrinam
2845 4510 3317 4583 Areopagiticam
3355 4526 3506 4576 esse,
3557 4511 3742 4583 mani-

2089 4599 2298 4654 meque
2330 4583 2828 4654 Eutychianorum
2880 4582 3556 4654 erroribusradversam,
3607 4582 3740 4636 dili-

316 4658 518 4715 rianos
545 4643 668 4714 z‘eio
699 4662 918 4724 actum,
954 4662 1015 4712 ut
1041 4656 1093 4710 in
1119 4643 1471 4711 contrariam
1499 4656 1852 4727 quandoque
1872 4655 1970 4709 de-
2006 4643 2052 4708 D
2086 4643 2346 4727 gentiore
2390 4643 2538 4711 inito
2605 4657 2872 4711 examine
2923 4656 3078 4709 infra
3111 4653 3256 4709 mihi
3309 4643 3741 4727 ostendendum

317 4730 539 4785 clinare
573 4729 924 4785 sententiam
956 4729 1245 4784 videatur.
1273 4727 1592 4798 Epistolam
1636 4745 1746 4782 ms.
1801 4728 1978 4783 hocce

315 4801 389 4874 de
419 4802 883 4874 argumentoiab
927 4801 1129 4874 eodem
1156 4799 1508 4874 _Q_uesnelli_o
1562 4800 1859 4874 scriptam
1890 4814 1981 4852 re-

319 4873 452 4936 fert,
480 4870 546 4930 ac
570 4873 832 4944 decerpit
853 4872 1290 4945 Papebrochius
1307 4870 1364 4925 in
1381 4870 1787 4945 Ephiemeridis
1816 4871 1981 4945 Gras-

317 4945 681 5001 co-Moschis
712 4951 872 5000 tomo
900 4943 955 5014 l,'
974 4944 1109 4999 Maii
1145 4960 1277 5015 pag.
1311 4943 1621 4998 XLv.’1\'ihil
1670 4943 1977 5014 ambigen-

320 5017 460 5072 dum
497 5019 578 5072 ait
627 5017 697 5072 de
749 5015 860 5072 ﬁde
902 5015 1181 5082 auctoris,
1215 5015 1450 5071 tametsi
1488 5039 1514 5065 ‹‹
1566 5021 1728 5070 tanto
1777 5019 1978 5071 contra

327 5088 710 5145 Nestorianos
731 5087 854 5143 zelo
878 5092 1044 5142 actus
1077 5087 1398 5159 scripserit,
1431 5087 1632 5159 utplus
1670 5104 1839 5159 quam
1875 5104 1980 5158 par

319 5160 398 5216 sit
447 5160 505 5215 in
557 5160 909 5215 contrariam
964 5158 1610 5230 Eutychianorum,’vel
1641 5158 1976 5227 Semieuty-

320 5232 666 5288 cbianorum
697 5231 1077 5287 declinaverit
1107 5231 1480 5296 sententiam,
1532 5230 1774 5302 phrases
1822 5231 1975 5287 659

316 5303 400 5360 eis
427 5304 750 5359 familiares
772 5320 1067 5374 usurpans
1098 5319 1110 5356 :
1143 5319 1289 5373 quas
1321 5308 1518 5356 tamen
1571 5302 1859 5356 catholice
1885 5304 1975 5356 in-

317 5375 626 5447 terpretari
661 5374 795 5445 quis
828 5375 1033 5447 possit,
1082 5373 1435 5447 fortasseet
1465 5374 1690 5447 debeat.
1728 5395 1754 5421 »
1800 5375 1979 5428 Addit

316 5445 437 5510 ille,
471 5453 765 5503 auctorem
803 5446 913 5501 sibi
938 5445 1121 5500 videri
1152 5467 1178 5494 «
1209 5461 1276 5500 ex
1325 5445 1547 5500 Judaais
1599 5451 1974 5516 prognatum,

319 5537 396 5591 na
425 5519 556 5575 ione
586 5518 944 5591 IEgyptium,
973 5517 1334 5591 professione
1369 5517 1746 5591 monachum,
1794 5518 1974 5571 disci—

320 5590 483 5664 plina
504 5589 895 5664 Platonicum.
930 5612 956 5638 ››
972 5589 1133 5644 Hanc
1153 5589 1283 5664 vide
1303 5589 1515 5664 δοθηᾏοὶ
1543 5590 1796 5664 Bonane):
1814 5594 1974 5664 parte

319 5659 1004 5736 placuisse_0pinionem.
1038 5677 1169 5715 cum
1202 5659 1352 5716 libro
1383 5678 1401 5736 ξ
1434 5662 1634 5716 Rerum
1682 5660 1974 5736 {itm-gica-

318 5732 470 5801 rum,
504 5732 697 5805 capite
723 5735 756 5788 8
796 5733 1034 5788 doceat:
1062 5755 1088 5781 «
1133 5736 1326 5805 Unum
1379 5735 1634 5805 fortasse;
1677 5732 1856 5805 fuisse
1904 5749 1974 5805 ex

320 5803 1062 5888 professor-ibusoplatonnias
1105 5803 1508 5888 philosophias,
1537 5803 1636 5888 qui
1673 5803 1975 5888 in_Sch.o.la

318 5874 714 5935 Alexandrina
737 5876 889 5931 circa
933 5877 1106 5947 finem
1153 5874 1354 5947 quarti
1400 5874 1753 5947 saeculi,vel
1803 5875 1970 5931 initio

321 5949 516 6024 quinti
544 5947 842 6021 sapientia
869 5947 1044 6004 laude
1058 5945 1404 6004 ﬂoruerunt.
1432 5969 1461 5998 ››
1483 5947 1594 6004 Sed
1629 5946 1824 6020 ipsum
1851 5963 1965 6003 non

2089 4724 2309 4800 esum
2351 4733 2836 4800 argumentorum
2883 4727 3213 4800 solutione,
3265 4724 3742 4800 quaa_validiore

2090 4815 2264 4871 quam
2299 4796 2586 4855 hactenus
2609 4799 2966 4868 egerintalii,
3001 4802 3210 4853 conatu
3231 4796 3474 4871 opponit
3500 4797 3741 4871 l_.equie-

2089 4868 2223 4927 nus.
2257 4873 2635 4940 Coniecturae
2666 4873 2795 4941 ejus
2835 4871 3009 4925 modo
3054 4868 3338 4942 expende,
3391 4868 3557 4940 queis
3595 4868 3742 4941 “per-

2089 4947 2278 4998 motus
2322 4949 2618 4999 auctorem
2649 4942 3193 5013 Areopagiticorum
3244 4943 3581 5012 suspicatus
3632 4945 3742 5009 est,

2090 5016 2201 5069 dici
2236 5030 2408 5086 posse
2439 5015 2672 5069 Petrum
2707 5014 3010 5069 Fullonem
3058 5013 3548 5086 Menophysitam.
3585 5013 3742 5086 «_Hic

2087 5083 2358 5141 omittere
2391 5103 2506 5141 non
2541 5102 2784 5157 possum
2815 5087 3033 5158 (inquit
3068 5086 3122 5139 in
3162 5083 3597 5158 dissertatione
3625 5083 3740 5138 Da-

2088 5158 2420 5212 mascenica
2446 5159 2502 5224 2,
2537 5154 2674 5213 num
2723 5154 2829 5226 14)’
2857 5154 3178 5227 pessimum
3233 5157 3388 5210 hunc
3441 5154 3739 5227 hominem

2089 5229 2492 5298 (Cnaphasum)
2523 5233 2626 5301 aut
2655 5226 2970 5301 quemdam
2996 5227 3204 5283 saltem
3229 5229 3447 5301 eniejus
3476 5226 3738 5301 asseclis,

2086 5303 2406 5371 genuinum
2459 5300 2641 5355 fuisse
2676 5299 2861 5355 videri
2914 5305 3211 5370 parentem
3277 5299 3585 5359 librorum.
3619 5300 3740 5371 qui

2086 5369 2484 5444 Areopagitici
2520 5372 2852 5427 audierunt.
2880 5369 3055 5441 Cujus
3082 5387 3218 5444 meas
3242 5369 3742 5444 suspicionishaéc

2086 5442 2371 5512 ratio—esi,
2404 5445 2554 5513 quod
2579 5445 2776 5516 rapite
2807 5445 2839 5496 3
2875 5447 2954 5497 De
2984 5443 3297 5497 hierarchia
3349 5442 3740 5516 ecclesiastica,

2085 5516 2184 5570 ubi
2218 5517 2466 5572 strictim
2502 5515 2759 5588 primum
2790 5516 2982 5582 refert,
3008 5530 3258 5588 moxque
3282 5515 3534 5588 subinde
3573 5531 3741 5588 enar-

2086 5592 2178 5642 rat
2230 5585 2753 5658 liturgiae'partes.
2806 5603 2953 5656 quas
3028 5587 3099 5641 ab
3166 5587 3449 5658 apostolis
3489 5585 3738 5658 traditas

2084 5675 2212 5733 esse
2271 5656 2626 5733 persuadere
2665 5732 2672 5733 γ
2712 5659 3029 5733 lectoribus
3101 5656 3310 5733 voiuit,
3377 5656 3735 5733 mentipnem

2083 5725 2512 5803 etiam'fecerit
2562 5731 2922 5803 recitationis
2966 5729 3221 5803 Symboli
3277 5725 3301 5784 :'
3336 5725 3738 5803 Προομρλογη-

2083 5801 2267 5873 θείσης
2311 5801 2414 5873 ὑπρ
2465 5802 2663 5861 παντὸς
2710 5803 2808 5873 τοῖς
2858 5797 3187 5870 Ἐκκὶξησίας
3231 5803 3328 5854 τοῦ
3358 5797 3738 5871 τέληρώμαὲος

2079 5879 2181 5943 τῆς
2224 5871 2550 5937 Ἵκαθολικῆς
2637 5871 2975 5946 ὑμνολογῖας
3032 5890 3158 5946 cum
3241 5873 3738 5946 omnis_EcclesiaB

2083 5955 2251 6003 cetus
2281 5949 2557 6018 confessus
2587 5943 2714 6002 ante
2744 5943 2918 6019 fuerit
2947 5943 3278 6001 catholicam
3317 5943 3690 6000 laudationem
3717 5963 3736 6000 .-
