4130 6406
395 363 536 417 1045

1384 365 1724 418 VlNDICle
1765 364 2060 418 OPERUM
2105 362 2815 418 AREOPAGITICORUM.

3672 363 3811 416 {0’16

399 503 556 555 men,
581 485 881 558 inquiens,
911 487 1188 556 quoniam
1213 485 1389 542 istam
1416 489 1808 558 proponentes
1833 487 2040 541 adver-
2071 487 2120 554 Α
2152 484 2338 540 tentia
2368 484 2687 558 sanissima
2718 490 2804 539 est
2839 501 2851 539 :
2887 483 3082 539 minus
3112 488 3236 539 tute
3260 485 3402 555 (aevo
3431 484 3808 556 potissimum

397 576 502 613 sus
535 575 642 613 nos
671 574 932 625 causam,
956 575 1023 612 ex
1046 576 1110 611 eu
1134 561 1286 628 quod
1311 559 1587 613 videntur
1611 558 1727 613 tale
1750 559 2040 630 ﬂagitium

395 632 773 702 impugnare,
807 646 950 702 suas
1004 631 1306 699 Opiniones
1346 632 1761 698 corroborant;
1823 633 2041 685 bonum

393 709 504 770 est,
540 709 604 756 ut
636 708 737 755 tua
768 702 824 754 in
859 701 1088 755 Christo
1114 703 1409 772 perfectio,
1444 710 1615 772 prout
1653 702 1756 756 tibi
1786 702 1842 756 in
1880 719 2042 756 men-

393 780 510 827 tem
547 772 813 842 injecerit
847 773 1101 843 Spiritus
1150 779 1409 842 sanctus,
1459 791 1659 828 eorum
1712 777 2044 829 occasiones

389 851 676 916 amputet,
712 845 810 915 qui
844 851 1115 914 quaerunt
1145 847 1428 899 adversus
1460 863 1566 899 nos
1600 847 1955 910 occasiones;
1988 854 2045 900 et

390 922 739 988 persuadeat
772 917 877 986 eis,
911 917 1008 986 qui
1044 917 1550 988 percalumniam
1606 919 1723 972 haec
1771 918 2043 972 Ecclesiae

393 987 489 1042 Dei
521 987 752 1042 crimini
775 994 1028 1053 vertunt,
1068 987 1294 1043 nullum
1325 987 1666 1056 hujusmodi
1699 991 1849 1058 apud
1875 991 2038 1045 Chri-

394 1061 617 1114 stianos
647 1075 778 1114 esse
807 1061 1038 1129 dogma,
1066 1076 1254 1130 neque
1296 1061 1618 1129 praedicari.
1645 1085 1665 1112 ι
1699 1062 1846 1116 Tum
1883 1062 1940 1115 in
1974 1078 2040 1116 eo

391 1131 647 1202 denique
681 1137 839 1186 totus
871 1137 979 1198 est,
1015 1136 1078 1184 ut
1109 1133 1399 1197 ostendat,
1434 1133 1729 1186 binarium
1783 1132 2038 1187 filiorum

387 1219 702 1258 numerum
739 1204 980 1256 minime
1011 1202 1202 1274 colligi
1229 1220 1296 1258 ex
1321 1226 1348 1252 «
1379 1205 1790 1274 conjunctione
1819 1211 2039 1258 naturae

387 1275 657 1356 humanas
715 1290 848 1328 cum
907 1274 1196 1356 Verbo”)
1246 1277 1344 1330 sed
1407 1299 1426 1322 α
1485 1281 1721 1356 propter
1757 1283 2034 1356 enectam

387 1346 662 1400 unionem
681 1351 997 1416 assumptae
1011 1347 1203 1400 carnis
1217 1352 1271 1400 et
1284 1363 1419 1401 assu
1430 1346 1640 1402 mentis
1655 1346 2037 1417 divinitatis,’»

385 1418 486 1472 uni
513 1417 636 1472 Flio
659 1417 892 1472 Christo
917 1437 942 1468 ι
967 1419 1394 1474 communicari
1437 1424 1493 1472 et
1532 1425 1732 1474 mutuo
1775 1419 1898 1472 dari
1935 1436 2038 1474 no-

389 1489 572 1559 mina,
598 1491 678 1543 ita
709 1494 774 1542 ut
803 1494 860 1543 et
891 1488 1218 1543 humanum
1253 1508 1320 1544 ex
1344 1491 1560 1553 divino,
1591 1496 1648 1546 et
1679 1490 1940 1545 divinum
1971 1508 2040 1546 ex

387 1561 651 1615 humano
674 1561 1107 1615 deuominetur.
1136 1583 1156 1608 »
1179 1561 1498 1616 Verbulum
1516 1563 1767 1616 occurrit
1784 1562 2036 1632 nullum,

386 1634 539 1702 quod
567 1632 920 1696 subindicet,
946 1633 1269 1702 Theophilo
1303 1634 1697 1689 Alexandrino
1746 1633 2038 1703 placuisse

384 1708 776 1775 temperatum
830 1703 1379 1774 Apollinaristarum
1435 1706 1684 1775 dogma;
1722 1705 2039 1776 ipsumque

389 1791 647 1841 curasse,
683 1781 746 1829 ut
774 1781 995 1830 naturae
1037 1777 1234 1831 unitas
1268 1777 1327 1830 in
1385 1776 1612 1832 Christo
1645 1777 1819 1832 editis
1867 1777 2038 1833 libris

385 1847 814 1914 vindicaretur;
865 1863 1084 1917 eosque
1127 1847 1337 1902 invecti
1376 1849 1585 1902 binarii
1637 1848 1892 1902 ﬁliorum
1927 1865 2038 1902 nu-

385 1919 529 1972 meri
560 1917 959 1983 insimulasse,
995 1919 1095 1988 qui
1129 1920 1276 1974 duas
1324 1920 1383 1973 in
1417 1919 1645 1974 Christo
1670 1925 1912 1975 naturas
1944 1926 2036 1974 tu-

384 1991 684 2044 tabantur.
748 1989 869 2062 lmo
915 1989 1393 2060 Apollinaristas,
1455 1991 1633 2045 veluti
1694 1994 2032 2062 imposturae

384 2062 604 2130 fabros,
627 2062 779 2131 apud
802 2061 1190 2131 Theophilum
1217 2067 1456 2116 accusat
1477 2061 1798 2134 Nyssenusi,
1815 2065 2036 2134 ipsum-

385 2150 505 2204 que
550 2149 888 2204 permovere
944 2135 1164 2201 studet,
1230 2141 1294 2188 ut
1353 2134 1656 2188 hominum
1721 2136 2030 2190 audaciam

381 2203 692 2329 uohcilbuat,
767 2220 1123 2274 causamque
1199 2205 1469 2260 Ecclesiae
1539 2222 1647 2276 .pro
1713 2206 1864 2260 virili
1933 2210 2030 2262 de-

408 2293 476 2329 en
527 2293 558 2329 a
592 2318 604 2329 .

387 2279 604 2331 fendat.

453 2346 586 2402 Vita
616 2346 840 2403 mortali
892 2347 1094 2401 functo
1133 2346 1478 2418 Theophilo,
1529 2349 1725 2402 sedem
1781 2348 2028 2402 Alexan-

381 2418 612 2473 drinam
649 2419 962 2491 annoiéi2,
994 2419 1252 2473 obtinuit
1283 2419 1556 2491 Cyrillus.
1592 2421 1670 2474 Ex
1713 2421 2026 2491 AreOpagi-

377 2491 512 2545 ticis
541 2492 656 2560 jam
690 2490 956 2545 confictis
987 2491 1154 2544 libris
1181 2490 1526 2560 deprompta
1558 2492 1630 2546 ab
1657 2508 1723 2546 eo
1748 2490 2029 2546 nonnulla

377 2563 740 2624 testimonia.
767 2562 1087 2634 eademque
1117 2562 1381 2618 adhibita
1403 2564 1462 2616 in
1486 2579 1656 2634 opere
1670 2570 1876 2617 contra
1899 2564 2024 2616 Dio-

381 2635 593 2690 dorum
622 2639 678 2688 et
707 2633 1063 2698 Thedorum,
1126 2633 1302 2686 nimia
1362 2635 1714 2689 conﬁdentia
1761 2651 2022 2703 pronun-

378 2704 489 2760 tiat
539 2705 804 2761 Crozeus.
838 2703 1166 2759 Severianis
1205 2704 1261 2758 id
1295 2703 1591 2760 aientibus
1630 2705 1686 2759 in
1738 2707 2022 2762 Constan-

375 2776 762 2848 tinopolitana
802 2775 1132 2842 collatione,
1165 2780 1285 2830 tam
1317 2777 1484 2832 facile
1533 2777 1703 2832 ﬁdem
1740 2783 2022 2848 praestan-

378 2849 513 2904 dam
549 2865 660 2903 non
695 2864 860 2922 esse,
878 2847 1297 2922 admonuimus
1340 2865 1502 2903 num.
1553 2849 1605 2901 2.
1636 2847 2021 2922 _Lequienum

377 2936 534 2985 vero,
569 2936 744 2992 quem
778 2919 958 2992 veluti
988 2920 1113 2992 sibi
1151 2919 1436 2974 faventem
1481 2919 1765 2990 appellat,
1805 2921 2022 2975 diserte

379 2991 688 3047 adversum
727 2992 898 3046 habet
948 2991 1005 3044 in
1053 2991 1472 3047 Dissertatione
1505 2992 1923 3047 Damascenica
1964 2993 2018 3059 2,

377 3080 542 3118 num.
582 3066 665 3132 17,
690 3064 789 3118 ubi
823 3063 942 3116 haec
976 3062 1149 3117 habet
1182 3080 1193 3116 :
1229 3086 1256 3112 ‹‹
1293 3064 1371 3118 Ex
1402 3063 1519 3117 illis
1551 3065 1767 3134 itaque,
1789 3065 1858 3119 de
1889 3064 2023 3134 qui-

377 3136 492 3190 bus
523 3141 657 3189 ante
689 3134 1006 3207 disputavi,
1040 3135 1555 3207 lucubrationibus
1585 3136 1784 3200 variis,
1818 3152 1881 3190 a3
1905 3153 2021 3190 non

377 3224 444 3262 ex
491 3207 747 3279 Dionysii
787 3206 1436 3279 (Areopagittellibris,
1498 3207 1746 3279 Cyrillus
1796 3207 2018 3273 intulit,

379 3295 560 3333 unam
595 3277 901 3333 dicendam
935 3277 1071 3332 esse
1108 3277 1319 3332 Christi
1345 3277 1862 3333 Domininaturam
1887 3296 2019 3349 pro-

378 3356 508 3422 pter
537 3350 931 3422 arctissimam
959 3349 1597 3422 unionemidivinitatis
1626 3367 1761 3405 cum
1812 3352 2026 3406 huma—

384 3420 570 3477 nitate
604 3440 615 3476 :
651 3438 830 3477 unam
862 3421 1064 3476 itidem
1097 3421 1194 3475 Dei
1241 3420 1412 3476 Verbi
1448 3425 1716 3477 naturam
1752 3422 2024 3478 incarna-

373 3498 519 3547 tam.
558 3515 586 3542 ››
636 3493 919 3549 nimirum
979 3493 1101 3547 haec
1161 3493 1481 3564 posteriora
1529 3495 1700 3548 verba
1750 3493 2028 3564 leguntur

373 3565 527 3619 libro
560 3581 601 3620 ιι
633 3575 825 3621 contra
856 3567 1186 3627 Nestorium,
1245 3569 1302 3618 et
1357 3565 1414 3619 in
1471 3567 1713 3636 Epislota
1761 3567 1840 3620 ad
1888 3566 2026 3620 Aca~

375 3636 528 3692 cium
576 3636 1000 3701 Melitinensem,
1049 3640 1105 3691 et
1156 3637 1212 3690 in
1273 3637 1698 3693 Commonitorto
1752 3637 1822 3692 ad
1855 3638 2018 3692 Eulo-

382 3707 912 3780 giumzeademque
947 3707 1019 3762 ab
1053 3707 1208 3780 omni
1229 3708 1664 3778 Apollinarismi
1690 3710 2028 3780 suspicione

375 3781 646 3851 purgavit
676 3781 733 3834 in
767 3778 1020 3851 Epistolis
1050 3779 1120 3834 ad
1149 3778 1492 3835 Successum.
1547 3778 1850 3836 Habentur
1893 3797 2026 3836 vero

377 3850 574 3922 priora
602 3853 778 3907 verba
811 3850 887 3907 in
945 3850 1182 3906 laudato
1215 3851 1666 3920 Commonitorio,
1699 3855 1795 3907 ubi
1833 3852 1916 3908 sic
1949 3853 2031 3908 ait

381 3924 801 3980 sanctissimus
834 3924 1003 3978 Pater
1036 3939 1049 3976 :
1087 3945 1114 3971 ‹‹
1149 3922 1423 3978 Unitione
1457 3941 1754 3990 concessa,
1791 3942 1903 3980 non
1939 3925 2032 3978 di—

379 3999 536 4050 stant
555 3995 809 4066 amplius
831 3996 902 4051 ab
925 3994 1199 4058 invicem.
1219 4011 1347 4067 quae
1372 3997 1536 4051 unita
1557 4002 1716 4063 sunt;
1743 3997 2028 4052 seddein-

375 4082 515 4138 ceps
548 4067 728 4124 Filius
749 4073 838 4124 est
864 4085 981 4123 una
1004 4067 1192 4137 ipsius
1223 4071 1652 4137 natura,Verbo
1676 4069 1878 4140 utique
1899 4085 2026 4124 car-

376 4155 451 4195 ne
484 4139 653 4195 facto.
691 4162 718 4188 ι)

450 4212 584 4277 Quae
642 4227 777 4266 cum
837 4211 962 4280 ipse
1019 4213 1078 4263 et
1132 4211 1454 4282 scripserit,
1517 4215 1575 4266 et
1623 4210 2028 4278 vindicaverit,

377 4288 669 4352 quantum
703 4283 774 4337 ab
802 4279 996 4336 errore
1027 4279 1578 4352 Apollin'aristarum
1629 4282 2026 4352 Eutychiano-

376 4351 628 4425 rumque
662 4353 1006 4424 longissime
1061 4351 1325 4425 distaret,
1385 4354 1608 4424 egregie
1666 4351 2027 4425 probantiac

375 4423 653 4482 evincunt
683 4423 1011 4496 Lequienus
1067 4423 1192 4478 loco
1243 4425 1438 4492 citato,
1495 4423 1826 4480 Ludovicus
1882 4424 2025 4480 Tho-

379 4500 682 4553 massinus
713 4499 787 4552 De
817 4498 1225 4568 [near-natione,
1275 4496 1560 4568 libroum,
1611 4496 1800 4568 capite
1848 4497 1932 4561 13,
1967 4500 2025 4551 et

375 4569 694 4641 Dionysius
727 4569 994 4625 Petavius
1019 4567 1168 4641 libro
1201 4584 1274 4633 ιν,
1327 4566 1517 4641 capite
1559 4569 1613 4634 7,
1648 4566 1698 4623 et
1752 4569 1898 4623 libro
1932 4583 2021 4641 vi,

2154 558 2253 612 illo
2277 559 2422 612 duas
2449 559 2562 612 dici
2596 556 2652 610 in
2685 558 2918 612 Christo
2969 562 3212 611 naturas
3252 558 3366 611 nisi
3421 574 3531 611 una
3581 558 3815 614 dicatur

2152 629 2323 683 Verbi
2359 637 2567 683 natura
2599 629 2925 682 incarnata.
2963 628 3241 698 Proptera
3261 630 3412 699 quod
3441 629 3684 684 ubiduae
3721 631 3808 684 di-

2152 702 2579 756 cunturChristi
2603 701 3034 768 uaturae,duaru
3047 717 3097 753 m
3116 701 3313 754 statim
3332 701 3486 755 ebuli
3501 703 3809 772 itsuspicio

2154 789 2557 843 personarum.
2581 773 2806 826 Etenim
2831 789 2944 826 non
2974 772 3128 826 aliud
3149 779 3237 826 est
3261 774 3654 837 natura,aliud
3677 792 3805 844 per-

2152 863 2318 909 sona;
2353 847 2451 898 sed
2490 860 2608 898 una
2637 852 2693 898 et
2721 846 2922 899 eadem
2961 861 3052 898 res
3076 861 3206 898 cum
3235 844 3307 898 sit
3329 846 3503 898 aliter
3549 852 3605 899 et
3636 848 3810 900 aliter

2151 917 2694 988 significatur(quze
2737 916 3035 971 distinctio
3068 915 3124 969 in
3159 916 3675 988 scholisivirtualis
3705 935 3807 988 ap-

2151 989 2446 1060 pellatur),
2481 987 2754 1058 quocirca
2803 988 3128 1058 plurimum
3165 987 3407 1058 periculi
3458 987 3701 1060 ingruit,
3736 987 3807 1044 ne

2149 1063 2445 1131 geminata
2490 1065 2720 1124 natura,
2774 1061 3108 1129 geminatur
3167 1065 3223 1112 et
3281 1075 3552 1130 persona.
3591 1061 3807 1115 Deinde

2149 1149 2283 1187 cum
2317 1133 2444 1185 duae
2475 1131 2751 1185 dicuntur
2783 1137 3027 1212 naturis,
3069 1131 3237 1201 quasi
3272 1147 3341 1184 ex
3380 1147 3543 1212 aequo
3598 1148 3803 1212 nume-

2149 1211 2356 1258 rantur
2386 1219 2570 1273 eoque
2625 1203 2867 1257 seorsim
2922 1219 3289 1274 unaquaeque
3339 1203 3673 1274 cogitatur:
3708 1206 3804 1258 vix

2151 1283 2368 1344 autem,
2401 1291 2467 1330 ac
2500 1289 2605 1329 nec
2635 1274 2727 1337 vix
2761 1273 3003 1345 cogitari
3036 1275 3278 1328 seorsim
3313 1273 3586 1344 quaelibet
3610 1279 3806 1346 potest

2149 1352 2359 1402 natura
2391 1347 2532 1418 quin
2567 1362 2826 1416 personae
2862 1347 3216 1418 proprietate
3268 1348 3574 1400 vestiatur.
3633 1347 3806 1402 Deni-

2149 1435 2263 1490 que
2299 1416 2420 1472 non'
2446 1418 2557 1473 alia
2575 1418 2762 1488 magis
2796 1416 3066 1472 machina
3084 1416 3386 1490 Nestorius
3409 1420 3555 1472 duas
3575 1419 3804 1473 scinde-

2150 1488 2244 1545 bat
2277 1506 2582 1559 personas,
2606 1505 2782 1559 quam
2817 1495 3034 1543 natura:
3058 1488 3314 1560 duplicis
3351 1491 3797 1560 praedicatione:

2149 1569 2321 1631 atque
2354 1563 2432 1616 ita
2462 1563 2534 1616 ab
2567 1561 2696 1630 ipsa
2743 1561 2984 1614 veritate
3044 1560 3282 1616 falsitati
3331 1560 3604 1632 praesidia
3635 1579 3799 1617 com~

2148 1635 2414 1705 parabat.
2450 1633 2507 1688 Si
2542 1634 2667 1705 dua}
2700 1639 2894 1705 autem
2929 1639 3148 1686 naturae
3193 1649 3308 1687 non
3350 1635 3427 1687 ita
3460 1637 3800 1688 statuantur

2148 1704 2219 1760 ob
2251 1705 2472 1769 oculos,
2509 1709 2573 1758 ut
2604 1704 2753 1759 binae
2786 1704 2962 1758 simul
2993 1720 3062 1758 ex
3092 1721 3258 1774 aequo
3311 1705 3646 1774 procedant,
3697 1707 3796 1759 sed

2149 1781 2214 1832 ut
2247 1778 2429 1831 altera
2461 1775 3083 1848 subjungaturalteri;
3117 1780 3183 1829 ut
3234 1792 3350 1830 una
3397 1777 3800 1848 principaliter

2145 1850 2418 1915 emineat,
2449 1847 2628 1902 altera
2660 1847 2917 1902 accessio
2948 1849 3074 1916 ejus
3106 1848 3182 1901 sit
3217 1864 3228 1901 :
3265 1864 3381 1901 una
3431 1847 3604 1902 fuerit
3645 1865 3800 1903 sem-

2149 1937 2249 1991 per
2278 1925 2336 1973 et
2368 1925 2569 1990 pergat
2615 1934 2765 1991 esse,
2827 1918 3009 1973 altera
3068 1934 3254 1989 nuper
3304 1919 3386 1972 illi
3432 1920 3794 1974 accreverit:

2145 1990 2261 2046 una
2291 2008 2398 2045 sua
2429 1991 2536 2045 sibi
2582 1990 2680 2053 sit,
2731 1991 2822 2043 sui
2868 1991 3023 2059 juris
3085 2007 3277 2060 sesque
3334 1993 3640 2060 potestatis
3697 1993 3792 2055 sit,

2146 2081 2246 2134 per
2275 2080 2335 2116 se
2368 2061 2817 2134 immutabiliter
2844 2067 2902 2115 et
2925 2063 3281 2134 sempiternus
3313 2065 3421 2128 sit;
3478 2062 3659 2117 altera
3709 2063 3794 2116 illi

2144 2133 2207 2189 ut
2235 2136 2496 2202 subjecto
2539 2133 2810 2187 accidens
2842 2134 3167 2201 incumbat,
3220 2133 3301 2186 ἱΗὶ
3347 2139 3795 2204 superstruatur

2145 2212 2208 2260 ut
2240 2206 2644 2268 fundamento,
2677 2204 2840 2258 illius
2863 2205 2985 2273 juri
3020 2204 3342 2276 censuique
3394 2206 3651 2276 ascripta
3696 2207 3792 2272 sit,

2141 2279 2298 2332 illius
2332 2278 2566 2349 propria
2595 2281 2653 2330 et
2683 2277 2853 2347 quasi
2885 2275 3261 2346 portiuncula
3291 2276 3390 2346 sit,
3419 2293 3521 2347 per
3551 2275 3610 2332 se
3637 2294 3794 2332 seor-

2141 2351 2253 2405 sim
2291 2366 2394 2404 nec
2427 2349 2522 2410 sit,
2560 2364 2662 2401 nec
2699 2364 2958 2419 unquam
2992 2349 3206 2415 fuerit;
3240 2353 3367 2401 tum
3419 2364 3552 2402 vero
3599 2350 3794 2404 omnis

2140 2421 2370 2494 eluetur
2399 2420 2455 2473 in
2485 2419 2732 2491 geminae
2765 2418 2984 2475 natura
3011 2418 3375 2492 professione
3405 2419 3663 2490 suspicio
3695 2438 3793 2494 ge-

2139 2493 2370 2548 minatae
2399 2507 2678 2559 personae.

2207 2587 2234 2613 ‹‹
2271 2568 2340 2618 At
2375 2564 2429 2618 id
2459 2563 2710 2634 Cyrillus
2742 2561 3007 2634 molitus,
3041 2561 3097 2615 id
3149 2567 3501 2634 consecutus
3549 2565 3637 2616 est
3688 2562 3788 2616 ubi

2139 2652 2170 2688 u
2185 2652 2308 2689 nam
2343 2635 2488 2689 dixit
2510 2633 2785 2688 naturam
2801 2633 2973 2688 Verbi
2991 2633 3609 2688 incarnatam.Emine!
3629 2635 3784 2689 enim

2136 2713 2190 2760 et
2223 2705 2444 2778 primas
2470 2709 2651 2778 tenet,
2683 2705 2948 2778 imosola
2978 2705 3037 2778 in
3069 2709 3447 2778 conspectum
3493 2704 3788 2778 statimse

2134 2775 2238 2832 dat
2265 2776 2665 2850 principaliter
2688 2776 2974 2850 divinitas
2994 2775 3194 2850 Verbi;
3222 2775 3336 2850 nec
3369 2775 3510 2830 latet
3541 2776 3778 2850 interim

2134 2847 2281 2904 caroﬁ
2317 2866 2419 2904 seu
2457 2847 2824 2912 humanitas,
2855 2865 2922 2903 ex
2948 2865 3059 2918 quo
3083 2848 3640 2902 diciturincarnata.
3669 2848 3779 2904 Oc-

2134 2927 2332 2976 cursat
2361 2921 2557 2987 itaque
2598 2937 2712 2974 non
2758 2919 2944 2974 deitas
2975 2925 3031 2974 et
3059 2936 3214 2979 caro.
3261 2921 3360 2974 sed
3409 2920 3597 2974 deitas
3646 2936 3778 2975 cum

2125 3008 2307 3047 carne
2341 3008 2352 3044 :
2388 3009 2501 3046 non
2534 2993 2688 3047 Deus
2719 2997 2776 3045 et
2805 2991 3006 3055 homo,
3043 2992 3140 3045 sed
3194 2991 3346 3045 Deus
3378 2990 3780 3058 humanatus;

2135 3081 2249 3118 non
2265 3065 2476 3134 daplex
2493 3065 2919 3128 nutura,deitas
2937 3068 2993 3118 et
3016 3063 3374 3134 humanitas,
3393 3063 3514 3127 sed,
3532 3064 3784 3134 simplex

2135 3133 2628 3201 natura’deitatis,
2667 3151 2800 3189 cum
2845 3135 3146 3190 accesione
3198 3133 3606 3190 humanitatis.
3654 3133 3783 3190 Ete-

2137 3209 2259 3262 nim
2294 3207 2394 3260 ubi
2426 3209 2556 3261 duae
2585 3212 2805 3261 naturae
2837 3207 3115 3262 dicuntur
3147 3210 3295 3261 Deus
3325 3213 3382 3260 et
3404 3206 3601 3273 homo,
3635 3216 3789 3261 utra-

2138 3295 2249 3350 que
2281 3285 2492 3334 natura
2522 3295 2624 3349 per
2654 3295 2715 3333 se
2750 3278 3248 3350 nominatur,7per
3277 3293 3338 3332 se
3370 3278 3700 3349 cogitatur;
3735 3283 3792 3334 et

2137 3349 2239 3422 per
2270 3367 2372 3405 seu
2397 3351 2687 3406 nominari
2740 3350 3053 3422 cogitarive
3083 3349 3173 3403 vix
3205 3355 3416 3422 potest,
3466 3350 3608 3422 quin
3662 3367 3789 3421 per-

2136 3421 2290 3478 sonae
2314 3423 2524 3491 cuique
2557 3439 2676 3477 suae
2707 3422 2966 3492 suspicio
2997 3421 3261 3492 obrepat.
3313 3421 3392 3475 At
3444 3421 3540 3474 ubi
3577 3428 3791 3475 natura

2133 3499 2360 3550 tantum
2392 3493 2566 3548 Verbi
2611 3495 2912 3548 incarnata
2943 3493 3180 3559 dicitur,
3240 3509 3357 3547 una
3406 3492 3686 3564 primario
3735 3499 3792 3547 et

2136 3583 2241 3639 per
2270 3582 2332 3621 se
2380 3565 2724 3639 subsistens
2755 3570 2979 3639 natura
3027 3565 3372 3620 obversatur
3403 3565 3622 3633 animo,
3655 3581 3787 3619 cum

2138 3636 2358 3693 naturae
2392 3637 2632 3692 alterius
2661 3636 3080 3693 additamento.

2209 3733 2235 3761 ‹‹
2271 3711 2657 3774 Quamobrem
2703 3709 2939 3780 singula
2981 3709 3108 3780 ejus
3163 3705 3785 3780 confessionisiverba

2137 3781 2419 3836 momenti
2455 3781 2773 3852 plurimum
2808 3779 3151 3836 affert-sinon
3176 3779 3472 3852 immerito
3492 3779 3786 3852 videntur,

2137 3853 2207 3907 ad
2243 3854 2375 3908 ﬁdei
2406 3849 2689 3907 adversus
2721 3853 3100 3909 Nestorianas
3135 3849 3384 3906 insidias
3415 3850 3784 3905 stabilimen-

2135 3929 2286 3980 tum.
2319 3925 2463 3980 Nam
2499 3929 2519 3980 Ι
2553 3926 2773 3979 Natura
2807 3942 2924 3979 una
2955 3925 3174 3978 dicitur
3204 3921 3416 3976 Verbi:
3448 3937 3512 3975 ac
3546 3922 3788 3992 proinde

2139 3997 2382 4069 perinde
2414 3998 2583 4051 nobis
2601 4000 2709 4063 est,
2736 4012 2838 4051 seu
2874 4001 3145 4069 naturam
3180 3993 3257 4047 ibi
3284 4009 3385 4064 pro
3419 3997 3628 4069 natura
3659 3993 3790 4069 strui-

2138 4064 2311 4132 ctius,
2351 4085 2450 4122 seu
2488 4085 2588 4137 pro
2620 4083 2913 4137 personna
2940 4067 3130 4121 laxius
3163 4069 3458 4135 sumptam
3493 4064 3791 4137 arbitretis

2137 4140 2424 4210 (Namque
2474 4135 2752 4210 Cyrillum
2809 4139 2904 4194 alii
2962 4138 3129 4193 aliter
3174 4135 3539 4210 interpretati
3602 4138 3787 4210 sunt).

2136 4207 2291 4266 Nihil
2326 4207 2444 4263 'aut
2485 4207 2794 4281 perperam
2851 4211 3112 4275 interest,
3160 4207 3792 4281 utrislibetaccedas;

2135 4298 2270 4336 nam
2315 4279 2562 4352 persona
2595 4279 2650 4336 et
2681 4287 2888 4337 natura
2921 4299 3035 4337 non
3069 4279 3791 4352 dili'eruntmisiconceptu

2137 4351 2382 4419 mentis;
2409 4358 2465 4407 et
2495 4370 2594 4409 seu
2629 4370 2942 4425 personam
2975 4353 3064 4408 vel
3103 4351 3470 4425 hypostasim
3497 4351 3671 4407 Verbi
3704 4354 3792 4406 in-

2136 4430 2432 4480 carnatam
2451 4442 2551 4480 seu
2577 4422 2849 4481 naturam
2869 4426 3043 4482 Verbi
3064 4429 3128 4479 ut
3150 4422 3533 4495 principalem
3558 4428 3614 4478 et
3636 4440 3794 4478 sum-

2137 4513 2292 4570 mam
2319 4503 2396 4570 et,
2429 4498 2716 4553 totalitate
2774 4515 2883 4553 sua
2940 4514 3039 4570 per
3070 4496 3550 4570 se‘fretamhcum
3596 4496 3792 4570 carnis

2140 4568 2515 4642 adjunctione
2540 4571 2662 4640 jam
2698 4568 3336 4642 cogites,'pcrinde_est.
3373 4568 3788 4642 Personaenim

378 4642 479 4697 ubi
512 4631 873 4714 anonymum
895 4631 1299 4697 Calvinianum
1341 4631 1636 4714 hominem
1663 4657 1776 4714 pro
1800 4631 2024 4714 meritis
2061 4631 2108 4694 D
2141 4631 2256 4696 non
2289 4641 2448 4696 aliud
2483 4631 2572 4697 est
2602 4631 3026 4714 quamvnatura
3057 4647 3120 4696 ut
3146 4637 3539 4714 principatum
3572 4639 3662 4694 sui
3697 4643 3788 4714 te-

375 4713 646 4786 castigat,
673 4711 779 4786 qui
809 4712 916 4769 hoc
948 4713 1473 4786 demonstrandum
1517 4711 1784 4786 suscipit,
1817 4712 2022 4786 Nesto-

377 4782 1041 4868 r_ium"impuriss_iuium
1071 4782 1543 4868 haeresiarcham,
1569 4782 1808 4868 pium‘et
1830 4783 2025 4868 catho-

374 4857 555 4913 licum
591 4856 772 4913 fuisse
805 4874 818 4912 :
852 4857 986 4912 illos
1016 4859 1236 4920 autem,
1269 4873 1303 4911 a
1334 4856 1552 4927 quibus
1595 4858 2024 4912 condemnatus

377 4933 491 5002 est,
527 4929 805 5002 Cyrillum
837 4934 892 4983 et
932 4927 1303 5002 Ephesinam
1353 4929 1666 5000 synodum,
1721 4927 2025 5002 haereticos

377 5005 434 5056 ct
460 4999 695 5072 impios.
731 5000 983 5057 Consule
1015 5003 1190 5072 caput
1210 4999 1262 5063 8,
1287 5000 1343 5072 in
1371 5017 1483 5071 quo
1506 5001 1818 5066 sententia,
1847 5017 2022 5071 quam

377 5077 436 5129 et
482 5071 732 5129 Cr’ozeus
775 5073 1040 5144 opponit,
1100 5071 1339 5144 innoxia
1359 5072 1710 5144 etrapprime
1739 5072 2027 5127 catholica

334 5181 341 5186 ι
377 5146 732 5201 ostenditur.
768 5141 1017 5200 Mentem
1042 5141 1732 5214 Cyrilli,conciliumque,
1757 5145 2023 5198 omnium

381 5216 748 5273 lucidissime
781 5218 1056 5287 patefacit
1105 5215 1382 5269 laudatus
1430 5215 1865 5270 Thomassinus
1913 5215 2022 5270 loc.

376 5287 474 5344 cit.
507 5287 698 5344 Verba
727 5289 856 5358 ejus
888 5290 1096 5351 refero,
1133 5302 1263 5357 quae
1305 5288 1562 5342 maximo
1595 5294 1652 5342 et
1684 5288 1838 5341 infra
1889 5287 2023 5342 usui

377 5360 550 5415 nobis
581 5366 773 5416 erunt.
809 5361 962 5416 662
998 5384 1026 5411 «
1073 5358 1358 5422 Nestorio,
1411 5359 1625 5429 inquit,
1679 5358 2026 5414 insidiosius

377 5433 527 5487 duas
552 5432 814 5501 jactante
847 5433 904 5487 in
935 5431 1167 5489 Christo
1192 5435 1452 5494 naturas,
1474 5437 1532 5484 et
1564 5432 1742 5501 (quod
1779 5432 2024 5502 nequis-

377 5503 595 5559 simum
631 5506 852 5560 fraudis
885 5521 1070 5571 genus
1100 5502 1210 5572 est)
1262 5502 1332 5556 de
1363 5503 1604 5557 veritate
1635 5504 1764 5574 ipsa
1792 5502 2025 5557 veritati

380 5575 665 5633 invidiam
700 5577 1012 5642 conﬂante;
1036 5591 1105 5630 ne
1138 5574 1387 5628 duarum
1407 5579 1752 5629 naturarum
1779 5575 2022 5630 obtentu

377 5649 507 5702 dum
540 5665 774 5721 quoque
805 5649 1248 5721 inpegerentur_
1272 5662 1532 5721 personae
1588 5647 1736 5702 hanc
1781 5653 1900 5721 nut_
1926 5664 2027 5721 ex-

377 5716 1172 5790 cogitavit-autinstauravit
1212 5716 1463 5790 Cyr-illus
1505 5719 1626 5790 jam
1663 5736 1810 5789 pene
1851 5719 2024 5774 oblit-

378 5789 626 5864 teretem
659 5793 994 5864 eloquendaa
1026 5789 1451 5864 Incarpationis
1501 5789 1812 5864 formulam
1865 5791 2024 5861 (cum

381 5862 619 5933 diceret,
637 5860 815 5921 unam
845 5879 974 5920 esse
995 5861 1172 5933 Verbi,
1187 5860 1290 5917 Dei
1311 5866 1578 5933 naturam
1611 5860 2024 5933 incarnatam).

381 5935 560 6008 Cujus
586 5929 806 5994 oraculi
850 5934 974 5992 hec
1023 5929 1276 5991 maxime
1318 5931 1696 6006 signiﬁcatio,
1731 5932 1852 5990 haec
1883 5929 2021 5991 sen-

2135 4728 2307 4794 usus,
2339 4718 2533 4794 ut_per
2562 4710 3002 4794 se‘consistpns.
3031 4717 3095 4767 ut
3119 4710 3530 4794 accidentibus
3571 4716 3638 4794 et
3660 4711 3786 4794 _ad-

2135 4781 2482 4839 ditamentis
2498 4787 2775 4841 omnibus
2795 4786 3091 4841 substans.
3119 4783 3186 4838 Il.
3212 4783 3432 4838 Natura
3454 4781 3786 4838 Verbidici-

2136 4861 2251 4922 tur,
2288 4873 2360 4913 ne
2391 4858 2459 4912 ad
2495 4861 2675 4913 totam
2721 4857 3072 4913 Trinitatem
3112 4859 3371 4926 spectare
3420 4855 3789 4910 existimetur

2137 4929 2330 5002 carnis
2362 4931 2713 5002 assumptio.
2740 4930 2830 5002 lli.
2871 4931 3180 4984 Incarnata
3211 4926 3444 4993 dicitur,
3493 4943 3608 4998 quo
3653 4943 3786 5002 caro

2136 5001 2504 5071 designatur,
2533 4999 2630 5057 sed
2666 5001 2931 5073 oblique;
2958 5005 3103 5056 etut
3134 5015 3248 5073 non
3285 5014 3500 5073 perse,
3554 5014 3658 5052 nec
3690 4999 3784 5053 sui

2137 5068 2330 5144 causa,
2367 5089 2473 5126 nec
2505 5074 2593 5128 sui
2622 5068 2979 5144 jurisfadoo
3024 5076 3087 5126 ut
3145 5068 3353 5144 unitati
3401 5068 3790 5144 hypostaseos

2136 5143 2497 5198 vindicanda:
2531 5141 3029 5200 accommodatius
3053 5145 3130 5196 sit
3151 5142 3284 5206 dici,
3311 5145 3583 5196 naturam
3609 5141 3787 5197 Verbi

2137 5215 2603 5286 incarnatam,qu
2615 5234 2702 5272 am
2723 5224 2993 5272 naturam
3011 5213 3181 5268 Verbi
3206 5219 3262 5268 et
3279 5223 3542 5268 carnem.
3563 5213 3792 5269 lV.Una

2137 5287 2355 5342 dicitur
2383 5285 2560 5343 Verbi
2592 5293 2823 5351 natura,
2856 5305 2988 5342 nam
3022 5285 3220 5340 unitas
3258 5286 3412 5340 sicut
3442 5292 3499 5340 et
3528 5287 3790 5341 totalitas

2138 5375 2316 5431 penes
2339 5365 2611 5432 naturam
2639 5360 3229 5432 principaliorem‘est
3253 5357 3792 5432 attendendatUna

2138 5428 2230 5486 est
2260 5431 2416 5486 enim
2444 5428 2691 5502 persona
2717 5428 3009 5492 Christus,
3031 5428 3171 5502 quia
3193 5447 3348 5502 unus
3370 5436 3460 5485 est
3489 5431 3590 5486 Dei
3611 5430 3789 5485 Filius

2138 5501 2536 5573 sempiternus
2570 5510 2623 5559 et
2658 5501 3182 5574 incorruptibiliter
3210 5501 3364 5557 idem
3393 5523 3406 5570 ;
3466 5503 3631 5574 prius
3665 5503 3792 5557 sine

2138 5591 2331 5638 carne,
2363 5593 2519 5630 nunc
2573 5593 2705 5632 cum
2750 5590 2942 5638 carne,
2999 5589 3234 5644 semper
3278 5575 3458 5638 idem,
3517 5591 3790 5644 unusque

2139 5663 2372 5717 semper
2403 5650 2590 5716 idem;
2630 5665 2731 5703 nec
2767 5649 2964 5702 minus
3004 5651 3194 5700 totum
3231 5646 3553 5717 priussine
3584 5662 3784 5712 carne,

2139 5735 2245 5774 nec
2267 5716 2650 5791 magistotum
2672 5737 2804 5774 cum
2835 5717 3385 5791 carne;auctussine
3404 5716 3790 5791 incremento,

2136 5807 2242 5845 nec
2294 5788 2484 5862 major
2532 5793 2722 5863 factus
2775 5791 2966 5846 carnis
3019 5789 3370 5863 accessione.
3412 5788 3616 5844 Unitas
3647 5806 3784 5863 ergo

2137 5861 2403 5935 personis
2429 5869 2552 5935 tota
2583 5881 2616 5919 a
2643 5862 2821 5935 Verbi
2853 5867 3062 5935 natura
3088 5861 3406 5935 repetenda
3436 5866 3591 5935 est...

2207 5955 2236 5983 ‹‹
2270 5933 2417 5992 Hinc
2440 5933 2598 5991 litem
2621 5934 2800 6007 (inter
2819 5951 2941 6002 eos,
2964 5933 3062 6006 qui
3084 5931 3143 5986 in
3160 5931 3567 6004 prepositione
3588 5932 3790 6007 Cyrilli
