4130 6384
324 355 462 411 1049

1313 362 1652 415 VINDICIE
1688 359 1989 413 OPERUM
2025 360 2746 415 AREOPAGITICORUM.

3597 349 3748 404 1050

331 479 555 556 munia,
589 483 946 556 utpotequaa
977 479 1186 556 cuique
1224 482 1414 556 obvia,
1448 499 1575 554 quae
1626 483 1698 538 de
1747 498 1984 556 summo
2015 492 2066 556 Α
2101 481 2329 537 ﬁscitur
2377 480 2744 556 eucharistiae
2794 482 3181 556 sacramento.
3216 480 3488 556 quasnam
3544 476 3754 547 praefe-

329 554 446 609 Deo
477 569 511 606 a
540 554 920 606 sanctissima
947 553 1227 608 Trinitate
1260 553 1665 621 celebrentur;
1699 559 1839 608 sunt
1869 553 1985 607 alia

324 625 567 696 Synesio
601 625 997 694 propria,quae
1018 627 1288 696 nuspiam
1324 627 1563 696 scripsit
1595 634 1796 680 auctor
1815 635 1983 681 Areo-

327 695 738 768 patigicorum.
773 700 851 750 Ac
909 697 1024 751 duo
1058 695 1196 752 sunt
1229 695 1524 768 postremo
1555 697 1680 752 loco
1713 697 1977 752 animad—

319 766 626 836 vertenda;
656 766 904 822 alterum
939 785 1070 822 cum
1105 773 1192 823 Jo.
1222 766 1464 824 Ernesto
1497 770 1710 824 Gabrio
1733 769 1788 823 in
1819 769 1985 823 Notis

320 841 396 912 ad
431 841 667 912 caputi
705 838 763 892 S.
802 839 1022 903 lrenwi,
1058 841 1366 912 Synesium
1407 842 1462 895 in
1498 842 1730 912 hymnis
1760 841 1987 912 poetica

324 911 566 966 licentia
587 910 865 976 abusum,
891 910 1129 966 omnem
1159 918 1275 967 iere
1301 910 1842 968 Valentinianorum
1863 915 1986 967 Ma-

315 981 652 1055 tzeologiam
698 998 828 1055 vere
878 983 1180 1053 theologia:
1235 985 1569 1055 adOptasse,
1603 1001 1667 1039 ac
1718 984 1988 1039 haeretica

318 1070 463 1109 voce
512 1053 894 1107 orthodoxam
951 1055 1236 1109 cecinisse
1290 1053 1501 1122 ﬁdem;
1557 1057 1807 1110 alterum
1850 1073 1985 1110 cum

321 1124 699 1199 Tillemontio
734 1130 894 1199 tomo
917 1126 1012 1192 XI,
1041 1129 1096 1180 in
1132 1129 1398 1196 ejusdem
1432 1129 1657 1199 Synesii
1683 1130 1811 1199 Vita
1845 1131 1990 1182 arti-

322 1196 456 1252 culo
487 1197 542 1262 4,
577 1212 787 1267 nempe
815 1196 1629 1270 dogmataChristianae'tidei
1665 1199 1722 1253 in
1756 1198 1988 1270 hymnis

318 1284 528 1342 parum
563 1274 834 1342 accurate
861 1269 1137 1334 edisseri,
1169 1287 1234 1324 ac
1269 1271 1438 1340 plura
1471 1271 1657 1342 promi
1695 1274 1890 1342 potius
1921 1287 1989 1324 ex

313 1340 802 1409 philosophorum
842 1342 1110 1408 scriptis,
1145 1358 1319 1411 quam
1357 1340 1578 1397 divinis
1616 1340 1985 1411 exeloquiis.

318 1411 552 1484 Haacab
592 1412 1217 1484 ArieOpagiticislonge
1244 1415 1500 1481 absunt;
1545 1431 1805 1484 quorum
1840 1415 1987 1468 inte-

317 1483 576 1555 gerrima
611 1483 752 1538 ﬁdes
783 1484 974 1539 adhuc
1019 1483 1264 1540 inferius
1298 1483 1701 1556 patefacienda
1754 1491 1865 1554 est,
1898 1503 1988 1554 ac,

317 1554 699 1609 vindicanda.

315 1570 699 1610 vmmcanaa.

1104 1656 1209 1709 XI.

315 1740 603 1814 Fullonem
647 1756 763 1795 esse
805 1746 1086 1814 auctorem
1138 1743 1665 1814 AreOpagiticorum,
1703 1759 1809 1796 non
1851 1759 1987 1813 pro-

387 1813 478 1867 bat
529 1815 672 1866 ritus
716 1812 960 1885 publicae
1018 1814 1167 1869 sacri
1219 1812 1491 1885 unguenti
1546 1812 1985 1870 consecrationis

386 1885 448 1938 in
493 1883 896 1957 Areopagiticis
932 1885 1258 1956 descriptus.
1295 1883 1481 1941 Ritum
1513 1886 1677 1941 illum
1707 1889 1984 1957 antiquis-

382 1955 546 2010 simis
591 1956 929 2027 temporibus
973 1955 1264 2014 nonnullae
1310 1961 1574 2015 Ecclesia
1623 1955 1981 2013 adhibebant.

384 2028 679 2082 Canticum
740 2028 1004 2098 trisayion
1068 2031 1123 2082 in
1183 2029 1388 2086 eisdem
1440 2029 1841 2099 Areopagiticis
1906 2030 1987 2083 vel

386 2113 501 2153 non
548 2102 912 2164 memomtur,
945 2102 1031 2155 vel
1061 2103 1205 2156 certe
1233 2118 1342 2157 non
1377 2102 1583 2157 redolet
1631 2102 1883 2157 Fullonis
1935 2111 1988 2155 et

391 2171 820 2226 Severianorum
854 2170 1162 2242 ingenium.

391 2269 750 2342 Praemitters
793 2269 965 2324 liccat
996 2271 1536 2342 Areopagiticorum
1569 2271 1829 2326 auctoris
1859 2288 1983 2325 ver-

320 2339 1029 2422 ba,"quibusnungue_nti
1091 2339 1242 2422 sacri
1277 2344 1645 2422 conﬁciendi
1698 2343 1844 2422 ritus
1889 2344 1984 2422 de-

319 2411 639 2486 scribitur,
699 2412 773 2467 De
806 2411 1208 2486 _ecclesiastica
1269 2415 1622 2480 hicrarchia,
1679 2415 1869 2486 capite
1918 2416 1980 2480 4,

314 2499 483 2537 num.
534 2484 570 2537 2
623 2500 635 2538 :
705 2483 906 2540 Eodem
949 2489 1137 2550 modo,
1185 2501 1289 2555 quo
1351 2489 1412 2541 in
1478 2488 1704 2556 synaxi,
1751 2483 1982 2540 'ordines

311 2570 510 2627 eorum
556 2557 655 2627 qui
702 2557 890 2610 minus
918 2556 1153 2627 perfecti
1181 2566 1332 2622 sunt,
1363 2557 1735 2612 excluduntur
1763 2575 1780 2610 :
1828 2572 1979 2625 pra:—

309 2625 502 2680 missis
551 2626 804 2682 videlicet
825 2625 985 2682 sacra
1013 2625 1113 2698 per
1144 2632 1314 2683 totum
1345 2630 1615 2698 templum
1645 2645 1770 2682 cum
1799 2628 1978 2682 odoris

306 2699 1040 2770 [ναςινιιηιίιιίρνοεεεδίοηοίν
1073 2700 1530 2770 Psalmorumque
1572 2717 1738 2754 sacra
1789 2699 1978 2754 modu-

309 2769 608 2854 lationc,et
633 2769 1107 2854 diuinissimorum
1137 2769 1484 2854 eloquiorum
1512 2772 1974 2854 promulgatione.

309 2841 609 2897 Hactenus
641 2843 960 2898 missarum
995 2841 1284 2899 solemnia
1315 2844 1475 2899 vides
1507 2841 1574 2897 ad
1608 2842 1974 2913 evangelium

314 2929 508 2983 usque
557 2913 776 2968 lectum
831 2916 1412 2986 promulgatumque.
1448 2915 1652 2986 Deinde
1700 2917 1975 2986 ponti/ex,

312 2993 535 3058 accepto
552 2995 860 3058 unguento,
889 2989 1049 3056 ponit
1074 2985 1229 3041 illud
1273 2985 1446 3058 supra
1494 2985 1744 3041 divinum
1776 2987 1972 3058 altare,

314 3056 616 3112 duodecim
645 3058 820 3111 sacris
867 3058 972 3112 alis
1020 3056 1356 3124 obvelutum,
1387 3061 1597 3114 cunctis
1627 3057 1977 3113 sanctissima

311 3143 441 3200 voce
488 3128 903 3184 concinentibus
957 3129 1104 3184 illud
1149 3130 1426 3186 divinitus
1483 3132 1798 3198 af/Iatorum
1852 3145 1977 3200 pro—

313 3199 612 3282 phetarum
662 3201 1340 3282 canticuquf/Iationis.
1363 3205 1442 3282 lu_
1476 3201 1667 3265 altari,
1695 3202 1978 3282 ‘udeoque

315 3271 475 3325 intra
526 3271 842 3327 missarum
896 3271 1206 3341 solemnia,
1260 3279 1486 3330 astante
1537 3271 1749 3344 p0pulo
1795 3272 1974 3337 ﬁdeli,

317 3347 592 3397 sanctum
637 3348 1020 3415 unguentum
1082 3351 1378 3400 sacratum
1429 3362 1461 3400 a
1507 3345 1802 3415 pontiﬁce,
1851 3345 1972 3400 haec

315 3415 497 3468 verba
526 3413 848 3470 declarant.
871 3417 1047 3486 Atqui
1074 3417 1361 3471 Theodori
1389 3413 1622 3472 lectoris
1647 3416 1703 3468 in
1730 3417 1973 3472 Historia

315 3486 648 3553 ecclesiast.,
699 3486 848 3541 libro
907 3503 968 3550 ιι,
1019 3489 1195 3542 verba
1249 3493 1436 3544 sunt:
1491 3488 1721 3541 Pctrum
1781 3489 1970 3542 Fullo-

315 3574 452 3612 nem
505 3557 854 3624 instituisse,
893 3565 956 3612 ut
996 3575 1228 3614 sacrum
1280 3560 1540 3615 chrisma
1582 3575 1777 3613 coram
1810 3558 1972 3614 omni

311 3627 530 3703 populo
561 3636 1021 3703 consecraretur.
1050 3653 1077 3679 »
1101 3629 1247 3686 Hinc
1272 3630 1544 3703 Lequieni
1569 3631 1850 3701 suspicio,
1873 3639 1974 3686 aut

308 3701 424 3771 ipsi
446 3699 745 3774 __‘Fulloni_,
775 3705 876 3755 aut
902 3703 1032 3771 ejus
1062 3707 1219 3757 socio
1250 3709 1307 3759 et
1338 3699 1574 3759 asseclze
1609 3699 1969 3774 Areopagiti-

307 3789 408 3827 cos
442 3771 622 3827 libros
656 3772 1005 3828 tribuendos
1034 3790 1183 3828 esse.

376 3841 594 3916 Athtsc
637 3845 902 3916 scribens
959 3845 1298 3901 Theodorus
1354 3845 1540 3902 lector
1590 3847 1638 3900 si
1689 3845 1972 3916 deceptus

305 3914 504 3981 fuerit,
547 3915 718 3970 cadat
770 3920 1007 3990 oportet
1051 3917 1402 3990 labaturque
1455 3917 1732 3990 Lequieni
1782 3914 1974 3990 conje-

302 3991 492 4040 ctura.
515 3990 754 4042 Errasse
788 4004 918 4042 vero
949 3989 1337 4045 Theodorum.
1363 3990 1410 4045 si
1445 3989 1748 4046 Fullonem
1787 3989 1972 4045 fuisse

309 4057 685 4130 intellexerit,
720 4059 820 4130 qui
869 4059 1093 4129 primus
1125 4061 1179 4115 in
1216 4063 1486 4118 universa
1516 4061 1773 4117 Ecclesia
1803 4061 1968 4116 Chri-

309 4129 509 4186 stiana
556 4129 749 4185 ritum
785 4130 1086 4201 invexerit,
1117 4133 1372 4190 chrisma
1404 4133 1676 4189 sacrandi
1708 4132 1768 4186 in
1800 4133 1968 4188 altari

303 4202 461 4256 inter
516 4203 807 4277 actionem
870 4203 1229 4277 li_turgicam,
1279 4223 1474 4261 coram
1527 4203 1736 4277 populo
1789 4204 1966 4277 ﬁdeli,

300 4277 611 4346 proicerto
658 4271 838 4346 habet
887 4271 1238 4346 Edm—undus
1290 4271 1545 4332 Martené
1600 4271 1670 4331 De
1717 4275 1968 4346 antiquis

301 4345 565 4401 Ecclesia?
613 4343 846 4416 ritibus,
901 4345 1088 4415 capite
1132 4348 1230 4408 2'3,
1284 4350 1312 4416 §
1361 4349 1416 4416 3,
1469 4364 1646 4401 num.
1700 4348 1750 4411 1,
1803 4343 1901 4401 ubi
1950 4364 1962 4402 :

298 4439 327 4467 ‹‹
363 4416 598 4471 Publica
649 4415 897 4488 hujusce
936 4415 1407 4474 consecrationis
1453 4417 1798 4474 solemnitas
1839 4417 1967 4488 (ait)

298 4489 360 4543 in
396 4488 669 4543 Africana
710 4487 969 4561 Ecclesia
1011 4491 1136 4559 jam
1188 4488 1361 4561 longe
1407 4496 1541 4546 ante
1590 4487 1963 4558 obtinuerat;

300 4565 716 4632 utpoteiquam
750 4559 818 4613 ad
855 4559 1037 4616 altare
1068 4559 1366 4632 peractam
1399 4563 1602 4628 fuisse,
1635 4578 1750 4616 non
1793 4579 1964 4617 secus

303 4631 843 4708 accucbaristiam,
877 4631 1091 4708 docent
1139 4632 1264 4708 h_a3c_
1300 4634 1358 4690 S.
1393 4639 1472 4708 Cy

300 4702 553 4775 epistola
596 4703 693 4776 70._
730 4701 905 4776 Porro
951 4704 1329 4776 eucharistia,
1373 4701 1637 4761 et'unde
1686 4706 1965 4776 baptizati

301 4772 838 4848 u‘ngunturmleum
859 4775 916 4829 in
941 4774 1110 4831 altari
1137 4777 1598 4833 sanctiﬁcatur.»
1626 4779 1696 4832 Et
1727 4772 1966 4848 quidem

301 4847 579 4920 invocato
595 4845 816 4920 Christi
853 4847 1109 4920 nomine,
1140 4856 1203 4902 ut
1232 4849 1518 4906 discimus
1547 4867 1616 4906 ex
1643 4845 1834 4920 Optati
1869 4850 1969 4905 Mi-

300 4919 538 4976 levitani
567 4918 717 4974 libro
747 4934 847 4972 vm
878 4918 1143 4975 Adversus
1171 4921 1608 4977 Parmenianum
1631 4943 1648 4978 :
1697 4918 1726 4970 'a
1763 4921 1967 4977 Oleum

305 4990 620 5064 nominant
669 4987 833 5064 illum
885 4988 1194 5064 liquorem,
1229 4994 1332 5064 qui
1382 4993 1439 5048 in
1487 4995 1725 5050 nomine
1751 4992 1968 5049 Christi

302 5063 619 5137 conditur;
657 5062 809 5134 quod
857 5061 1138 5132 chrisma,
1171 5061 1486 5137 postquam
1519 5067 1822 5123 conditum
1857 5071 1966 5132 est,

307 5135 668 5191 nominatur.
707 5157 730 5184 ι

371 5204 644 5278 Cypriani
661 5205 856 5260 locum
878 5203 1120 5262 adhibet
1138 5210 1598 5277 Martene,prout
1622 5208 1694 5262 ab
1719 5212 1966 5263 Erasmo

300 5279 646 5333 emendatus
721 5282 829 5342 est,
907 5293 1132 5345 suaque
1192 5279 1250 5333 in
1301 5279 1560 5335 editione
1618 5297 1650 5334 a
1711 5279 1965 5335 Pamelio

300 5351 534 5422 positus
565 5349 798 5418 legitur.
825 5346 1358 5422 Aliterﬁlegendum
1406 5351 1640 5406 censuit
1691 5350 1967 5407 Baluzius

292 5417 466 5494 juxta
511 5417 686 5477 ﬁdem
737 5417 1376 5494 codicisCorbeiensis
1413 5441 1426 5478 :
1479 5445 1506 5473 «
1544 5423 1718 5478 Porro
1767 5428 1964 5478 autem

302 5492 664 5550 eucharistia
711 5497 822 5555 est,
874 5492 1028 5546 unde
1078 5493 1326 5563 hapizati
1379 5500 1687 5563 unguntur
1731 5494 1856 5549 oleo
1906 5495 1964 5548 in

301 5565 469 5642 altari
518 5563 905 5642 sanctiﬁcatio.
941 5584 968 5610 ››
1005 5563 1328 5642 “Aliamque
1364 5573 1492 5642 post
1525 5565 1848 5621 Manutium
1883 5566 1962 5621 lc-

299 5636 556 5693 ctionem
590 5634 973 5706 amplectitur
1005 5634 1294 5706 Rigaltius
1323 5656 1335 5694 :
1364 5634 1394 5686 ἰ
1433 5638 1608 5693 Porro
1642 5644 1836 5693 autem
1870 5655 1968 5693 eu-

298 5708 583 5766 charistia
631 5712 738 5771 est,
776 5705 930 5762 unde
964 5705 1244 5778 baptizati
1278 5715 1646 5776 tinguuntur,
1679 5708 1874 5765 oleum
1904 5711 1964 5765 in

300 5781 473 5838 altari
505 5778 981 5852 sanctiﬁcatum;
1019 5799 1048 5828 ››
1079 5796 1146 5835 ac
1177 5781 1224 5835 si
1259 5781 1568 5852 ipsa7665
1605 5781 1966 5839 eucharistia

305 5851 885 5925 dicta‘intelliga‘t‘ur
914 5849 1106 5925 oleum
1142 5849 1485 5924 spiri‘tuale:
1529 5853 1856 5925 eodemque
1902 5853 1962 5909 in

301 5922 432 5982 loco
465 5920 537 5981 de
568 5919 821 5998 spiritali
854 5919 1133 5979 unctione
1163 5919 1394 5996 ligatur,
1414 5937 1543 5997 quae
1575 5923 1648 5984 ab
1681 5919 1807 5998 ipio
1837 5939 1965 6000 pro-

1480 4621 1666 4706 priani
1696 4634 1872 4689 verba
1903 4633 1962 4689 in
1996 4621 2042 4685 Β

2099 558 2299 620 renda,
2332 555 2510 609 veluti
2561 556 2839 624 genuina,
2876 551 3044 604 lectio
3095 550 3192 614 sit,
3225 547 3562 624 diligentius
3627 564 3754 619 per-

2094 627 2321 697 quirere
2357 643 2466 681 non
2500 621 2704 680 vacat:
2750 629 2974 697 eertum
3006 621 3314 697 veromihi
3347 625 3751 697 compertum-

2097 692 2229 768 que,
2251 699 2454 754 eodem
2488 698 2546 751 in
2580 697 2704 752 loco
2736 695 3103 768 Cyprianum
3125 695 3194 747 de
3227 695 3354 768 ipso
3385 693 3563 768 etiam
3597 692 3754 768 chri-

2096 763 2285 824 smate
2336 769 2518 840 loqui,
2549 769 2738 839 deque
2780 763 3220 840 consecratione
3253 763 3400 840 ejus
3449 766 3506 817 in
3557 763 3746 840 altari.

2097 845 2228 896 Post
2254 836 2431 895 allata
2453 836 2869 906 verba,'statim
2893 837 3136 907 subiicit
3164 837 3288 891 ille:
3320 858 3347 885 «
3377 836 3755 890 Sanctiﬁcare

2097 918 2296 967 autem
2342 930 2458 968 non
2509 914 2699 984 potuit
2749 911 3258 984 olei_creaturam_,
3293 908 3392 984 qui
3434 925 3539 962 nec
3566 907 3756 984 altare

2098 984 2295 1051 habet,
2333 1002 2435 1040 nec
2465 980 2772 1040 ecclesiam
2809 982 2886 1052 (id
2920 986 3009 1036 est
3037 980 3365 1051 haereticus)
3395 996 3406 1033 :
3465 980 3619 1034 unde
3645 994 3752 1033 nec

2099 1059 2296 1111 unctio
2316 1056 2642 1126 spiritualis
2673 1056 2824 1125 apud
2863 1052 3167 1126 haereticos
3201 1059 3387 1122 potest
3411 1067 3755 1126 esse,_qu_an-

2099 1129 2170 1182 do
2238 1123 2466 1183 constet
2531 1123 2726 1182 oleum
2788 1125 3164 1191 sanctiﬁcari,
3224 1131 3280 1179 et
3338 1123 3754 1178 eucharistiam

2100 1201 2221 1254 ﬁeri
2255 1201 2410 1270 apud
2443 1199 2574 1255 illos
2601 1197 2840 1254 omnino
2862 1213 2983 1270 non
3019 1213 3209 1266 posse.
3236 1218 3263 1245 »
3288 1199 3410 1270 Quo
3434 1196 3558 1270 loco
3585 1193 3752 1270 g<__olei

2098 1266 2448 1339 creaturam,
2504 1289 2630 1342 quae
2690 1269 3110 1342 sanctiﬁcatur,
3162 1290 3198 1342 Δι
3272 1268 3427 1342 quis_
3463 1266 3753 1342 intelligat

2097 1339 2566 1398 eucharistiam“?
2620 1345 2741 1397 [mo
2791 1339 2984 1394 oleum
3037 1339 3350 1411 distinguit
3395 1339 3746 1411 Cyprianus,

2097 1422 2154 1470 et
2181 1416 2624 1479 eucharistiam,
2657 1415 2942 1481 docetque
2973 1427 3161 1482 neque
3196 1409 3336 1465 illud
3372 1409 3750 1476 sanetiﬁcari,

2099 1503 2287 1556 neque
2329 1488 2503 1541 istam
2549 1487 2672 1541 ﬁeri
2723 1485 2877 1556 apud
2929 1482 3233 1556 haereticos
3286 1500 3473 1552 posse,
3509 1482 3606 1554 qui
3643 1497 3749 1536 nec

2099 1554 2280 1613 altare
2329 1559 2567 1623 habent,
2601 1573 2708 1611 nec
2755 1554 3085 1611 ecclesiam.
3122 1558 3304 1609 Uocce
3333 1558 3748 1624 argumentum

2098 1646 2213 1700 quo
2235 1633 2560 1701 Cyprianus
2591 1627 2995 1701 haereticorum
3031 1631 3398 1701 sacramenta
3431 1627 3751 1701 rejiciehat,

2099 1697 2338 1758 adducit
2369 1719 2435 1756 ac
2465 1702 2635 1757 solvit
2671 1699 3037 1770 Augustinus
3086 1697 3236 1753 libro
3284 1715 3321 1752 ν
3367 1699 3440 1752 De
3483 1699 3750 1770 baptismo

2098 1782 2300 1851 contra
2323 1774 2686 1851 Donatistae
2725 1768 2925 1851 capite
2961 1770 3052 1851 20_,
3085 1770 3398 1851 oleumque
3430 1768 3643 1851 accipit
3674 1769 3748 1822 ab

2022 1867 2065 1930 Β
2096 1846 2457 1930 eucharistia
2501 1845 2838 1930 distinctum
2874 1857 2889 1897 :
2934 1864 2969 1930 ,ιι
3009 1845 3127 1897 Cur
3173 1848 3412 1930 autem,‘
3450 1843 3748 1930 inquiens,

2098 1919 2167 1972 ad
2223 1919 2419 1984 verba,
2454 1935 2580 1988 quae
2631 1916 2968 1988 procedunt
2995 1929 3063 1968 ex
3113 1931 3209 1988 ore
3248 1913 3558 1988 homicidas
3606 1914 3749 1972 (non

2097 1989 2372 2058 haeretici,
2407 1983 2504 2044 sed
2566 1983 2725 2042 intra
2755 1983 3102 2058 catholicam
3138 1983 3451 2040 Ecclesiam
3485 1990 3751 2058 peccato-

2099 2061 2200 2128 ris)
2236 2055 2420 2130 possit
2465 2065 2662 2115 tamen
2713 2057 2867 2112 Deus
2915 2055 3112 2124 oleum,
3163 2055 3567 2130 sanctiﬁcare:
3600 2059 3657 2130 et
3687 2055 3748 2109 in

2096 2127 2288 2199 altari,
2316 2134 2470 2204 quod
2492 2130 2745 2204 haeretici
2771 2132 3116 2204 posuerunt,
3133 2145 3246 2182 non
3269 2127 3748 2204 possit,ne_scio...

2093 2198 2397 2267 Quomodo
2415 2198 3025 2259 exaudithomicidam
3041 2199 3449 2270 deprecantem
3466 2198 3552 2254 vel
3573 2215 3752 2268 super

2093 2292 2307 2348 aquam
2344 2275 2645 2348 baptismi,
2670 2272 2958 2348 velsuper
2979 2271 3303 2348 oleum,_vcl
3330 2287 3510 2342 super
3528 2271 3754 2348 Eucha-

2094 2342 2437 2412 ristiam,vel
2459 2363 2637 2418 super
2653 2345 2844 2418 capita
2860 2342 3086 2418 eorum,
3104 2342 3318 2418 quibus
3334 2342 3750 2418 manusimpo-

2093 2418 2295 2473 nitur?
2317 2441 2346 2468 »
2375 2414 2623 2474 Materiae
2647 2414 2749 2472 aut
2770 2415 3040 2471 elementi
3067 2416 3304 2469 nomine
3327 2414 3608 2469 distincta
3635 2431 3750 2468 nu-

2095 2496 2279 2545 merat
2308 2495 2366 2545 et
2393 2490 2650 2562 appellat
2684 2498 3080 2562 sacramenta,
3113 2486 3502 2562 baptismum,
3533 2485 3749 2542 conﬁr-

2091 2558 2901 2626 mationem,'eucharistiam,
2934 2558 3384 2613 ordinationem.

2163 2637 2220 2686 In
2254 2633 2423 2688 altari
2455 2649 2614 2700 ergo,
2644 2633 2798 2686 intra
2838 2631 3156 2685 missarum
3207 2629 3492 2684 solemnia
3541 2643 3740 2683 coram

2163 2649 2220 2686 ιη
2254 2649 2423 2688 altari
2455 2649 2516 2688 er
2561 2649 2798 2700 0,1mra
2838 2649 3156 2685 missarum
3207 2649 3492 2684 smemma
3541 2649 3740 2683 ΒΟΓΗΠΙ

2089 2704 2306 2776 populo
2336 2704 2490 2760 ﬁdeli
2519 2649 2691 2776 Fonge
2721 2707 2854 2757 ante
2887 2700 3148 2757 Fullonis
3179 2706 3402 2756 aetatem
3450 2707 3742 2756 sacratum

2089 2775 2270 2831 luisse
2307 2777 2564 2831 chrisma
2595 2792 2698 2830 seu
2731 2790 2966 2830 sacrum
3003 2779 3388 2842 unguentum,
3420 2778 3578 2827 certo
3608 2789 3746 2826 con-

2088 2853 2222 2918 stat.
2256 2847 2454 2918 Neque
2489 2864 2756 2918 reponas,
2793 2850 3024 2899 Petrum
3081 2844 3406 2918 Fullonem,
3439 2845 3744 2918 Theodoro

2087 2917 2303 2974 lectore
2337 2915 2501 2982 teste,
2536 2915 2711 2973 ritum
2749 2917 2914 2972 illum
2965 2916 3342 2972 consecrandi
3403 2915 3745 2970 chrismatis

2089 2991 2345 3060 primum
2380 2991 2664 3047 invexisse
2689 2991 2840 3060 apud
2867 2989 3126 3044 Graecos:
3151 2988 3542 3059 eumdemque
3565 2987 3742 3060 ritum

2077 3058 2204 3132 jam
2248 3063 2387 3118 olim
2419 3064 2478 3118 in
2516 3058 2772 3118 Ecclesia
2823 3061 3030 3115 Latina
3076 3058 3460 3115 obtinentem,
3492 3058 3742 3130 spectari

2087 3133 2330 3206 minime
2354 3135 2616 3206 potuisse
2639 3151 2672 3188 a
2691 3133 2889 3189 Graeco
2911 3133 3740 3206 Areopagiti'corumauctore.

2088 3204 2306 3261 Praesto
2354 3203 2614 3276 namque
2665 3204 2981 3276 responsio
3017 3205 3208 3273 prima
3255 3209 3365 3268 est,
3408 3203 3519 3259 sibi
3568 3203 3745 3257 etiam

2091 3277 2434 3348 scriptorem
2490 3275 2654 3332 illum
2711 3275 3112 3347 proposuisse,
3148 3276 3451 3348 Lequieno
3501 3291 3748 3348 consen-

2082 3345 2284 3416 tiente,
2319 3367 2385 3405 ac
2433 3345 2937 3405 animadvertente
2989 3345 3334 3416 Scholiaste,
3371 3351 3435 3402 ut
3473 3345 3743 3402 Ecclesia:

2082 3420 2356 3476 Romanis
2387 3427 2444 3476 et
2481 3419 2875 3476 Occidentalis
2934 3419 3079 3474 ritus
3133 3419 3362 3490 aliquos
3412 3419 3646 3474 afferret
3689 3421 3747 3473 et

2081 3501 2430 3564 exponcret:
2468 3494 2620 3563 quod
2658 3510 2821 3546 num.
2856 3491 3204 3564 6‘exemplis
3236 3490 3740 3564 conﬁrmavimus.

2081 3561 2500 3636 Sequiturque
2532 3566 2825 3636 respontio
2861 3561 3041 3618 altera
3072 3562 3363 3636 Theodori
3399 3562 3742 3636 testimonio

2081 3642 2138 3696 id
2176 3632 2358 3693 unum
2395 3632 2955 3697 'evincifFullonem
2986 3636 3043 3690 in
3073 3635 3388 3690 Fcclesiam
3426 3632 3742 3690 Antioche-

2081 3727 2242 3772 nam,
2277 3711 2338 3764 in
2388 3727 2506 3779 qua
2555 3708 2927 3780 tyrannidem
2988 3707 3522 3780 exercebat,ritum
3574 3705 3742 3760 illum

2083 3781 2348 3858 potuisse
2383 3778 2639 3858 primum
2673 3778 2983 3858 invehere;
3035 3786 3101 3858 at
3143 3778 3337 3850 colligi
3391 3796 3504 3834 non
3548 3792 3741 3858 posse,

2083 3849 2357 3913 eumdem
2386 3849 2573 3908 ritum
2620 3851 2679 3906 in
2731 3850 3032 3921 aliquibus
3064 3849 3745 3906 Graecae'communionis

2081 3925 2346 3986 ecclesiis
2377 3930 2552 3979 antea
2583 3938 2699 3979 non
2734 3922 3085 3978 obtinuisse.

2151 4023 2176 4048 ‹‹
2217 4001 2281 4052 At
2313 3996 2460 4052 ritus
2493 3995 2612 4059 ille,
2647 3995 2748 4064 qui
2779 3994 2994 4048 ibidem
3030 3991 3415 4062 subjungitur
3445 3991 3744 4062 (Lequieni

2079 4071 2254 4125 verba
2289 4069 2451 4138 sunt)
2489 4073 2551 4121 ut
2583 4071 2949 4138 unguentum
2985 4081 3162 4134 super
3192 4064 3374 4119 altare
3405 4064 3738 4138 depositum

2080 4140 2408 4210 serupbicis
2438 4135 2649 4209 ﬁguris
2667 4137 2900 4192 duabus
2921 4141 3285 4205 contegatur,
3312 4153 3428 4207 quo
3451 4135 3744 4204 signiﬁce-

2080 4218 2196 4275 tur,
2229 4211 2530 4266 Christum
2583 4210 2682 4278 qui
2738 4218 3036 4278 unguento
3087 4214 3562 4278 repraesentatur,
3610 4223 3743 4273 per-

2077 4290 2252 4362 petuo
2286 4281 2584 4362 seraphim
2621 4280 2870 4362 cantico,
2906 4280 3060 4362 quod
3092 4280 3399 4362 Trisagion
3427 4297 3546 4362 seu
3594 4279 3743 4362 Τεν-

2077 4351 2347 4410 sanctum
2382 4351 2622 4422 dicitur,
2655 4351 2972 4417 celebrari;
3021 4368 3215 4406 annon
3251 4351 3358 4408 hoc
3389 4353 3560 4408 etiam
3591 4351 3744 4406 Cna-

2075 4427 2220 4498 phaei
2249 4439 2302 4498 et
2322 4424 2768 4498 Severianorum
2806 4423 3472 4498 mentemetingenium
3497 4422 3740 4498 redolet,

2075 4494 2173 4570 qui
2206 4496 2741 4570 Trisagiacantica
2768 4496 3091 4570 modo_toti_
3109 4494 3386 4570 Trinitati
3441 4495 3740 4570 accinunt,

2074 4566 2250 4625 modo
2281 4566 2404 4624 soli"
2426 4568 2569 4624 Filio
2599 4575 2657 4624 et
2687 4567 2961 4622 Christo?
3002 4589 3029 4616 ››
3064 4567 3188 4621 Duo
3221 4568 3622 4623 animadverte
3682 4566 3738 4620 in

2074 4641 2210 4706 ritu,
2267 4657 2438 4711 quem
2499 4638 2779 4695 describit
2835 4638 3363 4711 AreOpagiticorum
3421 4643 3644 4694 auctor.
3697 4637 3738 4692 Ι.

2077 4709 2466 4785 Unguentum,
2491 4729 2672 4785 supra
2711 4711 2997 4785 divinum‘
3028 4709 3210 4785 altare
3265 4711 3549 4785 positum,
3583 4726 3741 4785 sera-

2119 4781 2269 4840 hicis
2303 4784 2506 4855 ﬁguris
2538 4784 2791 4843 duabus.
2822 4799 2915 4838 seu
2951 4781 3409 4855 duodecim’alis
3460 4782 3738 4840 obvelari.

2106 4857 2150 4912 Ι.
2209 4854 2530 4912 Concinere
2586 4860 2847 4911 astantes
2895 4854 3036 4909 illud
3093 4854 3364 4910 divinitus
3414 4857 3744 4925 alﬂatorum

2072 4929 2477 5000 prophetarum
2523 4928 2800 5000 canticum
2849 4925 3179 5000 afﬂationis.
3222 4927 3413 5000 Verba
3452 4927 3576 5000 haec
3607 4940 3742 5000 cum

2079 4997 2308 5064 integro
2351 5005 2508 5054 textu
2557 4998 2832 5070 superius
2880 4997 3175 5070 dedimus.
3209 4997 3743 5070 Canticumistud,

2077 5073 2227 5140 quod
2265 5076 2526 5126 astantes
2557 5068 2900 5134 concinunt,
2935 5068 3018 5124 ita
3048 5069 3308 5140 declarat
3339 5069 3740 5126 Scholiastes:

2082 5139 2108 5193 ιέ
2162 5143 2492 5200 Canticum.
2543 5142 2768 5198 scilicet
2816 5141 3046 5196 Sanctus
3091 5139 3176 5196 vel
3225 5140 3493 5198 Alleluia.
3551 5164 3571 5190 ι
3633 5140 3743 5196 Sed

2078 5215 2385 5286 posterius,
2420 5214 2681 5286 Alleluia,
2720 5211 3092 5286 intellexisse
3143 5219 3439 5286 auctorem
3488 5215 3745 5286 Areopa-

2077 5284 2409 5356 giticorum,
2433 5286 2559 5356 ipse
2591 5285 2681 5341 sui
2716 5285 3013 5350 interpres
3034 5290 3124 5341 est
3145 5284 3270 5340 loco
3292 5285 3470 5341 citato
3498 5301 3662 5340 num.
3683 5285 3740 5352 3,

2075 5359 2220 5425 §l2,
2262 5359 2359 5412 ubi
2417 5357 2596 5414 latius
2651 5357 2893 5427 exponit
2935 5373 3062 5429 qua:
3092 5357 3365 5429 strictim
3419 5372 3743 5429 proposue-

2076 5435 2211 5484 rat:
2262 5432 2460 5496 Porrn,
2494 5429 2794 5499 inquiens,
2842 5428 3010 5483 melos
3058 5427 3201 5483 illud
3247 5427 3471 5484 sacrum
3518 5427 3746 5498 prophe-

2075 5508 2274 5555 tarum
2303 5502 2576 5557 divinitus
2625 5501 2965 5570 afﬂalorum,
2998 5502 3177 5555 sciunt
3228 5501 3288 5556 hi
3336 5503 3434 5572 qui
3478 5501 3746 5557 Hebraice

2074 5577 2304 5638 norunt,
2346 5574 2441 5628 Dei
2473 5572 2694 5626 laudem
2739 5573 3084 5641 signiﬁcare,
3114 5574 3230 5626 sive
3282 5573 3506 5628 laudate
3558 5573 3746 5628 Domi-

2072 5660 2232 5700 num.
2268 5647 2476 5716 Itaque
2525 5645 2822 5716 canticum
2864 5642 3050 5716 illud,
3097 5645 3251 5708 quod
3286 5645 3344 5699 in
3377 5645 3746 5716 confectione

2073 5717 2224 5771 sacri
2275 5714 2560 5786 unguenti
2613 5714 3007 5770 concinebant
3055 5721 3339 5784 astantes,
3391 5715 3534 5772 nihil
3579 5715 3742 5771 aliud

2073 5793 2200 5843 erat
2239 5788 2349 5843 nisi
2399 5788 2645 5843 Alleluia
2666 5803 2685 5846 .·
2738 5787 2898 5856 quod
2955 5787 3157 5843 Latine
3212 5787 3453 5856 perinde
3503 5803 3632 5843 esse
3676 5805 3744 5843 ac

2072 5859 2320 5930 Laudate
2355 5860 2547 5921 Deum,
2569 5859 2656 5915 vel
2692 5856 3159 5930 pueri__norunt.
3191 5858 3366 5916 Nulla
3395 5875 3531 5930 ergo
3563 5858 3618 5914 in
3657 5861 3748 5914 bis

2071 5929 2266 5988 verbis
2296 5929 2552 6005 Trisagii
2583 5923 2826 5988 mentio.
2859 5923 3060 6003 Nequa
3106 5934 3163 5988 te
3215 5933 3446 5989 moveat
3460 5923 3744 6004 "(obviam
