4130 6396
293 326 425 386 1061

1271 325 1341 379 Vl
1351 323 1614 379 NDICIE
1649 321 1951 378 OPERUM
1986 317 2714 375 AREOPAGITICOBUM.

3567 316 3711 371 1062

288 453 375 509 illi
407 454 640 526 propria
668 451 906 523 energia
935 466 1003 507 ac
1032 447 1194 526 omni
1220 445 1493 526 facultate
1528 442 1684 526 vitali
1717 440 1938 526 spolia-
1967 450 2023 516 Α
2120 441 2787 526 Haec-illustratomnia.
2814 439 3085 526 [fetet/ius
3131 440 3284 526 libro
3329 458 3452 526 Vllt‘
3484 449 3565 500 De
3615 446 3708 499 ln-

287 516 432 582 bunt
452 516 603 593 ea'm,
618 526 675 580 id
702 516 876 579 omne
901 522 1187 577 munusin
1203 519 1570 593 divinitatem
1584 516 1938 593 rejicien‘tes.

361 606 449 653 An
479 587 617 669 ergo
639 602 760 651 tam
786 595 1275 669 impium‘dogma
1297 590 1601 669 tradiderit
1620 588 1794 669 allato
1815 587 1943 669 loco

286 652 711 739 auctorAi-Jeopa
759 652 1944 735 iticoruin?Agelocumipsumdiligentius

288 685 1173 793 exnendamusﬁ’rmtermissaa
1190 736 1482 793 Lequieno
1498 733 1671 786 verba
1688 734 1944 793 primum

288 733 1173 812 expendamus.l?raetermissaa
1190 736 1487 812 Lequieno
1498 733 1671 812 verba
1687 734 1944 812 primum

287 805 486 869 altero.
533 816 672 868 Jesu
706 811 923 866 Christi
954 805 1322 864 divinitatem
1342 805 1944 875 extollit,quaeineﬂa-

292 884 420 941 bilis
450 890 525 940 est
556 889 608 940 et
638 882 1076 953 inexplicabilis,
1107 896 1277 950 supra
1296 892 1726 953 sensum,s_upra
1748 880 1943 943 vitam,

287 974 460 1028 supra
490 949 859 1010 substantiam
880 971 900 1015 .·
945 949 1944 1028 supernaturaliterhabetsuperna-

290 1020 652 1083 titralitatem
677 1033 729 1081 et
756 1020 1370 1096 supersubslantialiter
1395 1020 1761 1076 substantiam
1790 1034 1946 1074 exce-

288 1101 393 1156 dit.
428 1103 550 1165 Quo
583 1095 862 1170 loquendi
898 1098 1068 1152 modo
1101 1095 1320 1167 passim
1343 1098 1474 1170 toto
1502 1108 1674 1170 opere
1700 1096 1950 1161 usurpat

289 1178 495 1227 auctor
542 1165 677 1226 non'
707 1179 827 1224 tam
875 1165 1291 1229 substantiam,
1323 1165 1437 1219 dici
1487 1165 1696 1218 debere
1736 1170 1943 1227 Deum,

291 1260 473 1314 quam
506 1258 688 1313 supra
717 1241 1136 1309 substantiam,
1168 1236 1536 1314 _t‘requentius
1578 1234 1945 1314 animadverte

288 1307 459 1381 t'eus;
515 1307 703 1384 neque
752 1320 1049 1379 naturam,
1083 1307 1179 1367 sed
1211 1326 1392 1381 supra
1426 1315 1717 1384 naturam.
1754 1307 1949 1384 Pergit

287 1388 418 1441 ille:
447 1374 782 1442 Exhumaui
806 1374 1261 1454 generis'amore,
1289 1374 1701 1454 inquie_ns,_§'wc
1734 1374 1945 1454 φύσεῐυς

288 1459 364 1513 ad
394 1467 660 1513 naturam
688 1471 743 1512 se
771 1456 1025 1511 demisit:
1072 1452 1161 1507 καὶ
1192 1449 1412 1520 ἀληθῶς
1446 1449 1713 1517 οὐσιώθη,
1744 1449 1794 1506 et
1826 1465 1950 1505 vere

283 1531 700 1600 subslantiatus
754 1532 876 1589 est;
905 1527 991 1581 καὶ
1026 1524 1164 1600 ἀνὴρ
1201 1526 1228 1579 ὁ
1260 1522 1517 1600 ὑπέρθεος
1578 1520 1948 1600 ἐχρημάτισξν

289 1607 343 1659 et
377 1602 541 1656 homo
580 1598 701 1673 (qui
743 1615 1037 1673 supremus
1086 1598 1226 1673 Deus
1271 1598 1416 1673 erat)
1468 1601 1823 1666 nuncupatus
1849 1598 1947 1649 est.

289 1669 654 1729 Catholicam
682 1669 854 1726 ﬁdem
884 1672 1001 1726 haec
1027 1672 1200 1724 verba
1220 1669 1589 1740 exprimunt;
1617 1683 1805 1738 neque
1828 1683 1949 1720 ver-

290 1747 501 1800 bulum
526 1744 794 1813 est,quod
820 1744 980 1799 varia
999 1741 1360 1814 Eutychiana
1379 1740 1656 1814 dogmata
1670 1739 1944 1814 redoleat.

290 1817 364 1897 Id_
390 1816 568 1871 etiam
595 1811 852 1897 mvo‘suo
881 1811 1303 1897 observatum}!
1328 1811 1678 1897 Scholiaste:
1714 1834 1742 1859 ιι
1778 1811 1951 1897 lisque
1980 1832 2025 1897 Β

289 1888 365 1945 ad
393 1897 676 1942 naturam.
708 1884 883 1941 Vides
920 1887 1212 1957 quomodo
1244 1885 1421 1957 dicat,
1454 1882 1733 1952 quoniam
1768 1882 1947 1957 etiam

288 1960 366 2015 ad
392 1970 652 2015 naturam
683 1962 834 2012 venit
878 1952 1177 2024 (naturam
1224 1956 1452 2010 scilicet
1482 1961 1745 2008 nostram
1778 1952 1951 2007 intel-

290 2032 464 2102 ligo):
491 2037 549 2086 et
573 2035 847 2085 naturam
870 2046 981 2083 non
1002 2036 1154 2084 recte
1177 2030 1246 2082 de
1271 2028 1384 2102 Deo
1403 2027 1516 2081 dici
1538 2025 1716 2102 (Deus
1735 2025 1954 2102 quippe

293 2097 480 2174 supra
539 2110 809 2158 naturam
856 2106 987 2174 est).
1037 2105 1178 2155 Ecce
1225 2100 1383 2174 enim
1433 2098 1728 2174 quomodo
1775 2097 1950 2161 dicat,

294 2169 817 2247 qu'oniamhusque
864 2169 952 2227 adi
978 2178 1251 2247 naturam
1299 2170 1625 2247 descendit,
1657 2169 1712 2247 i_d
1755 2175 1847 2247 est
1886 2183 1953 2247 eo

296 2240 487 2317 usque
527 2240 791 2317 vilitatis,
825 2251 997 2317 atque
1025 2244 1155 2313 ejus
1187 2244 1343 2317 quod
1378 2242 1503 2313 ipse
1531 2258 1645 2295 non
1677 2240 1951 2306 habebat,

293 2316 583 2391 pervenit.
616 2316 721 2371 Ubi
757 2322 898 2391 nota
928 2316 1386 2391 signiﬁcantium
1418 2317 1749 2391 verborum.
1784 2332 1812 2391 ξ)

372 2398 456 2443 An
491 2391 573 2445 ita
602 2404 734 2443 vero
766 2385 1134 2443 descenderit
1172 2388 1242 2443 ad
1290 2391 1564 2442 naturam
1616 2385 1802 2440 nostri
1850 2398 1952 2454 ge:

293 2461 481 2525 neris,
515 2466 582 2515 ut
626 2460 746 2514 haec
777 2460 836 2514 in
869 2458 1279 2530 assumptione
1309 2457 1703 2530 conditionem
1738 2453 1956 2530 proprii

292 2532 533 2614 generis
558 2531 846 2614 amiserit,
870 2527 1097 2586 actione
1129 2530 1375 2614 propria,
1392 2528 1731 2614 spoliata,et
1750 2527 1957 2614 effecta

298 2599 787 2667 instrumentum,
850 2619 950 2673 per
1014 2599 1169 2673 quod
1240 2599 1554 2673 quidquid
1592 2599 1841 2670 energies
1899 2601 1958 2652 et

298 2675 552 2731 actionis
574 2680 700 2730 erat
718 2675 774 2729 in
800 2671 1299 2729 Christo'Dnmino
1322 2671 1439 2726 una
1468 2671 1657 2727 deitas
1680 2686 1953 2740 Operare-

294 2747 437 2803 tur?
463 2749 545 2803 [ta
577 2746 889 2802 nonnullos
920 2744 1313 2818 Eutychianos
1332 2742 1955 2818 contendisse,dictum

295 2824 427 2876 est:
459 2834 526 2874 ac
558 2818 643 2874 ita
672 2813 1060 2889 sequentibus
1088 2817 1284 2889 verbis
1313 2815 1569 2889 voluisse
1600 2813 1959 2889 Areopagiti-

297 2907 505 2946 corum
539 2887 862 2955 auctorem,
885 2890 1202 2944 arbitratur
1233 2887 1726 2955 LequienusJam
1758 2887 1954 2952 verba,

297 2978 432 3034 quae
455 2961 1048 3034 sequn_ntur,profero
1071 2966 1128 3015 et
1147 2960 1485 3029 exponendo
1516 2957 1638 3014 Etsi
1654 2960 1719 3034 in
1739 2956 1955 3029 istis(in

298 3032 516 3089 natura
546 3032 769 3088 Scilicet
795 3037 1012 3097 nostra,
1034 3037 1353 3102 nostraque
1372 3033 1704 3086 substantia
1723 3045 1957 3102 assum-

297 3105 444 3177 ptis)
474 3104 675 3159 habeat
707 3104 848 3175 quod
875 3121 1045 3175 supra
1086 3101 1371 3167 naturam,
1402 3112 1455 3158 et
1481 3119 1647 3173 supra
1673 3101 1958 3177 substan-

299 3173 441 3267 {iam
469 3180 570 3267 est.
606 3173 768 3243 Quod
803 3173 1073 3267 bifariam
1105 3177 1453 3259 ostenditur.
1490 3180 1563 3267 Ap
1600 3174 1788 3267 priJmo
1820 3173 1956 3267 quia
1985 3202 2031 3267 ε

298 3247 604 3312 divinitas,
626 3264 803 3319 quam
832 3251 1004 3318 paulo
1035 3249 1310 3317 superius
1332 3247 1653 3319 vocandam
1679 3245 1959 3319 docuerat

298 3336 475 3391 supra
503 3316 785 3378 naturam.
804 3316 856 3374 et
884 3336 1053 3389 supra
1082 3316 1471 3381 substantiam,
1500 3316 1659 3372 salva
1690 3316 1963 3371 consistit

304 3390 383 3446 ini
433 3391 872 3458 Incarnatione;
926 3392 1127 3446 unde:
1180 3392 1298 3446 Non
1343 3392 1520 3444 solum
1567 3391 1700 3460 quia
1756 3390 1959 3460 immu-

301 3462 558 3535 tabiliter
595 3468 646 3518 et
692 3464 813 3518 sine
838 3462 1165 3535 confusione
1192 3461 1346 3535 nobis
1372 3477 1484 3516 sese
1511 3458 1964 3535 communicavit,

304 3533 457 3589 nihil
487 3537 549 3589 in
577 3536 914 3590 exuberanti
941 3530 1043 3589 sua
1073 3534 1424 3601 plenitudine
1452 3549 1522 3587 ea:
1551 3530 1825 3603 ineffabili
1851 3532 1966 3587 exi.

303 3605 604 3661 nanitione
646 3622 952 3676 perpessus.
987 3613 1067 3660 Ac
1110 3606 1322 3661 deinde
1370 3604 1510 3662 auia
1550 3621 1744 3660 verum
1790 3605 1969 3676 etiam

310 3676 475 3748 (quod
506 3675 756 3732 omnium
784 3684 1049 3733 novorum
1095 3678 1487 3741 novissimum)
1521 3677 1577 3729 in
1613 3675 1969 3748 naturalibus

312 3746 523 3804 nostris
551 3751 1003 3819 supernaturalis
1033 3754 1173 3811 erat,
1205 3754 1256 3804 et
1307 3751 1365 3803 in
1394 3746 1849 3803 substantialibus
1874 3764 1970 3801 su-

313 3821 821 3893 persubstantialis,
854 3824 1046 3877 omnia
1093 3824 1283 3877 nostra
1310 3837 1381 3875 ea:
1408 3821 1567 3893 nobis
1596 3828 1649 3875 et
1675 3836 1850 3889 supra
1864 3834 1972 3893 nos

311 3890 644 3948 excellenter
672 3894 902 3948 habens.
924 3893 978 3947 Si
1006 3892 1470 3965 Monophysitica
1490 3892 1612 3946 haec
1634 3894 1810 3947 verba
1830 3890 1972 3959 sint,

312 3979 555 4019 sensum
576 3965 753 4020 edant
769 3969 1016 4035 oportet,
1038 3970 1310 4020 naturam
1336 3971 1595 4020 nostram
1620 3970 1677 4018 et
1697 3965 1968 4019 substan-

309 4036 457 4089 tiam
492 4042 752 4091 nostrum
786 4036 844 4090 in
877 4036 1109 4109 Christo
1143 4037 1379 4109 propria
1410 4035 1672 4109 caruisse
1704 4036 1970 4101 actione;

313 4123 423 4180 nec
453 4109 827 4180 Operationes
847 4107 993 4163 alias
1020 4109 1131 4164 nisi
1146 4107 1186 4180 ’ᾳ
1201 4126 1285 4165 ua:
1306 4107 1627 4163 divinitatis
1659 4113 1846 4175 erant,
1873 4123 1976 4177 per

310 4179 741 4234 humanitatem
776 4180 901 4250 ejus
932 4179 1189 4235 exsertus
1219 4198 1368 4236 esse.
1402 4180 1510 4236 Sed
1546 4181 1700 4234 hunc
1730 4194 1972 4250 sensum

310 4250 589 4305 convellit
639 4255 865 4317 auctor,
896 4251 998 4321 qui
1049 4252 1265 4306 diserte
1291 4252 1460 4306 docet
1495 4256 1700 4315 Deum,
1732 4267 1836 4305 seu
1870 4249 1969 4304 Dei

310 4320 521 4377 Filium
555 4322 629 4377 in.
652 4320 1054 4378 lncarnatione
1084 4339 1217 4377 vere
1248 4323 1712 4377 substantiatum
1745 4336 1894 4375 esse:
1919 4323 1976 4375 et

308 4392 553 4465 insuper
582 4393 797 4450 habere
825 4395 1009 4450 omnia
1037 4402 1229 4449 nostra
1258 4410 1328 4449 ex
1348 4395 1526 4457 nobis,
1553 4399 1823 4448 naturam
1857 4391 1971 4465 sci:

309 4463 660 4536 licet‘ipsam
686 4471 743 4522 et
764 4471 983 4521 natura:
1012 4466 1417 4535 proprietates.
1442 4470 1497 4518 et
1530 4467 1826 4531 actiones;
1869 4463 1970 4518 sed

312 4537 435 4591 haec
487 4538 686 4592 omnia
736 4543 931 4593 tamen
965 4540 1037 4593 ab
1072 4537 1173 4592 illo
1204 4536 1406 4591 haberi
1437 4553 1609 4607 supra
1640 4552 1759 4601 nos,
1794 4536 1849 4590 id
1884 4539 1975 4590 est

310 4608 664 4675 excellenter,
697 4626 799 4665 seu
852 4609 1157 4665 excellenti
1194 4611 1365 4664 modo
1421 4588 1604 4674 Qu'am
1642 4588 1766 4663 sine
1792 4588 1971 4663 dubio
2004 4588 2050 4652 D

309 4680 716 4764 eacellentiam
749 4681 1247 4764 plura‘declarant
1269 4680 1325 4734 in
1350 4679 1851 4764 (Ehristo‘pmnino
1880 4696 1975 4733 no-

310 4750 564 4808 tissima.
590 4752 628 4807 ι.
655 4750 801 4817 Quia
832 4758 1047 4809 natura
1080 4753 1337 4807 humana
1358 4753 1532 4806 Verbi
1566 4751 1747 4807 divini
1783 4767 1975 4822 perso-

313 4823 433 4879 nali
496 4824 850 4895 proprietate
905 4825 1200 4882 subsistit.
1250 4826 1323 4880 Il.
1367 4825 1513 4889 Quia
1563 4826 1971 4895 operationum

312 4912 441 4967 quas
481 4896 747 4951 Christus
796 4898 1115 4966 exserebat,
1152 4896 1501 4967 principium
1551 4901 1676 4952 erat
1724 4912 1974 4966 persona

311 4966 532 5032 divina,
557 4984 661 5022 seu
685 4967 940 5023 Verbum
974 4966 1238 5023 divinum
1272 4966 1491 5037 inipsa
1521 4968 1854 5023 subsistens
1876 4984 1975 5021 na-

309 5047 445 5093 tura
494 5039 776 5095 humana.
813 5040 906 5095 Ill.
942 5042 1105 5107 Quod
1156 5040 1286 5111 ipsa
1333 5046 1545 5094 natura
1576 5041 1970 5111 humanarau-

310 5115 469 5165 ctore
500 5116 558 5165 et
589 5112 955 5168 moderatore
985 5117 1096 5168 Deo
1127 5110 1208 5167 ita
1237 5111 1638 5181 gubernahatu
1652 5130 1697 5172 r,
1723 5110 1868 5166 nihil
1906 5115 1968 5165 ut

312 5183 441 5256 sine
472 5182 663 5256 ipsius
698 5191 842 5239 nutu
878 5201 1121 5256 prorsus
1152 5188 1364 5256 ageret.
1402 5183 1494 5256 IV.
1534 5182 1785 5256 Denique
1816 5182 1972 5256 quod

312 5252 726 5328 multipliciac
748 5255 988 5311 sublimi
1019 5258 1171 5311 dono
1203 5255 1405 5328 gratim
1437 5252 1754 5328 insignitus
1788 5252 1976 5328 fuerat

312 5325 489 5397 homo
520 5325 791 5382 Christus
822 5328 999 5383 veluti
1028 5335 1193 5383 ortus
1215 5325 1294 5382 ex
1324 5325 1583 5395 Virgine,
1620 5327 1972 5397 impeccahi-

311 5396 529 5470 litatis.
551 5414 616 5452 ac
651 5399 932 5455 miracula
967 5399 1239 5465 patrandi
1273 5399 1597 5467 facultatis;
1624 5396 1751 5470 qua:
1774 5398 1972 5453 omnia

311 5468 635 5524 novissima
666 5477 826 5537 sunt,
860 5474 970 5527 soli
1014 5471 1246 5528 Christo
1278 5468 1666 5538 conveniunt;
1716 5487 1781 5526 ac
1828 5485 1974 5525 sane

312 5540 610 5614 mirabilia
640 5543 739 5614 qui
772 5559 886 5597 non
921 5549 1221 5611 agnoscat,
1256 5559 1370 5597 non
1402 5541 1649 5614 adoret?
1681 5542 1810 5598 Haec
1838 5558 1974 5597 vero

310 5618 457 5669 sunt
484 5612 607 5677 illa,
640 5612 767 5686 quae
801 5616 1017 5684 pervio,
1050 5633 1117 5670 ac
1150 5616 1318 5686 plano
1364 5621 1421 5669 et
1465 5613 1767 5686 catholico
1793 5629 1971 5686 sensu

311 5685 743 5758 ostendunt,in
781 5688 926 5758 ipsis
957 5685 1331 5742 naturalibus
1374 5691 1431 5742 et
1476 5685 1974 5758 substantialihns

313 5756 533 5811 nostris
567 5774 668 5829 per
702 5756 1164 5816 incarnationem
1208 5760 1535 5829 assumptis
1571 5759 1820 5813 [maxime
1851 5757 1973 5813 elu-

313 5830 784 5958 :rrppitvinitatis
804 5831 1419 5903 supernaturalitatem
1444 5830 1969 5903 etsupcrsubstan-

345 5917 400 5957 ia
428 5918 443 5956 ι
475 5918 507 5956 a
535 5919 679 5958 em.

314 5900 650 5961 tialitatem.
676 5920 679 5921 '

2048 516 2389 578 carnatione,
2425 513 2615 586 capite
2646 513 2714 568 10
2740 516 2797 568 et
2827 514 2911 567 12.
2938 515 3065 566 Haec
3103 514 3306 586 eadem
3357 519 3494 571 ante
3536 532 3709 570 enar-

2052 594 2280 642 raverat
2307 585 2685 653 Scholiastes,
2708 600 2881 654 quem
2911 585 3314 641 consule.Non
3348 586 3526 642 alium
3559 588 3709 642 vidit

2052 675 2289 714 sensum
2320 656 2827 730 perspicacissima
2858 656 3497 730 angelicipreceptoris
3520 677 3706 715 mens.

2052 732 2147 785 Ait
2195 728 2354 803 enim
2398 728 2644 784 lectione
2688 730 2762 783 ὃς
2814 747 2845 781 a
2877 728 3156 803 Quamvis
3206 728 3366 803 enim
3415 734 3708 803 acceperit

2052 802 2291 874 propria
2340 809 2552 874 nostris
2604 806 2847 866 natura,
2882 808 3076 874 tamen
3111 800 3168 855 in
3202 801 3348 873 ipsis
3388 800 3573 859 rebus
3595 806 3708 859 huc

2054 872 2246 929 inanis
2278 873 2486 928 habuit
2515 872 2969 945 supernaturale
2999 880 3056 927 et
3083 874 3657 945 supersubstantiale
3691 894 3704 932 :

2056 948 2111 1001 id
2147 950 2237 1000 est
2270 963 2383 1001 uno
2417 944 2685 1008 modo,in
2710 950 3000 1016 quantum
3024 944 3480 1003 communicavit
3512 949 3707 1017 nobis,

2055 1034 2367 1073 assumens
2400 1024 2660 1071 nostram
2695 1023 2963 1071 naturam
2996 1016 3220 1088 absque
3263 1019 3582 1075 variatione
3615 1016 3711 1075 di-

2054 1091 2200 1161 vinae
2225 1095 2465 1157 natura),
2490 1095 2548 1143 et
2564 1089 2787 1159 absque
2808 1088 3219 1145 commistione
3251 1088 3533 1161 ipsius,et
3563 1108 3707 1147 con-

2056 1160 2319 1236 versione
2350 1162 2422 1215 ad
2456 1162 2779 1236 humanam
2813 1165 3115 1236 naturam;
3160 1162 3242 1216 ita
3267 1160 3421 1236 quod
3456 1180 3561 1236 per
3589 1166 3709 1220 exi-

2055 1233 2417 1317 nanitionem
2452 1232 2805 1317 ipell'abilem
2839 1234 2909 1286 de
2941 1248 3057 1317 qua
3088 1232 3405 1317 Apostolus
3446 1232 3712 1317 loquitur

2055 1304 2416 1379 Philipp.__u_:
2465 1302 2628 1379 liii/iit
2654 1302 3068 1379 passusestatt
3089 1302 3479 1379 superplenum
3508 1302 3708 1379 ipsius,

2053 1378 2112 1431 id
2147 1374 2415 1431 estnihil
2440 1376 2807 1449 diminutum
2827 1375 2897 1449 de
2917 1374 3282 1445 plenitudine
3303 1395 3422 1433 suae
3446 1374 3706 1449 deitatis;

2058 1466 2171 1503 non
2205 1448 2360 1503 enim
2395 1448 2613 1503 dicitur
2642 1446 2977 1501 exinanitus
2998 1464 3096 1518 per
3113 1449 3565 1507 diminutionem
3594 1446 3715 1508 dei-

2054 1520 2216 1586 tatis,
2249 1519 2349 1575 sed
2383 1535 2485 1590 per
2516 1519 2985 1589 assumptionem
3030 1525 3241 1576 nostra
3290 1528 3515 1577 natura;
3565 1524 3709 1579 defi-

2057 1592 2283 1648 cientis.
2307 1590 2432 1646 Alio
2458 1597 2648 1657 modo,
2675 1593 2813 1671 quia
2842 1590 3021 1716 ﬁquod
3049 1597 3138 1648 est
3159 1592 3310 1648 inter
3332 1595 3534 1650 omnia
3562 1612 3713 1652 nova

2058 1665 2244 1716 magis
2276 1679 2511 1716 novum.
2546 1667 2603 1716 et
2634 1662 2842 1716 mirabi
2870 1666 2921 1716 ei
2951 1663 3075 1716 ipse
3104 1670 3230 1716 erat
3259 1667 3321 1716 in
3347 1667 3713 1716 naturalibus

2058 1665 2244 1730 magis
2276 1679 2511 1729 novum,
2546 1667 2603 1717 et
2634 1662 2921 1731 mirabile}
2951 1663 3075 1733 ipse
3104 1670 3230 1720 erat
3259 1667 3321 1721 in
3347 1667 3714 1724 naturalibus

2059 1737 2261 1791 nostris
2307 1733 2832 1806 supernatat-aliter,
2875 1741 2931 1789 et
2989 1736 3048 1788 in
3100 1737 3564 1794 substantialibus
3610 1756 3711 1795 no-

2056 1807 2186 1882 stris
2235 1805 2856 1882 supersubstantialiter,
2906 1806 3100 1882 omnia
3147 1808 3409 1882 humana
3464 1828 3592 1882 quae
3642 1828 3714 1866 ea:

2059 1880 2214 1934 nobis
2261 1879 2711 1951 accepit,_supra
2750 1892 2848 1932 nos
2896 1876 3141 1951 habens;
3189 1880 3331 1951 quia
3376 1876 3508 1938 caro
3552 1884 3711 1939 074

2062 1954 2189 2020 ejus
2212 1950 2451 2025 majoris
2474 1949 2706 2025 virtutis
2726 1953 2817 2005 est
2834 1954 2892 2004 et
2912 1949 3221 2025 dignitatis
3241 1968 3418 2023 quam
3443 1954 3712 2025 alterius,

2062 2030 2120 2077 et
2149 2024 2345 2096 anima
2377 2021 2504 2096 eius
2538 2022 2771 2093 dignior
2799 2023 2963 2096 omni
2992 2022 3209 2096 anima,
3233 2021 3290 2079 et
3311 2033 3476 2080 actus
3498 2028 3627 2096 ejus
3656 2021 3715 2082 et

2063 2094 2433 2164 operationes
2481 2093 2719 2148 fuerunt
2769 2093 2994 2148 uniﬁca:
3042 2094 3323 2164 (viviﬁcaa,
3357 2093 3597 2164 deiticie)
3645 2116 3712 2153 cx

2065 2166 2280 2239 virtute
2326 2164 2579 2239 deitatis.
2617 2164 2937 2239 »_Cur__ita
2966 2164 3011 2239 ?_
3040 2166 3180 2236 quia
3230 2184 3438 2239 neuipe
3484 2186 3618 2225 caro
3658 2179 3717 2225 et

2065 2238 2261 2292 anima
2292 2252 2395 2290 seu
2427 2236 2773 2312 humanitas
2797 2235 3036 2312 Christi,
3061 2235 3167 2293 Dei
3213 2235 3709 2312 Verbi-persona“

2068 2308 2657 2382 proprietateali'ecta
2684 2307 3070 2382 subsistebat,
3095 2326 3159 2382 ac
3189 2307 3557 2382 Operationes
3585 2316 3715 2381 ejus

2065 2377 2099 2436 ἱ).
2132 2377 2383 2454 persona
2411 2379 2627 2454 divina.
2655 2377 2884 2454 _velut_a
2915 2377 3713 2454 principiofprolicisceban-

2064 2450 2204 2518 tur;
2262 2453 2414 2507 unde
2464 2450 2766 2506 verissime
2816 2450 3056 2518 dictum,
3090 2450 3386 2509 Christum
3429 2457 3626 2512 divino
3657 2464 3716 2512 et

2066 2522 2370 2579 excellenti
2391 2523 2564 2579 modo
2586 2522 2849 2578 humana
2872 2530 3072 2579 nostra
3092 2525 3316 2596 gesisse
3337 2531 3394 2582 et
3413 2526 3713 2585 habuisse.

2834 2627 2949 2687 XV.

2068 2710 2190 2767 Alia
2222 2708 2607 2781 Areopagitica
2641 2710 2956 2766 testimonia
2996 2711 3126 2777 duo,
3147 2729 3221 2768 ex
3247 2714 3431 2770 eodem
3462 2716 3607 2772 libro
3636 2717 3716 2773 Dc

2137 2783 2353 2838 divinis
2385 2782 2722 2837 nominibus
2750 2782 2957 2853 objecta
2985 2794 3249 2840 naturam
3279 2786 3487 2843 diserte
3511 2789 3716 2844 distin-

2136 2857 2258 2924 guit
2286 2871 2321 2908 a
2362 2869 2602 2928 persona
2642 2857 2835 2928 auctor
2859 2872 2879 2907 :
2927 2855 3183 2928 docetque
3225 2859 3430 2928 factam
3478 2864 3711 2916 natura-

2137 2943 2260 2981 rum
2291 2927 2602 2981 unitionem
2647 2927 2704 2979 in
2749 2941 2986 2993 persona
3015 2936 3067 2982 et
3090 2927 3238 2984 hanc
3264 2946 3336 2984 ea:
3364 2931 3577 2988 duabus
3606 2950 3711 2989 na—

2137 2998 2279 3054 turis
2308 3000 2684 3069 compositam.
2716 2995 2843 3052 Divi
2872 2998 3090 3057 Ἰήοηιέε
3116 3003 3568 3059 commentarius.

2137 3097 2352 3175 Eodem
2386 3096 2441 3150 in
2477 3094 2727 3175 allegato
2757 3094 2905 3175 loco,
2934 3114 3107 3175 quem
3141 3116 3387 3175 numero
3418 3104 3720 3175 superiore

2071 3169 2476 3245 expendimus,
2511 3168 2692 3245 digna
2716 3168 3447 3245 censetanimadversione
3480 3168 3722 3245 Lequie-

2075 3238 2184 3295 nufs
2213 3243 2395 3317 verba
2417 3238 2700 3295 nonnulla
2722 3239 2840 3317 sub
2872 3240 3166 3317 Hierothei
3203 3243 3437 3317 nomine
3471 3238 3719 3317 prolata,

2072 3328 2288 3390 nempe
2303 3330 2320 3390 _:
2356 3311 2532 3390 Causa
2579 3311 2848 3390 omnium,
2894 3316 2950 3390 et
2996 3328 3122 3390 quae
3164 3315 3353 3370 omnia
3399 3311 3611 3390 implet,
3643 3311 3728 3373 est

2071 3386 2201 3442 Jesu
2253 3384 2536 3449 divinitas,
2592 3385 2688 3436 τοῦ
2740 3384 2924 3461 ’.Ιησφῐξ
2983 3384 3214 3453 (ﬁdem;
3265 3402 3390 3461 quae
3439 3384 3606 3461 usque
3653 3389 3727 3446 ad

2074 3463 2321 3529 uestram
2353 3461 2615 3529 naturam
2644 3471 2700 3510 se
2730 3456 2966 3529 demisit,
2999 3463 3050 3529 et
3092 3474 3218 3514 vere
3262 3456 3574 3518 substantia
3619 3470 3726 3529 est,

2075 3525 2297 3603 ᾁληθῷς
2331 3526 2596 3593 οὐσιώθη.
2638 3527 2748 3581 Ubi
2783 3551 2809 3577 «
2843 3528 3291 3603 Severianorum
3323 3548 3485 3588 more
3518 3525 3735 3603 (inquit

2082 3600 2429 3725 chuienus)
2462 3603 2665 3654 contra
2695 3615 2872 3669 quam
2905 3601 3061 3655 inter
3089 3602 3426 3670 catholicos,
3460 3610 3593 3676 post
3622 3600 3731 3678 sy-

2082 3690 2153 3725 no
2201 3689 2299 3725 um
2335 3672 2654 3725 pressertim
2689 3670 3246 3725 Chalcedonensem.
3281 3679 3470 3725 ratum
3520 3678 3731 3725 ﬁxum-

2081 3670 2299 3727 nodum
2335 3672 2654 3742 praesertim
2689 3670 3246 3739 Cbalcedonensem,
3281 3670 3477 3731 ratum
3520 3670 3733 3732 ﬁxum-

2080 3761 2194 3815 que
2223 3750 2368 3809 erat,
2402 3744 2679 3815 deitatem
2713 3760 2813 3798 seu
2850 3750 3121 3801 naturam
3167 3747 3426 3803 divinam
3483 3750 3573 3804 hic
3623 3749 3733 3804 mi-

2082 3816 2240 3871 nime
2269 3815 2512 3871 secernit
2569 3814 2665 3868 ille
2712 3817 2784 3871 ab
2825 3815 3142 3888 hypostati,
3179 3823 3244 3874 ut
3292 3836 3419 3876 eam
3465 3837 3596 3877 esse
3641 3821 3736 3876 in-

2081 3890 2686 3961 carnatamcenseat,
2720 3911 2748 3938 ››
2798 3889 2980 3961 Quem
3033 3889 3460 3961 Eutychianum
3492 3908 3736 3948 sensum

2082 3957 2415 4016 conﬁrmari
2456 3957 2531 4011 ait
2582 3956 2712 4012 aliis
2754 3959 2968 4025 verbis,
3002 3956 3363 4025 quae—eodem
3397 3962 3453 4017 in
3486 3964 3634 4019 libro
3668 3965 3740 4019 De

2083 4029 2300 4087 divinis
2327 4028 2669 4091 nominibus,
2704 4030 2893 4091 capite
2930 4032 2976 4094 l,
3009 4028 3038 4096 ξ
3072 4032 3124 4096 4,
3162 4032 3495 4089 habentur:
3557 4036 3738 4091 Deitas

2084 4102 2274 4187 θετόῃς
2323 4099 2793 4187 humanissimum
2833 4118 2893 4156 se
2933 4099 3199 4187 prézbuit,
3234 4106 3371 4175 quia
3402 4107 3606 4162 nostris
3651 4124 3736 4163 se-

2081 4174 2322 4250 cundum
2352 4174 2640 4250 veritatem
2668 4173 2885 4250 integre
2924 4173 2994 4250 in
3032 4191 3143 4229 una
3190 4173 3426 4231 suarum
3473 4183 3737 4250 hyposta-

2082 4248 2236 4321 siam
2290 4244 2743 4311 communicavit,
2779 4245 2866 4321 ea
2908 4244 3151 4321 seipsam
3205 4250 3474 4320 referens,
3510 4244 3738 4321 sibique

2082 4317 2371 4393 vindicans
2389 4321 2707 4393 [rumanam
2732 4314 3107 4393 vilitatem,”
3137 4336 3247 4390 qua
3268 4314 3552 4393 ineffabili
3580 4314 3736 4378 modo
3814 4363 3821 4368 η

2081 4389 2320 4456 simplex
2371 4388 2520 4443 Iesus
2577 4387 2907 4457 compositus
2963 4399 3057 4453 est,
3107 4387 3213 4447 etc.
3274 4414 3297 4443 α
3337 4387 3450 4448 Hoc
3502 4395 3561 4448 in
3611 4394 3737 4450 loco

2080 4462 2278 4533 (verba
2313 4464 2453 4513 sunt
2491 4458 2792 4529 Lequieni)
2834 4460 3264 4533 humanitatem
3317 4465 3401 4519 sic
3449 4482 3484 4519 a
3525 4465 3743 4521 deitate

2082 4532 2455 4610 assumptum
2489 4536 2708 4610 censet,
2740 4537 2804 4585 ut
2831 4532 3078 4610 ipsemet
3104 4536 3298 4610 divina
3350 4541 3561 4592 natura
3605 4556 3740 4610 pro-

2086 4606 2208 4675 pria
2259 4603 2370 4658 sibi
2428 4603 2649 4675 iecerit,
2694 4619 2821 4672 quas
2872 4604 3263 4661 humanitatis
3314 4622 3470 4671 sunt,
3506 4626 3571 4664 ac
3608 4603 3743 4665 'non

2083 4673 2275 4750 solum
2311 4675 2510 4729 divina
2529 4673 2697 4750 Verbi
2724 4692 3001 4750 persona:
3032 4682 3116 4746 ut,
3141 4679 3407 4750 inquam,
3429 4697 3542 4735 non
3567 4682 3744 4736 modo

2086 4749 2296 4804 divinae
2326 4763 2586 4818 personae
2618 4747 2794 4801 Verbi
2827 4751 3153 4804 secundum
3187 4747 3490 4808 accuratas
3521 4759 3743 4808 mutuae

2083 4818 2636 4893 communicationis
2653 4820 3008 4889 proprietatu
3021 4838 3074 4875 m
3091 4821 3742 4893 regulas,humanitatis

2084 4895 2250 4948 dotes
2284 4891 2794 4964 ascribat:._verum
2825 4897 2883 4947 et
2911 4891 3399 4964 ipsimet‘dcitati.
3432 4895 3557 4959 Quo
3601 4898 3739 4952 dato

2084 4965 2270 5020 deitas
2302 4963 2432 5035 ipsa
2453 4963 2522 5016 de
2545 4961 2784 5033 Virgine
2817 4961 2974 5029 nata,
3000 4982 3176 5035 passa
3205 4978 3252 5021 cl
3287 4967 3563 5023 crucilixa
3590 4970 3737 5035 erit;

2089 5037 2314 5111 aliaque
2365 5035 2918 5111 portentaimpune
2972 5039 3360 5111 proferentur,
3393 5056 3522 5109 quae
3556 5041 3735 5111 Euty-

2085 5109 2310 5163 cbianis
2371 5111 2429 5159 et
2476 5108 2804 5160 Severianis
2860 5108 3325 5165 familiarissima
3373 5108 3554 5173 fuere,
3605 5108 3739 5166 enim

2084 5179 2465 5251 ηηὶητειωῄιιι)
2499 5178 2797 5248 hypostasi
2863 5196 2972 5235 non
3026 5181 3481 5251 distinguerent,
3517 5184 3615 5238 ubi
3668 5185 3741 5239 de

2084 5252 2182 5323 Dei
2219 5249 2390 5305 Verbi
2428 5251 2833 5323 incarnatione
2863 5249 3266 5322 disputabant.
3306 5276 3333 5302 ))

2155 5330 2225 5376 At
2260 5322 2798 5399 Areoimgiticorum
2835 5330 3061 5387 auctor,
3090 5342 3367 5399 reponam
3401 5342 3529 5399 ego,
3564 5327 3611 5381 si
3649 5345 3742 5381 na-

2082 5401 2275 5470 turam
2326 5393 2776 5470 seven-innoxium
2830 5412 2991 5470 more
3044 5393 3166 5451 non
3210 5393 3615 5470 distinguebat
3670 5402 3742 5453 ab

2084 5464 2387 5539 hypostasi
2414 5508 2427 5530 ,
2477 5482 2582 5520 cur
2630 5466 2677 5539 ei
2732 5467 2879 5521 satis
2926 5466 3118 5523 dicere
3150 5486 3261 5524 non
3300 5464 3427 5535 t'uit',
3460 5472 3740 5525 deitatem

2086 5537 2301 5594 nostris
2358 5553 2491 5591 vere
2540 5542 2596 5589 et
2628 5537 2853 5605 integre
2883 5540 3454 5608 communicavisse;
3490 5560 3594 5597 cur
3636 5544 3743 5595 ari-

2084 5608 2492 5667 dulei-ithaca
2523 5609 2759 5662 deitatis
2782 5626 2913 5664 cum
2944 5612 3161 5667 nostris
3185 5615 3507 5669 unitionem
3534 5616 3743 5669 facth

2085 5700 2214 5757 esse
2246 5684 2304 5757 in
2336 5698 2444 5735 una
2471 5697 2710 5757 suarum
2768 5682 3172 5757 lii/postasium,
3205 5682 3260 5738 ἐν
3295 5689 3394 5757 μιᾷ
3437 5687 3547 5739 τῶν
3581 5683 3748 5753 αὐτῆς

2089 5752 2429 5827 {amotio-sum
2462 5751 2490 5805 Z7
2519 5752 2720 5806 Nonne
2752 5770 2909 5827 vero,
2951 5756 3049 5826 qui
3096 5756 3152 5810 in
3190 5751 3407 5813 deitate
3435 5751 3749 5827 Ity/postases

2085 5825 2384 5896 cognoscit
2418 5840 2483 5880 ac
2516 5826 2879 5895 pronuntiat,
2902 5825 3138 5883 easdem
3176 5832 3390 5885 fatetur
3429 5825 3744 5887 distinctas

2084 5917 2117 5956 a
2147 5898 2385 5964 deitate,
2421 5912 2546 5969 quae
2579 5913 2697 5953 una
2741 5898 2874 5954 est?
2920 5901 3086 5956 Addo
3133 5917 3335 5958 vocem
3367 5898 3555 5971 θεότης
3586 5918 3653 5960 eo
3684 5904 3743 5959 in
