4130 6406
368 325 505 381 1065

363 517 659 594 [itereser
690 538 924 594 quoque
946 517 1066 578 s'uae
1089 521 1396 594 principiis
1418 519 1709 594 inhaerens
1726 517 2019 594 Eutyches

359 610 569 664 corpus
603 591 1016 666 Christi—fateri
1047 591 1262 666 corpus
1288 591 1552 666 hominis
1591 591 1892 666 renuebat,
1924 593 2017 666 ta-

359 661 534 720 metsi
564 671 800 721 vocaret
821 665 968 741 illud
995 688 1019 719 «
1044 661 1258 741 corpus
1284 665 1634 741 humanum.
1662 683 1690 711 »
1714 661 2018 741 Quomedo

356 753 618 808 namque
649 753 866 810 corpus
899 734 1177 806 hominis,
1202 742 1473 810 autivera
1506 734 1845 810 humanitas
1868 734 2016 788 dice-

358 806 541 881 retur,
576 825 703 880 quas
737 806 818 864 ita
849 811 1127 881 absorpta
1149 829 1179 864 a
1209 808 1514 881 divinitate
1538 806 1930 881 asserebatur,
1954 809 2018 860 ut

357 877 611 955 spoliata
637 888 794 955 esset
816 877 1271 955 proprietatibus
1299 879 1445 946 suis,
1471 894 1536 955 ac
1558 877 1938 955 facultatibus
1959 881 2018 932 et

356 949 973 1025 operationibusfquae
1007 953 1140 1008 illas
1170 954 1657 1025 consequuntur;
1691 949 2017 1025 eademque

357 1021 781 1080 admittebatur
806 1021 881 1080 in
920 1025 1148 1082 Christo
1196 1021 1387 1080 veluti
1416 1022 1676 1078 inanime
1719 1021 2014 1091 quoddam

354 1096 848 1166 instrumentum,
883 1114 986 1168 per
1018 1097 1174 1169 quod
1228 1095 1464 1169 nonnisi
1496 1093 1703 1169 divinis
1753 1091 2016 1148 actiones

351 1165 934 1240 transfunderentur,
967 1165 1094 1240 qua
1147 1168 1517 1240 operationes
1548 1165 1841 1240 humanas
1873 1180 2015 1234 sup-

349 1239 624 1312 plet-ent?
658 1240 854 1312 Longe
886 1242 958 1296 ab
983 1237 1150 1296 hisce
1181 1237 1531 1296 commentis
1577 1237 1805 1312 distant
1834 1240 2014 1312 Areo-

354 1308 612 1384 pagitica
638 1308 820 1384 dicta:
841 1313 1017 1384 Plura
1036 1312 1443 1384 superioribus
1466 1308 1762 1384 capitibus
1784 1308 2014 1384 eadem-

349 1380 463 1454 qna
491 1382 1046 1440 luculentissimain
1067 1380 1328 1439 medium
1354 1380 1710 1454 protulimus
1743 1380 2010 1436 testimo-

349 1453 470 1528 nia,
504 1455 672 1528 queis
696 1456 932 1528 egregie
959 1456 1115 1511 idem
1144 1453 1546 1528 auctor’docet
1575 1457 1947 1528 assumptam
1979 1468 2012 1507 a

351 1525 496 1582 Filio
523 1524 626 1582 Dei
658 1524 880 1583 ab'una
929 1526 1243 1584 Trinitatis
1291 1543 1539 1597 persona
1579 1524 2009 1597 humanitatem

350 1613 494 1670 vere,
527 1599 757 1668 integre,
802 1601 1064 1670 perfecte,
1094 1595 1355 1666 totaliter,
1407 1596 1736 1670 omnimode.
1772 1599 1856 1650 An
1890 1595 2009 1670 haec

346 1668 546 1742 toties,
580 1667 657 1726 ac,
678 1667 908 1742 passim
953 1671 1303 1739 inculcaret,
1337 1671 1439 1742 qui
1482 1668 1913 1742 humanitatem
1946 1667 2006 1722 in

347 1741 584 1822 Christo
620 1741 869 1822 Domino
899 1743 1211 1822 spoliatam
1262 1741 1650 1822 arbitraretur
1682 1741 2005 1822 proprieta-

1359 323 1700 380 VINDICIE
1737 322 2039 379 OPERUM
2079 323 2796 381 AREOPAGITICORUM.

363 448 945 524 ipsumqueVerbum
963 449 1216 524 gessisse
1231 443 2014 524 vicem_mentis,eg‘utiehat.
2049 451 2105 519 Α
2133 445 2288 524 citur
2316 445 2352 501 h

3648 333 3790 390 1066

2359 446 2707 574 ypostatica,
2748 450 3110 506 transcendit
3158 466 3393 509 omnem
3441 462 3661 513 naturae
3691 474 3783 514 or-

2425 519 2489 574 ed
2539 527 2791 574 attamen
2843 538 3032 574 revera
3081 529 3246 574 homo
3272 542 3291 574 :
3341 542 3446 574 nec
3494 530 3648 574 enim
3684 546 3783 574 nam

2131 517 2791 600 dinemISedlattamen
2838 538 3032 600 revera
3081 529 3291 587 homo;
3341 542 3446 600 nec
3494 530 3652 584 enim
3683 546 3788 600 per

2130 591 2397 681 eam-dem
2421 591 2707 681 unionem
2751 598 2853 681 aut
2901 599 3301 681 mutata,_'aut
3348 597 3647 681 deperdita
3675 591 3787 657 fuit

2130 667 2340 742 natura
2376 664 2654 742 humana,
2689 674 2786 720 aut
2819 667 3318 742 mutilata‘aliqua
3349 664 3440 724 sui
3470 677 3656 742 parte,
3685 680 3786 730 aut

2129 735 2368 788 demum
2448 736 2694 806 spoliata
2751 735 3237 811 proprietatibus;
3292 757 3419 811 qua;
3470 735 3782 803 veritatem

2127 813 2573 885 consequuntur
2602 812 2822 885 naturae
2847 810 3137 865 humanae.
3163 810 3651 885 Quandoquidem
3680 820 3780 872 Fi-

2130 877 2238 957 tius
2267 879 2364 957 _Dei
2409 894 2589 957 supra,
2619 881 2884 957 homines,
2937 892 2989 936 et
3037 884 3338 957 secundum
3386 877 3656 957 homines,
3709 905 3782 943 ea:

2126 951 2412 1026 hominum
2441 951 2769 1026 substantia,
2806 969 2928 1007 cum
2957 970 3128 1026 supra
3148 956 3515 1012 substantiam
3546 951 3779 1014 exsiste-

2125 1027 2231 1099 ret,
2265 1023 2630 1077 substantiam
2659 1027 2977 1099 assumpsit.
3005 1023 3188 1082 Filius
3220 1044 3429 1099 nempe
3459 1029 3559 1084 Dei
3588 1031 3780 1086 incar-

2125 1096 2322 1169 natus,
2355 1103 2407 1148 et
2436 1101 2527 1148 est
2553 1111 2727 1166 supra
2753 1096 3021 1169 homines,
3055 1099 3190 1169 quia
3241 1096 3423 1154 Filius
3454 1101 3554 1155 Dei
3588 1118 3653 1157 ac
3682 1119 3783 1158 ve-

2124 1180 2225 1220 rus
2261 1167 2410 1242 Deus
2445 1183 2457 1221 :
2493 1171 2550 1221 et
2581 1172 2671 1222 est
2697 1168 2994 1242 secundum
3024 1167 3292 1239 homines,
3317 1171 3455 1242 quia
3475 1188 3648 1229 verus
3679 1174 3784 1229 ho-

2123 1252 2238 1291 mo.
2273 1237 2540 1309 Ipseque,
2575 1255 2705 1293 cum
2739 1239 2798 1293 in
2833 1245 3045 1296 natura
3074 1237 3664 1311 divinas-absistens,
3695 1246 3776 1301 sit

2123 1323 2302 1380 supra
2334 1317 2624 1376 naturam,
2661 1315 2719 1366 et
2747 1327 2917 1380 supra
2944 1315 3339 1380 substantiam,
3365 1330 3434 1369 ea:
3461 1316 3779 1373 hominibus

2121 1383 2314 1456 tamen
2345 1381 2725 1456 substantiam,
2744 1387 3065 1456 assumpsit.
3109 1385 3355 1441 Nonnisi
3387 1385 3604 1444 lividus
3634 1406 3776 1445 ocu-

2120 1450 2224 1528 lus
2243 1452 2597 1528 heterodoxa
2625 1455 2684 1508 in
2713 1453 2804 1508 his
2836 1450 3024 1528 verbis
3054 1457 3246 1512 videat
3273 1461 3557 1528 portenta.

2191 1524 2303 1602 Sed
2350 1525 2635 1597 ampliora
2684 1527 3017 1602 pergitille
3049 1524 3342 1585 enarrare.
3395 1531 3638 1602 Inquit:
3679 1532 3774 1587 Ve-

2117 1601 2430 1673 rumtamen
2465 1598 3098 1668 supersubstantiatitate
3127 1617 3292 1672 supra
3324 1598 3548 1673 modum
3575 1603 3774 1673 plenus

2117 1671 2216 1744 est.
2248 1671 2674 1744 Jesu_namqus
2707 1686 2976 1741 persona,
3003 1671 3201 1743 utpote
3221 1672 3440 1741 divina,
3473 1671 3771 1744 est'supra

2117 1739 2512 1816 substantiam
2539 1761 2552 1809 ;
2580 1739 2649 1796 ac
2687 1739 3161 1816 supernaturalis
3211 1750 3287 1816 et,
3309 1739 3772 1816 supersubstan-

344 1813 508 1870 tibus
551 1813 678 1868 suis
704 1829 795 1894 ac
820 1809 1229 1894 facultatibus
1283 1820 1337 1870 et
1386 1809 1822 1886 operationibus
1876 1827 2007 1882 quae
2036 1828 2083 1894 Β
2115 1809 2270 1894 tialis
2302 1809 2879 1894 estnaturae-diginae
2916 1820 2972 1869 et
3021 1821 3243 1894 naturai
3276 1809 3548 1894 humanae
3582 1817 3772 1874 unitio

349 1889 794 1955 consequuntur
819 1887 842 1940 ἲ

419 1954 634 2011 Favent
662 1960 719 2011 et
749 1956 880 2028 ipsa
912 1956 1252 2012 testimonia
1299 1955 1368 2011 ab
1425 1954 1719 2028 Lequieno
1751 1954 1996 2023 objecta.

346 2025 1032 2098 Grandioribusquidem
1057 2029 1247 2083 verbis
1273 2025 1781 2098 mirabilissimam
1807 2028 2000 2098 incar-

348 2100 607 2172 nationis
658 2096 1001 2172 mysterium
1047 2104 1278 2156 enarrat
1324 2105 1571 2172 auctor:
1609 2103 1668 2154 at
1707 2096 1767 2151 in
1817 2097 1874 2172 i_d
1907 2114 2002 2172 re-

348 2171 492 2243 cidit
521 2168 738 2243 tamen'
765 2188 1016 2243 semper,
1050 2177 1115 2227 ut
1162 2172 1287 2242 ipse
1336 2171 1605 2243 Christus
1655 2185 1787 2243 vere
1829 2168 2004 2243 fuerit

347 2242 546 2297 homo.
567 2246 638 2296 At
659 2242 756 2315 ille
781 2260 792 2315 ς
821 2241 997 2315 Neque
1027 2241 1366 2304 homo’erat;
1389 2243 1491 2298 sed
1522 2241 1702 2315 velu_ti
1732 2257 1792 2296 se
1822 2241 2033 2295 θοι-τί·-

355 2331 500 2387 gens
535 2314 699 2369 addit
725 2330 738 2368 :
774 2313 914 2384 Non,
944 2324 1003 2370 ut
1031 2332 1256 2387 prorsus
1302 2330 1411 2370 non
1441 2315 1612 2387 fuerit
1642 2313 1800 2387 homo
1829 2330 1849 2368 :
1880 2315 2005 2368 erat

353 2385 491 2456 ergo
514 2401 756 2457 prorsus
778 2391 834 2442 et
857 2385 1098 2441 omnino
1130 2387 1325 2442 homo.
1351 2387 1446 2441 Ait
1466 2385 1640 2441 etiam
1676 2403 1688 2439 :
1731 2385 2003 2457 Vere/ac-

349 2455 470 2512 ctus
498 2455 667 2529 supra
702 2458 979 2513 hominem
1005 2458 1203 2522 homo;
1230 2459 1312 2513 ita
1360 2463 1425 2513 ut
1467 2457 1703 2529 tametsi
1735 2455 2002 2529 Christus

351 2529 468 2584 dici
499 2527 708 2584 debeat
735 2545 902 2598 supra
930 2530 1228 2595 hominem,
1259 2533 1322 2584 ut
1360 2529 1512 2584 infra
1543 2527 1960 2582 declarandum
1988 2544 2004 2596 ;

353 2617 484 2673 vere
508 2606 704 2655 tamen
734 2601 920 2673 factus
950 2601 1105 2655 homo
1133 2609 1230 2656 est.
1264 2602 1424 2666 Quod
1455 2599 1573 2653 illis
1603 2600 1839 2673 demum
1873 2615 2004 2653 ver-

348 2671 445 2728 bis
475 2671 859 2727 confirmatur
889 2689 902 2728 :
938 2673 1013 2726 Ad
1033 2673 1402 2727 substantiam
1425 2685 1546 2726 vere
1571 2671 1812 2738 veniens,
1835 2685 2005 2740 supra

347 2744 720 2800 substantiam
750 2744 1160 2798 substantiatus
1183 2752 1277 2798 est.
1306 2743 1406 2798 Dei
1432 2742 1609 2797 Filius
1631 2756 2002 2813 nempe,cum

348 2831 458 2871 nec
489 2820 702 2871 natura
733 2831 838 2870 nec
889 2816 1217 2870 substantia
1267 2814 1500 2886 proprie
1547 2814 1644 2881 sit,
1677 2814 1778 2868 sed
1825 2829 2006 2882 supra

351 2893 624 2943 naturam
656 2892 713 2943 et
751 2904 930 2959 supra
970 2887 1401 2954 substantiam;
1435 2887 1507 2941 ad
1541 2888 1801 2940 nostram
1824 2888 2004 2959 gnatu-

349 2975 477 3015 ram
511 2957 887 3030 nostramque
909 2959 1304 3014 substantiam
1331 2974 1458 3014 vere
1478 2959 1646 3023 venit,
1667 2965 1722 3011 et
1749 2957 2006 3030 substan-

352 3033 520 3086 tiatus
549 3033 648 3100 est,
683 3028 810 3103 pen
834 3031 1099 3102 eiusdem
1127 3036 1374 3103 natura
1424 3046 1489 3085 ac
1540 3028 1882 3103 substantiae
1913 3045 2003 3103 as-

351 3101 776 3175 sumptione'm,
809 3101 880 3157 et’
909 3120 1041 3158 cum
1068 3101 1358 3175 eiusdem
1411 3101 1886 3175 proprietatibus,
1924 3101 2005 3154 fa-

356 3173 702 3242 cultatibus,
734 3174 1198 3245 operationibus.

423 3218 1425 3316 λῖἕῶἜΞῖιῖὥῖὲέξἓῖᾝόἷιίωευῡς
1472 3242 1851 3316 Eutychianis
1900 3242 2005 3316 αάτ
2037 3218 2080 3285 C

352 3334 527 3374 versa
558 3319 834 3388 dogmata
865 3313 1112 3373 clariora
1143 3318 1312 3386 fiunt,
1347 3316 1394 3370 si
1428 3313 1620 3370 brevis
1643 3313 1902 3388 epistolas
1937 3313 2008 3369 ad

355 3389 560 3445 Caium
595 3386 885 3461 integrum
905 3393 1239 3444 contextum
1259 3388 1680 3461 expendamus.
1702 3386 2011 3461 inquiren-

354 3465 472 3516 tem
527 3459 742 3516 Caium
785 3460 1057 3516 inducit:
1093 3461 1386 3529 Quomodo,
1435 3460 1638 3530 inquis,
1685 3459 1838 3513 Jesus
1885 3473 2011 3511 cum

353 3535 428 3588 sit
457 3533 725 3604 omnibus
749 3534 1027 3604 superior,
1077 3533 1285 3587 exteris
1315 3529 1631 3604 hominibus
1676 3529 2011 3604 substantia-

352 3605 500 3672 liter,
533 3600 837 3674 obeiwbc‘bc,
860 3612 1194 3676 aggregatus
1220 3601 1620 3676 est?__Planum
1648 3617 1712 3656 ac
1744 3601 2010 3676 pervium

356 3692 598 3732 sensum
650 3672 844 3746 accipe
879 3672 1230 3741 {Quomodo
1280 3672 1462 3746 Filius
1515 3673 1640 3746 Dei,
1686 3672 1784 3743 qui
1834 3673 2010 3746 rebus

355 3747 635 3803 omnibus
663 3753 720 3802 et
766 3744 1109 3802 hominibus
1159 3745 1428 3818 superior
1475 3749 1583 3818 est,
1620 3744 1807 3800 factus
1838 3744 2013 3799 fuerit

354 3819 700 3875 hominibus
731 3816 1252 3875 consubstantialis
1273 3819 1300 3874 ?
1332 3816 1578 3888 Reponit
1608 3821 1817 3888 auctor,
1844 3832 1855 3870 :
1890 3821 2012 3873 Non

350 3892 564 3963 utique,
598 3899 658 3947 ut
686 3893 899 3946 ’auctor
947 3890 1262 3960 hominum,
1291 3887 1758 3963 _hoc’loco__h_omo
1787 3887 2009 3963 dicitur.

353 3963 414 4018 Id
446 3960 535 4017 est
566 3977 639 4017 ne
687 3967 860 4044 putes
899 3976 977 4044 ea
1009 3963 1238 4044 ratione
1265 3961 1486 4044 desum
1536 3960 1647 4016 dici
1690 3960 2011 4044 hominem,

356 4049 478 4106 qua
504 4032 716 4089 nomen
749 4034 989 4106 eﬂ‘ectus
1021 4033 1588 4106 eminentirquodam
1625 4033 1798 4106 modo
1830 4032 2012 4086 tribui

357 4103 508 4162 solet
537 4122 750 4175 caussa,
785 4123 852 4162 ac
883 4105 1184 4162 hominem
1216 4105 1332 4162 dici
1356 4103 1606 4173 ’Jesum,
1639 4103 1780 4175 quia
1811 4109 2015 4158 auctor

355 4182 449 4233 est
470 4177 779 4233 hominum
808 4202 820 4239 ξ
854 4179 1354 4249 quemadmodum
1383 4175 1557 4249 et_sol_
1577 4179 1633 4230 et
1653 4175 1752 4230 lux
1773 4179 2016 4249 vocatur

358 4251 532 4315 Deus,
566 4250 666 4320 qui
699 4244 975 4318 suprema
1005 4253 1097 4303 est
1135 4265 1314 4304 causa
1359 4251 1417 4302 et
1445 4246 1595 4301 lucis
1627 4251 1682 4300 et
1711 4244 1875 4320 solis,
1908 4245 2014 4300 Sed

355 4324 419 4377 in
448 4317 719 4386 quantum
745 4317 1046 4376 secundum
1094 4320 1456 4386 substantiam
1502 4322 1674 4373 totam
1702 4333 1829 4386 vere
1857 4317 2013 4371 homo

355 4382 478 4454 est
507 4392 622 4446 κατ’
672 4390 854 4445 οὐσίαν
905 4389 1042 4456 ὅλην
1092 4388 1317 4459 ἀληθῶς
1365 4385 1649 4461 ἄνθρωπος
1697 4382 1796 4461 63v.
1831 4387 2014 4443 Verba

355 4467 518 4534 sunt,
551 4481 678 4532 quas
698 4487 726 4514 «
748 4467 952 4520 contra
972 4478 1209 4518 omnem
1232 4460 1522 4534 haeresim,
1538 4465 1658 4534 tam
1683 4460 2010 4534 antiquam,

357 4531 534 4608 quam
570 4531 779 4592 novam
817 4558 838 4584 ι
873 4535 1152 4608 militant,
1187 4539 1263 4608 ut
1280 4533 1363 4589 ait
1388 4531 1765 4587 Scholiastes.
1799 4531 2012 4586 Adver-

355 4605 566 4664 s'antur
595 4625 663 4663 ea
692 4606 1140 4678 Phantasiastis,
1166 4605 1264 4678 qui
1297 4620 1500 4678 verum
1523 4621 1757 4678 corpus,
1781 4619 2011 4678 veram-

355 4696 472 4752 que
502 4678 930 4752 humanitatem
961 4674 1548 4752 Christonegabant;
1583 4674 1640 4731 et
1666 4674 2008 4752 Apollinari-

355 4747 487 4822 stis,
530 4750 631 4822 qui
673 4755 858 4806 totam
908 4750 1168 4805 hominis
1222 4747 1618 4805 substantiam
1669 4747 1728 4801 in
1762 4747 2010 4822 Christo

355 4818 1171 4894 non'agnoscebantputpote
1223 4824 1420 4894 mente
1449 4835 1578 4894 eam
1627 4818 2009 4894 mutilantes;

356 4899 414 4977 et
442 4891 750 4977 Acs—phalis
781 4912 847 4951 ac
896 4891 1323 4977 Monophxsitis
1367 4893 1468 4976 qui
1497 4891 1777 4977 eamdem.
1799 4891 2011 4977 Christi

357 4962 788 5022 humanitatem
832 4962 1289 5038 proprietatibus
1339 4962 1483 5033 suis,
1516 4968 1573 5019 et
1607 4962 2009 5038 facultatibus,

358 5056 425 5094 ac
455 5034 895 5121 operationibus
941 5034 1084 5121 quae
1125 5040 1588 5121 consequuntur,
1627 5034 2008 5121 spoliabant:

359 5107 517 5166 unde
550 5126 653 5165 nec
687 5108 772 5164 illi
826 5107 1233 5178 admittebant,
1282 5112 1467 5163 totam
1515 5108 1574 5162 in
1623 5107 1851 5162 Christo
1879 5123 2012 5162 vere

358 5180 638 5238 exsistere
668 5181 1118 5238 humanitatem.

432 5253 711 5332 Sequitur
741 5271 754 5308 :
790 5254 894 5332 Nos
922 5257 1106 5332 autem
1132 5252 1317 5332 {esum
1365 5266 1476 5332 non
1518 5250 1845 5332 humanitus
1862 5249 2010 5332 "deﬁt

356 5322 563 5381 nimus.
597 5327 898 5390 Quomodo
942 5325 1095 5379 enim
1140 5322 1466 5378 humanitus
1513 5327 1747 5377 tantum
1783 5322 2012 5377 definiri

359 5401 548 5469 potest
579 5396 872 5465 Christus,
901 5397 1005 5469 qui
1026 5414 1069 5469 a
1099 5393 1898 5469 cateris_h_ominibus_long_e
1929 5393 2014 5447 di-

358 5465 512 5524 stat:
548 5484 654 5524 nec
683 5472 773 5523 est
831 5465 994 5524 solus
1025 5467 1224 5536 homo,
1256 5467 1356 5522 sed
1389 5465 1566 5522 homo
1595 5471 1652 5521 et
1682 5465 1881 5520 Deus?
1910 5470 2013 5522 Ne—

356 5555 458 5611 que
484 5541 637 5594 enim
662 5539 767 5594 ille
793 5539 957 5596 homo
990 5544 1208 5594 tantum
1235 5549 1334 5603 est,
1367 5540 1501 5611 quia
1536 5553 1886 5608 nequaquam
1916 5553 2012 5611 su-

355 5608 834 5681 persubstantiatis
862 5612 1162 5678 exsisteret,
1195 5611 1243 5665 si
1269 5608 1418 5665 solus
1467 5609 1626 5665 homo
1655 5614 1808 5680 foret.
1842 5608 2012 5664 Solus

359 5699 617 5752 namque
647 5683 822 5738 homo
852 5687 1066 5738 natura
1117 5685 1347 5737 constat
1398 5681 1682 5744 humana,
1731 5684 1788 5734 et
1817 5681 2013 5736 subsi-

359 5753 574 5810 stentia
606 5758 799 5809 creata
832 5771 844 5809 :
881 5759 940 5810 at
958 5752 1130 5809 Jesus
1149 5754 1231 5809 ita
1261 5753 1435 5808 homo
1453 5756 1561 5818 est,
1583 5757 1647 5807 ut
1675 5752 2014 5810 humanitas

361 5826 568 5882 affecta
627 5825 916 5881 subsistat
963 5823 1257 5896 personali
1308 5824 1439 5880 Filii
1486 5824 1589 5880 Dei
1639 5824 2013 5896 proprietate,

362 5913 491 5971 qua
522 5897 1110 5972 supersubstantialis
1139 5903 1265 5968 est;
1318 5901 1376 5955 et
1424 5896 1544 5954 haec
1575 5897 1735 5970 unio,
1770 5913 1896 5969 quae
1928 5896 2014 5954 di-

644 6027 916 6089 Paraon.
963 6027 1074 6088 Gs.
1116 6027 1220 6088 IV.

2114 1884 2323 1961 in.una
2355 1884 2693 1961 divinaliilii
2721 1885 2818 1961 Dei
2845 1902 3115 1956 persona.
3134 1890 3209 1961 ‘Ut
3234 1890 3329 1961 qui
3351 1906 3571 1960 semper
3597 1905 3773 1958 supra

2109 1955 2482 2030 substantiam
2507 1959 2597 2025 sit,
2626 1955 2976 2030 abundantia
3002 1955 3766 2030 quadam-supersubstantia-

2111 2027 2323 2102 litatis;
2371 2030 2539 2102 etiam
2581 2028 2652 2102 ad
2701 2027 3067 2084 substantiam
3122 2047 3246 2086 vere
3293 2027 3535 2098 veniens,
3595 2049 3769 2102 supra

2109 2098 2482 2174 substantiam
2506 2100 2906 2174 substantiatus
2934 2106 3031 2174 est.
3062 2103 3290 2174 Divina
3320 2105 3483 2160 Verbi
3515 2098 3767 2174 persona

2109 2169 2193 2224 ita
2222 2186 2401 2240 supra
2431 2171 2821 2226 substantiam
2846 2173 2958 2227 dici
2985 2173 3176 2241 debet,
3209 2180 3273 2228 ut
3294 2175 3469 2230 etiam
3494 2169 3563 2230 ea
3584 2176 3763 2230 abun-

2112 2242 2315 2314 dantia
2335 2244 2574 2314 quadam
2595 2244 3249 2313 supersubstantialitatis
3271 2247 3470 2302 fecerit
3489 2253 3762 2302 naturam

2110 2313 2433 2389 humanam
2457 2315 3105 2389 supergubstantialiter
3117 2335 3180 2372 su
3192 2317 3760 2389 bsistere,personali

2112 2385 2334 2458 scilicet
2366 2385 2562 2440 divina
2612 2386 2740 2440 Filii
2791 2387 3144 2458 proprietate
3191 2385 3506 2445 aii‘ectam':
3541 2394 3598 2446 et
3626 2390 3764 2445 licet

2109 2471 2238 2512 vere
2268 2457 2339 2529 ad
2373 2463 2634 2512 nostram
2662 2457 3061 2514 venerit’677
3116 2460 3530 2529 substantiam,
3563 2464 3766 2517 manet

2113 2528 2290 2583 simul
2323 2533 2520 2583 tamen
2550 2545 2719 2598 supra
2746 2531 3137 2586 substantiam.
3164 2532 3285 2586 Imo
3319 2528 3555 2588 demum
3589 2541 3639 2588 et
3668 2548 3764 2588 su-

2109 2616 2211 2670 per
2238 2601 2530 2676 hominem
2547 2602 2711 2670 gessit
2737 2617 2820 2666 ea,
2850 2617 2971 2673 quis
2991 2607 3118 2676 sunt
3147 2604 3392 2659 hominis
3414 2621 3434 2664 ;
3462 2609 3769 2676 propterea

2115 2687 2344 2745 nempe
2372 2672 2536 2745 quod
2556 2676 2827 2745 humanas
2845 2672 3213 2745 operationes
3237 2691 3352 2730 non
3377 2672 3770 2745 procedebant

2115 2759 2148 2797 a
2180 2742 2593 2817 solo’homine,
2621 2743 2722 2798 sed
2755 2745 2826 2798 ab
2850 2744 3095 2817 homine
3126 2746 3264 2811 Deo,
3302 2742 3402 2817 qui
3435 2748 3561 2803 sine
3588 2749 3768 2803 dubio

2112 2830 2276 2900 super
2306 2814 2585 2900 hominem
2614 2823 2715 2869 est.
2750 2817 2818 2870 Et
2850 2814 3768 2900 haecsti-auisupernaturalitas,

2114 2886 2589 2960 et_‘abundantia
2646 2886 3362 2960 supersubstantialitatis,
3425 2907 3600 2960 quam
3666 2886 3769 2945 Dei

2116 2955 2296 3033 Filius
2342 2957 2401 3011 in
2453 2955 3173 3033 humanitateassumpta
3219 2955 3510 3032 integram
3557 2967 3768 3033 servat,

2116 3032 2369 3084 maxime
2399 3035 2642 3099 apparet
2673 3030 2730 3083 in
2779 3030 3041 3085 mirificis
3079 3030 3388 3103 'operibus,
3423 3035 3574 3102 quod
3615 3030 3771 3104 Virgo

2115 3117 2286 3177 supra
2315 3107 2576 3155 naturam
2609 3104 2762 3177 parit
2792 3120 2810 3155 :
2842 3104 2994 3172 quod
3025 3121 3172 3175 aqua
3191 3104 3497 3177 proﬂuens,
3528 3120 3656 3176 quae
3680 3121 3770 3176 pe-

2119 3172 2256 3247 dum,
2305 3188 2373 3225 ea:
2419 3174 2662 3226 materia
2691 3178 2962 3247 terraque
3010 3172 3389 3231 eo'ncretor'um
3438 3172 3768 3247 gravitatem

2117 3246 2369 3319 sustinet,
2400 3242 2747 3319 nequegeedit
2768 3265 2788 3311 ,-
2815 3242 2908 3300 sed
2937 3247 3141 3302 virtute
3183 3242 3604 3319 supernat'urati
3650 3251 3772 3304 sine

2117 3315 2417 3441 di/Lusione
2445 3315 2714 3370 subsistit.

2244 3387 2337 3441 inc
2362 3403 2495 3441 vero
2527 3393 2714 3441 soonti

2244 3387 2743 3462 incverosponte
2779 3404 2845 3443 ac
2894 3389 3224 3444 necessario
3256 3388 3423 3445 ﬂuit:
3457 3405 3525 3445 ea
3553 3406 3671 3462 qua
3703 3391 3773 3446 de

2119 3459 2465 3533 humanitate
2494 3459 2620 3513 Jesu
2646 3460 3034 3533 aﬂirmantur,
3067 3462 3389 3517 excellentis
3436 3459 3644 3533 quoque
3674 3479 3772 3518 ne-

2117 3532 2364 3602 gationis
2397 3532 2505 3603 vim
2533 3531 2831 3586 continere.
2869 3537 2952 3586 Ita
2978 3549 3236 3603 namque
3283 3531 3647 3589 afﬁrmamus
3677 3534 3775 3589 Je-

2119 3601 2252 3658 Sum
2277 3618 2405 3676 esse
2428 3601 2749 3676 hominem,
2769 3609 2832 3676 ut
2853 3603 3032 3658 simul
3061 3601 3260 3676 negari
3281 3606 3772 3676 oporteat,ipsum

2119 3690 2248 3730 esse
2270 3673 2600 3744 simplicem
2624 3673 2922 3747 hominem
2948 3693 2960 3743 ;
2987 3692 3117 3730 cum
3141 3673 3229 3731 sit
3251 3673 3431 3747 supra
3453 3673 3774 3746 hominem,

2120 3750 2323 3817 utpote
2349 3761 2596 3815 persona
2616 3745 2885 3801 divinain
2912 3745 3398 3805 naturahumana
3421 3749 3774 3816 subsistens,

2121 3816 2230 3873 eta
2252 3816 2489 3892 Virgine
2519 3823 2840 3890 conceptus
2872 3819 3068 3892 fuerit,
3099 3820 3288 3891 deque
3319 3821 3560 3892 Virgine
3591 3826 3778 3876 matre

2122 3894 2316 3944 natus.
2355 3891 2491 3944 Nam
2519 3893 2930 3962 utqsummaiim
2959 3891 3241 3962 dicamus,
3267 3908 3336 3947 ne
3365 3891 3521 3947 homo
3553 3892 3775 3962 quidem

2121 3969 2240 4017 erat
2267 3978 2285 4014 :
2317 3976 2428 4014 non
2457 3960 2731 4033 quodnon
2763 3967 2899 4016 esset
2921 3963 3124 4024 homo;
3151 3961 3243 4016 sed
3271 3963 3417 4033 quod
3438 3978 3508 4017 ex
3535 3960 3775 4019 homini-

2123 4034 2219 4088 bus
2247 4040 2428 4096 natus,
2461 4032 2704 4087 homines
2729 4033 2886 4100 longe
2907 4041 3212 4103 superaret,
3236 4032 3294 4088 et
3305 4049 3472 4103 supra
3495 4035 3772 4089 hominem

2121 4118 2244 4159 vere
2273 4103 2427 4157 homo
2458 4107 2637 4171 [actus
2667 4105 2757 4158 sit.
2782 4104 2906 4157 Non
2939 4109 3063 4158 erat
3094 4104 3267 4159 homo
3299 4103 3479 4170 solus,
3513 4106 3613 4161 sed
3639 4123 3770 4161 vere

2120 4180 2316 4230 tamen
2339 4173 2536 4247 _factus
2569 4177 2657 4228 est
2686 4175 2862 4247 homo
2894 4193 2911 4228 :
2944 4174 3242 4247 simulque
3265 4192 3468 4231 omnes
3499 4176 3769 4233 homines

2121 4245 2456 4320 superabat,
2487 4249 2544 4300 et
2575 4261 2756 4316 supra
2801 4243 3097 4320 hominem
3130 4243 3294 4317 erat;
3327 4248 3604 4318 quoniam
3637 4266 3771 4320 per—

2121 4315 2263 4373 sona
2293 4315 2508 4382 divina,
2541 4315 2668 4387 quaé
2700 4334 2881 4392 supra
2909 4318 3206 4392 hominem
3239 4315 3435 4392 esu—st
3465 4315 3773 4392 supra-na-

2121 4393 2340 4454 turam,
2373 4393 2431 4443 et
2461 4405 2640 4459 supra
2681 4389 3076 4445 substantiam
3128 4407 3260 4446 vere
3308 4389 3673 4447 subsistebat
3713 4393 3772 4446 in

2124 4464 2334 4516 natura
2366 4464 2586 4528 nostra,
2620 4460 2677 4515 in
2732 4461 3097 4516 humanitate
3145 4465 3348 4517 nostra
3380 4479 3393 4516 :
3429 4469 3486 4518 et
3516 4464 3601 4520 sic
3633 4464 3778 4520 sub-

2124 4533 2340 4589 sistens
2372 4532 2471 4585 Dei
2507 4531 2684 4588 Filius
2714 4548 2834 4588 vere
2867 4534 3023 4588 homo
3050 4534 3233 4603 factus
3261 4541 3397 4590 erat.

2192 4606 2600 4678 Commentum
2642 4606 3435 4678 AomneiMonophysitarum,
3479 4609 3552 4678 ut,
3587 4605 3774 4678 video,

2119 4675 2289 4748 longe
2311 4675 2539 4748 exsulat
2553 4676 2624 4731 ab
2641 4675 2748 4730 hac
2762 4676 3010 4747 epistola
3035 4694 3047 4731 :
3068 4675 3223 4748 quod
3240 4675 3586 4733 etiamvidit
3599 4677 3779 4733 Scho-

2116 4746 2319 4803 liastes
2353 4765 2365 4801 :
2401 4769 2429 4797 ‹‹
2464 4747 2736 4815 Observa,
2767 4746 3291 4820 inquiens,_totum
3340 4748 3600 4820 epistolas
3633 4766 3778 4804 con-

2120 4823 2366 4891 textum,
2399 4820 2677 4891 quoniam
2712 4825 2802 4874 est
2831 4825 3035 4876 contra
3061 4836 3294 4876 omnem
3329 4819 3618 4887 haeresim,
3652 4825 3775 4876 tam

2121 4890 2457 4964 antiquam,
2480 4907 2916 4964 quam_novam.
2952 4914 2978 4940 ››
3011 4893 3210 4964 Neque
3235 4897 3479 4963 reponat
3509 4892 3778 4948 doctissi-

2122 4979 2254 5017 mus
2285 4963 2626 5035 ,Lequienus
2666 4962 2773 5018 has
2823 4970 3054 5019 nostras
3105 4962 3618 5035 interpretationes
3647 4980 3777 5020 esse

2121 5051 2248 5106 quas
2282 5033 2585 5090 haereticas
2613 5033 2935 5091 locutiones
2963 5033 3298 5090 obscuriore
3322 5036 3573 5106 quodam
3599 5037 3774 5091 modo

2121 5107 2453 5190 propositas
2484 5107 2555 5161 ad
2587 5106 2940 5190 catholieum
2965 5107 3779 5190 sensum_detorq‘uent._Sunt

2120 5177 2237 5232 imo
2260 5177 2368 5232 sim
2379 5177 2996 5252 plicessententiarum
3015 5178 3322 5252 grandiore
3345 5177 3493 5250 style
3520 5178 3771 5252 scripta-

2120 5265 2252 5322 rum
2301 5249 2738 5321 explicationes,
2772 5268 2898 5322 quas
2946 5250 3298 5305 catholicum
3349 5249 3614 5318 sensum,
3644 5249 3779 5306 'non

2121 5321 2293 5394 longe
2327 5323 2592 5394 petitum,
2621 5323 2720 5377 sed
2755 5321 3017 5392 pervium
3041 5339 3108 5376 ac
3134 5322 3374 5393 planum
3398 5322 3778 5394 patefaciunt.

2124 5338 2293 5404 longe
2322 5338 2592 5447 genium,
2621 5338 2720 5377 seu
2755 5338 3108 5403 perviumac
3134 5338 3374 5393 planum
3398 5338 3778 5406 patefaciunt.

2121 5393 2290 5468 Hisce
2362 5397 2495 5448 ictis
2519 5394 2917 5468 abutebantur
2935 5395 3169 5464 quidem
3195 5394 3638 5468 Monophysntw,
3666 5396 3782 5450 hae-

2122 5465 2439 5520 reticorum
2477 5480 2637 5538 more
2691 5466 2958 5536 proprios
3006 5482 3239 5538 errores
3284 5469 3348 5520 ut
3398 5465 3671 5538 poterant
3704 5473 3786 5522 te-

2123 5540 2329 5608 gentes
2364 5554 2375 5591 :
2410 5542 2468 5592 at
2499 5536 2702 5608 eadem
2738 5535 3141 5607 Areopagitica
3186 5537 3346 5592 dicta
3370 5535 3477 5593 nec
3511 5537 3784 5593 haeresim

2124 5607 2393 5672 efferunt,
2427 5623 2531 5662 nec
2563 5607 2833 5663 haeresim
2879 5607 3181 5663 involucro
3230 5609 3538 5665 verborum
3569 5614 3784 5665 tectam

2126 5679 2622 5751 complectuntur,
2656 5686 2722 5735 ut
2768 5679 2929 5736 illius
2970 5681 3074 5734 aevi
3128 5680 3324 5736 Patres
3375 5681 3782 5737 ostendebant.

2126 5751 2284 5822 Opus
2316 5752 2479 5824 foret,
2513 5756 2578 5806 ut
2617 5751 3155 5824 Areopagiticorum
3206 5755 3410 5824 auctor
3440 5753 3787 5822 probaretur

2127 5823 2438 5879 haereticus
2471 5822 3123 5895 argumentis‘aliunde
3172 5822 3395 5895 petitis,
3427 5827 3494 5878 ut
3523 5841 3649 5895 quae
3681 5825 3783 5878 de-

2128 5912 2288 5953 mum
2319 5896 2630 5970 grandiore
2662 5897 2920 5970 quodam
2952 5896 3100 5970 stylo
3150 5913 3216 5953 ac
3245 5895 3478 5952 insueto
3511 5895 3779 5969 protulit,

3421 6023 3500 6083 3i.
