4102 6432
1329 577 2542 931 ἳβνῖέὶἀιίάί

490 1054 572 1117 IN
614 996 811 1135 QUA,
845 1052 1042 1119 posr
1084 996 1631 1118 mammis
1673 1013 1961 1121 SANCTl
2000 996 2409 1139 creamur
2434 1020 2773 1118 OPERUM‘
2811 1044 3278 1127 EDITIONES,

869 1270 977 1334 DE
1025 1220 1548 1366 sensurum
1586 1208 2000 1332 noenum
2048 1261 2433 1331 PLURIBUS
2466 1224 2960 1331 DISSERITUR.
3044 1303 3051 1311 .

1178 1480 1504 1544 socrum;
1542 1481 1607 1541 ι).
1645 1460 2045 1541 PRUDENTIO
2073 1480 2337 1553 MARAN,
2376 1479 2441 1540 0.
2485 1481 2541 1540 s.
2583 1481 2653 1542 Β.
2726 1472 2729 1475 ·

1080 1699 2693 1750 W
2872 1702 2879 1703 ’

302 1903 404 1962 .Ao
433 1902 572 1963 hunc
605 1904 975 1977 prmfationem
1019 1907 1352 1981 aggredienti
1394 1909 1576 1973 necS.
1608 1908 1860 1983 Cypriani
1889 1908 2079 1968 laudes
2105 1908 2356 1984 persequi
2391 1907 2754 1967 necessarium
2781 1904 3017 1976 videtur,
3053 1919 3155 1966 nee
3185 1903 3382 1966 Baluzii
3415 1905 3569 1963 labo-
3614 1958 3621 1989 ε

251 2014 365 2056 rem
408 1999 809 2058 commendare.
841 2000 1170 2073 Conspirans
1208 2003 1447 2059 omnium
1477 2003 1533 2060 in
1556 2001 1819 2081 Cypriani
1868 2003 2223 2060 admiratione
2240 2017 2560 2070 consensus,
2590 2001 2791 2059 laveris
2826 2000 3051 2072 aucupia
3093 1993 3207 2057 non
3240 2000 3515 2057 desiderat
3548 2017 3566 2056 :

252 2094 449 2151 editori
495 2094 816 2167 sull'ragatur
854 2094 1174 2153 eruditionis
1212 2095 1351 2153 fama
1371 2104 1427 2153 et
1454 2097 1684 2168 plurima
1710 2098 1763 2153 in
1787 2098 2023 2169 antiquis
2042 2097 2390 2170 scriptoribus
2410 2096 2629 2153 edendis
2650 2104 2706 2154 et
2729 2094 3080 2152 emendandis
3099 2095 3379 2151 industria.
3405 2093 3568 2151 Multa

263 2187 477 2259 quidem
506 2198 720 2245 exstant
748 2188 951 2245 Baluzii
979 2188 1222 2245 laborum
1252 2197 1622 2258 monumenta,
1650 2204 1751 2246 nec
1774 2190 2021 2261 cuiquam
2055 2188 2168 2246 fere
2203 2188 2474 2257 concedit,
2505 2188 2597 2260 qui
2627 2204 2741 2244 rem
2768 2188 3078 2245 litterariam
3109 2188 3319 2245 auctius
3357 2188 3565 2245 ditavc-
3612 2244 3617 2265 ς

248 2283 349 2350 rit;
379 2283 496 2350 sed,
526 2292 885 2356 pra-terquam
912 2284 1057 2355 quod
1081 2284 1147 2340 ad
1178 2285 1282 2341 hoc
1305 2293 1606 2342 extremum
1632 2300 1768 2356 opus
1797 2284 1960 2358 longo
1987 2300 2088 2341 usu
2105 2285 2429 2343 exercitatus
2448 2286 2700 2357 accessit,
2721 2300 3011 2358 numquam
3038 2285 3175 2343 alias
3196 2285 3415 2344 videtur
3435 2302 3568 2358 ope-
3614 2352 3623 2362 ι

257 2394 331 2434 rae
360 2388 413 2434 et
439 2379 613 2437 labori
636 2378 812 2435 minus
844 2379 1153 2451 pepercisse
1179 2380 1231 2436 in
1259 2379 1486 2436 vetustis
1507 2378 1784 2435 codicibus
1802 2379 2040 2451 undique
2065 2378 2541 2450 compartandiset
2567 2378 2897 2436 evolvendis.
2924 2377 3116 2436 Jussus
3145 2378 3245 2435 bac
3268 2378 3403 2436 urbe
3434 2379 3562 2435 abs~

254 2474 453 2533 cedere
472 2490 614 2531 anno
638 2474 795 2543 1710,
818 2475 1327 2537 eonsiliumedendi
1353 2474 1608 2548 Cypriani
1632 2488 1740 2530 non
1768 2474 1988 2546 abjecit,
2020 2490 2120 2531 nec
2145 2474 2440 2532 intermisit
2465 2473 2728 2543 laborem,
2757 2489 2919 2547 quem
2949 2482 3148 2543 tamen,
3170 2474 3339 2531 redux
3370 2475 3468 2530 sub
3500 2474 3565 2530 li-
3626 2526 3631 2533 ,

246 2584 369 2637 nem
390 2569 517 2624 anni
540 2570 699 2638 1715,
724 2584 864 2626 novo
883 2578 1077 2626 conatu
1106 2570 1343 2641 repetiit,
1366 2583 1428 2631 ae
1450 2566 1667 2624 tandem
1697 2568 1840 2638 typis
1864 2567 2030 2638 etrapit
2059 2568 2317 2623 mandare
2341 2581 2486 2624 anno
2513 2568 2673 2622 1717.
2700 2566 2819 2623 Jam
2870 2568 3100 2647 prelum!
3131 2567 3442 2624 absolverat
3466 2583 3564 2638 ge-

249 2661 414 2718 nuina
443 2661 700 2735 Cypriani
725 2677 886 2734 opera
911 2677 975 2718 ac
1001 2663 1289 2718 maximam
1313 2670 1520 2733 partem
1553 2660 1755 2716 Baluzii
1775 2660 2202 2727 annotationum,
2244 2676 2366 2716 cum
2396 2676 2519 2717 eum
2539 2660 2745 2716 utiliter
2766 2659 3099 2718 laborantem
3120 2662 3224 2717 vita
3251 2661 3450 2718 defecit
3476 2660 3567 2719 die

245 2756 319 2814 28
343 2758 545 2816 mensis
568 2757 720 2826 Julii,
748 2771 891 2813 anno
916 2757 1090 2813 artatis
1111 2755 1204 2823 88,
1223 2755 1419 2811 Christi
1450 2755 1608 2811 1718.
1637 2754 1850 2813 Mortuo
1877 2756 2117 2825 Baluzio;
2147 2771 2254 2812 non
2284 2755 2402 2812 sine
2433 2754 2788 2810 litteratorum
2816 2754 3055 2809 omnium
3086 2753 3374 2821 desiderio,
3408 2770 3567 2813 nova:
3622 2818 3627 2825 ,

247 2848 408 2920 bujns
452 2849 709 2907 editionis
744 2863 880 2918 opus
905 2848 995 2903 diu
1022 2847 1375 2917 interruptum
1408 2845 1678 2917 pependit,
1702 2848 1818 2916 sed,
1850 2864 1990 2905 anno
2022 2848 2183 2916 1724,
2230 2862 2342 2904 rev.
2377 2844 2665 2903 admodum
2711 2856 2864 2918 pater
2900 2847 3134 2905 domnus
3163 2848 3451 2921 Dionysius
3495 2852 3566 2909 de

244 2941 688 3010 Sainte-Martbe,
714 2941 960 3013 Superior
986 2940 1255 3012 generalis
1302 2939 1727 3011 congregationis
1759 2939 2162 3005 Sancti-Mauri,
2193 2939 2434 3011 pluribus
2464 2948 2685 3012 rogante
2712 2940 3076 3012 typograpbia:
3101 2941 3262 3013 regiae
3284 2942 3564 3014 prml‘ecto,

246 3050 361 3091 rem
390 3034 484 3091 uni
513 3049 579 3090 ex
606 3031 717 3089 suis
740 3030 1028 3097 commisit,
1053 3031 1144 3102 qui
1174 3030 1402 3086 libenter
1428 3030 1580 3086 oneri
1607 3031 1897 3100 successit,
1932 3041 1988 3087 et
2013 3031 2083 3087 ab
2103 3031 2210 3087 alio
2228 3030 2442 3101 adjutus
2473 3030 2635 3089 telam
2654 3047 2685 3087 a
2712 3030 3029 3089 doctissimo
3052 3033 3168 3108 viro
3199 3034 3437 3093 nondum
3465 3039 3561 3095 ab-
3612 3079 3621 3107 ,

246 3129 477 3187 solutam
499 3137 779 3200 pertexere
806 3132 1030 3181 conatus
1057 3130 1161 3189 est,
1193 3136 1315 3177 cum
1342 3122 1408 3177 iis
1437 3120 1662 3179 edendis
1689 3131 1744 3180 et
1768 3110 2122 3180 emendandis
2168 3137 2287 3194 qua:
2311 3121 2568 3180 Baluzius
2594 3123 2793 3180 intacta
2821 3123 3136 3196 reliquerat,
3168 3137 3278 3183 tum
3306 3145 3456 3196 vero,
3504 3140 3566 3187 ut
3614 3182 3615 3189 η

248 3226 303 3282 in
333 3224 574 3297 pluribus
593 3223 712 3279 aliis
740 3223 989 3289 Patribus
1011 3220 1392 3293 percommode
1412 3220 1609 3278 factum
1631 3230 1736 3292 est,
1755 3221 1972 3278 uberius
1996 3220 2255 3287 dcrebus
2282 3221 2448 3294 gestis
2475 3220 2731 3293 Cypriani
2759 3221 2934 3294 deque
2956 3222 3097 3279 illius
3113 3222 3358 3301 doctrina
3386 3227 3563 3284 dissc-
3618 3262 3627 3305 Ξ

250 3317 437 3376 rendo.
466 3315 537 3374 Ut
562 3315 841 3388 promissis
866 3314 1112 3385 satisﬁat,
1143 3314 1418 3371 nonnullae
1444 3313 1501 3370 S.
1525 3313 1777 3387 Martyris
1798 3313 2082 3371 sententia:
2104 3314 2158 3369 in
2187 3313 2289 3370 hac
2319 3313 2655 3385 praefatione,
2704 3330 2864 3386 quam
2893 3315 2998 3371 vita
3030 3316 3284 3389 Cypriani
3313 3322 3559 3392 proxime
3610 3374 3616 3392 ,

248 3421 505 3485 sequetur
531 3450 549 3482 ,
599 3411 767 3484 aequis
805 3409 1136 3493 ponderibus
1175 3411 1549 3469 examinanda:
1583 3420 1709 3470 sunt
1742 3410 1877 3468 :sed
1919 3420 2080 3470 antea
2114 3410 2279 3468 varia:
2328 3410 2471 3468 illius
2512 3425 2736 3483 operum
2782 3411 3048 3493 editiones
3088 3390 3434 3474 recensendam:
3482 3420 3563 3475 vi-
3604 3390 3615 3475 ,ί

252 3504 470 3563 dentur.
1050 3492 1107 3553 ι’
1177 3584 1187 3588 δ
1588 3537 1610 3555 -ι
1698 3540 1703 3562 ;
1852 3550 1861 3563 .

1588 3537 1610 3555 ’δ
1698 3540 1703 3562 ξ
1852 3550 1861 3563 s
1914 3550 1949 3565 (η
2098 3536 2119 3563 ἰ
2462 3556 2467 3567 ι
2686 3564 2691 3570 _
3070 3552 3076 3563 ι

2496 3574 2499 3583 l

320 3600 495 3658 Variae
514 3614 739 3673 operum
753 3596 1008 3674 Cypriani
1032 3598 1298 3659 editiones
1322 3616 1444 3674 qua:
1478 3601 1531 3657 in
1555 3599 1692 3673 ipsis
1721 3599 2093 3674 typographia:
2133 3600 2474 3659 incunabulis
2498 3599 2774 3659 adornatas
2816 3617 2881 3660 ae
2904 3588 3089 3676 postea
3117 3606 3364 3678 pluribus
3387 3608 3441 3665 in
3473 3611 3552 3669 lo-
3602 3642 3611 3665 .

252 3696 335 3754 eis
363 3696 608 3768 repetitae
637 3704 786 3763 sunt,
838 3703 1037 3767 quanta
1060 3693 1263 3752 fuerint
1286 3695 1444 3767 hujus
1477 3695 1756 3768 scriptoris
1775 3694 1987 3768 legendi
2017 3695 2193 3751 studia
2221 3694 2517 3752 declarant.
2538 3694 2674 3752 Tres
2697 3696 3088 3768 antiquissimae
3132 3712 3502 3761 memorantur
3534 3723 3550 3761 :

248 3789 513 3858 Romana,
542 3805 631 3846 an.
655 3790 816 3853 M71,
846 3803 943 3860 per
960 3787 1265 3847 Conradum
1292 3789 1624 3847 Sweinbeim
1653 3798 1710 3847 et
1732 3788 2030 3846 Arnoldum
2058 3788 2342 3857 Pannartz;
2370 3788 2593 3857 Veneta,
2614 3805 2702 3846 an.
2731 3790 2865 3846 1471
2894 3832 2910 3860 ,
2937 3807 3033 3864 per
3061 3793 3399 3852 Vindelinum
3427 3798 3556 3871 Spi-

248 3899 497 3952 rensem;
526 3893 637 3940 tum
658 3899 779 3956 quae
798 3883 998 3941 dicitur
1015 3885 1354 3952 innominata,
1380 3885 1502 3956 quia
1529 3899 1629 3942 nec
1653 3884 1802 3941 urbis
1825 3899 1930 3942 nec
1954 3884 2269 3956 typograplti
2296 3898 2493 3941 nomen
2515 3883 2860 3956 adscriptum.
2894 3886 3144 3946 Testatur
3194 3891 3368 3948 editor
3411 3895 3558 3952 Oxo-

249 3977 454 4035 niensis
483 3993 635 4035 usum
673 3992 874 4034 seesse
900 3976 1069 4035 tribus
1089 3977 1409 4035 editionibus
1440 3995 1455 4032 :
1503 3995 1522 4029 ι
1556 3977 1639 4033 Ad
1668 3992 1887 4033 manum
1926 3976 2111 4044 habui,
2151 3995 2172 4030 ι
2216 3976 2408 4049 inquit,
2446 3995 2466 4030 ι
2498 3976 2763 4035 editiones
2795 3980 3208 4052 vetustissimas,
3239 3985 3551 4056 Spirensem

222 4074 374 4131 ‘anni
404 4074 562 4143 1171;
598 4071 1001 4141 innominatam,
1018 4073 1103 4129 cui
1120 4087 1219 4129 nec
1235 4072 1405 4145 patria
1423 4080 1665 4129 nectetas
1683 4071 1936 4142 alligitur,
1951 4086 2053 4128 nec
2075 4070 2349 4127 non~illam
2376 4070 2659 4131 Remboldi
2687 4073 2811 4128 anni
2828 4073 2989 4130 1512.
3005 4092 3024 4126 ι
3050 4074 3156 4132 Sed
3176 4087 3353 4136 tamen
3382 4083 3551 4141 editio

243 4168 343 4230 illa
370 4182 493 4240 quas
517 4166 778 4237 Spirensis
799 4166 956 4238 vulgo
976 4165 1191 4235 dicitur,
1218 4181 1325 4222 non
1363 4165 1553 4237 Spirat,
1582 4165 1678 4223 sed
1705 4163 1944 4221 Venetiis
1967 4179 2185 4233 excusa,
2244 4174 2303 4221 ut
2323 4165 2438 4235 jam
2465 4165 2821 4223 observarunt
2837 4168 3169 4227 eruditorum
3201 4177 3463 4245 nonnulli;
3493 4188 3553 4235 et

249 4276 437 4318 eorum
462 4262 653 4329 errori,
686 4262 778 4332 qui
803 4259 952 4317 illam
976 4259 1150 4332 Spira:
1172 4258 1499 4327 attribuunt,
1530 4258 1708 4316 locum
1737 4257 1885 4315 dedit
1908 4273 2102 4315 nomen
2140 4257 2402 4314 Vindelini
2433 4258 2727 4330 Spirensis,
2760 4275 2792 4316 a
2822 4278 2929 4333 quo
2957 4264 3192 4334 perfecta
3240 4266 3343 4325 fuit
3412 4288 3555 4330 anno

250 4353 415 4410 1171.
446 4353 577 4409 Nam
626 4352 862 4410 Joannes
888 4351 1158 4424 Spirensis
1185 4359 1429 4407 mortuus
1477 4358 1561 4407 est
1608 4349 1851 4407 Venetiis
1880 4365 2021 4406 anno
2043 4350 2206 4416 M70,
2245 4350 2472 4421 ejusque
2499 4351 2682 4408 ol'lieio
2708 4362 2765 4409 et
2794 4352 3069 4412 laboribus
3099 4358 3151 4413 in
3177 4360 3363 4417 eadem
3419 4364 3555 4422 urbe

192 4446 197 4449 “
247 4452 511 4507 successit
539 4448 702 4505 frater
730 4447 1068 4515 Vindelinus,
1100 4445 1184 4502 cui
1206 4444 1434 4517 proinde
1450 4443 1679 4501 debetur
1709 4443 1824 4500 luteo
1850 4443 2033 4500 editio.
2061 4443 2119 4499 id
2156 4452 2302 4515 patet
2325 4458 2393 4502 ex
2416 4444 2501 4503 bis
2538 4446 2800 4517 versibus,
2825 4450 2919 4519 qui
2948 4451 3015 4507 ad
3044 4452 3246 4513 calcem
3296 4457 3555 4517 editionis

247 4544 508 4603 librorum
524 4543 589 4598 de
620 4540 834 4599 Ciuitate
861 4540 956 4599 Dei
976 4539 1044 4596 ab
1059 4538 1248 4598 eodem
1277 4536 1562 4595 Vindelino
1580 4535 1856 4594 adornata:
1879 4535 2128 4608 leguntur
2159 4553 2173 4590 :
2300 4578 2301 4583 η
2460 4570 2465 4577 .
2516 4556 2520 4567 ~

1226 4676 1318 4738 Qui
1340 4676 1509 4726 docuit.
1529 4672 1753 4725 Venetos
1774 4672 1993 4726 exscribi
2014 4682 2158 4737 posse
2180 4670 2399 4727 Joannes

1214 4761 1390 4814 Mense
1407 4760 1518 4812 fere
1549 4760 1681 4810 trino
1704 4767 1915 4811 centena
1932 4755 2182 4809 volumina
2216 4758 2368 4819 Plini,

1208 4848 1270 4899 Et
1291 4844 1499 4899 totidem
1518 4842 1948 4909 magniCieeronis
1962 4842 2106 4907 Spira
2128 4842 2341 4905 libellos,
2412 4852 2417 4857 '
2476 4860 2485 4866 ί
2528 4851 2535 4857 λ
2610 4855 2614 4865 τ

1214 4931 1443 4997 (Imperat
1464 4928 1680 4992 Aurelii;
1703 4928 1865 4979 subita
1886 4926 1976 4979 sed
1998 4930 2158 4978 morte
2180 4930 2469 4993 peremptus

1209 5017 1316 5069 Non
1339 5017 1500 5082 potuit
1519 5012 1735 5080 coeptum
1755 5012 1968 5065 Venetis
1982 5010 2125 5062 ﬁnire
2139 5011 2381 5064 laborem.
2460 5048 2468 5057 .

1206 5100 1501 5153 Vindelinus
1521 5098 1664 5150 adest
1685 5095 1917 5171 ejusdem.
1934 5093 2092 5147 frater
2116 5098 2172 5147 et
2193 5102 2303 5147 arte
2340 5132 2343 5135 .
2438 5125 2481 5157 τ,

1216 5184 1323 5237 Non
1343 5185 1526 5248 minor;
1552 5181 1890 5245 Hadriacaque
1908 5178 2184 5231 morabitur
2204 5178 2352 5230 urbe.
2394 5238 2399 5245 _
2470 5225 2497 5233 ..

2032 5312 2101 5365 ιζ
2116 5312 2259 5362 cecc.’
2284 5320 2401 5361 axx.

250 5429 340 5519 Ex
370 5458 453 5516 his
480 5454 713 5514 maxime
733 5408 956 5513 dubium
980 5449 1192 5529 videtur
1216 5404 1359 5521 quod
1383 5448 1494 5527 ait,
1520 5452 1645 5517 p‘ost
1665 5402 1960 5500 nonnullos
1976 5432 2143 5511 alios,
2185 5410 2431 5498 eruditus
2459 5448 2647 5499 auctor
2661 5442 2941 5502 Annalium
2970 5444 3298 5521 Typograph.
3340 5459 3469 5510 tom.
3507 5471 3549 5524 ι,

249 5551 597 5613 Vindelinum
620 5550 672 5606 in
698 5545 1040 5617 Germaniam
1089 5541 1287 5597 abiisse
1312 5550 1366 5596 et
1399 5553 1541 5596 anno
1564 5538 1700 5594 1571
1729 5534 2005 5595 Bartltoldi
2030 5550 2196 5608 opera
2221 5534 2295 5593 ibi
2313 5533 2569 5594 edidisse.
2597 5536 2865 5597 Recenset
2900 5538 3042 5597 idem
3063 5542 3296 5615 scriptor
3325 5546 3493 5608 libros
3520 5567 3554 5608 a

247 5645 537 5703 Vindelino
562 5643 800 5701 Vetteliis
828 5656 956 5696 ann.
983 5636 1213 5711 1572111
1236 5632 1374 5690 1577
1401 5632 1611 5715 editos;

530 5665 537 5696 »
562 5643 800 5701 chetiis
828 5656 956 5696 ann.
983 5636 1213 5711 1572131
1236 5632 1374 5690 1577
1401 5632 1611 5715 editos;
1956 5666 1961 5673 .
2148 5651 2150 5655 ι

321 5739 530 5798 Ρινοιιίἰι
557 5739 796 5805 Parisiis,
819 5751 960 5794 anno
983 5733 1147 5812 1512,
1175 5731 1279 5787 alia
1299 5729 1463 5789 editio
1494 5741 1716 5802 Operam
1746 5726 2000 5801 Cypriani
2025 5740 2092 5784 ex
2117 5724 2468 5801 typograpbia
2493 5727 2731 5786 Bertoldi
2774 5726 3041 5786 Rembolti
3071 5739 3127 5787 et
3153 5729 3378 5793 Joannis
3421 5735 3553 5795 Wa-

248 5836 465 5895 terloes.
500 5836 858 5891 Accesseruut
886 5833 940 5887 in
963 5830 1066 5886 hac
1091 5827 1327 5884 editione
1345 5822 1644 5883 Cardinalia
1665 5820 1857 5879 Christi
1890 5821 2083 5893 Opera,
2117 5821 2389 5894 Expositio
2430 5823 2487 5877 in
2526 5822 2813 5894 symbolum
2841 5823 3205 5894 Apostolorum
3257 5838 3313 5885 et
3368 5828 3555 5887 Passio

249 5932 314 5991 S.
337 5927 608 6006 Cypriani;
632 5927 771 5982 libro
801 5927 915 5981 sive
940 5921 1163 5995 epistola
1188 5921 1251 5976 de
1269 5915 1609 5987 Aleatoribns,
1638 5924 1692 5973 et
1717 5914 1838 5972 aliis
1860 5913 2133 5972 nonnullis
2160 5928 2277 5987 qua:
2301 5913 2368 5972 ad
2395 5912 2699 5977 Robertunl
2720 5912 3074 5987 Fortunatum
3102 5919 3269 5976 missa
3297 5920 3507 5978 fuerant
3533 5964 3551 5994 ,

608 6018 689 6083 S.
717 6019 1052 6083 Crrnlaxz.
1096 6014 1200 6075 lV.
3046 6012 3076 6073 1
