4102 6458
509 428 574 484 ιι
1948 400 2339 479 pataram.
3746 417 3817 476 re

509 542 564 595 in
590 539 731 594 aliud
760 546 970 611 tempus
1013 537 1246 610 rejectis.
1271 538 1321 593 Is
1350 536 1489 593 enim
1519 535 1784 593 Robertus
1808 522 2133 592 Fortunatus
2159 534 2491 609 provinciam
2518 536 3078 609 recognoscendorum
3109 535 3358 610 Cypriani
3387 549 3610 611 cperam
3640 550 3823 595 susce-

502 634 619 703 pit;
653 632 739 688 vel
762 633 969 702 potius,
996 641 1061 687 ut
1087 632 1201 703 ipse
1238 639 1463 687 testatur
1493 631 1543 685 in
1562 630 1784 702 cpistola
1814 629 2197 705 mntcupatoria
2222 630 2289 691 ad
2312 629 2587 686 Ruricium
2614 630 2954 697 Blcsensem,
2991 630 3165 686 virum
3192 630 3542 697 senatorium,
3602 643 3669 684 eo
3728 638 3823 684 aut

506 724 828 781 lectionibus
848 732 938 780 aut
958 724 1119 780 rebus
1148 724 1496 779 familiaribus
1526 731 1807 794 occupato,
1834 720 2154 785 Guilielmtts
2198 720 2425 785 Peleius
2453 739 2476 776 ι
2522 737 2657 795 opus
2688 723 2896 794 insigne
2930 722 3143 793 relegit,
3165 722 3487 778 emaculavit
3518 764 3533 789 ,
3563 731 3619 777 et
3646 736 3844 777 annor

503 816 797 873 tationibus
818 816 1133 887 quibusdam
1155 832 1261 872 non
1293 813 2020 887 negligendisdpcorumque
2046 814 2230 871 Biblia'.
2254 823 2309 870 et
2347 814 2578 870 aliorum
2609 815 2974 883 eiutionibus,
2998 816 3104 882 vel,
3141 823 3200 871 ut
3222 816 3390 883 aiunt,
3418 815 3821 886 quotationibus

504 911 572 967 ad
594 912 888 983 marginem
916 910 1237 983 perpulchre
1261 910 1536 983 multoque
1561 924 1681 965 cum
1706 909 1891 965 labore
1908 908 2127 963 donavit
2153 926 2169 963 :
2206 927 2226 962 ι
2259 918 2381 980 post
2402 909 2682 980 epistolam
2730 912 3195 982 nuncupatoriam,
3241 911 3342 965 alia
3362 909 3429 965 ab
3457 908 3645 965 eodem
3679 908 3818 963 Fer-

502 1012 689 1061 tunato
724 1006 963 1077 apposita
997 1016 1099 1074 est,
1121 1021 1240 1085 qua:
1255 1005 1322 1065 de
1345 1005 1575 1069 utilitate
1602 1005 1857 1061 librorum
1877 1002 2149 1076 Cypriani,
2183 1018 2247 1060 ac
2270 1003 2335 1060 dc
2356 1004 2471 1076 ejus
2488 1004 2794 1079 eloquentia
2825 1015 3138 1079 pertractat,
3164 1022 3285 1061 eum
3304 1005 3406 1061 hac
3432 1005 3778 1076 inscriptione
3803 1020 3819 1059 :

502 1097 565 1154 C.
595 1115 663 1155 ne
699 1099 760 1154 P.
789 1099 990 1156 εἰλεοηο
1019 1099 1377 1166 (ἶιιιιεοιηιιιιο,
1410 1113 1513 1154 cm
1546 1096 1787 1163 Vest-:10,
1818 1111 2060 1152 saeursn
2082 1112 2122 1152 ιι]

2196 1093 2543 1169 ιηοωιειιιιῐι,
2577 1096 2691 1152 hare
2720 1096 2884 1152 editio
2904 1100 3034 1154 satis
3051 1108 3293 1154 accurata
3316 1106 3415 1161 est,
3440 1111 3504 1152 ac
3532 1097 3584 1151 in
3615 1096 3816 1165 multis,

494 1209 631 1265 qua:
666 1208 948 1265 perperam
986 1193 1040 1248 in
1071 1194 1418 1263 sequentibus
1447 1190 1767 1247 cditienibus
1796 1199 1995 1246 mutata
2024 1189 2254 1259 fuerant,
2286 1204 2408 1245 cum
2443 1189 2719 1246 codicibus
2742 1206 2873 1246 mss.
2908 1193 3199 1247 consentit.
3230 1190 3641 1245 DicitErasmus
3662 1204 3819 1244 usum

494 1301 558 1342 sc
574 1301 694 1344 esse
720 1305 739 1338 ι
764 1286 1013 1357 prtesidio
1041 1289 1198 1341 trium
1215 1285 1533 1353 editionum,
1551 1284 1945 1354 Romanm,qua
1973 1284 2104 1339 nihil
2130 1283 2261 1349 vidi,
2278 1304 2298 1339 ι
2327 1284 2519 1356 inquit,
2562 1303 2580 1336 ι
2604 1285 2963 1356 depravatius,
2981 1296 3033 1342 ct
3050 1296 3225 1345 tamen
3242 1285 3357 1342 lucc
3377 1285 3567 1341 alicubi
3600 1284 3814 1355 profuit;

499 1379 777 1451 cujusdam
817 1380 1060 1446 alterius,
1091 1380 1244 1449 cujus
1276 1379 1461 1435 titulus
1487 1376 1704 1443 excidit,
1738 1386 1791 1434 ct
1818 1377 2083 1433 Badianac.
2116 1398 2135 1431 ι
2163 1377 2342 1433 Editio
2364 1378 2469 1445 illa,
2493 1394 2651 1450 quam
2682 1379 2937 1435 Erasmus
2959 1380 3313 1436 celeberrimo
3334 1379 3502 1435 Badio
3534 1379 3816 1449 attribuit,

496 1474 685 1531 eadem
717 1474 929 1531 videtur
953 1487 1074 1530 esse
1093 1487 1157 1529 ac
1173 1472 1474 1540 Rembelti;
1508 1471 1759 1529 observat
1786 1472 1926 1529 cnim
1955 1472 2213 1531 Erasmus
2241 1472 2435 1528 librum
2461 1471 2524 1525 de
2541 1473 2891 1535 cardinalibus
2919 1470 3110 1528 Christi
3150 1473 3387 1544 operibus
3442 1493 3461 1525 ‹
3518 1473 3570 1527 in
3626 1472 3819 1527 editio-

497 1584 565 1625 ne
590 1568 822 1625 Badiana
844 1578 1148 1640 separatum
1172 1568 1355 1627 haberi
1387 1583 1416 1623 a
1438 1566 1648 1638 reliquo
1671 1566 1979 1622 volumine:
2013 1585 2031 1619 ι
2062 1566 2112 1621 id
2134 1565 2277 1637 quod
2304 1566 2487 1621 vidcrc
2506 1576 2591 1622 est
2611 1568 2663 1622 in
2708 1566 2977 1623 Rcmbolti
3008 1565 3381 1637 editione,qua
3409 1566 3521 1636 jam
3566 1559 3824 1620 absoluta

495 1663 599 1721 hoc
624 1679 759 1735 opus
774 1662 1060 1736 separatim
1086 1662 1325 1718 additum
1357 1660 1473 1716 fuit.
1502 1659 1620 1716 Alia
1649 1658 1835 1727 editio,
1876 1660 2028 1735 cujus
2060 1660 2244 1716 titulus
2274 1660 2548 1716 exciderat
2574 1703 2588 1728 ,
2632 1659 2770 1716 forte
2808 1660 2995 1716 eadem
3021 1661 3119 1715 fuit
3162 1675 3225 1715 ac
3277 1661 3625 1715 inneminata.
3659 1661 3813 1727 Quod

502 1764 712 1825 spectat
751 1754 819 1809 ad
870 1755 1203 1821 Romanam,
1237 1763 1464 1810 testatur
1487 1752 1793 1808 Fridericus
1819 1752 2315 1808 Rheinartususum
2337 1769 2395 1809 se
2419 1769 2537 1809 csse
2565 1773 2582 1805 ι
2613 1753 2871 1809 ambabus
2900 1754 3005 1809 illis
3033 1769 3098 1809 ex
3140 1754 3351 1827 inclyta:
3375 1754 3680 1824 reipublicae
3706 1755 3815 1810 No-

491 1848 825 1921 ribergcnsis
862 1848 1193 1904 bibliotheca
1219 1846 1723 1903 benevolentissimc
1750 1845 2162 1901 communicatis
2188 1861 2409 1917 cperunt
2437 1846 2685 1919 Cypriani
2718 1845 3061 1913 editionibus,
3087 1860 3228 1900 anno
3278 1845 3387 1915 jam
3432 1854 3540 1899 tum
3567 1861 3623 1900 ιι.
3655 1861 3806 1903 cccc.

491 1956 644 2009 Lxxr,
690 1950 815 1998 ante
844 1941 1224 2013 typograpbica
1250 1941 1338 1995 vix
1365 1939 1545 1995 adulta
1568 1937 1766 2010 publici
1792 1938 1929 2009 juris
1960 1938 2132 2006 laetis,
2190 1940 2456 2008 Romana,
2502 1940 2644 1996 haud
2677 1941 2841 1997 dubie
2868 1940 3085 1997 diversa
3106 1939 3174 1995 ab
3201 1940 3289 1996 illa
3318 1955 3421 2011 qua
3451 1939 3614 1995 Henr.
3674 1940 3812 1996 Cra-

488 2033 609 2087 vius
635 2032 687 2087 in
718 2032 847 2088 edit.
870 2033 1055 2089 Colon.
1090 2046 1234 2087 anno
1262 2032 1425 2098 1541,
1445 2039 1648 2102 prrcter
1674 2029 1964 2085 Badianam
1993 2031 2283 2102 quamdam
2305 2043 2359 2088 et
2383 2034 2566 2102 aliam,
2591 2049 2747 2089 nsum
2772 2049 2829 2090 se
2856 2049 2978 2089 83ιο
3009 2077 3023 2102 ,
3072 2033 3203 2089 nihil
3250 2042 3429 2089 autem
3458 2033 3805 2105 depravatius

493 2126 694 2184 vidisse
717 2127 926 2193 scribit,
956 2135 1011 2182 et
1032 2125 1291 2197 Spirensi.
1320 2122 1673 2196 cujusartil‘cx
1702 2121 2016 2180 Viodelinus
2041 2124 2258 2196 quidam
2280 2125 2543 2181 laudatur.
2575 2145 2597 2182 ο
2627 2126 2879 2183 Cravium
2909 2142 3031 2183 cum
3083 2126 3309 2181 Erasmo
3359 2125 3643 2183 confundit
3676 2127 3809 2184 Rei-

492 2229 698 2288 nartos;
728 2234 829 2276 nec
856 2219 1107 2290 cuiquam
1139 2217 1294 2275 facile
1324 2217 1572 2288 probabit
1590 2218 1886 2275 Romanam
1912 2216 2208 2275 editionem
2237 2221 2365 2275 anni
2392 2221 2553 2289 1171,
2594 2237 2694 2293 qua
2718 2237 2875 2277 usum
2906 2237 2965 2279 se
2998 2236 3122 2278 esse
3167 2221 3317 2290 dicit,
3372 2221 3640 2280 diversam
3684 2238 3807 2281 esse

489 2315 559 2371 ab
584 2329 646 2371 ea
678 2327 837 2385 quam
866 2312 1126 2368 Erasmus
1151 2319 1564 2367 commemorat.

556 2408 836 2475 Erasmus,
868 2402 958 2479 qui
990 2415 1068 2463 tot
1096 2414 1402 2462 sanctorum
1428 2402 1641 2461 Patrum
1671 2404 1999 2462 editionibus
2024 2406 2281 2476 praeiere
2307 2407 2373 2462 de
2401 2421 2461 2462 re
2486 2407 2849 2464 ecclesiastica
2874 2416 2929 2463 et
2960 2407 3221 2465 litterario
3249 2407 3473 2465 meritus
3501 2416 3605 2476 est,
3638 2421 3790 2463 suam

480 2504 538 2560 in
563 2502 831 2575 Cypriane
862 2516 1081 2574 operam
1110 2515 1219 2557 non
1247 2515 1438 2572 passus
1466 2508 1553 2556 est
1570 2498 1885 2555 desiderari.
1915 2499 2139 2566 Ptodiit,
2174 2516 2239 2556 co
2264 2510 2573 2569 accnrante,
2601 2484 3001 2573 Cyprianusan.
3033 2500 3193 2568 1520,
3214 2501 3457 2568 Basilere,
3484 2500 3578 2556 fol.
3602 2515 3673 2557 ex
3718 2502 3801 2556 ol-

484 2600 638 2655 licina
665 2597 1023 2662 Frobeniana,
1042 2594 1136 2652 sed
1159 2595 1330 2650 multo
1350 2609 1509 2666 quam
1536 2594 1589 2648 in
1617 2594 1987 2663 superioribus
2011 2593 2337 2650 editionibus
2367 2595 2703 2666 locupletior.
2739 2595 2947 2652 Primus
2979 2594 3122 2650 enim
3152 2596 3204 2650 in
3238 2595 3417 2651 lucem
3443 2594 3614 2650 edidit
3641 2594 3804 2651 Eras-

479 2692 829 2749 muslitteras
856 2690 923 2746 de
945 2689 1211 2745 haereticis
1239 2687 1572 2759 baptizandis
1593 2686 1663 2741 ad
1688 2687 1953 2756 Quintum,
1986 2688 2055 2742 ad
2095 2687 2411 2743 Jubaiamtm
2440 2697 2495 2743 et
2519 2688 2588 2742 ad
2616 2687 2938 2760 Pompeium,
2974 2689 3071 2745 lib.
3101 2690 3317 2745 tertium
3343 2688 3762 2745 Testimoniorum
3788 2734 3805 2759 ,

481 2800 548 2841 ac
569 2786 864 2840 sententias
886 2782 1264 2853 episcoporum
1319 2780 1371 2834 in
1402 2779 1633 2835 concilio
1682 2777 2092 2851 Carthaginiensi
2139 2781 2298 2836 tertio
2331 2800 2345 2835 :
2392 2780 2632 2851 ejusdem
2671 2782 2960 2854 diligentia:
2989 2783 3260 2838 debentur
3289 2795 3398 2838 tres
3428 2793 3703 2847 tractatus,
3734 2785 3799 2839 de

480 2877 657 2934 Laude
688 2876 947 2947 Martyrii,
970 2874 1033 2929 de
1058 2872 1344 2943 Disciplina
1372 2882 1428 2928 et
1452 2870 1598 2926 Bono
1619 2870 1912 2938 Pudicitia,
1942 2880 1997 2927 et
2025 2873 2093 2927 ad
2120 2871 2472 2927 Nooatianum
2503 2873 2838 2941 htcreticum,
2865 2890 3001 2945 quos
3030 2885 3085 2930 et
3110 2876 3153 2929 si
3182 2875 3453 2947 Cypriane
3499 2870 3811 2947 abjndidant

480 2972 722 3043 plerique
748 2968 945 3035 critici,
967 2981 1129 3023 nemo
1158 2974 1340 3022 tamen
1371 2964 1774 3035 antiquissimos
1794 2972 1851 3019 et
1886 2963 2157 3037 Cypriane
2175 2966 2366 3038 dignos
2396 2967 2689 3038 negaverit.
2718 2967 2811 3023 llis
2838 2968 3104 3037 adjuncta:
3131 2969 3347 3025 fuerunt
3379 2970 3502 3025 duae
3525 2973 3804 3026 orationes

487 3065 757 3138 Cypriane
782 3061 995 3118 afﬁctaa.
1029 3058 1507 3124 Sensit‘Erasmus,
1535 3058 1618 3113 vir
1645 3065 1910 3113 emunctae
1932 3056 2102 3124 naris,
2129 3057 2246 3114 haec
2274 3073 2440 3129 opera
2487 3074 2593 3113 non
2625 3074 2747 3114 esse
2794 3059 3079 3131 Cypriani;
3111 3061 3232 3124 sed,
3269 3062 3415 3132 quod
3445 3063 3577 3117 satis
3625 3043 3812 3118 mirari

487 3177 596 3217 non
627 3172 867 3230 possum,
892 3154 1037 3211 aliud
1061 3170 1217 3225 opus,
1243 3153 1395 3226 cujus
1422 3162 1611 3208 auctor
1638 3151 1954 3217 Diocletiani
1983 3161 2038 3209 et
2060 3152 2188 3209 belli
2218 3153 2477 3209 adversus
2495 3152 2700 3209 Turcas
2727 3155 2990 3219 meminit,
3026 3155 3164 3209 inter
3192 3156 3527 3211 certissimos
3551 3155 3810 3228 Cypriani

481 3257 641 3313 laetus
670 3252 917 3317 ascribit;
941 3250 1135 3307 librum
1163 3249 1284 3305 dice
1304 3248 1368 3303 de
1392 3247 1603 3318 Duplici
1635 3247 1887 3319 Martyrio
1915 3248 1984 3302 ad
2011 3246 2353 3303 Fortunatam
2377 3265 2395 3313 ;
2419 3263 2529 3318 quo
2554 3248 2772 3303 invento
2790 3249 2940 3303 visus
2963 3257 3044 3303 est
3066 3248 3189 3313 sibi,
3214 3250 3258 3303 si
3298 3251 3345 3305 ci
3374 3250 3662 3317 credimus,
3692 3268 3813 3308 ma-

490 3365 653 3422 gnum
677 3342 960 3419 quemdam
984 3342 1293 3400 thesaurum
1312 3341 1612 3397 invenisse:
1645 3360 1664 3393 ι
1696 3340 1849 3396 Hunc
1876 3339 1930 3395 in
1958 3339 2341 3405 vetustissima,
2369 3359 2388 3393 ι
2416 3340 2603 3412 inquit,
2641 3358 2659 3392 ι
2684 3340 3006 3397 bibliotheca
3036 3350 3307 3412 repertum
3331 3342 3668 3413 adjecimus;
3705 3346 3814 3400 uti-

497 3458 621 3498 nam
654 3450 705 3498 et
735 3440 897 3495 liceat
919 3445 1111 3494 caetera
1150 3434 1309 3506 hujus
1333 3433 1435 3489 viri
1467 3432 1735 3489 salutifera
1757 3432 1955 3504 scripta
1983 3433 2379 3505 pervestigare!
2408 3453 2428 3487 ι
2463 3432 2570 3489 Sed
2613 3432 2772 3504 hujus
2803 3433 2922 3489 libri
2971 3434 3233 3490 nrtillccm
3260 3450 3382 3491 esse
3411 3436 3714 3501 Erasmum,
3738 3453 3807 3494 ac
3850 3498 3857 3505 ,

486 3536 685 3610 ingenii
703 3534 786 3590 sui
813 3548 949 3605 opus
975 3530 1245 3604 Cypriane
1271 3527 1572 3585 subdidisse
1598 3528 1908 3599 pronuntiat
1935 3527 2195 3584 Henricus
2216 3527 2465 3595 Gravius,
2493 3528 2582 3582 cui
2611 3526 2824 3583 videtur
2870 3529 2970 3583 hac
3011 3529 3061 3583 in
3106 3544 3163 3584 rc
3188 3529 3456 3585 Pamelius
3515 3530 3800 3595 assentiri,

494 3630 655 3686 Certe
681 3630 937 3683 hactenus
966 3640 1067 3681 nec
1094 3623 1440 3690 bibliotheca,
1468 3632 1669 3693 ex'qua
1700 3621 1847 3678 hunc
1870 3620 2063 3678 librum
2090 3622 2232 3679 eruit
2259 3622 2537 3691 Erasmus,
2569 3622 2781 3695 cognita
2813 3623 3063 3694 cuiquam
3088 3622 3186 3679 fuit
3210 3641 3224 3691 ;
3258 3640 3357 3682 nec
3405 3625 3575 3681 codex
3600 3641 3708 3697 quo
3732 3640 3798 3682 sc

494 3738 652 3778 usum
673 3736 793 3778 esse
818 3719 1037 3786 indicat,
1070 3716 1381 3789 cujusquam
1408 3717 1462 3771 in
1494 3730 1685 3771 manus
1707 3716 1973 3786 pervenit.
2004 3717 2070 3771 Et
2100 3728 2189 3772 res
2213 3724 2268 3772 et
2292 3716 2458 3773 verba
2476 3716 2677 3789 stylum
2703 3717 2911 3773 Erasmi
2940 3717 3220 3786 redolent;
3252 3728 3325 3788 ct,
3354 3720 3496 3791 quod
3525 3720 3792 3792 suspicie-

497 3834 620 3874 ncm
645 3825 825 3887 auget,
850 3812 1106 3871 nonnulla
1135 3811 1432 3881 Scriptura:
1454 3810 1783 3877 testimonia,
1817 3818 1874 3864 ut
1901 3808 2158 3865 observat
2184 3810 2479 3877 Pamelius,
2510 3810 2585 3864 ita
2610 3824 2830 3881 prorsus
2858 3811 2909 3865 in
2942 3810 3044 3866 hoc
3076 3812 3231 3880 libro,
3271 3822 3328 3868 ιιι
3358 3813 3409 3867 in
3438 3814 3560 3869 aliis
3592 3811 3803 3867 Erasini

479 3912 969 3970 clucubrationibus
998 3909 1316 3967 redduntur.
1344 3907 1469 3964 Haec
1484 3905 1650 3963 editio
1663 3921 1806 3977 sepe
1829 3907 2052 3977 repetita
2077 3908 2239 3961 variis
2265 3906 2319 3961 in
2342 3906 2492 3973 locis,
2522 3915 2579 3961 ut
2606 3906 2828 3962 Basilem
2853 3907 2992 3978 apud
3021 3908 3269 3963 eumdem
3296 3908 3620 3964 Frobcnium
3646 3923 3787 3962 anne

485 4004 833 4073 1525,1558,
866 4004 989 4069 fol.,
1026 4003 1174 4059 addit
1199 4000 1478 4057 Fabricius
1500 3999 1658 4066 1510,
1681 3999 1796 4068 iol.,
1834 4008 1891 4055 ut
1915 3999 2101 4054 Coloni

2186 3998 2342 4067 1525',
2374 3999 2543 4065 15H;
2578 4009 2634 4054 ut
2662 3999 2906 4071 Lugduni
2932 4001 3091 4068 l528,
3122 4001 3279 4068 1557,
3316 4001 3475 4069 1514,
3506 4002 3666 4068 1551,
3690 4001 3796 4056 Pa-

490 4101 636 4156 risiis
659 4099 817 4155 1511.
845 4098 953 4155 Sed
979 4096 1151 4172 dehis
1177 4095 1339 4152 rebus
1357 4102 1466 4149 tam
1491 4108 1677 4165 parum
1708 4092 1958 4149 convenit
1981 4092 2121 4149 inter
2147 4107 2242 4148 eos
2270 4092 2361 4163 qni
2407 4093 2700 4164 scriptores
2722 4094 3117 4149 ecclesiasticos
3145 4108 3488 4159 rccensuere,
3522 4104 3611 4150 aut
3634 4093 3802 4150 libro-

483 4207 604 4248 rum
630 4201 847 4250 temere
862 4190 1157 4262 cataloges,
1176 4187 1310 4243 nihil
1336 4195 1395 4243 ut
1408 4198 1559 4243 certo
1579 4194 1816 4243 statuere
1842 4186 2031 4256 possit,
2056 4186 2162 4241 nisi
2191 4186 2279 4256 qui
2305 4185 2403 4240 has
2423 4200 2614 4241 omnes
2629 4186 2893 4242 editiones
2914 4190 3085 4244 oculis
3104 4189 3217 4244 suis
3244 4189 3464 4259 viderit,
3498 4189 3644 4261 quod
3665 4189 3802 4246 mihi

489 4285 666 4342 fateor
693 4298 789 4339 usu
815 4299 927 4339 non
950 4283 1186 4339 venisse.
1229 4280 1375 4336 Inter
1398 4280 1496 4335 has
1524 4288 1701 4335 autem
1736 4279 2000 4336 editiones
2036 4280 2260 4351 insignis
2301 4279 2390 4335 illa
2415 4290 2497 4336 est
2524 4295 2587 4337 ac
2613 4283 2886 4353 prmcipue
2924 4283 3291 4350 memoranda,
3325 4299 3485 4355 quam
3539 4283 3805 4339 Henricus

485 4378 713 4433 Gravius
735 4376 1078 4432 doctissimus
1104 4362 1486 4429 Dominicanus
1500 4386 1642 4426 anno
1671 4370 1809 4426 15M
1835 4371 2069 4426 Coloniae
2089 4371 2284 4426 dicitur
2307 4385 2626 4438 accurasse;
2657 4374 2751 4430 sed
2783 4386 2964 4431 monet
2994 4376 3240 4431 Baluzius
3284 4376 3337 4429 in
3390 4376 3536 4431 notis
3559 4374 3638 4449 (p.
3663 4374 3801 4448 281)

486 4472 625 4528 hanc
643 4471 932 4527 editionem
950 4484 1056 4525 non
1083 4468 1151 4525 ab
1172 4467 1289 4539 ipse
1307 4466 1505 4524 Cravio
1530 4465 1842 4520 adornatam
1898 4464 2083 4531 fuisse,
2108 4466 2203 4522 sed
2245 4465 2313 4522 ab
2342 4465 2467 4531 alio,
2500 4466 2589 4538 qui
2620 4483 2748 4523 usus
2773 4468 3100 4539 cstquodam
3145 4468 3439 4539 exemplari
3466 4469 3632 4535 edite,
3658 4467 3802 4524 Cra-

478 4568 547 4621 vii
576 4566 768 4636 partim
799 4564 1155 4634 conjecturas,
1189 4561 1379 4631 partim
1406 4575 1472 4615 ex
1493 4559 1678 4615 codice
1705 4573 1834 4613 mss.
1864 4560 2040 4613 varias
2063 4559 2328 4615 lectiones
2388 4559 2459 4614 ad
2510 4562 2806 4632 marginem
2840 4563 3167 4619 continente.
3220 4564 3487 4617 Recensct
3525 4562 3800 4618 Fabricius

482 4658 745 4721 editiones
787 4654 1041 4728 Cypriani
1089 4668 1313 4724 operum
1364 4652 1602 4708 Coloniae
1628 4665 1769 4706 anno
1802 4649 1964 4717 1520,
1994 4650 2133 4722 apud
2163 4651 2453 4711 Henricum
2486 4654 2833 4722 Alopecium;
2863 4653 3102 4710 chetiis
3133 4670 3276 4709 anno
3308 4655 3465 4721 1317,
3490 4655 3800 4724 Antuerpim

482 4764 626 4806 anno
655 4746 788 4803 1511
817 4764 831 4800 :
860 4745 1059 4802 addere
1085 4744 1347 4815 potuisset
1374 4742 1538 4808 1312,
1560 4740 1699 4812 apud
1726 4740 1994 4805 Joannem
2020 4739 2308 4799 Crinitum.
2340 4741 2561 4801 Thema:
2588 4742 2807 4801 .lamcsii
2840 4744 3161 4815 Cyprianum
3194 4745 3492 4800 redivivum
3544 4744 3796 4813 Londini,

485 4843 645 4908 1600,
669 4847 915 4895 numerat
936 4837 1077 4893 idem
1103 4835 1402 4901 Fabricius,
1427 4833 1517 4905 qui
1546 4843 1601 4889 et
1628 4833 1696 4889 de
1726 4833 1809 4888 his
1835 4833 1998 4895 rebus
2022 4842 2075 4891 ct
2098 4832 2166 4888 de
2194 4833 2259 4889 iis
2286 4850 2312 4889 a
2336 4834 2530 4907 quibus
2560 4833 2865 4907 Cyprianus
2891 4838 3191 4893 vernaculis
3214 4837 3409 4910 linguis
3447 4838 3749 4894 illustratus
3780 4880 3797 4910 ,

487 4948 579 4993 aut
606 4934 862 4993 nonnulla
904 4932 1049 4988 illius
1076 4946 1239 5003 opera
1266 4931 1554 5002 separatim
1572 4929 1715 4986 edite
1735 4928 2101 4995 sunt,consuli
2122 4938 2318 5000 potest.

558 5026 825 5099 Quidquid
852 5040 919 5080 cx
944 5021 1197 5096 Cypriani
1223 5022 1475 5092 operibus
1501 5020 1681 5077 adhuc
1710 5022 1762 5076 in
1784 5020 2131 5078 bibliothecis
2157 5022 2374 5089 latebat,
2404 5022 2453 5078 id
2476 5022 2675 5080 Paulus
2696 5022 2961 5081 Manutius
2982 5034 3038 5081 et
3078 5026 3397 5083 Guillclmus
3418 5026 3673 5083 Morclius
3692 5036 3797 5086 tam

482 5132 733 5181 accurate
762 5119 1189 5191 collegerunt,ut
1214 5117 1347 5172 nihil
1380 5124 1499 5187 post
1518 5131 1611 5172 eos
1639 5124 1912 5185 repertum
1966 5115 2130 5172 fuerit
2159 5118 2302 5188 quod
2328 5118 2600 5189 Cypriane
2654 5126 2835 5188 posset
2871 5118 3105 5174 adscribi
3136 5139 3147 5173 :
3181 5120 3332 5175 Pauli
3371 5120 3591 5175 Manutii
3636 5137 3798 5191 opera

482 5219 654 5273 lucem
680 5214 929 5271 viderunt
952 5211 1086 5266 liber
1116 5211 1177 5263 de
1209 5210 1529 5280 Spectaculis
1581 5217 1635 5266 et
1692 5208 1941 5279 Epistula:
1988 5210 2041 5264 in
2087 5210 2276 5267 ordine
2312 5211 2555 5274 Pamclii.
2587 5212 3798 5284 5,",193536373950,58,59,60,78,80,

484 5309 672 5369 82.85.
703 5306 933 5363 Adhibiti
957 5313 1082 5359 sunt
1110 5301 1325 5358 codices
1354 5300 1701 5359 vetustissimi
1726 5302 1792 5367 ad
1818 5301 1957 5369 hanc
1983 5302 2297 5371 editionem,
2326 5321 2444 5375 qum
2467 5305 2655 5362 Romae
2681 5306 2882 5376 prodiit
2910 5307 3048 5378 apud
3073 5307 3298 5362 Paulum
3336 5308 3629 5363 Manutium
3657 5325 3800 5367 anno

486 5403 645 5459 1:365:
677 5400 986 5471 Nuncupata
1013 5396 1169 5454 estS.
1193 5394 1386 5463 Carolo
1415 5396 1707 5452 Borromco
1731 5397 1841 5467 qui,
1878 5408 1934 5452 ut
1957 5398 2152 5455 ibidem
2197 5408 2427 5455 testatur
2462 5400 2747 5469 Manutius,
2783 5411 2926 5457 totus
2969 5404 3023 5458 in
3053 5419 3172 5460 eam
3224 5418 3405 5457 curam
3436 5402 3751 5458 incubuerat
3778 5446 3795 5471 ,

494 5516 512 5546 ι
549 5504 605 5549 ιιι
624 5493 798 5547 omnia
820 5490 1071 5564 Cypriani
1088 5487 1305 5560 scripta,
1334 5488 1541 5543 mendis
1555 5497 1709 5543 antea
1735 5486 2050 5554 deformata,
2080 5491 2132 5546 in
2153 5501 2390 5548 veterem
2418 5492 2954 5566 illam,integritatem
2977 5509 3040 5550 ac
3061 5494 3315 5566 speciem,
3343 5494 3608 5549 accersito
3629 5494 3797 5551 etiam

488 5585 702 5642 Verona
728 5584 877 5639 mira:
904 5582 1183 5638 vetustatis
1205 5581 1519 5651 exemplari,
1547 5590 1794 5637 accurata
1818 5580 2101 5639 doctorum
2124 5585 2361 5640 virorum
2392 5585 2654 5641 industria
2672 5588 3106 5645 restituerentur.
3139 5606 3158 5640 ι
3212 5586 3506 5643 Transtulit
3541 5586 3796 5643 Morclius

489 5682 542 5737 in
568 5694 718 5735 suam
750 5671 1034 5733 editionem
1058 5688 1409 5747 qumcumque
1446 5674 1643 5729 Paulus
1665 5674 1926 5732 Manutius
1945 5691 1975 5733 c
2007 5675 2243 5732 tenebris
2267 5688 2507 5743 eruerat;
2539 5678 2728 5751 hisque
2754 5680 2960 5735 addidit
2987 5679 3241 5750 epistolas
3275 5679 3570 5735 Firmiliani
3591 5679 3658 5735 ad
3683 5677 3794 5752 Cy-

486 5775 754 5846 prianum,
774 5769 1000 5825 Cclcrini
1034 5769 1098 5825 ad
1129 5769 1420 5825 Lucianum
1449 5776 1504 5823 ct
1526 5767 1743 5823 Luciani
1790 5769 2219 5838 responsionem,
2256 5769 2539 5840 epistolam
2567 5771 2707 5826 Celsi
2739 5771 2805 5825 ad
2840 5770 3117 5841 Vigilium,
3177 5770 3351 5827 libros
3377 5771 3441 5826 de
3470 5771 3791 5827 Aleatoribus

484 5869 729 5923 adversus
752 5863 967 5930 Jttdtt’Os
986 5865 1071 5934 qui
1095 5864 1302 5917 insccn'i
1340 5871 1456 5918 sunt
1485 5860 1762 5926 Christum,
1792 5860 1855 5915 de
1880 5861 2147 5916 duodecim
2188 5862 2529 5917 Abttsionibus
2569 5863 2762 5929 sazculi,
2796 5861 3007 5916 Canam
3056 5859 3326 5933 Cypriani,
3379 5870 3429 5919 et
3459 5863 3694 5919 carmina
3726 5862 3783 5919 S.

485 5958 708 6032 Marlyri
737 5955 1027 6029 adscripta.
1065 5954 1265 6011 Prodiit
1292 5954 1456 6011 editio
1477 5967 1619 6011 anno
1654 5953 1784 6011 1564
1819 5970 1832 6022 ;
1866 5952 1981 6022 sed,
2014 5963 2301 6027 antequam
2333 5953 2580 6011 absofuta
2606 5961 2769 6023 esset,
2795 5954 3112 6010 immortuus
3164 5963 3247 6013 est
3273 5954 3396 6012 huic
3449 5954 3619 6014 labori
3646 5954 3781 6015 doc-
