4102 6444
274 398 334 456 i5
1740 396 2129 456 PRASFATIO.
3524 402 3592 458 14

275 517 518 575 tissimus
549 512 931 591 typographug
960 515 1027 573 de
1057 531 1116 572 re
1137 515 1492 573 ecclesiastica
1521 523 1574 572 et
1601 514 1858 570 litteraria
1897 514 2098 585 optime
2147 514 2389 580 meritus.
2446 514 2897 585 Nuncnpatoriam
2930 514 3214 585 epistulam
3262 513 3459 571 Carolo
3499 515 3573 571 ΙΧ

275 610 546 681 inscripsit
572 611 840 667 Adrianus
869 610 1172 667 Turnebus.
1201 610 1256 665 In
1287 624 1348 665 ea
1372 623 1549 679 regem
1581 606 2084 663 christianissimnm
2114 616 2362 677 precatur
2381 618 2438 662 ut
2461 608 2656 662 liberos
2683 615 2737 663 et
2767 622 2990 663 uxorem
3021 606 3252 673 Morelii,
3295 623 3432 679 quos
3480 608 3573 664 ille

271 705 459 775 inopes
500 706 809 777 reliquerat,
853 704 1224 761 benciicientia
1255 720 1350 760 sua
1372 703 1545 777 juvet,
1568 701 1872 774 aliquidque
1898 701 2190 772 elargiatur
2213 701 2279 756 ad
2305 718 2380 757 ars
2406 704 2662 770 alienum,
2702 704 2882 763 studio
2909 704 2981 760 de
3006 704 3280 773 republica
3321 705 3579 762 beneme-

273 796 423 852 rendi
453 807 809 865 contractum,
842 796 1091 852 luendum
1119 799 1278 868 atque
1312 795 1735 861 dissolvendum,
1759 810 1822 849 ac
1848 810 2020 851 annua
2044 794 2265 850 Morelio
2285 796 2353 851 ab
2381 796 2610 852 Henrico
2638 812 2765 868 rege
2795 799 3214 865 eonstitnta,sed
3238 799 3429 869 quibus
3454 816 3580 871 per-

273 890 379 949 frui
410 903 710 964 temporum
742 892 992 965 iniquitas
1009 907 1071 946 ac
1100 891 1275 947 aerarii
1303 889 1564 959 angustia:
1594 904 1698 943 non
1729 887 2105 960 permiserant,
2148 887 2439 943 liberaliter
2464 889 2671 944 resritui
2698 889 2881 960 jnbeat
2903 901 3061 961 atque
3091 893 3338 965 persolvi.

348 985 675 1060 Cyprianum
723 1002 829 1045 non
879 986 1025 1040 auxit
1054 984 1352 1050 Pamelius,
1400 983 1496 1039 sed
1525 982 1766 1053 pluribus
1794 982 1924 1039 locis
1954 996 2055 1053 epe
2086 982 2330 1037 codicum
2367 998 2496 1038 mss.
2531 983 2863 1049 emendavit,
2911 1000 3052 1040 novo
3106 986 3465 1054 Epistolarum
3517 998 3575 1043 et

279 1080 511 1137 aliorum
540 1095 762 1151 operum
789 1077 1005 1143 ordine,
1039 1076 1264 1133 eruditis
1289 1077 1453 1143 notis,
1502 1076 1609 1131 vita
1656 1091 1723 1131 ex
1768 1076 1934 1146 ipsius
1985 1074 2241 1146 operibus
2287 1076 2535 1144 collecta,
2562 1076 2826 1134 indicibus
2856 1079 3090 1149 copiosis
3127 1079 3427 1137 illustravit.
3459 1082 3568 1136 An-

281 1184 496 1242 tequam
534 1170 752 1227 llianutii
775 1180 829 1226 et
863 1168 1066 1224 Morclii
1108 1168 1371 1224 editiones
1404 1167 1712 1239 prodirent,
1742 1167 1851 1235 jam
1883 1168 2149 1223 Pamelins
2180 1175 2442 1224 statuerat
2487 1168 2629 1225 hunc
2677 1171 2913 1227 laborem
2964 1173 3272 1243 suscipere;
3326 1175 3419 1230 sed
3464 1174 3584 1245 ejus

280 1262 565 1319 consilium
595 1261 1006 1342 interpellarunt
1034 1260 1212 1315 studia
1246 1258 1542 1331 theologica
1574 1275 1637 1315 ac
1664 1259 1925 1330 profectio
1957 1261 2009 1315 in
2047 1260 2268 1315 Gallias.
2298 1260 2368 1316 At
2398 1262 2487 1317 ubi
2517 1262 2657 1325 vidit,
2691 1261 2825 1321 duas
2862 1265 2980 1323 illas
3010 1266 3275 1323 editiones
3295 1308 3309 1333 ,
3351 1282 3577 1339 sperans

283 1377 343 1418 se
372 1361 586 1417 illarum
617 1368 672 1416 et
695 1359 920 1416 aliarum
958 1358 1310 1414 vetustiorum
1353 1365 1406 1411 et
1435 1355 1678 1412 codicum
1709 1370 1841 1412 mss.
1868 1354 2120 1426 prmsidio
2168 1355 2370 1426 aliquid
2416 1357 2723 1413 accuratius
2749 1367 2803 1413 et
2832 1358 2944 1415 suis
2998 1361 3238 1417 numeris
3283 1360 3580 1418 absolutius

284 1456 561 1525 elaborare
589 1470 770 1527 posse,
797 1464 946 1510 tanto
972 1453 1138 1509 animi
1163 1452 1361 1508 ardere
1392 1451 1446 1509 in
1484 1466 1620 1521 opus
1650 1450 1915 1518 incubuit,
1970 1460 2027 1504 ut
2054 1450 2233 1506 omnia
2264 1451 2402 1523 typis
2434 1460 2642 1508 matura
2670 1464 2853 1511 essent
2902 1470 3047 1511 anno
3103 1456 3261 1521 1566;
3310 1458 3406 1514 sed
3448 1457 3580 1514 Bel-

283 1547 588 1621 gicimotus
608 1562 812 1603 moram
835 1548 1149 1605 attulerunt.
1188 1544 1398 1607 Prodiit
1430 1544 1643 1599 tandem
1683 1544 1798 1598 haec
1846 1543 2011 1598 editio
2055 1543 2365 1615 Antuerpiai
2408 1560 2550 1603 anno
2597 1546 2756 1613 4568;
2788 1548 2987 1605 ibidem
3029 1553 3254 1621 repetita
3306 1561 3391 1608 est
3438 1568 3585 1609 anno

292 1641 454 1709 1589,
484 1641 721 1701 Colonire
754 1641 912 1708 1617,
936 1639 1161 1697 Parisiis
1190 1648 1365 1694 autem
1400 1638 1560 1705 1574,
1598 1636 1757 1703 1605,
1787 1635 1912 1693 1616

1980 1636 2138 1693 16M.
2179 1637 2342 1693 Addit
2392 1637 2714 1696 bibliotheca
2764 1641 3052 1699 Barberina
3108 1645 3277 1702 Paris.
3335 1646 3475 1703 1607
3530 1656 3584 1703 et

291 1736 452 1805 1652,
477 1736 754 1797 Fabricius
772 1735 941 1792 Paris.
978 1733 1145 1802 1655,
1176 1743 1230 1789 et
1259 1732 1450 1789 Colon.
1489 1733 1648 1799 1617,
1679 1731 1837 1797 1652;
1863 1732 1957 1790 sed
1987 1732 2122 1799 hrec,
2147 1743 2204 1787 nt
2227 1734 2337 1803 jam
2363 1732 2493 1799 dixi,
2526 1751 2631 1791 non
2652 1736 2805 1793 valde
2832 1750 3001 1795 certa.
3032 1741 3089 1796 In
3117 1742 3360 1814 catalogo
3405 1743 3574 1799 libro-

288 1844 409 1885 rum
435 1827 776 1884 bibliotheca:
812 1824 1413 1897 Lugduni-Batavorum
1440 1833 1756 1880 recensetur
1781 1823 1908 1879 editi

1974 1824 2167 1879 Colon.
2215 1826 2399 1897 Agrip.
2451 1826 2608 1884 1575.
2662 1828 2965 1888 Antevertit
3003 1834 3275 1892 Pamelius
3322 1835 3586 1893 Joannem

291 1913 591 1979 ll'arrisium
622 1921 874 2002 Anglum,
897 1919 1119 1978 Thema:
1146 1919 1296 1975 More
1324 1918 1594 1990 quondam
1624 1933 1652 1971 a
1675 1918 1917 1986 secretis,
1944 1908 2049 1989 'qui
2076 1917 2214 1974 idem
2250 1919 2532 1975 consilium
2587 1921 2898 1982 intendebat
2950 1925 3279 1983 edendorum
3326 1927 3580 2001 Cypriani

290 2033 538 2090 operum.
584 2017 633 2073 ls
670 2017 898 2075 libenter
945 2016 1404 2087 Pameliumjuvit
1432 2015 1594 2071 variis
1631 2019 1715 2077 sui
1762 2016 2086 2087 exemplaris
2138 2017 2499 2085 lectionibus;
2551 2034 2771 2088 operam
2817 2012 2992 2075 eidem
3040 2029 3302 2076 navarunt
3349 2022 3587 2080 Joannes

291 2112 564 2181 Clemens,
596 2111 855 2179 medicus,
889 2112 1049 2168 etiam
1079 2112 1303 2182 Anglus,
1332 2124 1543 2166 necnon
1588 2109 1853 2165 Antonius
1893 2116 1947 2164 et
1972 2108 2221 2165 Valerius
2248 2111 2469 2169 Cauchii
2491 2154 2506 2179 ,
2554 2113 2907 2183 jnreeonsulti
2962 2113 3299 2184 Ultrajectini
3351 2115 3583 2184 fratres,

294 2212 706 2272 communicatis
746 2213 912 2283 patris
930 2197 1023 2268 sui
1048 2209 1486 2282 castigationibus
1513 2218 1571 2265 et
1593 2207 1944 2277 coniecturis.
1977 2207 2104 2264 Haec
2132 2208 2393 2266 discimus
2418 2226 2484 2266 ex
2510 2210 2752 2266 Pamelio
2783 2211 2854 2284 _iu
2894 2211 3123 2283 epistola
3157 2214 3544 2284 nuncnpatoria
3567 2258 3580 2282 ,
3674 2260 3678 2264 .

295 2322 415 2379 qua:
438 2306 693 2376 inscripta
723 2282 808 2361 est
828 2304 999 2377 Viglio
1024 2302 1321 2361 Zuichemo
1351 2302 1549 2368 Frisio,
1571 2301 1626 2358 8.
1659 2300 1890 2358 Bavonis
1915 2301 2054 2371 apud
2085 2301 2468 2358 Gandavenses
2491 2282 2801 2373 praeposito:
2926 2302 2929 2305 ’

367 2399 553 2461 Simon
581 2398 891 2455 Cenlartins
919 2397 1084 2455 edidit
1110 2397 1364 2462 Geneva},
1394 2411 1537 2455 anno
1566 2395 1919 2465 1593,,opera
1946 2393 2218 2465 Cypriani,
2243 2395 2487 2452 ordinem
2538 2396 2759 2452 Pamelii
2789 2406 2843 2453 et
2867 2408 3177 2455 contextum
3222 2412 3459 2470 secutus,
3494 2404 3591 2459 sed

298 2494 368 2551 de
396 2509 497 2550 suo
525 2493 730 2555 addens
757 2493 944 2564 longas
972 2500 1027 2549 et
1046 2482 1302 2565 operosus
1327 2491 1393 2547 ad
1419 2490 1701 2560 legendum
1735 2490 2164 2559 observationes,
2192 2492 2387 2563 quibus
2435 2492 2729 2549 Pamelium
2757 2494 3002 2551 refellere
3053 2507 3108 2551 et
3157 2498 3214 2553 S.
3266 2499 3597 2570 Cyprianum

297 2589 637 2645 calvinistam
668 2589 846 2645 facere
873 2596 1096 2644 conatus
1121 2596 1227 2643 est.
1255 2585 1460 2642 Prodiit
1486 2583 1728 2651 Parisiis,
1756 2598 1898 2640 anno
1921 2583 2080 2647 1618,
2109 2585 2275 2640 editio
2300 2585 2536 2655 Rigaltii,
2565 2596 2720 2641 aucta
2750 2588 2886 2642 libro
2918 2589 2980 2643 de
3007 2589 3407 2662 Rebaptismale,
3437 2609 3600 2663 quam

298 2691 489 2738 secuta
512 2691 593 2738 est
617 2681 669 2736 in
700 2682 890 2738 eadem
921 2681 1072 2744 urbe.
1102 2695 1191 2734 an.
1224 2677 1392 2743 i666,
1424 2676 1591 2735 editio
1614 2676 1806 2731 Priorii
1836 2690 1959 2731 cum
1985 2676 2130 2731 notis
2161 2676 2373 2747 Rigaltii
2403 2686 2455 2730 et
2492 2677 2743 2743 aliorum,
2771 2678 3040 2749 adjunctis
3078 2681 3347 2753 Cypriane
3386 2684 3602 2753 scriptis

299 2774 516 2839 Minucii
546 2775 764 2843 Felicis,
791 2774 1051 2840 Arnebii,
1084 2771 1478 2837 Caniniodiani,
1510 2785 1727 2825 necnon
1748 2769 1873 2825 Julii
1902 2768 2117 2824 Firmici
2162 2770 2228 2825 de
2269 2768 2458 2824 Errare
2498 2774 2835 2841 profanarmn
2868 2771 3210 2843 Religionum.
3246 2774 3395 2831 Nova
3439 2777 3604 2833 editio

301 2872 654 2942 epistolarum
679 2868 967 2942 Cypriani,
1016 2865 1390 2937 prmtermissis
1416 2864 1537 2921 aliis
1593 2862 2144 2934 pertractationibus,
2202 2863 2402 2932 prodiit
2448 2877 2588 2919 anno
2628 2864 2790 2929 1681;
2832 2864 2986 2935 cujus
3035 2866 3224 2922 titulus
3273 2869 3350 2923 sic
3406 2869 3601 2925 habet:

243 2945 246 2948 6
310 2984 332 3021 ι
376 2965 435 3022 8.
467 2964 671 3021 Cmeilii
700 2961 981 3035 Cypriani,
1003 2958 1440 3033 Carthaginiensis
1470 2957 1705 3028 episcopi
1744 2971 1811 3012 ac
1836 2956 2054 3012 tandem
2079 2956 2358 3028 martyris,
2406 2971 2467 3012 ac
2494 2957 2724 3012 aliorum
2767 2960 3124 3029 quorumdam
3174 2962 3239 3016 ad
3287 2963 3461 3033 ipsum
3519 2963 3605 3018 vel

303 3059 357 3115 in
375 3057 536 3115 simili
564 3072 723 3114 causa
752 3055 967 3126 scriptae
1005 3053 1250 3125 epistola:
1300 3066 1536 3117 Lxxxnt,
1590 3049 1778 3106 ordine
1829 3048 2165 3131 Pameliana,
2184 3049 2402 3117 Jocatre,
2454 3065 2521 3105 ex
2562 3050 2796 3107 editione
2844 3052 3189 3107 Goulartiana
3240 3055 3294 3110 in
3337 3056 3604 3111 sectiones

302 3152 509 3219 divisse,
538 3162 595 3207 et
622 3166 744 3207 cum
773 3148 830 3205 S.
862 3146 1143 3218 Augustini
1175 3145 1243 3200 ad
1270 3143 1521 3218 Cypriani
1548 3151 1867 3213 argumenta
1889 3142 1958 3197 de
1978 3142 2244 3212 baptismo
2267 3142 2646 3219 hmretieerum
2679 3146 3118 3215 responsionibus
3158 3164 3259 3204 suo
3308 3150 3428 3205 loco
3474 3152 3606 3206 sub-

301 3215 522 3322 junctis,
548 3248 715 3304 variis
740 3246 902 3303 etiam
921 3215 1162 3307 P‘amelii,
1189 3215 1411 3313 Rigaltii
1441 3239 1780 3309 aliorumque
1805 3236 2127 3294 lectionibus
2152 3246 2205 3291 et
2233 3215 2665 3306 eonjeetni'is,-ut
2688 3247 2743 3295 et
2767 3238 3011 3294 Gratiani
3067 3241 3118 3296 in
3172 3241 3394 3299 decreto
3442 3243 3605 3300 Lom-

306 3342 458 3400 bardi
488 3342 540 3398 in
565 3340 718 3397 libris
747 3337 1170 3402 Sententiarum,
1197 3351 1262 3391 ac
1291 3335 1514 3390 Thema:
1536 3333 1822 3403 Aquinatis
1855 3332 1907 3386 in
1940 3330 2159 3387 Summa
2193 3330 2497 3401 theologiam,
2542 3332 2953 3403 allegationibus
2996 3336 3049 3390 in
3093 3338 3336 3408 margine
3385 3342 3604 3407 notatis,

305 3449 361 3496 et
403 3436 609 3508 aliquot
662 3435 896 3506 denique
940 3432 1162 3488 utilibus
1214 3428 1487 3485 indicibus
1536 3441 1781 3483 seorsum
1837 3424 2030 3492 editae,
2086 3424 2265 3481 studio
2311 3423 2601 3479 Friederici
2654 3426 2934 3483 Reinharti
2997 3428 3161 3485 theol.
3214 3431 3267 3484 in
3317 3432 3603 3511 universit.

307 3529 607 3588 Altdorﬁna
656 3528 717 3585 P.
767 3528 830 3584 P.
886 3536 941 3582 et
991 3523 1241 3582 ecclesiae
1284 3522 1414 3578 ibid.
1466 3519 1721 3576 ministri.
1771 3518 1998 3576 Altderﬁ
2053 3519 2193 3590 typis
2246 3527 2303 3573 et
2346 3519 2605 3588 impensis
2671 3519 2884 3575 lleurici
2949 3521 3181 3595 Meyeri,
3238 3526 3607 3584 universitatis

310 3623 651 3700 typographi.
700 3642 719 3677 ι
746 3698 754 3705 ι

2536 3650 2546 3657 ε

2001 3661 2016 3675 ν

382 3718 636 3773 Proxime
660 3704 843 3771 secuta
870 3720 971 3780 est,
1005 3726 1147 3767 anno
1169 3708 1335 3774 i682,
1365 3707 1685 3766 Oxeniensis
1712 3705 1876 3762 editio
1906 3721 1937 3762 e
1963 3704 2174 3761 theatro
2196 3704 2554 3772 Seldoniano,
2581 3721 2700 3762 eum
2755 3708 3029 3766 codicibus
3053 3727 3182 3768 mss.
3215 3714 3439 3780 collata,
3460 3716 3606 3772 notis

311 3807 1079 3883 Pamelii,Rigaltiiaeipsius
1106 3806 1270 3862 etiam
1292 3804 1516 3861 cditeris
1560 3803 1850 3867 illustrata,
1899 3799 2144 3872 pluribus
2201 3808 2359 3856 aucta
2410 3803 2919 3871 pertractationibus
2970 3805 3198 3862 Arnoldi
3249 3808 3610 3865 Bome-Vallis

311 3905 541 3969 abbatis,
572 3904 827 3977 Cypriani
858 3900 1182 3958 Antiocheni
1225 3897 1596 3963 Confessieue,
1629 3906 1683 3952 et
1711 3896 1934 3966 antiquo
1979 3893 2216 3965 paschali
2248 3904 2519 3963 computo.
2554 3896 2611 3951 In
2652 3896 2753 3953 hac
2778 3899 3086 3955 adornanda
3114 3902 3348 3959 editione
3376 3904 3612 3960 duorum

313 4001 726 4073 protestantinm
770 3995 1144 4069 episcoporum
1187 3992 1381 4049 enituit
1412 3990 1707 4057 industria,
1755 3988 1977 4045 Joannis
2006 3988 2163 4056 Felli,
2205 3987 2533 4045 Oxeniensis
2575 3991 2832 4062 episcopi,
2857 3994 3154 4051 etJoannis
3181 3996 3613 4055 PearsouiiCes-

317 4093 554 4158 triensis;
586 4106 812 4164 quorum
844 4090 1049 4162 primus
1074 4088 1328 4145 editionis
1358 4102 1623 4142 summam
1658 4086 1709 4139 in
1740 4101 1800 4141 se
1826 4084 2102 4156 suscepit,
2155 4083 2295 4140 alter
2347 4085 2571 4141 annales
2612 4086 2981 4165 Cyprianicos,
3030 4093 3117 4162 qui
3156 4096 3325 4149 sancti
3363 4094 3614 4169 Martyris

315 4185 569 4256 operibus
592 4183 962 4255 praeﬁguntur,
1012 4195 1118 4236 non
1148 4180 1266 4235 sine
1293 4180 1459 4235 multa
1490 4176 1806 4235 eruditionis
1836 4176 1992 4233 laude
2041 4176 2395 4233 elucubravit.
2448 4178 2573 4234 lltee
2612 4179 2780 4235 editio
2830 4198 3014 4238 recusa
3073 4196 3155 4241 est
3212 4188 3419 4244 Bruma:
3468 4206 3611 4245 anno

317 4276 484 4342 1690,
517 4275 905 4332 Amstelodami
932 4272 1183 4331 1699.1ta
1209 4273 1508 4339 Fabricius;
1558 4271 1653 4327 sed
1699 4271 1853 4327 aliter
1881 4272 2051 4327 visum
2078 4271 2345 4327 Casimiro
2367 4271 2602 4340 Oudins,
2639 4264 2728 4346 qui
2770 4284 2876 4331 tres
2909 4277 3175 4337 editiones
3225 4292 3617 4342 commemorat

318 4379 441 4443 post
469 4370 689 4440 primam
720 4368 1102 4423 Oxoniensem.

391 4463 501 4520 Nec
528 4474 607 4519 tot
629 4463 884 4535 Cypriani
916 4478 1136 4533 operum
1161 4460 1451 4526 editiones,
1474 4475 1574 4516 nec
1598 4459 1890 4515 honoriﬁca
1918 4473 2028 4514 non
2058 4473 2352 4530 paucorum
2378 4459 2654 4517 hominum
2687 4464 2753 4520 de
2782 4465 3070 4523 novissima
3094 4468 3607 4546 Oxoniensijudicia

322 4557 1024 4632 Baluziumdeterruerunt,
1048 4555 1337 4626 quominus
1366 4568 1559 4609 novam
1588 4553 1903 4625 susciperet.
1934 4551 2089 4619 Nam,
2125 4568 2248 4608 cum
2278 4552 2487 4609 videret
2508 4556 2732 4628 singulis
2761 4559 3089 4619 editiouibus
3117 4580 3209 4620 sua
3260 4567 3439 4625 inesse
3464 4572 3614 4637 vitia,

323 4653 450 4709 dum
472 4661 565 4708 aut
592 4652 768 4707 vitiosi
795 4650 1011 4707 codices
1038 4666 1167 4707 mss.
1200 4649 1541 4716 adhibentur,
1573 4657 1665 4704 aut
1688 4649 1997 4719 superiores
2022 4649 2309 4719 editiones,
2338 4650 2426 4707 ubi
2454 4666 2589 4723 opus
2613 4669 2718 4708 non
2768 4666 2904 4721 erat,
2939 4659 3315 4727 emendantur,
3356 4664 3444 4719 ubi
3474 4680 3610 4736 Opus

322 4757 459 4814 erat,
491 4747 825 4820 incastigatte
852 4746 1252 4818 relinquuntur,
1316 4760 1422 4799 non
1462 4743 1765 4816 desperavit
1808 4743 1863 4800 S.
1890 4745 2141 4817 Martyris
2167 4754 2475 4801 contextum
2502 4748 2581 4802 sic
2605 4751 2877 4806 emendari
2909 4768 3083 4823 posse,
3124 4767 3180 4811 ut
3207 4773 3368 4826 purus
3397 4772 3448 4815 ct
3480 4761 3620 4816 inta-

324 4842 559 4898 minatus
599 4841 811 4897 tandem
844 4838 1130 4912 aliquando
1159 4837 1420 4909 prodiret.
1452 4836 1508 4892 In
1558 4838 1660 4892 hoc
1702 4837 2040 4907 potissimum
2093 4853 2258 4907 penso
2303 4837 2683 4896 elaborandum
2715 4842 2814 4898 sibi
2858 4860 2978 4900 esse
3033 4847 3366 4919 intelligens,
3422 4863 3620 4922 praeter

326 4939 542 4996 codices
564 4954 695 4995 mss.
726 4938 817 5008 qui
843 4936 1101 5001 Pamelio,
1131 4933 1366 5006 Rigaltio
1386 4940 1440 4989 et
1460 4931 1647 5002 Anglis
1684 4932 1801 4987 usui
1843 4930 2074 5000 fuerant,
2107 4931 2241 4986 alios
2271 4932 2487 4987 circiter
2509 4934 2725 5005 triginta
2776 4937 2827 4991 in
2866 4940 3166 4996 subsidium
3221 4943 3321 4998 sibi
3350 4944 3614 5001 adhibuit.

326 5031 530 5088 Horum
553 5030 811 5088 notitiam
841 5029 978 5085 infra
1005 5026 1555 5099 subjiciam,qualem
1583 5039 1649 5079 ex
1675 5023 1878 5079 Baluzii
1925 5024 2066 5078 netis
2110 5024 2366 5095 colligere
2408 5024 2593 5080 licuit:
2648 5044 2796 5093 nam,
2848 5046 2971 5086 cum
3018 5035 3195 5090 varias
3229 5036 3485 5093 lectiones
3536 5039 3619 5093 vir

327 5126 597 5189 eruditus,
618 5140 650 5179 e
670 5123 946 5179 codicibus
969 5135 1099 5177 mss.
1128 5126 1428 5190 excerptas,
1474 5118 1526 5172 in
1548 5115 1946 5185 exemplaribus
1978 5115 2135 5171 editis
2172 5117 2506 5183 inseruisset,
2538 5115 2791 5175 distracta
2824 5132 2944 5176 sunt
2977 5123 3091 5179 lure
3128 5127 3451 5195 exemplaria
3497 5145 3621 5185 cum

328 5217 449 5273 aliis
478 5213 821 5271 bibliothecae
845 5214 1147 5268 Balnziame
1174 5211 1348 5278 libris,
1378 5224 1551 5280 neque
1576 5223 1642 5264 ex
1676 5207 1776 5263 illis
1801 5207 1903 5263 nisi
1929 5223 2194 5279 perpauca
2224 5210 2461 5280 reperire
2486 5212 2653 5281 potui.
2700 5213 2918 5269 Addidit
2962 5219 3121 5271 etiam
3162 5219 3405 5275 Baluzius
3434 5222 3622 5279 obser-

332 5313 576 5373 vationes
605 5318 867 5376 etnetas,
899 5308 1173 5379 inquibus
1201 5308 1516 5379 plerumque
1540 5304 1805 5360 rationem
1858 5318 2048 5360 eorum
2077 5304 2288 5372 reddit,
2336 5321 2456 5376 qua:
2504 5307 2556 5361 in
2603 5318 2856 5363 contextu
2900 5311 3227 5367 immntanda
3271 5314 3619 5389 judicaverat,

337 5409 606 5468 interdum
630 5407 814 5474 etiam,
844 5414 905 5460 ut
935 5403 1241 5459 abundabat
1265 5400 1587 5467 eruditione,
1622 5400 1675 5454 in
1706 5397 1939 5469 antiquis
1970 5397 2133 5453 rebus
2173 5398 2505 5454 illustrandis
2545 5400 2741 5471 stylum
2770 5403 2998 5457 exacuit.
3046 5404 3329 5476 Perinique
3353 5408 3583 5466 facerem
3604 5453 3623 5479 ,

337 5506 404 5573 si,
466 5512 587 5561 cum
614 5503 760 5558 illius
785 5499 1119 5557 elucubratio
1148 5508 1343 5568 praeter
1370 5494 1718 5566 paucissimas
1754 5490 1975 5564 paginas
2024 5491 2142 5561 ipso
2162 5490 2337 5545 adhuc
2375 5491 2587 5547 vivente
2643 5508 2839 5548 excusa
2898 5494 3077 5562 fuerit,
3124 5511 3189 5551 ex
3245 5498 3419 5554 detrita
3478 5504 3619 5561 imus

333 5599 502 5656 labori
529 5597 700 5653 laude
725 5593 925 5666 aliquid
957 5592 1010 5648 in
1040 5605 1125 5646 me
1147 5588 1468 5654 derivarem;
1516 5587 1644 5658 quin
1667 5584 1829 5641 etiam
1869 5598 1988 5638 cum
2021 5583 2149 5638 mihi
2184 5583 2329 5638 illius
2352 5592 2505 5639 notas
2536 5585 2859 5655 expendere,
2888 5594 2942 5641 et
2971 5602 3090 5641 cum
3143 5588 3259 5660 ipso
3284 5590 3339 5648 S.
3372 5594 3626 5667 Cypriani

337 5701 592 5751 contextu
619 5689 954 5747 contendere
981 5702 1076 5759 per
1092 5694 1307 5756 tempus
1325 5696 1431 5738 non
1462 5681 1692 5745 licuerit,
1723 5678 1980 5750 judicium
2010 5692 2187 5733 meum
2228 5692 2335 5733 non
2364 5678 2718 5748 interponam,
2769 5679 2863 5734 sed
2915 5679 3129 5749 publico
3179 5685 3460 5743 assentiar,
3508 5690 3629 5746 Νοιι

342 5799 523 5846 tamen
566 5784 910 5843 dissimulare
939 5782 1136 5853 possim
1170 5795 1255 5835 me
1290 5791 1434 5848 sazpe
1460 5773 1905 5831 animadvertisse
1929 5779 2236 5827 contextum
2286 5770 2561 5843 Cypriani,
2598 5782 2655 5827 ut
2680 5771 2747 5826 ab
2788 5771 3003 5830 homine
3049 5770 3361 5836 doctissimo
3409 5781 3458 5836 in
3486 5791 3632 5839 tanta

354 5881 599 5941 codicum
628 5896 758 5936 mss.
792 5878 941 5951 copia
968 5876 1081 5933 ﬁeri
1112 5891 1210 5949 par
1235 5882 1371 5937 erat,
1401 5867 1779 5944 percommode
1806 5863 2102 5923 emendari.

432 5976 584 6050 Quod
609 5985 810 6050 spectat
836 5974 901 6030 ad
931 5968 1384 6044 o,eiaCyprianu
1418 5966 1711 6036 adscripta,
1752 5962 1858 6032 jam
1890 5960 2027 6015 bona
2077 5974 2201 6031 pars
2262 5958 2399 6031 typis
2458 5958 2704 6016 mandata
2757 5959 2949 6033 fuerat,
2998 5978 3115 6022 cum
3162 5964 3434 6025 Baluzium
3495 5971 3649 6034 nobis
