4102 6472
462 410 527 465 I5
1968 406 2044 464 PII

2142 404 2354 466 FATIO.
3458 486 3467 491 _
3693 407 3762 467 ts

456 536 602 577 mors
622 520 862 578 abstulit.
898 521 1100 578 Prteter
1132 528 1239 577 tres
1266 522 1381 577 illas
1426 521 1904 594 pertractationcs,
1952 524 2016 577 de
2046 524 2385 595 Spectaculis,
2411 523 2472 578 de
2506 521 2682 577 Ltllltle
2708 519 2968 593 .llurtyrii,
3002 527 3056 576 et
3094 520 3167 576 de
3194 520 3586 592 Rebaptismate,
3614 536 3748 594 qua;

464 614 714 669 llaluzius
735 631 857 670 cum
882 614 1134 684 genuinis
1158 613 1409 685 Cypriani
1455 613 1711 684 operibus
1743 614 2045 685 conjunxit.
2077 616 2308 671 absoluti
2336 622 2489 670 erant
2528 612 2648 668 libri
2691 613 2755 667 de
2798 611 2941 667 Bono
2984 611 3273 678 Pudicitiw,
3325 614 3388 667 (le
3417 612 3759 680 Alcatoribus,

460 708 530 761 ml
558 706 909 763 Novatianum
934 708 1275 776 Ha'reticum,
1318 709 1383 763 de
1413 707 1673 763 Montibus
1703 707 1833 763 Sina
1877 717 1923 762 et
1963 706 2123 774 Sion,
2170 708 2289 762 dua:
2322 706 2593 763 Orationes
2620 706 2891 779 Cypriano
2934 705 3147 771 afﬁctze,
3202 714 3461 761 tractatus
3510 706 3756 774 Arnoldi,

458 802 828 859 Bome-Vallis
853 803 1079 872 abbatis,
1124 803 1188 858 de
1208 803 1493 858 novissimis
1528 800 1703 857 Verbis
1753 801 1960 857 Domini
1989 802 2043 855 in
2076 818 2243 871 cruce,
2275 800 2519 873 ejusdem
2564 802 2704 858 liber
2745 802 2810 856 de
2857 801 3202 857 cardinalibua
3250 801 3440 857 Christi
3475 800 3757 874 Operibur,

458 897 669 953 duobus
689 908 781 953 aut
812 898 983 953 tribus
1005 896 1147 953 foliis
1174 896 1437 969 exceptis.
1497 897 1554 951 In
1607 896 1690 951 his
1734 912 1855 968 quae
1878 904 2200 967 supererant
2225 894 2579 951 emendandis
2608 903 2662 951 et
2704 894 2930 951 edendis
2979 893 3363 951 elaborandum
3418 894 3534 950 I‘uit.
3588 894 3762 966 Atque

459 992 733 1062 equidem,
758 993 802 1048 si
827 1007 1020 1048 novam
1050 993 1300 1065 Cypriani
1340 1007 1566 1063 operum
1598 990 1887 1047 editionem
1930 990 2312 1061 suscepissem,
2363 989 2535 1045 fateor
2565 1004 2651 1044 me
2697 1005 2804 1045 non
2857 1004 3021 1058 pauca
3072 1005 3136 1044 ex
3178 998 3286 1045 tam
3333 988 3482 1060 gravi
3539 988 3747 1044 sarcina

466 1084 883 1140 deoneraturutn
925 1085 1111 1141 fuisse.
1141 1085 1268 1152 Sed,
1298 1100 1420 1142 cum
1450 1083 1809 1156 intelligerem
1840 1083 2098 1140 vicariam
2127 1097 2215 1140 me
2244 1097 2463 1154 operam
2495 1081 2561 1137 ad
2608 1082 2750 1138 hanc
2777 1081 3067 1138 editionem
3115 1080 3499 1138 absolvendum
3542 1079 3757 1149 alI‘erre,

476 1177 683 1231 cautius
713 1177 842 1231 mihi
881 1177 1146 1248 agendum
1191 1177 1305 1233 fuit.
1340 1177 1521 1247 Itaque
1551 1177 1745 1232 retinui
1772 1175 2029 1247 quidquid
2068 1175 2254 1232 habuit
2305 1174 2468 1232 editio
2494 1174 2738 1240 Parnelii,
2786 1175 2907 1245 quia
2954 1174 3037 1230 sic
3089 1174 3258 1230 visum
3304 1174 3523 1231 Balnzio
3568 1173 3761 1231 fuerat.

467 1268 573 1323 Sed
601 1285 668 1324 ex
698 1269 764 1324 iis
783 1270 977 1340 quibus
1005 1269 1162 1342 Angli
1191 1270 1519 1342 Cyprianum
1548 1278 1875 1334 onerarunt,
1924 1269 2288 1325 necessarium
2319 1283 2443 1325 esse
2470 1267 2597 1324 duxi
2645 1268 3080 1325 elucubratioues
3122 1268 3348 1325 Arnoldi
3398 1268 3756 1326 Bonae-Vallis

463 1364 527 1417 dc
555 1363 809 1433 Operibus
834 1379 925 1420 sex
950 1365 1171 1430 dierum,
1203 1373 1259 1420 et
1287 1364 1350 1418 de
1369 1362 1637 1418 Laudibus
1665 1363 1825 1418 breue
1864 1361 2108 1434 Virginis,
2141 1361 2490 1434 ejusdemque
2522 1361 2882 1417 Meditationes
2907 1377 3238 1434 expungere;
3272 1372 3384 1417 tum
3411 1378 3480 1418 ne
3511 1360 3760 1417 volumen

470 1459 693 1513 nimiam
716 1459 769 1513 in
800 1460 997 1515 molem
1030 1469 1305 1516 cresceret
1335 1460 1354 1530 (
1386 1470 1602 1515 auctura
1626 1459 1769 1515 enim
1803 1458 1993 1515 fuisset
2019 1458 2209 1515 decem
2238 1458 2410 1527 foliis)
2431 1501 2445 1525 ,
2478 1467 2590 1514 tum
2629 1461 2750 1530 quia
2783 1458 2889 1515 alia
2918 1469 3132 1516 exstant
3176 1460 3229 1515 in
3274 1440 3622 1517 bibliothecis
3656 1473 3760 1517 no-
3820 1450 3827 1459 ’

459 1550 594 1604 stris
622 1549 865 1621 ejusdem
898 1551 1120 1606 Arnoldi
1152 1566 1339 1620 opera,
1368 1568 1492 1622 qua:
1524 1552 1636 1622 pari
1658 1552 1782 1622 jure
1811 1566 1875 1606 ac
1906 1563 2016 1606 tres
2041 1552 2148 1607 illze
2173 1551 2632 1617 elucubrationes,
2660 1553 2711 1607 in
2741 1553 2878 1608 hanc
2900 1552 3193 1609 editionem
3224 1553 3390 1624 recipi
3413 1553 3750 1610 debuissent.

459 1640 669 1697 Placuit
694 1642 922 1698 eruditis
950 1642 1102 1709 viris,
1125 1657 1260 1714 quos
1288 1644 1339 1697 in
1367 1642 1652 1699 consilium
1682 1642 2049 1709 adhibuimus,
2076 1652 2135 1697 ut
2156 1630 2366 1699 neutris
2391 1643 2570 1699 aditus
2607 1644 2849 1702 daretur.
2905 1645 3227 1717 Compntum
3275 1647 3556 1719 paschale,
3609 1628 3753 1717 quod

462 1734 604 1790 idem
652 1733 1124 1805 Angliedideraut,
1178 1735 1459 1791 climinare
1498 1742 1760 1791 statuerat
1785 1735 2053 1799 Baluzius;
2085 1744 2139 1791 et
2162 1751 2283 1791 ctnu
2314 1750 2477 1806 opera
2507 1735 2778 1807 Cypriauo
2815 1736 3084 1808 adscripta
3114 1754 3179 1795 ex
3211 1739 3449 1795 editione
3471 1736 3770 1795 Oxoniensi

461 1831 852 1899 excerpsisset,
885 1829 1028 1885 istud
1069 1829 1135 1885 de
1159 1829 1421 1886 industria
1447 1831 1725 1886 omiserat.
1761 1829 1841 1885 Eo
1875 1828 2129 1884 libentius
2158 1828 2301 1884 illius
2348 1828 2609 1884 voluntati
2656 1829 2897 1885 obsecuti
2952 1843 3160 1896 sumus,
3207 1828 3351 1901 quod
3403 1828 3493 1884 hic
3548 1827 3767 1884 libellus

461 1936 563 1977 nec
586 1922 859 1993 Cypriano
881 1922 1041 1979 tribui
1070 1922 1261 1993 possit,
1291 1938 1392 1978 nec
1415 1923 1669 1993 cuiquam
1713 1920 1868 1977 valde
1909 1920 2193 1990 prodesse,
2240 1936 2302 1976 ac
2329 1930 2590 1992 praeterea
2632 1922 2906 1976 variarum
2944 1922 3238 1978 lectionum
3277 1921 3427 1994 sylva
3458 1931 3511 1978 et
3562 1921 3770 1992 longio-

465 2016 612 2071 ribus
638 2018 784 2070 notis
807 2014 1061 2083 luxuriet,
1090 2030 1211 2086 quae
1240 2014 1305 2069 ad
1334 2014 1635 2070 institutam
1663 2013 1822 2083 hujus
1850 2013 2106 2068 editionis
2131 2013 2393 2068 rationem
2420 2012 2823 2069 accommodari
2872 2028 2979 2068 non
3025 2021 3294 2084 poterant.
3329 2011 3481 2068 IIaud
3512 2010 3765 2084 equidem

458 2109 856 2171 numeraverim
886 2108 1028 2165 inter
1052 2108 1282 2164 meliora
1311 2107 1647 2178 antiquitatis
1675 2117 2025 2162 monumenta
2050 2104 2467 2161 Confessionem
2496 2104 2788 2178 Cypriani,
2834 2122 2994 2177 quam
3020 2107 3196 2163 editor
3232 2107 3568 2164 Oxoniensis
3604 2107 3767 2163 latine

458 2202 721 2274 vulgavit;
753 2203 850 2259 sed
878 2212 1079 2269 tamen,
1110 2202 1237 2275 quia
1268 2218 1392 2259 eam
1418 2202 1664 2258 Baluzius
1699 2203 2053 2261 omittendam
2092 2218 2201 2259 non
2237 2216 2358 2258 esse
2391 2202 2682 2272 judicavit,
2726 2216 2791 2257 ac
2841 2209 3100 2272 pra-terea
3153 2201 3205 2257 in
3261 2202 3435 2273 pretio
3481 2202 3579 2257 fuit
3626 2198 3766 2272 apud

460 2294 782 2368 Gregorium
806 2297 1226 2365 Nazianzeuum,
1276 2297 1571 2354 Eudociam
1616 2308 1671 2355 et
1723 2298 2008 2362 Photium,
2062 2314 2179 2355 non
2205 2297 2369 2354 modo
2403 2297 2546 2352 illam
2575 2297 2627 2351 in
2657 2296 2760 2354 hac
2787 2297 3026 2353 editione
3070 2297 3366 2354 desiderari
3414 2312 3519 2353 non
3578 2310 3768 2368 passus

456 2404 600 2454 sum,
636 2390 734 2446 sed
765 2393 929 2446 etiam
972 2392 1023 2446 in
1056 2392 1232 2447 locum
1266 2391 1451 2446 latinae
1480 2391 1981 2461 interpretationis,
2005 2406 2170 2462 quam
2206 2391 2447 2463 pluribus
2488 2390 2620 2447 locis
2656 2391 2911 2458 hinlcam,
2957 2390 3254 2446 innumeris
3293 2390 3416 2445 aliis
3457 2378 3765 2461 corruptam

460 2481 615 2553 Angli
641 2483 941 2551 dederant,
968 2500 1202 2557 grmcum
1233 2485 1410 2555 ipsum
1442 2493 1754 2540 contextum
1784 2499 1850 2540 ex
1874 2484 2207 2542 bibliotheca
2239 2484 2588 2539 illustrissimi
2630 2485 2844 2540 comitis
2881 2484 2949 2541 de
2976 2484 3263 2558 Seiguelay
3297 2484 3594 2540 liberaliter
3632 2496 3764 2553 sup-

458 2574 754 2644 peditatum
776 2617 789 2640 ,
819 2590 886 2631 ac
910 2591 1110 2632 novam
1139 2577 1647 2648 interpretationem
1677 2576 2007 2633 substituere
2047 2592 2154 2634 non
2197 2576 2458 2632 dubitavi.
2502 2576 2702 2649 Spuria
2733 2592 2896 2648 opera
2938 2578 3016 2633 sic
3055 2577 3216 2634 edere
3257 2578 3566 2633 instituerat
3602 2576 3764 2632 Baln-

455 2669 601 2734 zins,
661 2681 718 2724 ut
758 2669 1027 2725 habentur
1067 2673 1120 2725 in
1162 2668 1454 2725 Oxoniensi
1506 2669 1780 2725 editione:
1832 2669 1883 2725 id
1931 2669 2077 2741 quod
2129 2670 2359 2741 perspici
2405 2679 2583 2740 potest
2625 2685 2691 2725 ex
2737 2670 2820 2726 his
2861 2685 2981 2738 qum
3012 2671 3185 2742 typis,
3218 2684 3285 2726 eo
3315 2670 3490 2740 adhuc
3515 2670 3759 2737 vivente,

458 2760 713 2816 mandata
734 2760 992 2818 diximus.
1019 2761 1128 2818 Sed
1146 2804 1161 2830 ,
1204 2777 1325 2818 cum
1352 2761 1593 2818 viderem
1636 2778 1701 2818 ex
1731 2762 1815 2818 his
1844 2763 2214 2818 monumentis
2239 2762 2492 2818 nonnulla
2522 2776 2647 2819 esse
2672 2764 2850 2834 magni
2883 2764 3063 2835 pretii,
3093 2779 3266 2835 eaque
3295 2779 3404 2835 quo
3423 2765 3620 2835 saepius
3641 2778 3762 2819 cum

455 2855 733 2928 Cypriano
754 2855 894 2911 edita
919 2855 1163 2923 fuerant,
1202 2871 1269 2912 eo
1298 2856 1480 2926 plures
1507 2870 1692 2912 nrevos
1722 2856 1982 2923 traxisse,
2019 2863 2262 2911 vetustas
2300 2855 2570 2912 editiones
2611 2864 2667 2912 et
2707 2857 2959 2927 antiquos
3002 2857 3218 2914 codices
3259 2871 3389 2913 mss.
3422 2865 3683 2929 quotquot
3710 2856 3761 2912 in

456 2949 557 3003 hac
583 2947 720 3003 urbe
739 2946 972 3018 reperiri
1001 2954 1328 3017 potuerunt,
1377 2946 1431 3001 in
1472 2945 1770 3001 subsidium
1815 2946 2038 3011 vocavi,
2069 2961 2365 3018 eorumque
2391 2962 2495 3018 ope
2544 2957 2597 3003 et
2622 2948 2877 3019 praesidio
2908 2949 3135 3019 plurima
3176 2950 3436 3020 majorem
3465 2950 3519 3006 in
3548 2950 3766 3006 modum

453 3040 750 3096 deformata
774 3080 790 3105 ,
818 3041 1119 3111 praesertim
1145 3043 1200 3096 in
1227 3041 1365 3097 libro
1392 3040 1457 3095 de
1482 3040 1862 3112 Singularitate
1888 3040 2193 3095 clericorum
2210 3082 2225 3105 ,
2258 3038 2595 3109 Expositione
2620 3040 2872 3112 symboli,
2904 3052 2952 3098 et
2986 3042 3222 3112 Epistola
3250 3042 3393 3098 Celsi
3413 3043 3482 3096 ad
3517 3042 3765 3115 Vigiiittm

454 3131 509 3187 iu
533 3132 813 3200 pristinum
837 3132 1066 3188 nitorem
1100 3132 1333 3189 restitui.
1367 3130 1426 3187 In
1469 3131 1574 3188 hoc
1596 3131 1760 3187 etiam
1806 3129 2009 3186 Baluzii
2043 3131 2268 3203 vestigia
2307 3146 2553 3202 premere
2600 3147 2707 3188 non
2757 3134 2938 3204 potui,
2977 3134 3120 3203 quod
3156 3148 3279 3189 cum
3317 3150 3442 3190 snas
3483 3136 3572 3191 ille
3610 3142 3765 3191 notas

456 3234 581 3292 post
602 3234 912 3280 contextum
942 3225 1248 3297 rejecisset,
1276 3240 1378 3297 ego
1399 3226 1576 3281 varias
1606 3224 1866 3281 lectiones
1910 3209 2538 3296 margini'apposuerim.
2585 3225 2694 3283 Sed
2733 3242 2834 3283 nec
2874 3225 3097 3283 Baluzio
3133 3227 3276 3283 notis
3320 3227 3586 3284 interdum
3630 3229 3767 3285 ube-

456 3318 695 3374 rioribus
724 3318 1055 3391 indulgenti,
1088 3333 1188 3376 nec
1216 3319 1349 3375 mihi
1382 3319 1437 3375 in
1472 3319 1589 3376 sola
1620 3328 1909 3376 contextus
1932 3317 2318 3375 emendatione
2347 3319 2653 3375 immoranti
2677 3320 2836 3376 aliter
2862 3320 3043 3377 facere
3073 3322 3337 3392 integrum
3361 3320 3481 3377 fuit.
3515 3320 3596 3377 Ad
3628 3320 3767 3379 hanc

452 3415 773 3477 emendandi
800 3424 1090 3475 contextus
1127 3430 1350 3487 operam
1389 3415 1493 3471 alia
1531 3415 1795 3481 accessit,
1827 3430 1987 3486 quam
2015 3428 2114 3485 pro
2154 3412 2424 3469 facultatis
2468 3412 2879 3483 mediocritate,
2922 3414 2975 3470 in
3016 3415 3355 3487 explananda
3400 3418 3457 3473 S.
3508 3414 3766 3490 Cypriani

452 3510 720 3579 doctrina,
749 3509 801 3566 in
824 3509 987 3567 rebus
1007 3508 1152 3566 illius
1172 3509 1337 3582 gestis
1363 3507 1432 3565 ad
1456 3507 1657 3564 critica:
1687 3522 1931 3564 normam
1960 3505 2350 3577 expendendis,
2380 3505 2713 3562 navavimus.

1169 3669 1209 3724 1.
1236 3700 1309 3712 —-
1325 3684 1566 3726 CYPBIANI
1588 3684 1885 3726 SENTENTIA
1904 3684 1973 3724 DE
2003 3650 2232 3724 UNITATE
2254 3682 2322 3724 ET
2343 3680 2789 3724 INFALLIBILITATI

1501 3686 1566 3725 iNl
1588 3684 1885 3726 SENTENTIA
1904 3684 1973 3724 DE
2003 3650 2232 3724 UNITATE
2254 3682 2322 3724 ET
2343 3680 2805 3724 INFALLIBILITATE
2831 3681 3121 3727 Εεειεειιε.

454 3845 463 3854 ’
528 3847 660 3917 Quae
694 3864 763 3906 ex
788 3846 1038 3922 Cypriani
1067 3847 1283 3921 scriptis
1321 3848 1387 3905 ad
1420 3848 1660 3906 veritatis
1709 3848 2075 3906 defensionem
2115 3862 2308 3906 eruere
2347 3848 2719 3921 aggredimur,
2758 3864 2822 3906 ea
2858 3864 2963 3922 quo
3007 3850 3180 3924 magis
3219 3849 3498 3923 perspicua
3540 3859 3665 3909 sunt
3701 3858 3758 3909 et

456 3949 523 4003 ad
554 3949 793 4004 omnium
824 3957 1039 4033 captum
1074 3947 1498 4015 accommodata,
1532 3962 1598 4005 eo
1624 3948 1800 4003 minus
1828 3947 2134 4003 cavillando
2175 3946 2319 4003 eludi
2358 3956 2614 4017 possunt;
2654 3956 2838 4019 etquo
2861 3945 3119 4018 majorem
3152 3948 3308 4003 tertio
3336 3945 3607 4005 Ecclesia:
3656 3962 3759 4005 sa:-

455 4043 578 4097 cnlo
606 4042 1014 4097 admirationem
1065 4041 1406 4110 habuerunt,
1456 4057 1522 4099 eo
1551 4042 1755 4113 aptiora
1779 4041 2030 4097 videntur
2075 4041 2142 4097 ad
2180 4056 2276 4098 eos
2338 4040 2734 4111 permovendos
2778 4041 2869 4113 qui
2916 4041 3016 4097 tria
3056 4039 3315 4098 Ecclesia:
3349 4043 3526 4113 priora
3570 4043 3764 4099 secula

457 4138 688 4208 rejicere
718 4152 823 4194 non
870 4137 1089 4193 audent.
1137 4136 1418 4194 Scribebat
1442 4134 1741 4208 Cyprianus
1764 4135 1939 4191 doctis
1968 4120 2173 4206 pariter
2200 4143 2255 4190 et
2281 4134 2537 4203 indoctis,
2570 4134 2794 4205 ejusque
2822 4134 3068 4189 doctrina
3110 4150 3216 4189 non
3247 4143 3451 4195 tantum
3483 4136 3535 4191 in
3567 4135 3765 4193 Africa:

460 4233 583 4285 luce
613 4230 951 4298 versabatur,
980 4230 1075 4286 sed
1108 4230 1158 4285 in
1192 4230 1396 4285 Italiam
1420 4229 1706 4301 navigabat
1735 4237 1790 4284 et
1817 4228 1884 4284 ad
1912 4228 2307 4285 remotissimas
2343 4226 2654 4284 Occidentis
2682 4227 3024 4299 Orientisque
3063 4228 3324 4286 ecclesias
3366 4229 3763 4301 perferebatur.

457 4314 642 4397 Itaque
670 4326 812 4382 illius
841 4326 909 4383 de
935 4326 1212 4391 Ecclesia,
1236 4325 1304 4382 de
1338 4324 1722 4392 sacramentis,
1763 4332 1983 4395 excepta
2009 4322 2078 4378 de
2126 4323 2392 4395 baptismo
2428 4322 2808 4377 lncreticorum
2843 4321 3175 4394 quastione,
3226 4321 3294 4378 de
3329 4323 3530 4379 Christi
3564 4323 3764 4380 divini-

461 4430 571 4477 tate
599 4423 822 4494 ejusque
851 4425 1019 4494 gratia
1044 4422 1368 4484 testimonia,
1403 4436 1507 4476 non
1536 4419 1692 4479 Unius
1723 4419 1961 4490 episcopi
1990 4461 2003 4484 ,
2044 4433 2142 4474 nec
2182 4416 2426 4473 ecclesia:
2470 4416 2629 4473 unius
2655 4459 2671 4487 ,
2696 4416 2792 4473 sed
2836 4415 3076 4472 omnium
3125 4416 3268 4473 illius
3317 4419 3496 4474 aetatis
3527 4416 3765 4475 Catholi-

460 4531 647 4572 corum
678 4516 982 4572 testimonia
1005 4515 1300 4573 existimari
1331 4515 1549 4571 debent.
1590 4513 2059 4583 Quemadmodum
2097 4522 2273 4589 autem
2306 4513 2529 4570 unitatis
2550 4527 2703 4569 amor
2748 4514 2888 4569 inter
2928 4513 3153 4568 virtutes
3192 4510 3446 4585 Cypriani
3495 4514 3764 4585 praecipue

464 4610 676 4677 enituit,
706 4611 784 4667 sic
825 4612 875 4666 in
917 4611 1032 4683 ejus
1061 4611 1278 4681 scriptis
1316 4610 1445 4665 nihil
1483 4609 1853 4666 vehementius
1900 4608 2344 4679 commendatur,
2406 4607 2537 4663 nihil
2594 4607 2906 4662 accuratius
2970 4604 3280 4661 defenditur
3308 4648 3323 4673 ,
3372 4621 3531 4678 quam
3586 4607 3765 4662 unitas

462 4704 742 4761 Ecclesiae.
770 4704 950 4762 Facile
980 4706 1219 4776 profecto
1247 4721 1310 4762 ex
1333 4705 1449 4775 ejus
1473 4705 1636 4759 dictis
1664 4705 1761 4757 tria
1804 4703 2146 4773 potissimum
2186 4702 2473 4773 perSpiciet
2526 4700 2767 4773 quisquis
2806 4714 2911 4755 non
2970 4714 3185 4756 omnem
3235 4716 3475 4758 amorem
3521 4701 3764 4759 veritatis

464 4801 649 4855 animo
669 4800 829 4872 ejecit
853 4818 868 4855 :
896 4802 949 4855 'I"
976 4801 1269 4857 Ecclesiam
1300 4816 1420 4871 quae.
1456 4818 1484 4853 a
1509 4798 1726 4855 Christo
1751 4813 1845 4869 per
1866 4797 2157 4868 Apostolos
2188 4795 2406 4851 fundata
2438 4805 2541 4861 est,
2571 4794 2823 4850 omnibus
2851 4796 3194 4865 conspicuam
3227 4810 3291 4851 ae
3315 4796 3576 4853 visibilem
3604 4812 3761 4866 esse;

460 4893 520 4945 2°
549 4908 647 4949 nec
670 4894 864 4964 perire,
890 4910 988 4950 nec
1013 4895 1122 4949 ullo
1143 4910 1330 4950 errore
1355 4901 1447 4948 aut
1477 4882 1768 4948 schismate
1809 4889 2079 4960 corrumpi
2108 4904 2267 4965 posse
2291 4906 2306 4955 ;
2363 4889 2419 4945 5°
2469 4890 2540 4945 ita
2574 4904 2735 4945 unam
2764 4903 2887 4946 esse
2905 4932 2919 4957 ,
2945 4898 3003 4945 ut
3030 4905 3385 4963 quaecumque
3420 4891 3487 4947 ab
3506 4906 3570 4948 ea
3599 4900 3763 4950 secta:

463 4982 859 5052 discesserunt,
890 4995 999 5040 uta
1032 5002 1155 5041 vera
1190 4985 1463 5051 Ecclesia,
1488 4983 1558 5038 ita
1589 4982 1875 5038 aha:tcrna
1901 4983 2074 5037 salute
2093 4980 2282 5045 aliena:
2299 4981 2425 5037 siut.

535 5076 668 5132 Nota
697 5094 803 5133 non
834 5088 985 5135 erant
1015 5088 1202 5135 sancto
1250 5077 1464 5149 Martyri
1497 5076 1775 5132 invisibilis
1804 5076 2047 5132 ecclesia:
2082 5084 2421 5145 commenta,
2460 5092 2579 5148 qua:
2605 5076 2762 5147 longe
2789 5075 3092 5132 recentiore
3138 5076 3398 5133 memoria
3451 5077 3760 5148 excogitata

460 5182 616 5239 sunt;
647 5172 740 5228 sed
770 5189 888 5229 eam
922 5173 1214 5229 Ecclesium
1240 5171 1484 5242 intelligit
1514 5172 1566 5226 in
1602 5187 1704 5242 qua
1741 5171 1941 5226 zizania
1965 5186 2085 5226 cum
2123 5170 2425 5247 frumento,
2478 5186 2604 5227 vasa
2635 5170 2813 5229 fictilia
2854 5186 2975 5227 cum
3012 5172 3199 5227 aureis
3214 5180 3270 5228 et
3297 5174 3566 5245 argenteis
3597 5189 3762 5245 usque

463 5265 529 5320 ad
551 5266 692 5321 diem
717 5265 904 5336 judieii
933 5266 1184 5336 permista
1214 5275 1501 5329 cernentur
1528 5265 1643 5338 (pp.
1684 5263 1752 5320 65
1779 5274 1822 5318 et
1851 5264 1972 5332 74),
2026 5278 2146 5335 qua:
2168 5279 2331 5335 super
2383 5264 2602 5320 Petrum
2654 5263 2864 5319 Domini
2916 5278 3049 5320 voce
3075 5262 3294 5320 fundata
3321 5284 3341 5316 ε
3378 5281 3482 5321 una
3512 5275 3597 5322 est
3623 5276 3678 5323 et
3707 5267 3761 5323 in

465 5357 858 5414 multitudinem
888 5358 1047 5413 latius
1075 5359 1407 5413 incremento
1443 5355 1782 5412 fecunditatis
1810 5354 2135 5424 extenditur,
2160 5372 2223 5411 ac
2253 5356 2461 5413 Domini
2492 5354 2860 5427 Iucefperfusa,
2882 5370 2979 5427 per
3005 5355 3188 5413 orbem
3220 5366 3389 5413 totum
3419 5357 3597 5414 radios
3626 5376 3759 5418 suos

463 5453 719 5524 porrigit;
750 5453 801 5507 iu
825 5468 926 5524 qua
953 5453 1291 5524 episc0patus
1323 5467 1458 5507 unus
1484 5459 1594 5517 est,
1636 5452 1788 5522 cujus
1830 5466 1861 5506 a
1899 5450 2124 5522 singulis
2154 5451 2205 5506 in
2247 5452 2477 5509 solidum
2510 5466 2635 5524 pars
2666 5460 2878 5509 tenetur
2909 5450 2993 5527 (de
3020 5452 3164 5509 Unit.
3201 5451 3424 5521 Eccles.,
3452 5473 3573 5527 pag.
3604 5455 3755 5527 l95),

464 5548 518 5599 in
547 5560 651 5616 qua
681 5560 774 5614 per
792 5540 1091 5617 temporum
1122 5554 1177 5602 et
1201 5545 1603 5602 successionum
1637 5543 1779 5600 vices
1804 5545 2179 5616 episcoporum
2209 5545 2477 5602 ordinatio
2502 5554 2558 5603 et
2578 5538 2838 5625 Ecclesia;
2867 5546 3006 5602 ratio
3030 5545 3287 5613 decurrit,
3318 5558 3375 5603 ut
3400 5548 3642 5605 Ecclesia
3667 5566 3758 5605 su-

463 5655 563 5710 per
589 5638 865 5710 cpiscopos
888 5640 1282 5707 constituatur,
1319 5649 1375 5695 et
1416 5639 1592 5695 omnis
1622 5648 1774 5695 actus
1804 5638 2059 5696 Ecclesiae
2105 5654 2200 5710 per
2237 5638 2455 5696 eosdem
2484 5640 2803 5712 prtepositos
2834 5638 3159 5712 gubernetur
3196 5639 3392 5713 (Epist.
3427 5641 3618 5716 xxvn).
3648 5662 3667 5697 ι
3701 5642 3755 5700 In

468 5737 551 5792 his
578 5746 632 5791 et
659 5734 779 5791 aliis
817 5736 1080 5806 ejusmodi
1114 5736 1245 5793 locis
1270 5737 1415 5792 nulla
1442 5735 1644 5791 residet
1671 5736 1907 5807 suspicio
1941 5735 2184 5792 ecclesia:
2209 5735 2512 5803 invisibilis;
2540 5751 2715 5809 neque
2739 5728 2893 5792 enim
2911 5734 3089 5805 lapsos
3115 5733 3419 5793 hortaretur
3449 5736 3756 5811 Cyprianus

465 5839 524 5885 ut
548 5830 801 5886 Ecclesiae
827 5829 1106 5886 invisibilis
1131 5829 1364 5888 decretis
1390 5830 1783 5902 obsequantur,
1817 5839 1908 5886 aut
1935 5828 2277 5887 confessores
2305 5839 2362 5887 ut
2380 5830 2449 5887 ad
2476 5829 2774 5888 Ecclesiam
2799 5829 3120 5886 invisibilem
3139 5828 3403 5900 redeant;
3432 5847 3535 5892 nec
3555 5833 3756 5908 episco-

462 5938 652 6017 ι,οιπιιιη
679 5922 1072 5983 successionem
1103 5921 1263 5980 habet
1281 5923 1507 5983 ecclesia
1523 5922 1825 5995 invisibilis,
1848 5937 1947 5981 nec
1975 5936 2070 5997 per
2089 5930 2257 5980 totum
2279 5921 2466 5982 orbem
2487 5922 2665 5981 radios
2691 5935 2817 5981 suos
2844 5918 3107 5981 dill'undit.
