4102 6412
352 395 418 454 17
1772 391 1972 448 Pii/EF

2038 391 2160 448 ΓΙΟ.
3592 392 3658 449 13

318 550 327 597 ς
426 514 554 581 Sed,
588 528 656 573 ne
681 514 799 586 quis
817 513 963 572 dicat
988 512 1290 572 Ecclesiam
1331 510 1520 588 primis
1554 510 1766 569 saeculis
1802 512 1904 587 hos
1932 512 2118 570 titulos
2138 512 2421 582 meruisse,
2444 520 2501 569 at
2525 521 2709 585 postea
2740 526 2927 570 rerum
2956 510 3145 570 faciem
3172 510 3338 569 fuisse
3357 519 3639 577 mutalam,

348 608 581 665 occurrit
615 608 697 664 his
722 607 1007 666 calumniis
1029 606 1359 679 Cyprianus,
1400 622 1464 663 ac
1491 604 1758 662 visibilem
1796 605 1940 661 illam
1979 605 2274 662 Ecclesiam
2308 606 2467 662 nullis
2511 606 2790 662 hominum
2818 606 3023 662 viribus
3047 607 3239 672 everti,
3270 606 3418 662 nullo
3444 621 3636 663 errore

349 703 612 775 superari,
641 703 793 759 nullo
821 701 1112 759 schismate
1141 700 1306 757 dividi
1335 714 1494 771 posse
1520 694 1813 756 contendit.
1843 698 1980 769 Quid
1999 698 2068 754 de
2093 698 2556 770 persecutionibus
2599 700 2982 771 imperatorum
3008 701 3258 764 senserit.
3291 701 3518 772 perspici
3543 714 3646 771 po-

350 806 455 855 test
484 810 550 853 ex
579 795 718 853 libro
740 795 804 851 de
829 794 1034 868 Lapsis,
1059 794 1146 851 ubi
1170 793 1492 851 horrendam
1515 793 2140 864 illam-persecutionem,
2168 809 2329 865 quam
2361 794 2555 851 Decius
2580 794 2850 863 accendit,
2876 794 3059 851 divino
3086 794 3313 851 oonsilio
3342 797 3654 865 permissam

350 892 519 951 fuisse
539 892 716 959 docet,
745 902 806 948 ut
832 892 1045 964 pietatis
1074 891 1331 956 studium,
1363 890 1519 961 longa
1551 904 1680 960 pace
1704 888 2097 961 refrigeratum,
2145 890 2599 957 exsuscitaretur;
2644 891 2724 947 sic
2752 891 2913 949 etiam
2959 890 3387 962 persecutionem
3429 891 3567 949 Galli
3601 907 3655 950 et

350 987 625 1044 Volusiaui
657 988 843 1042 Roma:
873 986 1183 1058 prorupisse
1213 985 1488 1051 observat,
1523 1004 1542 1039 ‹
1581 993 1639 1040 ιιι
1662 984 1744 1039 ad
1788 983 2196 1040 confundeudos
2230 986 2515 1041 ha:reticos
2553 994 2609 1041 et
2633 984 3002 1042 retundendos
3038 984 3352 1043 ostenderet
3396 986 3657 1043 Dominus

349 1097 471 1155 qua:
496 1092 641 1138 esset
668 1080 1008 1145 Ecclesia...,
1036 1080 1128 1152 qui
1157 1088 1493 1149 essentquos
1516 1078 1765 1135 inimicus
1792 1078 2102 1145 lacesseret,
2134 1079 2225 1150 qui
2251 1088 2441 1135 contra
2465 1078 2658 1151 quibus
2685 1078 2939 1135 diabolus
2967 1086 3025 1133 ut
3043 1078 3157 1134 suis
3180 1090 3429 1151 parceret
3456 1080 3655 1152 (Epist.

354 1177 561 1251 LVIII)J
588 1177 677 1234 Sic
701 1177 769 1233 de
788 1175 1146 1247 perpetuitate
1170 1175 1424 1232 Ecclesiae
1450 1175 1772 1231 sentientem
1800 1189 1900 1230 nec
1929 1173 2168 1231 haereses
2194 1190 2291 1230 nec
2311 1175 2598 1231 schismata
2629 1172 2907 1230 terrebant
2932 1192 2945 1227 :
2983 1174 3236 1244 praedicta
3265 1174 3383 1231 lucc
3406 1175 3606 1231 sciebat
3627 1194 3657 1230 a

351 1265 567 1324 Christo
595 1276 650 1323 ct
675 1266 962 1338 Apostolis,
987 1280 1087 1322 nec
1112 1280 1434 1336 quemquam
1462 1266 1643 1320 mirari
1670 1264 1869 1322 debere
1900 1280 2022 1321 cum
2051 1266 2312 1321 eveniunt
2346 1265 2543 1336 (Epist.
2575 1266 2683 1337 ιν).
2752 1266 2909 1322 Nullo
2933 1274 3114 1321 autem
3145 1282 3330 1322 errore
3359 1267 3657 1324 Ecclesiani

352 1360 533 1426 infici,
561 1360 710 1417 nullo
735 1360 1028 1416 schismate
1047 1359 1323 1431 corrumpi
1355 1374 1515 1430 posse
1549 1360 1788 1430 pluribus
1830 1359 1961 1416 locis
1985 1359 2243 1427 declarat,
2269 1360 2529 1430 imprimis
2559 1360 2610 1415 in
2640 1360 2777 1417 libro
2807 1361 2871 1416 de
2898 1360 3105 1416 Unitate
3132 1360 3404 1427 Ecclesiae,
3446 1362 3533 1418 ubi
3579 1364 3658 1417 εἰει

352 1454 585 1529 loquitur
611 1456 754 1529 (pag.
786 1454 912 1527 195)
938 1471 951 1508 :
983 1473 1001 1508 ι
1025 1453 1329 1509 Adulterari
1352 1468 1459 1508 non
1491 1461 1662 1524 potest
1695 1467 1891 1525 sponsa
1913 1452 2133 1522 Christi;
2158 1455 2464 1524 incorrupta
2481 1455 3049 1525 estetpudica;unam
3079 1454 3297 1511 domum
3316 1456 3659 1522 novil,uuius

351 1548 584 1605 cubiculi
615 1547 951 1605 sanctitatem
977 1558 1126 1603 casto
1147 1546 1351 1618 pudore
1367 1547 1691 1615 custodit...;
1724 1546 1849 1602 dicit
1880 1547 2138 1603 Dominus
2170 1565 2183 1603 :
2216 1546 2327 1620 Ego
2371 1558 2418 1604 et
2459 1548 2614 1604 Pater
2640 1566 2795 1605 unum
2826 1567 3004 1606 sumus
3050 1566 3068 1605 :
3108 1560 3161 1607 et
3191 1551 3382 1606 iterum
3410 1550 3479 1607 de
3499 1550 3659 1626 Patre

316 1716 319 1719 δ
352 1653 409 1700 et
433 1643 572 1701 Filio
595 1654 648 1700 et
671 1641 872 1716 Spiritu
901 1649 1089 1698 sancto
1131 1642 1390 1712 scriptmn
1415 1650 1499 1697 est
1528 1658 1542 1695 ι
1575 1639 1641 1695 Ει
1671 1641 1724 1695 Ιιὶ
1746 1651 1846 1696 tres
1866 1657 2028 1695 unum
2053 1651 2187 1697 smn.
2221 1642 2286 1697 Et
2307 1642 2593 1713 quisquam
2620 1643 2794 1699 credit
2819 1642 2957 1699 hanc
2980 1643 3237 1699 unitatem
3265 1643 3334 1700 de
3359 1643 3535 1698 divina
3565 1642 3661 1698 fir-

351 1741 537 1797 mitate
566 1740 885 1805 venientem,
920 1738 1267 1797 sacramentis
1288 1737 1600 1795 ccelcstibus
1626 1737 2014 1805 cohmrentem,
2040 1736 2209 1793 scindi
2241 1737 2293 1792 iu
2328 1737 2566 1793 Ecclesia
2604 1753 2763 1808 posse
2783 1780 2798 1805 ,
2839 1747 2893 1794 et
2927 1738 3257 1794 voluntatum
3287 1737 3654 1794 collidentimn

360 1833 591 1891 divortio
610 1826 890 1904 'separari!
919 1852 939 1885 ι
974 1831 1042 1888 Et
1072 1831 1233 1904 paulo
1262 1840 1424 1903 post:
1463 1849 1481 1884 ι
1521 1833 1657 1899 Quia
1682 1831 1881 1887 Christi
1910 1830 2137 1903 populus
2165 1846 2270 1887 non
2312 1840 2489 1903 potest
2517 1832 2719 1899 scindi,
2754 1834 2931 1889 tunica
2973 1834 3090 1906 cjus
3124 1848 3221 1904 per
3262 1843 3432 1889 totum
3460 1833 3660 1889 textilis

352 1936 410 1985 et
432 1925 707 1984 cohaerens
733 1925 901 1983 divisa
919 1941 948 1980 a
979 1925 1377 2001 possidentibus
1402 1940 1507 1981 non
1534 1934 1645 1980 cst:
1677 1924 1976 1991 individua,
1997 1924 2267 1995 copulata,
2297 1940 2562 1992 connexa,
2587 1925 2822 1982 ostendit
2848 1927 3028 1999 populi
3043 1928 3234 1996 nostri,
3261 1928 3353 1997 qui
3382 1926 3656 1982 Christum

354 2020 647 2091 induimus,
678 2018 1020 2076 concordiam
1050 2017 1451 2087 coltmrentem;
1484 2028 1822 2074 sacramento
1852 2016 2017 2075 vestis
2044 2027 2100 2074 et
2127 2018 2280 2088 signo
2307 2017 2603 2075 declaravit
2632 2018 2890 2076 Ecclesiae
2934 2022 3216 2077 unitatem.
3251 2021 3382 2090 Quis
3423 2036 3553 2091 ergo
3580 2021 3662 2076 sic

350 2119 652 2176 sceleratus
671 2128 725 2174 et
752 2115 1009 2190 perfidus,
1042 2115 1160 2186 quis
1180 2116 1257 2171 sic
1283 2113 1568 2171 discordia:
1591 2114 1774 2169 furore
1797 2127 2058 2180 vesanus,
2091 2122 2148 2168 ut
2184 2122 2275 2170 aut
2304 2112 2487 2169 credat
2517 2113 2687 2169 scindi
2714 2128 2895 2184 posse,
2923 2122 3018 2169 aut
3041 2113 3237 2169 audeat
3258 2113 3504 2169 scindere
3531 2113 3655 2169 uui-

316 2282 325 2293 ‘
352 2222 515 2269 tatem
549 2212 666 2283 Dei,
695 2220 897 2269 vestem
930 2212 1163 2278 Domini,
1194 2208 1490 2266 Ecclesiam
1522 2208 1763 2265 Christi?
1798 2229 1819 2262 ι
1864 2208 1992 2263 Erat
2021 2222 2150 2279 ergo
2178 2216 2523 2278 perspectum
2547 2207 2605 2262 S.
2637 2205 2891 2279 Martyri,
2922 2206 3167 2278 quamvis
3205 2206 3446 2265 hmreses
3472 2208 3661 2265 Eccle-

350 2305 485 2361 siam
513 2313 843 2379 oppugnent,
868 2304 1114 2376 quamvis
1157 2303 1448 2359 schismata
1489 2303 1775 2357 nontmllas
1827 2300 1979 2358 illius
2010 2311 2196 2370 partes
2241 2300 2498 2366 avellant,
2534 2299 2836 2356 Eeclesiant
2874 2308 3053 2355 tamen
3092 2300 3436 2371 suo'semper
3462 2302 3656 2357 robore

355 2409 523 2467 stare,
550 2413 650 2455 nec
679 2398 979 2465 veritatem,
1009 2412 1171 2469 quam
1204 2395 1450 2453 Christus
1480 2396 1553 2450 illi
1582 2396 1875 2460 commisit,
1920 2396 2025 2451 ulla
2065 2394 2255 2451 incresi
2301 2394 2578 2459 infuscari,
2630 2403 2723 2449 aut
2767 2393 3025 2450 unitatem
3067 2394 3357 2450 schismate
3384 2398 3660 2467 corrumpi

349 2508 527 2565 posse.
567 2493 701 2549 llinc
737 2494 876 2549 inter
929 2502 1105 2549 sectas
1145 2508 1263 2563 quae
1284 2491 1351 2547 ab
1372 2491 1613 2548 Ecclesia
1644 2490 1949 2557 discedunt,
1981 2501 2034 2547 et
2059 2492 2353 2547 Ecclesiam
2400 2493 2569 2562 ipsam
2600 2501 2804 2546 tantum
2840 2490 2987 2561 ponit
3014 2489 3368 2553 discriminis,
3398 2501 3657 2560 quantum

347 2588 489 2644 inter
517 2588 790 2643 hominum
823 2596 880 2644 et
906 2587 998 2643 Dei
1031 2601 1190 2658 opus:
1219 2602 1281 2642 ac
1318 2585 1677 2642 Novatianum
1707 2586 1948 2642 stultitiae
1974 2588 2167 2658 arguit,
2208 2606 2226 2639 ι
2262 2585 2405 2657 quod
2430 2600 2549 2640 cum
2578 2586 2646 2640 sit
2672 2601 2703 2640 a
2729 2584 2942 2641 Christo
2962 2590 3074 2639 'tma
3108 2583 3345 2638 Ecclesia
3369 2600 3463 2654 per
3485 2594 3653 2640 totunt

346 2679 605 2736 mundum
631 2681 684 2736 in
717 2681 879 2737 multa
909 2681 1148 2737 membra
1179 2679 1373 2747 divisa,
1406 2681 1534 2735 item
1554 2680 1893 2750 episcopatus
1917 2696 2057 2736 unus
2074 2679 2361 2735 multorum
2390 2678 2762 2750 episcoporum
2802 2678 3057 2735 concordi
3087 2679 3471 2733 numerositate
3497 2678 3651 2737 dillu-

346 2788 461 2843 sus,
504 2774 591 2830 ille
621 2784 739 2845 post
768 2775 860 2830 Dei
892 2772 1252 2839 traditionem,
1288 2783 1406 2842 pOSl
1432 2786 1730 2827 connexum
1762 2780 1815 2827 et
1845 2771 2043 2843 ubique
2066 2772 2404 2844 conjunctam
2431 2771 2709 2829 catholica:
2757 2771 3013 2829 Ecclesia:
3051 2772 3331 2837 unitatem,
3361 2768 3646 2829 humanam

347 2875 574 2923 conetur
596 2866 770 2923 facere
799 2866 1095 2922 Ecciesiam
1131 2865 1328 2939 (Epist.
1361 2866 1472 2938 LII).
1507 2885 1527 2918 ι
3294 2852 3299 2859 ’

419 2960 573 3030 Quod
604 2975 669 3016 ev
698 2959 780 3014 his
808 2958 1083 3031 principiis
1113 2958 1418 3015 necessario
1446 2959 1708 3030 sequitur,
1742 2973 2037 3031 numquam
2076 2961 2319 3018 accidere
2357 2977 2516 3034 posse
2538 2971 2593 3015 ut
2618 2962 2759 3033 justa
2809 2962 2879 3017 sit
2914 2975 3073 3017 causa
3103 2959 3170 3017 ab
3202 2957 3444 3016 Ecclesia
3465 2957 3647 3014 disce-

345 3052 528 3116 dendi,
560 3052 609 3107 id
640 3052 799 3106 etiam
831 3065 976 3122 saepe
1004 3066 1032 3104 a
1064 3050 1330 3122 Cypriano
1355 3049 1577 3109 docetur
1604 3070 1617 3106 :
1659 3068 2025 3126 quoscumque
2053 3056 2195 3111 enim
2226 3056 2439 3112 videbat
2468 3057 2535 3112 ab
2560 3056 2799 3112 Ecclesia
2828 3044 3129 3122 discedere,
3162 3069 3257 3111 eos
3282 3057 3495 3126 propria
3525 3070 3651 3110 scn-

344 3145 511 3204 tcntia
543 3143 824 3199 damnatos
851 3142 1083 3210 dicebat,
1115 3144 1185 3198 ita
1213 3153 1269 3197 ut
1300 3158 1523 3201 necesse
1558 3161 1662 3200 non
1709 3156 1858 3202 esset
1887 3147 2029 3203 aliud
2061 3147 2128 3204 de
2149 3148 2255 3204 illis
2276 3149 2534 3219 judicium
2583 3151 2803 3207 institui.
2825 3149 2915 3208 Sic
2952 3130 3024 3206 ait
3072 3150 3267 3224 (Epist.
3300 3148 3450 3221 xmx)
3475 3147 3652 3205 Nova-

348 3250 478 3304 tum,
506 3257 522 3290 ι
550 3237 638 3308 qui
669 3237 786 3308 ejici
804 3235 872 3292 dc
897 3235 1134 3293 Ecclesia
1156 3246 1210 3293 et
1229 3238 1436 3294 excludi
1454 3238 1702 3307 habebat,
1726 3240 1982 3311 judicium
2001 3243 2340 3300 sacerdotum
2369 3245 2665 3301 Voluntaria
2683 3246 3012 3304 discessione
3033 3266 3051 3299 ι
3076 3246 3434 3317 praecessisse,
3460 3263 3479 3297 ι
3500 3230 3655 3315 quasi

346 3332 581 3389 evasisse
606 3331 677 3386 sit
700 3347 931 3400 premint,
966 3332 1294 3401 prmvcnisse
1320 3335 1641 3390 sententiam
1675 3353 1687 3389 :
1724 3356 1743 3389 ι
1777 3344 1829 3391 ct
1859 3336 1913 3390 iu
1940 3336 2078 3391 libro
2108 3337 2173 3392 de
2204 3338 2346 3394 Unit.
2381 3338 2599 3403 Ecclrs.,
2632 3357 2684 3409 ρ.
2716 3339 2841 3397 200.
2881 3358 2898 3391 ι
2935 3338 3275 3395 Aversandus
3324 3346 3411 3394 est
3454 3338 3596 3403 talis,
3633 3357 3653 3389 ι

347 3425 539 3497 inquit,
566 3442 585 3476 ι
620 3433 779 3495 atque
806 3417 1088 3494 fugiendus
1119 3425 1360 3497 quisquis
1386 3425 1544 3483 fuerit
1569 3427 1636 3481 ab
1659 3426 1899 3484 Ecclesia
1928 3439 2226 3498 separatus.
2254 3431 2545 3486 Perversus
2571 3441 2647 3485 est
2684 3430 3007 3501 hujusmodi,
3029 3440 3082 3485 et
3109 3439 3294 3501 peccat
3319 3438 3478 3486 etest
3503 3446 3533 3485 a
3556 3446 3647 3485 sc-

346 3519 575 3588 metipso
615 3516 901 3572 damnatus
941 3515 1088 3586 (για.
1125 3516 1296 3588 Epist.
1330 3519 1443 3588 χι).
1485 3538 1503 3572 ι
1541 3518 1620 3574 Ex
1652 3518 1735 3574 his
1766 3518 1921 3575 facile
1958 3521 2277 3591 perspicitur
2299 3536 2456 3576 uuam
2498 3538 2715 3592 prorsus
2745 3532 2799 3577 ct
2827 3522 3149 3576 individuam
3180 3535 3301 3577 csse
3324 3519 3521 3576 Christi
3545 3520 3647 3575 Ec-

344 3612 586 3680 clesiarn,
616 3611 861 3684 quamvis
884 3611 1063 3682 plures
1091 3621 1254 3668 secta:
1283 3627 1463 3669 veram
1489 3628 1550 3669 se
1577 3612 1874 3671 Ecclesium
1897 3615 2097 3672 Christi
2128 3631 2248 3671 esse
2280 3615 2575 3672 intendant.
2610 3614 2744 3671 Nam
2780 3616 2896 3684 plus
2921 3631 3019 3671 una
3043 3630 3163 3670 esse
3188 3629 3295 3670 non
3319 3620 3497 3686 potest
3525 3629 3644 3680 qua:

344 3721 531 3763 errore
550 3714 607 3762 et
626 3705 917 3761 schismate
945 3719 1052 3760 non
1080 3704 1246 3775 possit
1273 3708 1463 3776 everti,
1487 3716 1543 3764 et
1564 3726 1593 3764 a
1622 3725 1724 3781 qtta
1762 3711 1880 3767 sine
1913 3712 2118 3767 scelere
2142 3711 2344 3767 discedi
2385 3728 2489 3766 non
2532 3712 2720 3783 possit.
2764 3710 2821 3768 Id
2869 3719 3046 3766 autem
3074 3709 3300 3766 miriﬁce
3323 3706 3650 3765 confirmant

343 3814 532 3856 omnes
551 3798 802 3872 Cy’priani
829 3798 1131 3854 sententiae.
1157 3796 1454 3856 Ecclesium
1491 3820 1509 3853 ι
1540 3817 1661 3873 ιιιιω
1690 3813 1746 3861 et
1778 3805 1906 3860 vivit
1929 3806 1983 3860 in
2011 3815 2272 3861 a3tcruum
2300 3816 2355 3861 et
2384 3803 2615 3861 viviﬁcat
2646 3806 2735 3861 Dei
2765 3805 3019 3876 populum
3048 3804 3125 3878 (p.
3154 3802 3300 3876 A127),
3341 3822 3360 3856 ι
3387 3804 3458 3859 ita
3485 3818 3644 3859 unam

342 3906 465 3947 esse
492 3889 786 3955 contendit,
819 3898 898 3955 ut,
926 3890 970 3945 si
1002 3890 1141 3961 apud
1160 3889 1513 3949 Novatianum
1545 3892 1828 3967 fuit,'apud
1857 3896 2166 3953 Cornelium
2218 3914 2319 3952 non
2352 3899 2513 3956 fuisse
2542 3899 2780 3955 declaret
2819 3898 2895 3971 (p.
2928 3897 3075 3965 152).
3107 3897 3242 3953 lline
3270 3897 3426 3954 toties
3456 3897 3648 3953 Eccle-

344 3984 423 4040 sia
453 3986 637 4039 hortus
663 3982 971 4051 conclusus,
1003 3984 1121 4039 fons
1153 3983 1389 4057 signatus
1420 3987 1643 4055 dicitur,
1685 4002 1743 4044 ut
1789 3990 1842 4044 in
1872 3988 2059 4045 eadem
2089 3992 2309 4062 pagina;
2346 4006 2540 4061 sponsa
2571 3992 2789 4057 Christi,
2815 4005 2932 4062 qua:
2964 3988 3076 4044 sola
3110 3988 3249 4045 filios
3269 4004 3526 4058 generare
3558 4003 3651 4057 po-

342 4087 463 4145 test,
487 4094 713 4150 qua:que
741 4094 862 4136 cum
896 4078 1113 4136 Christo
1142 4081 1428 4138 individuis
1456 4082 1681 4139 nexibus
1705 4084 1940 4140 cohmret
1960 4082 2074 4157 (pp.
2105 4085 2194 4148 63,
2220 4086 2341 4152 108,
2385 4086 2507 4151 HO,
2542 4086 2662 4153 H7,
2698 4082 2842 4156 l95).
2876 4103 2895 4134 ι
2921 4080 3068 4140 Hanc
3100 4081 3352 4138 Ecclesiae
3375 4080 3652 4137 catholica:

344 4173 598 4227 unitatem
625 4169 693 4227 de
710 4171 909 4227 divina:
929 4171 1299 4244 dispositionis
1327 4174 1634 4246 dignatione
1654 4177 1953 4236 venientem
1978 4180 2054 4250 (p.
2082 4179 2231 4252 128),
2264 4199 2283 4232 ι
2316 4183 2631 4249 comparare
2682 4195 2786 4235 non
2814 4177 3021 4234 dubitat
3061 4176 3359 4249 Cyprianus
3386 4191 3507 4232 cum
3531 4176 3620 4230 uni
3642 4204 3655 4217 ι

346 4275 455 4322 tate
483 4265 682 4322 Christi
707 4266 786 4339 (p.
812 4265 961 4338 £52),
995 4284 1125 4323 cum
1146 4270 1346 4326 unitate
1367 4270 1460 4327 Dei
1493 4272 1571 4345 (p.
1593 4270 1743 4343 202),
1771 4287 1892 4329 eum
1916 4274 2116 4329 unitate
2133 4272 2408 4329 Trinitatis
2438 4274 2513 4346 (p.
2547 4271 2696 4345 196).
2790 4302 2801 4318 ι
3628 4276 3634 4289 ’

419 4364 591 4431 Atque
617 4359 704 4416 hic
729 4360 828 4415 fuit
852 4362 1017 4417 cardo
1040 4362 1281 4418 onmium
1316 4367 1805 4422 controversiarum
1853 4382 1973 4436 qua:
2005 4375 2191 4421 sancto
2215 4366 2485 4439 Cypriano
2528 4375 2977 4437 supervenerunt.
3012 4365 3144 4422 Cum
3186 4363 3553 4421 Felicissitnus
3597 4375 3653 4418 et

344 4452 581 4522 quinque
608 4450 903 4523 presbyteri
932 4452 1221 4509 nonnullos
1246 4469 1313 4508 ex
1340 4453 1506 4525 lapsis
1530 4471 1559 4510 a
1588 4455 1840 4528 Cypriani
1870 4457 2253 4514 communione
2279 4459 2685 4524 abstraxissent,
2711 4473 2773 4514 ac
2794 4458 3053 4529 speciosis
3079 4458 3253 4514 causis
3284 4459 3463 4515 scelus
3490 4473 3646 4513 suum

344 4554 727 4619 prmtexcrent,
754 4554 989 4616 quantus
1012 4544 1167 4605 dolor
1201 4548 1407 4604 exstitit
1430 4545 1684 4620 Cypriani
1710 4549 1763 4604 in
1794 4548 1894 4606 hac
1921 4550 2223 4607 animarum
2246 4550 2347 4607 sibi
2374 4550 2699 4607 creditarum
2730 4550 2996 4621 pernicie!
3023 4559 3224 4622 quanto
3244 4551 3519 4606 charitatis
3541 4559 3651 4604 stu-

346 4641 437 4696 dio
459 4640 703 4697 hortatur
723 4649 778 4696 ut
801 4641 971 4697 vitent
997 4642 1152 4715 lupos
1172 4638 1263 4715 qui
1290 4644 1518 4700 salutem
1542 4644 1878 4716 promittunt,
1906 4665 1925 4697 ι
1953 4662 2020 4702 ne
2037 4647 2127 4718 qui
2152 4645 2375 4718 deliquit
2398 4645 2577 4701 veniat
2601 4644 2670 4700 ad
2697 4644 2924 4701 salutem
2952 4662 2966 4710 ;
2997 4664 3016 4698 ι
3042 4645 3130 4716 qui
3162 4643 3457 4700 Ecclesiam
3484 4657 3645 4712 spon-

341 4732 489 4801 dent,
520 4734 645 4789 dum
678 4733 727 4788 id
759 4744 939 4807 agunt,
965 4736 1133 4807 utqui
1165 4736 1270 4792 illis
1289 4737 1461 4793 credit
1494 4756 1514 4791 ι
1550 4739 1600 4792 in
1633 4746 1800 4795 totum
1826 4739 1895 4794 ab
1927 4739 2167 4796 Ecclesia
2196 4749 2382 4810 pereat
2422 4737 2590 4811 (Epp.
2621 4755 2828 4795 xxxvnt
2858 4748 2913 4795 et
2944 4737 3060 4811 χι).
3100 4759 3118 4791 ι
3161 4736 3303 4793 Nihil
3347 4745 3524 4792 autem
3554 4751 3650 4803 ap-

344 4827 449 4883 tius
481 4826 763 4884 videbatur
789 4826 1059 4901 Cypriano
1092 4828 1158 4884 ad
1187 4844 1279 4886 eos
1305 4829 1394 4901 qui
1442 4829 1654 4901 decepti
1693 4830 1905 4888 fuerant
1930 4831 2305 4894 deterrendos,
2329 4847 2489 4903 quam
2517 4840 2574 4887 ut
2609 4844 2704 4886 eos
2730 4830 3128 4905 demonstraret
3155 4829 3206 4884 iu
3244 4828 3483 4885 Ecclesia
3520 4841 3642 4881 cum

343 4922 611 4993 episcopis
640 4931 694 4978 et
717 4922 874 4993 plebe
897 4923 1094 4980 Christi
1119 4924 1522 4979 communicare
1547 4939 1653 4980 non
1685 4939 1864 4996 posse,
1884 4926 1931 4982 si
1956 4924 2264 4981 schismatis
2300 4925 2465 4981 duces
2495 4931 2803 4995 sequantur,
2832 4922 3145 4999 Reverajsic
3165 4922 3424 4999 impressa
3446 4928 3564 4975 erat
3594 4930 3650 4974 et

347 5016 620 5086 insculpta
643 5016 805 5071 etiam
839 5015 1130 5087 plebecula:
1155 5016 1349 5072 animis
1376 5018 1491 5074 lucc
1519 5017 1785 5087 doctrina,
1809 5034 1967 5073 uuam
2000 5033 2219 5089 prorsus
2265 5032 2387 5074 esse
2430 5017 2751 5082 Ecclesiam,
2781 5031 2880 5072 nec
2909 5016 2976 5071 ab
3006 5031 3068 5072 ca
3107 5013 3416 5072 discedendi
3453 5013 3651 5083 justam

346 5121 566 5164 causam
597 5105 836 5163 incidere
867 5122 1047 5178 posse,
1081 5116 1140 5162 ut
1166 5108 1473 5165 schismatis
1501 5110 1740 5182 signiferi
1769 5126 1867 5182 spe
1893 5107 2153 5166 redeundi
2173 5110 2224 5165 in
2257 5108 2554 5165 Eeclesiam
2599 5107 2861 5175 ducerent
2888 5117 2943 5163 et
2972 5107 3233 5163 laetarent
3257 5119 3391 5175 quos
3418 5104 3649 5174 decepe.

345 5209 499 5266 rant;
532 5197 626 5255 sed
653 5198 892 5256 fraudem
921 5201 1142 5259 nudavit
1169 5202 1438 5260 ordinatio
1467 5204 1742 5260 Fortunali
1766 5220 1925 5276 quem
1949 5204 2474 5276 pscudoepiscopum
2493 5202 2974 5274 Carthaginensem
2995 5200 3410 5257 constituerunt.
3439 5216 3458 5248 ι
3492 5196 3657 5253 Nam-

344 5308 447 5365 que
474 5291 508 5345 ii
535 5291 730 5363 quibus
756 5291 807 5346 in
828 5294 1175 5362 pra-teritum,
1218 5315 1236 5349 ι
1272 5296 1450 5367 inquit
1480 5296 1781 5369 Cyprianus
1829 5296 1952 5369 (Ep.
1978 5312 2066 5365 Lv,
2096 5313 2147 5367 p.
2180 5295 2295 5367 87),
2326 5313 2346 5347 ι
2383 5294 2650 5367 prazstigia
2671 5293 3100 5351 oblendebantu'r
3116 5302 3169 5347 et
3198 5290 3465 5346 dabantur
3490 5292 3661 5363 verba.

345 5384 577 5453 fallacia,
607 5383 750 5456 quod
780 5384 939 5440 simul
981 5386 1046 5440 ad
1082 5387 1369 5446 licelesiam
1409 5390 1707 5462 regressuri
1730 5388 2055 5454 dicerentur,
2083 5398 2428 5461 posteaquam
2480 5388 2728 5445 viderunt
2757 5388 2864 5445 illic
2894 5384 3404 5459 pscudoepiscopum
3434 5384 3654 5453 factum,

344 5480 630 5536 frustratos
651 5489 706 5535 et
735 5478 991 5550 deceptos
1012 5494 1069 5536 se
1086 5495 1207 5537 esse
1233 5481 1553 5553 didicerunt,
1586 5492 1642 5539 et
1668 5491 1910 5538 remeant
1947 5482 2192 5554 quotidie
2218 5494 2379 5555 atque
2408 5482 2474 5538 ad
2511 5482 2804 5539 Ecclesiam
2833 5479 3065 5551 pulsant.
3105 5497 3123 5529 ι
3153 5475 3436 5547 Novatiani
3464 5477 3646 5548 factio,

348 5582 406 5628 ιιι
429 5573 644 5645 pietatis
672 5574 815 5645 pelle
851 5572 1071 5630 nitidior
1099 5583 1217 5630 erat
1260 5591 1418 5647 quam
1451 5577 1791 5644 Felicissimi,
1824 5578 1895 5633 ita
1926 5577 2186 5649 majorem
2239 5579 2533 5650 perniciem
2558 5578 2717 5634 traxit
2748 5595 2762 5633 :
2814 5576 3049 5647 ipsorum
3083 5573 3242 5630 etiam
3285 5574 3653 5634 eonfessorum

347 5667 536 5725 oculos
559 5668 870 5740 perstrinxit
893 5668 1102 5725 fucatus
1128 5668 1315 5738 color;
1342 5671 1581 5742 gravavit
1612 5671 1934 5743 Cyprianum
1960 5679 2015 5727 ct
2040 5671 2395 5736 contristavit,
2428 5682 2478 5727 ut
2510 5671 2627 5742 ejus
2655 5670 2834 5725 verbis
2859 5676 2978 5724 utar
3030 5668 3154 5743 (Ep.
3189 5669 3366 5743 xuv),
3421 5680 3476 5726 et
3518 5671 3655 5725 into-

349 5759 590 5818 lerahilis
618 5760 847 5833 perculsi
872 5776 1008 5833 pene
1037 5761 1290 5833 prostrati
1320 5762 1553 5834 pectoris
1580 5764 1835 5820 nitestitia
1866 5762 2214 5834 perstrinxit,
2248 5763 2388 5834 quod
2415 5762 2689 5835 semetipsi
2711 5777 2741 5816 a
2766 5759 2964 5817 Christi
2992 5776 3152 5833 grege
3184 5769 3239 5816 et
3276 5763 3345 5818 ab
3373 5761 3490 5831 ejus
3522 5776 3655 5831 pace

352 5863 406 5911 et
430 5855 714 5913 concordia
741 5864 1110 5927 separasscnt;
1141 5855 1285 5927 quod
1314 5869 1408 5911 eos
1436 5855 1501 5912 de
1524 5871 1743 5914 carcere
1791 5856 2114 5928 prodeuntes
2149 5839 2521 5915 schismaticus
2546 5866 2601 5913 ct
2626 5856 2908 5913 lnercticus
2929 5869 3081 5913 error
3105 5856 3410 5927 excepisset
3453 5853 3653 5927 (Epist.

363 5948 462 6019 ιι).
508 5948 627 6006 Νοιι
652 5965 843 6023 parum
864 5949 1063 6035 proluit
1092 5949 1175 6007 his
1200 5949 1602 6011 confessoribtm
1621 5950 1875 6025 Cypriani
1906 5950 2231 6021 adhortatio,
2260 5962 2319 6009 ut
2342 5953 2543 6010 illatum
2570 5950 2764 6029 unitati
2788 5950 3038 6010 damnum
3068 5951 3204 6011 felici
3233 5950 3406 6009 reditu
3441 5965 3668 6023 repara-
