4102 6434
446 404 468 459 4
485 401 517 460 9
1933 394 2316 455 rnzerATto.
3318 368 3323 374 ’
3692 402 3727 456 9
3750 407 3768 452 ,

452 526 610 576 rent:
636 533 759 576 nam
787 535 806 572 ι
839 516 1161 590 cognitosuo
1175 530 1381 585 errore,
1406 534 1427 569 ι
1458 523 1517 572 ut
1538 515 1847 571 aitsanctus
1880 511 2165 571 Cornelius
2185 512 2382 587 (Epist.
2415 509 2583 588 vat),
2622 533 2641 567 ι
2674 513 2742 570 ad
2766 513 3061 571 Ecclesiam
3086 513 3226 573 unde
3247 515 3508 585 exierant,
3537 517 3770 589 simplici

459 612 733 668 voluntate
755 618 1037 667 venerunt.
1064 608 1344 666 iConfessi
1365 616 1491 664 sunt
1515 622 1754 663 errorem
1781 620 1963 661 coram
1988 604 2241 675 Cornelio
2264 613 2321 660 et
2357 605 2591 676 quinque
2622 606 2742 663 aliis
2768 607 3069 679 episcopis,
3098 617 3153 664 et
3174 608 3419 665 Romano
3448 611 3767 684 presbytero

460 717 516 761 et
536 706 650 776 ipsa
682 706 856 776 plebe,
881 705 1037 776 cujus
1063 719 1287 774 magnus
1314 714 1609 759 concursus
1639 698 1811 755 factus
1841 699 2043 764 fuerat,
2071 696 2420 754 declararunt
2455 699 2723 756 sinceram
2756 714 2909 755 suam
2940 710 3173 757 mentem
3203 715 3416 773 semper
3439 703 3490 758 in
3522 701 3766 761 Ecclesia

461 800 659 865 fuisse;
688 814 861 870 neque
889 799 1031 853 enim
1063 813 1123 853 se
1152 798 1398 868 ignorare
1434 813 1453 846 ‹
1484 807 1649 849 unum
1678 792 1847 848 Deum
1876 804 2020 857 esse,
2050 798 2111 845 et
2128 805 2297 844 unum
2323 776 2599 846 Christum
2627 803 2749 846 esse
2770 791 3088 857 Dominum,
3127 807 3291 847 unum
3329 793 3585 864 Spiritum
3610 809 3767 852 sanc-

467 904 602 961 tum,
632 910 792 948 unum
823 894 1133 964 episcopum
1164 895 1217 947 in
1240 892 1477 947 Ecclesia
1509 889 1771 945 catholica
1818 903 1939 943 esse
1974 887 2191 942 debere.
2230 905 2249 939 i
2295 889 2348 943 Si
2375 902 2478 959 qtta
2510 897 2686 945 tamen
2730 898 2873 947 secta
2899 890 3203 949 schisntalis
3230 901 3409 949 notam
3428 893 3685 966 effugere,
3715 905 3772 952 ct

462 1004 606 1049 ver-.e
636 987 891 1044 Ecclesia:
920 1004 1042 1058 pars
1074 985 1245 1042 videri
1273 980 1472 1055 ιιοτεεῐ,
1509 983 1559 1039 id
1587 984 1688 1038 sibi
1724 983 1776 1037 in
1805 982 1992 1052 primis
2022 979 2298 1036 Novatiani
2327 994 2474 1037 secta
2506 983 2845 1051 vindicaret,
2872 995 2931 1039 ut
2956 999 3077 1057 quae
3105 1000 3206 1041 nec
3224 985 3482 1043 Ecclesia:
3521 986 3768 1060 dogmata

466 1083 655 1138 saltem
684 1083 737 1135 in
762 1081 1087 1152 primordiis,
1120 1096 1219 1137 nec
1241 1082 1559 1136 exteriorem
1588 1078 1863 1147 religionis
1885 1076 2112 1131 formam
2146 1075 2390 1131 violaret.
2434 1076 2540 1132 Sed
2571 1078 2875 1149 Cyprianus
2904 1079 3183 1135 contendit
3225 1068 3376 1150 parvi
3410 1079 3614 1136 referre
3643 1082 3770 1154 quid

463 1175 787 1233 Novatianus
806 1176 1017 1239 doceat,
1058 1194 1077 1226 ι
1110 1191 1231 1231 cum
1261 1173 1391 1231 foris
1434 1174 1640 1229 doceat.
1667 1170 1921 1240 Quisquis
1947 1169 2034 1224 ille
2063 1177 2198 1231 est,»
2227 1169 2397 1239 inquit
2430 1170 2626 1242 (Epist.
2674 1185 2765 1238 LII,
2802 1188 2854 1242 ρ.
2881 1173 2997 1243 75),
3023 1173 3467 1245 (qualiscumque
3489 1183 3594 1240 est,
3616 1175 3771 1233 Chri-

461 1271 666 1327 stianus
698 1279 907 1325 nonest
930 1269 1019 1340 qui
1049 1268 1100 1323 in
1130 1268 1369 1324 Ecclesia
1394 1266 1591 1340 Christi
1618 1280 1724 1321 non
1754 1276 1856 1319 est.
1898 1283 1918 1316 ι
1945 1262 2091 1318 Idem
2121 1261 2280 1317 docet
2302 1264 2541 1334 pluribus
2565 1265 2685 1321 aliis
2725 1266 2778 1321 in
2810 1266 2941 1321 locis
2960 1307 2974 1331 ,
3004 1266 3301 1336 prtrsertim
3335 1266 3420 1335 iul
3443 1269 3669 1339 epistola
3704 1271 3773 1325 ad

466 1363 739 1435 Magnum,
774 1363 861 1418 uhi
887 1364 966 1418 sic
990 1363 1223 1433 loquitur
1249 1367 1324 1434 (p.
1350 1363 1507 1433 liii):
1548 1381 1567 1414 ς
1596 1361 1779 1433 Neque
1805 1362 1947 1417 enim
1984 1360 2242 1429 Dominus
2284 1370 2466 1417 noster
2494 1360 2651 1416 Jesus
2678 1360 2924 1416 Christus
2947 1403 2960 1426 ,
2998 1378 3019 1412 ι
3052 1360 3252 1432 inquit,
3291 1368 3325 1414 r‘
3345 1377 3467 1418 cum
3498 1364 3550 1418 in
3579 1363 3759 1421 Evan-

470 1458 612 1528 gelio
639 1474 736 1511 suo
759 1466 1048 1513 testaretur
1071 1456 1406 1512 adversarios
1434 1471 1563 1512 suos
1591 1471 1717 1512 esse
1745 1471 1839 1513 cos
1865 1458 1955 1527 qui
1977 1473 2157 1513 secum
2208 1473 2311 1511 non
2349 1464 2551 1524 essent,
2584 1455 2814 1524 aliquam
2856 1453 3094 1524 speciem
3142 1454 3413 1514 lia-reseas
3447 1456 3772 1530 designavit,

479 1552 575 1606 sed
601 1567 788 1607 onmcs
804 1554 1026 1606 omnino
1054 1552 1145 1622 qui
1170 1567 1352 1607 secum
1382 1568 1485 1607 non
1511 1560 1711 1616 essent,
1735 1561 1790 1607 et
1813 1567 2001 1607 secum
2029 1567 2135 1607 non
2151 1552 2466 1623 colligentes
2494 1566 2711 1623 gregem
2730 1566 2884 1607 suum
2913 1560 3251 1621 Spargerent,
3285 1551 3625 1611 adversarios
3646 1571 3776 1613 suos

471 1660 593 1699 esse
643 1644 910 1711 ostendit,
956 1646 1139 1702 dicens
1170 1665 1184 1701 :
1216 1647 1317 1714 Qui
1348 1660 1450 1699 non
1485 1656 1556 1699 est
1598 1661 1812 1714 mecum,
1838 1648 2105 1701 aduersarii
2132 1664 2213 1703 me
2231 1658 2326 1713 est;
2355 1656 2401 1702 et
2426 1648 2510 1719 qui
2538 1664 2734 1702 mecum
2760 1665 2862 1703 non
2899 1648 3110 1719 colligit,
3137 1649 3400 1720 dispergit.
3434 1649 3565 1705 Item
3591 1650 3779 1708 beatus

477 1736 711 1793 Joannes
756 1739 1051 1809 apostolus,
1068 1754 1165 1795 nec
1195 1741 1308 1810 ipse
1326 1740 1485 1795 ullam
1514 1739 1764 1795 hmresim
1786 1749 1879 1795 aut
1896 1740 2129 1795 schisma
2150 1740 2423 1808 discrevit,
2444 1740 2756 1811 autaliquos
2779 1741 3056 1811 Speciatim
3082 1755 3299 1811 separes
3317 1742 3513 1811 posuit,
3544 1742 3639 1798 sed
3668 1745 3782 1799 uni-

484 1848 674 1888 versos
693 1836 781 1905 qui
800 1834 868 1890 de
888 1833 1125 1889 Ecclesia
1143 1834 1418 1902 exiissem,
1443 1834 1640 1905 quique
1662 1842 1849 1889 contra
1868 1833 2167 1890 Ecclesiam
2198 1834 2432 1891 facerent
2455 1877 2470 1902 ,
2505 1834 2848 1890 antichristos
2882 1835 3188 1905 appellavit,
3216 1845 3319 1891 etc.
3364 1855 3383 1888 ι
3417 1836 3780 1905 Quamobrem

485 1930 725 1985 declarat
741 1929 1003 2001 S.blartyr
1020 1944 1086 1985 ne
1108 1929 1426 2001 martyrium
1444 1928 1663 2000 quidem
1678 1937 1829 1983 extra
1846 1928 2142 1986 Ecclesium
2163 1945 2193 1985 a
2217 1930 2561 1987 damnatione
2580 1929 2859 1985 liberaret
2885 1928 3123 1986 Ardeant
3141 1929 3263 1985 licet
3286 1928 3537 1997 ﬂammis,
3564 1951 3582 1984 ι
3600 1931 3783 2004 inquit

476 2024 535 2077 in
574 2022 715 2078 libro
744 2023 807 2077 dc
840 2022 983 2078 Unit.
1016 2021 1215 2077 Eccles.
1246 2022 1446 2092 p.199,
1477 2040 1495 2074 ι
1531 2030 1586 2077 et
1613 2021 1823 2091 ignibus
1853 2020 2028 2076 traditi
2063 2022 2148 2077 vel
2168 2022 2365 2093 objecti
2393 2022 2581 2079 beSIiis
2626 2022 2834 2077 animas
2864 2035 2992 2077 suas
3021 2030 3243 2093 ponant,
3275 2037 3381 2080 non
3405 2023 3514 2080 erit
3542 2023 3629 2080 illa
3658 2023 3783 2083 fidei

476 2131 697 2181 corona,
726 2116 819 2172 sed
850 2131 1005 2187 paena
1039 2115 1278 2186 perﬁdiae
1298 2156 1312 2181 ,
1339 2129 1439 2170 nec
1482 2115 1745 2184 religiosae
1783 2113 1993 2169 virtutis
2019 2115 2194 2171 exitus
2227 2116 2494 2187 gloriosus
2515 2158 2530 2183 ,
2574 2114 2670 2171 sed
2697 2115 3094 2186 desperationis
3132 2116 3401 2172 interitus.
3432 2116 3619 2174 Occidi
3647 2119 3771 2176 talis

473 2217 674 2279 potest,
700 2207 947 2263 coronari
986 2222 1092 2263 non
1114 2216 1312 2278 potest.
1363 2226 1382 2259 ι
1412 2206 1613 2263 Eadem
1635 2208 1900 2263 sententia
1925 2223 2069 2277 saepe
2091 2210 2224 2266 alias
2253 2209 2506 2277 occurrit,
2538 2218 2595 2265 ut
2620 2209 2675 2264 in
2703 2207 2895 2266 eodem
2916 2208 3057 2267 libro
3094 2210 3158 2265 de
3191 2209 3359 2279 Unit.,
3399 2229 3453 2284 p.
3488 2211 3613 2283 198,
3635 2221 3690 2271 et
3726 2210 3785 2273 in

478 2304 650 2375 Epist.
684 2319 774 2370 ιιι,
804 2321 858 2376 p.
892 2302 979 2367 7i,
1004 2304 1128 2358 etin
1157 2317 1284 2369 LVII,
1311 2319 1365 2373 p.
1387 2301 1478 2359 95.

546 2444 603 2501 Si
630 2444 748 2516 quis
774 2451 950 2500 autem
976 2444 1277 2517 suspicetur
1296 2445 1619 2517 Cyprianum
1650 2461 1835 2502 amore
1864 2446 2079 2501 unitatis
2105 2446 2323 2519 longius
2353 2462 2510 2519 quam
2541 2462 2636 2518 par
2664 2457 2749 2504 est
2769 2446 2970 2516 eﬂerri,
2994 2447 3037 2504 is
3063 2447 3437 2506 admonendus
3459 2459 3543 2507 est
3562 2459 3789 2510 ctetcras

476 2554 665 2597 onmcs
695 2538 950 2594 ecclesias
992 2554 1114 2594 cum
1146 2539 1411 2611 Cypriane
1434 2538 1504 2595 de
1537 2539 1618 2594 his
1649 2540 1925 2612 principiis
1950 2544 2316 2608 consensisse,
2342 2543 2586 2612 quamvis
2612 2558 2718 2599 non
2741 2542 2958 2598 easdem
2984 2558 3047 2597 ac
3072 2544 3164 2599 ille
3182 2545 3593 2602 consecutiones
3611 2546 3785 2602 dedu-

476 2643 679 2701 cerent,
713 2648 811 2689 nec
830 2633 1091 2703 baptisma
1124 2633 1412 2705 rejicerent
1432 2633 1956 2690 hzereticorumJloc
1980 2636 2125 2691 enim
2149 2645 2466 2708 argumento
2492 2635 2830 2691 adversarios
2856 2650 2987 2692 suos
3001 2636 3613 2709 refellebatCyprianus,
3640 2640 3788 2711 quod

474 2730 733 2801 Spiritum
762 2739 1005 2784 sanctum
1052 2738 1201 2782 extra
1240 2728 1535 2783 Ecclesiam
1560 2744 1658 2784 nec
1690 2729 1876 2786 haberi
1915 2745 2014 2783 nec
2042 2730 2155 2785 dari
2174 2746 2329 2802 posse
2347 2725 2647 2787 faterentur
2680 2749 2692 2784 :
2729 2750 2747 2783 ι
2775 2730 2876 2799 Qui
2905 2747 3225 2801 quamquam
3250 2732 3551 2802 pertinaces
3578 2735 3709 2790 alias
3733 2744 3790 2791 et

478 2822 758 2887 indociles,
799 2841 817 2873 ›
845 2823 1016 2892 inquit
1069 2821 1261 2895 (Epist.
1317 2838 1495 2886 Lxxu,
1544 2839 1596 2891 p.
1656 2822 1802 2892 155),
1843 2842 1860 2874 ι
1892 2823 1972 2877 vel
1998 2822 2101 2877 hoc
2130 2830 2306 2878 tamen
2335 2826 2682 2893 comitentur,
2720 2822 2865 2895 quod
2888 2823 3123 2879 universi
3153 2824 3266 2878 sive
3297 2824 3624 2883 sehismatici
3673 2829 3787 2885 sive

475 2917 754 2985 haeretici,
813 2932 919 2971 non
947 2914 1453 2987 habeantSpiritum
1491 2924 1732 2969 sanetum
1760 2931 1773 2980 ;
1806 2925 1859 2970 et
1884 2915 2005 2971 ideo
2033 2916 2302 2987 baptizare
2331 2917 2546 2987 quidem
2574 2926 2833 2987 possunt,
2881 2916 3010 2972 dare
3036 2925 3216 2973 autem
3243 2917 3501 2988 Spiritum
3544 2930 3785 2977 Sanctum

477 3026 586 3064 non
610 3016 851 3079 possunt,
891 3010 941 3062 in
972 3007 1073 3063 hoc
1103 3007 1218 3079 ipso
1258 3023 1286 3060 a
1318 3006 1472 3061 nobis
1506 3014 1752 3062 tenentur
1797 3016 1853 3061 ut
1882 3008 2228 3065 ostendamus
2279 3025 2377 3065 nec
2416 3010 2690 3080 baptizare
2719 3026 2813 3066 eos
2857 3011 3079 3067 omnino
3109 3026 3267 3082 posse
3293 3013 3384 3083 qui
3415 3029 3523 3068 non
3554 3013 3788 3071 habeant

478 3103 737 3174 Spiritum
782 3112 1048 3158 sanctum.
1087 3123 1104 3155 ›
1140 3102 1341 3158 Eodem
1374 3109 1689 3173 argumento
1713 3117 1830 3155 eum
1863 3103 1974 3173 ipse
2001 3101 2299 3174 Cyprianus
2342 3104 2543 3174 passim
2574 3103 2770 3171 utitur,
2804 3113 2915 3160 tum
2944 3104 3107 3160 etiam
3154 3103 3498 3162 Firntilianus
3525 3107 3601 3179 (p.
3634 3108 3783 3181 M7).

478 3196 830 3267 Perspicuum
867 3213 996 3268 ergo
1026 3206 1105 3252 est
1142 3205 1196 3251 et
1236 3195 1484 3268 Cypriani
1518 3196 1825 3251 testimonio
1852 3206 1906 3250 et
1934 3197 2175 3252 onmium
2207 3200 2300 3269 qui
2342 3210 2466 3255 tunc
2492 3212 2643 3256 erant
2672 3200 3099 3257 Christianorum
3131 3216 3421 3271 consensu,
3449 3203 3586 3260 inter
3612 3204 3786 3259 varias

485 3296 774 3349 societates
804 3309 921 3364 qnte
951 3293 1050 3348 sibi
1076 3292 1380 3348 christiana:
1418 3293 1691 3364 religionis
1723 3289 2111 3364 professionem
2136 3303 2420 3365 arrogant,
2451 3310 2607 3350 unam
2636 3295 2869 3367 aliquam
2898 3310 3020 3351 esse
3053 3304 3209 3351 extra
3232 3312 3389 3367 quatn
3423 3296 3567 3352 salus
3589 3306 3786 3352 :eterua

489 3388 788 3459 comparari
820 3404 924 3445 non
961 3396 1154 3458 potest,
1189 3388 1300 3442 sive
1330 3387 1743 3443 levitererrctur
1764 3429 1777 3454 ,
1807 3389 1922 3442 sive
1970 3388 2131 3443 etiam
2154 3389 2428 3445 schismati
2456 3388 2630 3443 nullus
2654 3404 2805 3443 error
2831 3388 3079 3455 addatur;
3113 3388 3307 3444 nedum
3338 3389 3446 3459 ipsa
3474 3406 3595 3444 cum
3624 3390 3786 3445 sectis

483 3483 551 3538 ab
577 3498 640 3537 ca
665 3483 863 3537 avulsis
895 3482 945 3536 in
977 3483 1131 3537 unius
1161 3481 1463 3536 communis
1488 3481 1742 3536 Ecclesia:
1790 3483 2235 3552 compositionem
2264 3483 2446 3538 venire
2478 3484 2665 3554 possit.
2714 3483 2768 3538 Si
2815 3500 2933 3555 qua:
2963 3484 3105 3539 enim
3141 3498 3305 3539 scene
3329 3485 3396 3538 ab
3427 3484 3659 3539 Ecclesia
3687 3486 3783 3538 ab-

483 3578 664 3633 scissa:
695 3586 848 3633 notas
876 3586 929 3632 et
954 3577 1074 3648 jura
1097 3593 1237 3631 VCl‘iL'
1265 3575 1522 3630 Ecclesia!
1550 3575 1846 3639 retineant;
1882 3573 2080 3631 frustra
2109 3577 2375 3633 veteribus
2402 3578 2563 3640 sectis
2603 3577 2811 3647 objecta
2853 3577 2950 3630 fuit
2992 3578 3366 3647 episeoporum
3404 3578 3674 3633 successio
3696 3618 3711 3644 ,
3733 3586 3786 3631 et

485 3673 826 3740 episcopatus
852 3687 945 3741 per
975 3677 1140 3722 totum
1170 3668 1355 3722 orbem
1381 3668 1584 3731 unitas;
1610 3665 1804 3720 frustra
1844 3677 1993 3722 vetus
2024 3669 2263 3725 lieelesia
2299 3669 2507 3723 unicam
2539 3683 2597 3722 se
2618 3683 2739 3723 esse
2768 3682 3042 3737 spotts.tm,
3072 3684 3359 3738 numquam
3387 3676 3570 3725 errar‘e
3604 3684 3782 3739 posse,

488 3780 775 3833 numqucnn
796 3779 823 3815 a
854 3779 910 3816 se
929 3759 1238 3816 discedendi
1261 3775 1471 3814 causam
1493 3759 1780 3829 legitimam
1808 3760 2043 3816 incidere
2072 3779 2249 3833 posse,
2276 3778 2338 3817 ac
2367 3776 2435 3816 ne
2464 3763 2779 3835 martyrium
2802 3762 3014 3841 quidem
3043 3762 3438 3818 discedentibus
3460 3764 3527 3819 ad
3556 3764 3782 3820 salutet’n

489 3854 745 3926 prodesse
768 3854 1061 3909 contendit.
1088 3852 1436 3924 Allingcndus
1454 3867 1581 3921 ergo
1610 3853 1804 3922 impius
1828 3865 1880 3909 et
1908 3855 2145 3912 crudelis
2176 3872 2325 3913 crror
2354 3857 2449 3911 toti
2482 3857 2712 3927 antiqum
2742 3857 2995 3911 Ecclesia:
3014 3899 3030 3926 ,
3068 3859 3155 3914 vel
3202 3858 3376 3928 potius
3416 3859 3687 3927 Apostolis
3712 3904 3725 3926 ,
3755 3878 3782 3915 a

483 3952 677 4021 quibus
708 3950 833 4003 solis
878 3947 1099 4004 conﬂari
1147 3948 1316 4019 potuit
1360 3947 1620 4003 mirificus
1650 3948 1737 4005 ille
1763 3963 2079 4019 consensus,
2105 3966 2266 4022 quem
2308 3953 2377 4007 de
2403 3965 2543 4006 verae
2573 3949 2827 4007 Ecclesiae
2860 3950 3005 4006 uotis
3052 3950 3190 4007 inter
3229 3965 3416 4007 oumcs
3452 3950 3785 4007 Chl'islinttus

483 4043 822 4114 cottSpirasse
848 4041 1138 4097 cernimus.

559 4183 686 4239 Mira
719 4190 845 4236 sunt
895 4194 1013 4252 quae
1052 4178 1328 4236 DodWcllo
1356 4179 1413 4235 S.
1450 4179 1701 4252 Cypriani
1774 4180 1843 4235 de
1888 4182 2089 4237 unitate
2137 4181 2457 4236 sententiam
2496 4180 2819 4235 examinanti
2855 4180 3185 4250 placuerunt.
3228 4177 3419 4234 Statuit
3456 4178 3597 4233 enim
3627 4178 3680 4233 itt
3704 4177 3784 4233 his

486 4281 544 4335 S.
568 4279 808 4349 Martyri;
842 4276 1287 4345 disputationibus
1319 4295 1337 4325 ί
1368 4291 1471 4329 non
1501 4276 1583 4345 agi
1614 4274 1682 4330 de
1708 4274 1847 4329 illius
1880 4274 2133 4329 Ecclesim
2165 4275 2368 4329 unitate
2399 4290 2556 4344 quam
2580 4275 2900 4329 catholicam
2931 4274 3090 4329 hedie
3116 4274 3363 4339 dicimus,
3388 4288 3504 4341 qua:
3535 4272 3781 4327 nimirutn

483 4388 671 4429 omnes
699 4372 898 4426 ambitu
935 4386 1034 4423 suo
1074 4386 1167 4438 per
1210 4379 1469 4423 terramm
1498 4369 1682 4423 orbem
1712 4368 1964 4423 ecclesias
1997 4368 2345 4438 particulares
2391 4368 2794 4438 complectitur,
2826 4368 2919 4423 sed
2953 4367 3020 4422 de
3058 4365 3185 4437 ipsis
3227 4366 3509 4420 dumtaxat
3543 4364 3784 4419 ecclesiis

487 4464 901 4538 particularibus
926 4460 1166 4533 (Disscrt.
1200 4458 1380 4531 Cypr.,
1419 4460 1493 4533 7).
1528 4480 1547 4513 ι
1586 4446 1933 4517 Verissimum
1962 4462 2175 4532 quidem
2201 4461 2329 4517 illud
2371 4472 2453 4517 est
2481 4461 2621 4532 qttod
2651 4461 2839 4532 prohat
2878 4459 3183 4515 [)odwellus
3213 4474 3644 4529 unumquemque
3676 4459 3787 4529 epi-

482 4575 705 4631 scopum
730 4558 782 4611 in
803 4570 896 4609 sua
923 4554 1148 4609 ecclesia
1185 4554 1505 4625 principium
1530 4570 1651 4610 esse
1672 4555 1910 4622 unitatis,
1946 4555 2103 4625 eique
2145 4554 2213 4609 ab
2258 4553 2509 4608 omnibus
2546 4553 2907 4624 obtemperari
2939 4557 3210 4620 oportere,
3266 4549 3362 4605 sed
3392 4551 3461 4606 ita
3489 4559 3665 4606 tamen
3689 4593 3702 4618 ,
3736 4549 3781 4603 si

480 4677 603 4717 eum
630 4660 750 4715 aliis
778 4660 1041 4731 episcopis
1069 4658 1462 4724 communicet;
1505 4671 1662 4713 secus
1693 4671 1819 4712 vero
1848 4656 1893 4710 si
1938 4654 2005 4709 ab
2030 4654 2279 4709 universa
2311 4652 2553 4707 Ecclesia
2578 4650 2817 4705 discedat
2854 4667 2866 4702 :
2899 4658 3022 4703 tunc
3067 4648 3209 4703 enim
3251 4646 3565 4716 principium
3610 4647 3784 4716 potius

484 4752 770 4810 discordias
798 4762 851 4808 et
876 4753 1178 4809 sehismatis
1207 4752 1344 4807 foret
1370 4765 1530 4822 quant
1555 4749 1794 4804 unitatis.
1824 4749 2017 4817 Atque,
2053 4756 2105 4801 ut
2134 4746 2186 4801 in
2227 4744 2497 4817 Cypriauo
2529 4744 2913 4810 immoremur,
2947 4739 3103 4796 facile
3143 4740 3548 4794 demonstratur
3578 4741 3654 4795 sic
3678 4740 3781 4795 Ec-

481 4847 663 4903 clesia:
685 4847 943 4902 unitatem
964 4847 1017 4900 io
1037 4844 1120 4899 his
1149 4844 1595 4915 disputationibus
1626 4858 1654 4897 a
1681 4842 1737 4898 S.
1771 4843 2005 4915 Martyre
2020 4839 2255 4906 defendi,
2298 4851 2354 4896 ut
2374 4840 2628 4895 Ecclesia:
2668 4838 2989 4894 universalis
3015 4836 3163 4891 notio
3196 4836 3337 4891 illius
3365 4836 3546 4889 animo
3569 4850 3784 4906 semper

483 4943 824 4997 obversetur.
853 4938 907 4994 ld
943 4930 1259 5011 perspicitur
1291 4955 1356 4995 ex
1398 4939 1513 5008 ipso
1555 4938 1859 4994 testimonio
1886 4936 2025 5007 quod
2060 4935 2367 4992 Dodwellus
2393 4934 2459 4990 ad
2488 4948 2662 4989 causae
2689 4948 2799 4988 sua:
2831 4933 3199 4988 defensionem
3229 4948 3293 4987 ex
3319 4932 3455 4985 lihro
3486 4933 3545 4985 de
3575 4929 3784 4986 Unitate

483 5036 729 5091 Ecclesia:
784 5035 1084 5103 excerpsit:
1116 5052 1135 5085 ι
1168 5030 1448 5101 Quomodo
1486 5031 1615 5086 solis
1649 5031 1799 5085 multi
1846 5029 2010 5095 radii,
2051 5029 2146 5084 sed
2184 5029 2362 5084 lumen
2397 5043 2559 5083 unum
2591 5045 2611 5079 ι
2660 5026 2850 5097 inquit,
2896 5040 3013 5096 pag.
3070 5024 3193 5085 195,
3243 5042 3262 5075 ί
3306 5031 3360 5079 et
3412 5024 3544 5078 rami
3574 5024 3784 5078 arboris

484 5131 659 5197 multi,
687 5128 780 5185 sed
808 5128 970 5184 rolmr
1000 5141 1163 5181 unum
1196 5125 1366 5180 tenaci
1392 5123 1570 5179 radice
1593 5124 1885 5188 fundatum,
1919 5132 2116 5177 etcum
2151 5121 2217 5177 de
2260 5122 2407 5178 fonte
2432 5134 2538 5176 uno
2577 5119 2673 5174 rivi
2708 5118 2917 5188 plurimi
2962 5116 3204 5172 deﬂuunt
3233 5160 3247 5184 ,
3280 5118 3640 5172 numerositas
3662 5117 3785 5172 licet

484 5221 674 5277 dilfusa
700 5220 948 5278 videatur
973 5217 1293 5274 exundantis
1318 5218 1488 5287 copiae
1513 5216 1776 5287 largitate,
1809 5216 1985 5269 unitas
2017 5224 2192 5270 tamen
2215 5224 2461 5270 servatur
2490 5214 2542 5268 in
2564 5212 2789 5284 origine.
2819 5210 3003 5266 Avelle
3032 5209 3243 5265 radium
3283 5209 3414 5265 solis
3441 5225 3471 5264 a
3515 5225 3745 5280 corpore
3764 5251 3780 5277 ,

481 5317 797 5371 divisionem
826 5313 958 5369 lucis
985 5312 1159 5389 unitas
1195 5327 1299 5367 non
1327 5313 1491 5382 capit.
1530 5311 1611 5365 Ah
1639 5310 1832 5365 arbore
1866 5314 2045 5380 l'r:mge
2075 5325 2303 5376 ramum,
2330 5308 2529 5364 fractus
2548 5308 2849 5378 germinare
2888 5322 2992 5361 non
3026 5307 3241 5377 poterit.
3279 5308 3319 5361 Α
3363 5305 3513 5361 fonte
3544 5306 3791 5385 pra-cide

481 5413 678 5476 rivum,
705 5410 956 5479 praecisus
980 5406 1196 5462 arescit.
1226 5405 1317 5461 Sic
1346 5414 1400 5460 et
1428 5405 1662 5461 Ecclesia
1699 5404 1907 5459 Domini
1933 5404 2051 5458 luce
2086 5403 2298 5473 perfusa
2330 5418 2423 5472 per
2443 5402 2628 5459 orbem
2654 5409 2822 5456 totum
2852 5400 3030 5456 radios
3061 5416 3187 5455 suos
3223 5400 3462 5471 porrigit.
3495 5399 3671 5457 Unum
3698 5411 3781 5456 ta-

479 5522 606 5561 men
633 5505 808 5557 lnmen
837 5511 937 5567 est,
973 5501 1115 5573 quod
1147 5501 1344 5571 ubique
1369 5481 1700 5565 diffunditur,
1732 5513 1829 5553 nec
1857 5498 2029 5551 unitas
2056 5501 2295 5567 corporis
2320 5507 2618 5566 separatur.
2646 5494 2846 5550 Ramos
2874 5510 3000 5550 suos
3029 5495 3081 5551 in
3117 5495 3423 5551 universam
3459 5505 3654 5551 terram
3693 5512 3784 5551 co-

483 5599 571 5669 pia
602 5594 860 5650 nliertatis
883 5594 1143 5660 extendit,
1175 5592 1506 5664 proﬂuentes
1537 5593 1753 5663 largiter
1788 5590 1928 5646 rivos
1962 5589 2117 5643 latius
2144 5590 2418 5660 expandit.
2452 5589 2627 5646 Unum
2660 5599 2836 5645 tamen
2859 5597 3017 5660 caput
3040 5597 3142 5652 est,
3171 5598 3224 5644 et
3254 5589 3403 5660 origo
3431 5604 3534 5645 una
3557 5630 3572 5657 ,
3599 5599 3653 5645 ct
3679 5607 3780 5647 una

483 5699 656 5746 mater
687 5685 1025 5740 fecunditatis
1049 5687 1385 5741 successibus
1414 5686 1656 5755 cepiesa.
1696 5705 1713 5736 ι
1745 5684 1836 5739 llis
1860 5682 2063 5751 verbis,
2115 5702 2135 5737 ι
2171 5682 2406 5738 Ecclesia
2438 5682 2649 5738 Domini
2678 5682 2795 5738 luce
2825 5682 3038 5753 perfusa
3065 5697 3158 5751 per
3187 5682 3370 5737 urbem
3400 5691 3570 5738 totum
3598 5684 3781 5740 radios

483 5766 872 5851 suos’porrigit,
905 5791 1087 5832 ramos
1111 5794 1235 5833 suos
1258 5780 1306 5833 in
1331 5779 1631 5833 universam
1664 5787 1858 5833 terram
1882 5776 2033 5848 copia
2068 5776 2326 5833 ubertatis
2355 5775 2617 5843 extendit,
2655 5795 2675 5828 ι
2710 5790 2814 5829 non
2842 5773 3088 5829 ecclesia:
3124 5773 3492 5844 particular-is,
3526 5776 3620 5831 sed
3665 5777 3781 5832 uni-

482 5873 723 5939 versalis,
758 5870 872 5927 sive
898 5868 1198 5936 catholicae,
1231 5872 1407 5927 unitas
1436 5870 1770 5928 describitur.
1819 5868 1960 5925 Idem
1991 5871 2310 5925 conlirmant
2338 5883 2459 5939 quae
2489 5866 2819 5938 prmccdunt,
2844 5879 3068 5936 quaeque
3096 5874 3411 5936 sequuntur.
3448 5869 3589 5923 Ante
3619 5868 3779 5923 allata

495 5968 657 6027 verba
677 5966 755 6027 sic
782 5964 1097 6037 loquebatur
1122 5963 1447 6036 Cyprianus;
1480 5985 1499 6020 ‹
1535 5964 1706 6035 Quam
1738 5962 1993 6025 unitatem
2021 5956 2245 6025 ﬁrmiter
2272 5970 2457 6027 tenere
2480 5968 2536 6019 et
2555 5958 2828 6023 vindicare
2856 5957 3134 6028 debemus,
3161 5959 3392 6023 maxime
3413 5958 3650 6032 episcopi
3683 5961 3777 6030 qui
