4102 6484
401 369 462 426 at
1971 362 2360 425 Pil/EFATIO.
2589 365 2591 367 ’
3647 378 3718 435 2‘2

409 489 463 545 in
487 486 730 546 Ecclesia
762 484 1145 558 prmsidcmus,
1176 492 1232 540 ut
1253 485 1616 557 episcopatum
1649 499 1863 555 queque
1894 484 2064 554 ipsum
2093 498 2259 538 unum
2287 492 2445 553 atque
2469 482 2752 541 indivisum
2784 487 3297 557 probemus.Nemo'
3312 491 3701 549 fraternitatem

397 583 676 641 mendacio
705 581 873 649 fallat,
922 596 1081 637 nemo
1126 572 1245 636 fidei
1279 580 1557 635 veritatem
1598 577 1799 650 perfida
1844 576 2281 648 praevaricatione
2313 587 2641 649 corrumpat.
2667 578 3023 651 Episcopatus
3055 594 3190 638 unus
3217 590 3318 651 est,
3347 585 3501 655 cujus
3530 600 3559 641 a
3590 588 3706 642 sin-

397 679 534 750 gulis
564 679 614 732 iu
639 674 865 733 solidum
898 690 1021 747 pars
1052 685 1280 731 tenetur.
1324 673 1565 730 Ecclesia
1594 684 1807 744 quoque
1830 688 1932 729 una
1974 682 2075 740 est,
2105 689 2224 745 qua:
2268 675 2319 730 iu
2366 674 2762 731 multitudinem
2796 674 2954 731 latius
3003 676 3339 734 incremento
3365 677 3710 737 fecunditatis

397 766 719 824 extenditur.
754 766 926 823 sPost
956 763 1319 821 testimonium
1367 778 1398 819 a
1448 763 1722 820 Dodwelio
1758 764 2049 836 prolatum,
2092 766 2238 822 addit
2278 765 2621 839 Cyprianus:
2658 786 2678 820 ι
2707 768 2858 825 Illius
2911 767 3044 826 fastu
3071 771 3366 839 nascimur,
3396 772 3537 830 illius
3564 774 3702 829 lacte

402 861 691 930 nutrimur,
744 858 935 931 spiritu
961 858 1075 930 ejus
1112 857 1432 914 animamur.
1460 857 1765 915 Adulterari
1796 873 1904 915 non
1947 864 2120 930 potest
2145 873 2341 931 sponsa
2370 859 2597 928 Christi;
2630 861 2936 930 incorrupta
2965 871 3124 919 estet
3148 860 3407 933 pudica...
3445 863 3698 931 Quisquis

396 956 466 1013 ab
501 954 741 1013 Ecclesia
767 958 1074 1025 segregatus
1089 951 1347 1008 adulterae
1373 950 1632 1023 jungitur,
1660 967 1689 1007 a
1722 951 1998 1024 promissis
2026 950 2279 1009 Ecelesim
2309 963 2587 1027 separatur
2620 970 2633 1008 :
2662 969 2760 1011 nec
2801 955 3080 1025 perveniet
3120 956 3186 1010 ad
3238 954 3445 1011 Christi
3490 959 3709 1027 pra-mia

404 1050 499 1121 qui
526 1048 777 1119 relinquit
802 1047 1097 1102 Ecclesium
1126 1042 1345 1102 Christi.
1379 1046 1602 1102 Alienus
1631 1054 1732 1110 est,
1757 1046 2014 1116 profanus
2041 1055 2141 1114 est,
2171 1047 2340 1102 hostis
2363 1056 2464 1104 est.
2486 1047 2695 1105 Habere
2714 1048 2824 1120 jam
2854 1064 2958 1105 non
2988 1056 3164 1121 potest
3185 1050 3348 1104 Deum
3383 1061 3587 1120 patrem
3614 1041 3708 1123 qui

397 1142 692 1199 Ecclesium
724 1152 833 1195 non
865 1138 1024 1195 habet
1055 1147 1301 1194 matrem.
1328 1134 1386 1193 Si
1418 1136 1587 1208 potuit
1608 1137 1842 1193 evadere
1880 1138 2162 1211 quisquam
2204 1139 2292 1209 qui
2320 1149 2471 1195 extra
2502 1153 2679 1194 aream
2719 1138 2833 1194 Noe
2861 1139 2991 1206 fuit,
3024 1150 3080 1195 et
3104 1140 3192 1210 qui
3223 1149 3375 1195 extra
3403 1140 3703 1197 Ecclesium

394 1233 529 1290 foris
552 1232 708 1288 fuerit
729 1229 925 1287 evadit.
965 1249 983 1283 ι
1019 1228 1253 1301 Lepidus
1274 1242 1404 1299 ergo
1429 1228 1678 1301 Cypriani
1726 1229 1990 1301 interpres
2026 1229 2367 1296 Dodwellus,
2400 1230 2492 1302 qui
2548 1230 2647 1286 sibi
2693 1231 3065 1301 particularum
3094 1232 3374 1288 ecclesiam
3404 1232 3575 1303 lingit,
3611 1234 3700 1290 ubi

392 1326 452 1383 S.
481 1326 684 1398 Martyr
713 1340 874 1380 unum
902 1332 1014 1379 toto
1053 1321 1186 1379 orbe
1237 1322 1604 1394 episcopatum
1630 1322 1989 1379 commendat.
2025 1323 2181 1391 Quid,
2216 1339 2334 1379 eum
2366 1325 2530 1395 lapsis
2556 1324 2793 1380 declarat
2819 1324 2871 1380 in
2900 1326 3074 1395 Epist.
3111 1340 3199 1391 XL,
3230 1326 3274 1380 si
3300 1325 3420 1396 quis
3448 1340 3570 1381 cum
3604 1326 3709 1382 Fc-

394 1420 654 1477 licissimo
683 1433 742 1477 se
764 1418 1103 1490 conjunxerit
1122 1459 1136 1483 ,
1169 1426 1295 1474 eum
1320 1436 1342 1470 σ
1370 1426 1556 1488 postea
1583 1416 1650 1473 ad
1680 1416 1975 1474 Ecclesium
1998 1416 2211 1485 redire,
2250 1426 2305 1473 et
2345 1433 2468 1473 cum
2516 1418 2781 1490 episcopis
2807 1427 2862 1474 et
2884 1419 3042 1491 plebe
3075 1418 3270 1491 Christi
3299 1420 3700 1477 communicare

389 1530 497 1571 non
530 1528 723 1586 posse;
757 1533 775 1567 ι
830 1528 952 1569 cum
998 1512 1337 1569 eonfessores
1366 1510 1617 1566 hortatur
1655 1511 1708 1566 in
1743 1512 1911 1581 Epist.
1947 1526 2091 1580 κων,
2119 1521 2175 1566 ut
2202 1511 2269 1567 ad
2296 1512 2593 1568 Ecclesium
2620 1511 2881 1577 redeant;
2906 1512 3092 1582 eisque
3122 1520 3243 1582 post
3270 1511 3500 1568 reditum
3529 1522 3709 1583 gratu-

389 1607 529 1663 latur
557 1606 610 1662 in
640 1604 813 1678 Epist.
847 1621 896 1660 Li
931 1620 945 1658 :
983 1623 1001 1657 ‹
1036 1603 1190 1674 Quod
1219 1602 1472 1659 Ecclesiae
1489 1602 1688 1658 veritas
1708 1610 1763 1659 et
1786 1604 2079 1675 evangelici
2110 1605 2436 1660 sacramenti
2462 1605 2657 1671 unitas,
2698 1620 2816 1675 qua:
2838 1618 2868 1659 a
2909 1604 3064 1659 nobis
3088 1604 3405 1671 tenebatur,
3452 1625 3472 1659 ι
3511 1606 3702 1677 inquit,

389 1716 573 1759 eorum
622 1718 642 1755 ‹
677 1703 837 1759 etiam
869 1715 1135 1757 consensu
1164 1715 1227 1755 ac
1254 1697 1471 1755 vinculo
1498 1705 1831 1766 necteretur;
1868 1719 1887 1751 ι
1922 1712 2048 1755 num
2078 1698 2145 1756 dc
2172 1699 2415 1756 ecclesiis
2444 1699 2891 1771 particularibus,
2922 1699 3068 1755 nulla
3100 1698 3276 1756 habita
3316 1701 3536 1756 unitatis
3567 1702 3706 1759 inter

388 1811 581 1853 omnes
610 1796 868 1853 ecclesias
897 1796 1205 1852 constituite
1232 1794 1463 1858 ratione,
1496 1792 1710 1850 videtur
1737 1793 2103 1849 disseruisse?

458 1888 604 1944 Nihil
631 1888 800 1960 magis
830 1886 1200 1943 adversarium
1228 1885 1526 1953 Dodwello,
1560 1901 1719 1957 quam
1747 1884 2001 1957 Cypriani
2042 1885 2111 1941 de
2146 1886 2385 1957 episcopi
2432 1886 2796 1959 singularitate
2835 1886 3176 1957 principium,
3205 1886 3348 1957 quod
3382 1896 3557 1944 tamen
3591 1889 3697 1946 sibi
3754 1891 3758 1895 ⁴

387 1981 625 2039 maxime
664 1980 871 2048 favere,
910 1980 1199 2037 existimat.
1230 1979 1531 2051 Numquam
1565 1980 1708 2037 enim
1738 1978 2015 2037 catholicae
2036 1981 2292 2038 Ecclesia:
2315 1983 2570 2038 unitatem
2594 1982 2894 2038 accuratius
2922 1982 3161 2039 defendit
3189 1983 3505 2055 Cyprianus,
3539 1996 3700 2054 quam

386 2094 509 2137 cum
541 2094 703 2135 unum
732 2080 783 2134 iu
810 2077 1036 2151 singulis
1057 2077 1300 2134 ecclesiis
1329 2077 1639 2149 episcopum
1668 2091 1787 2134 esse
1815 2077 2017 2135 debere
2062 2079 2357 2136 contendit.
2404 2080 2537 2137 Cum
2583 2079 2910 2138 Novatianus
2936 2081 3123 2137 Roma:
3151 2081 3517 2152 episcopatum
3550 2082 3696 2138 inva-

372 2172 564 2245 sisset,
594 2186 656 2228 ue
685 2184 779 2242 per
805 2169 1113 2227 emissarios
1135 2183 1262 2227 suos
1292 2169 1432 2226 idem
1460 2169 1667 2226 facinus
1694 2171 1745 2226 in
1773 2164 1893 2227 aliis
1918 2171 2222 2229 civitatibus
2248 2180 2531 2240 tentasset,
2565 2173 2668 2229 hoc
2688 2183 3008 2245 argumento
3036 2174 3180 2230 illius
3218 2174 3456 2233 fautores
3486 2176 3694 2232 refellit

383 2268 707 2341 Cyprianus,
738 2265 880 2339 quod
905 2282 1031 2325 cum
1064 2267 1108 2322 is
1138 2265 1284 2323 solus
1313 2267 1596 2338 episcopus
1626 2267 1715 2333 sit,
1747 2266 1900 2336 cujus
1928 2268 2276 2339 episcopatus
2313 2268 2397 2328 ah,
2410 2267 2530 2324 aliis
2554 2268 2772 2340 collegis
2809 2267 3158 2324 confirmatur
3195 2277 3249 2325 et
3279 2268 3617 2341 agnoscitur,
3647 2272 3695 2326 si

384 2365 506 2434 quis
542 2362 594 2418 in
620 2360 738 2433 ejus
765 2362 943 2418 locum
974 2362 1183 2418 irruere
1208 2361 1435 2430 audeat,
1464 2360 1663 2416 nullam
1688 2374 1811 2417 cum
1848 2362 2115 2433 episcopis
2159 2360 2418 2418 Ecclesia:
2456 2360 2737 2417 catholicae
2775 2362 3211 2419 communionem
3252 2362 3453 2420 habere
3490 2364 3696 2435 possit,

382 2471 446 2512 ac
486 2455 710 2527 proinde
758 2455 891 2512 foris
930 2452 1144 2512 relictus
1173 2461 1376 2527 pereat.
1417 2472 1436 2506 ‹
1469 2453 1666 2510 Factus
1703 2463 1785 2510 est
1823 2465 2002 2511 autem
2050 2454 2368 2521 Cornelius,
2416 2472 2435 2506 ι
2471 2454 2645 2525 inquit
2672 2454 2724 2509 in
2771 2454 2939 2525 Epist.
2970 2471 3061 2522 LII,
3082 2469 3199 2526 pag.
3235 2452 3325 2522 68,
3363 2473 3380 2507 ‹
3416 2456 3701 2526 episcopus

382 2538 451 2604 de
472 2547 569 2604 Dei
596 2556 650 2605 et
673 2544 870 2604 Christi
896 2547 1013 2619 ejus
1028 2546 1249 2619 judicio,
1276 2546 1343 2604 de
1370 2548 1690 2605 clericorum
1723 2562 1860 2619 pene
1887 2549 2125 2604 omnium
2150 2549 2456 2606 testimonio
2477 2590 2492 2615 ,
2523 2548 2591 2604 de
2628 2547 2798 2618 plebis
2838 2564 2960 2619 qua:
3001 2559 3124 2603 tunc
3167 2548 3316 2604 aﬂuit
3340 2548 3610 2620 suffragio,
3639 2561 3696 2607 et

380 2641 448 2697 de
471 2639 812 2698 sacerdotum
828 2642 1168 2714 antiquorum
1192 2650 1245 2697 et
1262 2642 1527 2698 bonorum
1542 2642 1776 2698 virorum
1794 2641 2038 2713 collegio,
2058 2657 2180 2698 cum
2199 2657 2354 2698 nemo
2372 2650 2496 2698 ante
2514 2656 2573 2697 se
2598 2641 2773 2698 factus
2798 2651 3088 2707 esset,cum
3108 2642 3329 2700 Fabiani
3344 2643 3570 2713 locus,id
3589 2655 3692 2713 est,

379 2751 504 2792 cum
529 2735 681 2792 locus
706 2735 848 2792 Petri
877 2746 931 2791 et
959 2735 1155 2807 gradus
1181 2735 1451 2791 cathedra:
1478 2734 1828 2791 sacerdotalis
1876 2747 2122 2802 vacaret;
2155 2750 2262 2806 quo
2305 2745 2564 2807 occupato
2589 2737 2657 2793 de
2685 2734 2780 2791 Dei
2810 2738 3112 2805 voluntate,
3146 2750 3308 2811 atque
3333 2742 3574 2796 omnium
3605 2757 3701 2796 no-

381 2839 550 2886 strum
589 2830 944 2886 consensione
976 2818 1207 2895 ﬁrmato,
1236 2829 1476 2900 quisquis
1508 2827 1618 2899 jam
1647 2828 1932 2901 episcopus
1959 2828 2071 2885 fieri
2097 2828 2344 2897 voluerit,
2375 2828 2505 2885 foris
2534 2830 2622 2886 fiat
2652 2845 2876 2888 necesse
2908 2838 3020 2897 est,
3055 2848 3154 2888 nec
3191 2831 3385 2889 habeat
3417 2834 3703 2890 ecclesias-

384 2922 539 2978 ticam
562 2920 950 2978 ordinationem
977 2920 1064 2993 qui
1089 2918 1345 2978 Ecclesite
1376 2937 1480 2977 non
1507 2928 1651 2978 tenet
1676 2923 1988 2979 unitatem.»
2019 2921 2222 2978 Eodem
2254 2921 2415 2978 modo
2443 2921 2778 2979 demonstrat
2806 2922 3088 2993 episcopos
3113 2939 3142 2978 a
3167 2923 3463 2982 Novatiauo
3489 2926 3541 2981 in
3572 2928 3694 2983 aliis

380 3016 684 3075 civitatibus
738 3017 1078 3085 constitutos,
1144 3033 1251 3074 non
1277 3014 1474 3074 Christi
1497 3016 1750 3073 Ecclesia:
1779 3017 2059 3089 episcopos
2098 3030 2239 3081 esse,
2271 3014 2365 3072 sed
2397 3016 2644 3072 humana:
2675 3016 2969 3073 Ecclesiae:
3006 3036 3026 3069 ‹
3064 3016 3174 3073 Nisi
3206 3018 3250 3074 si
3286 3019 3569 3091 cpiscopus
3602 3022 3697 3078 tibi

384 3113 612 3181 videtur,
653 3132 673 3166 ›
708 3113 879 3184 inquit
907 3113 957 3167 in
980 3112 1169 3169 eadem
1194 3111 1439 3182 epistola,
1471 3127 1522 3182 p.
1557 3112 1645 3178 73,
1671 3129 1689 3163 ι
1710 3112 1798 3182 qui
1830 3111 2082 3181 episcopo
2108 3111 2163 3165 in
2190 3109 2429 3165 Ecclesia
2457 3125 2486 3164 a
2505 3110 2738 3166 sedecim
2764 3110 3098 3182 coepiscopis
3113 3110 3274 3179 facto,
3298 3112 3506 3169 adulter
3530 3123 3692 3185 atque

381 3214 668 3262 extraneos
697 3205 979 3274 episcOpus
1003 3202 1115 3258 fieri
1135 3216 1165 3257 a
1191 3202 1554 3258 desertoribus
1584 3216 1680 3272 per
1708 3200 1966 3257 ambitum
1998 3200 2205 3265 nititur,
2230 3208 2427 3255 etcum
2452 3199 2520 3254 sit
2546 3216 2575 3254 u
2595 3199 2811 3257 Christo
2828 3215 2933 3256 una
2950 3201 3187 3257 Ecclesia
3210 3216 3306 3272 per
3330 3210 3499 3258 totum
3530 3221 3692 3261 llltllt-

380 3298 508 3354 dum
538 3298 589 3353 in
618 3297 784 3353 multa
813 3296 1054 3352 membra
1080 3296 1273 3362 divisa,
1307 3294 1432 3351 item
1463 3295 1805 3366 episcopatus
1834 3308 1971 3348 unus
1995 3294 2372 3364 episcoporum
2405 3292 2693 3349 multorum
2726 3293 2982 3351 concordi
3013 3295 3403 3351 numerositate
3431 3296 3678 3365 diffusus,

382 3394 471 3449 ille
497 3401 615 3466 post
644 3393 742 3450 Dei
772 3392 1134 3461 traditionem,
1158 3400 1278 3463 post
1302 3406 1599 3447 connexum
1630 3398 1682 3445 et
1710 3388 1905 3460 ubique
1933 3388 2275 3458 conjunctam
2308 3387 2592 3444 catholicae
2615 3387 2871 3444 Ecclesia:
2900 3388 3157 3444 unitatem
3189 3389 3478 3445 lnnnauam
3508 3406 3683 3446 cete-

382 3496 467 3544 tur
521 3487 813 3544 Ecclesium
856 3487 1055 3553 facere,
1094 3495 1147 3542 et
1178 3500 1273 3557 per
1322 3484 1579 3554 plurimas
1609 3482 1849 3537 civitates
1898 3494 2066 3535 novos
2094 3480 2367 3551 apostolos
2390 3494 2516 3535 suos
2538 3480 2732 3548 mittat,
2754 3480 3059 3551 utqumdam
3081 3482 3313 3537 recentia
3328 3482 3677 3539 institutionis

380 3598 493 3639 sua:
512 3581 856 3638 fundamenta
884 3581 1205 3647 constituat;
1237 3592 1465 3648 cumque
1494 3575 1816 3646 jampridem
1863 3589 1958 3645 per
1993 3588 2182 3630 onmes
2228 3573 2532 3644 provincias
2571 3583 2624 3628 et
2659 3587 2755 3642 per
2796 3573 2956 3629 urbes
3008 3574 3249 3645 singulas
3289 3572 3519 3630 ordinati
3570 3575 3680 3630 sint

382 3677 621 3747 episcopi
644 3677 695 3732 in
728 3686 883 3732 mtalc
904 3675 1129 3746 antiqui,
1164 3674 1216 3730 in
1251 3672 1355 3728 tide
1385 3671 1596 3743 integri,
1640 3672 1692 3725 in
1724 3685 1972 3741 pressura
1994 3670 2224 3742 probati,
2254 3671 2307 3727 iu
2338 3672 2712 3743 persecutione
2730 3672 3039 3744 proscripti,
3059 3671 3148 3729 ille
3172 3687 3336 3744 super
3362 3688 3458 3731 eos
3486 3689 3681 3732 creare

382 3771 517 3826 alios
542 3770 1030 3844 pseudoepiscopos
1056 3768 1270 3824 audeat.
1311 3787 1330 3821 ›
1365 3766 1499 3823 llinc
1523 3764 1819 3832 contendit,
1869 3763 2079 3821 etiamsi
2129 3764 2366 3837 legitime
2405 3763 2637 3822 fuissent
2659 3766 2914 3834 ordinati,
2946 3780 3042 3823 cos
3067 3775 3245 3824 tamen
3281 3782 3378 3839 pro
3424 3766 3678 3840 legitimis

383 3866 650 3937 episcopis
698 3865 914 3936 agnusci
949 3878 1057 3920 non
1108 3877 1283 3935 posse,
1327 3863 1451 3934 quia
1497 3861 1565 3917 ab
1609 3859 1846 3917 Ecclesia
1899 3858 2167 3917 catholica
2218 3859 2629 3916 discesserunt:
2677 3877 2697 3914 ι
2742 3860 3126 3932 Episcopatum
3178 3872 3379 3927 autem,
3422 3879 3442 3914 ι
3477 3862 3669 3934 inquit,

387 3970 626 4018 «tenere
665 3976 770 4017 non
810 3968 1021 4032 posset,
1080 3958 1288 4016 etiamsi
1339 3957 1623 4031 episcopus
1673 3954 1818 4027 prius
1859 3952 2029 4011 factus
2072 3970 2103 4009 a
2156 3954 2595 4027 coepiscoporum
2639 3967 2859 4012 suorum
2905 3969 3134 4027 corpore
3188 3963 3245 4012 et
3294 3954 3363 4012 ab
3410 3953 3666 4014 Ecclesia:

383 4054 587 4112 unitate
612 4054 961 4110 descisceret.
996 4071 1015 4106 ι
1819 4109 1823 4112 ,
3117 4125 3127 4132 φ

630 4146 694 4202 ll.
710 4179 778 4188 —
799 4162 1186 4203 BEFELLUNTUR
1210 4161 1295 4210 QUI
1325 4159 1602 4204 EPISCOPOS
1640 4161 1780 4203 APUD
1807 4156 2107 4202 CYPRIANUI
2130 4156 2260 4201 JURE
2280 4156 2457 4202 Βινωο
2480 4160 2514 4201 Α
2540 4157 2893 4201 PRESBYTERIS
2921 4159 3185 4203 DISTINGUI
3215 4161 3449 4205 NEGANT.

452 4264 711 4334 Quamvis
745 4263 1087 4335 episcopatus
1111 4260 1229 4333 jura
1259 4277 1365 4317 non
1408 4263 1613 4332 possint
1649 4260 1953 4319 accuratius
1980 4257 2228 4327 defendi,
2284 4276 2444 4332 quam
2482 4275 2513 4314 a
2547 4261 2817 4334 Cypriane
2834 4261 3225 4343 defenduntur,
3261 4278 3369 4320 non
3392 4261 3679 4319 defuerth

385 4368 564 4415 tamen
594 4359 683 4430 qui
714 4373 779 4413 ex
804 4356 1076 4412 nonnullis
1103 4356 1220 4426 ejus
1249 4354 1426 4410 verbis
1456 4370 1643 4410 ansam
1668 4359 1968 4428 arriperent
1995 4354 2377 4413 calumniandi.
2407 4354 2563 4426 Quod
2592 4356 2735 4412 enim
2774 4356 2828 4412 S.
2865 4355 3066 4430 Martyr
3091 4357 3293 4414 clerum
3323 4358 3588 4415 interdum
3623 4359 3675 4415 in

382 4454 517 4508 duos
540 4452 757 4508 ordines
776 4450 1021 4507 dividere
1055 4450 1282 4515 videtur,
1314 4464 1507 4519 nempe
1534 4450 1586 4502 iu
1610 4450 1915 4507 sacerdotes
1944 4459 1999 4507 et
2021 4450 2315 4519 ministros,
2344 4464 2407 4506 ac
2432 4449 2707 4505 sacerdotis
2745 4464 2808 4504 ac
2844 4452 3102 4523 praepositi
3136 4453 3350 4509 nomina
3379 4469 3506 4509 cum
3548 4453 3682 4524 ipsis

382 4548 707 4620 presbyteris
749 4544 1125 4610 connuunieat,
1168 4544 1313 4600 velut
1360 4543 1412 4598 iu
1460 4542 1629 4613 Epist.
1686 4558 1811 4611 va,
1851 4558 2051 4613 LXVIII,
2099 4560 2243 4601 Lxxu
2294 4552 2347 4600 et
2374 4542 2591 4599 inlibro
2617 4542 2679 4597 de
2708 4540 2911 4614 Lapsis,
2946 4544 3067 4601 inde
3111 4544 3407 4604 Salmasius
3436 4547 3680 4604 etBton-

382 4641 556 4696 delius
580 4638 905 4695 concludunt
928 4637 1270 4708 presbyteros
1290 4635 1356 4692 ab
1382 4634 1649 4706 episcopis
1679 4652 1782 4691 non
1802 4636 1925 4706 jure
1950 4635 2150 4706 divino,
2185 4628 2291 4692 non
2326 4635 2541 4691 diverso
2570 4634 2857 4692 sacerdotii
2898 4636 3068 4707 gradu
3106 4653 3230 4694 esse
3273 4637 3576 4696 distinctos.
3627 4641 3686 4698 Si

380 4734 642 4807 ejusmodi
683 4732 982 4788 ratiuncula
1032 4730 1269 4795 Valeret,
1303 4727 1556 4801 parijurc
1588 4728 1834 4785 concludi
1888 4736 2071 4801 posset
2102 4744 2170 4785 ue
2216 4728 2472 4784 diaconos
2526 4726 2740 4797 quidem
2797 4734 2853 4784 et
2897 4726 3034 4784 alios
3089 4728 3329 4786 minores
3372 4731 3598 4789 clericos
3645 4750 3677 4787 a

382 4826 708 4898 presbyteris
739 4832 792 4881 et
820 4821 1088 4895 episcopis
1113 4821 1235 4893 jure
1274 4820 1458 4877 divino
1503 4821 1786 4894 distingui;
1843 4836 1985 4894 saepe
2029 4822 2170 4878 enim
2223 4820 2458 4877 Ecclesia
2501 4818 2759 4876 dividitur
2806 4820 2860 4875 in
2894 4821 3096 4878 clerum
3149 4834 3202 4880 et
3257 4825 3485 4895 plebem.
3524 4828 3677 4892 Quod

380 4920 422 4975 si
499 4918 709 4975 diaconi
771 4925 827 4973 ct.
900 4916 1136 4971 minores
1200 4913 1383 4970 clerici
1455 4929 1578 4969 cum
1656 4913 1983 4985 presbyteris
2046 4922 2101 4971 et
2161 4912 2426 4985 episc0pis
2474 4911 2619 4968 clero
2667 4911 3226 4983 comprehenduntur,
3298 4915 3424 4988 quid
3473 4917 3667 4971 mirum

380 5015 422 5068 si
456 5011 801 5085 presbyteris,
836 5010 924 5081 qui
955 5007 1350 5064 Eucharistium
1386 5016 1775 5063 consecrantet
1798 5016 2117 5077 potestatem
2167 5005 2365 5061 habent
2397 5004 2595 5076 ligandi
2630 5014 2686 5060 et
2729 5004 3005 5075 solvendi,
3040 5008 3315 5065 sacerdotis
3343 5019 3397 5066 et
3420 5012 3680 5083 prwpost’ti

382 5108 599 5163 nomina
626 5122 748 5161 cum
776 5104 1045 5176 episcopis
1069 5102 1377 5158 communia
1411 5102 1576 5155 sunt?
1606 5101 1944 5173 Presbyteris
1972 5102 2188 5172 quidem
2218 5096 2519 5172 Cyprianus
2551 5098 2839 5170 plurimum
2875 5114 3090 5172 semper
3115 5100 3299 5159 habuit
3338 5104 3579 5171 honoris,
3621 5117 3677 5163 et

379 5220 501 5259 eum
533 5199 663 5255 nihil
688 5213 847 5268 agere
876 5198 1073 5253 soleret
1104 5196 1220 5251 sine
1249 5194 1474 5250 consilio
1517 5194 1642 5249 cieri
1669 5236 1682 5259 ,
1732 5204 1786 5247 ut
1829 5193 1941 5263 ipse
1978 5202 2201 5250 testatur
2230 5195 2284 5249 in
2325 5193 2498 5265 Epist.
2531 5207 2621 5258 v1,
2655 5206 2759 5248 non
2800 5192 3021 5249 dubium
3053 5195 3179 5266 quin
3208 5198 3556 5268 presbyteris,
3588 5209 3673 5254 ut-

381 5309 504 5371 pote
533 5294 792 5364 etnuipso
821 5292 1152 5356 sedentibus,
1176 5305 1426 5361 magnam
1454 5288 1831 5345 auctoritatem
1863 5290 2183 5347 attribuerit.
2215 5293 2283 5347 At
2319 5288 2606 5348 sacerdotii
2647 5291 2873 5364 gradum
2911 5308 2944 5350 a
2993 5294 3321 5366 presbyteris
3363 5294 3681 5355 distinctqu

377 5394 478 5449 sibi
508 5392 762 5448 vindicat.
805 5390 1130 5458 Queriturin
1156 5389 1325 5461 Epist.
1358 5405 1432 5457 xi,
1479 5388 1622 5460 quod
1650 5388 1866 5460 quidam
1898 5387 1967 5444 de
1997 5387 2353 5461 presbyteris,
2397 5405 2496 5446 nec
2539 5390 2816 5462 Evangelii
2863 5406 3160 5459 memores,
3202 5411 3221 5444 ι
3267 5407 3368 5448 nec
3412 5394 3666 5464 episc0po

377 5466 636 5544 honorem
660 5484 949 5544 sacerdotii
972 5485 1053 5564 sui
1081 5492 1134 5539 et
1161 5482 1430 5539 cathedra:
1454 5490 1811 5551 reservantes,
1849 5501 1868 5535 ι
1917 5481 2027 5554 jam
2062 5497 2182 5539 cum
2212 5483 2377 5555 lapsis
2395 5483 2796 5543 communicare
2817 5485 3127 5556 coepissent.
3152 5483 3302 5541 Alius
3327 5498 3454 5557 ergo
3482 5488 3532 5541 in
3564 5489 3679 5559 epi-

377 5581 555 5652 scopis
582 5594 646 5635 ac
675 5579 729 5635 in
758 5577 1086 5651 presbyteris
1117 5576 1403 5633 sacerdotii
1430 5574 1651 5647 gradus,
1682 5589 1745 5631 ac
1759 5577 1986 5648 proinde
2009 5574 2293 5649 episcopis
2320 5577 2650 5650 presbyteris
2678 5577 3078 5649 distinguuntur
3108 5592 3214 5633 non
3243 5577 3416 5634 solum
3440 5580 3677 5635 auctori-

377 5683 484 5728 tate
504 5682 557 5727 et
582 5670 856 5737 cathedra,
880 5669 975 5726 sed
1001 5669 1163 5725 etiam
1196 5668 1383 5724 ordine
1407 5678 1461 5723 et
1480 5666 1811 5724 charactere.
1844 5668 1991 5724 lianc
2017 5676 2193 5726 autem
2221 5670 2509 5725 sacerdotii
2540 5670 2947 5727 distinctionem
2965 5669 3033 5727 ab
3059 5668 3176 5742 ipso
3197 5670 3418 5728 Christo
3456 5673 3671 5727 institu-

378 5774 483 5820 tam
511 5764 675 5820 fuisse
699 5780 768 5847 οξ
813 5762 1055 5835 pluribus
1083 5759 1333 5834 Cypriani
1383 5759 1516 5815 locis
1558 5763 1877 5832 perspicitur
1909 5779 1922 5815 :
1955 5781 1974 5817 ‹
2002 5762 2261 5819 Dominus
2288 5770 2491 5831 noster,
2525 5781 2545 5816 ›
2569 5764 2738 5834 inquit
2779 5762 2833 5817 in
2866 5762 3039 5834 Epist.
3068 5780 3215 5822 xxvu
3237 5807 3251 5831 .
3275 5781 3331 5838 p.
3354 5766 3445 5834 57,
3480 5782 3498 5818 ι
3528 5766 3681 5837 cujus

376 5868 642 5931 praecepta
668 5868 722 5915 et
749 5858 952 5914 monita
977 5856 1273 5915 observare
1300 5853 1585 5924 debemus,
1626 5856 1863 5928 episc0pi
1893 5857 2151 5914 honorem
2171 5865 2225 5913 et
2251 5855 2507 5914 Ecclesiae
2536 5862 2646 5912 suae
2674 5855 2937 5913 rationem
2969 5857 3261 5931 disponens
3297 5860 3350 5915 iu
3383 5858 3674 5928 Evangelia

376 5952 612 6039 loquitur
638 5962 693 6014 et
715 5953 846 6014 dicit
871 5952 1029 6014 Petro
1060 5969 1072 6009 :
1100 5949 1212 6024 Ego
1242 5950 1354 6009 dico
1377 5948 1485 6023 tibi,
1510 5950 1630 6022 quia
1654 5959 1706 6009 tu
1735 5966 1786 6008 es
1816 5949 2033 6025 Petrus,
2080 5960 2129 6011 et
2167 5966 2319 6024 super
2360 5948 2509 6009 istam
2558 5959 2751 6023 petram
2783 5951 3045 6025 wdiﬁcabo
3080 5952 3365 6029 Ecclesium
3397 5967 3593 6030 meum,
3625 5959 3673 6008 et
