4102 6462
454 320 529 375 εδ
652 366 655 371 λ
1933 308 2322 383 Ριιιειιᾎτιο.
3698 309 3773 366 st

459 445 622 508 porta:
647 437 927 511 inferorum
941 450 1043 491 non
1067 432 1264 492 vincent
1278 449 1424 491 eam:
1451 442 1498 490 et
1525 432 1613 490 tibi
1632 432 1764 489 dabo
1790 432 1954 489 claves
1991 431 2135 504 regni
2164 428 2442 496 calorum;
2472 438 2519 487 et
2560 444 2675 502 qua:
2700 426 2934 501 ligaveris
2958 442 3112 500 super
3139 417 3329 483 terram
3358 433 3502 483 erunt
3526 426 3691 501 ligata
3723 438 3774 484 et

346 568 359 581 ι
453 533 514 588 in
541 532 702 601 coriis,
727 541 777 588 et
814 545 1143 605 quaecumque
1176 528 1387 585 solveris
1411 544 1565 601 super
1590 539 1775 584 terram
1801 534 1948 583 erunt
1985 526 2153 582 soluta
2190 533 2241 580 et
2278 526 2333 580 in
2372 524 2532 580 ralis.
2561 521 2689 579 Inde
2715 536 2810 593 per
2842 529 3146 593 temporum
3172 530 3226 578 et
3257 520 3658 578 successionum
3688 523 3773 579 vi-

456 642 550 685 ces
567 629 944 699 episcoporum
970 624 1235 682 ordinatio
1262 634 1319 680 et
1338 622 1595 680 Ecclesiae
1620 623 1757 678 ratio
1784 621 2042 687 decurrit,
2073 629 2130 675 ut
2155 618 2398 674 Ecclesia
2428 632 2591 688 super
2613 616 2897 687 episcopos
2933 613 3297 671 constituatur
3321 621 3380 671 et
3402 614 3580 671 omnis
3610 624 3767 673 actus

459 720 720 778 Ecclesiae
744 735 841 792 per
861 719 1078 776 eosdem
1110 718 1429 789 praepositos
1449 716 1797 789 gubernetur.
1824 714 1959 771 Cum
1998 713 2102 770 hoc
2129 713 2310 784 itaque
2335 712 2515 769 divina
2544 711 2661 783 lege
2688 709 2968 766 fundatum
2995 710 3086 778 sit,
3119 728 3139 763 ι
3171 718 3280 767 etc.
3344 762 3361 775 ,

531 813 696 870 Multa
725 812 811 867 hic
833 809 1167 867 observanda
1197 808 1474 880 exquibus
1494 807 1553 865 S.
1582 807 1830 881 Martyris
1848 804 2118 863 sententia
2142 804 2367 860 mirifice
2393 802 2679 859 enitescit:
2730 802 2783 857 1⁸
2827 801 3067 858 declarat
3106 802 3393 874 episcopos
3436 807 3767 863 successisse

456 905 753 978 Apostolis.
781 902 871 961 Sic
898 903 1135 958 etiamin
1165 901 1338 973 Epist.
1388 915 1525 969 ιιιι,
1562 917 1583 951 ι
1619 898 1877 954 unitatem
1905 912 1937 953 a
1967 894 2198 953 Domino
2224 903 2281 950 et
2320 907 2415 965 per
2440 890 2727 964 Apestolos
2758 889 2943 959 nobis,
2982 911 3001 944 ι
3034 890 3241 963 inquit,
3290 910 3310 944 ι
3359 892 3766 950 successoribus

460 999 710 1055 traditam
737 1018 759 1054 ι
807 997 984 1054 docet.
1038 995 1161 1053 Vid.
1190 996 1363 1067 Epist.
1395 1009 1543 1051 uix.
1575 992 1718 1049 ldem
1756 992 1916 1049 docet
1962 989 2311 1047 Firmilianus
2360 990 2415 1045 in
2460 988 2629 1059 Epist.
2667 986 2734 1042 ad
2774 987 3124 1060 Cyprianum,
3154 1003 3276 1059 pag.
3309 987 3435 1053 148,
3480 989 3766 1061 episcopos

460 1091 738 1163 Apostolis
764 1109 785 1143 ι
822 1091 1020 1146 vicaria
1049 1087 1390 1146 ordinatione
1430 1107 1452 1141 ι
1486 1088 1835 1145 successisse.
1883 1086 1975 1143 Sic
2025 1084 2190 1141 etiam
2238 1086 2292 1141 in
2332 1084 2564 1140 concilio
2599 1082 3040 1157 Carthaginensi,
3066 1084 3151 1137 cui
3180 1093 3408 1154 praeerat
3434 1083 3761 1156 Cyprianus,

452 1182 648 1240 Clarus
675 1200 706 1239 a
730 1183 987 1250 Mascnla,
1024 1201 1043 1234 ι
1065 1182 1358 1253 Apostolis,
1399 1200 1420 1234 ι
1450 1181 1620 1252 inquit
1644 1179 1791 1253 (pag.
1818 1180 1971 1250 537),
2005 1197 2023 1230 ι
2057 1193 2157 1234 nos
2193 1178 2554 1235 successimus
2571 1177 2760 1233 eadem
2788 1186 3055 1248 potestate
3080 1176 3373 1235 Ecclesiam
3419 1178 3626 1235 Domini
3670 1196 3768 1251 gu-

455 1276 751 1333 bernantes
777 1286 830 1332 et
854 1275 1193 1332 credentium
1223 1273 1385 1331 fidem
1404 1273 1756 1345 baptizantes.
1797 1291 1818 1325 ι
1861 1272 1920 1327 2°
1940 1270 2348 1328 Ordinationem
2371 1258 2786 1343 episcopalema
2801 1266 3020 1324 Christo
3042 1268 3342 1325 institutam
3363 1278 3419 1325 et
3443 1269 3622 1325 divina
3644 1269 3764 1341 lege

456 1369 727 1426 fundatam
761 1369 1069 1440 pronuntiat
1102 1369 1420 1441 Cyprianus.
1459 1367 1716 1436 Quamvis
1761 1367 1907 1422 enim
1935 1364 2214 1421 ordinatus
2257 1363 2536 1436 presbyter
2582 1363 2635 1418 in
2664 1362 2768 1419 hoc
2811 1362 2982 1434 gradu
3023 1362 3353 1434 aliquamdiu
3380 1363 3761 1430 ministrasset,

342 1508 369 1535 ι,
406 1502 421 1511 ο
454 1467 625 1538 probe
655 1476 833 1522 tamen
860 1466 1067 1522 sciebat
1093 1465 1194 1521 sibi
1217 1463 1286 1521 ad
1306 1463 1667 1536 episcOpalem
1714 1463 1940 1535 gradum
1973 1470 2166 1518 vocato
2194 1460 2357 1517 aliam
2385 1458 2784 1516 ordinationem
2815 1473 2954 1530 opus
2984 1458 3170 1515 fuisse.
3194 1457 3367 1516 Nemo
3395 1458 3480 1515 his
3501 1462 3764 1531 tempori-

454 1560 559 1616 bus
586 1559 907 1617 meminerat
934 1558 1074 1628 quod
1098 1555 1395 1614 Salmasius
1418 1564 1472 1611 et
1490 1554 1802 1611 Bloudellus
1833 1553 2020 1625 primis
2046 1552 2261 1609 seculis
2287 1560 2598 1622 usurpatum
2621 1551 2785 1606 fuisse
2811 1550 3099 1617 finxerunt,
3130 1557 3209 1617 ut,
3237 1551 3764 1629 mortuoepiswpn,

410 1680 417 1687 -
453 1654 574 1712 sine
602 1668 740 1709 nova
769 1650 1108 1709 ordinatione
1137 1650 1452 1707 succederet
1476 1650 1750 1721 antiquior
1765 1649 2069 1720 presbyter,
2093 1647 2179 1705 vel
2203 1646 2342 1704 forte
2369 1646 2459 1718 qui
2486 1646 2703 1718 dignior
2730 1644 3036 1711 videbatur,
3062 1657 3121 1700 ut
3149 1644 3333 1716 placet
3353 1644 3652 1719 Blondello.
3684 1644 3768 1701 Ne

455 1746 561 1817 ipsi
586 1744 800 1817 quidem
831 1743 1182 1812 schismatici,
1207 1744 1309 1799 etsi
1332 1742 1399 1799 ad
1419 1757 1581 1799 omne
1606 1741 1815 1798 facinus
1837 1740 2183 1812 paratissimi,
2209 1738 2559 1811 presbyteros
2589 1737 2656 1807 ad
2694 1738 3065 1809 episcopatqu
3105 1736 3224 1793 sine
3265 1737 3605 1793 ordinatione
3647 1742 3767 1796 ausi

419 1896 425 1902 .
456 1849 585 1897 sunt
610 1854 949 1911 promovere.
992 1839 1168 1897 Probe
1204 1838 1412 1895 sciebat
1439 1836 1767 1893 Novatianus
1792 1835 2078 1907 presbyter
2105 1849 2175 1890 ne
2213 1832 2563 1889 simulacrum
2592 1831 2809 1904 quidem
2849 1831 3195 1903 episcopatus
3224 1830 3342 1887 sine
3380 1846 3519 1887 nova
3548 1832 3768 1887 ordina-

366 1998 373 2003 ,
416 1966 426 1995 ι
458 1933 617 2005 tione.
638 1933 888 2011 occupari
913 1946 1093 2004 posse,
1119 1947 1244 1988 cum
1279 1940 1388 1987 tres
1423 1930 1711 2001 episcopos
1745 1942 1883 2000 quos
1927 1944 1992 1984 cx
2037 1927 2298 1983 vilissima
2314 1914 2587 1983 Ecclesia:
2617 1934 2769 1995 parte
2817 1939 2915 1996 per
2962 1924 3149 1982 dolum
3201 1925 3492 1991 acciverat,
3523 1925 3767 1984 inclusos

372 2090 376 2094 θ
420 2076 429 2081 .
457 2024 595 2080 hora
620 2024 853 2105 decima,
882 2024 1211 2081 temulentos
1240 2031 1296 2079 et
1324 2021 1546 2093 crapula
1566 2034 1859 2095 oppressos
1882 2062 1897 2089 ,
1923 2018 2238 2076 adumbrata
2260 2019 2492 2091 quadam
2518 2026 2577 2076 et
2621 2018 2767 2076 inani
2802 2032 3061 2074 manuum
3105 2019 3449 2091 impositione
3485 2020 3768 2092 ειιίεεο,›;ι-

454 2129 571 2175 tum
593 2119 695 2176 sibi
728 2119 940 2176 tradere
968 2135 1065 2190 per
1099 2118 1208 2173 vim
1241 2126 1460 2190 cogeret
1488 2116 1738 2192 (Euseb,
1772 2113 1937 2183 Hist.,
1963 2114 2057 2170 lib.
2082 2132 2158 2185 vr,
2185 2130 2237 2171 c.
2264 2115 2380 2186 45).
2416 2115 2472 2172 5°
2508 2113 2590 2169 Ex
2626 2113 2711 2169 his
2749 2113 2912 2170 etiam
2941 2113 3269 2186 perspicitur
3286 2115 3571 2187 episcopos
3592 2132 3621 2192 a
3646 2118 3768 2173 solo

455 2210 670 2268 Christo
695 2188 1016 2283 potestatem
1041 2210 1303 2268 Ecclesia:
1322 2188 1696 2282 gubernanda:
1722 2207 2019 2280 accepisse.
2060 2207 2198 2265 [line
2248 2209 2408 2266 toties
2433 2206 2575 2279 apud
2621 2209 2951 2280 Cyprianum
2983 2227 3003 2261 ι
3039 2209 3299 2265 Dominus
3334 2188 3642 2266 sacerdotes
3661 2211 3767 2268 sibi

417 2370 427 2379 .
455 2303 512 2360 in
543 2303 781 2361 Ecclesia
805 2303 1122 2374 suaeligcre
1159 2313 1215 2359 et
1240 2303 1572 2359 constituere
1602 2319 1622 2354 ι
1654 2300 1871 2369 dicitur,
1901 2317 1953 2371 p.
1986 2300 2089 2357 59:
2119 2300 2220 2356 hac
2256 2300 2468 2377 ratione
2492 2301 2791 2381 Cyprianus
2821 2296 3058 2379 Cornelii
3098 2301 3470 2381 episcopatum
3503 2320 3522 2354 ι
3555 2301 3622 2360 de
3645 2304 3762 2375 Dei,

410 2376 546 2467 ξηιιί
591 2396 902 2454 sacerdotes
938 2397 1094 2466 facit,
1131 2398 1421 2466 _voluntate
1440 2403 1752 2466 susceptum
1786 2414 1805 2447 ι
1838 2392 2075 2449 defendit
2119 2394 2454 2472 (Ερίειηιιι,
2499 2410 2553 2465 p.
2610 2376 2689 2473 68;
2705 2404 2762 2451 et
2782 2376 2901 2468 69).¹
2945 2394 3064 2451 Vid.
3100 2395 3199 2468 Ep.
3232 2376 3319 2466 tv,
3447 2396 3537 2465 82,
3576 2408 3630 2454 et
3659 2398 3764 2471 Ep.

418 2554 423 2561 ,
452 2506 580 2560 uv,
611 2491 823 2562 p.115,
855 2491 954 2560 Ep.
981 2506 1126 2557 thx,
1158 2507 1210 2561 p.
1238 2490 1359 2545 121.
1419 2489 1498 2544 Ex
1546 2488 1649 2543 hac
1693 2486 2034 2558 episcopatus
2062 2484 2584 2563 notionelorieba'tur
2607 2501 2816 2563 summa
2849 2485 3103 2559 Cypriani
3142 2490 3443 2544 constantia
3474 2489 3526 2544 in
3562 2488 3759 2561 guber-

414 2652 429 2666 ⁴
449 2585 632 2642 nanda
658 2594 713 2642 et
733 2584 1071 2642 defendenda
1102 2583 1329 2640 ecclesia
1357 2598 1486 2652 sua,
1504 2583 1600 2655 cui
1625 2596 1750 2638 cum
1772 2596 1832 2638 se
1854 2579 2094 2660 judicem
2115 2579 2196 2656 .ad
2230 2562 2497 2653 tempusa
2524 2562 2841 2661 Deoidatum
2860 2595 2983 2638 esse
3006 2581 3173 2638 sciret
3198 2580 3346 2654 (pag.
3371 2580 3527 2650 ΕΞ),
3560 2601 3581 2636 ι
3612 2598 3763 2640 com-

407 2732 421 2744 ,
450 2683 616 2735 missa
642 2678 895 2752 divinitus
921 2687 1096 2735 castra
1124 2678 1266 2734 ﬁdeli
1297 2676 1493 2734 virtute
1527 2696 1547 2730 ι
1572 2677 1824 2735 servabat
1866 2677 1944 2751 (p.
1989 2676 2148 2751 Nl).
2186 2675 2451 2745 lmpressa
2483 2684 2601 2731 erat
2634 2675 2865 2756 aliorum
2902 2674 3100 2731 Africa:
3144 2666 3531 2748 episcoporum
3562 2679 3756 2756 animis

376 2764 381 2769 ’
409 2823 421 2832 ,
454 2773 575 2830 lucc
599 2775 868 2831 sententia
893 2792 906 2829 :
944 2793 962 2827 ι
991 2773 1047 2831 Si
1068 2774 1292 2830 maritus
1315 2788 1540 2845 peregre
1567 2772 1915 2843 proﬁciscens
1933 2814 1953 2841 ,
1982 2791 2003 2825 ι
2048 2772 2221 2845 inquit
2242 2770 2537 2827 Venantius
2561 2785 2592 2825 a
2614 2752 2815 2825 Timisa
2833 2809 2849 2837 ,
2878 2768 2932 2824 in
2952 2768 3185 2826 concilio
3212 2768 3467 2842 Carthag.
3494 2811 3510 2838 ,
3626 2772 3753 2835 535.

455 2887 478 2923 ι
507 2869 680 2926 amico
694 2884 791 2925 suo
807 2868 1238 2926 commendasset
1258 2884 1480 2927 uxorem
1502 2883 1654 2925 suam
1676 2866 2103 2934 custodiendam,
2127 2866 2558 2923 commendatam
2577 2866 2678 2921 sibi
2712 2865 2801 2922 ille
2819 2856 3018 2939 quanta
3046 2876 3227 2939 posset
3246 2866 3524 2939 diligentia
3540 2883 3759 2945 conser-

416 2973 619 3032 .varct,
646 2978 712 3018 ne
736 2965 804 3018 ab
826 2963 1006 3034 aliquo
1031 2964 1248 3020 castitas
1277 2962 1393 3035 ejus
1414 2973 1469 3019 et
1503 2962 1764 3019 sanctitas
1801 2959 2216 3019 adulteraretur.
2243 2959 2491 3017 Christus
2523 2960 2784 3017 Dominus
2808 2968 2865 3018 et
2894 2959 3041 3045 Deus
3066 2971 3252 3019 noster
3279 2961 3348 3019 ad
3362 2960 3591 3041 Patrem
3628 2942 3753 3037 pro-

448 3058 697 3113 ficisccns
725 3071 978 3129 sponsam
1005 3072 1157 3114 suam
1187 3057 1343 3114 nobis
1361 3054 1777 3129 commendavit.
1815 3074 1836 3108 ι
1874 3078 1879 3081 >
1952 3110 1957 3121 ι
2048 3096 2053 3103 .

2334 3096 2395 3121 ’⁸1
2485 3084 2550 3122 ο..
2608 3106 2618 3119 ο
3157 3110 3163 3119 ι
3241 3098 3247 3111 ⁵
3442 3110 3453 3133 ι
3534 3102 3597 3113 -⁷
3710 3108 3717 3121 ι

420 3196 430 3203 .
523 3153 716 3212 Nescio
738 3154 881 3226 quod
908 3154 1267 3211 sacerdotium
1295 3151 1560 3225 Rigaltius
1585 3159 1642 3208 et
1670 3150 1921 3208 Baluzius
1949 3151 2196 3209 diaconis
2225 3150 2489 3223 attingunt
2521 3153 2573 3207 in
2604 3152 2715 3209 suis
2748 3150 3216 3209 observationibus
3239 3151 3307 3208 ad
3342 3152 3459 3210 hac
3495 3152 3748 3225 Cypriani

448 3249 662 3305 verba:
698 3267 717 3302 ι
760 3249 890 3305 Item
919 3248 1253 3321 presbyteris
1294 3256 1350 3304 ct
1380 3246 1696 3306 diaconibus
1732 3260 1839 3303 non
1877 3245 2048 3304 defuit
2077 3245 2363 3303 sacerdotii
2401 3246 2553 3318 vigor
2593 3246 2786 3320 (Epist.
2817 3245 2933 3319 xv).
2972 3266 2992 3301 ι
3041 3246 3340 3320 Cyprianus
3370 3246 3473 3305 hoc
3522 3248 3640 3305 loco
3663 3265 3754 3305 sa-

450 3344 677 3400 cerdotii
703 3344 944 3415 vigorem
973 3358 1308 3415 nequaquam
1339 3340 1668 3413 presbyteris
1699 3340 1808 3397 illis
1833 3350 1887 3397 et
1911 3340 2230 3398 diaeonibns
2255 3340 2522 3406 attribuit,
2557 3339 2653 3395 sed
2696 3339 2922 3411 potiusa
2948 3355 3010 3396 se
3063 3340 3117 3396 in
3152 3340 3260 3396 illis
3285 3340 3632 3413 objurgandis
3657 3342 3753 3397 atl-

449 3435 678 3491 hibitum
705 3435 1074 3502 demonstrat;
1102 3434 1264 3505 idque
1290 3448 1355 3489 ex
1388 3432 1472 3488 Itis
1496 3448 1617 3504 qua:
1637 3440 1935 3504 sequuntur
1953 3442 2115 3504 atque
2143 3449 2208 3488 cx
2235 3433 2397 3488 totius
2451 3430 2694 3503 cpistola:
2714 3432 2855 3489 serie
2903 3432 3245 3505 perspicitur.
3277 3433 3461 3506 Neque
3498 3435 3623 3491 huic
3653 3435 3751 3492 Ri-

446 3526 594 3597 galtii
633 3535 685 3583 et
711 3526 909 3583 Baluzii
937 3525 1176 3599 opinioni
1200 3524 1338 3582 favet
1364 3524 1506 3596 quod
1546 3524 1848 3596 Cyprianus
1884 3525 2150 3582 absensin
2175 3525 2345 3596 Epist.
2380 3541 2477 3580 xm
2518 3524 2781 3591 decernit,
2830 3544 2850 3579 ι
2889 3535 2948 3581 ιιι
2983 3525 3075 3598 qui
3127 3527 3338 3584 libellos
3363 3543 3393 3582 a
3428 3529 3751 3602 martyribus

448 3630 797 3691 acceperunt,
824 3628 879 3682 et
908 3620 1261 3691 praerogativa
1292 3634 1480 3675 eorum
1511 3618 1651 3690 apud
1672 3619 1838 3675 Deum
1864 3618 2107 3691 adjuvari
2135 3628 2380 3689 possunt,
2413 3620 2458 3675 si
2487 3619 2834 3676 incommodo
2860 3622 3039 3693 aliquo
3067 3632 3125 3678 et
3155 3621 3484 3679 infirmitatis
3510 3626 3748 3695 periculo

443 3715 689 3786 occupati
719 3714 934 3779 fuerint,
966 3728 1073 3769 non
1102 3720 1409 3784 exspectata
1429 3712 1714 3784 prtesentia
1750 3722 1959 3780 nostra,
1978 3713 2167 3785 inquit,
2198 3714 2337 3784 apud
2370 3715 2743 3787 presbyterum
2778 3729 3189 3787 quemcumque
3214 3726 3557 3789 prrscntcm,
3594 3718 3683 3775 vel
3702 3720 3749 3775 si

443 3806 731 3879 presbyter
747 3813 992 3876 repertus
1014 3820 1119 3862 non
1145 3804 1325 3872 fuerit,
1360 3814 1423 3871 et,
1439 3819 1633 3875 urgere
1651 3804 1832 3861 exitus
1859 3806 2109 3878 coeperit,
2139 3806 2280 3876 apud
2305 3806 2591 3879 diaconum
2608 3822 2822 3879 quoque
2839 3808 3238 3881 exomologesin
3263 3809 3445 3866 delicti
3463 3810 3546 3866 sui
3573 3809 3750 3867 facere

442 3898 685 3969 possint;
715 3908 793 3965 ut,
829 3913 989 3954 manu
1012 3897 1095 3981 eisi
1144 3898 1197 3953 in
1231 3897 1620 3969 pcenitentiam.
1658 3898 1931 3968 imposita,
1958 3899 2176 3956 veniant
2196 3898 2262 3954 ad
2287 3900 2573 3956 Dominum
2595 3917 2717 3957 cum
2748 3916 2881 3973 pace
2913 3917 3074 3974 quam
3096 3902 3213 3959 dari
3255 3911 3521 3981 martyres
3557 3904 3750 3981 litteris

439 3989 508 4044 ad
536 4005 634 4045 nos
667 3990 824 4045 factis
850 3977 1309 4046 desideraverunt.
1336 4006 1357 4041 ι
1386 3988 1501 4058 Νριι
1532 3988 1863 4045 itnmorabor
1891 3989 1944 4045 in
1975 3989 2076 4047 bac
2095 3991 2411 4063 explicanda
2432 3992 2764 4059 difficultate,
2796 4010 2916 4066 qua:
2944 3995 3166 4053 nimium
3193 4005 3342 4052 arcte
3365 3977 3747 4070 cum'sequen-

441 4085 587 4140 tibus
616 4086 826 4158 szpculis
855 4084 1139 4156 conjuncta
1163 4092 1267 4151 est,
1296 4097 1455 4155 quam
1513 4094 1571 4139 ut
1600 4086 1729 4157 (hoc
1753 4084 1873 4162 loco
1898 4086 2193 4143 examinari
2225 4088 2412 4159 possit.
2447 4087 2553 4145 Sed
2578 4098 2688 4145 uta
2719 4090 2987 4163 Cypriano
3015 4106 3121 4149 non
3152 4091 3445 4160 discedam,
3477 4110 3639 4150 unum
3662 4105 3749 4152 est

439 4180 585 4251 quod
609 4180 953 4247 observatum
977 4179 1158 4247 velim,
1186 4193 1523 4261 nequaquam
1551 4177 1620 4261 ab
1645 4178 1738 4234 illo
1765 4179 1903 4235 hanc
1922 4182 2254 4250 provinciam
2281 4181 2522 4239 diaconis
2549 4185 2833 4252 committi,
2872 4192 2931 4239 ut
2957 4193 3297 4255 peccatorum
3346 4187 3745 4245 confessionem

437 4276 710 4346 excipiant
729 4287 782 4332 et
808 4275 1180 4347 paenitentiam
1209 4256 1505 4345 imponant.
1538 4256 1664 4328 llzec
1691 4273 1835 4328 enim
1862 4273 1965 4329 fuit
1994 4273 2109 4347 illis
2131 4276 2464 4346 temporibus
2495 4275 2799 4347 disciplina,
2827 4286 2887 4332 ut
2926 4292 3085 4334 nemo
3121 4278 3188 4333 ad
3216 4293 3405 4350 pacem
3434 4260 3745 4338 admittare-

436 4379 526 4427 tur
550 4385 620 4453 ne
649 4369 706 4425 in
733 4378 979 4426 extremo
1004 4354 1231 4439 quidem
1261 4356 1595 4434 discrimine,
1624 4367 1727 4423 nisi
1760 4369 1995 4439 quiante
2014 4350 2262 4427 morbum
2293 4380 2507 4441 peccata
2530 4371 2810 4429 confessus
2828 4372 3033 4442 fuisset,
3071 4388 3135 4430 ac
3164 4377 3535 4445 ptenitentiam
3561 4388 3746 4448 postu-

434 4462 625 4529 lasset,
656 4456 1303 4549 ut'testaturJCyprianus
1325 4460 1382 4516 in
1424 4459 1600 4537 Epist.
1638 4476 1745 4549 ἒιιι.
1796 4460 2157 4549 Quamobrem
2195 4466 2506 4536 prmscripta
2533 4465 2674 4536 apud
2696 4465 2986 4545 (diaconum
3022 4468 3418 4538 exomologesis
3460 4470 3516 4525 in
3555 4472 3743 4528 mortis

437 4542 826 4631 articulo.'nou_
852 4559 970 4634 erat
992 4546 1659 4628 peccatorum‘confessio',
1680 4568 1802 4624 quae
1827 4542 1968 4625 apud
1991 4542 2299 4613 Sacerdotes
2324 4556 2486 4613 antea
2513 4559 2626 4614 tieri
2660 4542 2939 4625 debuerat,
2972 4574 3075 4615 nec
3102 4560 3325 4630 proinde
3346 4577 3468 4617 cum
3496 4562 3736 4620 diaconis

435 4646 891 4704 communicatum
912 4645 1013 4702 fuit
1049 4646 1377 4739 poenitentiae
1398 4644 1735 4718 imponenda:
1760 4661 1975 4705 munus.
1996 4648 2151 4717 Quod
2174 4658 2356 4706 autem
2376 4651 2445 4706 ab
2468 4651 2694 4708 eruditis
2714 4652 2842 4709 viris
2871 4652 3185 4725 jamdudum
3228 4655 3570 4712 observatum
3618 4669 3699 4714 est
3721 4700 3734 4723 ,

433 4740 701 4833 duplicem
725 4755 845 4799 esse
870 4737 1299 4823 exomologesin,
1339 4738 1392 4797 id
1422 4738 1773 4797 conﬁrmatur
1799 4755 1867 4797 ex
1914 4741 2172 4815 Cypriani
2191 4743 2434 4815 epistolis
2484 4745 2538 4800 in
2565 4745 2840 4817 lapsorum
2888 4762 3052 4805 causa
3077 4750 3328 4822 scriptis;
3354 4752 3406 4807 in
3434 4750 3626 4821 primis
3664 4769 3732 4810 ex

430 4835 538 4908 Ep.
564 4852 660 4903 xu,
693 4834 784 4893 ubi
824 4834 1323 4908 aitexomologesin
1348 4834 1504 4893 ﬁerit
1541 4836 1782 4909 inspecta
1810 4837 1919 4892 vita
1966 4835 2091 4907 ejus
2108 4837 2201 4908 qui
2225 4836 2337 4909 agit
2375 4838 2767 4908 paenitentiam.
2804 4860 2825 4893 ι
2861 4841 2941 4899 Ex
2984 4859 3091 4915 quo
3121 4854 3267 4917 patet
3312 4849 3732 4923 exomologesin,

433 4945 596 5002 quam
624 4928 892 4987 absolutio
918 4930 1164 5019 proxime
1190 4929 1515 5002 sequebatur
1534 4930 1646 5003 jam
1671 4930 1900 5004 probata
1930 4940 1989 5009 et
2020 4931 2155 4989 satis
2183 4938 2425 5004 spectata
2448 4932 2586 5008 lapsi
2606 4924 2611 4929 ’
2635 4924 2975 5009 ptenitentia,
3017 4938 3275 5014 distingui
3309 4941 3509 5002 debere
3534 4960 3564 5001 a
3600 4959 3732 5003 con-

364 5090 377 5103 ,
432 5022 665 5087 fessionc
689 5030 1032 5111 peccatorum
1059 5021 1431 5098 pamitentiam
1458 5025 1628 5099 ipsam
1657 5025 2022 5099 praecedente.
2077 5090 2085 5111 τ
2162 5102 2167 5105 _

1518 5172 1635 5203 η,

1084 5180 1090 5191 ι
1197 5194 1201 5198 .
1272 5184 1296 5203 ,ι
1378 5178 1406 5201 τι
1482 5178 1634 5208 ,Ὕν
1756 5182 1828 5207 ἰ
2196 5200 2201 5207 ,

1090 5228 1204 5323 IIII.
1221 5246 1572 5306 τ-νιιιιιιιτσε
1591 5247 1858 5295 occasu:
1885 5247 2119 5310 nomn
2147 5250 2182 5294 Δ
2215 5249 2263 5294 ε.
2297 5249 2556 5298 οῖιιιιιιιιιο
2577 5249 2710 5297 sane

1504 5247 1572 5291 ‘US
1591 5247 1858 5295 εοοιεειιι
1885 5247 2119 5310 ΒΟΙΔΝΕ
2147 5250 2182 5294 Δ
2215 5249 2263 5294 8.
2297 5249 2556 5298 CYPRIANO
2577 5249 2786 5297 εειιιιειι
2810 5248 3056 5305 Αςιιιτυε,
3120 5310 3124 5315 ς

422 5476 431 5484 -
495 5439 588 5498 Sic
611 5439 1119 5513 episcoporumjura
1140 5438 1383 5499 defendit
1406 5438 1731 5514 Cyprianus,
1788 5449 1847 5497 ιιι
1872 5440 2166 5514 legitimum
2192 5442 2453 5500 Romana:
2479 5442 2638 5502 Sedis
2678 5444 2968 5516 primatum
3004 5454 3288 5520 agnoscat.
3312 5446 3373 5505 In
3399 5449 3739 5510 dissensione

423 5552 590 5611 quam
617 5535 805 5592 habuit
822 5552 943 5593 cum
969 5538 1266 5610 Stephano.
1298 5554 1444 5611 saepe
1467 5548 1689 5610 questus
1714 5546 1798 5596 cst
1822 5537 1965 5609 quod
1992 5538 2298 5611 Stephanus
2325 5541 2558 5611 primatu
2600 5555 2699 5597 suo
2726 5541 2948 5599 nimium
2968 5542 3290 5617 conﬁderet,
3320 5546 3416 5602 sed
3467 5545 3535 5604 de
3564 5532 3733 5618 ipsius

424 5629 744 5688 auctoritate
760 5628 908 5685 litem
930 5645 1034 5685 non
1048 5632 1233 5688 movit.
1258 5629 1350 5688 Sic
1362 5631 1504 5688 enim
1530 5631 1695 5687 tacito
1719 5632 1937 5689 nomine
1973 5631 2305 5704 Stephanum
2349 5633 2662 5706 perstringit
2680 5634 2735 5690 in
2751 5635 2919 5707 Epist.
2940 5653 3066 5694 Lm
3089 5656 3101 5693 :
3130 5657 3148 5691 ι
3180 5636 3287 5694 Sed
3303 5653 3401 5694 nec
3421 5638 3635 5705 Petrus.
3654 5641 3736 5697 in-

426 5726 564 5795 quit,
581 5726 743 5796 quem
764 5723 995 5795 primum
1021 5725 1277 5784 Dominus
1291 5725 1449 5798 elegit
1465 5735 1520 5782 et
1535 5740 1701 5799 super
1714 5742 1872 5798 quem
1890 5725 2125 5783 fundavit
2149 5726 2446 5783 Ecclesiam
2466 5742 2637 5796 suam,
2666 5744 2789 5786 cum
2811 5745 2993 5787 secum
3017 5731 3216 5789 Paulus
3234 5731 3303 5790 de
3319 5732 3733 5792 circumcisione

424 5822 768 5893 postmodum
795 5822 1146 5894 disceptaret,
1175 5824 1467 5882 vindicavit
1494 5825 1593 5882 sibi
1623 5824 1823 5900 aliquid
1844 5824 2137 5883 insolenter
2183 5834 2276 5880 aut
2302 5833 2617 5897 arroganter
2657 5828 2969 5899 assumpsit,
3015 5839 3073 5883 ut
3101 5828 3307 5885 diceret
3333 5844 3392 5885 se
3431 5829 3723 5905 primatum

424 5927 609 5975 tenere
635 5925 689 5975 et
716 5915 1079 5988 obtemperari
1107 5931 1137 5972 a
1169 5918 1394 5976 novellis
1424 5926 1478 5976 ct
1501 5919 1735 5991 posteris
1762 5918 1876 5984 sibi
1905 5918 2082 5992 potius
2110 5926 2401 5993 oportere:
2442 5938 2460 5971 ι
2491 5920 2573 5992 sic
2619 5914 2783 5981 etiam
2809 5924 3153 5983 Firmilianus
3175 5925 3319 5999 justo
3360 5923 3641 5999 indignari
3664 5941 3728 5986 se
