4102 6416
223 403 296 454 2‘;
1641 391 2030 452 PREFATIO.
3465 384 3532 445 QG

227 441 260 458 ὀ

221 515 352 574 dicit
381 517 437 574 in
465 517 795 589 Stephanum
849 517 993 591 (pag.
1040 515 1168 581 148)
1197 512 1337 585 quod
1373 514 1460 586 qui
1495 531 1513 566 t
1549 512 1625 568 sic
1656 511 1724 568 de
1749 510 2086 582 episc0patus
2114 508 2196 564 sui
2233 507 2353 565 loco
2387 505 2664 580 gloriatur,
2687 513 2741 563 et
2758 519 2818 562 se
2841 504 3238 564 successionem
3278 506 3420 565 Petri
3446 517 3528 565 to-

224 628 352 668 nere
379 612 673 680 contendit,
703 627 867 684 super
891 626 1049 682 quem
1081 608 1423 664 fundamenta
1445 605 1701 662 Ecclesizc
1722 603 1981 660 collocata
2005 611 2148 669 sunt,
2182 601 2378 658 multas
2421 601 2551 657 alias
2579 609 2756 671 petras
2787 599 3021 663 inducat,
3065 609 3121 655 et
3165 599 3514 658 ecclesiarum

225 708 513 762 multarum
553 720 689 761 nova
716 705 942 762 aedificia
966 703 1273 769 constituat,
1299 701 1425 758 dum
1455 715 1576 757 esse
1627 699 1735 756 illic
1779 699 2051 771 Baptisma
2082 714 2175 753 sua
2203 697 2522 754 auctoritate
2539 695 2793 752 defendit.
2831 714 2850 748 t
2879 695 2944 750 Et
2977 694 3133 766 paulo
3155 704 3274 766 post
3303 711 3318 750 :
3356 713 3376 747 t
3407 696 3528 752 Stc-

225 799 454 870 phanus,
493 799 581 870 qui
613 814 706 870 per
743 797 1138 854 successionem
1167 794 1477 852 cathedram
1503 794 1646 850 Petri
1669 793 1868 850 habere
1890 808 1948 849 se
1973 792 2250 865 prredicat,
2282 791 2426 847 nullo
2448 789 2704 847 adversus
2727 790 3009 846 luereticos
3036 790 3154 846 zelo
3181 791 3462 846 excitatur.
3498 811 3517 845 ι

225 894 488 965 Agnoscit
511 910 638 965 ergo
668 894 1012 950 Firmilianus
1041 893 1094 949 in
1125 891 1398 963 Stephano
1426 890 1671 946 altiorem
1688 888 1970 960 quemdam
2003 887 2274 958 dignitatis
2309 885 2556 956 gradum,
2590 893 2643 940 et
2668 883 2793 940 dum
2835 885 2886 939 itt
2911 898 2976 940 eo
3007 899 3306 955 congruens
3339 883 3518 956 digni-

226 989 320 1043 tati
349 989 581 1044 studium
613 989 735 1045 ﬁdei
756 989 1046 1052 desiderat,
1076 987 1220 1044 Petri
1250 985 1535 1058 primatum
1579 983 1774 1041 fatetur
1795 982 2136 1056 successione
2166 981 2231 1038 ad
2265 981 2412 1036 illum
2439 981 2762 1052 pervenisse.
2795 979 2940 1036 Petri
2985 978 3208 1052 ejusque
3242 975 3523 1036 Successo—

221 1099 344 1138 rum
373 1084 658 1154 primatum
685 1100 828 1155 saepe
853 1082 985 1139 alias
1006 1079 1725 1152 commendavitCyprianus
1755 1095 1768 1133 :
1799 1098 1818 1132 ‹
1859 1079 2049 1152 Petrus
2081 1087 2277 1142 tamen,
2316 1095 2334 1129 t
2379 1075 2549 1147 inquit
2582 1090 2700 1147 pag.
2727 1074 2848 1142 125,
2885 1093 2903 1127 t
2942 1090 3106 1147 super
3155 1091 3315 1146 quem
3347 1075 3515 1131 rediti-

213 1185 333 1231 cata
358 1175 429 1231 ab
449 1177 637 1232 eodem
661 1176 888 1232 Domino
923 1176 1095 1232 fuerat
1126 1174 1388 1240 Ecclesia,
1421 1188 1558 1229 unus
1600 1189 1696 1243 pro
1723 1172 1982 1240 omnibus
1999 1173 2050 1228 lo
2066 1185 2222 1242 luens
2243 1180 2298 1226 et
2327 1169 2581 1226 Ecclesia:
2612 1184 2744 1224 voce
2773 1168 3104 1240 respondens
3131 1169 3208 1224 ait
3233 1185 3250 1223 ι
3277 1167 3517 1235 Domine,

211 1270 282 1322 ad
307 1287 452 1339 quem
480 1271 704 1327 ibimus?
732 1291 750 1323 ι
792 1270 907 1327 Vid.
941 1287 1060 1344 pag.
1084 1273 1209 1328 1'35.
1261 1288 1281 1325 ι
1318 1268 1433 1326 Utta
1464 1267 1701 1324 Ecclesia
1727 1282 1755 1321 a
1790 1247 2016 1339 Domini;
2033 1281 2195 1336 super
2211 1264 2428 1320 Petrum
2466 1264 2670 1336 origine
2695 1263 2912 1318 unitatis
2929 1272 2983 1318 et
3004 1263 3212 1318 ratione
3230 1261 3466 1330 fundata,
3494 1283 3513 1316 ο

212 1378 266 1432 p.
304 1361 427 1418 ηδ.
460 1383 480 1415 t
516 1364 648 1420 Nam
673 1365 830 1421 Petro
853 1381 1018 1437 super
1032 1381 1190 1436 quem
1221 1362 1502 1420 tedificavit
1528 1361 1845 1427 Ecclesium,
1875 1369 1931 1416 et
1956 1360 2095 1415 unde
2122 1361 2341 1415 unitatis
2366 1359 2626 1430 originem
2667 1358 2892 1413 inStituit
2922 1367 2977 1413 et
3001 1357 3254 1424 ostendit,
3285 1367 3520 1430 potesta—

211 1464 320 1510 tem
343 1457 500 1513 istam
523 1457 671 1514 dedit
701 1470 757 1515 ut
786 1460 835 1514 id
866 1459 1235 1517 solvereturin
1265 1457 1418 1516 coelis
1445 1456 1588 1528 quod
1618 1457 1710 1513 ille
1740 1457 1989 1512 solvisset
2013 1456 2064 1510 in
2096 1455 2269 1511 terris.
2318 1455 2386 1510 Et
2411 1464 2530 1526 post
2557 1454 3010 1511 resurrectionem
3038 1469 3252 1527 quoque
3275 1453 3341 1510 ad
3367 1456 3518 1526 Apo-

207 1548 378 1604 stolos
395 1550 645 1623 loquitur,
672 1552 856 1609 dicens
877 1571 890 1606 :
913 1553 1060 1608 Sicut
1082 1553 1215 1607 misit
1229 1569 1306 1608 nte
1329 1552 1502 1617 Pater,
1527 1561 1572 1606 et
1591 1567 1682 1623 ego
1707 1551 1851 1604 mitto
1874 1565 2012 1616 νοω
2037 1558 2142 1604 etc.
2172 1549 2364 1620 (Epist.
2399 1563 2590 1615 Lxxnt,
2625 1563 2744 1619 pag.
2770 1548 2864 1603 l3l
2881 1566 2894 1603 :
2912 1546 3016 1603 vid.
3041 1562 3158 1620 pag.
3179 1549 3280 1604 “8
3297 1548 3515 1619 et250).

210 1641 315 1698 Sed
337 1644 603 1716 przeeipue
626 1646 1048 1710 considerandus
1066 1647 1221 1704 nobis
1236 1656 1320 1704 est
1349 1648 1574 1718 insignis
1600 1646 1754 1700 locus
1779 1659 1847 1701 ex
1873 1644 2010 1701 libro
2035 1645 2098 1699 de
2113 1642 2318 1700 Unitate
2333 1642 2596 1711 Ecclesitt',
2623 1658 2740 1715 pag.
2773 1642 2877 1698 195
2906 1661 2917 1701 :
2945 1661 2963 1694 ι
2985 1641 3246 1713 Loquitur
3263 1642 3518 1699 Dominus

209 1739 278 1794 ad
307 1740 522 1797 Petrum
560 1761 572 1798 :
608 1742 720 1815 Ego
757 1744 846 1799 tibi
873 1745 1006 1812 dico,
1033 1744 1225 1816 inquit,
1250 1745 1372 1815 quia
1402 1755 1457 1799 tu
1482 1759 1536 1799 es
1567 1741 1772 1807 Petrus,
1801 1749 1847 1796 et
1872 1757 2024 1811 super
2053 1741 2185 1795 Itattc
2213 1750 2408 1814 petram
2431 1739 2698 1810 aedificabo
2727 1739 3010 1796 Ecclesium
3058 1756 3244 1808 nteant,
3273 1749 3322 1796 et
3354 1751 3516 1810 porta:

207 1834 494 1904 inferorum
519 1853 622 1892 non
647 1839 844 1894 vincent
869 1827 1020 1904 eam;
1049 1850 1096 1894 et
1116 1839 1205 1895 tibi
1225 1840 1356 1894 dabo
1383 1840 1548 1894 claves
1573 1837 1717 1910 regni
1744 1836 2018 1902 caelorum;
2049 1847 2095 1890 et
2123 1851 2237 1907 qua:
2277 1835 2511 1908 ligaveris
2555 1851 2707 1905 super
2753 1843 2962 1901 terram,
3007 1843 3155 1889 erunt
3198 1834 3354 1906 ligata
3375 1843 3420 1888 et
3461 1836 3512 1890 in

207 1928 369 1994 cretis,
397 1939 444 1984 et
469 1946 801 2002 qutecumque
825 1931 1032 1987 solt-eris
1054 1947 1205 2004 super
1231 1942 1441 1998 terrattt,
1473 1941 1620 1986 erunt
1649 1929 1817 1984 soluta
1845 1937 1890 1983 et
1919 1928 1970 1982 in
2026 1929 2186 1983 ctelis.
2215 1927 2284 1983 Et
2306 1929 2497 1983 iterum
2523 1927 2697 1985 eidem
2730 1935 2852 1998 post
2895 1927 3345 1984 resurrectionem
3363 1941 3512 1982 suam

203 2019 332 2076 dicit
357 2039 368 2075 :
401 2020 563 2078 Pasce
588 2040 702 2079 oves
731 2041 906 2090 meas;
946 2040 1110 2096 super
1147 2025 1298 2080 illum
1323 2039 1487 2080 unum
1511 2022 2050 2080 aedificatEcciesiam
2075 2036 2251 2087 suam,
2281 2021 2432 2077 etilli
2463 2019 2763 2092 pascendos
2785 2020 3002 2076 mandat
3017 2035 3147 2076 oves
3167 2035 3312 2089 suas,
3333 2036 3513 2092 quam-

201 2116 284 2170 vis
311 2116 585 2186 Apostolis
599 2127 722 2187 post
750 2120 1203 2175 resurrectionem
1233 2134 1385 2175 suam
1417 2133 1604 2189 paretn
1637 2124 1960 2188 potestatem
1979 2113 2176 2170 tribuat
2201 2122 2256 2170 et
2280 2113 2460 2170 dicat:
2497 2114 2647 2169 Sicut
2673 2114 2807 2169 misit
2835 2130 2914 2168 me
2946 2112 3122 2179 Pater,
3163 2123 3210 2167 et
3257 2129 3348 2186 ego
3371 2115 3512 2169 mitto

201 2223 286 2262 vos
306 2225 320 2275 ;
339 2210 548 2279 accipite
574 2210 1102 2282 Spiritumsanctum;
1125 2214 1168 2268 si
1193 2215 1340 2284 cujus
1367 2212 1659 2268 remiseritis
1686 2221 1913 2281 peccatu,
1934 2209 2250 2264 remittemur
2276 2209 2376 2276 illi;
2403 2209 2444 2264 si
2471 2213 2619 2281 cujus
2637 2210 2915 2276 tenueritis,
2939 2208 3272 2266 tenebuntur:
3295 2217 3502 2277 (tamen,

204 2311 263 2356 ut
286 2303 542 2359 unitatem
573 2306 964 2374 manifestaret,
995 2307 1214 2363 unitatis
1243 2305 1484 2378 ejusdem
1517 2305 1778 2377 originem
1816 2304 1884 2360 ab
1911 2317 2018 2359 uno
2050 2303 2392 2374 incipientem
2429 2320 2524 2360 sua
2553 2304 2872 2360 auctoritate
2899 2303 3180 2375 disposuit.
3216 2303 3331 2360 Hoc
3357 2315 3512 2361 erant

205 2395 389 2467 utique
414 2406 466 2453 et
491 2399 670 2455 eteteri
699 2400 939 2471 Apostoli
979 2401 1121 2473 quod
1146 2402 1245 2457 fttit
1274 2402 1486 2470 Petrus,
1513 2401 1623 2472 pari
1651 2400 1926 2457 consortio
1955 2400 2162 2471 prmditi
2193 2410 2246 2457 et
2272 2400 2492 2458 honoris
2518 2412 2571 2458 et
2612 2402 2920 2473 potestatis;
2965 2403 3060 2460 sed
3109 2402 3388 2461 exordium
3429 2405 3499 2460 alt

209 2493 413 2550 unitate
441 2495 814 2565 proficiscitur,
847 2506 907 2554 ut
935 2497 1180 2555 Ecclesia
1205 2496 1406 2555 Christi
1435 2515 1538 2555 una
1567 2509 1918 2555 monstretur.
1958 2519 1976 2552 ι

274 2589 772 2648 lloctcstimonintn
827 2593 898 2649 ita
933 2594 1127 2664 protuli
1155 2603 1212 2650 ttt
1259 2593 1489 2650 habetur
1541 2594 1594 2649 in
1635 2594 1736 2649 hac
1781 2593 1984 2649 Baluzii
2033 2594 2294 2661 editione,
2351 2594 2446 2650 sed
2495 2595 2752 2668 Cypriani
2781 2595 2942 2651 verba
2993 2594 3148 2650 aliter
3174 2595 3428 2666 leguntur
3453 2596 3506 2650 in

209 2682 536 2740 cditionibus
565 2685 784 2742 Manutii
805 2701 868 2742 ac
891 2686 1134 2752 Pamelii,
1157 2687 1208 2741 itt
1231 2686 1427 2757 quibus
1453 2694 1574 2757 post
1599 2685 1713 2740 htec
1735 2686 1916 2750 verba,
1953 2705 1971 2738 ι
2010 2695 2068 2740 ιιι
2096 2687 2353 2741 unitatem
2386 2687 2772 2752 ntanifestaret,
2810 2705 2828 2738 υ
2855 2684 3092 2753 additur,
3129 2704 3146 2740 ι
3189 2701 3347 2740 unam
3400 2702 3494 2741 ca-

199 2777 442 2834 thedram
471 2781 745 2837 constituit
776 2802 788 2835 :
822 2801 840 2834 t
869 2781 949 2838 sic
974 2781 1134 2836 etiam
1164 2789 1283 2850 post
1311 2779 1428 2835 haec
1455 2779 1637 2844 verba,
1673 2797 1691 2829 ι
1727 2778 2004 2834 exordium
2024 2779 2092 2834 ab
2124 2779 2328 2835 unitate
2344 2779 2700 2850 proficiscitur
2729 2797 2743 2845 ;
2784 2799 2802 2832 ι
2834 2777 3033 2835 habent
3071 2777 3334 2834 editiones
3369 2778 3496 2842 illm,

206 2890 224 2921 ι
269 2871 337 2926 Ει
376 2873 640 2942 primatus
667 2874 828 2929 Petro
855 2875 1033 2939 datur,
1060 2882 1117 2928 ut
1139 2888 1242 2928 una
1271 2871 1473 2928 Christi
1504 2871 1744 2929 Ecclesia
1767 2881 1821 2928 et
1849 2871 2103 2929 cathedra
2129 2889 2229 2927 una
2262 2883 2610 2930 monstretur.
2661 2873 2728 2929 Et
2758 2882 3003 2944 pastores
3055 2881 3177 2927 sunt
3213 2887 3404 2928 omnes
3449 2882 3506 2929 et

196 2975 330 3032 grex
358 2979 494 3018 ttnus
525 2963 830 3024 ostenditur
853 2965 943 3036 qui
967 2964 1036 3020 ab
1067 2963 1340 3035 Apostolis
1367 2965 1619 3021 omnibus
1648 2964 1886 3020 unanimi
1907 2966 2264 3023 consensione
2291 2978 2557 3039 pascatur,
2593 2980 2649 3023 ut
2678 2967 2923 3024 Ecclesia
2949 2967 3153 3023 Christi
3188 2983 3291 3023 una
3333 2983 3492 3024 tnon-

196 3067 467 3115 strctur...
500 3062 620 3131 :qui
639 3061 947 3117 cathedram
971 3062 1136 3130 Petri,
1165 3076 1329 3133 super
1350 3078 1508 3132 quem
1538 3062 1754 3118 fundata
1783 3072 1868 3119 est
1895 3062 2159 3128 Ecclesia,
2178 3062 2398 3128 deserit,
2419 3064 2470 3117 in
2499 3062 2733 3118 Ecclesia
2760 3077 2819 3118 se
2840 3077 2962 3119 esse
2981 3060 3220 3120 conlidit!
3251 3081 3270 3116 ι
3304 3061 3427 3118 Haec
3447 3063 3498 3118 in

195 3161 507 3208 contextum
538 3153 824 3224 irrepsisse
851 3154 1102 3211 Baluzius
1129 3155 1482 3224 existimavit,
1502 3156 1656 3226 cujus
1686 3156 1754 3212 de
1774 3157 2040 3212 sententia
2093 3172 2156 3212 ac
2206 3155 2505 3212 rationibus
2544 3156 2878 3216 eruditorum
2919 3157 3024 3214 erit
3066 3155 3362 3227 judicium;
3403 3156 3498 3213 sed

195 3247 537 3304 observatum
569 3249 750 3316 velim,
774 3250 818 3304 si
848 3265 908 3304 ea
937 3250 1272 3306 retineantur
1331 3266 1450 3321 qua:
1477 3249 1801 3306 Oxoniensis
1846 3250 2021 3306 editor
2039 3259 2095 3306 et
2145 3249 2394 3306 Baluzius
2439 3261 2833 3322 expunxerunt,
2885 3250 3016 3305 nihil
3046 3249 3331 3306 affuturum
3356 3248 3497 3320 quod

197 3354 303 3394 non
331 3356 452 3396 cum
468 3341 720 3414 Cypriani
772 3342 1016 3399 doctrina
1047 3344 1252 3416 optime
1281 3344 1539 3415 quadret;
1586 3345 1666 3400 sin
1697 3355 1878 3401 autem
1903 3344 2234 3411 recidantur,
2265 3345 2496 3416 reliquas
2529 3345 2821 3401 testimonii
2853 3344 3011 3415 hujus
3032 3353 3212 3414 partes
3240 3345 3371 3401 satis
3401 3360 3498 3415 per

195 3449 255 3487 se
288 3433 556 3492 hahituras
581 3438 834 3494 momenti
859 3437 926 3492 ad
972 3439 1255 3508 primatum
1287 3437 1543 3495 Ecclesia:
1565 3439 1843 3494 Romanae.
1867 3437 2077 3508 Hospes
2107 3453 2237 3495 sane
2262 3445 2316 3493 ct
2347 3438 2658 3508 peregrinus
2684 3439 2752 3492 sit
2786 3439 2838 3492 in
2863 3437 3113 3508 Cypriani
3146 3437 3412 3502 doctrina,
3451 3438 3496 3493 si

191 3525 315 3596 quis
345 3528 568 3591 miretur
601 3528 757 3584 l‘ctro
781 3531 1068 3600 primatum
1093 3531 1160 3585 ab
1189 3545 1254 3587 co
1281 3530 1520 3595 attribui,
1553 3540 1608 3585 ct
1659 3546 1822 3586 unum
1873 3546 2092 3602 gregem
2121 3547 2184 3587 ac
2211 3547 2374 3586 unam
2417 3529 2724 3585 cathedram
2776 3528 3004 3594 adstrui,
3055 3544 3177 3585 cum
3237 3539 3315 3584 tot
3361 3530 3496 3585 locis

195 3620 444 3681 cunzdem
473 3622 754 3692 primatum
785 3623 1058 3691 defendat,
1087 3639 1151 3680 ac
1177 3641 1341 3681 unum
1361 3641 1602 3698 gregem,
1640 3639 1806 3680 unum
1832 3625 2196 3696 episcopatum
2227 3633 2303 3692 et,
2335 3623 2648 3679 nominatim
2698 3623 2750 3678 in
2778 3621 2954 3692 Epist.
2979 3638 3066 3690 xc,
3107 3636 3268 3676 unam
3310 3621 3496 3678 cathe-

192 3713 344 3768 dram
371 3715 732 3773 commendet.
763 3717 880 3774 Non
909 3719 1082 3789 magis
1111 3718 1416 3775 mirandum
1442 3719 1583 3791 quod
1607 3721 1664 3776 in
1687 3719 1928 3776 Ecclesia
1952 3735 2058 3775 non
2087 3733 2209 3774 esse
2231 3717 2546 3790 pronuntiet
2568 3717 2800 3773 nefarios
2828 3717 2948 3772 illos
2968 3716 3362 3782 schismaticos,
3404 3717 3494 3788 qui

195 3803 298 3860 hoc
313 3821 419 3862 uno
437 3806 759 3884 episcopatu
777 3811 1115 3878 conculcato,
1135 3812 1232 3866 hac
1257 3828 1360 3867 una
1397 3812 1673 3875 cathedra,
1707 3828 1826 3883 qua:
1855 3827 2020 3884 super
2045 3811 2263 3868 Petrum
2294 3811 2508 3867 fttndata
2547 3820 2650 3877 est,
2685 3809 2917 3877 deserta,
2958 3809 3244 3866 humanam
3275 3825 3494 3882 prorsus

197 3899 480 3954 ecclesiam
507 3901 783 3966 instituere
805 3903 1103 3960 tentabant.
1133 3903 1248 3960 Non
1283 3915 1542 3978 cratergo
1569 3921 1666 3962 cur
1692 3905 1943 3977 Cypriani
1975 3906 2341 3961 testimonimn
2371 3905 2438 3960 ah
2465 3906 2546 3960 his
2573 3905 2750 3962 verbis
2771 3903 2945 3960 editor
2973 3903 3315 3967 Oxoniensis.
3350 3904 3496 3960 velut

172 4045 174 4047 ,
200 4004 230 4042 a
261 3990 516 4060 quodam,
543 4004 599 4047 ut
627 3993 740 4064 ipse
764 3995 1018 4066 appellat,
1066 4011 1275 4051 veneno
1303 4011 1558 4068 purgasse
1578 3998 1678 4053 sibi
1709 3997 2000 4053 videretur.
2031 3997 2356 4067 Quinetiam,
2381 4013 2498 4067 qua:
2525 3996 2704 4051 abillo
2737 3995 2942 4051 etlitore
2971 3995 3022 4050 itt
3054 3995 3157 4050 hoc
3189 3996 3493 4053 testimonio

188 4095 243 4137 et
268 4084 335 4138 ab
351 4084 600 4167 omnibus
629 4086 1004 4154 admittuntur,
1035 4089 1164 4143 satis
1190 4105 1288 4159 per
1313 4104 1372 4146 se
1395 4091 1574 4145 valent
1601 4091 1668 4146 ad
1706 4091 1993 4162 primatum
2041 4091 2542 4148 demonstrandum.
2578 4089 2712 4146 lllnd
2744 4091 2795 4144 l"
2830 4091 3222 4161 perspiciturin
3249 4091 3350 4147 hoc
3376 4092 3490 4162 Cy-

190 4176 360 4243 priani
389 4177 505 4232 loco
533 4186 586 4233 et
618 4178 668 4232 in
702 4179 944 4249 pluribus
971 4179 1112 4244 aliis,
1138 4183 1457 4252 principium
1483 4183 1700 4240 unitatis
1721 4184 1838 4239 sine
1863 4185 2093 4256 primatu
2121 4200 2245 4241 esse
2275 4200 2379 4240 non
2403 4201 2580 4257 posse.
2603 4185 2733 4252 Quis
2764 4187 2903 4242 enim
2925 4186 2975 4242 ei
3007 4185 3292 4256 primatum
3319 4185 3491 4242 dene-

183 4276 296 4335 get,
326 4284 352 4321 a
379 4285 484 4340 quo
511 4271 696 4340 incipit
722 4272 916 4338 unitas,
944 4285 995 4326 ct
1025 4287 1120 4343 per
1139 4289 1297 4342 quem
1330 4275 1567 4331 Ecclesia
1599 4293 1702 4333 una
1751 4279 2126 4336 monstratur?
2171 4277 2232 4332 2°
2271 4278 2736 4346 Quemadmodum
2785 4289 2906 4349 post
2944 4280 3162 4335 Petrum
3200 4294 3304 4334 non
3335 4279 3494 4334 desiit

185 4361 384 4429 unitas,
410 4361 479 4416 ita
519 4377 618 4417 nec
651 4363 909 4432 primatus
939 4375 993 4418 et
1022 4364 1340 4436 principium
1383 4367 1618 4433 unitatis,
1652 4367 1796 4439 quod
1848 4367 2097 4425 Christus
2144 4371 2466 4427 auctoritate
2495 4386 2589 4426 sua
2634 4371 2917 4440 disposuit,
2967 4370 3110 4442 quod
3154 4387 3220 4427 eo
3265 4373 3492 4428 consilio

165 4454 432 4520 instituit,
477 4464 533 4509 ut
560 4455 798 4535 Ecclesia
828 4473 933 4512 una
956 4468 1303 4516 monstretur.
1336 4459 1566 4516 Necesse
1600 4461 1870 4532 estigitur
1908 4472 1968 4518 ttt
1995 4463 2276 4528 unitatem,
2309 4465 2380 4520 ita
2416 4465 2735 4535 principium
2758 4473 2812 4520 et
2855 4464 3128 4520 vinculum
3176 4465 3392 4520 unitatis
3430 4467 3489 4521 in

183 4546 425 4602 Ecclesia
455 4562 801 4618 perseverare
831 4567 844 4616 ;
880 4551 1020 4608 unde
1045 4552 1345 4608 exiSIimari
1377 4564 1554 4624 potest
1584 4557 1766 4626 quanti
1799 4555 1984 4612 fecerit
2010 4557 2307 4614 Ecclesiant
2335 4560 2631 4616 Romanam
2659 4559 2984 4632 Cyprianus,
3007 4576 3165 4631 quam
3206 4572 3354 4617 arcte
3402 4562 3490 4616 af-

181 4639 321 4695 fixus
347 4639 504 4696 fuerit
532 4643 794 4714 principio
821 4645 1059 4713 unitatis,
1085 4648 1173 4718 qni
1232 4656 1377 4703 tanto
1406 4647 1626 4705 unitatis
1665 4664 1850 4706 amore
1890 4666 2151 4708 accensus
2195 4663 2330 4710 erat.
2367 4654 2503 4710 llinc
2530 4654 2985 4726 illiusindignatio
3011 4656 3153 4728 (pag.
3206 4655 3296 4729 86)
3346 4656 3489 4728 quod

179 4736 504 4795 schismatici
533 4742 646 4796 ausi
664 4739 890 4804 fuissent
918 4762 935 4795 t
971 4744 1036 4800 ad
1082 4745 1220 4802 Petri
1245 4747 1556 4803 cathedram
1583 4755 1744 4819 atque
1773 4747 1839 4803 ad
1861 4748 2157 4806 Ecclesiatn
2185 4751 2555 4822 principalem,
2581 4751 2723 4808 unde
2747 4755 2922 4808 unitas
2939 4751 3285 4808 sacerdotalis
3303 4763 3487 4807 exorta

178 4837 281 4890 est.
316 4831 584 4902 navigare.
625 4854 644 4888 ›
673 4834 927 4891 Dictitant
969 4836 1259 4893 adversarii
1289 4838 1458 4894 nostri
1501 4838 1784 4909 primatum
1812 4839 2068 4897 Ecclesia:
2116 4841 2373 4898 Romana:
2408 4841 2621 4898 defendi
2655 4858 2693 4896 a-
2736 4843 3028 4914 Cypriano,
3061 4857 3164 4898 non
3185 4843 3323 4911 quod
3353 4843 3486 4913 juris

177 4921 470 4992 quidquam
510 4925 562 4980 in
587 4926 722 4983 alias
749 4929 1006 4985 ecclesias
1029 4929 1269 4996 haberet,
1303 4929 1398 4986 sed
1421 4931 1544 5013 quia
1565 4929 1722 4987 sedes
1751 4941 1867 4988 erat
1887 4941 1943 4988 et
1969 4933 2298 4990 domicilium
2319 4933 2548 5004 Imperii.
2581 4933 2689 4991 Sed
2720 4935 2851 4990 nihil
2872 4935 3155 4992 absurdius
3197 4936 3296 4990 hoc
3327 4951 3479 4990 corn-

181 5027 386 5082 tncnto,
418 5033 518 5075 nec
547 5019 830 5092 quisquam
860 5023 961 5078 sibi
991 5023 1331 5094 persuadebit
1355 5024 1703 5097 Cyprianum,
1735 5025 1890 5096 cujus
1919 5025 1972 5081 in
2021 5027 2275 5082 omnibus
2303 5026 2516 5097 scriptis
2543 5037 2600 5082 et
2633 5026 2788 5083 factis
2831 5029 3000 5101 Spirat
3048 5028 3264 5083 unitatis
3304 5042 3480 5091 atnor,

177 5119 264 5164 aut
287 5111 570 5180 primatum
597 5113 672 5168 illi
691 5115 934 5171 ecclesia:
959 5116 1275 5187 denegasse,
1307 5132 1374 5172 ex
1405 5133 1512 5187 qua
1540 5117 1928 5175 sacerdotalem
1953 5119 2212 5175 unitatem
2236 5131 2408 5174 ortam
2437 5119 2722 5188 fatebatur,
2742 5130 2835 5175 aut
2857 5129 3084 5192 propter
3111 5121 3259 5175 urbis
3287 5128 3485 5190 poten-

175 5202 302 5264 tiam
340 5217 389 5263 et
417 5208 836 5280 magnitudinem
860 5209 1132 5276 detulisse,
1164 5225 1269 5266 non
1293 5219 1512 5282 propter
1531 5213 1749 5268 unitatis
1788 5213 2130 5284 principium.
2162 5212 2314 5269 lluuc
2342 5213 2628 5284 primatum
2655 5214 2760 5270 sibi
2783 5214 3021 5270 Ecclesia
3046 5213 3303 5277 Βιιιιιαιιει,
3327 5228 3486 5284 repu-

171 5312 369 5373 gnante
396 5304 629 5372 nemine,
661 5303 965 5360 vindicabat
992 5321 1006 5360 :
1037 5304 1280 5375 quamvis
1300 5304 1488 5362 Clerus
1511 5305 1808 5372 Romanus,
1843 5306 1988 5363 Sede
2017 5316 2266 5373 vacante,
2293 5321 2398 5363 non
2427 5322 2642 5364 omnem
2685 5306 2787 5364 Sil)!
2817 5308 3191 5364 auctoritatem
3222 5317 3480 5375 sumeret,

174 5396 269 5452 SCII
294 5397 591 5466 difficiliora
620 5411 868 5469 qumque,
888 5397 941 5453 in
972 5396 1054 5454 his
1079 5398 1352 5470 lapsorum
1379 5415 1620 5469 causam,
1643 5399 1709 5456 ad
1731 5399 2050 5457 electionem
2075 5401 2312 5472 episcopi
2343 5402 2551 5474 integra
2572 5411 2838 5466 servaret.
2894 5418 3004 5457 non
3050 5412 3228 5457 tamen
3284 5402 3482 5458 idcirco

175 5489 514 5547 intermissus
537 5501 652 5547 erat
681 5491 962 5562 primatus.
1004 5512 1022 5546 ι
1052 5491 1298 5548 Salutant
1331 5510 1426 5550 vos
1455 5493 1647 5550 fratres
1687 5513 1732 5561 t,
1775 5494 2057 5566 iuqnitillc
2077 5494 2257 5551 clerus
2291 5497 2310 5565 (
2340 5494 2510 5565 Epist.
2577 5512 2657 5562 ιιι,
2712 5496 2856 5551 inter
2899 5493 3296 5567 Cyprianicas),
3332 5514 3350 5548 ι
3387 5496 3482 5568 qui

185 5595 308 5638 sunt
337 5584 388 5639 in
407 5584 652 5652 vinculis,
681 5596 736 5642 et
761 5585 1064 5658 presbyteri
1096 5597 1150 5642 et
1183 5574 1288 5641 tota
1315 5587 1582 5652 Ecclesia,
1617 5603 1735 5656 qua:
1763 5597 1818 5641 et
1847 5587 1960 5658 ipsa
1987 5601 2108 5642 cum
2153 5602 2364 5644 summa
2388 5587 2750 5645 sollicitudine
2793 5587 3025 5644 excubat
3067 5602 3165 5658 pro
3219 5589 3474 5646 omnibus

173 5679 263 5748 qui
296 5678 545 5733 invocant
569 5693 762 5735 nomen
796 5679 1024 5735 Domini.
1071 5701 1087 5732 ι
1126 5679 1259 5740 Ilinc
1289 5679 1480 5735 littera:
1499 5679 1736 5750 ejusdem
1765 5678 1914 5746 cleri,
1944 5695 2063 5750 qua:
2095 5678 2163 5735 de
2186 5678 2350 5751 lapsis
2374 5681 2623 5752 agebant,
2670 5681 2722 5736 in
2755 5688 2928 5736 totum
2968 5679 3156 5736 orbem
3197 5689 3472 5738 terrarum

173 5771 350 5826 inissa:
378 5772 610 5840 fuerunt,
641 5781 697 5828 ut
723 5783 950 5829 testatur
967 5771 1267 5846 Cyprianus
1294 5773 1397 5845 Ep.
1429 5788 1517 5827 ιιι.
2555 5851 2558 5854 Δ
2705 5827 2708 5830 ,

171 5895 176 5900 -
243 5865 352 5935 Sed
381 5867 432 5922 in
461 5865 561 5923 hoc
580 5864 830 5940 Cypriani
861 5869 978 5925 loco
1007 5869 1189 5925 Fellus
1210 5878 1263 5924 et
1289 5868 1472 5924 Simon
1499 5865 1806 5922 Goulartius
1830 5867 2268 5937 contenduntpar
2297 5855 2624 5923 consortium
2656 5865 2876 5922 honoris
2901 5877 2954 5924 et
3001 5867 3283 5938 potestatis
3315 5869 3457 5922 inter

161 5947 460 6034 -Ap05tolos
487 5973 779 6034 eorumque
808 5975 1146 6022 successores
1175 5961 1384 6034 penitus
1439 5974 1674 6033 pugnare
1713 5973 1835 6040 cum
1882 5960 2140 6032 primatu;
2193 5960 2439 6019 observat
2484 5958 2666 6019 Fellus
2691 5959 2745 6020 in
2779 5971 2888 6044 not.
2937 5959 3003 6018 ad
3030 5960 3320 6034 Epistulam
3368 5976 3468 6032 tr,
