4102 6406
600 390 670 457 97
2060 388 2451 451 ΡΒᾸΞἘΑΤΙΟ.
3846 384 3931 443 23

598 514 757 573 beato
779 512 871 573 illo
896 520 1131 589 martyre
1150 510 1332 587 judice
1364 527 1458 585 pro
1482 509 1779 584 desperatis
1810 519 1861 567 et
1887 508 2105 581 perditis
2128 509 2399 566 habendos
2425 524 2545 566 esse
2568 508 2760 580 quibus
2789 506 2962 563 minor
2986 502 3199 562 videtur
3222 499 3917 576 auctoritasepiscoporum

599 609 651 667 in
680 610 882 679 Africa,
914 624 1074 683 quatn
1102 610 1184 665 vel
1216 608 1449 666 Cornelii
1481 607 1647 679 ipsius
1670 607 1720 661 in
1746 604 1890 663 Petri
1906 603 2162 660 cathedra
2184 603 2368 658 Roma:
2394 603 2649 659 sedentis.
2683 621 2701 656 ι

670 703 725 760 Si
749 720 850 776 qua
882 704 1034 761 lieret
1065 702 1529 775 prmjudicatarnm
1553 699 1865 771 opinionum
1902 697 2249 762 intermissio,
2282 697 2413 752 nihil
2447 696 2653 752 fat-llius
2680 697 2837 763 foret,
2862 712 3023 769 quam
3054 695 3306 768 Cypriani
3334 706 3553 750 sensum
3599 692 3804 748 callere
3853 701 3924 747 et

602 798 892 871 primatum
921 814 1040 855 cum
1065 796 1175 869 pari
1203 796 1475 853 consortio
1503 794 1724 851 honoris
1742 802 1797 849 ct
1828 791 2103 864 potestatis
2132 790 2438 847 conciliare.
2473 790 2642 846 Nemo
2663 791 2833 847 nescit
2857 790 3188 862 Cyprianum
3224 788 3422 843 Africa:
3474 796 3531 843 et
3548 784 3814 841 Numidia:
3850 798 3925 841 ac

608 895 937 961 Mauritanize
983 892 1305 966 prtefnisse:
1344 905 1529 963 parem
1579 900 1751 945 tamen
1791 897 2109 961 potestatem
2156 887 2392 959 episcopi
2434 887 2644 943 illarum
2668 889 3061 958 provinciarum
3089 902 3119 942 a
3150 887 3371 943 Christo
3428 892 3764 956 acceperant,
3813 885 3925 941 hoc

606 998 760 1047 erant
790 990 975 1060 utique
1003 986 1144 1059 quod
1173 985 1495 1060 Cyprianus,
1525 985 1642 1057 pari
1668 984 1944 1039 consortio
1969 983 2181 1055 prmditi
2208 992 2263 1038 ct
2286 982 2506 1038 honoris
2544 992 2598 1038 et
2627 984 2944 1053 potestatis;
2970 980 3063 1038 sed
3089 982 3173 1037 his
3205 989 3439 1054 prmerat
3467 979 3922 1051 Carthagincnsis

603 1084 908 1156 episcopus.
940 1078 1095 1150 Quod
1121 1080 1165 1135 si
1185 1077 1501 1152 Cyprianus,
1533 1078 1658 1135 dum
1685 1092 1778 1149 par
1804 1076 2134 1132 consortium
2160 1076 2379 1132 honoris
2412 1086 2464 1132 et
2496 1077 2925 1147 potestatisinter
2948 1077 3232 1148 episcopos
3271 1076 3533 1146 agnoscit,
3570 1090 3676 1130 non
3700 1076 3907 1130 idcirco

600 1176 832 1233 delatam
856 1174 957 1230 sibi
975 1174 1097 1244 jure
1121 1172 1488 1229 ecclesiastico
1510 1172 1884 1227 auctoritatem
1911 1170 2107 1241 abjecit
2123 1212 2137 1235 ,
2164 1184 2260 1225 cur
2286 1170 2502 1225 Petrum
2527 1171 2751 1241 ejusque
2775 1185 3121 1226 successores
3141 1171 3458 1226 auctoritate
3478 1168 3547 1223 ab
3567 1169 3682 1239 ipso
3699 1169 3922 1225 Christo

604 1268 797 1325 tradita
827 1268 1094 1340 spoliasse
1114 1266 1397 1323 videatur?
1417 1265 1561 1322 Luce
1581 1265 1777 1321 clarior
1797 1272 1880 1319 est
1922 1269 2040 1334 ejus
2066 1265 2364 1347 sententia;
2403 1264 2737 1320 demonstrat
2778 1266 3038 1320 unitatem
3073 1267 3206 1321 tanti
3238 1266 3407 1320 visam
3437 1278 3560 1321 esse
3591 1261 3833 1332 Christo,
3863 1275 3925 1322 ut

603 1361 847 1432 quamvis
880 1359 1152 1431 Apostolis
1172 1373 1357 1431 parem
1380 1366 1701 1429 poteSIatem
1723 1357 2060 1423 attribueret,
2095 1373 2258 1412 unum
2297 1365 2473 1413 tamen
2499 1358 2617 1413 aliis
2647 1373 2882 1429 pra‘csse
2908 1358 3067 1413 vellet
3102 1376 3114 1412 :
3150 1361 3330 1431 itaque
3352 1357 3451 1414 hoc
3484 1364 3639 1414 erant
3668 1362 3915 1431 Apostoli

604 1455 747 1527 quod
771 1454 870 1511 fuit
899 1454 1118 1521 Petrus,
1149 1451 1243 1509 sed
1266 1461 1492 1523 excepto
1516 1449 1773 1521 primatu.
1806 1450 2044 1506 Jacobus
2070 1460 2125 1504 ct
2154 1449 2388 1506 Joannes
2413 1465 2593 1521 parem
2630 1460 2951 1522 potestatem
2992 1460 3311 1522 acceperant
3335 1466 3397 1507 ac
3415 1451 3626 1521 Petrus,
3644 1451 3740 1507 sed
3765 1438 3926 1509 Chri-

598 1558 719 1604 stus
749 1546 1003 1603 unitatem
1036 1560 1184 1602 neca
1212 1542 1410 1600 Jacobo
1441 1557 1540 1600 nec
1565 1558 1595 1598 a
1625 1542 1830 1599 Joanne
1851 1543 2086 1613 incipere
2114 1544 2310 1610 voluit;
2335 1544 2432 1599 soli
2457 1544 2615 1600 Petro
2644 1545 2782 1601 hunc
2808 1544 2997 1601 detulit
3029 1545 3311 1602 honorem.

680 1642 757 1697 Ex
782 1641 866 1696 his
886 1622 1055 1695 etiam.
1078 1638 1333 1694 illustrari
1363 1644 1540 1707 potest
1557 1636 1694 1691 alios
1715 1635 1964 1708 Cypriani
1993 1637 2142 1692 locus
2172 1635 2240 1690 ab
2266 1636 2455 1692 iisdem
2483 1636 2806 1694 adversariis
2834 1638 3168 1694 decantatus.
3207 1657 3227 1693 ι
3268 1639 3623 1711 Episc0patns
3657 1656 3793 1696 unus
3842 1651 3928 1698 est

609 1738 763 1808 cujus
808 1750 837 1791 a
870 1735 1093 1807 singulis
1118 1734 1172 1789 in
1197 1732 1429 1789 solidum
1463 1746 1586 1804 pars
1629 1740 1863 1798 tenetur,
1895 1750 1914 1783 ι
1947 1731 2120 1801 inquit
2149 1729 2347 1786 ibidem
2380 1730 2684 1803 Cyprianus
2712 1733 2764 1787 in
2797 1733 2933 1788 libro
2976 1733 3040 1787 de
3068 1732 3215 1788 Unit.
3245 1728 3446 1788 Eccles.
3475 1732 3630 1805 Saepe
3656 1734 3793 1789 alias
3821 1736 3921 1791 de-

607 1833 776 1887 clarat
820 1829 1144 1903 Cyprianus,
1173 1828 1272 1884 etsi
1312 1844 1331 1879 ι
1366 1825 1593 1896 singulis
1642 1824 1946 1896 pastoribus
1976 1825 2152 1895 portio
2187 1825 2367 1895 gregis
2397 1826 2661 1896 adscripta
2715 1834 2818 1893 est,
2849 1827 2950 1882 etsi
2993 1839 3236 1898 pastores
3287 1829 3438 1884 multi
3469 1848 3488 1882 ι
3520 1837 3664 1895 sunt,
3696 1848 3715 1881 ι
3756 1846 3921 1885 unum

609 1933 785 1980 tamen
812 1936 1029 1996 gregem
1066 1940 1084 1975 ι
1120 1936 1213 1978 eos
1242 1934 1487 1992 pascere,
1525 1938 1544 1974 ι
1580 1928 1635 1974 et
1665 1932 1792 1975 oves
1824 1920 2103 1976 universas
2148 1934 2282 1990 quas
2306 1919 2554 1976 Christus
2584 1923 2845 1991 sanguine
2891 1937 2990 1977 suo
3028 1931 3085 1978 et
3114 1924 3363 1993 passione
3390 1925 3637 1994 qumsivit
3665 1926 3923 1998 colligere

608 2024 661 2073 et
690 2016 874 2073 fovere
906 2034 925 2091 ε
958 2015 1183 2079 debere,
1222 2032 1241 2066 ι
1274 2022 1330 2068 et
1351 2012 1553 2069 idcirco
1572 2011 1849 2082 copibsum
1882 2026 2080 2083 corpus
2107 2031 2126 2064 ι
2171 2026 2291 2068 esse
2314 2031 2332 2063 ι
2371 2014 2709 2070 sacerdotum
2736 2017 3040 2072 concordiae
3085 2027 3284 2074 mutua:
3310 2019 3518 2090 glutino
3552 2027 3715 2090 atque
3743 2020 3925 2075 unita-

609 2112 678 2166 tis
708 2110 920 2165 viuculo
950 2108 1276 2180 copulatum,
1308 2115 1366 2161 ut
1393 2106 1438 2162 si
1462 2105 1583 2177 quis
1603 2120 1670 2161 ex
1695 2104 1922 2176 collegio
1946 2120 2134 2161 eorum
2168 2106 2417 2161 lueresim
2449 2106 2624 2163 facere
2655 2119 2708 2163 et
2734 2123 2952 2180 gregem
2992 2108 3190 2166 Christi
3220 2110 3458 2168 lacerare
3483 2120 3535 2167 et
3555 2122 3768 2169 vastare
3806 2122 3926 2168 ten.

610 2204 822 2268 laverit,
882 2201 1200 2258 subveniunt
1248 2201 1453 2269 caeteri,
1516 2207 1572 2257 et
1597 2202 1749 2273 quasi
1796 2208 2038 2272 pastores
2070 2202 2227 2258 utiles
2273 2211 2329 2258 et
2370 2204 2747 2260 misericordes
2786 2219 2916 2260 oves
2967 2206 3275 2261 Dominicas
3328 2209 3389 2262 in
3420 2222 3635 2279 gregem
3684 2208 3936 2279 colligant

612 2299 730 2370 (pp.
757 2298 829 2356 86
856 2306 909 2353 ct
935 2295 1120 2368 116).:
1162 2295 1268 2353 Sed
1298 2296 1550 2368 copiosus
1571 2296 1659 2352 ille
1679 2295 2020 2353 sacerdotum
2048 2310 2301 2351 numerus
2322 2298 2374 2352 iu
2404 2298 2683 2367 pascendis
2700 2298 2889 2354 ovilms
2916 2300 3231 2370 conspirans
3254 2315 3361 2355 non
3393 2300 3551 2355 modo
3580 2300 3711 2356 nihil
3735 2300 3933 2356 detra-

613 2393 692 2448 hit
721 2392 994 2461 primatui,
1026 2390 1119 2446 sed
1165 2391 1326 2446 etiam
1366 2390 1558 2446 ducem
1588 2398 1644 2446 et
1666 2398 1941 2445 auctorem
1973 2390 2283 2445 necessario
2326 2391 2590 2460 postulat;
2633 2390 2828 2461 alioqui
2862 2406 3070 2445 summa
3093 2402 3239 2447 esset
3270 2391 3446 2448 futura
3474 2391 3713 2447 omnium
3743 2406 3925 2447 rerum

612 2488 963 2558 perturbatio.
1018 2486 1222 2543 Debent
1268 2486 1506 2556 episcopi
1543 2500 1641 2556 pro
1665 2499 1764 2540 suo
1806 2485 2022 2541 unitatis
2064 2484 2244 2540 studio
2273 2487 2324 2540 in
2355 2486 2517 2542 rebus
2549 2487 2769 2556 majoris
2796 2487 3051 2541 momenti
3088 2495 3304 2542 mutuas
3329 2486 3430 2542 sibi
3454 2501 3648 2556 cperas
3680 2488 3919 2555 tradere,

612 2580 809 2637 debent
853 2581 907 2636 in
954 2578 1273 2635 damnandis
1299 2579 1594 2635 haeresibus
1626 2580 2000 2635 auctoritatem
2026 2590 2078 2637 et
2108 2581 2327 2636 consilia
2369 2583 2713 2649 consociare;
2742 2582 2836 2639 sed
2869 2584 2989 2654 quis
3022 2592 3181 2653 neget
3212 2584 3265 2638 in
3295 2582 3560 2654 ejusmodi
3594 2581 3754 2638 rebus
3783 2597 3932 2653 pra:-

612 2678 796 2748 cipnas
821 2676 962 2731 illius
988 2684 1170 2746 partes
1192 2689 1315 2731 esse
1365 2673 1564 2731 debere
1592 2690 1622 2730 a
1649 2690 1757 2746 quo
1788 2692 1806 2728 ι
1844 2675 2181 2748 incipientem
2212 2676 2427 2731 unitatis
2457 2677 2717 2748 originem
2760 2697 2777 2729 ι
2808 2677 3055 2733 Christus
3082 2694 3103 2729 ι
3133 2690 3230 2733 sua
3260 2678 3582 2734 auctoritate
3606 2676 3928 2749 disposuit.»

721 2768 812 2827 lV.
835 2801 904 2812 ·-
934 2786 1003 2827 DE
1029 2782 1362 2828 DISSENSIONB
1388 2784 1433 2825 8.
1455 2783 1699 2827 CYPRUM
1723 2786 1827 2826 CUI
1856 2785 1901 2827 S.
1922 2784 2504 2826 STEPHANOo—NULLUII
2534 2785 2787 2826 BAPTISIA
2822 2784 3107 2827 Ριιοωιτυιι
3136 2784 3429 2841 STEPHANO,
3461 2785 3561 2828 MS!
3590 2785 3723 2837 QUOD
3750 2785 3823 2827 ει

1633 2878 1970 2921 ΡΚᾸΞΒΕἎῘΡΤΔ
1998 2881 2030 2919 Α
2055 2879 2282 2921 CHRISTO
2308 2879 2485 2921 PORIA
2516 2882 2697 2922 DATUI!
2727 2880 2912 2922 ESSET.

687 2955 822 3012 Cum
853 2955 910 3013 S.
955 2955 1259 3028 Cyprianus
1294 2956 1349 3011 in
1400 2955 1592 3011 litteris
1611 2970 1733 3027 quae
1771 2955 1841 3012 de
1869 2956 2133 3027 baptismo
2164 2956 2538 3012 haereticorum
2568 2959 2783 3028 scriptae
2812 2967 2955 3025 sunt,
2990 2960 3151 3014 multa
3182 2960 3251 3015 de
3272 2959 3592 3016 adversariis
3620 2960 3733 3015 suis
3760 2958 3934 3021 dicat,

623 3059 715 3106 aut
745 3049 813 3105 ab
838 3050 918 3107 eis
944 3049 1085 3105 dicta
1110 3050 1329 3114 referat,
1363 3063 1468 3103 non
1498 3049 1645 3119 parvi
1673 3049 1894 3104 interest
1918 3049 1986 3104 ad
2026 3049 2143 3120 ejus
2168 3049 2475 3105 illustranda
2506 3050 2826 3118 testimonia,
2858 3053 2982 3123 quid
3012 3055 3065 3108 S.
3098 3050 3402 3124 Stephanus
3445 3064 3499 3109 et
3542 3054 3630 3108 alii
3685 3050 3940 3125 Cypriani

617 3144 908 3201 adversarii
932 3143 1222 3208 senserint,
1260 3157 1551 3213 exponere.
1607 3143 1939 3213 Stephanum
1988 3144 2190 3199 erroris
2240 3153 2560 3199 accusarunt
2585 3148 2746 3200 etiam
2772 3161 2804 3201 e
2835 3146 3132 3202 Catholicis
3165 3148 3398 3218 plurimi,
3432 3162 3663 3217 cumque
3688 3148 3935 3203 onmiutn

623 3237 1001 3294 Itaareticorum
1044 3238 1308 3307 baptisma
1342 3237 1724 3308 comprobasse
1761 3238 1974 3304 volunt,
2007 3239 2167 3293 etiam
2200 3253 2385 3295 eorum
2412 3239 2503 3309 qui
2535 3238 2761 3294 formam
2788 3255 2817 3295 a
2842 3237 3063 3295 Christo
3091 3240 3459 3310 praescriptam
3490 3254 3597 3299 non
3625 3240 3938 3295 servabant.

621 3334 758 3401 Quin
780 3334 941 3389 etiam
972 3331 1246 3388 Launoius
1277 3332 1599 3403 Cyprianum
1629 3333 1707 3387 sic
1735 3329 1997 3398 defendit,
2034 3342 2090 3386 ut
2118 3332 2217 3401 ipsi
2256 3332 2628 3403 antiquitatem
2661 3333 2829 3404 magis
2854 3348 3018 3404 quam
3044 3331 3373 3388 adversariis
3412 3332 3597 3388 favere
3645 3332 3940 3398 existimet,

626 3447 646 3483 ι
688 3444 797 3484 rem
827 3429 982 3483 istam‘
1011 3446 1055 3493 ι,
1092 3436 1147 3481 ιιι
1189 3426 1346 3482 ullius
1388 3427 1564 3482 verbis
1610 3436 1749 3494 utar,
1791 3444 1810 3477 ι
1841 3441 1944 3480 non
1975 3440 2096 3482 esse
2126 3425 2269 3494 lidci,
2300 3426 2394 3483 sed
2421 3426 2721 3498 disciplinte
2760 3447 2778 3480 ι
2814 3428 3172 3499 pronuntians
3199 3426 3370 3500 (tom.
3404 3442 3515 3491 vut,
3548 3443 3600 3498 p.
3625 3426 3783 3499 656).
3842 3427 3945 3481 De-

622 3529 922 3576 tnonstrare
936 3518 1173 3574 conabor
1193 3516 1530 3588 Stephanum
1560 3517 1693 3572 nihil
1727 3516 1864 3573 aliud
1892 3517 2157 3583 docuisse,
2193 3533 2355 3588 quam
2386 3519 2527 3589 quod
2556 3527 2739 3590 postea
2763 3518 3006 3575 omnium
3033 3532 3297 3574 consensu
3319 3518 3615 3574 stabilitum
3637 3525 3741 3585 est,
3778 3527 3944 3589 atque

622 3614 758 3670 hanc
783 3613 923 3668 illius
950 3613 1249 3669 doctrinam
1278 3628 1382 3667 non
1413 3613 1712 3683 antiquitati
1742 3613 2065 3668 contrariam
2097 3627 2239 3676 esse,
2269 3612 2365 3668 sed
2389 3628 2422 3668 e
2458 3613 2631 3668 media
2662 3613 3042 3683 Apostolorum
3075 3612 3360 3668 traditione
3379 3611 3706 3668 dimanasse.

696 3707 989 3763 Amisimus
1027 3707 1254 3776 scriptas
1293 3722 1321 3760 a
1346 3706 1620 3777 Stephano
1650 3722 1780 3778 papa
1805 3706 2058 3776 epistolas
2086 3706 2153 3761 de
2179 3706 2447 3776 baptismo
2475 3705 2858 3762 haereticorum
2882 3725 2895 3775 ;
2927 3707 3023 3762 sed
3053 3722 3172 3777 qo:e
3199 3706 3507 3780 Cyprianus
3534 3721 3599 3763 ex
3620 3707 3843 3777 epistola
3878 3706 3944 3761 ad

625 3817 685 3857 se
735 3801 932 3871 scripta
976 3799 1174 3867 refert,
1208 3814 1267 3855 ea
1300 3815 1514 3855 omnem
1547 3803 1713 3856 sancti
1747 3800 2018 3870 pontificis
2053 3800 2339 3856 accusandi
2368 3816 2560 3855 ansam
2589 3801 2905 3871 prteciduut.
2937 3801 3031 3857 Sic
3050 3801 3193 3858 enim
3224 3801 3543 3873 loquebatur
3563 3799 3868 3872 Stephanus
3896 3803 3947 3855 in

626 3894 850 3965 epistola
893 3893 962 3948 ad
993 3891 1315 3965 Cyprianum
1351 3912 1361 3948 :
1403 3911 1420 3946 ι
1452 3893 1504 3952 Si
1540 3895 1657 3965 quis
1687 3910 1816 3965 ergo
1855 3909 1884 3948 a
1916 3908 2255 3964 quacumque
2282 3892 2475 3950 haeresi
2505 3895 2712 3949 venerit
2734 3894 2798 3948 ad
2827 3908 2945 3960 nos,
2980 3909 3123 3950 tvmtt.
3165 3906 3487 3964 Inaoverun,
3521 3908 3783 3958 NISIQUOD
3807 3910 3946 3949 τωο

627 4005 792 4046 ut'roat
844 4003 963 4054 EST,
996 3998 1054 4044 ut
1083 4004 1271 4045 manus
1310 3989 1381 4044 illi
1431 3991 1735 4059 imponatur
1768 3990 1817 4043 in
1850 3988 2248 4058 pmnitentiam;
2283 4003 2405 4043 cum
2438 3989 2537 4059 ipsi
2581 3990 2820 4044 lneretici
2851 3990 3066 4059 proprie
3089 3990 3406 4045 alterutrum
3455 3989 3523 4045 ad
3571 4005 3632 4045 se
3656 3990 3944 4046 venientes

632 4100 736 4139 non
762 4083 1057 4153 baptizeut,
1099 4084 1192 4140 sed
1221 4086 1620 4141 communicent
1643 4093 1869 4140 tantum.
1908 4105 1926 4137 ι
1963 4084 2298 4140 Perabsurde
2326 4085 2588 4155 lligaltius
2617 4083 2903 4156 detorquet
2924 4084 3053 4140 illud
3077 4085 3292 4155 proprie
3330 4084 3395 4140 ad
3426 4100 3519 4140 eos
3547 4103 3569 4137 ι
3595 4084 3685 4156 qui
3716 4085 3935 4154 proprie

629 4175 698 4231 ob
719 4174 986 4245 propriam
1013 4174 1246 4245 aliquam
1287 4192 1505 4233 causam
1531 4176 1783 4231 dicuntur
1802 4176 2059 4232 haeretici.
2080 4198 2096 4229 ι
2130 4176 2317 4247 Liquet
2345 4175 2483 4232 hanc
2513 4192 2702 4231 vocem
2744 4177 2931 4232 referri
2956 4177 3022 4232 ad
3045 4192 3108 4233 ea
3125 4166 3256 4247 quae
3297 4186 3619 4248 sequuntur,
3647 4176 3717 4233 ita
3743 4186 3799 4232 nt
3832 4179 3862 4232 ιι
3887 4196 3944 4229 r-

629 4270 779 4327 retici
804 4270 1052 4326 dicantur
1082 4275 1295 4346 proprie
1322 4289 1427 4330 non
1457 4275 1749 4346 baptizare,
1785 4274 1899 4329 sive
1930 4276 2148 4344 proprio
2180 4274 2444 4343 baptismo
2489 4288 2593 4329 non
2629 4274 2867 4329 imbuere
2894 4273 3211 4329 alterutrmn
3250 4272 3317 4328 ad
3341 4287 3401 4329 se
3424 4273 3732 4339 venientes;
3786 4273 3951 4343 quale

632 4374 712 4420 est
740 4363 867 4418 illud
895 4365 1121 4434 Horatii,
1153 4366 1398 4424 «difficile
1414 4378 1497 4423 est
1526 4367 1738 4437 preprie
1764 4367 2067 4421 communia
2097 4366 2296 4422 dicere.
2331 4384 2349 4418 ι
2396 4366 2697 4422 Verborum
2745 4373 2921 4420 autem
2969 4364 3229 4434 Stephani
3264 4364 3383 4419 dote
3425 4372 3634 4419 tantum
3688 4362 3951 4417 videntur

633 4457 807 4512 ali'crri
868 4475 1024 4531 posse
1078 4464 1378 4517 sententiae.
1427 4461 1525 4517 Vel
1569 4461 1711 4516 enim
1758 4462 1829 4514 ait
1875 4460 2157 4516 litereticos
2200 4476 2353 4515 suum
2384 4475 2651 4531 quemque
2684 4460 2956 4530 prepriutn
2992 4460 3188 4515 habere
3228 4460 3516 4529 baptisma,
3561 4458 3654 4515 sed
3681 4469 3859 4513 tamen
3884 4472 3953 4513 co

641 4565 747 4606 non
778 4554 1017 4609 imbuere
1065 4557 1379 4609 alterutrum
1430 4554 1495 4608 ad
1546 4566 1604 4608 se
1634 4553 1911 4608 venientes
1945 4569 1957 4606 :
2002 4554 2081 4607 vel
2113 4553 2213 4607 hoc
2242 4553 2445 4617 statuit,
2481 4554 2760 4608 hmreticos
2786 4553 3057 4622 proprium
3093 4553 3192 4607 sibi
3222 4568 3324 4607 non
3360 4567 3616 4621 arrogare
3642 4551 3939 4621 baptisma,

640 4659 745 4713 quo
785 4644 1060 4701 venientes
1090 4645 1154 4699 ad
1183 4659 1244 4700 se
1264 4646 1528 4715 baptizeut
1552 4687 1566 4713 ,
1594 4645 1686 4700 sed
1726 4658 2013 4700 commune
2033 4653 2089 4699 et
2120 4645 2171 4698 in
2203 4658 2294 4699 sua
2325 4645 2456 4700 etin
2497 4645 2619 4699 aliis
2656 4646 2818 4700 sectis
2862 4644 3113 4698 revereri.
3165 4644 3340 4698 Prima
3381 4626 3751 4714 interpretatio
3791 4654 3942 4701 stare

639 4753 744 4792 non
770 4748 962 4809 potest,
988 4740 1152 4794 altera
1171 4741 1443 4809 explorata
1474 4747 1527 4794 et
1570 4740 1872 4809 perspicua.
1907 4736 1960 4793 1°
1994 4739 2337 4809 llepngnarct
2362 4740 2583 4793 omnino
2608 4740 2696 4794 illa
2728 4739 3104 4795 hmreticorum
3150 4740 3201 4793 in
3234 4739 3554 4811 baptizando
3583 4739 3851 4803 varietas,
3884 4748 3943 4795 et

637 4832 691 4887 in
720 4834 945 4889 aliorum
974 4833 1252 4906 probando
1275 4848 1337 4888 ac
1370 4832 1663 4888 retinendo
1692 4833 2008 4903 baptismate
2036 4845 2354 4890 consensus.
2383 4833 2490 4889 Cur
2524 4833 2665 4888 enim
2694 4848 3025 4903 unaqnteque
3049 4842 3190 4909 secta
3220 4833 3491 4903 proprium
3525 4832 3622 4888 sibi
3650 4840 3706 4888 et
3726 4831 3796 4887 ab
3818 4834 3942 4888 aliis

635 4926 1031 4997 discrepantem
1064 4928 1384 4997 baptismum
1413 4926 1750 4994 instituisset,
1782 4926 1882 4981 nisi
1909 4927 2029 4997 quia
2057 4936 2110 4981 et
2143 4926 2399 4983 Ecclesize
2421 4932 2776 4981 ct‘scctarutn
2808 4925 3102 4995 baptismus
3131 4928 3321 4997 parum
3353 4924 3421 4980 ad
3450 4924 3675 4980 salutem
3720 4926 3951 4983 idoneus

637 5020 956 5077 videretur?
1003 5022 1363 5089 Quamobrem
1394 5034 1593 5074 novum
1661 5018 1984 5089 baptismum
2035 5018 2436 5074 instituentibus
2479 5028 2901 5075 consentaneum
2952 5026 3063 5073 erat
3108 5018 3333 5072 aliorum
3382 5017 3646 5087 baptisma
3696 5017 3952 5088 rejirei'e.

636 5114 696 5167 2°
720 5115 1010 5170 llzereticos
1034 5115 1133 5168 hoc
1159 5113 1277 5167 loco
1299 5112 1600 5183 Stephanus
1624 5111 1895 5183 Cypriane
1921 5112 1984 5165 ad
2017 5112 2330 5167 imitandum
2365 5112 2629 5182 proponit.
2681 5112 2790 5166 Etsi
2822 5111 2962 5164 enim
2996 5121 3219 5181 uterque
3255 5109 3324 5165 de
3367 5110 3632 5180 baptismo
3660 5111 3951 5180 magnifice

637 5208 921 5272 sentiebat,
947 5217 1173 5276 uterque
1204 5212 1381 5260 tamen
1407 5204 1619 5259 exiliter
1644 5204 1842 5260 sentire
1872 5206 2023 5259 alteri
2064 5204 2366 5260 videbatur.
2400 5205 2475 5261 De
2513 5203 2768 5276 Baptismi
2810 5204 3096 5259 sanctitate
3121 5210 3176 5258 et
3204 5203 3486 5273 majestate
3521 5202 3729 5258 detrahi
3759 5204 3954 5259 existi—

639 5302 820 5357 mabat
847 5301 1170 5375 Cyprianus,
1206 5301 1248 5355 si
1271 5299 1429 5355 datus
1449 5300 1516 5355 ab
1542 5298 1814 5355 liceretieis
1840 5302 2067 5367 valeret;
2101 5302 2376 5373 Baptismo
2403 5302 2649 5373 iniuriam
2681 5301 2988 5371 Stephanus
3011 5300 3125 5356 fieri
3151 5300 3387 5369 putabat,
3421 5300 3464 5353 si
3491 5298 3574 5354 vel
3603 5299 3654 5353 in
3686 5300 3824 5369 ipsis
3845 5299 3962 5354 hrc—

640 5395 823 5450 reticis
848 5396 1183 5467 rejiceretur.
1225 5393 1358 5449 Cum
1389 5408 1517 5463 ergo
1553 5392 1836 5449 litercticos
1861 5394 1926 5448 ad
1962 5394 2277 5450 imitandum
2310 5396 2578 5466 proponit,
2613 5408 2835 5450 necesse
2866 5404 2947 5448 cst
2977 5402 3035 5448 ιιι
3068 5394 3119 5448 ἱιι
3148 5393 3226 5448 eis
3256 5391 3457 5463 aliquid
3485 5391 3684 5457 laudet,
3712 5392 3860 5460 quad
3886 5392 3955 5446 ad

643 5488 898 5559 Baptismi
929 5487 1450 5558 commendationem
1479 5487 1675 5542 valeat.
1709 5489 1796 5554 At,
1817 5488 1859 5542 si
1891 5488 2127 5544 haeretici
2159 5490 2521 5560 prtcscriptam
2550 5504 2579 5541 a
2607 5487 2818 5543 Christo
2845 5486 3068 5542 formam
3093 5487 3144 5541 in
3168 5484 3490 5555 baptizando
3512 5484 3830 5551 violassent,
3858 5502 3961 5543 nec

645 5589 821 5636 tamen
875 5581 1209 5641 dubitasse...‘
1241 5581 1500 5639 dissimile
1528 5581 1753 5636 aliorum
1793 5582 2053 5652 baptisma
2096 5585 2482 5655 comprobare,
2512 5585 2627 5638 lucc
2670 5584 2857 5654 agendi
2899 5583 3036 5637 ratio
3059 5582 3334 5636 hominmn
3367 5580 3556 5635 fuisset
3574 5579 3879 5648 Baptisms,
3905 5588 3963 5635 ut

646 5674 887 5729 inutilem
907 5684 959 5729 ct
991 5674 1184 5731 exilem
1214 5681 1612 5746 ca-remoniam,
1633 5680 2121 5738 ﬂoccifacicntinm.
2150 5679 2207 5734 5°
2233 5678 2308 5731 Ad
2346 5675 2709 5731 illustrandum
2736 5673 2991 5744 Stephani
3020 5672 3341 5729 sententiam
3365 5672 3624 5728 accedunt
3652 5669 3962 5727 Firmiliani

648 5777 704 5824 et
728 5769 981 5841 Cypriani
1008 5774 1334 5831 testimonia.
1397 5793 1415 5826 ι
1446 5774 1750 5845 Stephanus
1776 5777 1826 5830 in
1856 5774 2077 5846 epistola
2105 5789 2197 5827 sua
2229 5773 2383 5838 dixit,
2410 5772 2577 5843 inquit
2612 5770 2975 5834 Firmiliauus,
3012 5766 3292 5822 haereticos
3325 5781 3536 5837 quoque
3578 5766 3726 5836 ipsos
3773 5765 3831 5819 in
3852 5764 3965 5818 Ba-

650 5862 849 5929 ptismo
873 5867 1236 5921 convenire.»
1268 5868 1589 5940 Cyprianus,
1621 5878 1900 5939 postquam
1934 5868 2091 5923 verba
2116 5866 2371 5936 Stephani
2406 5865 2605 5929 retulit,
2636 5865 2749 5918 haec
2772 5861 2913 5917 addit
2936 5861 2986 5915 in
3026 5860 3125 5931 Ep.
3155 5874 3331 5915 Lxxtv.
3371 5876 3390 5909 ι
3425 5858 3493 5914 Ει
3547 5872 3670 5913 cum
3729 5856 3967 5929 singulm

649 5955 881 6013 luci-eses
928 5956 1136 6030 singula
1183 5958 1497 6031 baptismate
1526 5969 1579 6023 ct
1607 5961 1816 6029 diversa
1839 5968 2055 6035 peccata
2088 5961 2346 6031 habeant;
2381 5959 2465 6021 hic
2493 5971 2615 6019 cum
2643 5956 2879 6017 omnium
2913 5955 3184 6028 Baptismo
3223 5953 3645 6024 comtuunicaus,
3671 5950 3971 6014 universa»
