4102 6416
200 406 272 461 εει
1599 396 1986 472 ΡιιΑειεἈτιο.
3427 403 3495 464 ao

194 543 317 586 rum
338 527 531 588 doliola
558 527 613 585 in
640 527 817 586 sinum
859 542 1015 587 suum
1039 536 1356 587 coacervata
1380 530 1668 602 congessit.
1700 550 1720 585 ι
1750 529 1982 604 Oppunit
1997 531 2296 607 Cyprianus
2320 523 2586 599 Stephani
2610 522 2876 598 principio
2903 521 3046 581 aliud
3079 521 3419 595 principium,
3442 528 3496 581 et

194 624 432 694 singulas
458 622 692 681 bmreses
717 623 924 696 singula
955 622 1157 680 habere
1186 624 1508 695 haptismata
1534 624 1843 693 contendit,
1876 626 1999 697 quia
2020 625 2325 697 Stephanus
2345 636 2510 679 unum
2540 630 2593 677 et
2630 633 2917 677 commune
2938 617 3199 689 baptisma
3222 617 3360 688 apud
3387 618 3498 674 btu-

192 720 393 775 reticos
411 731 532 774 esse
551 727 830 775 statuerat.
861 717 970 775 Nec
998 726 1173 774 tamen
1208 717 1505 789 Cyprianus
1536 717 1736 773 idcirco
1772 718 2204 790 totbaptismata
2245 722 2492 773 numerat
2540 723 2670 786 quot
2692 722 2818 770 sunt
2843 712 3103 777 btet-eses,
3138 712 3278 783 quod
3313 712 3494 781 singu-

196 814 265 870 las
292 812 527 868 hatrcses
567 811 824 883 Baptismi
859 810 1089 867 formam
1116 812 1518 878 immolassent;
1553 825 1713 867 nemo
1736 811 1880 869 enim
1909 812 1962 869 id
1993 814 2387 887 suspicabitur;
2418 811 2514 870 sed
2538 809 2662 885 quia
2688 807 2911 881 singula:
2955 815 3079 864 sunt
3130 822 3293 863 unum
3338 806 3499 864 veluti

193 921 392 979 corpus
414 906 483 962 ab
506 906 626 962 aliis
650 907 810 963 sectis
830 906 973 962 etab
1000 904 1240 961 Ecclesia
1278 915 1607 975 separatum.

268 1001 542 1057 Launoius
571 1010 623 1056 et
649 1006 770 1071 post
815 1015 936 1056 eum
965 1008 1151 1055 auctor
1201 998 1529 1054 Bibliotheca:
1557 1000 1882 1071 Scriptorum
1923 1003 2374 1059 ecclesiasticarum
2409 999 2667 1071 objiciunt
2713 1010 3013 1071 perpaucos
3058 1003 3187 1051 tunc
3228 994 3502 1053 exstitisse

195 1095 486 1153 hmretieos
518 1095 609 1165 qui
637 1096 689 1149 in
725 1094 943 1150 nomine
965 1094 1125 1149 trium
1146 1092 1504 1148 Personarum
1535 1094 1897 1166 haptizarent;
1924 1097 2273 1168 quamobrem
2295 1108 2486 1152 omnes
2515 1093 2742 1149 omnino
2768 1090 3055 1147 hereticos
3081 1088 3356 1160 Stephano
3380 1104 3503 1160 pre—

194 1190 332 1253 bari,
360 1191 412 1243 in
443 1189 528 1245 his
558 1187 919 1253 Mareionitas,
948 1194 1007 1243 ut
1042 1188 1091 1244 ei
1135 1186 1463 1257 exprobrant
1505 1186 1847 1246 Firmilianus
1866 1204 1929 1246 ac
1958 1190 2280 1263 Cyprianus.
2301 1187 2410 1246 Sed
2435 1195 2679 1244 veterum
2710 1184 3086 1242 haereticorum
3111 1182 3353 1237 instituta
3382 1180 3505 1237 Sto-

195 1283 395 1353 phano,
427 1282 695 1355 Cypriane
720 1291 774 1338 et
800 1281 1115 1337 Firmiliano
1136 1280 1342 1335 notiora
1368 1289 1542 1346 erant,
1570 1296 1729 1353 quam
1777 1284 2081 1341 recentibus
2106 1283 2483 1354 scriptoribus.
2517 1283 2586 1336 At
2623 1280 2762 1336 inter
2795 1278 3156 1350 Stephanum,
3180 1291 3244 1332 ac
3276 1266 3504 1348 Cypria.

197 1392 325 1432 num
351 1384 405 1431 et
433 1375 810 1431 Firmiliamnu
836 1376 1139 1447 generatim
1169 1373 1439 1441 convenit,
1471 1383 1528 1429 ut
1557 1375 1717 1431 modo
1745 1377 2002 1447 vidimus,
2039 1379 2323 1435 hrereticos
2353 1377 2632 1448 proprium
2665 1374 2767 1431 sibi
2798 1374 3121 1446 baptismum
3152 1386 3260 1427 non
3283 1371 3503 1427 habere.

196 1470 339 1542 Ergo
368 1470 617 1541 perpauci
646 1470 820 1541 excipi
852 1478 1109 1541 possunt,
1137 1471 1226 1541 qui
1259 1482 1602 1524 communem
1630 1470 1931 1542 baptizandi
1971 1474 2195 1530 formam
2223 1470 2600 1545 perverterint.
2644 1469 2834 1525 Testes
2860 1466 3101 1539 ejusdem
3126 1464 3408 1521 sententia:
3429 1464 3508 1518 ci-

196 1564 297 1619 tari
326 1562 817 1634 possuntClemens
838 1562 1231 1621 Alexandrinus
1268 1572 1322 1622 et
1350 1560 1746 1635 Tertullianus;
1782 1583 2008 1638 quorum
2056 1569 2260 1640 primus
2303 1565 2527 1641 (Strom.
2575 1580 2615 1631 ι,
2646 1562 2767 1635 pag.
2802 1561 2930 1633 517)
2975 1559 3352 1615 litereticorum
3406 1556 3501 1612 ba—

193 1657 387 1726 ptisma
418 1656 469 1711 in
510 1655 803 1727 Scripturis
825 1671 1018 1729 aquam
1043 1659 1270 1716 alienam
1298 1664 1553 1733 appellari
1583 1663 1852 1731 observat,
1885 1678 1984 1721 nec
2030 1672 2205 1720 tamen
2239 1664 2376 1719 hanc
2428 1676 2645 1718 causam
2693 1660 2850 1715 alfert
2872 1655 3017 1728 quod
3047 1653 3303 1726 Baptismi
3330 1651 3500 1709 admi-

194 1750 452 1807 nistrandi
493 1766 735 1807 normam
763 1755 1119 1824 corruperint,
1140 1755 1235 1811 sed
1256 1757 1398 1827 quod
1423 1757 1581 1814 alieni
1612 1759 1721 1815 sint
1741 1759 1808 1815 ab
1836 1758 2093 1816 Ecclesia.
2128 1758 2387 1815 Similiter
2411 1757 2770 1814 Tertulliauus
2794 1752 2939 1829 (libr.
2983 1751 3047 1807 de
3066 1750 3353 1822 Baptismo,
3375 1765 3496 1821 cap.

194 1842 289 1917 15)
321 1834 699 1900 htcrcticdrum
740 1845 1061 1916 baptismum
1107 1862 1212 1903 non
1249 1863 1315 1905 eo
1342 1850 1561 1907 nomine
1588 1850 1783 1923 rejicit,
1812 1852 1955 1925 quod
1985 1851 2130 1907 illius
2169 1849 2577 1906 administrandi
2610 1849 2771 1904 ritum
2806 1862 2836 1901 ti
2876 1845 3093 1901 Christo
3125 1842 3495 1915 praiscriptum

195 1937 591 2005 innnutassent,
632 1939 727 1994 sed
762 1940 883 2010 quia
941 1958 959 1992 ι
992 1941 1197 1996 nullum
1243 1941 1440 1999 habent
1486 1946 1819 2002 consortium
1844 1946 2139 2018 disciplinac
2162 1952 2381 2010 nostras,
2410 1958 2545 2015 quos
2570 1952 2857 1999 extraneos
2882 1939 3065 2010 utique
3110 1943 3337 1993 testatur
3386 1936 3503 2005 ipsa

193 2032 467 2104 ademptio
496 2034 1018 2089 communicationis.
1049 2054 1068 2087 ›
1119 2035 1200 2091 Ad
1234 2035 1350 2092 haec
1391 2039 1552 2093 etiam
1588 2040 1795 2096 accedit
1831 2040 2111 2113 Augustini
2154 2038 2542 2106 teStimonium,
2573 2036 2664 2108 qui
2694 2036 2746 2091 in
2772 2035 2909 2090 libro
2926 2049 2978 2088 Vl
3024 2032 3087 2087 de
3116 2030 3296 2102 Bapt.,
3323 2045 3373 2086 c.
3403 2029 3494 2092 25,

194 2128 273 2186 sic
299 2126 574 2197 l0quitur:
613 2146 631 2180 ι
659 2126 788 2194 Quis
820 2128 1025 2183 nesciat
1072 2143 1180 2183 non
1211 2143 1334 2185 esse
1357 2130 1684 2202 Baptismum
1713 2132 1934 2203 Christi,
1968 2135 2011 2189 sl
2040 2132 2202 2190 verba
2231 2132 2540 2205 evangelica
2579 2130 2774 2202 quibus
2825 2127 3127 2201 symbolum
3162 2132 3376 2182 constat
3428 2123 3501 2179 illi

199 2216 501 2274 defuerint?
522 2216 627 2275 Sed
649 2217 858 2273 facilius
887 2218 1232 2274 inveniuntur
1253 2220 1489 2277 hatretici
1516 2223 1607 2296 qui
1627 2224 1846 2280 omnino
1877 2241 1985 2281 non
2008 2225 2297 2298 baptizent,
2321 2240 2484 2295 quam
2507 2223 2597 2295 qui
2624 2222 2728 2278 illis
2742 2220 2925 2277 verbis
2949 2234 3055 2275 non
3078 2219 3371 2290 baptizent.
3406 2236 3428 2271 ι

267 2311 489 2368 Frustra
514 2309 787 2367 Launoius
811 2309 1095 2382 Augustini
1125 2313 1490 2369 testimonium
1514 2316 1583 2372 de
1606 2317 1899 2389 aequalibus
1919 2318 1976 2375 S.
2004 2319 2247 2375 Doctoris
2277 2318 2545 2375 haereticis
2572 2314 2944 2387 accipiendum
2965 2328 3109 2379 esse,
3133 2312 3202 2369 de
3228 2313 3501 2384 antiquio‘

192 2403 345 2461 ribus
384 2412 563 2461 autem
586 2403 744 2460 aliter
764 2403 1113 2475 judicandum
1140 2413 1308 2476 putat.
1337 2404 1472 2461 Nam
1499 2406 1861 2480 quod‘quarto
1891 2419 1945 2468 et
1972 2412 2155 2484 quinto
2182 2412 2440 2469 Ecclesiae
2487 2406 2687 2467 steculo
2720 2405 3100 2465 animadvertit
3147 2404 3500 2477 Augustinus,

197 2495 249 2552 id
281 2496 471 2567 potiori
493 2495 614 2566 jure
636 2494 705 2552 de
730 2495 968 2553 secundo
998 2504 1052 2552 et
1078 2496 1238 2552 tertio
1263 2499 1560 2555 asseverari
1591 2508 1785 2571 potest.
1815 2501 1998 2574 Neque
2021 2503 2165 2559 enim
2192 2503 2478 2559 defuerunt
2508 2502 2747 2558 haereses
2789 2514 2932 2571 quae,
2969 2512 3092 2552 cum
3120 2497 3171 2551 in
3195 2509 3360 2553 sectae
3391 2497 3498 2568 pri-

200 2593 425 2647 mordiis
451 2607 791 2647 communem
815 2591 1123 2665 baptizandi
1152 2608 1395 2651 normam
1419 2603 1618 2654 secuta:
1644 2607 1841 2664 essent,
1870 2613 1987 2653 eam
2022 2606 2205 2669 postea
2238 2599 2603 2664 immutarent,
2637 2603 2695 2651 ut
2730 2608 2950 2649 suorum
2989 2591 3056 2647 ad
3086 2590 3383 2648 Ecclesiam
3418 2606 3509 2647 ca-

199 2683 446 2741 tholicam
471 2683 697 2740 reditum
726 2687 914 2756 majori
941 2688 1256 2747 difficultate
1281 2690 1645 2746 obstruerent.
1678 2688 1732 2744 ld
1770 2689 1839 2744 de
1869 2688 2155 2745 Encratitis
2192 2689 2512 2745 nominatim
2541 2696 2774 2743 testatur
2805 2684 3033 2741 Basilius
3064 2698 3189 2739 can.
3234 2700 3272 2740 ι.
3308 2684 3507 2753 Quam-

196 2793 356 2849 quam
401 2793 469 2832 ne
524 2778 597 2833 illi
647 2777 864 2847 quidem
911 2781 1280 2851 prtescriptam
1306 2799 1337 2838 a
1365 2782 1582 2839 Christo
1626 2781 1854 2837 formam
1886 2783 2285 2851 pervertebant,
2332 2780 2425 2838 sed
2454 2779 2810 2838 catremonias
2836 2777 3092 2851 quasdam
3124 2786 3216 2833 aut
3240 2775 3502 2849 adjecisse

197 2868 447 2925 videntur
470 2877 563 2924 aut
588 2867 908 2926 detraxisse.
933 2870 1024 2927 Sic
1048 2871 1192 2928 enim
1239 2872 1308 2930 de
1346 2875 1456 2930 illis
1484 2873 1713 2931 Basilius
1741 2889 1840 2931 can
1865 2875 1934 2930 47
1962 2891 1977 2929 :
2008 2893 2026 2927 ι
2062 2873 2144 2930 Nc
2165 2874 2344 2929 dicant
2385 2891 2400 2929 :
2433 2876 2491 2931 in
2535 2873 2748 2931 Patrem
2797 2882 2851 2929 et
2901 2872 3101 2929 Filium
3153 2880 3209 2928 et
3252 2871 3509 2942 Spiritum

196 2971 440 3020 sanctum
466 2963 721 3033 baptizati
742 2950 947 3021 sumus.
992 2984 1010 3018 ι
1047 2967 1356 3036 Quinetiam
1385 2982 1571 3024 eorum
1598 2968 1926 3041 baptismum
1954 2983 2059 3024 non
2103 2968 2371 3039 improbat
2401 2976 2574 3024 ratum
2607 2967 2817 3035 haberi,
2848 2967 2890 3023 si
2917 2982 3020 3039 qua
3052 2964 3179 3022 inde
3207 2966 3381 3035 major
3408 2967 3509 3021 titi-

194 3059 320 3113 litas
350 3060 585 3113 accedat.
616 3058 785 3129 Atque
813 3059 946 3130 ipse,
978 3073 1097 3116 can.
1124 3076 1162 3127 ι,
1192 3069 1418 3117 testatur
1444 3063 1638 3118 fratres
1675 3062 1809 3119 Zoin
1831 3073 1883 3119 et
1912 3063 2258 3120 Satnrnintnn
2291 3072 2575 3133 susceptos
2601 3078 2628 3116 a
2656 3078 2716 3119 se
2739 3063 2901 3118 fuisse
2928 3062 2979 3117 in
3008 3059 3265 3118 cathedra
3296 3064 3508 3131 episco-

196 3167 406 3223 porum,
436 3168 555 3207 cum
585 3151 653 3206 ab
678 3150 780 3209 hac
806 3152 995 3210 lnercsi
1026 3154 1283 3211 redirent.
1308 3154 1412 3212 Sed
1436 3157 1480 3212 si
1510 3156 1798 3213 Encratite
1818 3172 2131 3215 communes
2156 3160 2287 3215 ritus
2312 3159 2463 3214 initio
2489 3158 2657 3214 secuti
2686 3156 2901 3213 fuerant
2927 3164 2980 3211 et
3005 3171 3126 3212 cum
3150 3154 3275 3211 novi
3297 3153 3500 3226 aliquid
3552 3152 3557 3155 Α

196 3246 451 3303 inducere
475 3246 776 3313 voluerunt,
804 3263 907 3302 non
951 3256 1129 3304 tamen
1160 3250 1523 3320 prmscriptam
1556 3266 1583 3305 a
1609 3250 1826 3308 Christo
1854 3252 2080 3308 formam
2108 3252 2308 3307 violare
2336 3252 2449 3307 ausi
2478 3259 2630 3319 sunt;
2657 3266 2723 3304 an
2756 3246 3128 3317 dubium'quin
3179 3246 3505 3305 Marcionita:

194 3351 249 3397 et
294 3340 381 3395 alii
412 3338 698 3410 ejusmodi,
730 3341 1052 3412 quibuscum
1083 3352 1200 3399 erat
1239 3359 1360 3399 cum
1396 3344 1693 3401 Encratitis
1716 3345 1937 3401 finitima
1995 3345 2262 3413 vicinitas,
2289 3345 2615 3415 baptismum
2645 3344 2698 3399 in
2728 3342 2969 3399 Ecclesia
2991 3340 3253 3397 catholica
3280 3357 3509 3415 usurpa-

196 3445 307 3492 tum
354 3436 691 3493 retinuerint.
721 3436 889 3495 Porro
925 3440 1249 3497 Marcioncm
1277 3441 1329 3497 id
1358 3444 1576 3498 nomine
1606 3443 1761 3497 trima
1787 3442 2143 3499 Personarum
2191 3442 2489 3513 baptizasse
2517 3438 2666 3495 testis
2687 3446 2771 3494 est
2795 3437 3032 3506 locuples
3062 3435 3381 3508 Cyprianus,
3411 3439 3501 3509 qui

192 3529 310 3600 ejus
338 3529 658 3600 baptismum
689 3530 790 3587 hoc
814 3543 1131 3604 argumento
1158 3534 1349 3605 rejicit,
1384 3535 1527 3604 quod
1559 3551 1661 3590 non
1691 3534 1935 3591 eamdem
1975 3534 2289 3589 Trinitatem
2320 3541 2578 3605 agnoscat
2604 3546 2667 3586 ac
2690 3530 2952 3586 Catholici
2983 3548 2995 3583 :
3026 3548 3046 3583 ι
3072 3528 3339 3600 Numquid
3367 3530 3503 3585 hanc

193 3623 508 3681 Trinitatem
551 3625 784 3683 Marcion
815 3630 997 3684 tenet?
1035 3649 1053 3683 ι
1084 3629 1254 3701 inquit
1284 3630 1337 3685 in
1367 3629 1533 3701 Epist.
1568 3633 1635 3684 ait
1673 3629 1875 3697 Jubai.,
1901 3646 2021 3702 pag.
2053 3631 2178 3685 151.
2207 3626 2510 3698 «Numquid
2533 3625 2779 3683 eumdem
2806 3627 3000 3683 asserit
3028 3637 3254 3697 quemet
3278 3641 3377 3683 nos
3405 3628 3502 3682 l‘a-

194 3726 328 3774 trem
356 3719 688 3777 creatorem?
711 3720 976 3795 Numquid
1002 3723 1247 3779 eumdem
1275 3726 1423 3780 novit
1448 3725 1640 3782 Filium
1660 3725 1930 3781 Christum
1960 3724 2030 3780 de
2059 3723 2220 3778 Maria
2251 3722 2456 3793 virgine
2487 3722 2713 3776 natum?
2750 3741 2767 3775 ι
2804 3721 3095 3778 Fatebatur
3118 3738 3247 3793 ergo
3273 3721 3498 3794 Cypria-

192 3824 294 3865 nus
341 3820 448 3866 tres
494 3811 760 3868 Personas
804 3815 871 3869 ab
920 3814 1188 3872 lneretieis
1216 3815 1266 3869 in
1296 3815 1571 3887 Baptistae
1601 3818 1885 3885 nominari,
1916 3833 1977 3873 ac
2013 3832 2079 3873 eo
2128 3815 2378 3872 redactus
2407 3824 2557 3879 erat,
2593 3822 2650 3870 ut
2698 3814 3015 3871 Trinitatem
3067 3814 3352 3871 hatreticos
3395 3832 3441 3869 n.-
3468 3833 3498 3871 n

191 3901 380 3957 eadem
410 3902 570 3958 modo
601 3920 664 3958 ac
710 3903 1017 3961 Catholicos
1068 3906 1407 3977 interpretari
1436 3908 1659 3965 diceret.
1691 3908 1862 3964 Simili
1893 3909 2100 3965 ratione
2148 3906 2488 3963 Firniilianus
2516 3906 2894 3963 Gnosticorum
2948 3916 3001 3961 et
3051 3907 3490 3962 .‘llonlanistarnai

191 3994 453 4066 baptisma
483 3995 672 4067 rrjicit,
718 3997 841 4067 quia
870 4022 874 4026 ι
892 3998 1050 4068 primi
1091 4014 1196 4054 non
1229 4000 1475 4055 eumdem
1517 4002 1726 4054 Patrem
1753 4016 1816 4057 ac
1842 4001 2130 4068 Catholici,
2180 4000 2523 4057 lilontanista:
2551 4016 2656 4056 mm
2688 3999 2936 4055 eumdem
2968 3998 3224 4070 Spiritum
3253 4009 3495 4054 sanctum

190 4088 572 4159 agnoscebant.
612 4088 934 4147 Marcionem
967 4092 1043 4147 sic
1090 4094 1284 4164 premit
1312 4094 1673 4149 Tertullianus
1705 4097 2036 4167 argumentis
2052 4112 2119 4152 ex
2144 4095 2411 4166 baptismo
2437 4095 2636 4167 petitis,
2671 4104 2729 4150 ut
2759 4094 2914 4150 facile
2946 4102 3124 4165 pateat
3151 4109 3492 4150 communem

191 4181 494 4253 baptizandi
522 4181 680 4236 ritum
709 4183 776 4238 ab
807 4183 908 4240 hoc
941 4184 1195 4243 lneretico
1228 4197 1487 4243 mutatum
1531 4204 1635 4242 non
1685 4186 1863 4243 fuisse.
1916 4188 2118 4256 Qttmrit
2165 4190 2308 4244 enim
2338 4189 2429 4245 lib.
2464 4204 2499 4253 ι,
2534 4202 2585 4245 c.
2611 4187 2704 4252 28,
2738 4188 3008 4259 quomodo
3054 4200 3334 4258 regenerct
3359 4189 3491 4244 dens

190 4269 472 4326 Marcionis
492 4271 580 4342 qui
621 4288 729 4329 non
756 4277 1064 4344 generavit;
1096 4279 1369 4347 quomodo
1420 4280 1676 4350 Spiritum
1708 4280 1962 4336 attribuat
2013 4280 2066 4335 in
2116 4279 2401 4351 baptismo,
2460 4280 2549 4352 qui
2600 4283 2834 4336 animam
2867 4299 2969 4336 non
3027 4282 3170 4351 prius
3224 4282 3483 4349 contulit;

187 4381 284 4419 cur
330 4366 470 4421 lavet
512 4366 785 4421 hominem
833 4383 1120 4437 numquam
1174 4371 1313 4440 apud
1362 4387 1422 4426 se
1476 4372 1828 4441 inquinatum,
1860 4382 1914 4426 ct
1942 4372 1994 4426 in
2023 4371 2128 4428 hoc
2169 4381 2336 4429 totum
2382 4373 2571 4427 salutis
2606 4381 3000 4427 sacramentum
3043 4387 3259 4427 carnem
3292 4383 3495 4442 mergat

186 4469 429 4516 exortem
456 4460 660 4515 salutis.
705 4460 897 4515 Narrat
942 4461 1267 4532 Epiphanius
1319 4480 1437 4536 pag.
1472 4466 1600 4531 230,
1637 4484 1656 4517 r
1694 4480 1799 4520 non
1824 4481 1988 4521 unum
2020 4465 2285 4539 baptisma
2314 4466 2475 4540 (apud
2507 4465 2871 4535 hlarciouitas)
2900 4465 2995 4521 sed
3047 4465 3143 4521 tria
3195 4472 3319 4536 post
3357 4464 3489 4519 deli-

185 4563 331 4610 ctum
378 4553 595 4608 concedi
618 4595 632 4619 ,
668 4567 766 4622 pro
794 4555 1019 4608 mortuis
1047 4553 1254 4609 illorum
1281 4556 1682 4612 catecliumenis
1712 4555 1846 4612 alios
1875 4558 2153 4628 baptizari,
2194 4572 2258 4612 ac
2292 4558 2603 4613 mulieribus
2631 4557 2878 4628 baptismi
2910 4555 3219 4612 conferendi
3265 4552 3489 4610 faculta-

188 4655 293 4702 tem
322 4646 615 4711 committi;
645 4665 663 4698 ι
698 4644 793 4701 scd
823 4646 1032 4701 violat-.e
1062 4646 1309 4717 baptismi
1338 4648 1524 4703 forma:
1555 4648 1878 4706 Marcioneni
1911 4666 2016 4707 non
2041 4658 2277 4707 accusat.
2302 4647 2573 4704 Valentini
2618 4663 2830 4719 quoque
2858 4659 2911 4702 et
2943 4646 3143 4718 Apellis
3174 4646 3494 4716 baptismum

183 4739 488 4809 Stephanus
515 4745 688 4794 ratum
715 4738 967 4795 habuisse
997 4738 1210 4795 dicitur.
1242 4740 1349 4795 Sed
1382 4740 1431 4795 id
1460 4757 1529 4797 ex
1559 4743 1674 4812 ejus
1707 4743 1981 4813 principiis
2009 4742 2351 4813 sequebatur.
2382 4741 2537 4809 Nam,
2557 4757 2680 4798 cum
2710 4751 2858 4798 certo
2889 4748 3113 4807 teneret,
3139 4748 3194 4794 ut
3218 4740 3264 4794 ei
3296 4754 3492 4810 expro-

184 4832 303 4888 brat
333 4831 673 4890 Firmilianus
694 4874 708 4899 ,
752 4833 1083 4904 Baptismum
1128 4834 1489 4891 administrari
1544 4855 1563 4889 ι
1600 4837 1845 4895 invocata
1874 4832 2111 4895 trinitate
2138 4840 2412 4894 nominum
2446 4839 2618 4894 Patris
2649 4847 2701 4895 et
2727 4838 2850 4893 Filii
2876 4847 2929 4893 et
2962 4837 3193 4908 Spiritus
3224 4837 3414 4900 sancti,
3459 4854 3476 4887 ι

182 4927 456 4984 neminem
512 4943 735 5000 prorsus
793 4929 1090 4985 excludere
1134 4927 1342 4993 debuit,
1376 4945 1534 5000 quem
1583 4931 1651 4986 ab
1700 4931 1801 4988 hac
1827 4933 2130 5003 baptizandi
2158 4949 2343 4989 norma
2368 4950 2474 4988 non
2502 4933 2782 4989 discedere
2806 4939 3099 4988 constaret.
3129 4932 3284 5000 Quod
3309 4933 3351 4988 si
3382 4933 3493 5001 ipse

182 5019 440 5086 Marcion,
471 5020 560 5091 qui
588 5020 860 5089 impietate
890 5035 1079 5077 omnes
1122 5023 1412 5093 superavit,
1442 5024 1491 5077 in
1532 5024 1751 5081 nomine
1792 5025 1958 5081 trium
2005 5026 2366 5082 Personarum
2404 5027 2726 5097 baptizabat,
2761 5042 2871 5082 non
2900 5027 3057 5082 video
3084 5041 3180 5082 cur
3210 5042 3314 5080 non
3349 5026 3490 5080 idem

182 5112 252 5166 de
282 5109 469 5181 Apelle
494 5118 548 5165 et
580 5110 864 5165 Valentino
895 5111 1166 5167 credatur.
1195 5113 1497 5186 Cyprianus
1523 5115 1624 5170 hoc
1654 5132 1816 5172 unum
1846 5117 2109 5188 ejusmodi
2139 5119 2403 5175 Inrreticis
2443 5119 2624 5190 objicit
2652 5164 2667 5188 ,
2698 5120 2838 5191 quod
2871 5136 2975 5176 non
3006 5120 3252 5176 eumdem
3277 5118 3489 5175 Patrem

181 5219 246 5258 ac
271 5202 551 5268 Catholici,
593 5203 843 5259 eumdem
890 5206 1104 5271 Filium,
1133 5209 1380 5265 eumdem
1421 5210 1678 5279 Spiritntn
1707 5220 1952 5267 sanctum
1994 5213 2351 5284 eamdemque
2383 5213 2678 5271 licelesiam
2710 5215 3098 5281 confiteantur;
3131 5228 3193 5268 ac
3220 5212 3488 5283 Patripas-

184 5294 383 5359 sianos,
415 5294 841 5366 Antlimpianos,
872 5298 1293 5368 Valentinianus,
1328 5302 1714 5373 Apelletianos,
1742 5303 1971 5376 Ophitas
2000 5305 2328 5364 Marcionitis
2355 5310 2614 5380 adjungit,
2646 5311 2749 5381 Ep.
2777 5310 2845 5365 ad
2870 5310 3069 5376 Jubai.,
3098 5323 3148 5379 p.
3196 5308 3315 5364 150.
3348 5308 3487 5364 illar-

183 5400 279 5441 cus
309 5385 445 5440 inter
489 5384 763 5443 Valentini
802 5397 1094 5445 seetatores
1124 5392 1513 5451 celeberrimus
1544 5396 1596 5451 in
1625 5398 2002 5453 consecrando
2046 5414 2185 5469 pane
2212 5409 2267 5456 et
2295 5402 2418 5456 vino
2448 5403 2624 5457 omnia
2661 5404 3011 5459 inrocationis
3043 5401 3204 5457 verba
3247 5414 3487 5473 pronun-

183 5482 367 5550 tiabat,
396 5490 453 5537 ut
483 5490 705 5539 testatur
731 5483 964 5539 lrenteus
990 5484 1084 5540 lib.
1115 5502 1154 5552 ι,
1183 5503 1300 5559 cap.
1334 5490 1436 5557 12;
1469 5492 1650 5547 czetcri
1685 5491 1802 5563 ejus

1864 5509 1925 5547 :m
1965 5497 2183 5566 generis
2242 5496 2477 5553 haeretici
2510 5496 2903 5554 Eucharistiam
2947 5513 3014 5553 ex
3048 5511 3198 5553 more
3229 5497 3484 5553 Ecclesitc

181 5574 544 5632 celebrabant.
575 5574 711 5631 Hinc
744 5590 838 5632 eos
870 5587 1121 5648 provocat
1150 5577 1384 5636 Irenreus
1413 5582 1506 5638 lib.
1538 5584 1610 5648 t’v,
1644 5600 1761 5656 eap.
1802 5586 1867 5643 l8
1890 5629 1905 5654 ,
1931 5596 1989 5643 ut
2021 5607 2040 5641 ‹
2070 5596 2161 5643 aut
2188 5591 2518 5647 sententiam
2553 5600 2780 5657 mutent,
2814 5599 2904 5645 aut
2930 5590 3233 5645 abstineant
3259 5590 3460 5647 oll'eren

180 5670 251 5726 do
276 5685 396 5740 qum
424 5668 675 5741 prazdicta
698 5681 875 5726 sunt.»
907 5670 1024 5727 Non
1055 5672 1345 5729 verisimile
1375 5685 1460 5731 est
1484 5676 1676 5747 quibus
1707 5678 1896 5749 religio
1920 5689 2085 5737 erata
2113 5668 2367 5739 consueta
2393 5683 2743 5740 Eucharistiae
2763 5681 3098 5738 celebrandas
3124 5682 3291 5739 forma
3312 5682 3483 5739 disce-

180 5762 326 5827 dere,
360 5776 454 5817 eos
476 5763 529 5816 in
555 5760 812 5832 Baptismi
845 5762 1035 5825 ritibus
1081 5778 1149 5819 ne
1193 5763 1243 5820 id
1270 5765 1488 5836 quidem
1519 5770 1809 5827 retinuisse
1833 5771 1976 5843 quod
2000 5773 2248 5829 Christus
2275 5776 2591 5832 nominatim
2622 5773 3049 5847 prtcscripserat.
3080 5775 3243 5832 Multa
3271 5791 3400 5832 sane
3430 5777 3482 5830 in

181 5855 437 5927 Baptismi
462 5858 812 5913 etercmonias
857 5858 1017 5930 impia
1044 5868 1099 5916 et
1144 5860 1398 5918 absurda
1425 5863 1751 5922 induxerunt
1782 5867 2023 5938 plerique
2069 5868 2330 5927 Gnostici.
2362 5869 2489 5938 Sed,
2522 5878 2580 5925 ut
2627 5870 2878 5927 observat
2908 5870 3237 5942 Augustinus
3268 5869 3383 5940 (lib.
3431 5884 3482 5925 γι

181 5952 243 6009 de
261 5949 548 6024 Baptism,
580 5968 636 6021 ιι,
666 5952 781 6025 47),
817 5969 839 6007 ο
864 5964 1009 6016 certa
1037 5953 1131 6016 illa
1161 5956 1467 6031 evangelica
1502 5960 1666 6024 verba
1709 5961 1830 6026 sine
1872 5961 2071 6034 quibus
2091 5979 2197 6027 non
2226 5974 2402 6036 potest
2432 5963 2614 6036 Baptis
2626 5980 2744 6029 mus
2768 5964 3119 6037 consecrari,
3149 5972 3355 6028 tantum
3383 5977 3481 6021 va-
