4102 6414
633 370 692 428 ει
1827 341 1831 344 ’
2086 379 2253 438 rm

2376 381 2473 439 ἹΟ.
2507 439 2510 442 ,
3931 399 3996 453 ΣΞ

640 486 750 546 lcnt
773 496 828 545 ut
857 501 950 560 per
978 489 1065 546 illa
1096 489 1174 548 sic
1197 497 1532 548 evacuentur
1557 505 1908 564 qumcumquc
1939 493 1991 548 in
2023 507 2180 565 prece
2205 493 2394 552 vitiosa
2426 505 2612 553 contra
2661 499 2898 570 regulam
2928 500 3050 559 ﬁdei
3073 501 3375 576 :dicuntur;
3407 506 3526 564 etsi
3560 507 3753 565 malus
3785 520 3978 581 atque

616 599 915 658 .perversus
960 585 1011 640 in
1052 585 1317 658 aliquibus
1374 601 1684 657 perversam
1713 602 1926 658 precem
1954 587 2163 653 afferat,
2192 588 2345 645 adest
2372 589 2513 645 Deus
2541 593 2866 664 evangelicis
2896 594 3076 651 verbis
3099 597 3232 664 suis,
3261 597 3379 654 sine
3406 599 3605 670 quibus
3630 601 3984 672 Baptismus

626 679 828 736 Christi
857 681 1164 736 consecrari
1205 694 1308 736 nou
1339 688 1514 751 potest
1543 721 1562 749 ,
1593 689 1649 736 et
1677 681 1789 752 ipse
1809 681 2106 738 sanctiﬁcat
2134 694 2528 739 sacramentum
2558 699 2736 740 suum.
2776 707 2796 740 ι
2828 688 2962 744 Cum
2990 690 3292 759 Augustino
3315 695 3586 749 consentit
3611 694 3982 766 Stephanus.

633 771 748 841 qui,
782 779 840 826 ut
865 771 1032 827 refert
1061 770 1428 836 Firmilianus,
1470 771 1685 828 dicebat
1735 792 1752 824 ι
1790 772 1853 827 iis
1881 773 1970 843 qui
2001 773 2144 843 apud
2171 773 2451 831 haereticos
2475 775 2812 848 baptizautur
2850 779 3044 837 adesse
3074 783 3415 853 prtesentiam
3438 794 3494 842 et
3521 789 3982 844 sanctimoniam

629 863 848 920 Christi.
891 885 910 918 ι
945 864 1098 934 Quod
1125 873 1308 920 autem
1341 875 1549 936 Specutt
1577 864 1642 919 ad
1665 879 1758 920 eos
1784 865 1871 934 qui
1899 873 1991 920 aut
2016 881 2208 936 aquam
2239 883 2344 921 non
2375 867 2735 935 adhibebant,
2760 881 2853 925 aut
2880 889 2985 927 non
3016 884 3071 927 ut
3097 874 3342 930 Christus
3369 879 3704 949 praescripsit
3727 919 3748 943 ,
3783 880 3980 952 bapti-

630 960 823 1016 zabant
847 958 1057 1031 (quales
1084 959 1355 1016 exstitisse
1387 957 1627 1013 nonnulli
1661 957 1906 1012 videntur
1933 956 2070 1014 inter
2097 957 2383 1015 Gnosticos
2409 962 2604 1016 ethnici
2630 963 2796 1033 magis
2818 980 2977 1033 quam
3014 967 3298 1040 lucretici),
3331 983 3437 1024 non
3456 969 3682 1026 dubium
3702 973 3856 1044 quin
3875 990 3978 1030 eos

628 1056 746 1112 sine
768 1054 1043 1126 Baptismo
1071 1053 1377 1124 Stephanus
1402 1054 1454 1108 iu
1486 1049 1778 1109 Ecclesiam
1807 1068 1914 1107 non
1942 1052 2272 1109 admisisset.
2298 1054 2547 1110 Nonnulli
2574 1066 2752 1112 autem
2776 1057 2856 1112 sic
2888 1057 3148 1129 Baptismi
3175 1061 3337 1117 verba
3363 1061 3754 1131 immutabant,
3794 1076 3860 1121 ut
3884 1077 3973 1122 ta-

623 1167 750 1210 men
790 1152 1025 1208 retinere
1065 1161 1119 1207 ct
1166 1151 1468 1221 exprimere
1505 1149 1729 1216 vellent,
1760 1149 1946 1220 quales
1998 1159 2152 1204 erant
2195 1152 2282 1220 qui
2329 1151 2672 1220 baptizabant
2704 1171 2723 1204 ι
2760 1154 2811 1209 in
2844 1170 3041 1211 nomen
3071 1156 3326 1228 incogniti
3371 1160 3538 1228 patris
3566 1163 3856 1226 omnium,
3919 1167 3968 1218 in

623 1247 908 1302 veritatem
954 1255 1180 1300 matrem
1212 1244 1451 1298 omnium
1479 1284 1492 1309 ,
1525 1243 1576 1297 in
1605 1241 2026 1298 descendentem
2061 1243 2112 1296 iu
2140 1241 2322 1298 Jcsum
2346 1263 2364 1295 ι
2393 1242 2555 1314 (lren.
2578 1245 2668 1300 lib.
2692 1262 2728 1311 ι,
2751 1261 2869 1316 cap.
2898 1249 2988 1311 2|,
3019 1265 3072 1302 ιι.
3098 1248 3176 1321 ⁸5).
3210 1249 3315 1305 Sed
3341 1250 3408 1306 de
3433 1251 3702 1321 ejusmodi
3734 1254 3972 1313 lucreti-

623 1340 703 1396 cis
729 1339 864 1395 adeo
891 1338 1034 1394 nulla
1067 1337 1165 1393 fuit
1192 1337 1574 1400 controversia,
1611 1343 1667 1389 ut
1713 1335 2014 1406 Cyprianus
2038 1346 2092 1391 et
2139 1335 2483 1391 Firmilianus
2515 1338 2963 1406 intermgationes
2985 1339 3149 1410 ipsas,
3178 1341 3362 1410 quales
3414 1343 3465 1397 in
3521 1342 3780 1400 Ecclesia
3842 1348 3963 1402 fieri

623 1433 890 1497 solebant,
919 1433 988 1487 ab
1016 1431 1286 1487 barreticis
1308 1428 1509 1484 servari
1543 1435 1827 1494 testentur,
1862 1443 1983 1500 pag.
2021 1430 2145 1495 151,
2183 1429 2304 1492 liii,
2339 1430 2460 1486 liii.
2495 1428 2576 1484 Ad
2604 1430 2717 1484 lucc
2745 1429 2999 1501 Cypriani
3025 1441 3079 1485 et
3110 1431 3407 1488 Firmiliani
3437 1435 3754 1490 testimonia
3795 1453 3967 1494 acce-

621 1527 704 1583 dit
727 1525 1016 1582 auctoritas
1046 1542 1151 1581 nou
1182 1525 1356 1580 solum
1394 1520 1695 1594 Augustini,
1718 1520 1984 1578 Vincentii
2025 1522 2320 1580 Lirinensis
2349 1534 2402 1580 ct
2426 1524 2687 1591 Facundi,
2715 1526 2806 1596 qui
2840 1526 3060 1592 minimc
3089 1527 3400 1584 dubitarunt
3428 1529 3556 1601 quin
3585 1546 3961 1589 communem

623 1624 881 1681 Ecclesiae
905 1625 1232 1680 sententiam
1257 1619 1562 1693 Stephanus
1600 1623 1954 1691 defendisset;
1988 1621 2083 1679 sed
2113 1623 2276 1677 etiam
2322 1622 2557 1695 Dionysii
2607 1623 2957 1682 Alexandrini
2990 1635 3045 1680 et
3089 1623 3324 1691 Eusebii,
3363 1640 3595 1696 quorum
3626 1628 3862 1698 primus
3884 1633 3963 1684 sic

622 1715 687 1770 ad
712 1715 1044 1786 Stephaumn
1074 1726 1128 1772 et
1157 1716 1227 1775 de
1255 1715 1530 1788 Stephano
1559 1716 1794 1788 scripsit,
1819 1723 1876 1769 ut
1897 1716 1948 1770 in
1978 1730 2044 1772 eo
2066 1716 2322 1772 leniorem
2351 1717 2720 1772 tantummodo
2741 1716 3084 1783 sententiam;
3108 1725 3163 1773 et
3191 1717 3500 1788 quamdam,
3534 1728 3593 1774 ut
3618 1719 3675 1775 in
3697 1735 3763 1776 re
3797 1737 3947 1776 non-

620 1805 748 1860 dum
775 1805 1012 1862 ornnium
1043 1821 1315 1862 consensu
1345 1806 1547 1871 decisa,
1589 1807 2140 1877 accommodatiouem
2167 1807 2530 1876 desideraret;
2567 1810 2703 1866 alter
2731 1825 2858 1866 vero
2884 1809 3162 1882 antiquam
3203 1808 3544 1868 traditionem
3597 1810 3670 1868 ab
3718 1828 3796 1870 eo
3849 1815 3946 1872 de.

621 1899 824 1956 fensam
855 1899 1018 1958 fuisse
1045 1908 1288 1970 testatur,
1322 1899 1462 1958 Hist.
1489 1900 1578 1957 lib.
1608 1916 1699 1971 vu,
1728 1916 1776 1957 c.
1809 1903 1863 1958 5.

622 2088 808 2147 V.—-s.
854 2105 1145 2150 CYPBIANUS
1172 2105 1507 2150 SENTENTIA!
1554 2105 1996 2150 ADVERSARIOBUI
2019 2105 2178 2148 IINUS
2203 2109 2242 2149 l.‘

2332 2108 2542 2150 LLEH’I‘.
2564 2123 2636 2135 --
2662 2109 2728 2149 οε
2776 2106 3039 2151 Βιιιιτιειιο
3070 2109 3120 2150 ΙΝ
3144 2107 3355 2155 CHRISTI
3377 2107 3952 2153 NOIINE.—STEPEASJ

1829 2201 2122 2245 SENTESTIA
2147 2199 2291 2242 ΟΙΠΔ
2319 2201 2384 2243 ΔΒ
2407 2199 2715 2242 Διποετοιις.

688 2345 794 2403 Sed
824 2347 932 2403 duo
958 2347 1113 2403 nobis
1141 2358 1430 2421 supersunt
1455 2348 1793 2420 explicanda,
1828 2359 2006 2407 utrum
2032 2348 2344 2421 Stephanus
2379 2349 2751 2406 haereticorum
2791 2347 3055 2418 baptismo
3081 2363 3191 2404 non
3218 2347 3394 2404 solum
3426 2349 3813 2408 characterem
3846 2353 3947 2407 im-

616 2441 795 2512 primi,
837 2441 931 2499 sed
970 2444 1131 2499 etiam
1161 2455 1378 2516 peccata
1407 2445 1601 2502 dimitti
1629 2446 2056 2514 existimaverit;
2090 2459 2267 2504 utrum
2311 2449 2443 2504 satis
2469 2464 2590 2504 esse
2617 2448 2831 2503 duxerit
2886 2447 2938 2502 in
2978 2446 3176 2504 Christi
3208 2447 3427 2502 nomine
3460 2447 3759 2518 baptizare,
3795 2450 3942 2504 nulla

613 2536 786 2593 Patris
821 2547 869 2594 et
901 2537 1130 2610 Spiritus
1165 2542 1336 2596 sancti
1388 2541 1522 2598 facta
1554 2543 1845 2600 mentione.
1884 2543 2182 2616 Cyprianus
2211 2554 2265 2600 et
2311 2543 2662 2600 Firmilianus
2693 2545 2779 2598 sic
2810 2559 3028 2614 semper
3056 2544 3402 2599 adversarios
3433 2541 3708 2611 refellunt,
3773 2549 3934 2616 quasi

613 2630 700 2686 iSIi
745 2641 959 2700 peccata
1007 2633 1075 2688 ab
1107 2633 1378 2692 haereticis
1429 2637 1824 2708 baptizanlibus
1865 2637 2062 2694 dimitti
2112 2638 2522 2696 contenderent.
2578 2657 2594 2690 ι
2628 2639 2723 2692 Dat
2776 2638 3036 2695 honorem
3078 2639 3207 2706 Deo,
3257 2639 3428 2710 inquit
3454 2637 3772 2711 Cyprianus
3807 2641 3936 2713 (Ep.

614 2727 800 2798 Lxxw)
848 2727 939 2795 qui
993 2727 1132 2798 apud
1189 2743 1283 2784 eos
1319 2731 1408 2802 qui
1457 2731 1507 2786 in
1543 2731 1709 2788 Deum
1734 2733 2129 2805 blasphemant,
2175 2733 2547 2790 remissionem
2598 2745 2939 2804 peccatorum
2970 2733 3085 2789 dari
3133 2733 3377 2803 judicat?
3411 2752 3428 2786 ι
3479 2734 3542 2788 Ει
3583 2731 3935 2791 Firmilianus

613 2819 739 2893 (Ep.
770 2824 934 2897 Lxxv)
971 2841 984 2878 :
1025 2845 1041 2876 ι
1066 2824 1397 2898 Stephanus,
1435 2828 1627 2896 inquit,
1680 2839 1734 2884 et
1765 2830 1853 2898 qui
1884 2829 1957 2885 illi
1987 2828 2700 2894 consentiunt,contendunt
2729 2829 3096 2884 dimissionem
3127 2839 3490 2898 peceatorum,
3536 2840 3589 2882 et
3630 2830 3932 2886 secundam

612 2915 944 2973 nativitatem
977 2919 1028 2974 in
1061 2918 1434 2977 hazreticorum
1467 2921 1730 2992 baptisma
1787 2938 1944 2994 posse
1998 2924 2318 2994 procedere,
2361 2924 2498 2994 apud
2527 2940 2668 2995 quos
2707 2924 2870 2978 etiam
2898 2923 2997 2992 ipsi
3026 2922 3353 2978 confitentur
3394 2921 3650 2992 Spiritum
3677 2935 3930 2980 sanctum

613 3021 719 3061 non
748 3022 886 3062 esse.
922 3028 941 3062 ι
976 3012 1040 3066 Ει
1072 3010 1206 3065 infra
1229 3054 1244 3078 ,
1306 3031 1324 3064 ι
1347 3012 1527 3068 dicunt
1557 3028 1680 3068 eum
1707 3013 1796 3084 qui
1844 3015 2348 3088 quomodocumque
2395 3015 2527 3073 foris
2569 3015 2867 3085 baptizatur
2896 3025 3077 3071 mente
3103 3026 3157 3073 et
3191 3015 3293 3071 lide
3324 3031 3417 3071 sua
3449 3016 3674 3086 gratiam
3731 3033 3927 3075 conse-

609 3099 700 3170 qui
748 3114 924 3170 posse.
958 3121 975 3155 ι
1019 3102 1074 3157 lu
1110 3103 1343 3174 Epistola
1383 3119 1412 3159 a
1451 3104 1716 3162 Jubaiauo
1740 3106 1808 3162 ad
1849 3106 2172 3178 Cyprianum
2217 3111 2400 3170 missa,
2456 3123 2614 3178 quam
2645 3106 2902 3178 Stephani
2933 3123 3053 3164 esse
3103 3107 3368 3164 l’amclius
3398 3117 3450 3164 et
3481 3107 3744 3166 Baronius
3776 3114 3928 3167 exis-

610 3195 822 3260 timant,
867 3196 1125 3267 scriptum
1154 3207 1289 3266 erat,
1334 3218 1351 3250 ι
1379 3199 1521 3271 quod
1573 3200 1924 3274 qumrendunt
1971 3219 2076 3257 non
2109 3207 2180 3261 sit
2211 3203 2329 3272 quis
2358 3205 2724 3275 baptizavcrit,
2758 3203 2971 3277 quando
3004 3203 3049 3258 is
3083 3203 3172 3274 qui
3206 3201 3502 3273 baptizatus
3542 3205 3632 3270 sit,
3670 3206 3925 3277 accipere

607 3287 886 3344 remissam
934 3301 1272 3360 peccatorum
1301 3298 1551 3366 potuerit
1591 3297 1884 3354 secundum
1926 3299 2070 3370 quod
2114 3315 2227 3354 cret.

2303 3299 2362 3354 it.
2402 3319 2420 3352 ι
2473 3299 2698 3354 Difﬁcile
2757 3315 2861 3354 non
2913 3297 3010 3352 fuit
3065 3296 3336 3370 Cypriane
3385 3307 3440 3352 ct
3490 3295 3812 3352 Firmiliano
3869 3300 3919 3354 iu

605 3394 668 3436 ea
695 3378 965 3452 opinione,
1021 3399 1180 3455 quam
1226 3387 1554 3444 adversariis
1597 3389 1711 3445 suis
1749 3389 2041 3462 affiugunt,
2095 3392 2434 3447 manifestam
2481 3406 2710 3462 pugnant
2754 3390 3147 3445 demonstrare.
3206 3387 3601 3444 Perabsurdutu
3647 3391 3790 3445 enim
3838 3408 3922 3453 est

606 3482 660 3526 ut
692 3475 1061 3531 remissionem
1092 3490 1432 3548 peccatorum
1463 3492 1784 3538 consecutus
1813 3498 1934 3538 esse
1982 3483 2192 3538 dicatur
2233 3484 2321 3555 qui
2370 3484 2605 3539 nondum
2656 3481 2866 3554 accepit
2915 3481 3172 3552 Spiritum
3218 3490 3499 3547 sanctum,
3560 3491 3614 3536 et
3638 3481 3916 3538 Christum

601 3566 655 3624 in
691 3567 962 3638 llaptisnto
996 3570 1230 3626 induisse
1267 3573 1316 3628 in
1348 3590 1454 3644 quo
1494 3575 1729 3631 nondum
1790 3577 1995 3632 habitat
2029 3577 2262 3648 Spiritus
2305 3588 2551 3651 .sanctus.
2610 3576 2718 3633 Sed
2766 3576 3014 3632 videntur
3045 3575 3241 3631 smnmi
3287 3577 3359 3632 illi
3393 3577 3489 3631 viri
3529 3578 3830 3648 Cyprianus
3863 3592 3912 3633 ι“ι

601 3658 944 3718 Firmilianus
975 3664 1150 3718 minus
1179 3677 1428 3722 accurate
1469 3669 1807 3738 interpretari
1844 3672 2166 3726 sententiam
2196 3672 2648 3737 adversariorum,
2699 3684 2833 3740 quos
2881 3668 3176 3725 verisimile
3237 3683 3342 3724 non
3396 3678 3479 3724 est
3512 3680 3617 3724 tam
3671 3671 3908 3725 absurde

600 3755 978 3824 ratiocinalos,
1022 3769 1078 3812 ut
1109 3760 1479 3817 remissionem
1510 3774 1852 3833 peccatorum
1881 3766 1998 3820 sine
2037 3765 2242 3834 Spiritu
2272 3775 2457 3820 sancto
2504 3762 2806 3833 comparari
2839 3775 3004 3832 posse
3041 3758 3342 3814 crederent.
3400 3759 3690 3814 Existimat
3733 3762 3919 3816 crudi-

602 3851 684 3899 lus
728 3845 908 3901 editor
945 3846 1256 3904 Litterarum
1288 3868 1604 3908 autumantur
1635 3855 1948 3926 Pontiﬁcum
1979 3858 2352 3930 Stephanum,
2389 3857 2514 3912 dum
2559 3857 2932 3912 remissionem
2984 3864 3328 3926 peccatorum
3372 3854 3424 3908 in
3471 3853 3737 3924 baptismo
3767 3867 3915 3910 extra

599 3937 846 3995 haeresim
877 3940 999 3998 dato
1031 3946 1272 4014 agnoscit
1297 3988 1312 4012 ,
1361 3947 1444 4002 vel
1473 3947 1539 4004 de
1569 3947 1863 4005 infantibus
1912 3951 2080 4022 loqui,
2114 3953 2195 4008 vel
2246 3953 2312 4008 de
2352 3952 2551 4007 adultis
2597 3951 2736 4006 bona
2772 3951 2878 4006 ﬁde
2918 3949 3241 4021 baptismum
3273 3949 3341 4003 ah
3388 3947 3604 4003 occulto
3655 3947 3917 4005 haeretica

597 4033 1006 4102 accipientibus,
1040 4048 1130 4092 aut
1158 4039 1226 4094 ab
1255 4050 1442 4110 aperto
1467 4042 1519 4096 in
1548 4053 1792 4098 extremo
1843 4045 1964 4099 vita:
2009 4047 2267 4116 periculo.
2322 4046 2586 4114 Quamvis
2623 4055 2804 4100 autem
2835 4045 3150 4101 doctissimo
3194 4043 3445 4114 scriptori
3497 4041 3789 4112 plurimum
3821 4046 3918 4098 tri-

597 4126 776 4201 buam,
828 4129 988 4190 aliam
1029 4141 1205 4188 tamen
1254 4134 1388 4188 viam
1429 4135 1572 4190 inibo
1601 4138 1934 4208 explicanda:
1979 4139 2237 4209 Stephani
2284 4141 2590 4202 sententise,
2642 4156 2762 4210 qua:
2804 4140 2932 4194 mihi
2967 4138 3179 4194 videtur
3208 4138 3466 4193 illustrari
3501 4153 3664 4208 posse
3717 4153 3784 4194 ex
3836 4140 3917 4195 his

595 4220 736 4274 illius
779 4224 956 4279 verbis
999 4240 1029 4280 a
1078 4226 1387 4285 Firmiliano
1432 4231 1608 4288 citatis
1649 4251 1711 4288 τι
1750 4232 1980 4290 ιιωτρεὶε
2029 4235 2268 4308 quidem,
2313 4235 2510 4303 aiebat,
2555 4235 2689 4306 parit
2720 4244 2774 4292 et
2817 4237 3072 4307 exponit;
3123 4235 3398 4306 expositos
3445 4244 3623 4292 autem
3673 4231 3915 4294 Ecclesia

593 4315 836 4384 Suscipit.
882 4335 899 4370 ι

667 4408 992 4481 PerSpicitur
1027 4428 1092 4470 ex
1135 4414 1216 4471 his
1257 4417 1435 4474 verbis
1472 4418 1715 4476 lucresim
1747 4436 1853 4478 non
1886 4423 1984 4479 sibi
2025 4421 2118 4478 sed
2149 4422 2405 4480 Ecclesia:
2449 4437 2657 4494 parere,
2717 4421 2796 4479 vel
2851 4421 3026 4491 potius
3056 4418 3358 4475 Ecclesiam
3392 4433 3487 4488 per
3523 4416 3772 4474 hmresitu
3803 4418 3911 4475 vel-

595 4504 669 4557 ttli
718 4521 811 4574 per
839 4508 1088 4566 ancillam
1123 4527 1333 4582 parcre,
1387 4515 1456 4569 ita
1503 4526 1559 4571 ut
1599 4534 1733 4588 quos
1770 4519 1908 4588 parit
1950 4519 2187 4585 haeresis,
2230 4519 2323 4576 lilii
2385 4534 2598 4590 sponsa.-
2656 4519 2768 4574 fieri
2820 4527 3041 4588 possunt
3090 4516 3134 4570 si
3182 4515 3248 4570 ad
3281 4514 3576 4595 Ecclesium
3608 4512 3913 4578 accedant;

592 4599 660 4652 ab
703 4598 942 4658 Ecclesia
986 4614 1164 4662 autem
1225 4623 1329 4662 nou
1377 4613 1611 4680 suscepti
1675 4611 1949 4667 interitum
1992 4611 2229 4683 effugere
2280 4626 2383 4665 non
2439 4611 2665 4681 possint.
2715 4609 2972 4682 Stephani
3028 4607 3289 4663 doctrina:
3336 4604 3603 4661 simillima
3653 4614 3736 4659 est
3788 4606 3903 4662 ha‘c

593 4693 872 4762 Augustini
903 4701 1221 4777 sententia:
1257 4720 1275 4754 ι
1302 4700 1540 4758 Ecclesia
1573 4704 1789 4776 quippe,
1829 4725 1848 4758 ι
1884 4706 2054 4777 inquit
2085 4706 2176 4760 lib.
2198 4705 2229 4760 -Ι
2255 4707 2316 4761 de
2342 4703 2523 4775 Bapt.,
2559 4721 2612 4760 ιι.
2651 4707 2737 4771 l2,
2775 4724 2791 4758 ι
2823 4719 3012 4759 omnes
3064 4720 3157 4775 per
3210 4702 3538 4773 Baptismqu
3589 4701 3751 4770 parit,
3797 4703 3912 4756 sive

591 4787 731 4857 apud
770 4804 849 4856 se,
899 4791 948 4846 id
1006 4803 1089 4848 est
1112 4809 1181 4849 ex
1212 4805 1362 4852 utero
1394 4812 1512 4863 suo,
1564 4799 1675 4854 sive
1705 4811 1854 4856 extra
1886 4815 1944 4855 se
1989 4799 2056 4855 de
2082 4799 2288 4854 semine
2329 4799 2424 4853 viri
2453 4799 2554 4852 sui.
2591 4798 2698 4854 Sed
2727 4807 2781 4853 et
2811 4798 2948 4852 Esau
2975 4797 3043 4852 de
3095 4811 3263 4850 uxore
3296 4800 3483 4861 natus,
3511 4803 3732 4865 propter
3789 4793 3899 4849 ira-

595 4889 802 4937 ternam
851 4882 1175 4942 discordiam
1218 4898 1498 4960 separatus
1541 4900 1624 4946 est
1670 4907 1700 4946 a
1754 4891 1949 4962 populo
1999 4891 2115 4959 Dei,
2149 4888 2204 4945 et
2251 4891 2388 4944 Aser
2441 4905 2536 4960 per
2566 4889 2750 4944 uxoris
2794 4888 3012 4960 quidem
3061 4896 3420 4959 potestatem,
3453 4884 3546 4940 sed
3595 4900 3662 4939 ex
3704 4885 3895 4938 ancilla

593 4984 771 5041 natus,
815 4989 1039 5048 pr0pter
1081 4980 1373 5038 fraternam
1403 4983 1746 5040 concordiam
1778 4995 1973 5040 terram
2004 4984 2373 5056 promissionis
2399 4985 2623 5054 accepit.
2669 4981 2821 5039 Unde
2849 4993 2903 5038 et
2944 4981 3152 5038 lsmacli
3184 4989 3236 5035 ut
3265 4988 3605 5050 separaretur
3629 4993 3657 5032 a
3709 4980 3905 5049 populo

601 5069 695 5125 Dei
725 5085 830 5126 non
871 5071 1045 5128 obfuit
1079 5085 1250 5130 mater
1277 5077 1491 5144 ancilla,
1541 5077 1637 5133 sed
1683 5077 1855 5133 obfuit
1889 5078 2124 5134 fraterna
2174 5076 2469 5142 discordia;
2531 5087 2585 5133 et
2621 5092 2726 5132 non
2777 5074 2973 5147 profuit
3017 5084 3253 5145 potestas
3283 5073 3481 5140 uxoris,
3537 5072 3691 5144 cujus
3738 5075 3911 5145 magis

595 5166 734 5222 lilius
758 5175 900 5232 erat,
950 5168 1072 5239 quia
1121 5185 1217 5240 per
1259 5171 1424 5243 ipsius
1458 5172 1577 5242 jura
1619 5172 1916 5244 conjugalia
1943 5183 1996 5229 et
2028 5174 2083 5228 in
2123 5173 2313 5228 ancilla
2354 5172 2646 5229 seminatus
2671 5181 2787 5226 erat
2811 5181 2864 5227 et
2891 5187 2959 5226 ex
3005 5170 3196 5226 ancilla
3241 5179 3544 5240 susceptus.
3573 5168 3661 5225 Sic
3685 5170 3900 5238 ctapud

594 5258 723 5314 istos
753 5259 1006 5317 Ecclesia:
1027 5262 1172 5332 jure,
1201 5263 1342 5332 quod
1367 5273 1451 5320 est
1479 5266 1530 5320 in
1564 5266 1856 5336 Baptismo,
1887 5276 2180 5322 nascuntur
2208 5267 2529 5337 quicumque
2556 5277 2876 5331 nascuntur;
2909 5263 3004 5320 Sed
3031 5265 3076 5319 si
3111 5263 3440 5319 concordent
3467 5278 3591 5318 cum
3621 5261 3894 5331 fratribus,

596 5365 691 5421 per
721 5353 974 5411 unitatem
998 5356 1166 5426 pacis,
1199 5356 1418 5412 veniunt
1446 5357 1513 5412 ad
1545 5366 1744 5414 terram
1786 5360 2186 5430 promissionis;
2237 5375 2342 5415 non
2387 5361 2454 5416 de
2497 5370 2740 5415 materno
2788 5369 2942 5415 utero
2970 5372 3157 5414 rursus
3191 5355 3466 5428 ejiciendi,
3508 5355 3603 5412 scd
3637 5357 3688 5411 iu
3724 5367 3901 5426 paler-

594 5457 664 5498 no
709 5447 918 5502 semine
965 5449 1324 5520 agnoscendi:
1370 5451 1415 5505 si
1455 5461 1632 5507 autem
1663 5452 1713 5507 in
1763 5453 2028 5510 discordia
2069 5464 2437 5524 perseverent,
2463 5452 2529 5508 ad
2559 5452 2799 5508 ls'naelis
2827 5451 3118 5508 funiculum
3149 5451 3513 5524 pertinebunt.
3549 5471 3568 5504 ι
3621 5450 3894 5506 lininerito

593 5551 723 5606 ergo
751 5538 1046 5607 Cyprianus
1073 5553 1128 5597 et
1155 5541 1502 5600 Firmilianus
1528 5545 1908 5602 existimarunt
1953 5547 2287 5619 Stephanum
2342 5547 2533 5604 lueresi
2578 5547 2738 5602 veluti
2785 5562 3000 5618 sponsa:
3031 5547 3173 5602 filios
3216 5547 3527 5613 attribuere,
3559 5561 3680 5602 cum
3720 5543 3898 5603 hierc-

589 5628 692 5681 sitn
740 5629 898 5684 veluti
949 5633 1199 5689 ancillam
1254 5650 1440 5706 parere
1495 5636 1710 5703 dixerit,
1772 5648 1830 5694 ut
1852 5654 1986 5711 quos
2017 5641 2131 5711 ipsa
2186 5641 2412 5712 peperit,
2452 5639 2504 5694 hi
2553 5639 2620 5694 ab
2681 5640 2939 5708 Ecclesia,
2993 5657 3114 5712 qua:
3161 5641 3276 5696 sola
3329 5650 3413 5696 cst
3465 5653 3684 5710 sponsa,
3738 5644 3904 5697 susci-

593 5724 827 5792 Piaﬂllﬂ‘e
857 5724 974 5782 Νοιι
999 5731 1227 5788 absimili
1259 5733 1524 5792 sententia
1563 5734 1774 5801 videtur
1805 5747 2143 5806 peccatorum
2175 5737 2546 5794 remissionem
2575 5737 2628 5794 in
2643 5737 2908 5810 baptismo
2934 5738 3310 5794 hzereticorum
3336 5736 3639 5808 agnovisse.
3695 5735 3897 5803 Quem-

587 5814 872 5872 admodum
921 5821 1061 5876 enim
1107 5825 1371 5894 ejusmodi
1421 5829 1721 5901 baptismus
1776 5830 1912 5885 hanc
1957 5831 2067 5884 vim
2107 5830 2289 5897 habet,
2341 5839 2398 5884 ut
2441 5846 2575 5901 quos
2625 5833 2834 5903 peperit
2892 5833 3082 5887 ancilla
3137 5831 3204 5885 ad
3261 5845 3514 5901 sponsam
3549 5830 3899 5901 pertineant,

591 5925 714 5968 Cum
759 5913 825 5974 ab
853 5913 1090 5975 Ecclesia
1125 5922 1516 5994 suscipiuntur;
1549 5926 1643 5993 sic,
1690 5927 1933 5999 quamvis
1968 5937 2183 6000 peccata
2239 5943 2343 5988 non
2373 5928 2605 5994 dimittat
2629 5932 2683 5998 in
2713 5931 2905 5994 luercsi
2938 5933 3296 6003 manentibus,
3326 5932 3380 5994 id
3437 5941 3614 5997 tamen
3643 5930 3800 5998 valet,
3853 5941 3908 5989 ιιι

1077 6117 1104 6128 φ
