4102 6422
169 344 240 401 53
1654 338 1789 400 PM

1870 338 2040 399 ATlO.
3417 335 3490 396 ’54

170 455 527 517 redeuntibus
574 455 640 512 ad
685 455 985 514 Ecelesiam
1059 456 1418 514 dimittantur.
1467 454 1522 511 ld
1549 455 1764 527 egregie
1807 451 2134 527 Augustinus
2158 450 2387 526 explicat
2409 450 2462 509 in
2492 450 2765 510 librolde
2786 450 3079 524 Baptisma:
3135 450 3486 525 «Intelligant

173 553 503 624 (Donatistze
527 553 569 623 ),
601 549 773 624 inquit
799 552 879 623 (n.
909 550 1028 622 i8),
1081 552 1132 611 in
1164 548 1633 607 communionibus
1682 550 1750 605 ab
1778 548 2016 605 Ecclesia
2046 548 2308 619 separatis
2357 562 2514 620 posse
2551 547 2798 605 homines
2826 548 3108 621 baptizari,
3144 549 3231 605 ubi
3274 548 3474 606 Citriin

172 646 479 717 Baptismus
510 644 700 702 eadem
733 645 1055 702 sacramenti
1097 644 1460 701 celebratione
1488 643 1645 699 datur
1668 652 1723 698 et
1763 641 1992 697 sumitur
2031 640 2163 713 :qui
2190 648 2365 697 tamen
2406 650 2533 698 tunc
2572 642 2740 713 prosit
2763 642 2829 698 ad
2870 642 3245 699 remissionem
3283 658 3474 714 pecca-

175 720 375 807 torum,
404 742 555 794 'cum
583 738 704 810 quis
754 737 1132 794 reconciliatus
1181 735 1371 792 unitati
1420 734 1700 807 sacrilegio
1727 732 2079 792 dissensionis
2105 733 2342 803 exuitur,
2383 748 2493 805 quo
2541 733 2663 805 ejus
2687 741 2905 804 peccata
2939 733 3261 791 tenebantur
3288 743 3346 791 et
3386 735 3475 791 di-

171 832 458 898 mittinon
475 832 809 889 sinebantur.
840 849 861 883 ι
912 833 1114 887 Auctor
1153 844 1455 903 anonymus
1491 829 1610 885 libri
1656 829 1720 883 de
1763 828 2147 901 Rebaptismate
2189 826 2320 883 nihil
2349 826 2466 884 fere
2490 826 2894 899 aliud‘probat,
2938 826 3039 883 nisi
3089 825 3471 899 hancBaptis-

171 926 247 983 mi
300 925 433 982 foris
486 925 694 998 accepti
724 924 1006 981 utilitatem
1054 923 1121 980 ad
1150 922 1522 980 remissionem
1548 930 1890 995 peccatorum
1920 921 1976 977 in
2011 920 2254 978 Ecclesia
2278 920 2736 992 consequendam.
2784 920 2983 978 Statuit
3012 921 3237 994 p.357,
3275 939 3294 975 ι
3318 922 3476 978 invo-

169 1019 441 1076 cationem
486 1018 630 1074 illam
675 1018 954 1090 pristinam
985 1015 1219 1074 nominis
1246 1015 1396 1084 Jesu,
1448 1015 1591 1072 nuda
1621 1023 1675 1071 et
1700 1014 1986 1088 singularis
2014 1015 2059 1071 si
2089 1016 2140 1071 in
2169 1030 2357 1072 errore
2384 1016 2455 1072 sit
2481 1016 2794 1083 constituta,
2835 1030 2944 1072 non
2997 1029 3158 1086 posse
3203 1015 3269 1073 ad
3323 1016 3471 1073 salu-

172 1123 284 1170 tem
329 1112 688 1186 praestandam
712 1111 994 1179 sufﬁcere;
1045 1127 1115 1168 ne
1155 1110 1259 1168 hac
1300 1111 1530 1177 ratione,
1590 1108 1784 1181 inquit,
1838 1109 2000 1166 etiam
2054 1108 2300 1166 ethnicos
2353 1117 2409 1165 et
2456 1107 2743 1166 haereticos
2785 1108 3070 1166 abutentes
3104 1124 3303 1167 nomen
3346 1109 3476 1167 Jcsu

170 1207 459 1264 credamus
486 1207 556 1263 ad
588 1202 827 1263 salutem
869 1207 990 1263 sine
1028 1220 1158 1262 vera
1203 1220 1265 1262 re
1309 1214 1471 1277 atque
1510 1205 1716 1276 integra
1765 1216 1927 1275 posse
1975 1203 2281 1276 pervenire.
2331 1204 2507 1273 Quam
2530 1212 2740 1261 utamen
2791 1204 3193 1262 invocationem
3251 1205 3490 1262 nominis

169 1300 301 1356 Jesu
324 1300 660 1357 correctidne
686 1298 888 1356 erroris
911 1307 970 1356 et
1004 1297 1276 1371 agnitione
1300 1296 1426 1353 ﬁdei
1453 1295 1721 1365 veritatis,
1765 1304 1820 1352 et
1845 1295 2086 1353 abscissa
2112 1296 2264 1353 omni
2287 1296 2410 1355 labe
2438 1298 2726 1369 praeteritae
2748 1299 3196 1366 conversationis,
3227 1298 3490 1372 mysterio

171 1392 272 1451 Dei
297 1394 449 1450 circa-
469 1390 735 1465 ejusmodi
782 1391 1035 1448 homines
1081 1391 1185 1447 rite
1211 1397 1610 1462 perpetratam,
1641 1388 1821 1446 locum
1850 1404 2008 1461 quem
2040 1388 2291 1446 habitura
2322 1404 2430 1447 non
2453 1400 2583 1457 erat
2611 1390 2880 1460 obtinere,
2911 1403 2968 1449 et
2995 1401 3274 1464 posuemo
3303 1392 3358 1449 in
3382 1390 3491 1451 [uie

175 1495 324 1545 recta
354 1496 410 1543 et
444 1485 512 1543 ad
539 1485 899 1559 integritatem
939 1484 1078 1556 signi
1107 1484 1465 1556 prmstandam
1503 1498 1611 1541 non
1659 1484 1873 1552 obesse,
1920 1484 2299 1557 supplemento
2327 1487 2446 1557 ejus
2493 1484 2637 1558 quod
2665 1484 2853 1543 deerat
2889 1486 3201 1556 accedente,
3233 1501 3492 1561 perquam

186 1580 321 1636 utile
356 1586 442 1636 est
477 1577 720 1636 credere.
748 1596 768 1632 ι
816 1576 1078 1634 Videntur
1109 1591 1238 1649 ergo
1266 1574 1572 1648 Cyprianus
1616 1584 1672 1632 et
1711 1575 2080 1644 Firmilianus,
2133 1592 2258 1633 cum
2288 1577 2722 1636 adversariorum
2752 1581 3077 1637 sententiam
3117 1597 3227 1638 non
3257 1598 3324 1638 ex
3348 1582 3495 1654 pacis
3556 1602 3559 1603 ν

187 1673 304 1731 ﬁcis
331 1671 616 1743 colloquiis
649 1686 716 1728 ac
737 1669 1209 1742 disputationibus,
1239 1669 1337 1725 sed
1384 1683 1452 1724 ex
1490 1667 1707 1739 scriptis
1746 1677 1951 1725 tantum
1982 1670 2151 1742 iisque
2201 1669 2360 1748 valde
2395 1670 2638 1727 obscuris
2664 1672 2932 1744 cognitam
2980 1671 3265 1741 haberent,
3308 1674 3495 1732 minus

193 1766 520 1823 intellexisse
564 1762 695 1835 quid
741 1763 831 1821 isti
878 1762 1177 1831 sentirent,
1218 1771 1275 1819 et
1312 1760 1607 1819 credidisse
1656 1759 1815 1818 ﬁdem
1869 1761 1995 1819 illos
2037 1771 2095 1819 et
2137 1764 2343 1835 peccati
2391 1763 2762 1823 dimissionem
2803 1766 2857 1822 in
2885 1766 3156 1824 haereticis
3199 1767 3271 1824 ab
3303 1767 3501 1825 lneresi
3594 1775 3600 1782 '

192 1877 301 1918 non
348 1858 746 1918 discedentibus
796 1858 1102 1927 admittere,
1157 1855 1403 1928 quamvis
1459 1855 1528 1912 de
1569 1854 1677 1912 ﬁde
1726 1855 1900 1912 errori
1951 1855 2277 1932 succedente
2321 1856 2708 1930 loquerentur,
2750 1874 2816 1917 ac
2863 1869 3146 1933 peccatum
3195 1861 3268 1919 ita
3297 1861 3495 1921 dimitti

201 1955 462 2021 dicerent,
513 1961 574 2011 ut
617 1952 734 2011 haec
775 1952 1021 2009 dimissio
1070 1961 1197 2008 tunc
1243 1950 1420 2007 valeat
1469 1964 1590 2006 cum
1632 1949 1701 2006 ab
1739 1948 1930 2006 haeresi
1979 1949 2298 2007 disceditur.

260 2050 415 2108 Nunc
434 2050 574 2106 alius
598 2064 753 2106 error
792 2065 823 2105 a
866 2057 1052 2104 sancto
1092 2046 1345 2118 pontiﬁce
1394 2043 1815 2117 propulsandus,
1856 2044 1944 2101 cui
1990 2044 2283 2103 verisimile
2327 2060 2435 2102 non
2493 2054 2579 2103 est
2611 2046 2940 2120 Baptismum
2986 2049 3039 2106 in
3091 2050 3261 2108 solius
3303 2048 3502 2107 Christi

182 2143 402 2201 nomine
435 2142 720 2215 probatum
768 2140 935 2197 fuisse
978 2140 1077 2196 :1“
1122 2139 1399 2195 hnmerito
1436 2138 1491 2193 in
1539 2136 1814 2209 Stephano
1873 2136 2100 2210 ejusque
2146 2137 2310 2194 sociis
2351 2138 2747 2211 vituperaretur
2773 2141 3039 2213 ejusmodi
3069 2142 3319 2214 loquendi
3357 2143 3495 2199 ratio

180 2254 304 2311 qua:
353 2246 408 2293 et
434 2234 726 2308 Scriptura:
770 2234 1086 2292 auctoritate
1135 2243 1192 2289 et
1231 2230 1584 2288 ecclesiastici
1653 2230 1924 2288 sermonis
1976 2245 2079 2286 usu
2133 2230 2344 2288 ﬁrmata
2387 2241 2490 2300 est,
2548 2242 2607 2289 ut
2648 2232 2987 2292 demonstrat
3036 2234 3198 2293 modo
3252 2235 3505 2293 laudatus

193 2332 367 2389 editor
409 2329 579 2403 Epist.
628 2345 814 2385 summ.
868 2326 1029 2384 Pent.
1080 2326 1138 2381 2°
1187 2324 1340 2394 Quod
1383 2332 1591 2396 spectat
1632 2323 1699 2380 ad
1728 2323 2080 2396 Stephanum,
2137 2339 2246 2381 non
2287 2340 2411 2382 eum
2464 2325 2566 2383 hac
2600 2327 2656 2382 in
2699 2343 2760 2384 re
2788 2329 2989 2407 erroris
3033 2338 3250 2385 accusat
3284 2329 3507 2402 Cypria-

183 2442 307 2495 nus,
354 2425 599 2497 quam'vis
626 2424 794 2496 prima
835 2424 1017 2495 specie
1066 2436 1321 2479 accusare
1348 2419 1610 2476 videatur.
1672 2418 1836 2475 «Non
1863 2429 1948 2476 est
1995 2428 2177 2476 autem
2243 2420 2388 2491 quod
2452 2420 2667 2492 aliquis,
2706 2440 2726 2474 ι
2772 2422 2945 2494 inquit
2992 2422 3045 2477 in
3095 2420 3264 2495 Epist.
3315 2438 3504 2488 Lxxtn,

206 2541 226 2574 ε
264 2520 329 2577 ad
370 2508 894 2577 circumveniendam
944 2515 1291 2573 christianam
1340 2515 1619 2571 veritatem
1658 2512 1858 2570 Christi
1898 2529 2096 2571 nomen
2136 2524 2391 2585 opponat,
2440 2523 2500 2570 ut
2536 2517 2680 2572 dicat
2717 2515 2818 2571 :ln
2865 2516 3083 2572 nomine
3128 2517 3254 2573 Jesu
3299 2516 3507 2578 Christi

176 2615 500 2686 ubicumque
549 2621 633 2670 est
682 2610 1181 2684 quomodocumque
1243 2609 1490 2679 baptizati
1542 2607 1765 2679 gratiam
1793 2606 2050 2678 Baptismi
2098 2616 2222 2662 sunt
2250 2607 2544 2663 consecuti.
2580 2624 2600 2659 ›
2638 2608 2705 2663 Ει
2756 2606 2913 2679 paulo
2965 2616 3087 2679 post
3125 2625 3140 2665 :
3174 2627 3193 2660 ι
3223 2609 3507 2678 Quomodo

175 2710 553 2783 crgo‘quidam
597 2708 780 2766 dicunt
830 2707 962 2764 foris
1007 2714 1156 2762 extra
1205 2704 1502 2760 Ecclesiam
1532 2703 1698 2758 immo
1735 2712 1788 2759 et
1808 2712 1996 2758 contra
2029 2701 2344 2770 Eeclesiam,
2397 2701 2559 2757 modo
2606 2702 2658 2757 in
2712 2704 2929 2760 nomine
2967 2702 3094 2760 Jesn
3142 2702 3337 2761 Christi
3389 2705 3509 2763 ubi-

179 2818 414 2875 cumque
460 2811 514 2858 et
560 2798 1066 2873 quomodocumque
1107 2797 1430 2867 baptizatum
1481 2794 1737 2866 gentilem
1786 2793 2158 2850 remissionem
2214 2802 2555 2865 peccatorum
2610 2795 2866 2866 consequi
2897 2810 3056 2868 posse
3083 2837 3099 2864 ,
3154 2797 3367 2869 quando
3392 2798 3508 2870 ipse

177 2895 426 2953 Christus
463 2895 667 2952 Gentes
703 2891 962 2965 baptizari
1022 2890 1209 2962 jubeat
1237 2892 1286 2946 in
1331 2889 1486 2960 plena
1516 2899 1569 2946 et
1608 2886 1837 2943 adunata
1890 2886 2184 2944 Trinitate?
2217 2906 2239 2941 ›
2289 2886 2436 2958 Sed,
2466 2896 2523 2943 ut
2541 2886 2659 2944 haec
2687 2880 3079 2961 intelligantur,
3113 2890 3507 2950 observandum

179 2996 277 3046 est
306 2989 632 3062 Cyprianum
662 2987 765 3044 hoc
794 2987 917 3043 loco
964 3000 1070 3041 non
1099 2985 1150 3040 id
1178 2985 1230 3040 in
1260 2984 1578 3040 adversariis
1605 2982 1843 3054 culpare,
1897 2982 2040 3054 quod
2088 2981 2249 3038 trium
2291 2982 2650 3040 Personarum
2691 2984 2921 3057 aliquam
2951 2986 3003 3040 in
3049 2985 3323 3058 Baptismo
3350 2987 3512 3044 omit-

186 3082 226 3135 ti
277 3097 437 3153 posse
486 3081 749 3147 dicerent,
799 3079 893 3136 sed
940 3077 1082 3151 quod
1122 3078 1282 3135 ﬁdem
1329 3078 1381 3134 in
1440 3089 1547 3135 tres
1592 3078 1860 3135 Personas
1890 3078 2248 3135 necessariam
2299 3090 2579 3152 negarent.
2624 3079 2781 3147 Nam,
2825 3097 2947 3139 cum
2968 3081 3295 3140 Marcionita:
3338 3094 3391 3145 ct
3419 3074 3509 3141 alii

184 3173 453 3245 ejusmodi
502 3173 737 3230 haeretici
785 3171 1084 3229 horrendas
1140 3172 1502 3243 blasphemias
1539 3172 1591 3228 in
1638 3172 1854 3229 Patrem
1909 3181 2226 3230 evomerent
2252 3214 2268 3242 ,
2310 3176 2591 3232 contendit
2616 3175 2918 3249 Cyprianus
2948 3177 3080 3236 nihil
3112 3179 3221 3236 illis
3251 3178 3510 3251 prodesse

181 3284 378 3325 nomen
442 3267 666 3336 Christi,
696 3267 820 3340 quia
855 3285 874 3320 ι
896 3267 1015 3323 sine
1057 3266 1217 3323 Patre
1263 3276 1357 3322 aut
1407 3277 1591 3324 contra
1622 3266 1836 3324 Patrem
1864 3267 2123 3339 prodesse
2151 3268 2400 3339 cuiquam
2444 3270 2592 3326 solus
2610 3269 2778 3327 Filius
2809 3287 2913 3328 non
2945 3283 3139 3344 potest.
3189 3274 3503 3344 Quomodo,

183 3360 381 3433 inquit,
431 3378 540 3419 non
586 3362 821 3435 cognito,
842 3360 1010 3417 immo
1039 3369 1094 3417 et
1122 3359 1497 3432 blasphemato
1542 3360 1657 3416 Deo
1695 3360 1875 3429 Patre,
1925 3360 2015 3433 qui
2060 3361 2201 3433 apud
2232 3362 2516 3420 lueretieos
2544 3361 2743 3420 Christi
2772 3364 2989 3422 nomine
3037 3366 3287 3437 baptizati
3318 3367 3509 3425 dicun-

184 3466 291 3525 tur,
352 3467 692 3529 peccatornm
721 3454 1004 3512 remissam
1053 3455 1326 3511 consecuti
1368 3453 1715 3525 judicantur?
1752 3474 1771 3508 ι
1807 3453 2003 3526 Rejicit
2023 3470 2153 3528 ergo
2197 3453 2498 3529 Cyprianus
2536 3456 2799 3528 baptisma
2830 3456 2900 3513 ab
2930 3457 3196 3516 inereticis
3228 3460 3283 3516 in
3313 3461 3511 3540 Chriin

184 3555 403 3611 nomine
447 3552 651 3618 datum,
708 3567 814 3607 non
844 3551 915 3608 oh
961 3550 1137 3606 Patris
1185 3549 1717 3621 prmtermissionem,
1767 3564 2005 3622 quaeres
2043 3550 2098 3606 in
2148 3550 2584 3607 controversiam
2631 3565 2737 3607 non
2788 3550 3058 3622 veniebat,
3108 3552 3204 3609 sed
3248 3557 3319 3611 ob
3364 3554 3511 3613 blas-

186 3647 435 3720 phemias
475 3647 530 3702 in
574 3645 809 3702 Patrem.
852 3644 990 3701 llinc
1034 3644 1163 3701 illud
1210 3643 1350 3700 idem
1384 3643 1648 3715 baptisma
1680 3643 1890 3716 probat,
1941 3642 1988 3700 si
2031 3642 2085 3699 in
2129 3642 2325 3700 Christi
2356 3644 2583 3701 veritate
2611 3643 3020 3702 administretur
3054 3665 3067 3701 :
3104 3663 3123 3698 ι
3151 3645 3305 3703 Unde
3342 3661 3511 3718 appa-

186 3751 291 3807 ret,
320 3741 512 3813 inquit,
553 3755 661 3797 non
705 3754 769 3797 ea
819 3745 998 3796 statim
1031 3737 1369 3809 suscipienda
1416 3746 1471 3795 et
1521 3737 1844 3793 assumenda
1879 3737 2295 3809 qutejactantur
2341 3737 2395 3793 in
2445 3736 2664 3794 nomine
2692 3736 2917 3805 Christi,
2964 3738 3060 3795 sed
3103 3754 3225 3811 qua:
3255 3749 3514 3812 geruntur

188 3832 246 3889 in
284 3832 484 3889 Christi
536 3835 779 3891 veritate.
814 3852 833 3886 ι
890 3833 1032 3891 Idem
1078 3848 1210 3905 ergo
1237 3843 1320 3889 est
1371 3832 1640 3902 Baptisma
1690 3831 1746 3887 in
1771 3830 1971 3903 Christi
2020 3831 2261 3900 nomine,
2298 3846 2364 3889 ae
2411 3830 2682 3904 Baptisma
2711 3848 2743 3888 a
2772 3831 2992 3890 Christo
3023 3834 3341 3890 institutum.
3385 3833 3513 3891 Fir-

192 3927 444 3985 milianus
479 3927 570 3999 qui
612 3926 752 3984 hanc
795 3927 1045 3999 Cypriani
1076 3925 1361 3998 epistolam
1409 3926 1630 3997 legerat,
1685 3932 1847 3995 atque
1897 3921 2041 3983 hunc
2070 3914 2247 3980 locum
2289 3923 2381 3996 qui
2420 3939 2563 3981 nunc
2610 3924 2666 3981 in
2692 3925 2942 3981 manibus
2970 3935 3071 3993 est,
3136 3934 3195 3981 ut
3257 3926 3515 3998 pleraque

195 4019 322 4086 alia,
367 4019 829 4101 observationibus
871 4020 985 4075 suis
1032 4018 1353 4085 conﬁrmat,
1409 4016 1683 4089 Baptisma
1728 4017 1781 4072 in
1835 4016 2033 4073 Christi
2074 4018 2292 4075 nomine
2324 4017 2444 4074 dari
2500 4017 2792 4087 existimat,
2824 4034 2946 4076 cum
2978 4021 3030 4075 in
3091 4020 3312 4077 nomine
3347 4021 3512 4079 trium

193 4115 552 4171 Personarum
602 4113 779 4181 datur,
825 4128 1003 4186 neque
1048 4114 1099 4168 in
1144 4112 1468 4169 adversariis
1535 4112 1717 4185 culpat
1756 4109 1904 4182 quod
1950 4110 2219 4181 Baptisma
2267 4111 2322 4167 in
2372 4109 2576 4168 Christi
2607 4110 2774 4168 solius
2806 4112 3021 4169 nomine
3050 4120 3222 4169 ratum
3254 4111 3509 4185 habeant,

191 4207 286 4265 sed
329 4206 511 4278 «quod
558 4222 665 4264 non
711 4215 900 4278 putant
943 4207 1293 4280 qtnerendum
1341 4221 1465 4265 esse
1513 4207 1635 4279 quis
1690 4205 1761 4262 sit
1788 4204 1876 4262 ille
1911 4205 2001 4277 qui
2029 4205 2405 4277 baptizaverit,
2436 4221 2503 4263 eo
2542 4206 2799 4279 quodqui
2828 4207 3128 4279 baptizatus
3156 4207 3246 4277 sit,
3286 4210 3515 4281 gratiam

192 4301 450 4385 consequi
499 4302 731 4373 potuerit
768 4302 1015 4358 invocata
1062 4301 1298 4359 trinitate
1343 4300 1620 4358 nominum
1669 4299 1844 4356 Patris
1885 4307 1941 4354 et
1990 4298 2111 4355 Filii
2138 4310 2194 4356 et
2244 4299 2474 4372 Spiritus
2502 4301 2696 4370 sancti,
2733 4301 2887 4374 quasi
2933 4301 3199 4360 invocatio
3226 4303 3343 4361 haec
3372 4304 3516 4363 nuda

191 4393 469 4449 nominum
498 4392 728 4450 sufﬁciat
774 4392 843 4450 ad
880 4393 1255 4449 remissionem
1310 4399 1654 4463 peccatorum
1681 4400 1763 4462 cet
1802 4390 2064 4461 Baptismi
2110 4391 2614 4450 sanctiﬁcationem.
2638 4413 2657 4446 ι

263 4486 566 4556 Quinetiam
596 4486 893 4542 nonemodo
920 4485 1246 4557 Stephanus,
1279 4484 1375 4541 sed
1394 4484 1591 4555 neipse
1608 4482 1823 4556 quidem
1853 4493 2043 4541 auctor
2071 4500 2372 4559 anonymus
2416 4486 2538 4543 libri
2565 4487 2630 4544 de
2652 4487 3052 4562 Rebaptismate,
3071 4491 3159 4564 qui
3186 4492 3515 4566 Cyprianum

191 4582 497 4639 vehementi
529 4590 685 4639 aceto
712 4580 973 4654 perfudit,
1007 4580 1278 4652 Baptisma
1310 4579 1361 4635 in
1401 4578 1519 4636 solo
1545 4578 1747 4636 Christi
1776 4582 1995 4635 nomine
2025 4579 2238 4636 videtur
2269 4581 2560 4652 probasse;
2608 4580 2712 4638 hoc
2738 4593 2915 4640 tamen
2942 4600 3132 4642 errore
3158 4585 3308 4643 illum
3352 4587 3515 4645 Tille—

196 4674 434 4730 montius
478 4672 751 4731 laborasse
776 4672 1082 4739 contendit,
1123 4672 1216 4729 scd
1257 4686 1478 4743 prorsus
1516 4671 1806 4729 immerito.
1830 4671 1880 4728 Is
1918 4673 2060 4733 enim
2090 4671 2360 4743 Baptisma
2391 4673 2443 4730 in
2472 4673 2674 4731 Christi
2704 4677 2923 4735 nomine
2949 4678 3332 4751 interpretatur
3360 4682 3512 4752 illud,

202 4766 344 4839 quod
372 4783 440 4824 ex
470 4766 641 4823 forma
669 4784 700 4822 a
726 4765 940 4825 Christo
969 4767 1279 4839 praescripta
1308 4765 1605 4823 confertur.
1633 4765 1809 4823 Locus
1835 4766 1950 4837 ipse
1977 4779 2134 4838 quem
2163 4765 2349 4838 objicit
2376 4766 2751 4825 Tillcmontius
2776 4785 2893 4827 rem
2919 4782 3107 4842 aperte
3136 4772 3471 4833 demonstrat
3496 4793 3512 4833 :

208 4877 229 4913 ι
256 4859 476 4915 Multum
505 4859 728 4917 interest
761 4879 805 4930 ι,
836 4860 1006 4932 inquit
1030 4874 1331 4932 anonymus
1359 4860 1590 4929 scriptor
1617 4873 1739 4932 pag.
1766 4858 1871 4915 558
1895 4900 1911 4927 ,
1944 4877 1965 4912 ‹
2004 4869 2185 4916 utrum
2214 4861 2267 4917 in
2299 4869 2473 4917 totum
2500 4861 2624 4933 quis
2649 4877 2757 4919 non
2788 4864 2859 4920 sit
2885 4864 3186 4938 baptizatus
3212 4867 3264 4923 in
3293 4870 3507 4926 nomine

206 4952 419 5023 Domini
449 4955 615 5011 nostri
642 4953 769 5011 Jesu
795 4954 1014 5020 Christi,
1048 4969 1116 5009 an
1147 4970 1277 5009 vero
1315 4954 1366 5009 in
1407 4953 1585 5026 aliquo
1622 4952 1887 5009 claudicet
1922 4966 2046 5008 cum
2084 4952 2381 5024 baptizatur
2427 4954 2750 5025 baptismate
2786 4971 2959 5029 aqua',
3002 4958 3143 5029 quod
3184 4960 3359 5017 minus
3397 4969 3512 5030 est,

208 5046 502 5103 dummodo
528 5056 713 5119 postea
741 5056 951 5105 constet
988 5047 1041 5103 in
1082 5048 1311 5105 veritate
1350 5049 1563 5105 sincera
1605 5046 1735 5102 ﬁdes
1764 5046 1816 5101 in
1845 5046 2168 5118 baptismate
2205 5048 2463 5119 spiritus,
2492 5048 2637 5121 quod
2662 5065 2770 5107 non
2800 5049 2985 5115 ,dubie
3028 5055 3206 5126 majus
3252 5063 3355 5111 est.
3405 5055 3517 5113 Nec

205 5140 443 5196 aestimes
470 5137 595 5195 huic
620 5141 864 5196 tractatui
888 5139 1217 5197 contrarium
1242 5153 1365 5197 esse
1394 5139 1536 5212 quod
1574 5139 1714 5195 dixit
1747 5137 2049 5222 pominus:
2077 5137 2178 5207 Ite,
2211 5141 2384 5196 docete
2410 5151 2605 5213 gentes,
2636 5143 2851 5215 tinguite
2877 5160 2961 5200 eos
3000 5146 3053 5201 in
3101 5146 3304 5203 nomine
3334 5146 3512 5205 Putris

211 5244 259 5290 et
284 5232 413 5290 Filii
444 5244 489 5290 et
521 5231 751 5305 Spiritus
775 5235 974 5300 sancti;
999 5234 1144 5306 quia,
1174 5249 1297 5292 cum
1324 5235 1426 5292 hoc
1448 5249 1632 5291 verum
1664 5241 1721 5290 et
1747 5242 1950 5291 rectum
1975 5232 2302 5291 et-omnibus
2339 5234 2515 5291 modis
2552 5235 2605 5291 in
2629 5236 2867 5294 Ecclesia
2905 5238 3297 5296 observandum
3335 5240 3422 5310 sit,
3462 5250 3518 5299 et

202 5325 473 5385 observari
494 5340 708 5398 quoque
734 5325 945 5381 solitum
976 5325 1077 5395 sit,
1111 5335 1290 5385 tamen
1317 5325 1663 5384 considerare
1709 5334 1923 5397 Oportet
1971 5325 2118 5399 quod
2162 5325 2431 5383 invocatio
2481 5326 2715 5384 nominis
2757 5328 2886 5386 Jesu
2952 5345 3057 5386 non
3096 5329 3261 5387 debet
3287 5346 3318 5387 a
3357 5334 3517 5392 nobis

207 5418 375 5478 futilis
398 5419 570 5477 videri
602 5429 822 5491 propter
843 5421 1240 5477 venerationem
1269 5430 1324 5477 et
1344 5421 1598 5479 virtutem
1629 5419 1796 5491 ipsius
1822 5418 2055 5476 nominis
2076 5461 2090 5486 ,
2148 5419 2202 5476 in
2246 5436 2355 5493 quo
2393 5419 2608 5478 nomine
2633 5421 2861 5479 virtutes
2888 5438 3079 5480 omnes
3108 5423 3287 5480 solent
3317 5425 3433 5484 ﬁeri
3462 5439 3518 5487 et

219 5527 620 5587 nonnumquam
655 5501 815 5568 etiam
844 5511 1039 5582 aliqutc
1063 5511 1131 5567 ab
1161 5510 1467 5568 hominibus
1493 5510 1785 5568 extraneis.
1813 5527 1833 5563 ι
1869 5510 1948 5566 Ex
1965 5511 2158 5583 quibus
2182 5510 2456 5568 concludit
2480 5510 2852 5570 Tillcmontius
2881 5513 3023 5570 hunc
3042 5515 3384 5589 scriptorem,
3412 5521 3517 5580 etsi

206 5607 407 5667 fatetur
433 5620 543 5666 tres
575 5622 833 5680 personas
861 5606 1122 5664 nominari
1149 5605 1328 5663 solere
1358 5606 1411 5662 in
1443 5604 1705 5674 Ecclesia,
1738 5620 1845 5661 non
1885 5615 2062 5661 tamen
2093 5604 2304 5662 irritum
2345 5605 2673 5679 baptismum
2702 5616 2925 5679 putare,
2954 5607 2997 5662 si
3027 5606 3081 5663 in
3111 5609 3228 5665 solo
3251 5610 3381 5669 .lcsu
3412 5629 3516 5671 no-

220 5703 363 5760 tuine
386 5704 710 5761 conferatur.
739 5701 850 5759 Sed
878 5712 1061 5759 noster
1085 5700 1175 5758 ille
1201 5700 1429 5772 scriptor
1454 5711 1562 5756 non
1592 5696 1645 5755 id
1674 5698 1775 5755 sibi
1802 5698 1987 5771 objicit
2010 5716 2074 5756 ex
2104 5699 2300 5760 Christi
2322 5701 2501 5759 verbis
2525 5720 2540 5758 :
2567 5700 2637 5759 In
2661 5708 2865 5759 nomine
2890 5701 3067 5760 Patris
3088 5716 3137 5761 et
3164 5703 3291 5763 Filii
3321 5718 3367 5766 et
3388 5709 3517 5782 Spi-

215 5794 346 5852 ritus
369 5798 531 5853 sancti
541 5815 562 5879 ξ
597 5795 692 5854 sed
722 5795 875 5865 illud,
912 5794 1100 5881 Docete
1127 5806 1297 5869 gentes
1322 5810 1342 5851 :
1370 5808 1543 5867 neque
1578 5792 1704 5850 illud
1733 5791 1973 5849 defendit
2001 5793 2260 5865 baptisma
2299 5794 2383 5852 cui
2423 5794 2565 5852 desit
2602 5794 2762 5850 trium
2816 5794 3511 5878 Personarum'appellatio,

208 5885 307 5945 sed
334 5886 421 5945 cui
446 5887 584 5947 desit
614 5906 634 5941 ι
668 5887 883 5947 sincera
916 5886 1075 5960 ﬁdes,
1112 5906 1131 5942 ι
1158 5895 1212 5947 et
1237 5885 1380 5961 quod
1410 5885 1486 5944 ait
1513 5928 1528 5957 ,
1571 5903 1590 5939 ι
1638 5884 1694 5943 In
1733 5883 1975 5945 Ecclesia
2013 5884 2404 5945 observandum
2434 5895 2490 5946 et
2515 5884 2789 5946 observari
2832 5888 3069 5962 solitum,
3111 5910 3131 5947 ι
3163 5891 3397 5952 refertur
3443 5895 3515 5960 ad
