  <div class='ocr_page' id='page_1' title='image "/cluster/home/n/w/nwhite01/storage/ocr_20150623/4/hvd.32044015471220/023.png"; bbox 0 0 4102 6402; ppageno 0'>
   <div class='ocr_carea' id='block_1_1' title="bbox 611 294 3949 369">
    <p class='ocr_par' dir='ltr' id='par_1_1' title="bbox 611 294 3949 369">
     <span class='ocr_line' id='line_1_1' title="bbox 611 294 3949 369; baseline 0.001 -12"><span class='ocrx_word' id='word_1_1' title='bbox 611 294 683 358; x_wconf 76' lang='lat'><strong>53</strong></span> <span class='ocrx_word' id='word_1_2' title='bbox 2066 299 2458 365; x_wconf 67' lang='lat' dir='ltr'><strong>I‘RASFATIO.</strong></span> <span class='ocrx_word' id='word_1_3' title='bbox 3876 309 3949 369; x_wconf 77' lang='lat'><strong>5‘.</strong></span> 
     </span>
    </p>
   </div>
   <div class='ocr_carea' id='block_1_2' title="bbox 615 420 3951 497">
    <p class='ocr_par' dir='ltr' id='par_1_2' title="bbox 615 420 3951 497">
     <span class='ocr_line' id='line_1_2' title="bbox 615 420 3951 497; baseline 0.004 -23"><span class='ocrx_word' id='word_1_4' title='bbox 615 420 730 477; x_wconf 58' lang='lat' dir='ltr'><strong>haec</strong></span> <span class='ocrx_word' id='word_1_5' title='bbox 762 420 924 478; x_wconf 84' lang='lat' dir='ltr'><strong>verba</strong></span> <span class='ocrx_word' id='word_1_6' title='bbox 951 438 963 476; x_wconf 90' lang='lat'><strong>:</strong></span> <span class='ocrx_word' id='word_1_7' title='bbox 997 421 1099 492; x_wconf 84' lang='lat' dir='ltr'><strong>Ite,</strong></span> <span class='ocrx_word' id='word_1_8' title='bbox 1125 420 1300 479; x_wconf 78' lang='lat' dir='ltr'><strong>docete</strong></span> <span class='ocrx_word' id='word_1_9' title='bbox 1334 428 1526 496; x_wconf 76' lang='lat' dir='ltr'><strong>gentes.</strong></span> <span class='ocrx_word' id='word_1_10' title='bbox 1557 420 1697 479; x_wconf 87' lang='lat' dir='ltr'><strong>llinc</strong></span> <span class='ocrx_word' id='word_1_11' title='bbox 1720 421 2008 495; x_wconf 77' lang='lat' dir='ltr'><strong>Apostolos</strong></span> <span class='ocrx_word' id='word_1_12' title='bbox 2038 424 2336 492; x_wconf 74' lang='lat' dir='ltr'><strong>contendit,</strong></span> <span class='ocrx_word' id='word_1_13' title='bbox 2365 437 2487 480; x_wconf 90' lang='lat' dir='ltr'><strong>cum</strong></span> <span class='ocrx_word' id='word_1_14' title='bbox 2515 422 2768 494; x_wconf 86' lang='lat' dir='ltr'><strong>baptizati</strong></span> <span class='ocrx_word' id='word_1_15' title='bbox 2793 431 2919 480; x_wconf 88' lang='lat' dir='ltr'><strong>sunt</strong></span> <span class='ocrx_word' id='word_1_16' title='bbox 2947 423 3256 483; x_wconf 67' lang='lat' dir='ltr'><strong>ludatorum</strong></span> <span class='ocrx_word' id='word_1_17' title='bbox 3275 440 3449 495; x_wconf 87' lang='lat' dir='ltr'><strong>more,</strong></span> <span class='ocrx_word' id='word_1_18' title='bbox 3479 426 3547 485; x_wconf 85' lang='lat' dir='ltr'><strong>de</strong></span> <span class='ocrx_word' id='word_1_19' title='bbox 3571 427 3804 497; x_wconf 84' lang='lat' dir='ltr'><strong>Christi,</strong></span> <span class='ocrx_word' id='word_1_20' title='bbox 3839 431 3951 486; x_wconf 84' lang='lat' dir='ltr'><strong>im-</strong></span> 
     </span>
    </p>
   </div>
   <div class='ocr_carea' id='block_1_3' title="bbox 622 516 3947 596">
    <p class='ocr_par' dir='ltr' id='par_1_3' title="bbox 622 516 3947 596">
     <span class='ocr_line' id='line_1_3' title="bbox 622 516 3947 596; baseline 0.004 -27"><span class='ocrx_word' id='word_1_21' title='bbox 622 516 951 574; x_wconf 90' lang='lat' dir='ltr'><strong>mortalitate</strong></span> <span class='ocrx_word' id='word_1_22' title='bbox 975 517 1235 586; x_wconf 79' lang='lat' dir='ltr'><strong>sensisse,</strong></span> <span class='ocrx_word' id='word_1_23' title='bbox 1266 531 1367 574; x_wconf 91' lang='lat' dir='ltr'><strong>nec</strong></span> <span class='ocrx_word' id='word_1_24' title='bbox 1390 517 1558 588; x_wconf 81' lang='lat' dir='ltr'><strong>ipsius</strong></span> <span class='ocrx_word' id='word_1_25' title='bbox 1578 526 1804 573; x_wconf 90' lang='lat' dir='ltr'><strong>mortem</strong></span> <span class='ocrx_word' id='word_1_26' title='bbox 1833 527 1886 574; x_wconf 88' lang='lat' dir='ltr'><strong>et</strong></span> <span class='ocrx_word' id='word_1_27' title='bbox 1919 520 2372 575; x_wconf 80' lang='lat' dir='ltr'><strong>resurrectionem</strong></span> <span class='ocrx_word' id='word_1_28' title='bbox 2401 516 2696 573; x_wconf 84' lang='lat' dir='ltr'><strong>credidisse</strong></span> <span class='ocrx_word' id='word_1_29' title='bbox 2728 536 2741 571; x_wconf 93' lang='lat'><strong>:</strong></span> <span class='ocrx_word' id='word_1_30' title='bbox 2776 518 2917 575; x_wconf 92' lang='lat' dir='ltr'><strong>unde</strong></span> <span class='ocrx_word' id='word_1_31' title='bbox 2954 520 3034 575; x_wconf 89' lang='lat' dir='ltr'><strong>sic</strong></span> <span class='ocrx_word' id='word_1_32' title='bbox 3079 520 3352 577; x_wconf 83' lang='lat' dir='ltr'><strong>concludit</strong></span> <span class='ocrx_word' id='word_1_33' title='bbox 3387 521 3468 594; x_wconf 91' lang='lat' dir='ltr'><strong>(p.</strong></span> <span class='ocrx_word' id='word_1_34' title='bbox 3497 521 3623 595; x_wconf 75' lang='lat'><strong>560)</strong></span> <span class='ocrx_word' id='word_1_35' title='bbox 3651 542 3664 580; x_wconf 91' lang='lat'><strong>:</strong></span> <span class='ocrx_word' id='word_1_36' title='bbox 3698 544 3716 578; x_wconf 85' lang='grc' dir='ltr'><strong>ι</strong></span> <span class='ocrx_word' id='word_1_37' title='bbox 3747 524 3947 596; x_wconf 77' lang='lat' dir='ltr'><strong>Itaque</strong></span> 
     </span>
    </p>
   </div>
   <div class='ocr_carea' id='block_1_4' title="bbox 610 607 3948 687">
    <p class='ocr_par' dir='ltr' id='par_1_4' title="bbox 610 607 3948 687">
     <span class='ocr_line' id='line_1_4' title="bbox 610 607 3948 687; baseline 0.004 -26"><span class='ocrx_word' id='word_1_38' title='bbox 610 607 754 678; x_wconf 92' lang='lat' dir='ltr'><strong>quod</strong></span> <span class='ocrx_word' id='word_1_39' title='bbox 782 607 853 665; x_wconf 90' lang='lat' dir='ltr'><strong>ad</strong></span> <span class='ocrx_word' id='word_1_40' title='bbox 878 609 1026 681; x_wconf 91' lang='lat' dir='ltr'><strong>ipsos</strong></span> <span class='ocrx_word' id='word_1_41' title='bbox 1048 609 1342 682; x_wconf 86' lang='lat' dir='ltr'><strong>discipulos</strong></span> <span class='ocrx_word' id='word_1_42' title='bbox 1373 610 1630 682; x_wconf 90' lang='lat' dir='ltr'><strong>pertinet,</strong></span> <span class='ocrx_word' id='word_1_43' title='bbox 1660 624 1835 681; x_wconf 87' lang='lat' dir='ltr'><strong>neque</strong></span> <span class='ocrx_word' id='word_1_44' title='bbox 1864 610 2125 681; x_wconf 73' lang='lat' dir='ltr'><strong>integrann</strong></span> <span class='ocrx_word' id='word_1_45' title='bbox 2174 626 2345 681; x_wconf 87' lang='lat' dir='ltr'><strong>neque</strong></span> <span class='ocrx_word' id='word_1_46' title='bbox 2385 608 2685 681; x_wconf 88' lang='lat' dir='ltr'><strong>perfectam</strong></span> <span class='ocrx_word' id='word_1_47' title='bbox 2728 610 2887 667; x_wconf 88' lang='lat' dir='ltr'><strong>ﬁdem</strong></span> <span class='ocrx_word' id='word_1_48' title='bbox 2927 610 3182 669; x_wconf 75' lang='lat' dir='ltr'><strong>habuisse</strong></span> <span class='ocrx_word' id='word_1_49' title='bbox 3203 654 3219 679; x_wconf 92' lang='lat'><strong>,</strong></span> <span class='ocrx_word' id='word_1_50' title='bbox 3247 612 3335 669; x_wconf 86' lang='lat' dir='ltr'><strong>his</strong></span> <span class='ocrx_word' id='word_1_51' title='bbox 3359 614 3534 672; x_wconf 86' lang='lat' dir='ltr'><strong>modis</strong></span> <span class='ocrx_word' id='word_1_52' title='bbox 3560 616 3757 687; x_wconf 84' lang='lat' dir='ltr'><strong>quibus</strong></span> <span class='ocrx_word' id='word_1_53' title='bbox 3789 628 3948 674; x_wconf 79' lang='lat' dir='ltr'><strong>retu—</strong></span> 
     </span>
    </p>
   </div>
   <div class='ocr_carea' id='block_1_5' title="bbox 611 699 3949 783">
    <p class='ocr_par' dir='ltr' id='par_1_5' title="bbox 611 699 3949 783">
     <span class='ocr_line' id='line_1_5' title="bbox 611 699 3949 783; baseline 0.004 -30"><span class='ocrx_word' id='word_1_54' title='bbox 611 699 772 757; x_wconf 88' lang='lat' dir='ltr'><strong>limus</strong></span> <span class='ocrx_word' id='word_1_55' title='bbox 798 699 1165 768; x_wconf 89' lang='lat' dir='ltr'><strong>inveniuntur,</strong></span> <span class='ocrx_word' id='word_1_56' title='bbox 1196 710 1252 758; x_wconf 87' lang='lat' dir='ltr'><strong>et</strong></span> <span class='ocrx_word' id='word_1_57' title='bbox 1275 704 1419 773; x_wconf 90' lang='lat' dir='ltr'><strong>quod</strong></span> <span class='ocrx_word' id='word_1_58' title='bbox 1447 702 1618 758; x_wconf 91' lang='lat' dir='ltr'><strong>multo</strong></span> <span class='ocrx_word' id='word_1_59' title='bbox 1642 701 1855 781; x_wconf 78' lang='lat' dir='ltr'><strong>gravius</strong></span> <span class='ocrx_word' id='word_1_60' title='bbox 1880 711 1956 756; x_wconf 83' lang='lat' dir='ltr'><strong>est</strong></span> <span class='ocrx_word' id='word_1_61' title='bbox 1976 741 1989 764; x_wconf 97' lang='lat'><strong>,</strong></span> <span class='ocrx_word' id='word_1_62' title='bbox 2022 701 2162 757; x_wconf 85' lang='lat' dir='ltr'><strong>sicut</strong></span> <span class='ocrx_word' id='word_1_63' title='bbox 2183 702 2234 757; x_wconf 90' lang='lat' dir='ltr'><strong>in</strong></span> <span class='ocrx_word' id='word_1_64' title='bbox 2263 702 2559 774; x_wconf 83' lang='lat' dir='ltr'><strong>Evangelia</strong></span> <span class='ocrx_word' id='word_1_65' title='bbox 2585 712 2702 758; x_wconf 87' lang='lat' dir='ltr'><strong>cata</strong></span> <span class='ocrx_word' id='word_1_66' title='bbox 2725 702 2989 760; x_wconf 80' lang='lat' dir='ltr'><strong>Joannem</strong></span> <span class='ocrx_word' id='word_1_67' title='bbox 3013 706 3274 776; x_wconf 88' lang='lat' dir='ltr'><strong>scriptum</strong></span> <span class='ocrx_word' id='word_1_68' title='bbox 3296 716 3384 762; x_wconf 85' lang='lat' dir='ltr'><strong>est</strong></span> <span class='ocrx_word' id='word_1_69' title='bbox 3406 750 3421 773; x_wconf 93' lang='lat'><strong>,</strong></span> <span class='ocrx_word' id='word_1_70' title='bbox 3453 708 3616 764; x_wconf 89' lang='lat' dir='ltr'><strong>etiam</strong></span> <span class='ocrx_word' id='word_1_71' title='bbox 3643 709 3786 765; x_wconf 85' lang='lat' dir='ltr'><strong>alios</strong></span> <span class='ocrx_word' id='word_1_72' title='bbox 3804 711 3949 783; x_wconf 81' lang='lat' dir='ltr'><strong>bap-</strong></span> 
     </span>
    </p>
   </div>
   <div class='ocr_carea' id='block_1_6' title="bbox 613 794 3947 869">
    <p class='ocr_par' dir='ltr' id='par_1_6' title="bbox 613 794 3947 869">
     <span class='ocr_line' id='line_1_6' title="bbox 613 794 3947 869; baseline 0.004 -21"><span class='ocrx_word' id='word_1_73' title='bbox 613 794 869 852; x_wconf 85' lang='lat' dir='ltr'><strong>tizabant.</strong></span> <span class='ocrx_word' id='word_1_74' title='bbox 910 814 931 850; x_wconf 89' lang='grc'><strong>›</strong></span> <span class='ocrx_word' id='word_1_75' title='bbox 967 795 1086 852; x_wconf 81' lang='lat' dir='ltr'><strong>Non</strong></span> <span class='ocrx_word' id='word_1_76' title='bbox 1125 812 1256 869; x_wconf 87' lang='lat' dir='ltr'><strong>ergo</strong></span> <span class='ocrx_word' id='word_1_77' title='bbox 1293 797 1470 869; x_wconf 86' lang='lat' dir='ltr'><strong>agitur</strong></span> <span class='ocrx_word' id='word_1_78' title='bbox 1498 796 1603 853; x_wconf 90' lang='lat' dir='ltr'><strong>hoc</strong></span> <span class='ocrx_word' id='word_1_79' title='bbox 1632 797 1751 852; x_wconf 90' lang='lat' dir='ltr'><strong>loco</strong></span> <span class='ocrx_word' id='word_1_80' title='bbox 1781 796 1849 852; x_wconf 89' lang='lat' dir='ltr'><strong>de</strong></span> <span class='ocrx_word' id='word_1_81' title='bbox 1877 796 2239 867; x_wconf 83' lang='lat' dir='ltr'><strong>appellatione</strong></span> <span class='ocrx_word' id='word_1_82' title='bbox 2292 799 2451 852; x_wconf 88' lang='lat' dir='ltr'><strong>trium</strong></span> <span class='ocrx_word' id='word_1_83' title='bbox 2481 796 2866 864; x_wconf 89' lang='lat' dir='ltr'><strong>Personarum,</strong></span> <span class='ocrx_word' id='word_1_84' title='bbox 2893 799 2987 853; x_wconf 84' lang='lat' dir='ltr'><strong>sed</strong></span> <span class='ocrx_word' id='word_1_85' title='bbox 3012 812 3099 855; x_wconf 79' lang='lat' dir='ltr'><strong>res</strong></span> <span class='ocrx_word' id='word_1_86' title='bbox 3126 807 3183 854; x_wconf 89' lang='lat' dir='ltr'><strong>ut</strong></span> <span class='ocrx_word' id='word_1_87' title='bbox 3206 809 3353 855; x_wconf 86' lang='lat' dir='ltr'><strong>certa</strong></span> <span class='ocrx_word' id='word_1_88' title='bbox 3374 814 3438 855; x_wconf 86' lang='lat' dir='ltr'><strong>ac</strong></span> <span class='ocrx_word' id='word_1_89' title='bbox 3460 801 3680 858; x_wconf 88' lang='lat' dir='ltr'><strong>minime</strong></span> <span class='ocrx_word' id='word_1_90' title='bbox 3707 812 3947 860; x_wconf 62' lang='lat' dir='ltr'><strong>convo-</strong></span> 
     </span>
    </p>
   </div>
   <div class='ocr_carea' id='block_1_7' title="bbox 611 889 3943 962">
    <p class='ocr_par' dir='ltr' id='par_1_7' title="bbox 611 889 3943 962">
     <span class='ocr_line' id='line_1_7' title="bbox 611 889 3943 962; baseline 0.003 -18"><span class='ocrx_word' id='word_1_91' title='bbox 611 902 767 945; x_wconf 83' lang='lat' dir='ltr'><strong>versa</strong></span> <span class='ocrx_word' id='word_1_92' title='bbox 800 889 1039 960; x_wconf 88' lang='lat' dir='ltr'><strong>ponitur,</strong></span> <span class='ocrx_word' id='word_1_93' title='bbox 1069 905 1170 947; x_wconf 91' lang='lat' dir='ltr'><strong>nec</strong></span> <span class='ocrx_word' id='word_1_94' title='bbox 1196 890 1472 962; x_wconf 75' lang='lat' dir='ltr'><strong>Baptisms</strong></span> <span class='ocrx_word' id='word_1_95' title='bbox 1501 890 1555 946; x_wconf 92' lang='lat' dir='ltr'><strong>in</strong></span> <span class='ocrx_word' id='word_1_96' title='bbox 1583 890 1801 946; x_wconf 86' lang='lat' dir='ltr'><strong>nomine</strong></span> <span class='ocrx_word' id='word_1_97' title='bbox 1829 889 1955 946; x_wconf 84' lang='lat' dir='ltr'><strong>Jcsu</strong></span> <span class='ocrx_word' id='word_1_98' title='bbox 1986 891 2125 961; x_wconf 89' lang='lat' dir='ltr'><strong>apud</strong></span> <span class='ocrx_word' id='word_1_99' title='bbox 2159 892 2296 946; x_wconf 91' lang='lat' dir='ltr'><strong>hune</strong></span> <span class='ocrx_word' id='word_1_100' title='bbox 2319 892 2638 962; x_wconf 81' lang='lat' dir='ltr'><strong>scriptorem</strong></span> <span class='ocrx_word' id='word_1_101' title='bbox 2666 890 2811 946; x_wconf 82' lang='lat' dir='ltr'><strong>aliud</strong></span> <span class='ocrx_word' id='word_1_102' title='bbox 2839 901 3016 959; x_wconf 89' lang='lat' dir='ltr'><strong>sonat,</strong></span> <span class='ocrx_word' id='word_1_103' title='bbox 3052 900 3111 947; x_wconf 92' lang='lat' dir='ltr'><strong>ut</strong></span> <span class='ocrx_word' id='word_1_104' title='bbox 3138 891 3322 948; x_wconf 89' lang='lat' dir='ltr'><strong>videre</strong></span> <span class='ocrx_word' id='word_1_105' title='bbox 3347 901 3437 949; x_wconf 83' lang='lat' dir='ltr'><strong>est</strong></span> <span class='ocrx_word' id='word_1_106' title='bbox 3464 909 3532 953; x_wconf 78' lang='lat' dir='ltr'><strong>ex</strong></span> <span class='ocrx_word' id='word_1_107' title='bbox 3560 895 3740 952; x_wconf 80' lang='lat' dir='ltr'><strong>verbis</strong></span> <span class='ocrx_word' id='word_1_108' title='bbox 3765 897 3943 954; x_wconf 86' lang='lat' dir='ltr'><strong>modo</strong></span> 
     </span>
    </p>
   </div>
   <div class='ocr_carea' id='block_1_8' title="bbox 607 983 3011 1058">
    <p class='ocr_par' dir='ltr' id='par_1_8' title="bbox 607 983 3011 1058">
     <span class='ocr_line' id='line_1_8' title="bbox 607 983 3011 1058; baseline 0 -20"><span class='ocrx_word' id='word_1_109' title='bbox 607 983 784 1039; x_wconf 90' lang='lat' dir='ltr'><strong>citatis</strong></span> <span class='ocrx_word' id='word_1_110' title='bbox 799 1025 814 1043; x_wconf 94' lang='lat'><strong>.</strong></span> <span class='ocrx_word' id='word_1_111' title='bbox 844 999 909 1041; x_wconf 89' lang='lat' dir='ltr'><strong>ac</strong></span> <span class='ocrx_word' id='word_1_112' title='bbox 933 985 1205 1058; x_wconf 78' lang='lat' dir='ltr'><strong>Baptisms</strong></span> <span class='ocrx_word' id='word_1_113' title='bbox 1227 1000 1384 1058; x_wconf 68' lang='lat' dir='ltr'><strong>aqua:</strong></span> <span class='ocrx_word' id='word_1_114' title='bbox 1405 1028 1421 1055; x_wconf 91' lang='lat'><strong>,</strong></span> <span class='ocrx_word' id='word_1_115' title='bbox 1448 984 1722 1058; x_wconf 82' lang='lat' dir='ltr'><strong>Baptisma</strong></span> <span class='ocrx_word' id='word_1_116' title='bbox 1744 986 1794 1040; x_wconf 90' lang='lat' dir='ltr'><strong>iu</strong></span> <span class='ocrx_word' id='word_1_117' title='bbox 1822 986 2037 1040; x_wconf 83' lang='lat' dir='ltr'><strong>noiniue</strong></span> <span class='ocrx_word' id='word_1_118' title='bbox 2066 986 2240 1041; x_wconf 78' lang='lat' dir='ltr'><strong>Patris</strong></span> <span class='ocrx_word' id='word_1_119' title='bbox 2261 994 2316 1042; x_wconf 91' lang='lat' dir='ltr'><strong>et</strong></span> <span class='ocrx_word' id='word_1_120' title='bbox 2344 984 2465 1041; x_wconf 84' lang='lat' dir='ltr'><strong>Filii</strong></span> <span class='ocrx_word' id='word_1_121' title='bbox 2486 994 2542 1040; x_wconf 91' lang='lat' dir='ltr'><strong>et</strong></span> <span class='ocrx_word' id='word_1_122' title='bbox 2563 985 2799 1056; x_wconf 85' lang='lat' dir='ltr'><strong>Spiritus</strong></span> <span class='ocrx_word' id='word_1_123' title='bbox 2818 986 3011 1041; x_wconf 79' lang='lat' dir='ltr'><strong>sancti.</strong></span> 
     </span>
    </p>
   </div>
   <div class='ocr_carea' id='block_1_9' title="bbox 676 1076 3941 1155">
    <p class='ocr_par' dir='ltr' id='par_1_9' title="bbox 676 1076 3941 1155">
     <span class='ocr_line' id='line_1_9' title="bbox 676 1076 3941 1155; baseline 0.001 -22"><span class='ocrx_word' id='word_1_124' title='bbox 676 1077 795 1133; x_wconf 84' lang='lat' dir='ltr'><strong>Jam</strong></span> <span class='ocrx_word' id='word_1_125' title='bbox 826 1093 959 1136; x_wconf 88' lang='lat' dir='ltr'><strong>vero</strong></span> <span class='ocrx_word' id='word_1_126' title='bbox 983 1095 1093 1136; x_wconf 91' lang='lat' dir='ltr'><strong>non</strong></span> <span class='ocrx_word' id='word_1_127' title='bbox 1118 1081 1278 1153; x_wconf 85' lang='lat' dir='ltr'><strong>longa</strong></span> <span class='ocrx_word' id='word_1_128' title='bbox 1315 1080 1678 1152; x_wconf 82' lang='lat' dir='ltr'><strong>disputatione</strong></span> <span class='ocrx_word' id='word_1_129' title='bbox 1706 1094 1842 1151; x_wconf 90' lang='lat' dir='ltr'><strong>opus</strong></span> <span class='ocrx_word' id='word_1_130' title='bbox 1866 1089 1946 1135; x_wconf 84' lang='lat' dir='ltr'><strong>est</strong></span> <span class='ocrx_word' id='word_1_131' title='bbox 1980 1088 2032 1133; x_wconf 91' lang='lat' dir='ltr'><strong>ut</strong></span> <span class='ocrx_word' id='word_1_132' title='bbox 2055 1087 2450 1155; x_wconf 83' lang='lat' dir='ltr'><strong>propugnatum</strong></span> <span class='ocrx_word' id='word_1_133' title='bbox 2492 1093 2522 1131; x_wconf 90' lang='lat' dir='ltr'><strong>a</strong></span> <span class='ocrx_word' id='word_1_134' title='bbox 2551 1076 2827 1148; x_wconf 79' lang='lat' dir='ltr'><strong>Stephano</strong></span> <span class='ocrx_word' id='word_1_135' title='bbox 2859 1092 2996 1149; x_wconf 87' lang='lat' dir='ltr'><strong>papa</strong></span> <span class='ocrx_word' id='word_1_136' title='bbox 3026 1077 3330 1134; x_wconf 81' lang='lat' dir='ltr'><strong>institutum</strong></span> <span class='ocrx_word' id='word_1_137' title='bbox 3352 1093 3423 1134; x_wconf 80' lang='lat' dir='ltr'><strong>ex</strong></span> <span class='ocrx_word' id='word_1_138' title='bbox 3452 1079 3762 1137; x_wconf 77' lang='lat' dir='ltr'><strong>traditionis</strong></span> <span class='ocrx_word' id='word_1_139' title='bbox 3800 1098 3941 1155; x_wconf 86' lang='lat' dir='ltr'><strong>apo-</strong></span> 
     </span>
    </p>
   </div>
   <div class='ocr_carea' id='block_1_10' title="bbox 602 1168 3938 1246">
    <p class='ocr_par' dir='ltr' id='par_1_10' title="bbox 602 1168 3938 1246">
     <span class='ocr_line' id='line_1_10' title="bbox 602 1168 3938 1246; baseline 0.001 -20"><span class='ocrx_word' id='word_1_140' title='bbox 602 1172 811 1228; x_wconf 67' lang='lat' dir='ltr'><strong>stolica:</strong></span> <span class='ocrx_word' id='word_1_141' title='bbox 836 1171 1081 1231; x_wconf 87' lang='lat' dir='ltr'><strong>fontibus</strong></span> <span class='ocrx_word' id='word_1_142' title='bbox 1109 1174 1435 1246; x_wconf 86' lang='lat' dir='ltr'><strong>proﬂuxisse</strong></span> <span class='ocrx_word' id='word_1_143' title='bbox 1461 1173 1918 1230; x_wconf 82' lang='lat' dir='ltr'><strong>demonstremus.</strong></span> <span class='ocrx_word' id='word_1_144' title='bbox 1953 1171 2180 1243; x_wconf 78' lang='lat' dir='ltr'><strong>Vigcbat</strong></span> <span class='ocrx_word' id='word_1_145' title='bbox 2221 1170 2405 1241; x_wconf 85' lang='lat' dir='ltr'><strong>utique</strong></span> <span class='ocrx_word' id='word_1_146' title='bbox 2430 1169 2546 1226; x_wconf 60' lang='lat' dir='ltr'><strong>ha‘c</strong></span> <span class='ocrx_word' id='word_1_147' title='bbox 2572 1168 2938 1236; x_wconf 89' lang='lat' dir='ltr'><strong>consuetudo,</strong></span> <span class='ocrx_word' id='word_1_148' title='bbox 2967 1171 3208 1241; x_wconf 79' lang='lat' dir='ltr'><strong>exceptis</strong></span> <span class='ocrx_word' id='word_1_149' title='bbox 3237 1170 3347 1226; x_wconf 81' lang='lat' dir='ltr'><strong>illis</strong></span> <span class='ocrx_word' id='word_1_150' title='bbox 3396 1170 3643 1228; x_wconf 81' lang='lat' dir='ltr'><strong>ecclesiis</strong></span> <span class='ocrx_word' id='word_1_151' title='bbox 3669 1187 3808 1244; x_wconf 75' lang='lat' dir='ltr'><strong>quas</strong></span> <span class='ocrx_word' id='word_1_152' title='bbox 3840 1190 3938 1245; x_wconf 78' lang='lat' dir='ltr'><strong>sy—</strong></span> 
     </span>
    </p>
   </div>
   <div class='ocr_carea' id='block_1_11' title="bbox 598 1263 3931 1338">
    <p class='ocr_par' dir='ltr' id='par_1_11' title="bbox 598 1263 3931 1338">
     <span class='ocr_line' id='line_1_11' title="bbox 598 1263 3931 1338; baseline 0.002 -21"><span class='ocrx_word' id='word_1_153' title='bbox 598 1263 866 1321; x_wconf 85' lang='lat' dir='ltr'><strong>nodorum</strong></span> <span class='ocrx_word' id='word_1_154' title='bbox 892 1266 1110 1324; x_wconf 85' lang='lat' dir='ltr'><strong>decreta</strong></span> <span class='ocrx_word' id='word_1_155' title='bbox 1133 1270 1187 1323; x_wconf 91' lang='lat' dir='ltr'><strong>in</strong></span> <span class='ocrx_word' id='word_1_156' title='bbox 1212 1267 1371 1323; x_wconf 88' lang='lat' dir='ltr'><strong>aliam</strong></span> <span class='ocrx_word' id='word_1_157' title='bbox 1395 1267 1717 1323; x_wconf 89' lang='lat' dir='ltr'><strong>sententiam</strong></span> <span class='ocrx_word' id='word_1_158' title='bbox 1748 1265 2106 1322; x_wconf 90' lang='lat' dir='ltr'><strong>detorserant.</strong></span> <span class='ocrx_word' id='word_1_159' title='bbox 2135 1264 2347 1321; x_wconf 82' lang='lat' dir='ltr'><strong>Nullum</strong></span> <span class='ocrx_word' id='word_1_160' title='bbox 2373 1265 2428 1320; x_wconf 91' lang='lat' dir='ltr'><strong>in</strong></span> <span class='ocrx_word' id='word_1_161' title='bbox 2455 1263 2744 1321; x_wconf 85' lang='lat' dir='ltr'><strong>Occidente</strong></span> <span class='ocrx_word' id='word_1_162' title='bbox 2761 1264 3043 1335; x_wconf 70' lang='lat' dir='ltr'><strong>vestigium</strong></span> <span class='ocrx_word' id='word_1_163' title='bbox 3074 1264 3250 1321; x_wconf 81' lang='lat' dir='ltr'><strong>iterati</strong></span> <span class='ocrx_word' id='word_1_164' title='bbox 3278 1265 3534 1337; x_wconf 81' lang='lat' dir='ltr'><strong>Baptismi</strong></span> <span class='ocrx_word' id='word_1_165' title='bbox 3564 1274 3931 1338; x_wconf 67' lang='lat' dir='ltr'><strong>prmia-quam</strong></span> 
     </span>
    </p>
   </div>
   <div class='ocr_carea' id='block_1_12' title="bbox 592 1357 3934 1430">
    <p class='ocr_par' dir='ltr' id='par_1_12' title="bbox 592 1357 3934 1430">
     <span class='ocr_line' id='line_1_12' title="bbox 592 1357 3934 1430; baseline 0.002 -19"><span class='ocrx_word' id='word_1_166' title='bbox 592 1357 867 1416; x_wconf 72' lang='lat' dir='ltr'><strong>inAfrica.</strong></span> <span class='ocrx_word' id='word_1_167' title='bbox 897 1362 953 1417; x_wconf 85' lang='lat' dir='ltr'><strong>In</strong></span> <span class='ocrx_word' id='word_1_168' title='bbox 1003 1361 1225 1430; x_wconf 76' lang='lat' dir='ltr'><strong>Oriente</strong></span> <span class='ocrx_word' id='word_1_169' title='bbox 1251 1369 1478 1419; x_wconf 88' lang='lat' dir='ltr'><strong>testatur</strong></span> <span class='ocrx_word' id='word_1_170' title='bbox 1522 1361 1786 1418; x_wconf 83' lang='lat' dir='ltr'><strong>Eusebius</strong></span> <span class='ocrx_word' id='word_1_171' title='bbox 1841 1360 2003 1430; x_wconf 82' lang='lat' dir='ltr'><strong>(flist.</strong></span> <span class='ocrx_word' id='word_1_172' title='bbox 2036 1361 2073 1415; x_wconf 84' lang='grc' dir='ltr'><strong>Ι.</strong></span> <span class='ocrx_word' id='word_1_173' title='bbox 2117 1377 2209 1424; x_wconf 87' lang='lat' dir='ltr'><strong>vu,</strong></span> <span class='ocrx_word' id='word_1_174' title='bbox 2243 1358 2376 1427; x_wconf 63' lang='grc' dir='ltr'><strong>αἳ)</strong></span> <span class='ocrx_word' id='word_1_175' title='bbox 2418 1359 2688 1430; x_wconf 85' lang='lat' dir='ltr'><strong>antiquam</strong></span> <span class='ocrx_word' id='word_1_176' title='bbox 2742 1357 3184 1414; x_wconf 89' lang='lat' dir='ltr'><strong>consuetudinem</strong></span> <span class='ocrx_word' id='word_1_177' title='bbox 3237 1358 3545 1427; x_wconf 84' lang='lat' dir='ltr'><strong>invaluisse,</strong></span> <span class='ocrx_word' id='word_1_178' title='bbox 3599 1369 3657 1414; x_wconf 87' lang='lat' dir='ltr'><strong>ut</strong></span> <span class='ocrx_word' id='word_1_179' title='bbox 3704 1362 3757 1414; x_wconf 91' lang='lat' dir='ltr'><strong>in</strong></span> <span class='ocrx_word' id='word_1_180' title='bbox 3788 1360 3934 1417; x_wconf 80' lang='lat' dir='ltr'><strong>reci-</strong></span> 
     </span>
    </p>
   </div>
   <div class='ocr_carea' id='block_1_13' title="bbox 595 1451 3932 1528">
    <p class='ocr_par' dir='ltr' id='par_1_13' title="bbox 595 1451 3932 1528">
     <span class='ocr_line' id='line_1_13' title="bbox 595 1451 3932 1528; baseline 0 -20"><span class='ocrx_word' id='word_1_181' title='bbox 595 1456 805 1526; x_wconf 88' lang='lat' dir='ltr'><strong>pieudis</strong></span> <span class='ocrx_word' id='word_1_182' title='bbox 834 1458 1103 1515; x_wconf 75' lang='lat' dir='ltr'><strong>litercticis</strong></span> <span class='ocrx_word' id='word_1_183' title='bbox 1128 1459 1244 1516; x_wconf 87' lang='lat' dir='ltr'><strong>sola</strong></span> <span class='ocrx_word' id='word_1_184' title='bbox 1298 1474 1552 1515; x_wconf 91' lang='lat' dir='ltr'><strong>manuum</strong></span> <span class='ocrx_word' id='word_1_185' title='bbox 1584 1458 1856 1528; x_wconf 77' lang='lat' dir='ltr'><strong>impositio</strong></span> <span class='ocrx_word' id='word_1_186' title='bbox 1880 1472 2002 1513; x_wconf 90' lang='lat' dir='ltr'><strong>cum</strong></span> <span class='ocrx_word' id='word_1_187' title='bbox 2038 1456 2438 1526; x_wconf 82' lang='lat' dir='ltr'><strong>precationibus</strong></span> <span class='ocrx_word' id='word_1_188' title='bbox 2463 1453 2833 1511; x_wconf 86' lang='lat' dir='ltr'><strong>adhiberetur.</strong></span> <span class='ocrx_word' id='word_1_189' title='bbox 2878 1453 3078 1510; x_wconf 76' lang='lat' dir='ltr'><strong>Morem</strong></span> <span class='ocrx_word' id='word_1_190' title='bbox 3100 1451 3321 1526; x_wconf 62' lang='lat' dir='ltr'><strong>Egypti</strong></span> <span class='ocrx_word' id='word_1_191' title='bbox 3346 1452 3699 1525; x_wconf 66' lang='lat' dir='ltr'><strong>perspicimus</strong></span> <span class='ocrx_word' id='word_1_192' title='bbox 3723 1468 3786 1508; x_wconf 81' lang='lat' dir='ltr'><strong>ex</strong></span> <span class='ocrx_word' id='word_1_193' title='bbox 3818 1462 3932 1509; x_wconf 79' lang='lat' dir='ltr'><strong>tes&#39;</strong></span> 
     </span>
    </p>
   </div>
   <div class='ocr_carea' id='block_1_14' title="bbox 590 1546 3928 1627">
    <p class='ocr_par' dir='ltr' id='par_1_14' title="bbox 590 1546 3928 1627">
     <span class='ocr_line' id='line_1_14' title="bbox 590 1546 3928 1627; baseline -0.001 -23"><span class='ocrx_word' id='word_1_194' title='bbox 590 1549 828 1606; x_wconf 91' lang='lat' dir='ltr'><strong>timoniis</strong></span> <span class='ocrx_word' id='word_1_195' title='bbox 898 1552 1136 1627; x_wconf 84' lang='lat' dir='ltr'><strong>Dionysii</strong></span> <span class='ocrx_word' id='word_1_196' title='bbox 1189 1553 1535 1610; x_wconf 75' lang='lat' dir='ltr'><strong>Alexandrini</strong></span> <span class='ocrx_word' id='word_1_197' title='bbox 1605 1551 1742 1622; x_wconf 88' lang='lat' dir='ltr'><strong>apud</strong></span> <span class='ocrx_word' id='word_1_198' title='bbox 1797 1551 2084 1607; x_wconf 70' lang='lat' dir='ltr'><strong>Eusebium</strong></span> <span class='ocrx_word' id='word_1_199' title='bbox 2115 1550 2167 1605; x_wconf 93' lang='lat' dir='ltr'><strong>in</strong></span> <span class='ocrx_word' id='word_1_200' title='bbox 2191 1550 2379 1605; x_wconf 89' lang='lat' dir='ltr'><strong>eodem</strong></span> <span class='ocrx_word' id='word_1_201' title='bbox 2414 1549 2552 1604; x_wconf 91' lang='lat' dir='ltr'><strong>libro</strong></span> <span class='ocrx_word' id='word_1_202' title='bbox 2580 1547 2934 1603; x_wconf 83' lang='lat' dir='ltr'><strong>exstantibus.</strong></span> <span class='ocrx_word' id='word_1_203' title='bbox 2990 1546 3223 1603; x_wconf 81' lang='lat' dir='ltr'><strong>Minatus</strong></span> <span class='ocrx_word' id='word_1_204' title='bbox 3277 1546 3453 1603; x_wconf 85' lang='lat' dir='ltr'><strong>fuerat</strong></span> <span class='ocrx_word' id='word_1_205' title='bbox 3502 1546 3810 1617; x_wconf 71' lang='lat' dir='ltr'><strong>Stephanus</strong></span> <span class='ocrx_word' id='word_1_206' title='bbox 3865 1561 3928 1601; x_wconf 90' lang='lat' dir='ltr'><strong>se</strong></span> 
     </span>
    </p>
   </div>
   <div class='ocr_carea' id='block_1_15' title="bbox 585 1636 3927 1714">
    <p class='ocr_par' dir='ltr' id='par_1_15' title="bbox 585 1636 3927 1714">
     <span class='ocr_line' id='line_1_15' title="bbox 585 1636 3927 1714; baseline 0 -20"><span class='ocrx_word' id='word_1_207' title='bbox 585 1654 707 1694; x_wconf 85' lang='lat' dir='ltr'><strong>cum</strong></span> <span class='ocrx_word' id='word_1_208' title='bbox 731 1641 1096 1714; x_wconf 83' lang='lat' dir='ltr'><strong>Cappadocia,</strong></span> <span class='ocrx_word' id='word_1_209' title='bbox 1124 1643 1306 1699; x_wconf 88' lang='lat' dir='ltr'><strong>Cilicia</strong></span> <span class='ocrx_word' id='word_1_210' title='bbox 1330 1686 1346 1710; x_wconf 95' lang='lat'><strong>,</strong></span> <span class='ocrx_word' id='word_1_211' title='bbox 1395 1643 1605 1700; x_wconf 81' lang='lat' dir='ltr'><strong>Galatia</strong></span> <span class='ocrx_word' id='word_1_212' title='bbox 1637 1650 1689 1697; x_wconf 90' lang='lat' dir='ltr'><strong>et</strong></span> <span class='ocrx_word' id='word_1_213' title='bbox 1728 1641 1971 1697; x_wconf 85' lang='lat' dir='ltr'><strong>ﬁnitimis</strong></span> <span class='ocrx_word' id='word_1_214' title='bbox 1999 1641 2310 1712; x_wconf 77' lang='lat' dir='ltr'><strong>regionibus</strong></span> <span class='ocrx_word' id='word_1_215' title='bbox 2351 1655 2456 1696; x_wconf 89' lang='lat' dir='ltr'><strong>non</strong></span> <span class='ocrx_word' id='word_1_216' title='bbox 2480 1639 3035 1698; x_wconf 85' lang='lat' dir='ltr'><strong>communicaturum;</strong></span> <span class='ocrx_word' id='word_1_217' title='bbox 3068 1646 3123 1692; x_wconf 88' lang='lat' dir='ltr'><strong>at</strong></span> <span class='ocrx_word' id='word_1_218' title='bbox 3144 1638 3305 1693; x_wconf 71' lang='lat' dir='ltr'><strong>nulla:</strong></span> <span class='ocrx_word' id='word_1_219' title='bbox 3332 1653 3555 1710; x_wconf 81' lang='lat' dir='ltr'><strong>prorsus</strong></span> <span class='ocrx_word' id='word_1_220' title='bbox 3576 1636 3647 1693; x_wconf 88' lang='lat' dir='ltr'><strong>de</strong></span> <span class='ocrx_word' id='word_1_221' title='bbox 3685 1637 3927 1710; x_wconf 69' lang='lat' dir='ltr'><strong>)Egypto</strong></span> 
     </span>
    </p>
   </div>
   <div class='ocr_carea' id='block_1_16' title="bbox 584 1730 3927 1810">
    <p class='ocr_par' dir='ltr' id='par_1_16' title="bbox 584 1730 3927 1810">
     <span class='ocr_line' id='line_1_16' title="bbox 584 1730 3927 1810; baseline 0 -23"><span class='ocrx_word' id='word_1_222' title='bbox 584 1734 850 1802; x_wconf 74' lang='lat' dir='ltr'><strong>querelm&#39;;</strong></span> <span class='ocrx_word' id='word_1_223' title='bbox 894 1736 1181 1808; x_wconf 88' lang='lat' dir='ltr'><strong>quinetiam</strong></span> <span class='ocrx_word' id='word_1_224' title='bbox 1213 1737 1499 1810; x_wconf 86' lang='lat' dir='ltr'><strong>Dionysius</strong></span> <span class='ocrx_word' id='word_1_225' title='bbox 1520 1736 1937 1801; x_wconf 80' lang='lat' dir='ltr'><strong>Alexandrinus,</strong></span> <span class='ocrx_word' id='word_1_226' title='bbox 1966 1750 2163 1806; x_wconf 86' lang='lat' dir='ltr'><strong>magno</strong></span> <span class='ocrx_word' id='word_1_227' title='bbox 2185 1733 2444 1789; x_wconf 61' lang='lat' dir='ltr'><strong>Ecclesiae</strong></span> <span class='ocrx_word' id='word_1_228' title='bbox 2466 1732 2776 1798; x_wconf 87' lang='lat' dir='ltr'><strong>commodo,</strong></span> <span class='ocrx_word' id='word_1_229' title='bbox 2804 1730 3128 1802; x_wconf 88' lang='lat' dir='ltr'><strong>interposuit</strong></span> <span class='ocrx_word' id='word_1_230' title='bbox 3154 1745 3212 1787; x_wconf 88' lang='lat' dir='ltr'><strong>se</strong></span> <span class='ocrx_word' id='word_1_231' title='bbox 3229 1731 3280 1785; x_wconf 94' lang='lat' dir='ltr'><strong>in</strong></span> <span class='ocrx_word' id='word_1_232' title='bbox 3304 1730 3728 1800; x_wconf 77' lang='lat' dir='ltr'><strong>paciﬁcationem</strong></span> <span class='ocrx_word' id='word_1_233' title='bbox 3763 1732 3927 1788; x_wconf 85' lang='lat' dir='ltr'><strong>dissi-</strong></span> 
     </span>
    </p>
   </div>
   <div class='ocr_carea' id='block_1_17' title="bbox 584 1821 3918 1904">
    <p class='ocr_par' dir='ltr' id='par_1_17' title="bbox 584 1821 3918 1904">
     <span class='ocr_line' id='line_1_17' title="bbox 584 1821 3918 1904; baseline -0 -26"><span class='ocrx_word' id='word_1_234' title='bbox 584 1824 678 1880; x_wconf 79' lang='lat' dir='ltr'><strong>tlii.</strong></span> <span class='ocrx_word' id='word_1_235' title='bbox 702 1826 855 1894; x_wconf 83' lang='lat' dir='ltr'><strong>Quod</strong></span> <span class='ocrx_word' id='word_1_236' title='bbox 886 1837 1067 1885; x_wconf 89' lang='lat' dir='ltr'><strong>autem</strong></span> <span class='ocrx_word' id='word_1_237' title='bbox 1110 1828 1356 1903; x_wconf 78' lang='lat' dir='ltr'><strong>Xystum,</strong></span> <span class='ocrx_word' id='word_1_238' title='bbox 1382 1829 1685 1885; x_wconf 81' lang='lat' dir='ltr'><strong>Romanum</strong></span> <span class='ocrx_word' id='word_1_239' title='bbox 1705 1828 2050 1899; x_wconf 82' lang='lat' dir='ltr'><strong>pontificem,</strong></span> <span class='ocrx_word' id='word_1_240' title='bbox 2072 1824 2462 1881; x_wconf 88' lang='lat' dir='ltr'><strong>consulendum</strong></span> <span class='ocrx_word' id='word_1_241' title='bbox 2490 1839 2610 1879; x_wconf 87' lang='lat' dir='ltr'><strong>esse</strong></span> <span class='ocrx_word' id='word_1_242' title='bbox 2637 1823 2786 1878; x_wconf 89' lang='lat' dir='ltr'><strong>duxit</strong></span> <span class='ocrx_word' id='word_1_243' title='bbox 2816 1822 2886 1879; x_wconf 89' lang='lat' dir='ltr'><strong>de</strong></span> <span class='ocrx_word' id='word_1_244' title='bbox 2910 1823 3129 1878; x_wconf 87' lang='lat' dir='ltr'><strong>homine</strong></span> <span class='ocrx_word' id='word_1_245' title='bbox 3173 1821 3489 1892; x_wconf 82' lang='lat' dir='ltr'><strong>jamdudum</strong></span> <span class='ocrx_word' id='word_1_246' title='bbox 3530 1823 3581 1879; x_wconf 90' lang='lat' dir='ltr'><strong>in</strong></span> <span class='ocrx_word' id='word_1_247' title='bbox 3614 1823 3918 1904; x_wconf 79' lang='lat' dir='ltr'><strong>Eeclesiam</strong></span> 
     </span>
    </p>
   </div>
   <div class='ocr_carea' id='block_1_18' title="bbox 585 1911 3921 2000">
    <p class='ocr_par' dir='ltr' id='par_1_18' title="bbox 585 1911 3921 2000">
     <span class='ocr_line' id='line_1_18' title="bbox 585 1911 3921 2000; baseline 0.001 -20"><span class='ocrx_word' id='word_1_248' title='bbox 585 1939 827 1992; x_wconf 85' lang='lat' dir='ltr'><strong>reverso,</strong></span> <span class='ocrx_word' id='word_1_249' title='bbox 859 1928 955 1984; x_wconf 90' lang='lat' dir='ltr'><strong>sed</strong></span> <span class='ocrx_word' id='word_1_250' title='bbox 980 1929 1072 2000; x_wconf 88' lang='lat' dir='ltr'><strong>qui</strong></span> <span class='ocrx_word' id='word_1_251' title='bbox 1100 1944 1158 1985; x_wconf 89' lang='lat' dir='ltr'><strong>se</strong></span> <span class='ocrx_word' id='word_1_252' title='bbox 1189 1929 1354 2000; x_wconf 80' lang='lat' dir='ltr'><strong>impio</strong></span> <span class='ocrx_word' id='word_1_253' title='bbox 1383 1938 1437 1985; x_wconf 91' lang='lat' dir='ltr'><strong>et</strong></span> <span class='ocrx_word' id='word_1_254' title='bbox 1467 1928 1626 2000; x_wconf 90' lang='lat' dir='ltr'><strong>pleno</strong></span> <span class='ocrx_word' id='word_1_255' title='bbox 1682 1926 2034 1998; x_wconf 84' lang='lat' dir='ltr'><strong>blasphemia:</strong></span> <span class='ocrx_word' id='word_1_256' title='bbox 2063 1925 2328 1998; x_wconf 86' lang='lat' dir='ltr'><strong>baptismo</strong></span> <span class='ocrx_word' id='word_1_257' title='bbox 2363 1926 2626 1980; x_wconf 89' lang='lat' dir='ltr'><strong>initiatum</strong></span> <span class='ocrx_word' id='word_1_258' title='bbox 2658 1924 2821 1980; x_wconf 72' lang='lat' dir='ltr'><strong>fuisse</strong></span> <span class='ocrx_word' id='word_1_259' title='bbox 2853 1927 3212 1992; x_wconf 85' lang='lat' dir='ltr'><strong>meminerat;</strong></span> <span class='ocrx_word' id='word_1_260' title='bbox 3245 1924 3297 1980; x_wconf 89' lang='lat' dir='ltr'><strong>id</strong></span> <span class='ocrx_word' id='word_1_261' title='bbox 3340 1940 3445 1980; x_wconf 88' lang='lat' dir='ltr'><strong>non</strong></span> <span class='ocrx_word' id='word_1_262' title='bbox 3474 1926 3650 1980; x_wconf 85' lang='lat' dir='ltr'><strong>solum</strong></span> <span class='ocrx_word' id='word_1_263' title='bbox 3678 1911 3921 1999; x_wconf 74' lang='lat' dir='ltr'><strong>Dionysil</strong></span> 
     </span>
    </p>
   </div>
   <div class='ocr_carea' id='block_1_19' title="bbox 581 2019 3919 2091">
    <p class='ocr_par' dir='ltr' id='par_1_19' title="bbox 581 2019 3919 2091">
     <span class='ocr_line' id='line_1_19' title="bbox 581 2019 3919 2091; baseline 0.001 -17"><span class='ocrx_word' id='word_1_264' title='bbox 581 2020 1000 2077; x_wconf 82' lang='lat' dir='ltr'><strong>consensionem</strong></span> <span class='ocrx_word' id='word_1_265' title='bbox 1026 2037 1152 2078; x_wconf 90' lang='lat' dir='ltr'><strong>eum</strong></span> <span class='ocrx_word' id='word_1_266' title='bbox 1177 2021 1418 2078; x_wconf 86' lang='lat' dir='ltr'><strong>Ecclesia</strong></span> <span class='ocrx_word' id='word_1_267' title='bbox 1448 2022 1713 2090; x_wconf 81' lang='lat' dir='ltr'><strong>Romana,</strong></span> <span class='ocrx_word' id='word_1_268' title='bbox 1737 2030 1793 2077; x_wconf 90' lang='lat' dir='ltr'><strong>et</strong></span> <span class='ocrx_word' id='word_1_269' title='bbox 1814 2021 2050 2078; x_wconf 76' lang='lat' dir='ltr'><strong>alienum</strong></span> <span class='ocrx_word' id='word_1_270' title='bbox 2082 2020 2149 2075; x_wconf 88' lang='lat' dir='ltr'><strong>ab</strong></span> <span class='ocrx_word' id='word_1_271' title='bbox 2176 2020 2419 2075; x_wconf 84' lang='lat' dir='ltr'><strong>iterando</strong></span> <span class='ocrx_word' id='word_1_272' title='bbox 2449 2019 2720 2089; x_wconf 80' lang='lat' dir='ltr'><strong>Baptismo</strong></span> <span class='ocrx_word' id='word_1_273' title='bbox 2742 2019 2980 2073; x_wconf 90' lang='lat' dir='ltr'><strong>animum</strong></span> <span class='ocrx_word' id='word_1_274' title='bbox 3008 2019 3269 2085; x_wconf 86' lang='lat' dir='ltr'><strong>declarat,</strong></span> <span class='ocrx_word' id='word_1_275' title='bbox 3293 2019 3388 2076; x_wconf 84' lang='lat' dir='ltr'><strong>sed</strong></span> <span class='ocrx_word' id='word_1_276' title='bbox 3416 2020 3581 2075; x_wconf 85' lang='lat' dir='ltr'><strong>etiam</strong></span> <span class='ocrx_word' id='word_1_277' title='bbox 3602 2032 3919 2091; x_wconf 81' lang='lat' dir='ltr'><strong>argumentc</strong></span> 
     </span>
    </p>
   </div>
   <div class='ocr_carea' id='block_1_20' title="bbox 579 2104 3923 2191">
    <p class='ocr_par' dir='ltr' id='par_1_20' title="bbox 579 2104 3923 2191">
     <span class='ocr_line' id='line_1_20' title="bbox 579 2104 3923 2191; baseline 0.001 -23"><span class='ocrx_word' id='word_1_278' title='bbox 579 2121 662 2168; x_wconf 91' lang='lat' dir='ltr'><strong>est</strong></span> <span class='ocrx_word' id='word_1_279' title='bbox 690 2112 758 2169; x_wconf 90' lang='lat' dir='ltr'><strong>ab</strong></span> <span class='ocrx_word' id='word_1_280' title='bbox 787 2114 957 2185; x_wconf 87' lang='lat' dir='ltr'><strong>ipsius</strong></span> <span class='ocrx_word' id='word_1_281' title='bbox 992 2104 1628 2191; x_wconf 16' lang='lat' dir='ltr'><strong>deccssoribus‘lleracla</strong></span> <span class='ocrx_word' id='word_1_282' title='bbox 1655 2124 1747 2170; x_wconf 89' lang='lat' dir='ltr'><strong>aut</strong></span> <span class='ocrx_word' id='word_1_283' title='bbox 1775 2114 2050 2171; x_wconf 87' lang='lat' dir='ltr'><strong>Demetrio</strong></span> <span class='ocrx_word' id='word_1_284' title='bbox 2086 2113 2178 2185; x_wconf 89' lang='lat' dir='ltr'><strong>qui</strong></span> <span class='ocrx_word' id='word_1_285' title='bbox 2226 2113 2367 2168; x_wconf 87' lang='lat' dir='ltr'><strong>hunc</strong></span> <span class='ocrx_word' id='word_1_286' title='bbox 2400 2113 2671 2167; x_wconf 90' lang='lat' dir='ltr'><strong>hominem</strong></span> <span class='ocrx_word' id='word_1_287' title='bbox 2701 2122 3041 2183; x_wconf 82' lang='lat' dir='ltr'><strong>receperant,</strong></span> <span class='ocrx_word' id='word_1_288' title='bbox 3069 2113 3259 2167; x_wconf 86' lang='lat' dir='ltr'><strong>solitos</strong></span> <span class='ocrx_word' id='word_1_289' title='bbox 3286 2129 3393 2167; x_wconf 89' lang='lat' dir='ltr'><strong>non</strong></span> <span class='ocrx_word' id='word_1_290' title='bbox 3452 2113 3616 2169; x_wconf 85' lang='lat' dir='ltr'><strong>fuisse</strong></span> <span class='ocrx_word' id='word_1_291' title='bbox 3646 2114 3923 2170; x_wconf 87' lang='lat' dir='ltr'><strong>redeunte</strong></span> 
     </span>
    </p>
   </div>
   <div class='ocr_carea' id='block_1_21' title="bbox 579 2203 3919 2279">
    <p class='ocr_par' dir='ltr' id='par_1_21' title="bbox 579 2203 3919 2279">
     <span class='ocr_line' id='line_1_21' title="bbox 579 2203 3919 2279; baseline 0.002 -22"><span class='ocrx_word' id='word_1_292' title='bbox 579 2203 864 2263; x_wconf 80' lang='lat' dir='ltr'><strong>Inereticos</strong></span> <span class='ocrx_word' id='word_1_293' title='bbox 889 2207 1172 2278; x_wconf 85' lang='lat' dir='ltr'><strong>baptizari.</strong></span> <span class='ocrx_word' id='word_1_294' title='bbox 1204 2208 1318 2266; x_wconf 81' lang='lat' dir='ltr'><strong>Huc</strong></span> <span class='ocrx_word' id='word_1_295' title='bbox 1347 2208 1557 2265; x_wconf 87' lang='lat' dir='ltr'><strong>accedit</strong></span> <span class='ocrx_word' id='word_1_296' title='bbox 1581 2208 1765 2264; x_wconf 80' lang='lat' dir='ltr'><strong>Basilii</strong></span> <span class='ocrx_word' id='word_1_297' title='bbox 1797 2208 2209 2271; x_wconf 59' lang='lat' dir='ltr'><strong>testimonium,</strong></span> <span class='ocrx_word' id='word_1_298' title='bbox 2244 2208 2333 2279; x_wconf 89' lang='lat' dir='ltr'><strong>qui</strong></span> <span class='ocrx_word' id='word_1_299' title='bbox 2388 2207 2714 2277; x_wconf 86' lang='lat' dir='ltr'><strong>baptismum</strong></span> <span class='ocrx_word' id='word_1_300' title='bbox 2760 2207 3204 2262; x_wconf 71' lang='lat' dir='ltr'><strong>Monuinistarum</strong></span> <span class='ocrx_word' id='word_1_301' title='bbox 3242 2207 3501 2279; x_wconf 77' lang='lat' dir='ltr'><strong>Dionysio</strong></span> <span class='ocrx_word' id='word_1_302' title='bbox 3545 2208 3919 2265; x_wconf 80' lang='lat' dir='ltr'><strong>Alexandrino</strong></span> 
     </span>
    </p>
   </div>
   <div class='ocr_carea' id='block_1_22' title="bbox 578 2298 3920 2372">
    <p class='ocr_par' dir='ltr' id='par_1_22' title="bbox 578 2298 3920 2372">
     <span class='ocr_line' id='line_1_22' title="bbox 578 2298 3920 2372; baseline 0.001 -19"><span class='ocrx_word' id='word_1_303' title='bbox 578 2298 858 2369; x_wconf 83' lang='lat' dir='ltr'><strong>probatum</strong></span> <span class='ocrx_word' id='word_1_304' title='bbox 892 2298 1055 2356; x_wconf 86' lang='lat' dir='ltr'><strong>fuisse</strong></span> <span class='ocrx_word' id='word_1_305' title='bbox 1082 2311 1355 2358; x_wconf 83' lang='lat' dir='ltr'><strong>asseverat</strong></span> <span class='ocrx_word' id='word_1_306' title='bbox 1378 2317 1478 2359; x_wconf 89' lang='lat' dir='ltr'><strong>can</strong></span> <span class='ocrx_word' id='word_1_307' title='bbox 1520 2318 1559 2358; x_wconf 86' lang='grc' dir='ltr'>ι.</span> <span class='ocrx_word' id='word_1_308' title='bbox 1590 2300 1745 2370; x_wconf 82' lang='lat' dir='ltr'><strong>Quod</strong></span> <span class='ocrx_word' id='word_1_309' title='bbox 1771 2316 1837 2356; x_wconf 82' lang='lat' dir='ltr'><strong>ex</strong></span> <span class='ocrx_word' id='word_1_310' title='bbox 1868 2299 2148 2356; x_wconf 89' lang='lat' dir='ltr'><strong>Clemente</strong></span> <span class='ocrx_word' id='word_1_311' title='bbox 2175 2299 2541 2355; x_wconf 72' lang='lat' dir='ltr'><strong>Alexandrina</strong></span> <span class='ocrx_word' id='word_1_312' title='bbox 2567 2300 2816 2371; x_wconf 89' lang='lat' dir='ltr'><strong>ohjicitur</strong></span> <span class='ocrx_word' id='word_1_313' title='bbox 2844 2299 3068 2371; x_wconf 85' lang='lat' dir='ltr'><strong>(Strom.</strong></span> <span class='ocrx_word' id='word_1_314' title='bbox 3097 2313 3135 2365; x_wconf 90' lang='lat' dir='ltr'><strong>t,</strong></span> <span class='ocrx_word' id='word_1_315' title='bbox 3162 2300 3380 2369; x_wconf 75' lang='lat' dir='ltr'><strong>p.517),</strong></span> <span class='ocrx_word' id='word_1_316' title='bbox 3411 2315 3602 2372; x_wconf 91' lang='lat' dir='ltr'><strong>aquam</strong></span> <span class='ocrx_word' id='word_1_317' title='bbox 3634 2301 3920 2357; x_wconf 53' lang='lat' dir='ltr'><strong>heretico.</strong></span> 
     </span>
    </p>
   </div>
   <div class='ocr_carea' id='block_1_23' title="bbox 576 2383 3914 2468">
    <p class='ocr_par' dir='ltr' id='par_1_23' title="bbox 576 2383 3914 2468">
     <span class='ocr_line' id='line_1_23' title="bbox 576 2383 3914 2468; baseline 0.001 -20"><span class='ocrx_word' id='word_1_318' title='bbox 576 2383 695 2448; x_wconf 63' lang='lat' dir='ltr'><strong>l&quot;um</strong></span> <span class='ocrx_word' id='word_1_319' title='bbox 717 2407 838 2449; x_wconf 88' lang='lat' dir='ltr'><strong>esse</strong></span> <span class='ocrx_word' id='word_1_320' title='bbox 859 2410 1053 2468; x_wconf 86' lang='lat' dir='ltr'><strong>aquam</strong></span> <span class='ocrx_word' id='word_1_321' title='bbox 1072 2396 1325 2464; x_wconf 89' lang='lat' dir='ltr'><strong>alienam,</strong></span> <span class='ocrx_word' id='word_1_322' title='bbox 1362 2397 1415 2452; x_wconf 90' lang='lat' dir='ltr'><strong>id</strong></span> <span class='ocrx_word' id='word_1_323' title='bbox 1447 2410 1554 2453; x_wconf 91' lang='lat' dir='ltr'><strong>non</strong></span> <span class='ocrx_word' id='word_1_324' title='bbox 1585 2395 1790 2465; x_wconf 79' lang='lat' dir='ltr'><strong>expiari</strong></span> <span class='ocrx_word' id='word_1_325' title='bbox 1812 2394 2006 2466; x_wconf 87' lang='lat' dir='ltr'><strong>probat</strong></span> <span class='ocrx_word' id='word_1_326' title='bbox 2034 2394 2128 2449; x_wconf 89' lang='lat' dir='ltr'><strong>sed</strong></span> <span class='ocrx_word' id='word_1_327' title='bbox 2151 2394 2508 2450; x_wconf 88' lang='lat' dir='ltr'><strong>contaminari</strong></span> <span class='ocrx_word' id='word_1_328' title='bbox 2532 2395 2619 2465; x_wconf 93' lang='lat' dir='ltr'><strong>qui</strong></span> <span class='ocrx_word' id='word_1_329' title='bbox 2647 2394 2978 2465; x_wconf 82' lang='lat' dir='ltr'><strong>Baptisumm</strong></span> <span class='ocrx_word' id='word_1_330' title='bbox 3005 2395 3056 2449; x_wconf 90' lang='lat' dir='ltr'><strong>in</strong></span> <span class='ocrx_word' id='word_1_331' title='bbox 3080 2393 3270 2450; x_wconf 66' lang='lat' dir='ltr'><strong>haeresi</strong></span> <span class='ocrx_word' id='word_1_332' title='bbox 3290 2394 3401 2465; x_wconf 87' lang='lat' dir='ltr'><strong>jam</strong></span> <span class='ocrx_word' id='word_1_333' title='bbox 3425 2395 3591 2451; x_wconf 90' lang='lat' dir='ltr'><strong>adulti</strong></span> <span class='ocrx_word' id='word_1_334' title='bbox 3614 2396 3914 2467; x_wconf 89' lang='lat' dir='ltr'><strong>accipiunt;</strong></span> 
     </span>
    </p>
   </div>
   <div class='ocr_carea' id='block_1_24' title="bbox 576 2486 3911 2561">
    <p class='ocr_par' dir='ltr' id='par_1_24' title="bbox 576 2486 3911 2561">
     <span class='ocr_line' id='line_1_24' title="bbox 576 2486 3911 2561; baseline 0.001 -19"><span class='ocrx_word' id='word_1_335' title='bbox 576 2495 632 2544; x_wconf 90' lang='lat' dir='ltr'><strong>at</strong></span> <span class='ocrx_word' id='word_1_336' title='bbox 662 2487 997 2560; x_wconf 88' lang='lat' dir='ltr'><strong>Baptismum</strong></span> <span class='ocrx_word' id='word_1_337' title='bbox 1026 2490 1242 2547; x_wconf 91' lang='lat' dir='ltr'><strong>irritum</strong></span> <span class='ocrx_word' id='word_1_338' title='bbox 1267 2500 1460 2548; x_wconf 90' lang='lat' dir='ltr'><strong>sancto</strong></span> <span class='ocrx_word' id='word_1_339' title='bbox 1487 2488 1754 2547; x_wconf 87' lang='lat' dir='ltr'><strong>Clementi</strong></span> <span class='ocrx_word' id='word_1_340' title='bbox 1782 2498 1839 2545; x_wconf 89' lang='lat' dir='ltr'><strong>et</strong></span> <span class='ocrx_word' id='word_1_341' title='bbox 1864 2488 2072 2544; x_wconf 90' lang='lat' dir='ltr'><strong>nullum</strong></span> <span class='ocrx_word' id='word_1_342' title='bbox 2099 2490 2273 2545; x_wconf 87' lang='lat' dir='ltr'><strong>visum</strong></span> <span class='ocrx_word' id='word_1_343' title='bbox 2301 2502 2421 2544; x_wconf 91' lang='lat' dir='ltr'><strong>esse</strong></span> <span class='ocrx_word' id='word_1_344' title='bbox 2443 2503 2547 2542; x_wconf 89' lang='lat' dir='ltr'><strong>non</strong></span> <span class='ocrx_word' id='word_1_345' title='bbox 2575 2488 2783 2558; x_wconf 84' lang='lat' dir='ltr'><strong>probat.</strong></span> <span class='ocrx_word' id='word_1_346' title='bbox 2820 2486 3101 2543; x_wconf 88' lang='lat' dir='ltr'><strong>Difﬁcilior</strong></span> <span class='ocrx_word' id='word_1_347' title='bbox 3133 2487 3201 2543; x_wconf 88' lang='lat' dir='ltr'><strong>ad</strong></span> <span class='ocrx_word' id='word_1_348' title='bbox 3225 2488 3604 2560; x_wconf 79' lang='lat' dir='ltr'><strong>explicandum</strong></span> <span class='ocrx_word' id='word_1_349' title='bbox 3636 2489 3911 2561; x_wconf 69' lang='lat' dir='ltr'><strong>llieronyo</strong></span> 
     </span>
    </p>
   </div>
   <div class='ocr_carea' id='block_1_25' title="bbox 572 2580 3915 2657">
    <p class='ocr_par' dir='ltr' id='par_1_25' title="bbox 572 2580 3915 2657">
     <span class='ocr_line' id='line_1_25' title="bbox 572 2580 3915 2657; baseline -0.001 -20"><span class='ocrx_word' id='word_1_350' title='bbox 572 2596 720 2650; x_wconf 84' lang='lat' dir='ltr'><strong>inus,</strong></span> <span class='ocrx_word' id='word_1_351' title='bbox 747 2584 836 2655; x_wconf 88' lang='lat' dir='ltr'><strong>qui</strong></span> <span class='ocrx_word' id='word_1_352' title='bbox 858 2584 913 2640; x_wconf 91' lang='lat' dir='ltr'><strong>in</strong></span> <span class='ocrx_word' id='word_1_353' title='bbox 942 2584 1082 2651; x_wconf 76' lang='lat' dir='ltr'><strong>libro</strong></span> <span class='ocrx_word' id='word_1_354' title='bbox 1113 2585 1178 2641; x_wconf 86' lang='lat' dir='ltr'><strong>de</strong></span> <span class='ocrx_word' id='word_1_355' title='bbox 1208 2584 1560 2656; x_wconf 78' lang='lat' dir='ltr'><strong>Scriptnribus</strong></span> <span class='ocrx_word' id='word_1_356' title='bbox 1582 2583 1936 2639; x_wconf 79' lang='lat' dir='ltr'><strong>ecclesiasticis</strong></span> <span class='ocrx_word' id='word_1_357' title='bbox 1960 2590 2187 2638; x_wconf 85' lang='lat' dir='ltr'><strong>testatur</strong></span> <span class='ocrx_word' id='word_1_358' title='bbox 2213 2580 2524 2653; x_wconf 88' lang='lat' dir='ltr'><strong>Dionysium</strong></span> <span class='ocrx_word' id='word_1_359' title='bbox 2563 2580 2980 2636; x_wconf 72' lang='lat' dir='ltr'><strong>Alexandrinum</strong></span> <span class='ocrx_word' id='word_1_360' title='bbox 3021 2580 3162 2636; x_wconf 88' lang='lat' dir='ltr'><strong>idem</strong></span> <span class='ocrx_word' id='word_1_361' title='bbox 3207 2596 3271 2635; x_wconf 91' lang='lat' dir='ltr'><strong>ac</strong></span> <span class='ocrx_word' id='word_1_362' title='bbox 3309 2582 3630 2654; x_wconf 81' lang='lat' dir='ltr'><strong>Cyprianum</strong></span> <span class='ocrx_word' id='word_1_363' title='bbox 3660 2581 3740 2657; x_wconf 64' lang='lat' dir='ltr'><strong>de</strong></span> <span class='ocrx_word' id='word_1_364' title='bbox 3769 2581 3915 2651; x_wconf 87' lang='lat' dir='ltr'><strong>bap-</strong></span> 
     </span>
    </p>
   </div>
   <div class='ocr_carea' id='block_1_26' title="bbox 573 2672 3900 2751">
    <p class='ocr_par' dir='ltr' id='par_1_26' title="bbox 573 2672 3900 2751">
     <span class='ocr_line' id='line_1_26' title="bbox 573 2672 3900 2751; baseline 0.001 -21"><span class='ocrx_word' id='word_1_365' title='bbox 573 2678 732 2733; x_wconf 87' lang='lat' dir='ltr'><strong>tismo</strong></span> <span class='ocrx_word' id='word_1_366' title='bbox 764 2678 1146 2735; x_wconf 64' lang='lat' dir='ltr'><strong>haereticorum</strong></span> <span class='ocrx_word' id='word_1_367' title='bbox 1177 2680 1446 2747; x_wconf 88' lang='lat' dir='ltr'><strong>sensisse,</strong></span> <span class='ocrx_word' id='word_1_368' title='bbox 1474 2694 1537 2735; x_wconf 89' lang='lat' dir='ltr'><strong>ac</strong></span> <span class='ocrx_word' id='word_1_369' title='bbox 1562 2679 1742 2751; x_wconf 90' lang='lat' dir='ltr'><strong>plures</strong></span> <span class='ocrx_word' id='word_1_370' title='bbox 1767 2693 1829 2735; x_wconf 89' lang='lat' dir='ltr'><strong>ea</strong></span> <span class='ocrx_word' id='word_1_371' title='bbox 1855 2677 1925 2734; x_wconf 89' lang='lat' dir='ltr'><strong>de</strong></span> <span class='ocrx_word' id='word_1_372' title='bbox 1954 2691 2013 2733; x_wconf 89' lang='lat' dir='ltr'><strong>re</strong></span> <span class='ocrx_word' id='word_1_373' title='bbox 2040 2676 2244 2732; x_wconf 87' lang='lat' dir='ltr'><strong>litteras</strong></span> <span class='ocrx_word' id='word_1_374' title='bbox 2272 2674 2581 2746; x_wconf 76' lang='lat' dir='ltr'><strong>scripsisse;</strong></span> <span class='ocrx_word' id='word_1_375' title='bbox 2615 2673 2708 2730; x_wconf 85' lang='lat' dir='ltr'><strong>sed</strong></span> <span class='ocrx_word' id='word_1_376' title='bbox 2741 2673 2839 2728; x_wconf 85' lang='lat' dir='ltr'><strong>hac</strong></span> <span class='ocrx_word' id='word_1_377' title='bbox 2875 2674 2928 2729; x_wconf 90' lang='lat' dir='ltr'><strong>in</strong></span> <span class='ocrx_word' id='word_1_378' title='bbox 2969 2688 3027 2730; x_wconf 89' lang='lat' dir='ltr'><strong>re</strong></span> <span class='ocrx_word' id='word_1_379' title='bbox 3054 2685 3253 2746; x_wconf 85' lang='lat' dir='ltr'><strong>pugnat</strong></span> <span class='ocrx_word' id='word_1_380' title='bbox 3278 2672 3638 2746; x_wconf 80' lang='lat' dir='ltr'><strong>Hieronymus</strong></span> <span class='ocrx_word' id='word_1_381' title='bbox 3667 2675 3900 2732; x_wconf 80' lang='lat' dir='ltr'><strong>adversa</strong></span> 
     </span>
    </p>
   </div>
   <div class='ocr_carea' id='block_1_27' title="bbox 571 2771 1157 2831">
    <p class='ocr_par' dir='ltr' id='par_1_27' title="bbox 571 2771 1157 2831">
     <span class='ocr_line' id='line_1_27' title="bbox 571 2771 1157 2831; baseline 0.002 -4"><span class='ocrx_word' id='word_1_382' title='bbox 571 2771 753 2829; x_wconf 83' lang='lat' dir='ltr'><strong>fronte</strong></span> <span class='ocrx_word' id='word_1_383' title='bbox 779 2788 899 2828; x_wconf 93' lang='lat' dir='ltr'><strong>cum</strong></span> <span class='ocrx_word' id='word_1_384' title='bbox 933 2773 1157 2831; x_wconf 88' lang='lat' dir='ltr'><strong>Basilio.</strong></span> 
     </span>
    </p>
   </div>
   <div class='ocr_carea' id='block_1_28' title="bbox 574 2861 3911 2937">
    <p class='ocr_par' dir='ltr' id='par_1_28' title="bbox 574 2861 3911 2937">
     <span class='ocr_line' id='line_1_28' title="bbox 574 2861 3911 2937; baseline 0.001 -20"><span class='ocrx_word' id='word_1_385' title='bbox 574 2890 579 2891; x_wconf 50' lang='grc' dir='ltr'>ί</span> <span class='ocrx_word' id='word_1_386' title='bbox 646 2862 764 2933; x_wconf 89' lang='lat' dir='ltr'><strong>Ipsa</strong></span> <span class='ocrx_word' id='word_1_387' title='bbox 794 2864 953 2919; x_wconf 89' lang='lat' dir='ltr'><strong>etiam</strong></span> <span class='ocrx_word' id='word_1_388' title='bbox 981 2864 1163 2921; x_wconf 83' lang='lat' dir='ltr'><strong>Africa</strong></span> <span class='ocrx_word' id='word_1_389' title='bbox 1190 2866 1343 2921; x_wconf 88' lang='lat' dir='ltr'><strong>testis</strong></span> <span class='ocrx_word' id='word_1_390' title='bbox 1381 2865 1533 2921; x_wconf 88' lang='lat' dir='ltr'><strong>citari</strong></span> <span class='ocrx_word' id='word_1_391' title='bbox 1573 2873 1750 2937; x_wconf 85' lang='lat' dir='ltr'><strong>potest</strong></span> <span class='ocrx_word' id='word_1_392' title='bbox 1784 2863 1928 2920; x_wconf 89' lang='lat' dir='ltr'><strong>illius</strong></span> <span class='ocrx_word' id='word_1_393' title='bbox 1959 2862 2259 2919; x_wconf 88' lang='lat' dir='ltr'><strong>traditionis</strong></span> <span class='ocrx_word' id='word_1_394' title='bbox 2299 2877 2459 2934; x_wconf 90' lang='lat' dir='ltr'><strong>quam</strong></span> <span class='ocrx_word' id='word_1_395' title='bbox 2506 2861 2768 2918; x_wconf 88' lang='lat' dir='ltr'><strong>acerrime</strong></span> <span class='ocrx_word' id='word_1_396' title='bbox 2813 2861 3162 2935; x_wconf 80' lang='lat' dir='ltr'><strong>impugnavit.</strong></span> <span class='ocrx_word' id='word_1_397' title='bbox 3218 2861 3403 2935; x_wconf 69' lang='lat' dir='ltr'><strong>Neque</strong></span> <span class='ocrx_word' id='word_1_398' title='bbox 3431 2862 3576 2919; x_wconf 90' lang='lat' dir='ltr'><strong>enim</strong></span> <span class='ocrx_word' id='word_1_399' title='bbox 3616 2862 3730 2920; x_wconf 76' lang='lat' dir='ltr'><strong>Afri</strong></span> <span class='ocrx_word' id='word_1_400' title='bbox 3778 2871 3911 2920; x_wconf 85' lang='lat' dir='ltr'><strong>ante</strong></span> 
     </span>
    </p>
   </div>
   <div class='ocr_carea' id='block_1_29' title="bbox 573 2959 3909 3041">
    <p class='ocr_par' dir='ltr' id='par_1_29' title="bbox 573 2959 3909 3041">
     <span class='ocr_line' id='line_1_29' title="bbox 573 2959 3909 3041; baseline 0.002 -28"><span class='ocrx_word' id='word_1_401' title='bbox 573 2959 848 3030; x_wconf 66' lang='lat' dir='ltr'><strong>ﬂgrippini</strong></span> <span class='ocrx_word' id='word_1_402' title='bbox 879 2960 1095 3018; x_wconf 84' lang='lat' dir='ltr'><strong>decreta</strong></span> <span class='ocrx_word' id='word_1_403' title='bbox 1124 2960 1450 3033; x_wconf 88' lang='lat' dir='ltr'><strong>baptismum</strong></span> <span class='ocrx_word' id='word_1_404' title='bbox 1496 2961 1564 3016; x_wconf 88' lang='lat' dir='ltr'><strong>ab</strong></span> <span class='ocrx_word' id='word_1_405' title='bbox 1591 2961 1857 3017; x_wconf 69' lang='lat' dir='ltr'><strong>haereticis</strong></span> <span class='ocrx_word' id='word_1_406' title='bbox 1896 2960 2078 3016; x_wconf 85' lang='lat' dir='ltr'><strong>datum</strong></span> <span class='ocrx_word' id='word_1_407' title='bbox 2123 2960 2416 3026; x_wconf 88' lang='lat' dir='ltr'><strong>iterabant;</strong></span> <span class='ocrx_word' id='word_1_408' title='bbox 2467 2960 2626 3032; x_wconf 88' lang='lat' dir='ltr'><strong>idque</strong></span> <span class='ocrx_word' id='word_1_409' title='bbox 2672 2961 2816 3031; x_wconf 88' lang='lat' dir='ltr'><strong>ipsos</strong></span> <span class='ocrx_word' id='word_1_410' title='bbox 2864 2976 2984 3041; x_wconf 79' lang='lat' dir='ltr'><strong>esse</strong></span> <span class='ocrx_word' id='word_1_411' title='bbox 3029 2961 3308 3018; x_wconf 88' lang='lat' dir='ltr'><strong>confessos</strong></span> <span class='ocrx_word' id='word_1_412' title='bbox 3343 2963 3660 3035; x_wconf 86' lang='lat' dir='ltr'><strong>perspicitur</strong></span> <span class='ocrx_word' id='word_1_413' title='bbox 3703 2979 3770 3019; x_wconf 80' lang='lat' dir='ltr'><strong>ex</strong></span> <span class='ocrx_word' id='word_1_414' title='bbox 3818 2964 3909 3018; x_wconf 85' lang='lat' dir='ltr'><strong>bis</strong></span> 
     </span>
    </p>
   </div>
   <div class='ocr_carea' id='block_1_30' title="bbox 570 3053 3908 3130">
    <p class='ocr_par' dir='ltr' id='par_1_30' title="bbox 570 3053 3908 3130">
     <span class='ocr_line' id='line_1_30' title="bbox 570 3053 3908 3130; baseline 0.002 -22"><span class='ocrx_word' id='word_1_415' title='bbox 570 3053 868 3111; x_wconf 80' lang='lat' dir='ltr'><strong>Firmiliani</strong></span> <span class='ocrx_word' id='word_1_416' title='bbox 894 3055 1103 3112; x_wconf 85' lang='lat' dir='ltr'><strong>verbis:</strong></span> <span class='ocrx_word' id='word_1_417' title='bbox 1130 3076 1148 3109; x_wconf 88' lang='grc' dir='ltr'><strong>ι</strong></span> <span class='ocrx_word' id='word_1_418' title='bbox 1171 3057 1324 3125; x_wconf 85' lang='lat' dir='ltr'><strong>Quod</strong></span> <span class='ocrx_word' id='word_1_419' title='bbox 1350 3056 1564 3128; x_wconf 87' lang='lat' dir='ltr'><strong>quidem</strong></span> <span class='ocrx_word' id='word_1_420' title='bbox 1586 3056 1842 3113; x_wconf 85' lang='lat' dir='ltr'><strong>adversus</strong></span> <span class='ocrx_word' id='word_1_421' title='bbox 1868 3055 2198 3127; x_wconf 89' lang='lat' dir='ltr'><strong>Stephanum</strong></span> <span class='ocrx_word' id='word_1_422' title='bbox 2220 3071 2316 3111; x_wconf 90' lang='lat' dir='ltr'><strong>vos</strong></span> <span class='ocrx_word' id='word_1_423' title='bbox 2343 3055 2541 3121; x_wconf 89' lang='lat' dir='ltr'><strong>dicere,</strong></span> <span class='ocrx_word' id='word_1_424' title='bbox 2576 3055 2711 3123; x_wconf 85' lang='lat' dir='ltr'><strong>Afri,</strong></span> <span class='ocrx_word' id='word_1_425' title='bbox 2742 3057 2964 3126; x_wconf 82' lang='lat' dir='ltr'><strong>potestis</strong></span> <span class='ocrx_word' id='word_1_426' title='bbox 2987 3100 3002 3124; x_wconf 95' lang='lat'><strong>,</strong></span> <span class='ocrx_word' id='word_1_427' title='bbox 3025 3059 3236 3130; x_wconf 86' lang='lat' dir='ltr'><strong>cognita</strong></span> <span class='ocrx_word' id='word_1_428' title='bbox 3262 3060 3515 3127; x_wconf 81' lang='lat' dir='ltr'><strong>veritate,</strong></span> <span class='ocrx_word' id='word_1_429' title='bbox 3544 3075 3784 3116; x_wconf 87' lang='lat' dir='ltr'><strong>errorem</strong></span> <span class='ocrx_word' id='word_1_430' title='bbox 3806 3076 3908 3118; x_wconf 78' lang='lat' dir='ltr'><strong>vos</strong></span> 
     </span>
    </p>
   </div>
   <div class='ocr_carea' id='block_1_31' title="bbox 568 3145 3897 3224">
    <p class='ocr_par' dir='ltr' id='par_1_31' title="bbox 568 3145 3897 3224">
     <span class='ocr_line' id='line_1_31' title="bbox 568 3145 3897 3224; baseline 0.004 -25"><span class='ocrx_word' id='word_1_431' title='bbox 568 3145 973 3201; x_wconf 88' lang='lat' dir='ltr'><strong>consuetudinis</strong></span> <span class='ocrx_word' id='word_1_432' title='bbox 1002 3147 1305 3219; x_wconf 89' lang='lat' dir='ltr'><strong>reliquisse.</strong></span> <span class='ocrx_word' id='word_1_433' title='bbox 1338 3166 1358 3201; x_wconf 69' lang='grc' dir='ltr'><strong>ι</strong></span> <span class='ocrx_word' id='word_1_434' title='bbox 1396 3145 1515 3220; x_wconf 87' lang='lat' dir='ltr'><strong>Ipse</strong></span> <span class='ocrx_word' id='word_1_435' title='bbox 1541 3149 1701 3203; x_wconf 88' lang='lat' dir='ltr'><strong>etiam</strong></span> <span class='ocrx_word' id='word_1_436' title='bbox 1727 3147 2028 3220; x_wconf 82' lang='lat' dir='ltr'><strong>Cyprianus</strong></span> <span class='ocrx_word' id='word_1_437' title='bbox 2053 3190 2068 3214; x_wconf 90' lang='lat'><strong>,</strong></span> <span class='ocrx_word' id='word_1_438' title='bbox 2096 3147 2224 3203; x_wconf 91' lang='lat' dir='ltr'><strong>dum</strong></span> <span class='ocrx_word' id='word_1_439' title='bbox 2256 3148 2329 3203; x_wconf 87' lang='lat' dir='ltr'><strong>ait</strong></span> <span class='ocrx_word' id='word_1_440' title='bbox 2358 3148 2409 3203; x_wconf 92' lang='lat' dir='ltr'><strong>in</strong></span> <span class='ocrx_word' id='word_1_441' title='bbox 2440 3147 2612 3219; x_wconf 87' lang='lat' dir='ltr'><strong>Epist.</strong></span> <span class='ocrx_word' id='word_1_442' title='bbox 2646 3148 2714 3201; x_wconf 84' lang='lat' dir='ltr'><strong>ad</strong></span> <span class='ocrx_word' id='word_1_443' title='bbox 2741 3148 2916 3204; x_wconf 84' lang='lat' dir='ltr'><strong>anni.</strong></span> <span class='ocrx_word' id='word_1_444' title='bbox 2942 3166 3048 3206; x_wconf 91' lang='lat' dir='ltr'><strong>non</strong></span> <span class='ocrx_word' id='word_1_445' title='bbox 3081 3162 3270 3207; x_wconf 88' lang='lat' dir='ltr'><strong>novam</strong></span> <span class='ocrx_word' id='word_1_446' title='bbox 3302 3161 3391 3207; x_wconf 88' lang='lat' dir='ltr'><strong>aut</strong></span> <span class='ocrx_word' id='word_1_447' title='bbox 3417 3154 3748 3224; x_wconf 88' lang='lat' dir='ltr'><strong>repentinam</strong></span> <span class='ocrx_word' id='word_1_448' title='bbox 3776 3170 3897 3212; x_wconf 88' lang='lat' dir='ltr'><strong>rem</strong></span> 
     </span>
    </p>
   </div>
   <div class='ocr_carea' id='block_1_32' title="bbox 570 3239 3900 3317">
    <p class='ocr_par' dir='ltr' id='par_1_32' title="bbox 570 3239 3900 3317">
     <span class='ocr_line' id='line_1_32' title="bbox 570 3239 3900 3317; baseline 0.003 -24"><span class='ocrx_word' id='word_1_449' title='bbox 570 3253 691 3296; x_wconf 87' lang='lat' dir='ltr'><strong>esse</strong></span> <span class='ocrx_word' id='word_1_450' title='bbox 748 3251 806 3295; x_wconf 92' lang='lat' dir='ltr'><strong>ut</strong></span> <span class='ocrx_word' id='word_1_451' title='bbox 838 3239 1177 3311; x_wconf 85' lang='lat' dir='ltr'><strong>baptizentur</strong></span> <span class='ocrx_word' id='word_1_452' title='bbox 1204 3244 1296 3313; x_wconf 89' lang='lat' dir='ltr'><strong>qui</strong></span> <span class='ocrx_word' id='word_1_453' title='bbox 1324 3242 1393 3296; x_wconf 89' lang='lat' dir='ltr'><strong>ab</strong></span> <span class='ocrx_word' id='word_1_454' title='bbox 1424 3242 1688 3298; x_wconf 63' lang='lat' dir='ltr'><strong>haereticis</strong></span> <span class='ocrx_word' id='word_1_455' title='bbox 1718 3242 1769 3296; x_wconf 91' lang='lat' dir='ltr'><strong>in</strong></span> <span class='ocrx_word' id='word_1_456' title='bbox 1800 3241 2099 3297; x_wconf 83' lang='lat' dir='ltr'><strong>Ecclesiam</strong></span> <span class='ocrx_word' id='word_1_457' title='bbox 2127 3241 2349 3297; x_wconf 90' lang='lat' dir='ltr'><strong>veniunt</strong></span> <span class='ocrx_word' id='word_1_458' title='bbox 2375 3284 2389 3308; x_wconf 95' lang='lat'><strong>,</strong></span> <span class='ocrx_word' id='word_1_459' title='bbox 2423 3241 2520 3297; x_wconf 89' lang='lat' dir='ltr'><strong>sed</strong></span> <span class='ocrx_word' id='word_1_460' title='bbox 2557 3242 2753 3298; x_wconf 90' lang='lat' dir='ltr'><strong>multos</strong></span> <span class='ocrx_word' id='word_1_461' title='bbox 2786 3258 2955 3299; x_wconf 89' lang='lat' dir='ltr'><strong>annos</strong></span> <span class='ocrx_word' id='word_1_462' title='bbox 2985 3259 3108 3300; x_wconf 89' lang='lat' dir='ltr'><strong>esse</strong></span> <span class='ocrx_word' id='word_1_463' title='bbox 3160 3260 3226 3300; x_wconf 85' lang='lat' dir='ltr'><strong>ex</strong></span> <span class='ocrx_word' id='word_1_464' title='bbox 3264 3262 3369 3314; x_wconf 91' lang='lat' dir='ltr'><strong>quo</strong></span> <span class='ocrx_word' id='word_1_465' title='bbox 3392 3244 3492 3301; x_wconf 87' lang='lat' dir='ltr'><strong>sub</strong></span> <span class='ocrx_word' id='word_1_466' title='bbox 3520 3245 3814 3317; x_wconf 78' lang='lat' dir='ltr'><strong>Agrippino</strong></span> <span class='ocrx_word' id='word_1_467' title='bbox 3841 3247 3900 3303; x_wconf 90' lang='lat' dir='ltr'><strong>id</strong></span> 
     </span>
    </p>
   </div>
   <div class='ocr_carea' id='block_1_33' title="bbox 566 3333 3898 3411">
    <p class='ocr_par' dir='ltr' id='par_1_33' title="bbox 566 3333 3898 3411">
     <span class='ocr_line' id='line_1_33' title="bbox 566 3333 3898 3411; baseline 0.002 -25"><span class='ocrx_word' id='word_1_468' title='bbox 566 3333 806 3405; x_wconf 89' lang='lat' dir='ltr'><strong>episcopi</strong></span> <span class='ocrx_word' id='word_1_469' title='bbox 839 3333 891 3389; x_wconf 92' lang='lat' dir='ltr'><strong>in</strong></span> <span class='ocrx_word' id='word_1_470' title='bbox 919 3335 1149 3391; x_wconf 90' lang='lat' dir='ltr'><strong>concilio</strong></span> <span class='ocrx_word' id='word_1_471' title='bbox 1173 3343 1503 3403; x_wconf 87' lang='lat' dir='ltr'><strong>statuerant,</strong></span> <span class='ocrx_word' id='word_1_472' title='bbox 1536 3350 1646 3391; x_wconf 86' lang='lat' dir='ltr'><strong>non</strong></span> <span class='ocrx_word' id='word_1_473' title='bbox 1674 3335 1903 3391; x_wconf 88' lang='lat' dir='ltr'><strong>obscure</strong></span> <span class='ocrx_word' id='word_1_474' title='bbox 1934 3334 2001 3391; x_wconf 91' lang='lat' dir='ltr'><strong>de</strong></span> <span class='ocrx_word' id='word_1_475' title='bbox 2043 3333 2279 3390; x_wconf 88' lang='lat' dir='ltr'><strong>novitate</strong></span> <span class='ocrx_word' id='word_1_476' title='bbox 2308 3333 2578 3405; x_wconf 91' lang='lat' dir='ltr'><strong>opinionis</strong></span> <span class='ocrx_word' id='word_1_477' title='bbox 2606 3350 2717 3390; x_wconf 63' lang='lat' dir='ltr'><strong>suae</strong></span> <span class='ocrx_word' id='word_1_478' title='bbox 2764 3337 3074 3405; x_wconf 89' lang='lat' dir='ltr'><strong>conﬁtetur,</strong></span> <span class='ocrx_word' id='word_1_479' title='bbox 3110 3337 3360 3407; x_wconf 88' lang='lat' dir='ltr'><strong>illiusque</strong></span> <span class='ocrx_word' id='word_1_480' title='bbox 3392 3338 3590 3395; x_wconf 89' lang='lat' dir='ltr'><strong>fontem</strong></span> <span class='ocrx_word' id='word_1_481' title='bbox 3636 3351 3690 3396; x_wconf 91' lang='lat' dir='ltr'><strong>et</strong></span> <span class='ocrx_word' id='word_1_482' title='bbox 3728 3347 3898 3411; x_wconf 87' lang='lat' dir='ltr'><strong>caput</strong></span> 
     </span>
    </p>
   </div>
   <div class='ocr_carea' id='block_1_34' title="bbox 568 3426 3892 3506">
    <p class='ocr_par' dir='ltr' id='par_1_34' title="bbox 568 3426 3892 3506">
     <span class='ocr_line' id='line_1_34' title="bbox 568 3426 3892 3506; baseline 0.003 -23"><span class='ocrx_word' id='word_1_483' title='bbox 568 3426 920 3498; x_wconf 85' lang='lat' dir='ltr'><strong>Agrippinum</strong></span> <span class='ocrx_word' id='word_1_484' title='bbox 952 3430 1214 3502; x_wconf 82' lang='lat' dir='ltr'><strong>agnoscit.</strong></span> <span class='ocrx_word' id='word_1_485' title='bbox 1250 3430 1591 3487; x_wconf 78' lang='lat' dir='ltr'><strong>Existimavit</strong></span> <span class='ocrx_word' id='word_1_486' title='bbox 1620 3430 1949 3501; x_wconf 83' lang='lat' dir='ltr'><strong>Augustinus</strong></span> <span class='ocrx_word' id='word_1_487' title='bbox 1982 3429 2255 3485; x_wconf 89' lang='lat' dir='ltr'><strong>inductum</strong></span> <span class='ocrx_word' id='word_1_488' title='bbox 2282 3430 2352 3485; x_wconf 89' lang='lat' dir='ltr'><strong>ab</strong></span> <span class='ocrx_word' id='word_1_489' title='bbox 2379 3430 2675 3502; x_wconf 78' lang='lat' dir='ltr'><strong>Agrippino</strong></span> <span class='ocrx_word' id='word_1_490' title='bbox 2703 3448 2910 3489; x_wconf 88' lang='lat' dir='ltr'><strong>morem</strong></span> <span class='ocrx_word' id='word_1_491' title='bbox 2930 3474 2947 3500; x_wconf 90' lang='lat'><strong>,</strong></span> <span class='ocrx_word' id='word_1_492' title='bbox 2985 3449 3107 3489; x_wconf 90' lang='lat' dir='ltr'><strong>cum</strong></span> <span class='ocrx_word' id='word_1_493' title='bbox 3136 3435 3299 3506; x_wconf 89' lang='lat' dir='ltr'><strong>paulo</strong></span> <span class='ocrx_word' id='word_1_494' title='bbox 3329 3447 3451 3506; x_wconf 90' lang='lat' dir='ltr'><strong>post</strong></span> <span class='ocrx_word' id='word_1_495' title='bbox 3495 3437 3828 3506; x_wconf 72' lang='lat' dir='ltr'><strong>eaaruisset,</strong></span> <span class='ocrx_word' id='word_1_496' title='bbox 3855 3453 3892 3494; x_wconf 84' lang='lat' dir='ltr'><strong>a</strong></span> 
     </span>
    </p>
   </div>
   <div class='ocr_carea' id='block_1_35' title="bbox 565 3519 3888 3603">
    <p class='ocr_par' dir='ltr' id='par_1_35' title="bbox 565 3519 3888 3603">
     <span class='ocr_line' id='line_1_35' title="bbox 565 3519 3888 3603; baseline 0.004 -29"><span class='ocrx_word' id='word_1_497' title='bbox 565 3519 836 3591; x_wconf 75' lang='lat' dir='ltr'><strong>Cypriane</strong></span> <span class='ocrx_word' id='word_1_498' title='bbox 866 3532 1173 3579; x_wconf 85' lang='lat' dir='ltr'><strong>revocatum</strong></span> <span class='ocrx_word' id='word_1_499' title='bbox 1205 3523 1389 3581; x_wconf 85' lang='lat' dir='ltr'><strong>fuisse.</strong></span> <span class='ocrx_word' id='word_1_500' title='bbox 1422 3524 1529 3581; x_wconf 89' lang='lat' dir='ltr'><strong>Sed</strong></span> <span class='ocrx_word' id='word_1_501' title='bbox 1563 3524 1613 3579; x_wconf 91' lang='lat' dir='ltr'><strong>id</strong></span> <span class='ocrx_word' id='word_1_502' title='bbox 1643 3525 1865 3580; x_wconf 92' lang='lat' dir='ltr'><strong>omnino</strong></span> <span class='ocrx_word' id='word_1_503' title='bbox 1893 3534 2111 3595; x_wconf 85' lang='lat' dir='ltr'><strong>pugnat,</strong></span> <span class='ocrx_word' id='word_1_504' title='bbox 2160 3531 2217 3578; x_wconf 91' lang='lat' dir='ltr'><strong>ut</strong></span> <span class='ocrx_word' id='word_1_505' title='bbox 2259 3524 2567 3581; x_wconf 84' lang='lat' dir='ltr'><strong>observavit</strong></span> <span class='ocrx_word' id='word_1_506' title='bbox 2608 3525 2986 3584; x_wconf 88' lang='lat' dir='ltr'><strong>Tillemontius</strong></span> <span class='ocrx_word' id='word_1_507' title='bbox 3008 3571 3022 3597; x_wconf 93' lang='lat'><strong>,</strong></span> <span class='ocrx_word' id='word_1_508' title='bbox 3067 3544 3191 3585; x_wconf 90' lang='lat' dir='ltr'><strong>eum</strong></span> <span class='ocrx_word' id='word_1_509' title='bbox 3219 3530 3304 3585; x_wconf 89' lang='lat' dir='ltr'><strong>his</strong></span> <span class='ocrx_word' id='word_1_510' title='bbox 3334 3530 3584 3603; x_wconf 80' lang='lat' dir='ltr'><strong>Cypriani</strong></span> <span class='ocrx_word' id='word_1_511' title='bbox 3613 3532 3793 3588; x_wconf 86' lang='lat' dir='ltr'><strong>verbis</strong></span> <span class='ocrx_word' id='word_1_512' title='bbox 3816 3547 3888 3587; x_wconf 82' lang='lat' dir='ltr'><strong>ex</strong></span> 
     </span>
    </p>
   </div>
   <div class='ocr_carea' id='block_1_36' title="bbox 566 3615 3893 3701">
    <p class='ocr_par' dir='ltr' id='par_1_36' title="bbox 566 3615 3893 3701">
     <span class='ocr_line' id='line_1_36' title="bbox 566 3615 3893 3701; baseline 0.005 -30"><span class='ocrx_word' id='word_1_513' title='bbox 566 3615 715 3687; x_wconf 79' lang='lat' dir='ltr'><strong>Epist</strong></span> <span class='ocrx_word' id='word_1_514' title='bbox 766 3618 835 3672; x_wconf 85' lang='lat' dir='ltr'><strong>ad</strong></span> <span class='ocrx_word' id='word_1_515' title='bbox 856 3618 1031 3675; x_wconf 83' lang='lat' dir='ltr'><strong>Jubai.</strong></span> <span class='ocrx_word' id='word_1_516' title='bbox 1069 3642 1082 3677; x_wconf 88' lang='lat'><strong>:</strong></span> <span class='ocrx_word' id='word_1_517' title='bbox 1118 3639 1137 3672; x_wconf 85' lang='grc' dir='ltr'><strong>ι</strong></span> <span class='ocrx_word' id='word_1_518' title='bbox 1170 3621 1395 3689; x_wconf 86' lang='lat' dir='ltr'><strong>Quando</strong></span> <span class='ocrx_word' id='word_1_519' title='bbox 1423 3622 1618 3677; x_wconf 84' lang='lat' dir='ltr'><strong>exinde</strong></span> <span class='ocrx_word' id='word_1_520' title='bbox 1664 3623 1884 3695; x_wconf 89' lang='lat' dir='ltr'><strong>(nempe</strong></span> <span class='ocrx_word' id='word_1_521' title='bbox 1912 3622 1979 3677; x_wconf 86' lang='lat' dir='ltr'><strong>ab</strong></span> <span class='ocrx_word' id='word_1_522' title='bbox 2001 3622 2317 3695; x_wconf 79' lang='lat' dir='ltr'><strong>Agrippino)</strong></span> <span class='ocrx_word' id='word_1_523' title='bbox 2346 3638 2514 3695; x_wconf 86' lang='lat' dir='ltr'><strong>usque</strong></span> <span class='ocrx_word' id='word_1_524' title='bbox 2546 3625 2596 3679; x_wconf 92' lang='lat' dir='ltr'><strong>in</strong></span> <span class='ocrx_word' id='word_1_525' title='bbox 2626 3623 2948 3682; x_wconf 84' lang='lat' dir='ltr'><strong>hodiernum</strong></span> <span class='ocrx_word' id='word_1_526' title='bbox 2978 3636 3057 3683; x_wconf 92' lang='lat' dir='ltr'><strong>tot</strong></span> <span class='ocrx_word' id='word_1_527' title='bbox 3086 3628 3251 3686; x_wconf 84' lang='lat' dir='ltr'><strong>millia</strong></span> <span class='ocrx_word' id='word_1_528' title='bbox 3281 3629 3654 3686; x_wconf 75' lang='lat' dir='ltr'><strong>bmrctieorum</strong></span> <span class='ocrx_word' id='word_1_529' title='bbox 3687 3630 3739 3685; x_wconf 90' lang='lat' dir='ltr'><strong>in</strong></span> <span class='ocrx_word' id='word_1_530' title='bbox 3763 3644 3893 3701; x_wconf 85' lang='lat' dir='ltr'><strong>pro-</strong></span> 
     </span>
    </p>
   </div>
   <div class='ocr_carea' id='block_1_37' title="bbox 563 3708 3889 3788">
    <p class='ocr_par' dir='ltr' id='par_1_37' title="bbox 563 3708 3889 3788">
     <span class='ocr_line' id='line_1_37' title="bbox 563 3708 3889 3788; baseline 0.005 -27"><span class='ocrx_word' id='word_1_531' title='bbox 563 3708 752 3765; x_wconf 91' lang='lat' dir='ltr'><strong>vinciis</strong></span> <span class='ocrx_word' id='word_1_532' title='bbox 780 3713 979 3766; x_wconf 89' lang='lat' dir='ltr'><strong>nostris</strong></span> <span class='ocrx_word' id='word_1_533' title='bbox 1002 3711 1068 3767; x_wconf 89' lang='lat' dir='ltr'><strong>ad</strong></span> <span class='ocrx_word' id='word_1_534' title='bbox 1096 3713 1394 3769; x_wconf 87' lang='lat' dir='ltr'><strong>Ecclesiam</strong></span> <span class='ocrx_word' id='word_1_535' title='bbox 1421 3714 1671 3769; x_wconf 87' lang='lat' dir='ltr'><strong>conversi</strong></span> <span class='ocrx_word' id='word_1_536' title='bbox 1692 3756 1707 3781; x_wconf 93' lang='lat'><strong>,</strong></span> <span class='ocrx_word' id='word_1_537' title='bbox 1750 3729 1857 3769; x_wconf 89' lang='lat' dir='ltr'><strong>non</strong></span> <span class='ocrx_word' id='word_1_538' title='bbox 1902 3715 2175 3787; x_wconf 87' lang='lat' dir='ltr'><strong>aspernati</strong></span> <span class='ocrx_word' id='word_1_539' title='bbox 2214 3716 2357 3781; x_wconf 91' lang='lat' dir='ltr'><strong>sint,</strong></span> <span class='ocrx_word' id='word_1_540' title='bbox 2400 3732 2576 3788; x_wconf 89' lang='lat' dir='ltr'><strong>neque</strong></span> <span class='ocrx_word' id='word_1_541' title='bbox 2597 3721 2828 3775; x_wconf 89' lang='lat' dir='ltr'><strong>cunctati</strong></span> <span class='ocrx_word' id='word_1_542' title='bbox 2852 3760 2868 3788; x_wconf 92' lang='lat'><strong>,</strong></span> <span class='ocrx_word' id='word_1_543' title='bbox 2901 3720 3010 3776; x_wconf 87' lang='lat' dir='ltr'><strong>imo</strong></span> <span class='ocrx_word' id='word_1_544' title='bbox 3048 3731 3101 3777; x_wconf 90' lang='lat' dir='ltr'><strong>et</strong></span> <span class='ocrx_word' id='word_1_545' title='bbox 3139 3725 3530 3781; x_wconf 86' lang='lat' dir='ltr'><strong>rationabiliter</strong></span> <span class='ocrx_word' id='word_1_546' title='bbox 3566 3734 3622 3781; x_wconf 91' lang='lat' dir='ltr'><strong>et</strong></span> <span class='ocrx_word' id='word_1_547' title='bbox 3655 3724 3889 3781; x_wconf 84' lang='lat' dir='ltr'><strong>libenter</strong></span> 
     </span>
    </p>
   </div>
   <div class='ocr_carea' id='block_1_38' title="bbox 563 3802 3891 3889">
    <p class='ocr_par' dir='ltr' id='par_1_38' title="bbox 563 3802 3891 3889">
     <span class='ocr_line' id='line_1_38' title="bbox 563 3802 3891 3889; baseline 0.005 -32"><span class='ocrx_word' id='word_1_548' title='bbox 563 3802 796 3874; x_wconf 80' lang='lat' dir='ltr'><strong>amplexi</strong></span> <span class='ocrx_word' id='word_1_549' title='bbox 823 3804 1024 3870; x_wconf 88' lang='lat' dir='ltr'><strong>sint,ut</strong></span> <span class='ocrx_word' id='word_1_550' title='bbox 1043 3806 1239 3861; x_wconf 87' lang='lat' dir='ltr'><strong>lavacri</strong></span> <span class='ocrx_word' id='word_1_551' title='bbox 1267 3806 1443 3864; x_wconf 89' lang='lat' dir='ltr'><strong>vitalis</strong></span> <span class='ocrx_word' id='word_1_552' title='bbox 1470 3818 1522 3863; x_wconf 90' lang='lat' dir='ltr'><strong>et</strong></span> <span class='ocrx_word' id='word_1_553' title='bbox 1548 3808 1800 3863; x_wconf 88' lang='lat' dir='ltr'><strong>salutaris</strong></span> <span class='ocrx_word' id='word_1_554' title='bbox 1828 3808 2085 3879; x_wconf 80' lang='lat' dir='ltr'><strong>Baptismi</strong></span> <span class='ocrx_word' id='word_1_555' title='bbox 2116 3810 2341 3878; x_wconf 84' lang='lat' dir='ltr'><strong>gratiam</strong></span> <span class='ocrx_word' id='word_1_556' title='bbox 2367 3821 2848 3882; x_wconf 70' lang='lat' dir='ltr'><strong>consequerentur.</strong></span> <span class='ocrx_word' id='word_1_557' title='bbox 2884 3832 2903 3865; x_wconf 64' lang='grc' dir='ltr'><strong><em>υ</em></strong></span> <span class='ocrx_word' id='word_1_558' title='bbox 2927 3812 3033 3870; x_wconf 89' lang='lat' dir='ltr'><strong>Sed</strong></span> <span class='ocrx_word' id='word_1_559' title='bbox 3060 3816 3103 3870; x_wconf 92' lang='lat' dir='ltr'><strong>si</strong></span> <span class='ocrx_word' id='word_1_560' title='bbox 3119 3814 3419 3889; x_wconf 83' lang='lat' dir='ltr'><strong>Cyprianus</strong></span> <span class='ocrx_word' id='word_1_561' title='bbox 3445 3818 3891 3874; x_wconf 86' lang='lat' dir='ltr'><strong>consuetudinem</strong></span> 
     </span>
    </p>
   </div>
   <div class='ocr_carea' id='block_1_39' title="bbox 560 3893 3887 3981">
    <p class='ocr_par' dir='ltr' id='par_1_39' title="bbox 560 3893 3887 3981">
     <span class='ocr_line' id='line_1_39' title="bbox 560 3893 3887 3981; baseline 0.007 -36"><span class='ocrx_word' id='word_1_562' title='bbox 560 3893 669 3966; x_wconf 86' lang='lat' dir='ltr'><strong>jam</strong></span> <span class='ocrx_word' id='word_1_563' title='bbox 688 3894 979 3950; x_wconf 90' lang='lat' dir='ltr'><strong>stabilitam</strong></span> <span class='ocrx_word' id='word_1_564' title='bbox 992 3895 1255 3967; x_wconf 84' lang='lat' dir='ltr'><strong>defendit,</strong></span> <span class='ocrx_word' id='word_1_565' title='bbox 1277 3913 1469 3953; x_wconf 87' lang='lat' dir='ltr'><strong>novam</strong></span> <span class='ocrx_word' id='word_1_566' title='bbox 1498 3908 1645 3975; x_wconf 80' lang='lat' dir='ltr'><strong>certe</strong></span> <span class='ocrx_word' id='word_1_567' title='bbox 1666 3898 1993 3970; x_wconf 82' lang='lat' dir='ltr'><strong>Agrippinus</strong></span> <span class='ocrx_word' id='word_1_568' title='bbox 2018 3899 2245 3969; x_wconf 87' lang='lat' dir='ltr'><strong>induxit,</strong></span> <span class='ocrx_word' id='word_1_569' title='bbox 2268 3909 2327 3955; x_wconf 92' lang='lat' dir='ltr'><strong>ut</strong></span> <span class='ocrx_word' id='word_1_570' title='bbox 2349 3911 2425 3956; x_wconf 91' lang='lat' dir='ltr'><strong>tot</strong></span> <span class='ocrx_word' id='word_1_571' title='bbox 2455 3902 2587 3959; x_wconf 91' lang='lat' dir='ltr'><strong>locis</strong></span> <span class='ocrx_word' id='word_1_572' title='bbox 2612 3904 2865 3961; x_wconf 88' lang='lat' dir='ltr'><strong>observat</strong></span> <span class='ocrx_word' id='word_1_573' title='bbox 2884 3908 3210 3978; x_wconf 78' lang='lat' dir='ltr'><strong>Augustinus</strong></span> <span class='ocrx_word' id='word_1_574' title='bbox 3227 3911 3279 3966; x_wconf 90' lang='lat' dir='ltr'><strong>in</strong></span> <span class='ocrx_word' id='word_1_575' title='bbox 3329 3911 3479 3967; x_wconf 89' lang='lat' dir='ltr'><strong>libris</strong></span> <span class='ocrx_word' id='word_1_576' title='bbox 3494 3911 3561 3969; x_wconf 87' lang='lat' dir='ltr'><strong>de</strong></span> <span class='ocrx_word' id='word_1_577' title='bbox 3592 3912 3887 3981; x_wconf 77' lang='lat' dir='ltr'><strong>Daptismo.</strong></span> 
     </span>
    </p>
   </div>
   <div class='ocr_carea' id='block_1_40' title="bbox 640 3983 3936 4074">
    <p class='ocr_par' dir='ltr' id='par_1_40' title="bbox 640 3983 3936 4074">
     <span class='ocr_line' id='line_1_40' title="bbox 640 3983 3936 4074; baseline 0.005 -33"><span class='ocrx_word' id='word_1_578' title='bbox 640 3985 733 4043; x_wconf 90' lang='lat' dir='ltr'><strong>llis</strong></span> <span class='ocrx_word' id='word_1_579' title='bbox 760 3983 1401 4061; x_wconf 65' lang='lat' dir='ltr'><strong>testimoniis&#39;plurimum</strong></span> <span class='ocrx_word' id='word_1_580' title='bbox 1442 3990 1591 4046; x_wconf 89' lang='lat' dir='ltr'><strong>addit</strong></span> <span class='ocrx_word' id='word_1_581' title='bbox 1619 3990 1871 4061; x_wconf 89' lang='lat' dir='ltr'><strong>ponderis</strong></span> <span class='ocrx_word' id='word_1_582' title='bbox 1911 4001 2180 4048; x_wconf 88' lang='lat' dir='ltr'><strong>sectarum</strong></span> <span class='ocrx_word' id='word_1_583' title='bbox 2207 4007 2505 4049; x_wconf 85' lang='lat' dir='ltr'><strong>consensus</strong></span> <span class='ocrx_word' id='word_1_584' title='bbox 2531 4037 2545 4062; x_wconf 92' lang='lat'><strong>,</strong></span> <span class='ocrx_word' id='word_1_585' title='bbox 2590 4011 2711 4066; x_wconf 77' lang='lat' dir='ltr'><strong>quae</strong></span> <span class='ocrx_word' id='word_1_586' title='bbox 2741 4007 3020 4069; x_wconf 88' lang='lat' dir='ltr'><strong>acceptum</strong></span> <span class='ocrx_word' id='word_1_587' title='bbox 3071 4002 3122 4056; x_wconf 92' lang='lat' dir='ltr'><strong>in</strong></span> <span class='ocrx_word' id='word_1_588' title='bbox 3172 4002 3292 4057; x_wconf 88' lang='lat' dir='ltr'><strong>aliis</strong></span> <span class='ocrx_word' id='word_1_589' title='bbox 3339 4003 3501 4058; x_wconf 89' lang='lat' dir='ltr'><strong>sectis</strong></span> <span class='ocrx_word' id='word_1_590' title='bbox 3553 4002 3886 4074; x_wconf 86' lang='lat' dir='ltr'><strong>Baptismum</strong></span> <span class='ocrx_word' id='word_1_591' title='bbox 3925 4030 3936 4043; x_wconf 77' lang='grc' dir='ltr'><strong>ο</strong></span> 
     </span>
    </p>
   </div>
   <div class='ocr_carea' id='block_1_41' title="bbox 565 4076 3883 4166">
    <p class='ocr_par' dir='ltr' id='par_1_41' title="bbox 565 4076 3883 4166">
     <span class='ocr_line' id='line_1_41' title="bbox 565 4076 3883 4166; baseline 0.006 -34"><span class='ocrx_word' id='word_1_592' title='bbox 565 4076 763 4136; x_wconf 84' lang='lat' dir='ltr'><strong>iterare</strong></span> <span class='ocrx_word' id='word_1_593' title='bbox 787 4096 892 4136; x_wconf 86' lang='lat' dir='ltr'><strong>non</strong></span> <span class='ocrx_word' id='word_1_594' title='bbox 922 4080 1211 4138; x_wconf 87' lang='lat' dir='ltr'><strong>audebant.</strong></span> <span class='ocrx_word' id='word_1_595' title='bbox 1247 4082 1378 4152; x_wconf 90' lang='lat' dir='ltr'><strong>Quis</strong></span> <span class='ocrx_word' id='word_1_596' title='bbox 1410 4098 1517 4138; x_wconf 91' lang='lat' dir='ltr'><strong>non</strong></span> <span class='ocrx_word' id='word_1_597' title='bbox 1543 4083 1692 4139; x_wconf 87' lang='lat' dir='ltr'><strong>videt</strong></span> <span class='ocrx_word' id='word_1_598' title='bbox 1720 4092 1797 4139; x_wconf 85' lang='lat' dir='ltr'><strong>tot</strong></span> <span class='ocrx_word' id='word_1_599' title='bbox 1826 4083 2178 4139; x_wconf 87' lang='lat' dir='ltr'><strong>ecclesiarum</strong></span> <span class='ocrx_word' id='word_1_600' title='bbox 2209 4093 2394 4156; x_wconf 86' lang='lat' dir='ltr'><strong>totque</strong></span> <span class='ocrx_word' id='word_1_601' title='bbox 2420 4096 2686 4142; x_wconf 87' lang='lat' dir='ltr'><strong>sectarum</strong></span> <span class='ocrx_word' id='word_1_602' title='bbox 2716 4104 3041 4147; x_wconf 84' lang='lat' dir='ltr'><strong>consensum</strong></span> <span class='ocrx_word' id='word_1_603' title='bbox 3071 4109 3178 4150; x_wconf 91' lang='lat' dir='ltr'><strong>non</strong></span> <span class='ocrx_word' id='word_1_604' title='bbox 3204 4095 3273 4149; x_wconf 88' lang='lat' dir='ltr'><strong>ab</strong></span> <span class='ocrx_word' id='word_1_605' title='bbox 3312 4095 3419 4149; x_wconf 87' lang='lat' dir='ltr'><strong>alio</strong></span> <span class='ocrx_word' id='word_1_606' title='bbox 3444 4095 3622 4166; x_wconf 90' lang='lat' dir='ltr'><strong>capite</strong></span> <span class='ocrx_word' id='word_1_607' title='bbox 3649 4105 3703 4151; x_wconf 90' lang='lat' dir='ltr'><strong>et</strong></span> <span class='ocrx_word' id='word_1_608' title='bbox 3729 4095 3883 4151; x_wconf 76' lang='lat' dir='ltr'><strong>fonte</strong></span> 
     </span>
    </p>
   </div>
   <div class='ocr_carea' id='block_1_42' title="bbox 562 4172 3889 4259">
    <p class='ocr_par' dir='ltr' id='par_1_42' title="bbox 562 4172 3889 4259">
     <span class='ocr_line' id='line_1_42' title="bbox 562 4172 3889 4259; baseline 0.006 -34"><span class='ocrx_word' id='word_1_609' title='bbox 562 4185 721 4242; x_wconf 88' lang='lat' dir='ltr'><strong>quam</strong></span> <span class='ocrx_word' id='word_1_610' title='bbox 746 4172 813 4228; x_wconf 88' lang='lat' dir='ltr'><strong>ab</strong></span> <span class='ocrx_word' id='word_1_611' title='bbox 839 4172 1114 4244; x_wconf 80' lang='lat' dir='ltr'><strong>Apostolis</strong></span> <span class='ocrx_word' id='word_1_612' title='bbox 1143 4174 1385 4241; x_wconf 79' lang='lat' dir='ltr'><strong>ﬂuxisse,</strong></span> <span class='ocrx_word' id='word_1_613' title='bbox 1418 4175 1472 4231; x_wconf 91' lang='lat' dir='ltr'><strong>in</strong></span> <span class='ocrx_word' id='word_1_614' title='bbox 1512 4191 1572 4231; x_wconf 89' lang='lat' dir='ltr'><strong>re</strong></span> <span class='ocrx_word' id='word_1_615' title='bbox 1598 4176 1893 4247; x_wconf 66' lang='lat' dir='ltr'><strong>praesertim</strong></span> <span class='ocrx_word' id='word_1_616' title='bbox 1935 4190 2054 4246; x_wconf 67' lang='lat' dir='ltr'><strong>quae</strong></span> <span class='ocrx_word' id='word_1_617' title='bbox 2082 4176 2330 4232; x_wconf 73' lang='lat' dir='ltr'><strong>maximis</strong></span> <span class='ocrx_word' id='word_1_618' title='bbox 2360 4177 2634 4234; x_wconf 88' lang='lat' dir='ltr'><strong>obstructa</strong></span> <span class='ocrx_word' id='word_1_619' title='bbox 2675 4179 3086 4240; x_wconf 88' lang='lat' dir='ltr'><strong>difﬁcultatibus</strong></span> <span class='ocrx_word' id='word_1_620' title='bbox 3105 4227 3118 4251; x_wconf 93' lang='lat'><strong>,</strong></span> <span class='ocrx_word' id='word_1_621' title='bbox 3150 4200 3247 4240; x_wconf 87' lang='lat' dir='ltr'><strong>nec</strong></span> <span class='ocrx_word' id='word_1_622' title='bbox 3276 4186 3566 4258; x_wconf 86' lang='lat' dir='ltr'><strong>Scripturis</strong></span> <span class='ocrx_word' id='word_1_623' title='bbox 3591 4196 3776 4259; x_wconf 88' lang='lat' dir='ltr'><strong>aperte</strong></span> <span class='ocrx_word' id='word_1_624' title='bbox 3802 4190 3889 4244; x_wconf 85' lang='lat' dir='ltr'><strong>itt-</strong></span> 
     </span>
    </p>
   </div>
   <div class='ocr_carea' id='block_1_43' title="bbox 561 4264 3885 4349">
    <p class='ocr_par' dir='ltr' id='par_1_43' title="bbox 561 4264 3885 4349">
     <span class='ocr_line' id='line_1_43' title="bbox 561 4264 3885 4349; baseline 0.006 -30"><span class='ocrx_word' id='word_1_625' title='bbox 561 4264 767 4332; x_wconf 87' lang='lat' dir='ltr'><strong>dicata,</strong></span> <span class='ocrx_word' id='word_1_626' title='bbox 798 4279 901 4322; x_wconf 88' lang='lat' dir='ltr'><strong>nec</strong></span> <span class='ocrx_word' id='word_1_627' title='bbox 922 4266 1030 4322; x_wconf 92' lang='lat' dir='ltr'><strong>ullo</strong></span> <span class='ocrx_word' id='word_1_628' title='bbox 1054 4267 1312 4323; x_wconf 63' lang='lat' dir='ltr'><strong>Ecclesiae</strong></span> <span class='ocrx_word' id='word_1_629' title='bbox 1335 4269 1560 4325; x_wconf 88' lang='lat' dir='ltr'><strong>decreto</strong></span> <span class='ocrx_word' id='word_1_630' title='bbox 1582 4270 1922 4335; x_wconf 87' lang='lat' dir='ltr'><strong>confirmata,</strong></span> <span class='ocrx_word' id='word_1_631' title='bbox 1952 4270 2023 4325; x_wconf 89' lang='lat' dir='ltr'><strong>ita</strong></span> <span class='ocrx_word' id='word_1_632' title='bbox 2064 4278 2240 4326; x_wconf 91' lang='lat' dir='ltr'><strong>tamen</strong></span> <span class='ocrx_word' id='word_1_633' title='bbox 2268 4270 2558 4326; x_wconf 87' lang='lat' dir='ltr'><strong>Catholicis</strong></span> <span class='ocrx_word' id='word_1_634' title='bbox 2603 4281 2657 4327; x_wconf 91' lang='lat' dir='ltr'><strong>ct</strong></span> <span class='ocrx_word' id='word_1_635' title='bbox 2703 4273 2971 4332; x_wconf 70' lang='lat' dir='ltr'><strong>hmreticis</strong></span> <span class='ocrx_word' id='word_1_636' title='bbox 2997 4279 3275 4349; x_wconf 75' lang='lat' dir='ltr'><strong>explorata</strong></span> <span class='ocrx_word' id='word_1_637' title='bbox 3313 4290 3463 4347; x_wconf 90' lang='lat' dir='ltr'><strong>erat,</strong></span> <span class='ocrx_word' id='word_1_638' title='bbox 3512 4290 3571 4337; x_wconf 90' lang='lat' dir='ltr'><strong>ut</strong></span> <span class='ocrx_word' id='word_1_639' title='bbox 3611 4284 3885 4339; x_wconf 85' lang='lat' dir='ltr'><strong>contraria</strong></span> 
     </span>
    </p>
   </div>
   <div class='ocr_carea' id='block_1_44' title="bbox 561 4356 3881 4450">
    <p class='ocr_par' dir='ltr' id='par_1_44' title="bbox 561 4356 3881 4450">
     <span class='ocr_line' id='line_1_44' title="bbox 561 4356 3881 4450; baseline 0.007 -39"><span class='ocrx_word' id='word_1_640' title='bbox 561 4356 743 4427; x_wconf 88' lang='lat' dir='ltr'><strong>opinio</strong></span> <span class='ocrx_word' id='word_1_641' title='bbox 768 4359 946 4429; x_wconf 87' lang='lat' dir='ltr'><strong>gravis</strong></span> <span class='ocrx_word' id='word_1_642' title='bbox 977 4375 1131 4416; x_wconf 91' lang='lat' dir='ltr'><strong>error</strong></span> <span class='ocrx_word' id='word_1_643' title='bbox 1151 4360 1446 4418; x_wconf 86' lang='lat' dir='ltr'><strong>videretur.</strong></span> <span class='ocrx_word' id='word_1_644' title='bbox 1477 4361 1775 4434; x_wconf 74' lang='lat' dir='ltr'><strong>Numquam</strong></span> <span class='ocrx_word' id='word_1_645' title='bbox 1806 4376 1936 4418; x_wconf 89' lang='lat' dir='ltr'><strong>sane</strong></span> <span class='ocrx_word' id='word_1_646' title='bbox 1962 4372 2083 4434; x_wconf 89' lang='lat' dir='ltr'><strong>post</strong></span> <span class='ocrx_word' id='word_1_647' title='bbox 2113 4364 2401 4436; x_wconf 79' lang='lat' dir='ltr'><strong>Apostolos</strong></span> <span class='ocrx_word' id='word_1_648' title='bbox 2440 4375 2546 4420; x_wconf 88' lang='lat' dir='ltr'><strong>tam</strong></span> <span class='ocrx_word' id='word_1_649' title='bbox 2591 4367 2741 4422; x_wconf 87' lang='lat' dir='ltr'><strong>ﬁrma</strong></span> <span class='ocrx_word' id='word_1_650' title='bbox 2804 4372 3083 4440; x_wconf 87' lang='lat' dir='ltr'><strong>persuasio</strong></span> <span class='ocrx_word' id='word_1_651' title='bbox 3128 4373 3355 4446; x_wconf 85' lang='lat' dir='ltr'><strong>insculpi</strong></span> <span class='ocrx_word' id='word_1_652' title='bbox 3401 4376 3595 4432; x_wconf 89' lang='lat' dir='ltr'><strong>animis</strong></span> <span class='ocrx_word' id='word_1_653' title='bbox 3641 4379 3881 4450; x_wconf 87' lang='lat' dir='ltr'><strong>potuisse</strong></span> 
     </span>
    </p>
   </div>
   <div class='ocr_carea' id='block_1_45' title="bbox 562 4450 3876 4539">
    <p class='ocr_par' dir='ltr' id='par_1_45' title="bbox 562 4450 3876 4539">
     <span class='ocr_line' id='line_1_45' title="bbox 562 4450 3876 4539; baseline 0.007 -34"><span class='ocrx_word' id='word_1_654' title='bbox 562 4450 707 4506; x_wconf 89' lang='lat' dir='ltr'><strong>nullo</strong></span> <span class='ocrx_word' id='word_1_655' title='bbox 730 4450 1123 4511; x_wconf 86' lang='lat' dir='ltr'><strong>interveniente</strong></span> <span class='ocrx_word' id='word_1_656' title='bbox 1151 4455 1414 4511; x_wconf 74' lang='lat' dir='ltr'><strong>universae</strong></span> <span class='ocrx_word' id='word_1_657' title='bbox 1441 4455 1699 4512; x_wconf 79' lang='lat' dir='ltr'><strong>Ecclesia:</strong></span> <span class='ocrx_word' id='word_1_658' title='bbox 1725 4456 1981 4523; x_wconf 90' lang='lat' dir='ltr'><strong>decreto;</strong></span> <span class='ocrx_word' id='word_1_659' title='bbox 2025 4458 2117 4514; x_wconf 88' lang='lat' dir='ltr'><strong>sed</strong></span> <span class='ocrx_word' id='word_1_660' title='bbox 2148 4458 2325 4530; x_wconf 82' lang='lat' dir='ltr'><strong>potius</strong></span> <span class='ocrx_word' id='word_1_661' title='bbox 2353 4458 2575 4517; x_wconf 61' lang='lat' dir='ltr'><strong>haeresis</strong></span> <span class='ocrx_word' id='word_1_662' title='bbox 2601 4462 2783 4518; x_wconf 90' lang='lat' dir='ltr'><strong>odium</strong></span> <span class='ocrx_word' id='word_1_663' title='bbox 2814 4475 2868 4520; x_wconf 92' lang='lat' dir='ltr'><strong>et</strong></span> <span class='ocrx_word' id='word_1_664' title='bbox 2890 4466 3185 4535; x_wconf 89' lang='lat' dir='ltr'><strong>justissima</strong></span> <span class='ocrx_word' id='word_1_665' title='bbox 3208 4472 3409 4539; x_wconf 84' lang='lat' dir='ltr'><strong>cautio,</strong></span> <span class='ocrx_word' id='word_1_666' title='bbox 3440 4488 3508 4528; x_wconf 89' lang='lat' dir='ltr'><strong>ne</strong></span> <span class='ocrx_word' id='word_1_667' title='bbox 3529 4481 3621 4528; x_wconf 88' lang='lat' dir='ltr'><strong>aut</strong></span> <span class='ocrx_word' id='word_1_668' title='bbox 3641 4472 3876 4528; x_wconf 83' lang='lat' dir='ltr'><strong>homini-</strong></span> 
     </span>
    </p>
   </div>
   <div class='ocr_carea' id='block_1_46' title="bbox 560 4546 3883 4636">
    <p class='ocr_par' dir='ltr' id='par_1_46' title="bbox 560 4546 3883 4636">
     <span class='ocr_line' id='line_1_46' title="bbox 560 4546 3883 4636; baseline 0.005 -34"><span class='ocrx_word' id='word_1_669' title='bbox 560 4546 660 4602; x_wconf 91' lang='lat' dir='ltr'><strong>bus</strong></span> <span class='ocrx_word' id='word_1_670' title='bbox 717 4560 825 4601; x_wconf 88' lang='lat' dir='ltr'><strong>non</strong></span> <span class='ocrx_word' id='word_1_671' title='bbox 872 4546 1152 4619; x_wconf 81' lang='lat' dir='ltr'><strong>baptizatis</strong></span> <span class='ocrx_word' id='word_1_672' title='bbox 1177 4548 1514 4605; x_wconf 83' lang='lat' dir='ltr'><strong>Eucltaristia</strong></span> <span class='ocrx_word' id='word_1_673' title='bbox 1556 4549 1806 4616; x_wconf 88' lang='lat' dir='ltr'><strong>daretur,</strong></span> <span class='ocrx_word' id='word_1_674' title='bbox 1851 4559 1943 4604; x_wconf 89' lang='lat' dir='ltr'><strong>aut</strong></span> <span class='ocrx_word' id='word_1_675' title='bbox 1982 4550 2213 4607; x_wconf 89' lang='lat' dir='ltr'><strong>infantes</strong></span> <span class='ocrx_word' id='word_1_676' title='bbox 2266 4554 2318 4607; x_wconf 91' lang='lat' dir='ltr'><strong>iu</strong></span> <span class='ocrx_word' id='word_1_677' title='bbox 2372 4551 2564 4609; x_wconf 73' lang='lat' dir='ltr'><strong>incresi</strong></span> <span class='ocrx_word' id='word_1_678' title='bbox 2614 4554 2862 4626; x_wconf 86' lang='lat' dir='ltr'><strong>baptizati</strong></span> <span class='ocrx_word' id='word_1_679' title='bbox 2919 4559 3036 4616; x_wconf 89' lang='lat' dir='ltr'><strong>sine</strong></span> <span class='ocrx_word' id='word_1_680' title='bbox 3064 4576 3194 4618; x_wconf 91' lang='lat' dir='ltr'><strong>vero</strong></span> <span class='ocrx_word' id='word_1_681' title='bbox 3223 4562 3496 4635; x_wconf 88' lang='lat' dir='ltr'><strong>Baptismo</strong></span> <span class='ocrx_word' id='word_1_682' title='bbox 3518 4574 3883 4636; x_wconf 89' lang='lat' dir='ltr'><strong>morerentur,</strong></span> 
     </span>
    </p>
   </div>
   <div class='ocr_carea' id='block_1_47' title="bbox 561 4637 3377 4713">
    <p class='ocr_par' dir='ltr' id='par_1_47' title="bbox 561 4637 3377 4713">
     <span class='ocr_line' id='line_1_47' title="bbox 561 4637 3377 4713; baseline 0 -14"><span class='ocrx_word' id='word_1_683' title='bbox 561 4637 945 4700; x_wconf 70' lang='lat' dir='ltr'><strong>necessitatem</strong></span> <span class='ocrx_word' id='word_1_684' title='bbox 976 4640 1207 4699; x_wconf 85' lang='lat' dir='ltr'><strong>iterandi</strong></span> <span class='ocrx_word' id='word_1_685' title='bbox 1236 4641 1494 4713; x_wconf 88' lang='lat' dir='ltr'><strong>Baptismi</strong></span> <span class='ocrx_word' id='word_1_686' title='bbox 1523 4641 1770 4712; x_wconf 89' lang='lat' dir='ltr'><strong>plurimis</strong></span> <span class='ocrx_word' id='word_1_687' title='bbox 1806 4642 2135 4700; x_wconf 87' lang='lat' dir='ltr'><strong>attulissent.</strong></span> <span class='ocrx_word' id='word_1_688' title='bbox 3364 4670 3377 4673; x_wconf 35' lang='grc' dir='ltr'><em>Α</em></span> 
     </span>
    </p>
   </div>
   <div class='ocr_carea' id='block_1_48' title="bbox 560 4808 2180 4883">
    <p class='ocr_par' dir='ltr' id='par_1_48' title="bbox 560 4808 2180 4872">
     <span class='ocr_line' id='line_1_48' title="bbox 560 4808 2180 4872; baseline -0.002 -6"><span class='ocrx_word' id='word_1_689' title='bbox 560 4808 647 4867; x_wconf 80' lang='lat' dir='ltr'><strong>Vl.</strong></span> <span class='ocrx_word' id='word_1_690' title='bbox 675 4836 744 4851; x_wconf 92' lang='lat'><strong>--</strong></span> <span class='ocrx_word' id='word_1_691' title='bbox 767 4819 954 4872; x_wconf 76' lang='lat' dir='ltr'><strong>aureus</strong></span> <span class='ocrx_word' id='word_1_692' title='bbox 989 4818 1305 4863; x_wconf 77' lang='lat' dir='ltr'><strong>rorissmuu</strong></span> <span class='ocrx_word' id='word_1_693' title='bbox 1343 4817 1655 4861; x_wconf 67' lang='lat' dir='ltr'><strong>narramus</strong></span> <span class='ocrx_word' id='word_1_694' title='bbox 1708 4817 1835 4861; x_wconf 72' lang='lat' dir='ltr'><strong>sese</strong></span> <span class='ocrx_word' id='word_1_695' title='bbox 1873 4819 1921 4865; x_wconf 90' lang='lat' dir='ltr'><strong>s.</strong></span> <span class='ocrx_word' id='word_1_696' title='bbox 1963 4818 2180 4863; x_wconf 70' lang='grc' dir='ltr'>εςιδιιιιιι</span> 
     </span>
    </p>
   </div>
   <div class='ocr_carea' id='block_1_49' title="bbox 2263 4808 3883 4883">
    <p class='ocr_par' dir='ltr' id='par_1_49' title="bbox 2286 4821 3883 4883">
     <span class='ocr_line' id='line_1_49' title="bbox 2286 4821 3883 4883; baseline 0.013 -20"><span class='ocrx_word' id='word_1_697' title='bbox 2286 4821 2715 4868; x_wconf 72' lang='lat' dir='ltr'><strong>DEFENDERIT.—</strong></span> <span class='ocrx_word' id='word_1_698' title='bbox 2732 4827 2832 4871; x_wconf 74' lang='lat' dir='ltr'><strong>NEC</strong></span> <span class='ocrx_word' id='word_1_699' title='bbox 2871 4827 3221 4879; x_wconf 62' lang='grc' dir='ltr'><strong>ΒΔΕΒΔἊΕΝΤΑ</strong></span> <span class='ocrx_word' id='word_1_700' title='bbox 3261 4837 3292 4878; x_wconf 81' lang='grc' dir='ltr'><strong>Δ</strong></span> <span class='ocrx_word' id='word_1_701' title='bbox 3331 4835 3488 4883; x_wconf 72' lang='grc' dir='ltr'>ιιιιισ</span> <span class='ocrx_word' id='word_1_702' title='bbox 3533 4837 3587 4881; x_wconf 65' lang='grc' dir='ltr'>ιη</span> <span class='ocrx_word' id='word_1_703' title='bbox 3626 4836 3883 4883; x_wconf 69' lang='grc' dir='ltr'>εειιιεειΑ</span> 
     </span>
    </p>
   </div>
   <div class='ocr_carea' id='block_1_50' title="bbox 1589 4913 2838 4966">
    <p class='ocr_par' dir='ltr' id='par_1_50' title="bbox 1589 4913 2838 4966">
     <span class='ocr_line' id='line_1_50' title="bbox 1589 4913 2838 4966; baseline 0.008 -11"><span class='ocrx_word' id='word_1_704' title='bbox 1589 4913 2015 4966; x_wconf 69' lang='grc' dir='ltr'>ΑωιιιιιετιιηΑ,</span> <span class='ocrx_word' id='word_1_705' title='bbox 2057 4914 2160 4957; x_wconf 72' lang='lat' dir='ltr'><strong>NBG</strong></span> <span class='ocrx_word' id='word_1_706' title='bbox 2196 4916 2558 4963; x_wconf 69' lang='grc' dir='ltr'><strong>ἸἮΑΒΙΤΙΟΝΕΙ</strong></span> <span class='ocrx_word' id='word_1_707' title='bbox 2598 4921 2838 4966; x_wconf 70' lang='lat' dir='ltr'><strong>BFJECIT.</strong></span> 
     </span>
    </p>
   </div>
   <div class='ocr_carea' id='block_1_51' title="bbox 625 5055 3882 5150">
    <p class='ocr_par' dir='ltr' id='par_1_51' title="bbox 625 5055 3882 5150">
     <span class='ocr_line' id='line_1_51' title="bbox 625 5055 3882 5150; baseline 0.004 -29"><span class='ocrx_word' id='word_1_708' title='bbox 625 5060 881 5135; x_wconf 89' lang='lat' dir='ltr'><strong>Quamvis</strong></span> <span class='ocrx_word' id='word_1_709' title='bbox 908 5075 1060 5120; x_wconf 88' lang='lat' dir='ltr'><strong>suam</strong></span> <span class='ocrx_word' id='word_1_710' title='bbox 1086 5058 1327 5118; x_wconf 86' lang='lat' dir='ltr'><strong>Ecclesia</strong></span> <span class='ocrx_word' id='word_1_711' title='bbox 1356 5056 1425 5117; x_wconf 91' lang='lat' dir='ltr'><strong>de</strong></span> <span class='ocrx_word' id='word_1_712' title='bbox 1452 5055 1829 5116; x_wconf 72' lang='lat' dir='ltr'><strong>btereticorum</strong></span> <span class='ocrx_word' id='word_1_713' title='bbox 1862 5057 2133 5133; x_wconf 86' lang='lat' dir='ltr'><strong>baptismo</strong></span> <span class='ocrx_word' id='word_1_714' title='bbox 2162 5058 2463 5118; x_wconf 90' lang='lat' dir='ltr'><strong>doctrinam</strong></span> <span class='ocrx_word' id='word_1_715' title='bbox 2490 5080 2553 5121; x_wconf 79' lang='lat' dir='ltr'><strong>ex</strong></span> <span class='ocrx_word' id='word_1_716' title='bbox 2590 5064 2705 5138; x_wconf 85' lang='lat' dir='ltr'><strong>ipso</strong></span> <span class='ocrx_word' id='word_1_717' title='bbox 2734 5068 3114 5140; x_wconf 79' lang='lat' dir='ltr'><strong>Apostolorum</strong></span> <span class='ocrx_word' id='word_1_718' title='bbox 3146 5074 3243 5132; x_wconf 79' lang='lat' dir='ltr'><strong>ere</strong></span> <span class='ocrx_word' id='word_1_719' title='bbox 3270 5077 3567 5150; x_wconf 88' lang='lat' dir='ltr'><strong>acceperit,</strong></span> <span class='ocrx_word' id='word_1_720' title='bbox 3603 5076 3882 5137; x_wconf 86' lang='lat' dir='ltr'><strong>fatendum</strong></span> 
     </span>
    </p>
   </div>
   <div class='ocr_carea' id='block_1_52' title="bbox 557 5153 3882 5241">
    <p class='ocr_par' dir='ltr' id='par_1_52' title="bbox 557 5153 3882 5241">
     <span class='ocr_line' id='line_1_52' title="bbox 557 5153 3882 5241; baseline 0.004 -25"><span class='ocrx_word' id='word_1_721' title='bbox 557 5173 733 5223; x_wconf 89' lang='lat' dir='ltr'><strong>tamen</strong></span> <span class='ocrx_word' id='word_1_722' title='bbox 763 5169 847 5217; x_wconf 91' lang='lat' dir='ltr'><strong>est</strong></span> <span class='ocrx_word' id='word_1_723' title='bbox 876 5173 988 5215; x_wconf 93' lang='lat' dir='ltr'><strong>non</strong></span> <span class='ocrx_word' id='word_1_724' title='bbox 1015 5155 1185 5214; x_wconf 85' lang='lat' dir='ltr'><strong>fuisse</strong></span> <span class='ocrx_word' id='word_1_725' title='bbox 1213 5156 1352 5212; x_wconf 90' lang='lat' dir='ltr'><strong>hanc</strong></span> <span class='ocrx_word' id='word_1_726' title='bbox 1383 5153 1728 5211; x_wconf 88' lang='lat' dir='ltr'><strong>traditionem</strong></span> <span class='ocrx_word' id='word_1_727' title='bbox 1750 5170 1816 5209; x_wconf 76' lang='lat' dir='ltr'><strong>ex</strong></span> <span class='ocrx_word' id='word_1_728' title='bbox 1848 5154 1943 5209; x_wconf 93' lang='lat' dir='ltr'><strong>illo</strong></span> <span class='ocrx_word' id='word_1_729' title='bbox 1971 5169 2175 5227; x_wconf 86' lang='lat' dir='ltr'><strong>genere</strong></span> <span class='ocrx_word' id='word_1_730' title='bbox 2227 5157 2368 5227; x_wconf 89' lang='lat' dir='ltr'><strong>quod</strong></span> <span class='ocrx_word' id='word_1_731' title='bbox 2392 5161 2628 5214; x_wconf 89' lang='lat' dir='ltr'><strong>omnium</strong></span> <span class='ocrx_word' id='word_1_732' title='bbox 2651 5161 2871 5218; x_wconf 87' lang='lat' dir='ltr'><strong>auribus</strong></span> <span class='ocrx_word' id='word_1_733' title='bbox 2887 5166 3196 5236; x_wconf 87' lang='lat' dir='ltr'><strong>quotidiana</strong></span> <span class='ocrx_word' id='word_1_734' title='bbox 3227 5170 3535 5241; x_wconf 72' lang='lat' dir='ltr'><strong>praedicatio</strong></span> <span class='ocrx_word' id='word_1_735' title='bbox 3561 5171 3882 5229; x_wconf 86' lang='lat' dir='ltr'><strong>inculcaret.</strong></span> 
     </span>
    </p>
   </div>
   <div class='ocr_carea' id='block_1_53' title="bbox 496 5247 3881 5340">
    <p class='ocr_par' dir='ltr' id='par_1_53' title="bbox 496 5247 3881 5340">
     <span class='ocr_line' id='line_1_53' title="bbox 496 5247 3881 5340; baseline 0.004 -31"><span class='ocrx_word' id='word_1_736' title='bbox 496 5303 503 5309; x_wconf 93' lang='lat'><strong>.</strong></span> <span class='ocrx_word' id='word_1_737' title='bbox 552 5258 721 5315; x_wconf 86' lang='lat' dir='ltr'><strong>Nemo</strong></span> <span class='ocrx_word' id='word_1_738' title='bbox 748 5267 1001 5328; x_wconf 84' lang='lat' dir='ltr'><strong>umquam</strong></span> <span class='ocrx_word' id='word_1_739' title='bbox 1030 5250 1285 5308; x_wconf 66' lang='lat' dir='ltr'><strong>Ecclesiae</strong></span> <span class='ocrx_word' id='word_1_740' title='bbox 1307 5249 1628 5306; x_wconf 84' lang='lat' dir='ltr'><strong>sententiam</strong></span> <span class='ocrx_word' id='word_1_741' title='bbox 1659 5249 1728 5306; x_wconf 91' lang='lat' dir='ltr'><strong>de</strong></span> <span class='ocrx_word' id='word_1_742' title='bbox 1750 5247 1950 5305; x_wconf 89' lang='lat' dir='ltr'><strong>Christi</strong></span> <span class='ocrx_word' id='word_1_743' title='bbox 1978 5258 2034 5305; x_wconf 87' lang='lat' dir='ltr'><strong>et</strong></span> <span class='ocrx_word' id='word_1_744' title='bbox 2058 5247 2288 5321; x_wconf 89' lang='lat' dir='ltr'><strong>Spiritus</strong></span> <span class='ocrx_word' id='word_1_745' title='bbox 2317 5253 2486 5308; x_wconf 87' lang='lat' dir='ltr'><strong>sancti</strong></span> <span class='ocrx_word' id='word_1_746' title='bbox 2516 5252 2827 5324; x_wconf 88' lang='lat' dir='ltr'><strong>divinitate,</strong></span> <span class='ocrx_word' id='word_1_747' title='bbox 2856 5258 2924 5314; x_wconf 90' lang='lat' dir='ltr'><strong>de</strong></span> <span class='ocrx_word' id='word_1_748' title='bbox 2958 5265 3256 5321; x_wconf 90' lang='lat' dir='ltr'><strong>mulatione</strong></span> <span class='ocrx_word' id='word_1_749' title='bbox 3283 5266 3548 5325; x_wconf 88' lang='lat' dir='ltr'><strong>donorum</strong></span> <span class='ocrx_word' id='word_1_750' title='bbox 3589 5269 3642 5325; x_wconf 89' lang='lat' dir='ltr'><strong>in</strong></span> <span class='ocrx_word' id='word_1_751' title='bbox 3678 5283 3881 5340; x_wconf 88' lang='lat' dir='ltr'><strong>corpus</strong></span> 
     </span>
    </p>
   </div>
   <div class='ocr_carea' id='block_1_54' title="bbox 550 5343 3881 5426">
    <p class='ocr_par' dir='ltr' id='par_1_54' title="bbox 550 5343 3881 5426">
     <span class='ocr_line' id='line_1_54' title="bbox 550 5343 3881 5426; baseline 0.002 -14"><span class='ocrx_word' id='word_1_752' title='bbox 550 5364 607 5412; x_wconf 90' lang='lat' dir='ltr'><strong>et</strong></span> <span class='ocrx_word' id='word_1_753' title='bbox 637 5352 948 5426; x_wconf 82' lang='lat' dir='ltr'><strong>sanguinem</strong></span> <span class='ocrx_word' id='word_1_754' title='bbox 970 5347 1173 5407; x_wconf 86' lang='lat' dir='ltr'><strong>Christi</strong></span> <span class='ocrx_word' id='word_1_755' title='bbox 1198 5355 1254 5403; x_wconf 91' lang='lat' dir='ltr'><strong>et</strong></span> <span class='ocrx_word' id='word_1_756' title='bbox 1281 5344 1401 5403; x_wconf 86' lang='lat' dir='ltr'><strong>aliis</strong></span> <span class='ocrx_word' id='word_1_757' title='bbox 1421 5344 1685 5417; x_wconf 87' lang='lat' dir='ltr'><strong>ejusmodi</strong></span> <span class='ocrx_word' id='word_1_758' title='bbox 1710 5343 1895 5413; x_wconf 90' lang='lat' dir='ltr'><strong>rebus,</strong></span> <span class='ocrx_word' id='word_1_759' title='bbox 1937 5343 2058 5399; x_wconf 89' lang='lat' dir='ltr'><strong>sine</strong></span> <span class='ocrx_word' id='word_1_760' title='bbox 2083 5358 2290 5400; x_wconf 89' lang='lat' dir='ltr'><strong>summa</strong></span> <span class='ocrx_word' id='word_1_761' title='bbox 2325 5346 2644 5419; x_wconf 84' lang='lat' dir='ltr'><strong>negligentia</strong></span> <span class='ocrx_word' id='word_1_762' title='bbox 2674 5348 2920 5421; x_wconf 79' lang='lat' dir='ltr'><strong>ignorare</strong></span> <span class='ocrx_word' id='word_1_763' title='bbox 2946 5356 3136 5425; x_wconf 90' lang='lat' dir='ltr'><strong>potuit,</strong></span> <span class='ocrx_word' id='word_1_764' title='bbox 3172 5369 3263 5415; x_wconf 88' lang='lat' dir='ltr'><strong>aut</strong></span> <span class='ocrx_word' id='word_1_765' title='bbox 3288 5361 3405 5418; x_wconf 89' lang='lat' dir='ltr'><strong>sine</strong></span> <span class='ocrx_word' id='word_1_766' title='bbox 3430 5376 3640 5419; x_wconf 88' lang='lat' dir='ltr'><strong>summo</strong></span> <span class='ocrx_word' id='word_1_767' title='bbox 3668 5362 3881 5421; x_wconf 87' lang='lat' dir='ltr'><strong>scelere</strong></span> 
     </span>
    </p>
   </div>
   <div class='ocr_carea' id='block_1_55' title="bbox 556 5444 3879 5532">
    <p class='ocr_par' dir='ltr' id='par_1_55' title="bbox 556 5444 3879 5532">
     <span class='ocr_line' id='line_1_55' title="bbox 556 5444 3879 5532; baseline 0 -17"><span class='ocrx_word' id='word_1_768' title='bbox 556 5462 870 5532; x_wconf 86' lang='lat' dir='ltr'><strong>impugnare</strong></span> <span class='ocrx_word' id='word_1_769' title='bbox 894 5497 909 5523; x_wconf 94' lang='lat'><strong>,</strong></span> <span class='ocrx_word' id='word_1_770' title='bbox 930 5453 1057 5528; x_wconf 88' lang='lat' dir='ltr'><strong>quia</strong></span> <span class='ocrx_word' id='word_1_771' title='bbox 1086 5450 1172 5508; x_wconf 83' lang='lat' dir='ltr'><strong>his</strong></span> <span class='ocrx_word' id='word_1_772' title='bbox 1208 5447 1549 5522; x_wconf 84' lang='lat' dir='ltr'><strong>dogmatibus</strong></span> <span class='ocrx_word' id='word_1_773' title='bbox 1574 5444 2002 5507; x_wconf 81' lang='lat' dir='ltr'><strong>Christianorum</strong></span> <span class='ocrx_word' id='word_1_774' title='bbox 2045 5458 2205 5501; x_wconf 87' lang='lat' dir='ltr'><strong>aures</strong></span> <span class='ocrx_word' id='word_1_775' title='bbox 2253 5444 2306 5499; x_wconf 93' lang='lat' dir='ltr'><strong>in</strong></span> <span class='ocrx_word' id='word_1_776' title='bbox 2357 5446 2604 5503; x_wconf 90' lang='lat' dir='ltr'><strong>omnibus</strong></span> <span class='ocrx_word' id='word_1_777' title='bbox 2649 5447 2896 5506; x_wconf 91' lang='lat' dir='ltr'><strong>ecclesiis</strong></span> <span class='ocrx_word' id='word_1_778' title='bbox 2925 5453 3418 5512; x_wconf 87' lang='lat' dir='ltr'><strong>circumsonabant.</strong></span> <span class='ocrx_word' id='word_1_779' title='bbox 3451 5456 3641 5515; x_wconf 89' lang='lat' dir='ltr'><strong>Utrum</strong></span> <span class='ocrx_word' id='word_1_780' title='bbox 3690 5444 3879 5515; x_wconf 76' lang='lat' dir='ltr'><strong>autem</strong></span> 
     </span>
    </p>
   </div>
   <div class='ocr_carea' id='block_1_56' title="bbox 552 5538 3870 5627">
    <p class='ocr_par' dir='ltr' id='par_1_56' title="bbox 552 5538 3870 5627">
     <span class='ocr_line' id='line_1_56' title="bbox 552 5538 3870 5627; baseline 0 -18"><span class='ocrx_word' id='word_1_781' title='bbox 552 5552 931 5611; x_wconf 62' lang='lat' dir='ltr'><strong>hereticorum</strong></span> <span class='ocrx_word' id='word_1_782' title='bbox 960 5546 1225 5618; x_wconf 86' lang='lat' dir='ltr'><strong>baptisma</strong></span> <span class='ocrx_word' id='word_1_783' title='bbox 1252 5554 1426 5600; x_wconf 86' lang='lat' dir='ltr'><strong>ratum</strong></span> <span class='ocrx_word' id='word_1_784' title='bbox 1453 5556 1623 5600; x_wconf 89' lang='lat' dir='ltr'><strong>necne</strong></span> <span class='ocrx_word' id='word_1_785' title='bbox 1642 5539 1947 5597; x_wconf 87' lang='lat' dir='ltr'><strong>habendum</strong></span> <span class='ocrx_word' id='word_1_786' title='bbox 1968 5548 2143 5607; x_wconf 90' lang='lat' dir='ltr'><strong>esset,</strong></span> <span class='ocrx_word' id='word_1_787' title='bbox 2174 5538 2228 5595; x_wconf 91' lang='lat' dir='ltr'><strong>id</strong></span> <span class='ocrx_word' id='word_1_788' title='bbox 2256 5540 2533 5597; x_wconf 86' lang='lat' dir='ltr'><strong>obscurari</strong></span> <span class='ocrx_word' id='word_1_789' title='bbox 2565 5552 2620 5599; x_wconf 92' lang='lat' dir='ltr'><strong>et</strong></span> <span class='ocrx_word' id='word_1_790' title='bbox 2647 5543 2735 5601; x_wconf 92' lang='lat' dir='ltr'><strong>die</strong></span> <span class='ocrx_word' id='word_1_791' title='bbox 2760 5545 3104 5605; x_wconf 87' lang='lat' dir='ltr'><strong>obsolesecre</strong></span> <span class='ocrx_word' id='word_1_792' title='bbox 3131 5553 3303 5622; x_wconf 88' lang='lat' dir='ltr'><strong>potuit</strong></span> <span class='ocrx_word' id='word_1_793' title='bbox 3324 5553 3378 5608; x_wconf 93' lang='lat' dir='ltr'><strong>in</strong></span> <span class='ocrx_word' id='word_1_794' title='bbox 3413 5555 3593 5611; x_wconf 90' lang='lat' dir='ltr'><strong>multis</strong></span> <span class='ocrx_word' id='word_1_795' title='bbox 3622 5555 3870 5627; x_wconf 77' lang='lat' dir='ltr'><strong>regioni-</strong></span> 
     </span>
    </p>
   </div>
   <div class='ocr_carea' id='block_1_57' title="bbox 550 5632 3874 5713">
    <p class='ocr_par' dir='ltr' id='par_1_57' title="bbox 550 5632 3874 5713">
     <span class='ocr_line' id='line_1_57' title="bbox 550 5632 3874 5713; baseline 0.002 -13"><span class='ocrx_word' id='word_1_796' title='bbox 550 5646 682 5713; x_wconf 89' lang='lat' dir='ltr'><strong>bus,</strong></span> <span class='ocrx_word' id='word_1_797' title='bbox 713 5643 768 5701; x_wconf 89' lang='lat' dir='ltr'><strong>in</strong></span> <span class='ocrx_word' id='word_1_798' title='bbox 797 5640 990 5713; x_wconf 86' lang='lat' dir='ltr'><strong>quibus</strong></span> <span class='ocrx_word' id='word_1_799' title='bbox 1016 5637 1446 5710; x_wconf 87' lang='lat' dir='ltr'><strong>recipiendorum</strong></span> <span class='ocrx_word' id='word_1_800' title='bbox 1478 5633 1854 5693; x_wconf 67' lang='lat' dir='ltr'><strong>haereticorum</strong></span> <span class='ocrx_word' id='word_1_801' title='bbox 1885 5641 1979 5688; x_wconf 81' lang='lat' dir='ltr'><strong>aut</strong></span> <span class='ocrx_word' id='word_1_802' title='bbox 2008 5632 2188 5690; x_wconf 90' lang='lat' dir='ltr'><strong>nullus</strong></span> <span class='ocrx_word' id='word_1_803' title='bbox 2214 5643 2330 5690; x_wconf 85' lang='lat' dir='ltr'><strong>erat</strong></span> <span class='ocrx_word' id='word_1_804' title='bbox 2360 5650 2486 5691; x_wconf 81' lang='lat' dir='ltr'><strong>usus</strong></span> <span class='ocrx_word' id='word_1_805' title='bbox 2513 5647 2603 5692; x_wconf 87' lang='lat' dir='ltr'><strong>aut</strong></span> <span class='ocrx_word' id='word_1_806' title='bbox 2629 5637 2917 5697; x_wconf 88' lang='lat' dir='ltr'><strong>admodum</strong></span> <span class='ocrx_word' id='word_1_807' title='bbox 2968 5658 3139 5698; x_wconf 88' lang='lat' dir='ltr'><strong>rarus.</strong></span> <span class='ocrx_word' id='word_1_808' title='bbox 3192 5647 3371 5712; x_wconf 86' lang='lat' dir='ltr'><strong>Quare</strong></span> <span class='ocrx_word' id='word_1_809' title='bbox 3407 5649 3591 5705; x_wconf 86' lang='lat' dir='ltr'><strong>mirari</strong></span> <span class='ocrx_word' id='word_1_810' title='bbox 3624 5664 3730 5706; x_wconf 91' lang='lat' dir='ltr'><strong>non</strong></span> <span class='ocrx_word' id='word_1_811' title='bbox 3759 5649 3874 5706; x_wconf 86' lang='lat' dir='ltr'><strong>de-</strong></span> 
     </span>
    </p>
   </div>
   <div class='ocr_carea' id='block_1_58' title="bbox 551 5725 3868 5813">
    <p class='ocr_par' dir='ltr' id='par_1_58' title="bbox 551 5725 3868 5813">
     <span class='ocr_line' id='line_1_58' title="bbox 551 5725 3868 5813; baseline 0 -15"><span class='ocrx_word' id='word_1_812' title='bbox 551 5740 747 5809; x_wconf 81' lang='lat' dir='ltr'><strong>bemus</strong></span> <span class='ocrx_word' id='word_1_813' title='bbox 789 5749 887 5795; x_wconf 85' lang='lat' dir='ltr'><strong>eur</strong></span> <span class='ocrx_word' id='word_1_814' title='bbox 934 5733 1033 5791; x_wconf 87' lang='lat' dir='ltr'><strong>hac</strong></span> <span class='ocrx_word' id='word_1_815' title='bbox 1061 5733 1111 5788; x_wconf 91' lang='lat' dir='ltr'><strong>in</strong></span> <span class='ocrx_word' id='word_1_816' title='bbox 1139 5747 1198 5788; x_wconf 87' lang='lat' dir='ltr'><strong>re</strong></span> <span class='ocrx_word' id='word_1_817' title='bbox 1221 5727 1650 5802; x_wconf 66' lang='lat' dir='ltr'><strong>pratstautissitni</strong></span> <span class='ocrx_word' id='word_1_818' title='bbox 1682 5727 1777 5785; x_wconf 81' lang='lat' dir='ltr'><strong>viri</strong></span> <span class='ocrx_word' id='word_1_819' title='bbox 1806 5725 2233 5808; x_wconf 40' lang='lat' dir='ltr'><strong>erraverint.‘Ac</strong></span> <span class='ocrx_word' id='word_1_820' title='bbox 2262 5727 2463 5783; x_wconf 86' lang='lat' dir='ltr'><strong>veritas</strong></span> <span class='ocrx_word' id='word_1_821' title='bbox 2494 5728 2707 5799; x_wconf 84' lang='lat' dir='ltr'><strong>quidem</strong></span> <span class='ocrx_word' id='word_1_822' title='bbox 2741 5731 2898 5789; x_wconf 80' lang='lat' dir='ltr'><strong>facile</strong></span> <span class='ocrx_word' id='word_1_823' title='bbox 2936 5734 3245 5809; x_wconf 77' lang='lat' dir='ltr'><strong>investigari</strong></span> <span class='ocrx_word' id='word_1_824' title='bbox 3291 5740 3591 5813; x_wconf 79' lang='lat' dir='ltr'><strong>potuisset,</strong></span> <span class='ocrx_word' id='word_1_825' title='bbox 3639 5740 3683 5797; x_wconf 89' lang='lat' dir='ltr'><strong>si</strong></span> <span class='ocrx_word' id='word_1_826' title='bbox 3724 5755 3868 5798; x_wconf 84' lang='lat' dir='ltr'><strong>con-</strong></span> 
     </span>
    </p>
   </div>
   <div class='ocr_carea' id='block_1_59' title="bbox 547 5822 3863 5908">
    <p class='ocr_par' dir='ltr' id='par_1_59' title="bbox 547 5822 3863 5908">
     <span class='ocr_line' id='line_1_59' title="bbox 547 5822 3863 5908; baseline 0.002 -16"><span class='ocrx_word' id='word_1_827' title='bbox 547 5840 704 5903; x_wconf 67' lang='lat' dir='ltr'><strong>mitte</strong></span> <span class='ocrx_word' id='word_1_828' title='bbox 730 5835 958 5896; x_wconf 82' lang='lat' dir='ltr'><strong>fuissent</strong></span> <span class='ocrx_word' id='word_1_829' title='bbox 984 5829 1369 5904; x_wconf 61' lang='lat' dir='ltr'><strong>antiquissima:</strong></span> <span class='ocrx_word' id='word_1_830' title='bbox 1397 5826 1659 5899; x_wconf 70' lang='lat' dir='ltr'><strong>ecclesite,</strong></span> <span class='ocrx_word' id='word_1_831' title='bbox 1686 5840 1803 5899; x_wconf 77' lang='lat' dir='ltr'><strong>qua:</strong></span> <span class='ocrx_word' id='word_1_832' title='bbox 1831 5838 2123 5898; x_wconf 87' lang='lat' dir='ltr'><strong>numquam</strong></span> <span class='ocrx_word' id='word_1_833' title='bbox 2153 5822 2419 5884; x_wconf 69' lang='lat' dir='ltr'><strong>hatreticis</strong></span> <span class='ocrx_word' id='word_1_834' title='bbox 2439 5838 2722 5886; x_wconf 87' lang='lat' dir='ltr'><strong>carueraut</strong></span> <span class='ocrx_word' id='word_1_835' title='bbox 2753 5846 2887 5905; x_wconf 86' lang='lat' dir='ltr'><strong>quos</strong></span> <span class='ocrx_word' id='word_1_836' title='bbox 2906 5845 3278 5907; x_wconf 81' lang='lat' dir='ltr'><strong>oppugnarent</strong></span> <span class='ocrx_word' id='word_1_837' title='bbox 3300 5879 3317 5908; x_wconf 90' lang='lat'><strong>,</strong></span> <span class='ocrx_word' id='word_1_838' title='bbox 3356 5846 3447 5893; x_wconf 89' lang='lat' dir='ltr'><strong>aut</strong></span> <span class='ocrx_word' id='word_1_839' title='bbox 3474 5837 3768 5901; x_wconf 88' lang='lat' dir='ltr'><strong>redeuntes</strong></span> <span class='ocrx_word' id='word_1_840' title='bbox 3799 5839 3863 5903; x_wconf 86' lang='lat' dir='ltr'><strong>in</strong></span> 
     </span>
    </p>
   </div>
  </div>
