4102 6424
221 331 291 388 57
1620 326 2002 393 catenario.
2848 337 2864 347 ε
3144 306 3161 315 “
3458 344 3534 407 58

215 450 509 517 Ecclesium
541 451 874 524 reciperent;
904 451 1077 524 qualis
1099 451 1287 509 eratin
1320 452 1507 524 primis
1528 452 1766 509 Ecclesia
1793 452 2030 509 Romana
2041 495 2053 533 ε
2086 468 2208 512 cum
2230 457 2622 516 vetustissimos
2650 472 2893 533 quosque
2923 460 3205 517 hmrcticos
3231 469 3439 518 constet
3470 462 3527 517 in

217 547 357 607 hanc
388 552 577 609 urbem
605 570 722 611 sese
748 556 1059 613 contulisse.
1106 554 1212 611 Sed
1245 554 1401 626 hujus
1428 552 1694 610 cautionis
1739 554 2118 625 prrctermissrc
2160 555 2485 612 levissimam
2529 558 2740 629 culpam
2777 557 3005 614 sustinet
3039 557 3342 629 Cyprianus
3368 598 3384 624 ,
3434 554 3533 627 qui

218 647 667 704 consuetudinem
697 649 1063 720 rebaptizandi
1092 666 1195 706 non
1228 648 1436 705 induxit
1467 648 1521 704 in
1549 649 1832 705 ecclesiam
1881 662 2032 705 suam
2055 691 2069 719 ,
2107 650 2199 706 sed
2246 650 2589 708 decessurum
2630 668 2851 710 suorum
2901 653 3222 709 auctoritate
3261 651 3528 708 constitu-

220 747 327 793 tam
369 742 592 811 reperit.

289 830 575 890 Rationum
608 837 892 893 momentis
923 838 1117 911 quibus
1146 837 1391 893 utebatur
1439 826 1742 910 Cyprianus
1763 878 1777 904 ,
1815 818 2017 893 tantum
2048 839 2187 895 inest
2217 839 2542 911 Splendoris,
2570 851 2626 898 ut
2663 856 2726 899 se
2766 840 3092 914 Augustinus
3131 838 3245 897 sola
3273 837 3534 896 Ecclesia:

214 926 536 985 auctoritate
562 930 614 986 in
642 933 965 989 contrariam
993 933 1315 989 sententiam
1344 932 1535 989 adduci
1568 932 1827 989 fateatur:
1855 954 1873 987 ι
1902 933 2012 990 Nec
2040 950 2138 992 nos
2168 935 2267 1006 ipsi
2297 954 2343 1002 ι,
2370 936 2540 1008 inquit
2560 938 2595 993 Ι.
2626 953 2664 993 ιι
2690 937 2753 992 de
2778 936 2957 1009 Bapt.,
2985 953 3041 993 ιι.
3071 936 3127 1004 5,
3154 953 3175 988 ι
3208 933 3312 990 tale
3337 930 3537 1004 aliquid

214 1020 541 1079 auderemus
565 1038 807 1084 asserere
829 1068 844 1093 ,
872 1027 974 1084 nisi
1003 1029 1268 1085 universm
1296 1028 1554 1084 Ecclesia:
1595 1028 2023 1085 concordissima
2050 1030 2368 1087 auctoritate
2395 1031 2625 1099 ﬁrmati;
2677 1032 2765 1090 cui
2812 1040 2867 1090 et
2896 1031 3010 1103 ipse
3035 1025 3379 1105 (Cyprianus)
3420 1027 3539 1083 sine

225 1113 391 1173 dubio
412 1118 647 1187 cederet,
680 1121 726 1177 si
744 1121 854 1192 jam
883 1121 977 1177 illo
1003 1130 1247 1193 tempore
1271 1121 1586 1194 quaestionis
1612 1121 1770 1192 huius
1795 1122 1992 1179 veritas
2020 1122 2251 1194 eliquata
2290 1133 2346 1182 et
2381 1125 2654 1182 declarata
2675 1141 2775 1198 per
2794 1123 3094 1198 plenarium
3124 1121 3415 1181 concilium
3444 1136 3538 1176 so-
3626 1176 3633 1183 ,

214 1208 498 1269 li'daretur.
533 1232 553 1266 ι
602 1213 715 1271 iloc
738 1225 915 1272 autem
943 1217 1280 1287 potissimum
1307 1226 1626 1288 argumento
1657 1215 1926 1270 nitebatur
1952 1216 2287 1288 Cyprianus:
2314 1216 2571 1283 haereses,
2599 1233 2722 1274 cum
2763 1217 2832 1274 ab
2877 1215 3139 1272 Ecclesia:
3182 1214 3387 1270 unitate
3442 1210 3541 1267 ab-

216 1302 401 1359 scissa:
442 1306 616 1362 sintet
644 1322 710 1364 ex
738 1310 964 1364 mortuis
991 1317 1240 1365 constent
1279 1305 1603 1373 hominibus,
1647 1322 1750 1367 non
1793 1322 1952 1379 pesse
1989 1309 2346 1377 sanetiflcare,
2384 1310 2763 1369 remissionem
2803 1318 3148 1381 peccatorum
3186 1314 3243 1361 et
3278 1302 3539 1377 Spiritum

217 1407 462 1455 sanctum
486 1400 635 1456 dare.
675 1420 695 1454 ι
729 1403 859 1472 Quis
884 1412 1061 1460 autem
1091 1412 1266 1474 potest
1293 1403 1443 1469 dare,
1482 1422 1501 1455 ι
1533 1402 1705 1474 inquit
1731 1403 1780 1457 in
1812 1402 1910 1471 Ep.
1942 1420 2073 1469 LXX,
2113 1422 2130 1455 ‹
2165 1404 2306 1475 quod
2348 1405 2463 1477 ipse
2510 1422 2616 1461 non
2653 1405 2885 1461 habeat?
2918 1407 3024 1459 Aut
3057 1401 3327 1475 quomodo
3364 1408 3543 1473 potest

218 1494 478 1563 spiritalia
506 1512 684 1567 agere,
718 1499 807 1569 qui
841 1499 955 1570 ipse
982 1498 1226 1555 amiserit
1254 1497 1511 1569 Spiritum
1532 1508 1799 1552 sanctum.
1834 1517 1851 1549 ι
1884 1498 1953 1552 Ει
1974 1499 2024 1553 in
2051 1497 2151 1568 Ep.
2184 1514 2314 1554 Lm
2352 1516 2363 1553 :
2403 1518 2423 1552 ι
2465 1497 2651 1570 Neque
2688 1499 2831 1557 enim
2872 1496 3150 1568 accipiunt
3183 1494 3293 1551 illic
3340 1492 3542 1565 aliquid

218 1587 309 1643 ubi
333 1588 465 1645 nihil
489 1600 593 1646 est.
621 1611 638 1643 ι
677 1592 742 1647 Et
771 1593 926 1663 paulo
953 1603 1112 1665 post:
1149 1613 1166 1647 ι
1204 1591 1540 1648 Manifestum
1572 1601 1651 1646 est
1674 1600 1852 1646 autent
1877 1606 1970 1647 eos
1994 1592 2083 1663 qui
2108 1607 2214 1647 non
2243 1602 2370 1648 sunt
2394 1592 2446 1650 iu
2469 1592 2710 1649 Ecclesia
2728 1590 2925 1647 Christi
2965 1590 3103 1644 inter
3122 1596 3363 1643 mortuos
3394 1599 3545 1641 com-

223 1682 418 1753 putari,
454 1701 550 1741 nec
576 1701 733 1757 posse
754 1687 911 1743 abeo
942 1689 1196 1744 vivificari
1225 1689 1448 1743 alterum
1474 1689 1559 1759 qui
1592 1688 1702 1757 ipse
1728 1702 1834 1741 uon
1859 1686 2019 1741 vivat.
2057 1707 2075 1740 ι
2114 1686 2192 1742 Ex
2226 1686 2308 1741 his
2340 1695 2394 1742 et
2419 1686 2539 1741 aliis
2565 1684 2830 1757 ejusmodi
2857 1683 3175 1739 testimoniis
3207 1673 3566 1752 nequaquam

223 1774 273 1829 id
305 1776 490 1833 statuit
516 1778 839 1850 Cyprianus,
864 1782 1093 1851 quodex
1116 1781 1232 1850 ejus
1257 1781 1433 1837 verbis
1454 1782 1709 1851 consequi
1734 1779 2108 1834 existimarunt
2138 1780 2473 1836 eruditorum
2498 1779 2764 1846 nonnulli,
2793 1778 3151 1835 necessariam
3175 1791 3300 1834 esse
3319 1774 3546 1847 singulis

223 1868 485 1924 ministris
536 1872 899 1939 sanctitatem,
956 1881 1014 1927 ut
1057 1880 1391 1928 sacramenta
1420 1872 1593 1928 valide
1618 1872 2289 1943 administrent.Loquitur
2323 1873 2392 1929 de
2420 1874 2665 1929 universa
2683 1872 2964 1941 societate,
2992 1886 3100 1927 non
3128 1869 3197 1926 de
3218 1868 3470 1940 privatis;
3492 1876 3549 1926 et

223 1960 676 2029 quemadmodum
707 1964 965 2021 Ecclesia:
991 1964 1271 2021 catholicae
1298 1974 1655 2033 sacramenta,
1684 1965 1813 2020 dum
1841 1981 1868 2018 a
1897 1964 2054 2020 malis
2079 1964 2543 2031 administrantur,
2570 1965 2674 2021 vim
2727 1979 2879 2023 suam
2926 1972 2982 2021 et
3032 1962 3281 2019 effectum
3311 1963 3548 2018 retinent

225 2055 475 2124 precibus
504 2066 811 2114 sanctorum
842 2065 894 2114 et
921 2059 1210 2130 gemitibus
1240 2056 1504 2115 columba:
1529 2101 1543 2124 ,
1592 2060 1671 2114 sic
1718 2058 1858 2129 apttd
1901 2057 2220 2125 haereticos,
2268 2058 2353 2113 ubi
2387 2072 2578 2113 omnes
2619 2057 2817 2115 mortui
2856 2064 3018 2125 sunt,
3062 2060 3399 2111 sacramenta
3446 2064 3548 2113 suo

224 2148 419 2206 etfectu
446 2149 749 2208 defraudari
781 2169 842 2209 ac
864 2154 1007 2210 nulla
1035 2169 1256 2225 prorsus
1285 2169 1408 2211 esse
1429 2154 1801 2221 existimabat,
1829 2170 1951 2209 cum
1981 2153 2082 2209 sibi
2114 2152 2438 2223 persuadere
2470 2168 2575 2209 non
2604 2163 2788 2224 posset
2813 2150 3140 2217 columbam,
3176 2158 3233 2205 ut
3254 2165 3349 2221 per
3371 2148 3549 2207 malus

225 2244 501 2311 ministros
528 2248 580 2303 in
615 2248 850 2306 Ecclesia
876 2250 1159 2316 catholica,
1195 2252 1267 2305 ita
1301 2265 1397 2321 per
1421 2249 1705 2305 haereticos
1736 2261 1788 2304 et
1814 2248 2254 2305 schismatieosin
2306 2247 2495 2303 haeresi
2518 2257 2572 2302 et
2589 2248 2878 2305 schismate
2908 2245 3201 2318 baptizare.
3242 2242 3332 2300 Sic
3374 2241 3550 2311 exitii-

223 2334 447 2391 candam
475 2336 726 2408 Cypriani
751 2349 983 2396 mentem
998 2356 1079 2397 ‘ex
1114 2341 1353 2411 pluribus
1377 2341 1511 2397 locis
1538 2340 1858 2411 perspicitur
1890 2359 1904 2395 :
1936 2362 1953 2394 ι
2000 2339 2283 2410 Quomodo
2322 2350 2500 2396 autem
2548 2339 2808 2399 mundare
2836 2356 2856 2393 ι
2886 2380 2901 2406 ,
2943 2335 3116 2408 inquit
3160 2335 3213 2392 in
3271 2334 3372 2406 Ep.
3403 2350 3505 2388 Lxx
3530 2370 3550 2402 ,

232 2445 251 2479 ι
292 2437 348 2484 et
370 2429 703 2489 sanctificare
732 2447 923 2504 aquam
954 2443 1132 2504 potest
1155 2434 1294 2505 apud
1336 2450 1495 2506 quem
1523 2434 1756 2505 Spiritus
1782 2443 2000 2490 sanctus
2022 2450 2129 2489 non
2151 2434 2363 2490 est?....
2392 2435 2498 2488 Aut
2520 2432 2793 2503 quomodo
2820 2432 3098 2501 baptizans
3124 2429 3253 2489 dare
3281 2429 3434 2487 alteri
3466 2443 3550 2485 re-

224 2524 442 2581 missam
473 2537 815 2595 peccatorum
858 2537 1061 2598 potest.
1092 2529 1181 2599 qui
1214 2530 1328 2601 ipse
1360 2537 1577 2599 peccata
1608 2544 1704 2585 sua
1731 2529 2004 2599 deponere
2025 2536 2176 2584 extra
2227 2527 2521 2582 Ecclesiam
2584 2541 2689 2581 non
2723 2523 2936 2596 potest?
2965 2544 2984 2577 ι
3030 2523 3097 2578 Ει
3124 2522 3175 2578 in
3208 2522 3306 2595 Ep.
3343 2536 3549 2587 Lxxm,

225 2631 279 2686 p.
311 2617 448 2677 152:
488 2638 507 2670 ι
531 2617 796 2692 Numquid
826 2620 893 2676 de
922 2620 1179 2677 Ecclesia:
1206 2619 1445 2677 fontibus
1483 2622 1662 2691 rigare
1692 2629 1906 2691 potest,
1936 2622 2026 2691 qui
2063 2621 2207 2676 intus
2250 2619 2300 2674 in
2342 2618 2579 2673 Ecclesia
2622 2632 2727 2672 non
2774 2624 2880 2672 est.
2915 2634 2933 2668 ι
2971 2614 3193 2675 Fatetur
3233 2614 3389 2684 paulo
3431 2619 3554 2685 post

228 2707 543 2780 limreticos,
576 2731 595 2765 ‹
626 2714 670 2769 si
714 2713 974 2770 Ecclesia:
1006 2713 1186 2769 devoti
1211 2724 1265 2769 et
1291 2712 1342 2767 iu
1374 2712 1616 2768 Ecclesia
1648 2711 1922 2769 constituti
1955 2721 2075 2767 sunt
2100 2753 2114 2776 ,
2146 2724 2306 2781 posse
2344 2718 2399 2765 et
2438 2708 2713 2779 Baptismo
2733 2706 2851 2779 ejus
2884 2714 2939 2762 et
2980 2705 3195 2767 caeteris
3225 2703 3553 2765 salutaribus

228 2799 386 2859 bonis
407 2804 504 2858 uti.
536 2822 556 2857 ι
592 2805 829 2876 Denique
857 2806 908 2860 in
938 2805 1124 2861 eadem
1153 2804 1472 2877 epistola(p.
1503 2806 1632 2875 155)
1653 2804 1929 2874 conceptis
1956 2803 2134 2860 verbis
2156 2803 2327 2858 malos
2352 2803 2440 2874 qui
2479 2802 2531 2858 in
2564 2801 2803 2858 Ecclesia
2832 2808 2958 2857 sunt
2984 2798 3263 2870 distinguit
3280 2797 3349 2853 ab
3379 2797 3556 2879 luere-

228 2898 348 2954 ticis
376 2916 390 2954 :
419 2916 440 2951 ‹
469 2899 638 2955 Porro
665 2900 808 2954 aliud
838 2908 956 2966 est,
999 2900 1188 2970 inquit,
1215 2914 1309 2969 cos
1330 2900 1419 2969 qui
1450 2900 1594 2955 intus
1614 2899 1665 2954 in
1698 2897 1937 2955 Ecclesia
1968 2907 2093 2953 sunt
2116 2896 2184 2953 de
2212 2898 2429 2952 nomine
2455 2896 2657 2951 Christi
2687 2895 2854 2966 loqui,
2894 2892 3040 2949 aliud
3067 2902 3150 2949 est
3177 2907 3273 2948 eos
3300 2890 3393 2962 qui
3419 2889 3552 2946 foris

227 3001 357 3048 sunt
387 3001 441 3049 et
461 3005 646 3065 contra
678 2993 974 3051 Ecclesium
1004 2993 1231 3062 faciunt,
1267 2995 1317 3048 in
1350 2994 1567 3049 nomine
1591 2991 1790 3047 Christi
1817 2992 2110 3061 baptizare.
2142 2990 2319 3058 Quare
2360 2990 2450 3061 qui
2479 2988 2745 3045 btercticis
2777 2987 3183 3061 patrocinentur
3204 2999 3309 3041 non
3338 2983 3390 3040 id
3421 2999 3552 3056 pro-

228 3085 406 3143 ferant
427 3086 566 3154 quod
596 3086 793 3141 Paulus
825 3086 894 3141 de
927 3085 1181 3141 fratribus
1218 3085 1416 3155 posuit,
1443 3084 1538 3140 sed
1565 3083 1856 3140 ostendant
1879 3085 1923 3137 si
1939 3084 2213 3138 haeretica
2238 3081 2439 3153 aliquid
2478 3081 2881 3137 concedendum
2911 3077 3146 3151 putavit,
3176 3085 3264 3131 attt
3302 3076 3345 3131 si
3384 3075 3548 3132 ﬁdem

233 3190 290 3236 et
316 3179 584 3250 baptisma
611 3194 799 3235 eorum
827 3177 1100 3249 probavit,
1124 3186 1213 3232 aut
1239 3178 1281 3232 si
1307 3176 1540 3247 perﬁdos
1560 3188 1612 3232 et
1636 3176 1982 3246 blastibemos
2018 3174 2396 3232 remissionem
2425 3182 2770 3246 peccatorum
2807 3174 3052 3244 accipere
3074 3181 3224 3226 extra
3247 3168 3548 3225 Ecclesium

231 3287 393 3344 posse
417 3271 724 3329 constituit.
755 3290 775 3325 ι
811 3271 1010 3329 Eadem
1044 3271 1207 3326 habet
1237 3269 1581 3325 Firmilianus
1624 3288 1676 3341 p.
1724 3271 1848 3326 “9.
1881 3269 2017 3325 Hinc
2056 3268 2309 3323 observat
2346 3266 2677 3339 Augustinus
2701 3267 2762 3339 (ι.
2805 3281 2857 3321 tv
2897 3266 2959 3321 de
2999 3262 3184 3338 Bapt.)
3227 3262 3551 3334 Cyprianum

233 3366 561 3437 distinguere
597 3381 618 3418 ε
647 3367 790 3422 inter
812 3380 907 3422 eos
943 3364 1034 3434 qui
1069 3364 1193 3419 mali
1228 3362 1360 3418 foris
1393 3372 1541 3428 sunt,
1583 3370 1636 3417 et
1676 3376 1771 3416 eos
1808 3360 1904 3432 qui
1940 3360 2084 3415 intus
2125 3360 2251 3415 mali
2289 3368 2455 3425 sunt;
2506 3378 2525 3411 ι
2570 3373 2636 3414 ac
2673 3356 2916 3428 pluribus
2961 3356 3297 3414 demonstrat
3332 3357 3553 3415 minime

231 3461 385 3531 sequi
423 3476 485 3517 ex
528 3461 629 3516 hac
683 3460 1030 3516 distinctione
1054 3502 1069 3529 ,
1119 3467 1178 3515 ut
1219 3456 1461 3515 Ecclesia
1522 3457 1654 3512 foris
1693 3472 1791 3526 per
1832 3456 2119 3513 haereticos
2160 3470 2267 3510 non
2308 3454 2546 3525 baptizet
2571 3494 2586 3520 ,
2629 3450 3081 3524 quemadmodum
3119 3466 3217 3523 per
3255 3453 3433 3515 malos
3470 3453 3554 3507 iu-

237 3561 325 3607 tus
362 3551 617 3622 baptizat.

307 3644 362 3700 Si
410 3645 573 3716 petita
606 3660 637 3702 a
665 3644 935 3718 Cypriane
973 3661 1005 3701 c
1034 3645 1326 3717 Seripturis
1354 3653 1666 3718 argumenta
1696 3659 1800 3701 non
1829 3644 1975 3701 omni
2002 3640 2484 3701 verisimilitudinis
2524 3641 2706 3699 colore
2733 3639 2985 3699 destituta
3043 3647 3281 3711 sunt,,at
3303 3654 3423 3712 qua:
3446 3640 3551 3695 ob-

233 3737 390 3807 iectae
414 3738 481 3794 ab
507 3738 1117 3795 adversariistraditioni
1152 3740 1462 3812 respondet.
1491 3756 1551 3795 ea
1576 3738 2054 3811 tantiiugcniiluce
2084 3753 2303 3809 prorsus
2325 3737 2560 3809 indigna.
2591 3736 2891 3793 Humanam
2941 3734 3281 3791 traditionem
3323 3734 3556 3807 appellat

237 3827 403 3900 quod,
429 3829 625 3885 nullius
670 3830 882 3887 concilii
905 3831 1224 3886 auctoritate
1253 3832 1624 3896 constitutum,
1658 3832 1708 3887 in
1736 3831 1984 3887 maximis
2013 3829 2311 3902 quibusque
2340 3829 2585 3885 ccclesiis
2609 3843 2820 3884 summo
2846 3841 3113 3887 consensu
3137 3827 3547 3894 observabatur,

237 3938 338 3979 nec
366 3923 418 3979 in
445 3923 557 3996 ipsa
586 3922 766 3981 Africa
794 3934 918 3981 ante
940 3925 1290 3998 Agrippinum
1322 3925 1595 3981 observari
1622 3924 1875 3981 desierat.
1901 3923 2039 3979 Cum
2069 3932 2245 3979 autem
2274 3922 2324 3978 ei
2343 3922 2666 3994 objiccretur
2696 3940 2709 3977 :
2747 3940 2766 3973 ί
2796 3920 2930 3990 Quid
2958 3936 3086 3992 ergo
3108 3919 3201 3976 lict
3225 3919 3293 3974 de
3346 3917 3431 3973 his
3456 3915 3550 3989 qui

236 4017 287 4071 iu
319 4018 648 4089 praeteritum
679 4017 745 4074 de
772 4018 964 4075 haeresi
1005 4018 1073 4073 ad
1102 4018 1397 4074 Ecclesium
1424 4019 1702 4075 venientes
1723 4019 1839 4074 sine
1866 4017 2139 4088 Baptismo
2164 4016 2382 4073 admissi
2406 4025 2524 4071 sunt
2558 4017 2580 4069 ?
2612 4034 2629 4068 ι
2656 4017 2732 4071 sic
2757 4016 3047 4087 respondet
3077 4016 3131 4069 in
3164 4011 3425 4084 Epist.’ad
3447 4011 3554 4067 .Iu-

236 4112 339 4167 bai.
369 4129 385 4166 :
420 4131 439 4165 ι
468 4112 669 4170 Potens
707 4122 789 4169 est
814 4114 1074 4169 Dominus
1091 4113 1458 4171 misericordia
1481 4128 1576 4169 sua
1608 4113 1993 4185 indulgentiam
2016 4112 2167 4177 dare,
2185 4122 2239 4166 et
2260 4125 2354 4166 eos
2378 4109 2469 4181 qui
2497 4109 2561 4163 ad
2591 4109 2885 4165 Ecclesiam
2910 4108 3229 4180 simpliciter
3254 4104 3471 4161 admissi
3505 4107 3556 4163 in

238 4204 477 4262 Ecclesia
508 4206 862 4275 dormierunt,
888 4208 955 4264 ab
982 4207 1236 4263 Ecclesia:
1263 4222 1375 4263 sua:
1426 4206 1735 4264 muneribus
1774 4202 1890 4262 bon
1922 4220 2200 4277 separare.
2232 4224 2250 4257 ι
2282 4204 2338 4258 lu
2364 4203 2463 4259 bac
2497 4204 2849 4275 rcSponsione
2878 4202 3196 4259 eharitatem
3228 4200 3476 4273 Cypriani
3506 4211 3561 4258 et

236 4301 401 4357 animi
422 4301 843 4359 moderationem
870 4303 1024 4360 facile
1051 4318 1348 4375 agnoscas;
1382 4302 1631 4375 sedquod
1658 4304 1705 4358 ei
1736 4302 2106 4373 objiciebatur,
2133 4317 2254 4356 cum
2283 4310 2338 4355 et
2362 4300 2571 4357 adultos
2594 4309 2648 4357 et
2675 4299 2903 4357 infantes
2928 4300 3381 4372 complecteretur
3399 4348 3413 4373 ,
3446 4300 3562 4372 ipsc

236 4394 306 4450 de
330 4394 526 4450 adultis
552 4410 693 4462 sese,
743 4407 800 4451 ut
830 4406 1040 4468 potest,
1098 4396 1337 4468 expedit,
1385 4405 1440 4450 at
1468 4396 1535 4451 de
1589 4394 1878 4452 infantibus
1909 4397 1961 4451 in
1995 4395 2191 4452 haeresi
2214 4394 2491 4467 lmptizatis
2513 4434 2528 4460 ,
2552 4403 2607 4450 et
2634 4395 2684 4450 in
2714 4394 2953 4453 Ecclesia
2985 4396 3100 4453 sine
3121 4412 3258 4454 novo
3281 4398 3555 4471 Baptismo

234 4496 532 4543 auteusum
562 4488 786 4545 rationis
809 4490 1184 4558 morientibus,
1217 4506 1286 4547 ne
1309 4489 1531 4545 verbum
1562 4488 1777 4560 quidem
1804 4488 2155 4561 proloquitur.
3560 4544 3567 4551 ι

308 4580 567 4646 Quamvis
593 4589 772 4635 autem
803 4580 1026 4652 objecta:
1058 4581 1325 4637 traditioni
1365 4581 1543 4636 minus
1573 4579 1710 4635 belle
1740 4579 2078 4651 responderit
2104 4579 2425 4652 Cyprianus,
2456 4595 2561 4637 non
2598 4579 2800 4638 idcirco
2832 4590 3009 4640 tamen
3039 4583 3343 4644 traditionis
3376 4597 3562 4647 aucto-

239 4673 448 4728 ritatcm
480 4672 780 4729 ﬂoccifecit.
811 4672 1078 4744 Nusquam
1108 4676 1358 4745 exiirimit
1384 4684 1477 4731 aut
1506 4674 1636 4730 dicit
1683 4672 1825 4746 quod
1876 4673 1924 4729 ei
1951 4673 2136 4730 Simon
2171 4672 2477 4731 Gouiartius
2509 4674 2561 4730 in
2592 4675 2731 4731 notis
2756 4676 2825 4732 ad
2874 4678 3046 4748 Epist.
3095 4694 3282 4747 Lutv,
3326 4689 3381 4739 et
3406 4683 3561 4741 multi

239 4765 329 4821 alii
358 4774 717 4837 protestantes
737 4767 1084 4834 affiuxerunt,
1108 4767 1393 4824 i°omuem
1421 4768 1783 4840 evangelicam
1808 4774 1861 4823 ct
1880 4767 2227 4839 apostolicam
2260 4768 2601 4825 traditionem
2633 4784 2753 4826 esse
2777 4772 3118 4843 qurercndam
3148 4776 3198 4830 in
3234 4776 3563 4851 Evangeliis,

241 4857 391 4914 Actis
411 4868 504 4915 aut
531 4859 823 4932 Epistolis;
852 4859 911 4914 2°
933 4860 1112 4916 omnia
1142 4860 1229 4916 illa
1257 4878 1377 4933 quae
1397 4878 1501 4917 non
1527 4871 1751 4933 possunt
1781 4861 1831 4917 in
1862 4859 1944 4916 his
1968 4860 2121 4917 libris
2147 4862 2371 4933 reperiri
2399 4862 2690 4932 reiicienda
2719 4874 2771 4921 et
2789 4869 3179 4925 contemnenda
3201 4885 3350 4928 esse.

312 4952 429 5008 Non
472 4953 684 5010 videtur
711 4954 905 5011 ctelum
954 4963 1094 5010 terra
1122 4954 1330 5025 longius
1360 4954 1576 5023 distare,
1632 4970 1790 5027 quam
1836 4951 2089 5026 Cypriani
2140 4956 2406 5012 sententia
2448 4956 2714 5025 ejusmodi
2771 4963 3112 5018 commentis.
3156 4963 3211 5018 1⁵
3238 4963 3318 5019 Ex
3344 4963 3461 5035 ejus
3493 4964 3561 5027 de

243 5045 497 5102 Ecclesiae
537 5045 1249 5103 infaliibilitatetestimoniis
1275 5062 1394 5118 qua:
1448 5061 1608 5117 supra
1638 5046 1938 5113 retulimus,
1971 5046 2202 5117 perspici
2232 5057 2409 5118 potest
2432 5063 2498 5103 an
2528 5050 2685 5104 aliam
2706 5048 2830 5105 fidei
2860 5053 3217 5123 regulamnou
3248 5053 3552 5125 admiserit,

242 5153 405 5211 quam
452 5136 741 5208 Scriptura:
777 5146 1087 5195 contextum
1129 5154 1160 5194 a
1206 5137 1490 5194 traditione
1516 5146 1852 5209 separatum;
1882 5137 1939 5192 2"
1964 5139 2265 5211 Cyprianus
2309 5150 2363 5195 et
2406 5137 2751 5197 Firmilianus
2772 5158 3034 5217 nusquam
3086 5156 3384 5216 queruntur
3415 5150 3563 5221 quod

244 5227 586 5285 traditionem
617 5226 940 5298 Stephanus,
992 5240 1050 5285 ut
1077 5229 1197 5286 fidei
1226 5228 1487 5302 regulam,
1517 5239 1773 5301 opponat.
1801 5229 2059 5286 Fatentur
2088 5231 2226 5286 hanc
2254 5231 2593 5289 traditionem
2621 5234 2690 5290 de
2722 5235 2995 5309 Baptismo
3043 5237 3423 5294 haereticorum
3455 5258 3565 5300 non

246 5321 494 5379 iterando
541 5322 1091 5390 observandamcsse,
1134 5323 1180 5378 si
1209 5323 1276 5380 ab
1303 5324 1575 5395 Apostolis
1595 5332 1710 5380 orta
1767 5323 1871 5390 sit;
1915 5325 2009 5379 sed
2063 5334 2237 5380 ortam
2284 5327 2564 5397 negantab
2594 5329 2885 5405 Apostolis,
2912 5331 3035 5402 quia
3078 5330 3313 5387 haeretici
3340 5333 3435 5405 qui
3460 5335 3561 5392 sub

247 5419 520 5489 Apostolis
566 5418 796 5485 rediere,
845 5417 958 5489 jam
1012 5416 1066 5472 in
1112 5416 1353 5474 Ecclesia
1402 5419 1653 5491 baptizari
1709 5416 1917 5474 fuerant
1969 5418 2131 5494 (Epp.
2186 5437 2345 5478 Lxxw
2370 5431 2426 5479 et
2469 5404 2652 5498 Lxxv).
2696 5424 2858 5482 Addit
2911 5425 3253 5484 Firmilianus
3289 5448 3307 5482 ‹
3343 5404 3438 5487 eos
3470 5433 3563 5503 qui

247 5514 434 5570 Roma:
460 5523 583 5570 sunt
608 5529 714 5570 non
745 5527 806 5570 ea
845 5513 896 5568 in
924 5511 1173 5569 omnibus
1202 5512 1397 5567 observ
1413 5528 1503 5568 are
1536 5528 1654 5583 quae
1677 5513 1782 5568 sint
1807 5514 1875 5570 ab
1904 5515 2110 5586 origine
2133 5516 2346 5581 tradita,
2373 5517 2538 5574 veluti
2561 5520 2701 5575 circa
2729 5518 3077 5575 celebrandas
3103 5520 3219 5590 dies
3247 5521 3499 5592 Paschre;
3538 5545 3557 5581 ι

248 5625 312 5665 ex
344 5624 450 5680 quo
481 5608 633 5665 facile
656 5608 971 5680 intelligitur
993 5607 1118 5679 quid
1147 5606 1212 5661 de
1243 5606 1615 5661 traditionibus
1641 5622 1747 5663 non
1776 5607 1989 5680 scriptis
2015 5610 2242 5665 senserit
2269 5610 2634 5668 Firmilianus.
2667 5611 2724 5667 5°
2746 5611 2981 5685 Objectae
3008 5612 3076 5668 ab
3102 5614 3426 5673 adversariis
3456 5627 3566 5672 tra-

249 5703 436 5761 ditioni
468 5703 626 5758 aliam
645 5705 865 5772 opponit
888 5702 1186 5774 Cyprianus
1212 5701 1279 5755 de
1294 5714 1393 5771 qua
1422 5716 1484 5755 ex
1517 5710 1740 5775 utraque
1763 5712 1911 5772 parte
1940 5705 2296 5761 conveniebat
2321 5724 2333 5759 :
2372 5726 2390 5759 ‹
2424 5706 2532 5763 Nec
2554 5708 2830 5778 quisquam
2855 5705 3019 5774 dicat,
3054 5726 3070 5760 ι
3105 5707 3274 5780 inquit
3304 5712 3354 5766 in
3386 5711 3560 5781 Epist.

249 5796 320 5851 ad
346 5793 520 5849 Jubai.
551 5795 692 5866 (pag.
724 5794 865 5865 155),
906 5795 1077 5866 «quod
1106 5794 1408 5869 accepimus
1437 5792 1503 5847 ab
1527 5795 1794 5865 Apostolis
1823 5796 1923 5852 hoc
1957 5798 2249 5869 sequimur,
2282 5799 2496 5871 quando
2542 5799 2779 5869 Apostoli
2813 5815 2915 5856 non
2942 5801 3041 5855 nisi
3073 5818 3229 5858 unam
3264 5804 3561 5863 Ecclesiam

267 5888 604 5953 tradiderunt
631 5898 685 5944 et
715 5889 980 5963 Baptisma
1013 5906 1194 5959 unum,
1247 5887 1387 5965 quod
1419 5904 1524 5946 non
1556 5889 1655 5947 nisi
1684 5889 1735 5946 iu
1770 5890 1953 5950 eadem
1975 5893 2211 5951 Ecclesia
2241 5896 2308 5951 sit
2335 5895 2714 5966 constitutum;
2746 5904 2799 5954 et
2825 5897 3094 5967 nemiuem
3125 5898 3459 5965 inveniamus
3492 5900 3562 5975 ab
