4050 6444
516 379 587 439 59
618 405 629 415 ρ
1948 363 2335 425 PR/EFATIO.
3700 368 3705 371 ·
3772 360 3852 421 si;

513 498 811 574 Apostolis,
834 511 956 557 cum
986 494 1125 570 apud
1148 494 1430 552 luereticos
1457 491 1752 564 baptizatus
1771 496 1938 556 esset,
1966 488 2020 542 in
2037 485 2225 543 eodem
2242 484 2516 557 Baptismo
2539 482 2831 541 admissum
2853 494 2974 540 esse
2998 489 3050 538 et
3072 479 3521 549 communicasse,
3542 479 3847 538 utvidean-

512 609 599 657 tur
625 593 867 668 Apostoli
898 593 1158 664 baptisma
1184 588 1561 645 haereticorum
1586 585 1864 657 probasse.
1900 600 1920 634 ι
1954 579 2022 636 Ει
2050 580 2103 635 in
2143 579 2306 648 Epist.
2343 594 2525 645 Lxxtv,
2550 592 2604 648 p.
2644 578 2736 633 Ml
2771 595 2783 631 ε
2814 595 2833 630 ι
2866 576 3017 647 Quod
3039 586 3093 633 et
3121 591 3263 632 nunc
3293 575 3468 631 facere
3498 584 3710 646 oportet
3738 576 3838 633 Dei

509 688 820 747 sacerdotes
846 695 1111 760 prtecepta
1136 681 1313 738 divina
1342 688 1639 746 servantes,
1668 685 1729 733 ut
1772 676 1816 731 si
1847 675 1899 730 in
1931 674 2108 744 aliquo
2137 671 2405 728 nutaverit
2423 680 2479 727 et
2503 670 2831 727 vacillaverit
2857 671 3075 737 veritas,
3104 669 3172 725 ad
3201 669 3463 740 originem
3491 668 3833 725 Dominicam

509 791 566 840 et
604 782 670 838 ad
700 779 1061 852 evangelieam
1112 787 1271 849 atque
1329 772 1678 847 apostolicam
1712 768 2053 825 traditionem
2084 775 2439 831 revertantur,
2470 773 2524 819 ct
2562 762 2685 819 inde
2706 772 2887 836 surgat
2912 772 3064 820 actus
3094 762 3260 818 nostri
3290 762 3426 816 ratio
3455 761 3596 818 unde
3620 773 3676 819 et
3701 762 3841 820 ordo

509 885 561 934 et
582 876 733 949 origo
776 875 1025 932 surrexit.
1075 870 1357 928 Traditum
1390 879 1474 926 est
1530 868 1673 925 enim
1706 865 1861 923 nobis
1890 862 2033 937 quod
2063 863 2127 918 sit
2163 877 2298 917 unus
2333 860 2474 915 Deus
2501 867 2556 914 et
2581 857 2828 916 Christus
2858 874 3016 927 unus,
3058 866 3113 915 et
3135 872 3238 913 una
3291 871 3416 928 spes
3457 866 3513 913 et
3539 856 3673 914 ﬁdes
3698 873 3833 923 una,

507 950 563 1027 et
590 985 689 1027 una
716 968 953 1026 Ecclesia
980 976 1036 1025 et
1066 966 1334 1038 Baptisma
1360 980 1547 1028 unum,
1579 982 1598 1017 ι
1629 970 1734 1018 etc.
1766 960 1823 1016 4°
1851 958 2003 1014 Adeo
2030 955 2331 1029 Cyprianus
2359 964 2411 1009 et
2433 952 2776 1010 Firrnilianus
2798 952 3136 1008 traditionem
3161 965 3192 1006 a
3219 949 3514 1023 Scripturis
3533 966 3640 1007 non
3662 951 3839 1008 divel~

508 1065 644 1132 lunt,
676 1063 811 1120 adeo
832 1060 986 1119 nefas
1015 1075 1140 1117 esse
1166 1058 1365 1115 ducunt
1384 1057 1456 1136 ab
1484 1054 1742 1113 Ecclesia:
1766 1051 2091 1110 auctoritate
2136 1050 2189 1103 in
2219 1045 2637 1118 interpretandis
2674 1046 2961 1118 Seripturis
3006 1044 3310 1111 discedere,
3356 1053 3414 1099 ut
3444 1044 3832 1102 hmreticorum

504 1159 767 1229 baptisma
802 1156 1011 1213 irritum
1029 1169 1152 1212 esse
1192 1154 1296 1209 hoc
1323 1151 1486 1208 etiam
1531 1156 1846 1222 argumento
1899 1156 2154 1219 pugnent,
2186 1142 2330 1217 quod
2378 1139 2614 1199 bmretici
2639 1155 2834 1196 nomen
2859 1139 3033 1196 Patris
3059 1148 3114 1195 et
3154 1138 3275 1195 Filii
3300 1146 3356 1195 ct
3384 1137 3617 1210 Spiritus
3650 1145 3833 1203 sancti

502 1262 663 1324 atque
690 1252 851 1308 etiam
878 1248 1022 1320 ipsas
1044 1245 1512 1318 interrogationes,
1537 1261 1557 1297 ι
1578 1240 1767 1299 Credis
1783 1238 2155 1296 remissionem
2172 1245 2516 1308 peccatorum
2533 1238 2587 1289 et
2604 1231 2764 1289 vitam
2793 1241 3049 1289 :rtcrnam
3076 1245 3171 1301 per
3185 1239 3424 1289 sanctam
3443 1228 3768 1302 Ecclesiam,
3803 1234 3831 1290 ἰ

502 1344 657 1402 aliter
684 1356 750 1399 ac
774 1339 1018 1400 Ecclesia
1041 1338 1523 1410 interpretarentur
1553 1332 1629 1407 (p.
1663 1333 1787 1400 151,
1820 1329 2118 1401 145,154).

575 1523 1240 1585 ἾΙΙρ-ςοιινιιιιιτιοιιειι
1286 1535 1387 1578 non
1433 1530 1731 1578 cosrunnt'r
1786 1532 1833 1574 s.
1869 1526 2156 1572 CYPRIANUS

2269 1528 2290 1567 tl
2331 1525 2664 1571 IMPOSITIONE
2689 1522 2910 1568 IANUUM
2942 1524 2992 1566 IS
3026 1520 3329 1567 ιιιῖιιετιῦοε
3383 1523 3721 1568 REDEUNTES.
3749 1536 3824 1556 -
3858 1538 3868 1562 ι

1496 1590 1973 1671 ‘CONFIBIIATIONEI
2000 1622 2165 1665 INTER
2183 1622 2527 1665 SACBAMENTA
2547 1619 2818 1666 ΝωΙΕΒΑΤ.
2926 1638 2933 1645 ·

2267 1623 2527 1664 ΞΒΔΜΕΝΤΑ
2547 1619 2818 1666 ΝΙΠΙΕΚΑΤ.
2926 1638 2933 1645 ·
3384 1652 3391 1659 .
3454 1640 3461 1647 ο
3856 1627 3866 1655 t

584 1808 703 1870 Non
730 1811 863 1870 levis
888 1810 977 1869 hic
1018 1809 1245 1884 quaestio
1265 1805 1606 1874 excutienda,
1629 1814 1807 1862 utrum
1835 1804 2133 1878 Cyprianus
2154 1816 2220 1860 eo
2249 1817 2435 1860 ert-ore
2460 1802 2806 1872 laboraverit,
2835 1816 2993 1875 quem
3018 1801 3113 1859 eia
3140 1798 3324 1858 multis
3345 1797 3521 1873 attingi
3551 1799 3730 1869 video,
3763 1811 3824 1860 ut

499 1906 897 1979 impositionem
920 1905 1063 1961 illam
1091 1918 1345 1959 manuum
1397 1916 1559 1973 quam
1606 1898 1844 1955 hmretiei
1881 1896 2169 1954 redeuntes
2189 1899 2437 1968 accipere
2465 1896 2732 1966 solebant,
2786 1896 3224 1953 Couﬁrmationis
3279 1905 3674 1953 sacramentum
3705 1912 3829 1955 esse

497 1998 763 2056 crederet.
792 1995 1001 2053 Eruditi
1031 1996 1132 2052 viri
1160 1994 1363 2051 Natalis
1388 1990 1690 2051 Alexander
1712 1990 1951 2063 (Dissert.
1984 2005 2022 2045 ιι
2047 1991 2196 2062 stec.)
2228 1999 2279 2047 et
2302 2000 2486 2046 auctor
2516 2007 2668 2047 nova:
2718 1989 2968 2046 editionis
2989 1989 3298 2045 Litterarum
3324 2005 3636 2044 summorum
3668 1988 3823 2047 Pent.

497 2096 633 2152 scite
671 2094 747 2150 illi
778 2092 993 2165 quidem
1019 2090 1390 2148 demonstrant
1418 2086 1812 2159 impositionem
1847 2101 2102 2141 manuum
2132 2085 2184 2140 in
2213 2084 2495 2140 hteretieos
2524 2084 2812 2140 redeuntes
2839 2084 2995 2155 longe
3021 2082 3222 2139 distare
3267 2094 3601 2138 sacramento
3624 2082 3829 2140 Conﬁr.

497 2189 785 2257 mationis;
814 2203 915 2245 nec
945 2185 1278 2259 Stephanum
1303 2197 1494 2256 papam
1523 2181 2000 2238 Conlirmationem
2029 2180 2224 2235 iterare
2248 2179 2504 2245 voluisse,
2536 2194 2655 2234 cum
2689 2180 2821 2234 satis
2844 2191 2967 2233 esse
2992 2177 3345 2233 contenderet
3390 2192 3605 2231 manum
3645 2175 3826 2234 bzere-

498 2284 620 2341 ticis
648 2281 1002 2340 redeuntibus
1025 2281 1323 2352 imponere,
1357 2288 1413 2334 ut
1441 2277 1750 2349 accipereut
1794 2275 2052 2348 Spiritum
2084 2283 2349 2331 sanctum.
2383 2273 2488 2330 Sed
2513 2273 2673 2329 iidem
2710 2272 3036 2346 Cyprianum
3059 2272 3370 2329 existimant
3389 2273 3825 2329 adversariorum

496 2376 819 2435 sententiam
842 2375 1018 2432 minus
1044 2372 1392 2438 intellexisse,
1416 2371 1600 2443 sicque
1625 2384 1748 2425 cum
1775 2368 1880 2424 illis
1907 2382 2195 2439 pugnasse,
2244 2368 2397 2439 quasi
2427 2366 2905 2424 Conﬁrmationem
2938 2366 2991 2422 in
3022 2366 3213 2423 haeresi
3240 2377 3512 2439 acceptam
3539 2368 3819 2424 iterarent.

495 2470 849 2528 Proferuntur
868 2469 1127 2526 adversus
1146 2465 1473 2539 Cyprianum
1506 2465 1623 2520 haec
1649 2462 1817 2535 ipsius
1845 2462 2146 2519 testimonia
2177 2480 2192 2517 :
2232 2479 2251 2513 ι
2289 2460 2442 2530 Quod
2466 2462 2515 2517 si
2534 2461 2829 2517 secundum
2853 2476 3071 2535 pravam
3099 2459 3277 2529 ﬁdem,
3310 2481 3329 2515 ι
3361 2462 3529 2534 inquit
3561 2464 3614 2517 in
3646 2463 3820 2534 Epist,

493 2548 564 2621 ad
587 2562 922 2633 Jubaianum,
941 2578 1057 2636 pag.
1084 2563 1207 2628 151,
1241 2579 1260 2614 ι
1294 2560 1549 2633 baptizari
1578 2559 1769 2630 aliquis
1799 2557 1929 2613 foris
1957 2567 2010 2613 et
2040 2557 2320 2613 remissam
2351 2564 2693 2628 peccatorum
2720 2556 2982 2628 consequi
3018 2555 3221 2627 potuit,
3256 2555 3549 2613 secundum
3571 2558 3824 2614 eamdem

494 2660 655 2717 lidem
681 2657 935 2730 consequi
962 2653 1219 2728 Spiritum
1236 2664 1477 2709 sanctum
1526 2652 1697 2724 potuit
1727 2667 1741 2704 :
1768 2660 1823 2707 et
1870 2667 1976 2706 non
2028 2659 2111 2706 est
2141 2665 2361 2708 necesse
2384 2651 2616 2707 venienti
2672 2666 2895 2707 manum
2950 2651 3171 2722 imponi,
3204 2661 3265 2706 ut
3293 2652 3547 2723 Spiritum
3575 2663 3821 2711 sanctum

492 2759 851 2821 consequatur
874 2756 929 2805 et
956 2747 1212 2818 signetur.
1244 2746 1350 2800 Aut
1378 2753 1665 2814 utrumque
1691 2742 1833 2798 enim
1860 2741 1993 2797 ﬁdes
2022 2741 2150 2803 foris
2176 2741 2365 2812 potuit,
2398 2751 2490 2797 attt
2514 2752 2762 2798 neutrum
2789 2758 2979 2799 eorum
3011 2743 3103 2816 qui
3128 2742 3256 2799 foris
3283 2742 3456 2800 fuerat
3504 2746 3748 2816 accepit;
3790 2764 3812 2800 ι

493 2842 549 2906 et
571 2863 693 2920 pag.
717 2844 859 2901 156:
894 2861 914 2897 ι
955 2841 1215 2914 Baptizari
1260 2855 1356 2897 eos
1404 2846 1619 2910 oportet
1644 2838 1734 2909 qui
1781 2836 1849 2892 de
1889 2835 2086 2893 haeresi
2137 2835 2203 2892 ad
2252 2836 2545 2893 Ecclesiam
2600 2836 2841 2905 veniunt,
2866 2844 2925 2891 ut
2950 2836 3038 2907 qui
3069 2836 3306 2908 legitimo
3336 2846 3389 2893 et
3417 2838 3577 2894 unico
3603 2847 3811 2895 sanctas

498 2939 756 2999 Ecclesite
794 2937 1069 3009 Baptismo
1095 2934 1162 2990 ad
1214 2948 1441 3006 regnum
1493 2932 1587 2988 Dei
1625 2929 2032 3002 regenerationc
2077 2928 2255 2984 divina
2281 2937 2669 3001 praeparantur,
2699 2933 3041 2986 sacramento
3078 2937 3308 3001 utroque
3348 2941 3659 2997 nascantur,
3693 2933 3822 3003 quia

495 3030 756 3103 scriptum
786 3038 869 3087 est
897 3046 912 3083 :
945 3026 1066 3084 Nisi
1115 3027 1228 3097 qttis
1253 3034 1459 3080 renatus
1488 3024 1640 3096 fuerit
1669 3040 1732 3078 ea:
1758 3039 1892 3091 aqua
1936 3033 1985 3079 et
2011 3022 2233 3093 Spiritu,
2258 3040 2357 3078 non
2387 3033 2547 3095 potest
2572 3024 2782 3079 introire
2801 3026 2855 3079 in
2875 3040 3086 3097 regnum
3125 3023 3222 3081 Dei
3248 3039 3269 3089 ;
3307 3043 3326 3078 ι
3358 3034 3414 3082 et.
3464 3026 3515 3081 itt
3545 3025 3718 3096 Epist.
3750 3026 3825 3081 ad

498 3126 842 3197 Stephanum,
877 3138 997 3195 pag.
1031 3120 1135 3177 128
1165 3137 1178 3174 :
1212 3138 1231 3172 t
1264 3119 1415 3176 'l‘unc
1464 3118 1605 3174 enim
1628 3117 1841 3174 demum
1891 3116 2048 3187 plene
2076 3115 2398 3173 sanctiﬁatri
2427 3128 2482 3173 et
2507 3132 2629 3174 esse
2654 3117 2746 3173 ﬁlii
2775 3118 2871 3175 Dei
2895 3128 3138 3191 possunt,
3162 3124 3206 3176 si
3228 3130 3564 3177 sacramento
3587 3131 3821 3195 utroque

498 3231 807 3287 nascantur,
832 3233 954 3275 cum
1007 3217 1267 3288 scriptum
1296 3215 1396 3270 sit:
1434 3211 1554 3268 Nisi
1596 3213 1707 3283 quis
1739 3222 1964 3277 renatus,
1994 3220 2097 3267 etc.
2138 3230 2157 3263 ι
2190 3209 2248 3265 In
2278 3210 2520 3268 eamdem
2547 3212 2865 3269 sententiam
2901 3212 3136 3285 loquitur
3158 3212 3509 3271 Netncsiauus
3530 3230 3560 3270 a
3588 3215 3816 3273 Tabulis

498 3317 553 3372 in
579 3311 812 3370 concilio
858 3309 1265 3381 Carthaginens't
1299 3327 1313 3364 :
1349 3325 1369 3361 ι
1405 3304 1545 3361 Male
1564 3320 1693 3377 ergo
1732 3304 1831 3360 sibi
1860 3303 2074 3375 quidam
2105 3304 2543 3376 interpreLautnr,
2574 3306 2763 3376 inquit,
2796 3315 2854 3361 ιιι
2874 3307 3053 3362 dicant
3076 3307 3217 3379 quod
3241 3323 3337 3380 per
3365 3325 3556 3366 manus
3589 3312 3817 3381 imposi-

497 3411 695 3467 tionem
745 3408 1002 3481 Spiritum
1047 3414 1289 3481 sanctum
1328 3403 1593 3476 accipiant
1639 3410 1695 3456 et
1735 3400 1817 3457 sic
1865 3399 2212 3471 recipiantur,
2253 3415 2377 3457 cum
2408 3399 2750 3458 manifestum
2780 3402 2848 3457 sit
2874 3410 3101 3473 utroque
3127 3415 3467 3465 sacramento
3490 3404 3689 3463 debere
3718 3421 3820 3464 eos

496 3500 704 3563 renasci
728 3480 795 3560 in
813 3500 1053 3561 Ecclesia
1070 3480 1362 3558 catholica.
1406 3519 1425 3553 ι
2914 3514 2923 3523 ο
3224 3522 3229 3527 .

568 3596 676 3655 Sed
705 3595 827 3653 haec
850 3593 1154 3651 testimonia
1186 3591 1436 3651 videntur
1461 3591 1717 3662 explicari
1745 3607 1924 3666 posse,
1972 3608 2074 3651 nec
2123 3592 2255 3650 mihi
2306 3590 2633 3664 persuadent
2676 3590 3003 3665 Cyprianum
3052 3594 3102 3649 in
3150 3609 3210 3651 re
3248 3601 3373 3651 ante
3412 3593 3599 3651 oculos
3641 3596 3818 3667 posita

501 3692 820 3750 oscitantem
848 3701 1083 3754 errasse,
1108 3700 1170 3741 ac
1195 3699 1284 3741 res
1310 3694 1498 3741 natura
1528 3693 1584 3741 et
1607 3699 1705 3743 usu
1724 3685 1982 3742 Ecclesia;
2006 3685 2144 3742 adeo
2168 3685 2452 3742 distinctas
2473 3685 2727 3757 opinione
2752 3685 3081 3745 confudisse.
3112 3687 3256 3744 illius
3278 3698 3456 3746 autem
3488 3694 3811 3747 sententiam

496 3784 812 3844 certissimis
838 3780 1075 3851 vestigiis
1111 3780 1363 3852 indagare
1386 3779 1511 3835 licet
1536 3778 1789 3857 inEpist.
1813 3780 1882 3835 ad
1907 3780 2152 3849 Quintum
2174 3781 2253 3853 (p.
2285 3779 2440 3853 127),
2473 3780 2566 3837 ubi
2604 3781 2683 3837 sic
2710 3782 2976 3852 loquitur:
3012 3802 3031 3836 ι
3073 3782 3139 3840 Et
3160 3784 3345 3841 dicunt
3368 3799 3429 3841 se
3455 3785 3507 3840 in
3535 3784 3637 3840 hoc
3666 3796 3817 3842 vetc-

497 3892 615 3937 rem
643 3873 1087 3934 consuetudinem
1118 3871 1268 3943 sequi
1296 3914 1312 3941 ,
1342 3871 1555 3943 quando
1583 3871 1724 3944 apud
1749 3881 1960 3929 veteres
1990 3872 2262 3929 haereseos
2290 3874 2458 3944 prima
2483 3872 2661 3930 adhuc
2704 3874 2903 3931 fuerint
2958 3876 3128 3946 initia,
3165 3886 3225 3933 ut
3261 3877 3316 3934 hi
3358 3878 3466 3934 illic
3508 3886 3691 3935 essent
3720 3878 3815 3949 qui

494 3972 566 4030 de
601 3967 842 4030 Ecclesia
882 3967 1205 4025 recedebant
1250 3976 1304 4023 et
1342 3966 1429 4023 hic
1471 3965 1722 4039 baptizati
1756 3969 1904 4041 prius
1932 3967 2184 4034 fuerant;
2208 3983 2345 4039 quos
2374 3979 2554 4025 tamen
2578 3968 2645 4025 ad
2672 3969 2971 4027 Ecclesiam
3002 3981 3331 4029 revertentes
3351 3980 3407 4030 et
3438 3973 3809 4043 pteniteutiam

496 4079 718 4143 agentes
746 4084 967 4141 necesse
998 4085 1104 4125 non
1134 4077 1249 4126 erat
1268 4067 1559 4140 baptizare.
1582 4065 1737 4137 Quod
1766 4082 1865 4122 nos
1892 4082 2105 4138 quoque
2131 4065 2293 4122 hodie
2338 4067 2711 4135 observamus,
2739 4076 2796 4123 ut
2825 4082 2962 4140 quos
2987 4076 3200 4125 constet
3226 4067 3314 4124 hic
3343 4069 3639 4140 baptizatos
3664 4083 3811 4138 esse,

496 4172 551 4221 et
579 4179 610 4220 a
643 4162 799 4219 nobis
827 4161 892 4218 ad
922 4161 1205 4219 luereticos
1235 4162 1510 4225 transisse,
1542 4161 1585 4215 si
1620 4158 1977 4231 postmodum,
2015 4168 2236 4230 peccato
2256 4172 2353 4246 suo
2380 4157 2595 4229 cognito
2622 4167 2677 4214 et
2698 4173 2889 4215 errore
2924 4158 3151 4231 digesto,
3185 4159 3252 4215 ad
3289 4159 3573 4216 veritatem
3605 4168 3656 4216 et
3687 4175 3809 4214 ma-

498 4263 685 4318 tricem
720 4260 961 4327 redeant,
987 4260 1118 4316 satis
1154 4259 1225 4315 sit
1262 4259 1318 4314 in
1356 4257 1722 4330 ptenitenliam
1754 4274 1967 4333 manum
1997 4258 2311 4331 imponere;
2346 4267 2421 4325 ut,
2452 4258 2575 4330 quia
2626 4258 2746 4315 ovis
2794 4258 2984 4329 fuerat,
3022 4260 3161 4318 hanc
3195 4276 3348 4319 ovem
3378 4263 3731 4320 abalienatum
3757 4276 3815 4324 et

497 4354 856 4414 errabundam
881 4355 933 4410 in
957 4354 1097 4411 ovile
1124 4367 1279 4410 suum
1309 4362 1489 4425 pastor
1515 4352 1757 4425 recipiat.
1799 4371 1819 4405 ι
1850 4351 1967 4408 Non
1999 4352 2051 4409 id
2081 4355 2257 4426 agitur
2280 4366 2441 4423 quam
2466 4360 2613 4409 recte
2644 4351 2940 4425 Cyprianus
2978 4354 3302 4412 adversariis
3327 4343 3671 4428 respondeat,
3708 4358 3809 4414 sed

497 4450 626 4521 quid
656 4447 997 4520 respondeat.
1031 4447 1168 4504 Cum
1199 4448 1285 4504 isti
1317 4447 1702 4505 contenderent
1728 4447 1978 4503 traditum
2019 4448 2087 4503 ab
2112 4446 2406 4520 Apostolis,
2448 4462 2513 4503 ac
2536 4462 2751 4519 semper
2787 4450 2839 4504 in
2871 4448 3112 4506 Ecclesia
3139 4451 3483 4508 observatum
3522 4451 3715 4520 fuisse,
3752 4463 3812 4510 ut

497 4551 777 4615 acceptum
800 4544 851 4598 in
879 4543 1071 4601 haeresi
1102 4542 1368 4615 Baptisma
1399 4543 1783 4609 noniteretur,
1814 4542 1909 4599 sed
1940 4542 2287 4601 redeuntibus
2323 4559 2450 4602 cum
2485 4545 2586 4603 hoc
2607 4545 2934 4617 Baptismate
2964 4545 3234 4603 haereticis
3287 4562 3479 4603 manus
3519 4557 3723 4604 tantum
3755 4548 3807 4606 in

498 4637 867 4711 prettitentiam
898 4637 1235 4708 imponatur;
1273 4635 1563 4709 respondet
1597 4636 1897 4708 Cyprianus
1927 4652 2032 4692 non
2068 4636 2339 4694 immerito
2365 4638 2492 4694 olim
2528 4639 2814 4695 luereticos
2840 4640 2958 4696 sine
2989 4639 3262 4713 Baptismo
3296 4650 3578 4711 susceptos
3609 4640 3804 4707 fuisse,

445 4774 458 4782 .
498 4733 622 4806 quia
643 4730 790 4805 prius
818 4730 1067 4802 baptizati
1094 4731 1147 4786 in
1175 4728 1417 4786 Ecclesia
1436 4730 1677 4795 fuerant;
1708 4743 1874 4799 seque
1898 4727 2039 4785 idem
2056 4729 2234 4786 facere
2262 4728 2558 4801 proﬁtetur,
2584 4738 2664 4799 ut,
2692 4731 2736 4786 si
2764 4745 2897 4802 quos
2918 4746 2985 4787 ex
3012 4731 3276 4788 haereticis
3294 4731 3349 4786 in
3377 4731 3615 4787 Ecclesia
3637 4732 3809 4803 bapti-

499 4826 634 4884 zatis
657 4826 935 4897 suscipiat,
966 4840 1184 4881 manum
1213 4832 1420 4881 tantum
1449 4824 1503 4878 in
1527 4822 1894 4894 pcenitentiam
1927 4822 2186 4895 imponat.
2226 4823 2348 4881 Uno
2373 4822 2561 4893 verbo,
2600 4823 2847 4880 concedit
2879 4823 3204 4881 adversariis
3244 4821 3385 4881 hanc
3428 4826 3801 4883 haereticorum

433 4906 441 4915 ’
496 4918 1418 4995 recipiendorumconsuetudinem,
1457 4933 1619 4990 quam
1659 4925 1807 4973 tanto
1851 4916 2031 4973 studio
2069 4916 2448 4985 defendebant,
2486 4926 2541 4974 et
2578 4916 2705 4974 olim
2751 4927 3058 4990 usurpatam
3095 4916 3281 4986 fuisse,
3318 4927 3373 4975 et
3399 4934 3430 4975 a
3473 4919 3671 4991 seipse,
3717 4921 3805 4979 ubi

500 5017 630 5090 quid
658 5015 835 5073 simile
863 5014 1136 5082 inciderit,
1179 5012 1448 5085 usurpari.
1490 5011 1561 5068 At
1591 5026 1749 5067 nemo
1784 5009 1980 5066 dixerit
2005 5009 2334 5084 Cyprianum
2362 5009 2827 5068 conﬁrmationem
2856 5020 2948 5067 aut
2977 5011 3032 5067 in
3065 5011 3320 5068 Ecclesia:
3363 5012 3671 5083 primordiis
3703 5014 3804 5071 itc-

498 5118 674 5167 ratam
705 5106 1022 5174 credidisse,
1052 5114 1148 5163 aut
1188 5105 1386 5162 iterare
1412 5103 1668 5173 voluisse,
1694 5102 1905 5174 quaties
1936 5101 2205 5161 haereticis
2233 5104 2287 5159 in
2317 5103 2555 5160 Ecclesia
2583 5114 2710 5160 ante
2740 5102 2991 5160 litercsim
3018 5103 3303 5175 baptizatis
3333 5119 3525 5161 manus
3551 5107 3604 5162 in
3637 5108 3806 5179 paeni-

498 5205 725 5259 tentiam
755 5208 901 5258 esset
925 5198 1270 5272 imponenda.
1296 5197 1572 5255 Immerito
1598 5212 1727 5270 ergo
1755 5213 2011 5254 manuum
2038 5198 2091 5253 in
2118 5199 2401 5256 ltzercticos
2423 5199 2713 5257 redeuntes
2732 5199 3129 5271 impositionem
3152 5215 3274 5257 cum
3293 5210 3634 5259 sacramento
3658 5202 3801 5258 Con-

501 5295 816 5353 ﬁrmationis
839 5293 1150 5353 confudisse
1169 5301 1471 5352 accusatur.
1503 5294 1834 5351 Sententiam
1862 5293 2116 5366 Cypriani
2138 5294 2435 5352 Conﬁrmat
2462 5295 2517 5352 in
2539 5296 2771 5353 concilio
2798 5295 3205 5369 Carthaginensi
3229 5297 3490 5355 Crescens
3518 5312 3549 5353 a
3581 5295 3798 5365 Cirtha,

503 5391 593 5463 qui
625 5388 975 5462 baptizandos
998 5396 1188 5448 censet
1206 5392 1398 5450 omnes
1417 5387 1485 5444 ab
1509 5387 1702 5445 haeresi
1740 5398 1795 5444 et
1813 5387 2102 5446 schismate
2118 5389 2424 5458 redeuntes,
2464 5408 2501 5455 ι¹
2519 5389 2758 5462 exceptis
2780 5389 2863 5447 his
2888 5406 3019 5448 sane
3037 5392 3127 5463 qui
3165 5392 3218 5447 in
3248 5390 3492 5449 Ecclesia
3537 5390 3801 5449 catholica

502 5483 702 5540 fuerint
736 5492 860 5539 ante
879 5481 1153 5562 baptizati,
1170 5482 1244 5561 ita
1273 5489 1451 5538 tamen
1479 5492 1536 5536 ut
1562 5495 1658 5552 per
1682 5495 1871 5536 manus
1898 5480 2296 5553 impositionem
2324 5483 2377 5537 in
2404 5482 2776 5554 paenitentiam
2805 5481 3062 5540 Ecclesia:
3089 5484 3525 5541 reconcilientur.
3560 5502 3579 5537 ι

575 5573 682 5632 Sed
697 5589 793 5631 cur
805 5575 1100 5647 Cyprianus
1123 5574 1357 5651 postulat
1379 5574 1540 5645 utqui
1559 5572 1610 5627 in
1629 5572 1817 5654 hzeresi
1844 5573 2093 5645 baptizati
2115 5583 2259 5645 sunt,
2283 5573 2570 5633 redeuntes
2586 5575 2654 5631 ad
2677 5574 3002 5643 Ecclesiam,
3028 5595 3049 5631 ι
3074 5586 3302 5649 utroque
3318 5587 3657 5654 sacramento
3677 5591 3800 5635 nas-

501 5669 733 5729 cantur?
756 5685 776 5721 ι
810 5668 948 5735 Quid
977 5658 1122 5725 aliud
1148 5656 1271 5731 esse
1310 5676 1487 5740 potest
1520 5651 1805 5738 utrumque
1832 5667 1960 5723 illud
1992 5677 2406 5734 sacramentum,
2430 5669 2853 5743 nisiBaptismus
2877 5678 2932 5727 et
2955 5670 3341 5728 Conﬁrmatio?
3375 5651 3799 5729 lltectlifiicultas
3828 5668 3831 5673 ’

500 5766 635 5824 solvi
664 5772 884 5838 potest:
927 5779 1098 5836 neque
1133 5764 1279 5823 enim
1309 5771 1570 5837 repugnat
1592 5772 1649 5819 ut
1688 5762 2005 5836 Cyprianus,
2032 5778 2163 5820 ansa
2193 5765 2261 5822 ab
2278 5764 2599 5823 adversariis
2637 5778 2880 5836 accepta,
2923 5774 3322 5822 sacramentum
3358 5764 3794 5823 Couﬁrmationis

501 5856 798 5917 iterandum
818 5869 941 5914 esse
976 5855 1339 5924 concluderet,
1373 5856 1619 5928 quamvis
1652 5854 1781 5911 illud
1811 5854 1879 5911 ab
1906 5853 2225 5912 adversariis
2255 5856 2439 5915 iterari
2470 5858 2691 5915 minime
2720 5859 3106 5931 suspicaretur.
3139 5859 3371 5916 Sanctus
3400 5858 3706 5930 Stephanus
3741 5870 3798 5920 et

501 5953 592 6031 qui
613 5952 795 6014 abillo
831 5951 1065 6025 stabant,
1091 5952 1190 6009 etsi
1210 5949 1472 6025 baptisma
1499 5950 1871 6010 haereticorum
1900 5960 2070 6008 ratqu
2098 5950 2398 6021 habebant,
2434 5952 2729 6011 fatebantur
2759 5964 2936 6012 tamen
2976 5952 3232 6028 Spiritum
3279 5962 3523 6011 sanctum
3551 5953 3604 6010 in
3633 5954 3791 6027 ejus-
