4050 6456
566 374 640 439 ts
2038 360 2432 429 cnferam.
3814 367 3901 429 ιι

566 485 705 544 Galli
734 493 791 547 et
814 482 1115 552 Volusiaui.
1170 482 1351 555 lapses
1387 482 1487 543 sub
1527 481 1708 553 Decio,
1734 482 1828 554 qui
1868 484 2238 555 paenitentiam
2262 499 2424 558 agere
2449 498 2482 540 a
2510 482 2686 556 primo
2732 482 2917 554 lapsus
2940 482 3032 541 die
3059 496 3169 543 non
3213 482 3561 556 destiterant,
3591 486 3660 544 ad
3688 501 3897 559 pacem

569 580 899 642 admitteret.
934 578 1070 635 Eum
1102 576 1248 637 enim
1278 576 1529 635 idone'um
1555 576 1622 632 ad
1649 575 2045 635 confessionem
2075 576 2276 634 Christi
2304 577 2542 637 futurum
2572 593 2682 637 non
2712 577 2930 648 putabat
2954 577 3044 650 qui
3077 594 3183 635 non
3209 579 3378 650 prius.
3413 595 3542 651 pace
3564 595 3596 637 a
3623 582 3897 640 sacerdo-

568 674 715 733 tibus
742 681 981 745 accepta,
1009 670 1265 743 Spiritum
1292 669 1467 733 Patris
1489 669 1811 740 recepisset:
1833 679 1941 726 tum
1956 686 2087 731 vero
2106 670 2479 738 metuebatne.
2496 671 2541 726 si
2560 671 2698 741 quis,
2716 669 2920 726 relictis
2938 671 3210 738 omnibus,
3230 670 3446 743 fugiens
3472 681 3528 730 et
3553 672 3608 729 in
3632 675 3893 732 tenebris

572 778 739 840 atque
786 770 839 825 in
886 766 1176 825 solitudine
1202 765 1526 825 constitutus
1569 765 1622 820 in
1652 763 1889 823 latrones
1919 763 2056 820 forte
2085 764 2423 832 incurrisset,
2469 775 2559 821 aut
2584 764 2637 821 in
2660 761 2901 833 febribus
2926 772 2982 820 et
3021 764 3076 819 in
3102 764 3358 836 languore
3384 765 3726 834 decessisset,
3782 768 3895 825 sibi

572 864 928 936 imputaretur
966 862 1110 935 quod
1164 870 1271 921 tam
1310 862 1482 918 bonus
1525 858 1682 917 miles
1731 861 1849 919 sine
1879 874 2010 930 pace
2038 867 2093 916 et
2114 859 2235 917 sine
2260 859 2747 917 cmnmmticaticne
2782 856 3109 915 decessisset
3148 858 3291 933 (Ep.
3320 859 3463 931 uv).
3510 860 3591 940 Ea
3622 861 3706 916 bis
3738 870 3899 932 patet

564 971 726 1028 quam
742 972 929 1028 parum
950 971 1046 1013 eos
1067 955 1257 1018 salutis
1272 969 1402 1011 cura
1428 952 1679 1013 sollicitet
1701 952 1792 1025 qui
1815 952 1918 1009 ltoc
1947 961 2341 1013 sacramentum
2363 952 2742 1020 ﬂoccifaciunt,
2765 961 2820 1009 et
2842 966 2912 1009 es
2928 962 3389 1010 sacramentorum
3405 953 3530 1011 albo
3546 964 3893 1026 expunguut,

567 1065 675 1124 quo
714 1051 761 1106 si
817 1049 938 1121 quis
959 1064 1028 1106 ex
1054 1049 1217 1120 lapsis
1245 1048 1374 1103 olim
1420 1047 1702 1113 caruisset,
1730 1062 1837 1102 non
1867 1061 1934 1103 ex
1976 1046 2040 1101 iis
2085 1046 2262 1104 solum
2288 1060 2516 1120 quorum
2541 1044 2717 1102 adhuc
2762 1044 2976 1102 inﬁrma
3020 1045 3190 1103 virtus
3214 1056 3355 1116 erat;
3407 1047 3503 1107 sed
3530 1063 3598 1103 ex
3623 1047 3688 1105 iis
3716 1049 3894 1107 etiam

578 1160 808 1216 quorum
832 1143 1065 1216 perlaeta
1091 1142 1326 1199 cbaritas
1354 1141 1604 1198 omnibus
1623 1140 1786 1198 rebus
1815 1156 1915 1212 pro
1943 1140 2159 1199 Christo
2181 1140 2499 1213 abjiciendis
2521 1141 2784 1207 elucebat,
2808 1139 3062 1197 damnum
3091 1137 3293 1211 grande
3315 1138 3488 1195 visum
3514 1139 3724 1197 fuisset.

633 1238 915 1295 Confessio
955 1246 1304 1309 peccatorum
1334 1252 1362 1289 a
1402 1235 1669 1307 Cypriane
1698 1236 2011 1291 vendicatur
2038 1244 2096 1290 ut
2137 1250 2261 1306 pars
2292 1234 2614 1292 sacramenti
2652 1234 2878 1290 omnino
2908 1232 3210 1290 necessaria
3250 1242 3305 1289 et
3334 1248 3365 1289 a
3394 1233 3507 1290 Deo
3529 1236 3888 1307 praeripia;

574 1333 825 1391 hortatur
868 1332 1049 1402 lapsos
1078 1340 1135 1387 ut
1167 1348 1186 1382 t
1219 1329 1410 1401 singuli
1440 1328 1797 1386 confiteantur
1835 1328 2091 1387 delictum
2122 1344 2301 1397 suum,
2333 1330 2461 1386 dum
2498 1328 2675 1385 adhuc
2692 1328 2782 1399 qui
2812 1327 3038 1400 deliquit
3066 1327 3120 1383 in
3157 1327 3358 1385 stmulo
3382 1337 3489 1397 est,
3515 1328 3644 1386 dum
3672 1310 3890 1389 admitti

576 1426 848 1483 confessio
868 1428 987 1497 ejus
1014 1432 1212 1497 potest,
1240 1423 1368 1479 dum
1413 1423 1709 1481 satisfactio
1737 1431 1793 1480 et
1826 1422 2077 1480 remissio
2104 1423 2238 1481 facta
2264 1439 2362 1496 per
2387 1423 2698 1481 sacerdotes
2721 1422 2862 1495 apud
2892 1423 3057 1481 Deum
3084 1432 3234 1496 grata
3281 1432 3364 1480 est
3384 1442 3407 1478 ο
3434 1424 3566 1495 (lib.
3599 1425 3665 1481 de
3686 1425 3885 1500 Laps.,

572 1536 629 1595 p.
653 1520 750 1578 191
773 1527 812 1593 j.
836 1520 1029 1577 Narrat
1045 1520 1098 1576 in
1130 1518 1319 1576 eodem
1339 1518 1476 1574 libro
1496 1518 1716 1574 ultionis
1742 1518 1938 1575 divinae
1964 1518 2221 1576 miracula
2249 1518 2301 1574 in
2328 1534 2424 1575 eos
2443 1532 2614 1589 nuper
2636 1517 2779 1575 edita
2818 1518 2906 1588 qui
2930 1525 3147 1587 peccata
3173 1516 3383 1573 occulta
3412 1517 3757 1575 sacerdotum
3784 1537 3888 1580 co—

580 1616 809 1687 gnitioni
863 1615 1265 1679 subtraxerant;
1302 1612 1512 1669 etiamsi
1556 1612 1735 1669 scelus
1758 1613 2082 1683 cogitatione
2106 1613 2221 1671 sola
2255 1621 2563 1683 susceptum
2589 1612 2679 1677 sit,
2726 1610 2779 1667 id
2810 1610 3179 1667 sacerdotibus
3203 1611 3580 1668 declarandum
3622 1624 3678 1669 et
3702 1616 3885 1672 cond.

580 1708 805 1765 tendum
820 1708 999 1771 docet.
1036 1728 1057 1761 ι
1084 1708 1323 1779 Denique
1348 1715 1551 1779 quanto
1575 1706 1746 1764 etfide
1762 1706 2013 1777 majores,
2040 1707 2211 1778 inquit
2233 1707 2308 1781 (p.
2330 1708 2475 1779 190),
2493 1717 2548 1763 et
2574 1708 2765 1763 timore
2786 1708 3038 1763 meliores
3063 1706 3319 1779 suntqui,
3347 1707 3593 1779 quamvis
3610 1709 3767 1766 nullo
3790 1725 3883 1767 sa-

578 1803 768 1860 crificii
798 1812 890 1859 aut
919 1802 1084 1858 libelli
1114 1801 1351 1858 facinore
1367 1799 1664 1869 constricti,
1697 1799 1948 1870 quoniam
1979 1809 2155 1857 tamen
2191 1800 2258 1857 de
2290 1800 2392 1857 ltoc
2418 1799 2500 1856 vel
2524 1798 2916 1870 cogitaverunt,
2940 1799 3045 1855 hoc
3070 1799 3244 1870 ipsum
3272 1798 3413 1869 apud
3436 1798 3750 1857 sacerdotes
3780 1802 3877 1859 Dei

570 1898 821 1959 dolenter
846 1906 902 1955 et
923 1896 1246 1969 simpliciter
1274 1894 1623 1962 confitentur,
1646 1894 2047 1964 exomologesin
2073 1894 2415 1951 conscientiae
2449 1893 2671 1959 faciunt,
2701 1893 2865 1951 mimi
2895 1892 2978 1950 sui
3006 1892 3217 1961 pondus
3240 1900 3540 1963 expuunt,
3574 1895 3871 1955 salutarem

563 1991 828 2059 medelam
856 1990 1034 2061 parvis
1062 1990 1184 2046 licet
1210 1998 1266 2045 et
1286 1986 1512 2044 modicis
1538 1986 1847 2047 vulneribus
1864 1988 2176 2058 exquirunt,
2203 1988 2435 2045 scientes
2464 1987 2718 2056 scriptum
2741 2000 2862 2041 esse
2888 2002 2901 2040 :
2924 1983 3063 2041 Deus
3085 2000 3188 2041 non
3207 1985 3506 2041 irridetur.»
3540 1984 3706 2041 liror
3725 2002 3874 2044 auc-

571 2096 745 2143 torem
774 2084 1024 2149 editionis
1049 2083 1372 2145 Oxoniensis
1398 2095 1623 2152 negasse
1650 2096 1715 2139 ex
1738 2079 1842 2139 hoc
1863 2081 1982 2136 loco
2006 2080 2403 2137 confessionem
2427 2079 2784 2136 auricularem
2804 2079 3085 2150 consequi.
3118 2078 3425 2146 Quinetiam
3446 2080 3735 2136 sententia
3757 2095 3869 2138 su

558 2155 760 2239 iestem
784 2181 913 2237 citat
928 2179 1275 2237 anbertum
1296 2195 1308 2232 :
1330 2175 1773 2233 «Eruditissimus
1792 2174 2148 2230 Lombertusr
2176 2174 2345 2245 inquit
2372 2174 2425 2228 in
2458 2182 2583 2229 nota
2609 2172 2678 2229 ad
2694 2171 2840 2228 hunc
2852 2172 3054 2238 locum,
3084 2180 3259 2228 «recte
3280 2170 3405 2237 hinc
3422 2171 3623 2244 colligit
3638 2173 3865 2229 crimina

550 2285 761 2332 secreta
790 2275 1126 2332 confessione
1150 2285 1204 2330 et
1228 2275 1537 2344 ptenitentia
1555 2272 1694 2344 apud
1722 2273 1887 2328 Deum
1915 2272 2198 2343 expianda,
2250 2288 2352 2328 nec
2374 2270 2729 2327 auricularem
2755 2268 3174 2327 confessionem.
3204 2268 3347 2340 quod
3372 2268 3539 2325 voluit
3562 2269 3858 2342 Pamelius,

547 2370 743 2433 exinde
771 2369 1020 2426 confici.-
1054 2371 1123 2426 Δῑ
1150 2368 1391 2438 profecto
1424 2368 1720 2425 Pamelium
1746 2367 1888 2425 inter
1913 2377 1969 2424 et
2006 2367 2352 2424 Lombertum
2380 2367 2607 2422 mirifice
2650 2365 2922 2434 convenit,
2973 2380 3037 2421 ne
3066 2365 3280 2422 disertis
3326 2350 3503 2425 vehis
3546 2364 3864 2424 Lombcrtus

547 2475 878 2522 secretarum
930 2463 1311 2535 cogitationum
1351 2462 1750 2519 confessionem
1801 2461 2172 2519 sacerdotibus
2216 2461 2409 2517 factum
2455 2460 2621 2518 fuisse
2643 2461 2899 2517 declarat.
2950 2458 3061 2516 Nec
3085 2475 3217 2516 sane
3262 2475 3329 2517 ex
3387 2459 3566 2516 verbis
3606 2453 3867 2532 Cypriani

543 2556 688 2612 aliud
724 2556 842 2612 erui
873 2563 1066 2626 potest.
1129 2553 1286 2621 Nam,
1322 2569 1447 2610 cum
1474 2562 1685 2610 contest
1747 2554 2141 2611 confessionem
2174 2554 2511 2612 occultorum
2541 2554 2825 2609 criminum
2877 2551 3087 2625 publice
3138 2562 3194 2609 et
3230 2552 3477 2610 omnibus
3526 2554 3868 2611 audientibus

544 2647 740 2705 factam
782 2656 877 2704 aut
905 2646 1094 2703 saltem
1128 2647 1491 2716 praescriptam
1520 2661 1627 2703 non
1656 2644 1855 2712 fuisse,
1878 2645 2001 2703 luce
2037 2646 2237 2703 clarius
2260 2656 2346 2702 est
2372 2661 2466 2702 eos
2485 2645 2578 2717 qui
2616 2646 2968 2717 cogitationes
2994 2644 3164 2702 malas
3206 2645 3349 2717 apud
3376 2645 3687 2703 sacerdota
3734 2662 3867 2703 con-

553 2743 864 2807 fitebantur,
892 2741 982 2811 qui
1006 2740 1413 2811 exomologcsin,
1445 2739 1791 2796 conscientiae
1814 2738 2103 2807 faciebant,
2128 2740 2217 2811 qui
2246 2740 2410 2796 animi
2439 2739 2523 2796 sui
2553 2738 2763 2811 pondus
2786 2738 3147 2809 exponebant,
3173 2749 3229 2795 et
3254 2740 3564 2795 vulneribus
3596 2741 3863 2799 medelam

550 2834 923 2907 exquirebant,
975 2841 1194 2902 peccata
1236 2845 1335 2888 sua
1362 2831 1581 2888 auribus
1603 2831 1828 2902 alicujus
1866 2831 2161 2888 sacerdotis
2186 2832 2522 2903 deposuisse.
2571 2832 2839 2888 Praeterea
2868 2831 3049 2904 negari
3090 2847 3198 2888 non
3227 2842 3404 2903 potest
3430 2834 3865 2893 circumatnntias

549 2944 738 2987 omnes
769 2929 823 2983 in
853 2926 1165 2997 paenitentia
1194 2924 1541 2997 imponenda,
1576 2933 1845 2996 tamquam
1888 2924 2120 2982 aurificis
2144 2935 2365 2993 statera,
2392 2926 2728 2982 esaminatas
2753 2924 2952 2991 fuisse;
2984 2924 3035 2980 id
3077 2925 3278 2982 diserte
3308 2934 3535 2982 testatur
3554 2927 3864 3000 Cyprianus

559 3041 596 3081 ιι
616 3023 792 3095 Epist.
814 3036 904 3078 ut.
925 3018 995 3077 At
1012 3018 1283 3091 quomodo
1303 3017 1614 3075 sacerdotes
1633 3019 2042 3075 convenientem
2069 3020 2266 3091 cuique
2293 3019 2662 3090 paenitentiam
2679 3020 2749 3075 ob
2772 3019 2983 3075 occulta
3008 3030 3218 3089 peccata
3244 3021 3863 3094 potuissentimponere,

540 3116 645 3172 nisi
668 3114 774 3171 illis
794 3112 929 3183 lapsi
950 3110 1293 3168 conscientiae
1321 3125 1433 3166 suae
1469 3109 1817 3181 inspiciendas
1836 3111 2047 3181 cupiam
2069 3109 2367 3168 fecissent?
2396 3112 2456 3169 In
2482 3127 2592 3184 quo
2640 3111 2856 3184 quidem
2900 3112 3297 3170 observandum
3350 3122 3434 3170 est
3480 3114 3621 3171 hanc
3654 3119 3864 3189 cogita-

545 3210 754 3266 tionum
780 3206 1177 3269 confessionem
1218 3220 1329 3263 non
1357 3203 1556 3260 eximio
1591 3204 1823 3276 quodam
1848 3213 1904 3261 et
1944 3216 2053 3261 non
2097 3205 2412 3276 praescripto
2442 3206 2657 3277 pietatis
2695 3205 2908 3276 ardore,
2934 3205 3029 3263 sed
3059 3206 3385 3278 adimplendi
3410 3211 3668 3281 ιιι-κοιριὶ
3692 3210 3862 3271 divini

540 3303 861 3362 necessitate
881 3299 1175 3363 contineri;
1209 3316 1232 3351 ί
1256 3298 1486 3356 scientes
1513 3298 1771 3370 scriptum
1797 3314 1944 3366 esse,
1979 3299 2056 3355 ait
2078 3298 2411 3372 Cyprianus:
2447 3299 2587 3355 Deus
2609 3317 2715 3356 non
2736 3302 3000 3357 irridetur.
3028 3321 3048 3355 ι

621 3399 746 3469 .Quo
767 3398 1005 3455 sanctior
1032 3405 1149 3453 erat
1168 3394 1495 3468 Cyprianus,
1534 3411 1603 3452 eo
1630 3397 2005 3455 vehementius
2033 3400 2173 3455 cavit
2194 3414 2264 3456 ne
2292 3411 2688 3458 sacramentum
2731 3403 2877 3474 quod
2904 3403 2969 3459 ad
2994 3404 3273 3463 hominum
3300 3405 3531 3463 salutem
3564 3409 3868 3467 institutum

550 3504 658 3565 est,
686 3495 739 3550 in
766 3508 954 3551 eorum
986 3491 1279 3564 perniciem
1305 3499 1730 3547 converteretur.
1754 3490 1909 3570 Quod
1939 3502 2118 3548 autem
2136 3491 2283 3551 illius
2310 3493 2411 3551 bac
2430 3494 2483 3550 in
2515 3510 2574 3552 rc
2602 3495 2835 3551 studium
2858 3498 3135 3566 excitavit,
3155 3508 3209 3555 et
3229 3502 3439 3558 eximia:
3459 3503 3719 3560 doctrinae
3739 3519 3868 3575 pos-

542 3581 687 3648 ‘eris
713 3585 1005 3660 prodenda:
1036 3585 1374 3640 occasionem
1403 3584 1574 3650 dedit,
1605 3584 1843 3655 nequitia
1869 3584 1971 3641 fuit
2002 3584 2383 3643 nonnullorum
2415 3588 2857 3660 presbyterorum
2887 3590 3001 3661 qui,
3032 3599 3143 3647 tum
3176 3601 3233 3648 ut
3272 3592 3541 3666 Cypriane
3567 3596 3869 3652 molestiam

563 3686 903 3750 exhiberem,
928 3691 1043 3746 tum
1067 3688 1127 3739 ut
1153 3680 1380 3751 gratiam
1402 3679 1541 3750 apud
1563 3678 1812 3735 homines
1834 3694 1973 3736 novo
1993 3681 2223 3752 aucupio
2242 3682 2459 3751 inirent,
2483 3682 2665 3753 lapsos
2679 3698 2845 3741 onere
2864 3686 3196 3756 poenitentiae
3217 3688 3483 3745 levarunt.
3512 3690 3571 3746 ιη
3596 3690 3868 3761 ejusmodi

546 3781 798 3839 homines
816 3777 998 3833 studio
1019 3774 1265 3832 veritatis
1280 3788 1544 3830 accensus
1560 3773 1639 3828 sic
1660 3772 1928 3829 invehitur
1948 3772 2006 3829 S.
2034 3773 2235 3847 Martyr
2254 3776 2308 3830 in
2336 3775 2428 3830 lib.
2459 3774 2524 3830 de
2544 3774 2732 3848 Lapsis
2746 3792 2767 3831 :
2786 3793 2809 3829 ι
2833 3776 3023 3834 Pacem
3052 3789 3244 3849 putant
3265 3795 3407 3847 esse,
3428 3783 3599 3853 inquit
3622 3780 3863 3855 (p.486),

545 3892 707 3949 quam
734 3873 951 3947 quidam
973 3870 1151 3927 verbis
1180 3868 1465 3939 fallacibus
1486 3867 1785 3924 venditant.
1814 3866 1931 3923 Non
1963 3878 2046 3924 est
2073 3885 2173 3940 pax
2202 3870 2289 3924 illa
2334 3869 2431 3926 sed
2456 3869 2674 3936 bellum,
2706 3886 2807 3927 nec
2836 3870 3094 3929 Ecclesia:
3117 3873 3360 3945 jungitur
3384 3875 3476 3946 qui
3506 3876 3575 3931 ab
3598 3875 3863 3947 Evange-

545 3973 619 4028 lio
646 3978 945 4042 separatur.
1001 3966 1138 4035 Quid
1161 3966 1409 4037 injuriam
1455 3963 1778 4021 beneﬁcium
1803 3965 2042 4019 vocant?
2069 3965 2199 4036 quid
2240 3964 2572 4036 impietatem
2619 3966 2883 4022 vocabulo
2908 3966 3124 4037 pietatis
3162 3969 3471 4040 appellant?
3506 3969 3638 4042 quid
3662 3970 3745 4027 eis
3766 3969 3864 4041 qui

551 4066 685 4122 ﬂere
701 4065 900 4137 jugiter
922 4071 978 4119 et
1002 4076 1197 4132 rogare
1227 4058 1512 4115 Dominum
1540 4072 1697 4114 suum
1719 4057 1937 4125 debent,
1966 4058 2260 4130 intercepta
2287 4059 2621 4130 poenitentiae
2651 4060 3038 4117 lamentatione
3060 4064 3466 4120 communicare
3484 4079 3546 4121 se
3568 4064 3824 4120 simulant
3840 4066 3871 4123 ι

542 4158 659 4216 Hoc
685 4167 811 4215 sunt
839 4154 1104 4229 ejusmodi
1133 4153 1297 4224 lapsis
1317 4152 1461 4224 quod
1486 4152 1689 4223 grando
1716 4151 1978 4223 frugibus,
2003 4152 2147 4223 quod
2174 4152 2444 4208 turbidum
2479 4151 2629 4207 sidus
2651 4152 2955 4221 arboribus,
2982 4154 3124 4225 quod
3160 4156 3419 4213 armentis
3444 4158 3703 4228 pestilens
3734 4172 3862 4213 m-

547 4251 690 4316 tilas,
723 4247 866 4320 quod
899 4245 1127 4317 navigiis
1169 4258 1313 4299 saeva
1343 4251 1635 4314 tempestas
1669 4260 1684 4297 :
1726 4242 1975 4299 solatium
2008 4251 2228 4299 aeterna:
2258 4244 2372 4315 spei
2402 4242 2667 4312 adimunt,
2689 4244 2937 4302 arborem
2969 4260 3001 4301 ιι
3026 4245 3208 4304 radice
3234 4248 3573 4319 subvertunt,
3604 4262 3859 4307 sermone

545 4342 792 4401 morbido
818 4357 879 4397 ac
909 4340 1110 4399 lethale
1134 4338 1440 4410 contagium
1470 4347 1714 4410 serpunt,
1735 4353 1942 4395 .navem
1970 4338 2229 4410 seopulis,
2259 4355 2326 4395 ne
2352 4340 2402 4394 in
2426 4351 2639 4411 portum
2664 4341 2956 4411 perveniat,
2988 4340 3219 4398 illidunt.
3258 4343 3375 4400 Non
3398 4346 3648 4402 concedit
3673 4362 3862 4417 pacem

543 4438 775 4495 facilitas
818 4435 940 4503 ista,
972 4433 1069 4491 sed
1097 4433 1254 4499 tollit,
1283 4447 1386 4489 nec
1407 4432 1949 4489 communicationem
1967 4434 2173 4499 tribuit,
2205 4435 2299 4489 sed
2331 4434 2553 4506 impedit
2577 4435 2646 4490 ad
2676 4435 2927 4491 salutem.
2958 4435 3273 4494 Persecutio
3300 4448 3383 4494 est
3408 4439 3521 4497 itare
3547 4441 3650 4496 alia
3678 4450 3736 4496 et
3759 4441 3864 4498 alia

544 4532 788 4597 tentatio,
812 4544 908 4599 per
922 4543 1085 4599 quam
1102 4526 1313 4582 subtilis
1334 4525 1584 4583 inimicus
1606 4526 1979 4598 impugnandis
1995 4526 2169 4583 adhuc
2190 4528 2360 4598 lapsis
2380 4531 2593 4585 occulta
2619 4530 2962 4602 populatione
2988 4543 3268 4603 grassatur
3294 4542 3353 4588 ut
3391 4535 3706 4592 laniematio
3718 4551 3865 4593 con-

539 4627 799 4696 quiescat,
820 4632 881 4678 ut
907 4622 1062 4678 dolor
1083 4620 1259 4687 sileat,
1288 4630 1345 4675 ιιι
1363 4620 1544 4677 delicti
1564 4622 1830 4676 memoria
1855 4632 2161 4689 evanescat,
2197 4632 2255 4677 ut
2274 4626 2659 4694 comprimatur
2686 4636 2958 4696 pectorum
2988 4628 3242 4698 gemitus,
3264 4639 3534 4686 statuatur
3548 4630 3707 4687 ﬂetus
3726 4648 3859 4688 ocn—

507 4784 519 4796 ,
542 4722 853 4787 lorum,nec
880 4717 1164 4772 Dominum
1188 4715 1423 4786 graviter
1437 4713 1703 4771 offensum
1726 4713 1884 4786 longa
1906 4723 1961 4770 et
1985 4715 2137 4793 plena
2155 4717 2463 4786 poenitentia
2478 4718 2813 4788 deprecetur,
2842 4735 2961 4775 cum
2987 4721 3245 4792 scriptum
3274 4723 3345 4779 sit
3387 4740 3401 4778 :
3448 4724 3700 4780 Memento
3724 4726 3862 4780 unde

539 4813 803 4879 cecideris,
826 4814 874 4865 et
901 4826 995 4882 age
1022 4808 1385 4881 penitentiam.
1416 4827 1434 4862 ι
1453 4807 1615 4864 Plura
1638 4822 1744 4865 non
1766 4809 2019 4876 referam,
2046 4810 2377 4879 cumeuique
2403 4810 2559 4866 liceat
2574 4812 2833 4883 Cypriani
2856 4815 3181 4870 sententiam
3202 4818 3373 4873 oculis
3394 4832 3617 4875 cernere
3640 4819 3861 4889 inprae-

546 4908 707 4968 elaris
734 4906 840 4962 illis
869 4904 1066 4960 litteris
1090 4917 1227 4974 quas
1265 4902 1336 4958 de
1363 4916 1526 4958 causa
1554 4903 1829 4972 lapsorum
1851 4902 1921 4958 ad
1938 4902 2173 4971 clerum,
2207 4904 2276 4959 ad
2306 4904 2541 4976 plebem,
2574 4906 2640 4962 ad
2664 4907 3006 4965 confessores
3039 4920 3199 4981 atque
3224 4912 3292 4968 ad
3322 4913 3474 4984 ipsos
3499 4916 3660 4970 etiam
3681 4916 3861 4986 lapsos

550 5001 784 5073 Scripsit.
815 4999 926 5056 Nec
951 4998 1127 5054 minor
1151 4996 1597 5083 Evangelii'vigor
1621 4998 1873 5054 enitescit
1897 4998 1950 5053 in
1977 4997 2168 5054 litteris
2194 4998 2561 5055 confessorum
2583 5000 2973 5071 Romanorum,
2997 5004 3243 5076 inprimis
3266 5024 3396 5064 vero
3422 5010 3474 5063 in
3505 5011 3697 5065 eximia
3713 5009 3859 5068 Cleri

540 5098 769 5153 Romani
798 5092 1035 5165 Epistola
1064 5091 1230 5163 (inter
1268 5078 1619 5162 Cyprianicas
1648 5091 1813 5160 xxxx)
1843 5105 2001 5162 quam
2034 5107 2130 5161 per
2150 5099 2318 5147 totum
2348 5092 2533 5147 orbem
2562 5102 2825 5150 terrarum
2863 5098 3082 5153 missam
3108 5098 3275 5155 fuisse
3300 5100 3654 5159 discimus-ex
3680 5103 3854 5176 Epist.

539 5209 609 5248 ιιι
659 5189 932 5265 Cypriani.
977 5206 997 5240 ι
1033 5185 1187 5241 Absit
1223 5185 1369 5240 enim
1393 5184 1461 5241 ab
1491 5183 1743 5241 Ecclesia
1774 5185 2038 5253 Romana,
2073 5185 2338 5256 inquiunt,
2370 5187 2606 5257 vigorem
2632 5205 2785 5245 suum
2812 5198 2919 5245 tam
2952 5190 3172 5262 profana
3206 5193 3459 5252 facilitate
3484 5196 3779 5266 dimittere,
3804 5208 3860 5257 et

542 5300 735 5343 nervos
757 5282 1058 5341 severitatis
1089 5294 1275 5337 eversa
1304 5278 1428 5334 fidei
1455 5279 1740 5349 majestate
1771 5277 2091 5347 dissolvere,
2124 5290 2184 5334 ut
2208 5294 2333 5335 cum
2364 5281 2541 5338 adhuc
2570 5299 2676 5337 non
2711 5292 2917 5340 tantum
2940 5285 3175 5357 jaceant,
3206 5288 3302 5345 sed
3330 5299 3386 5346 et
3414 5290 3613 5346 cadant
3636 5306 3861 5350 everso-

540 5395 658 5434 rum
683 5379 904 5435 fratrum
926 5377 1117 5441 ruinae,
1142 5382 1425 5447 properata
1457 5373 1618 5430 nimis
1639 5373 1884 5431 remedia
1913 5376 2462 5430 commttnicationum
2493 5376 2675 5448 utique
2704 5393 2811 5434 non
2844 5380 3118 5450 profutura
3149 5392 3492 5452 praestentur,
3518 5397 3573 5441 et
3594 5401 3728 5441 nova
3760 5402 3861 5459 per

540 5474 959 5530 misericordiam
1004 5472 1193 5528 falsam
1241 5468 1461 5525 vulnera
1490 5469 1761 5525 veteribus
1794 5470 2249 5541 transgressionis
2281 5469 2594 5527 vulneribus
2622 5472 3018 5545 imprimautur,
3067 5484 3125 5531 ut
3151 5477 3365 5534 miseris
3403 5477 3471 5535 ad
3514 5480 3857 5539 eversionem

538 5565 798 5636 majorem
828 5566 1085 5636 eripiatur
1114 5571 1168 5619 et
1192 5560 1532 5635 poenitentia.
1568 5559 1664 5615 Ubi
1688 5562 1837 5616 enim
1867 5561 2071 5631 poterit
2098 5561 2443 5633 indulgentiae
2470 5562 2728 5620 medicina
2759 5567 3042 5637 proficere,
3074 5564 3123 5623 si
3148 5569 3309 5625 etiam
3334 5573 3450 5641 ipse
3478 5569 3748 5639 medicus,
3773 5574 3859 5631 in.

535 5666 773 5729 tercepta
798 5657 1138 5729 poenitentia,
1173 5656 1414 5726 indulget
1441 5655 1713 5728 periculis,
1751 5657 1796 5711 si
1827 5655 2211 5711 tantummodo
2233 5656 2408 5726 operit
2446 5659 2658 5726 vulnus,
2692 5676 2790 5716 nec
2821 5661 2949 5716 sinit
2987 5663 3290 5719 necessaria
3316 5666 3574 5737 temporis
3614 5667 3860 5727 remedia

536 5752 803 5809 obducere
828 5752 1168 5807 cicatricem?
1196 5751 1311 5806 Hoc
1341 5766 1447 5806 non
1476 5758 1557 5807 est
1584 5765 1800 5815 curare,
1830 5750 1955 5817 sed,
1988 5751 2032 5806 si
2064 5750 2242 5806 dicere
2263 5767 2451 5807 verum
2479 5755 2743 5823 volumus,
2776 5754 3041 5813 occidere.
3075 5775 3095 5811 ι
3130 5757 3299 5815 Tanta
3325 5758 3426 5816 fuit
3445 5759 3547 5816 bac
3577 5761 3629 5818 in
3660 5777 3721 5818 re
3740 5764 3857 5837 Cy-

540 5848 712 5919 priani
742 5846 1061 5911 constantia,
1092 5855 1149 5899 ut
1184 5844 1321 5900 nihil
1343 5860 1466 5901 eum
1497 5842 1770 5900 inflectere
1802 5845 2084 5915 ptituerit:
2117 5858 2224 5900 non
2253 5856 2550 5918 martyrum
2578 5849 2743 5906 libelli
2770 5851 2964 5921 quibus
2985 5861 3162 5910 tamen
3192 5871 3297 5910 non
3329 5871 3518 5927 parum
3558 5856 3860 5916 tribuebatt-

534 5962 643 6004 non
666 5942 959 6002 imminens
985 5954 1016 5998 a
1044 5936 1265 5998 nefariis
1292 5938 1625 6012 presbyteris
1653 5939 1991 6011 pericubum,
2021 5954 2126 6001 non
2148 5940 2395 5999 excitata:
2425 5943 2490 6000 ab
2518 5942 2655 6017 ipsis
2676 5943 2989 6019 seditiones,
3021 5961 3143 6005 cum
3172 5948 3223 6006 in
3255 5950 3531 6008 nonnullis
3558 5950 3862 6029 provincia
