4050 6416
290 316 361 390 45
1758 320 2143 385 ΡΒΑΞΕΑΤΙΟ.
3527 328 3601 389 46

294 444 730 518 Carthaginensis
758 444 1062 505 civitatibus
1084 445 1317 521 impetus
1346 445 1398 502 in
1424 443 1743 518 praepositos
1777 460 1871 516 per
1894 442 2286 500 multitudinem
2311 441 2477 497 factus
2507 449 2668 509 esset,
2721 455 2785 498 ac
2819 439 3140 512 Carthagine
3163 440 3378 513 quidam
3407 440 3597 498 turbu-

297 526 425 597 lenti
456 558 550 613 per
581 542 861 615 epistolam
894 542 1267 599 confessorum
1293 542 1439 597 velut
1458 539 1772 611 quibusdam
1800 538 2008 595 facibus
2048 536 2281 601 accensi,
2332 536 2448 607 plus
2490 535 2845 617 exardescere
2871 545 2926 592 et
2954 550 3139 606 pacem
3173 535 3273 592 sibi
3302 535 3479 591 datam
3503 552 3600 591 ex-

296 642 545 707 torquere
586 637 894 709 ccepissent.
930 636 987 691 ln
1027 652 1092 692 eo
1121 634 1351 707 perstitit
1378 634 1437 690 S.
1469 633 1669 705 Martyr
1705 632 1846 704 quod
1878 643 2003 687 ante
2028 630 2359 694 decreverat,
2403 638 2460 685 ut
2496 642 2582 686 res
2612 630 2678 686 ad
2707 629 2996 686 concilium
3027 628 3230 701 integra
3260 639 3596 696 servaretur;

296 739 353 786 et
407 745 594 788 arcere
638 747 669 786 a
713 732 1091 787 communione
1142 743 1238 786 sua
1293 744 1400 784 non
1442 726 1726 796 dubitavit,
1772 726 1815 781 si
1865 727 1983 798 quis
2030 734 2152 781 ante
2194 723 2324 781 illud
2376 732 2584 796 tempus
2629 738 2750 781 cum
2785 723 2948 795 lapsis
2993 738 3153 780 ausus
3182 732 3325 781 esset
3352 740 3598 781 commuo

294 826 497 883 nicarc.
737 896 740 899 η

367 916 478 972 Nec
505 925 683 973 tamen
709 916 1035 990 Cyprianum
1085 913 1500 972 existimandum
1537 925 1616 970 est
1640 913 1788 986 justo
1823 912 2151 970 severiorem
2188 910 2372 970 fuisse.
2412 910 2554 967 Nihil
2582 926 2647 967 eo
2678 911 2849 968 lenius
2888 911 3019 978 fuit,
3051 912 3182 987 nihil
3214 911 3280 971 ad
3308 910 3595 983 indulgen-

300 1011 425 1066 tiam
469 1012 773 1082 proclivius.
822 1011 1050 1082 Operam
1074 1011 1236 1067 dabat
1265 1020 1441 1067 utnec
1475 1009 1699 1066 acerbus
1740 1016 1830 1064 aut
1851 1008 2018 1066 durus
2043 1008 2209 1065 autin
2250 1006 2501 1063 fratribus
2528 1002 2773 1064 fovendis
2800 1007 3122 1063 inhumanus
3148 1006 3452 1074 videretur,
3495 1020 3598 1060 nec

307 1105 501 1165 iterum
523 1106 730 1163 solutus
752 1114 897 1163 esset
921 1121 984 1162 ac
1016 1105 1188 1162 facilis
1213 1104 1279 1160 ad
1308 1103 1847 1162 communicationem
1878 1112 2080 1161 temere
2105 1100 2413 1158 laxandam.
2440 1099 2627 1173 Lapsis
2654 1102 2744 1173 qui
2770 1101 2838 1157 ad
2868 1116 2991 1159 eum
3018 1110 3235 1159 orantes
3262 1100 3599 1173 scripserant

307 1219 326 1254 ι
359 1218 419 1259 se
461 1201 716 1261 delictum
742 1217 897 1260 suum
938 1216 1267 1274 cognoscere
1315 1210 1370 1259 et
1402 1201 1767 1273 paenitentiam
1808 1218 1989 1274 veram
2020 1216 2180 1274 agere
2200 1242 2214 1267 ,
2245 1215 2346 1257 nec
2372 1199 2437 1256 ad
2469 1215 2653 1271 pacem
2694 1208 2896 1276 temere
2924 1210 3017 1259 aut
3058 1201 3362 1275 importune
3403 1215 3599 1274 prope-

296 1308 445 1364 rare,
474 1314 493 1349 ι
528 1310 790 1356 Summam
820 1294 1209 1353 humanitatem
1249 1295 1510 1351 exhibuit.
1543 1313 1563 1347 ι
1593 1294 1796 1365 Quibus
1816 1302 2071 1366 quantum
2095 1292 2396 1366 gratulatus
2438 1292 2562 1367 sim,
2606 1294 2776 1367 inquit
2825 1293 2949 1368 (Ep.
2981 1288 3173 1368 xxvii),
3200 1295 3458 1352 Dominus
3486 1302 3602 1350 tes-

298 1390 368 1451 tis
389 1399 491 1459 est,
514 1391 602 1462 qui
623 1389 867 1461 dignatus
895 1397 978 1446 est
1007 1388 1293 1447 ostendere
1319 1388 1445 1462 quid
1473 1388 1736 1461 ejusmodi
1768 1397 1818 1445 et
1847 1388 1981 1445 tales
2006 1388 2147 1445 servi
2198 1386 2265 1443 de
2289 1386 2406 1458 ejus
2432 1385 2755 1458 benignitate
2780 1398 3109 1459 mereantur.
3127 1406 3146 1441 ι
3170 1387 3447 1461 Praecipue
3471 1401 3604 1443 vero

297 1487 490 1549 enituit
512 1487 704 1543 lenitas
731 1485 985 1559 Cypriani
1013 1500 1163 1557 cum,
1188 1485 1420 1542 instante
1446 1484 1581 1544 Galli
1604 1493 1659 1541 et
1685 1483 1965 1541 Volusiani
1991 1483 2387 1556 persecutione,
2417 1496 2603 1551 omnes
2631 1482 2852 1540 omnino
2873 1483 3072 1539 milites
3088 1474 3310 1553 Christi,
3340 1483 3430 1555 qui
3450 1496 3607 1539 arma

299 1582 680 1643 desiderabant
707 1592 763 1640 et
786 1583 1028 1655 praelium
1054 1582 1391 1654 flagitabant,
1431 1582 1569 1639 intra
1598 1588 1772 1638 castra
1805 1579 2080 1636 Dominica
2106 1577 2344 1650 collegit,
2377 1585 2433 1634 et
2460 1591 2582 1645 cum
2619 1577 2737 1634 aliis
2776 1578 3044 1650 episcopis
3073 1577 3285 1645 censuit
3311 1577 3390 1645 eis
3416 1560 3507 1651 qui
3533 1577 3607 1636 de

297 1678 542 1739 Ecclesia
570 1677 784 1737 Domini
813 1693 921 1734 non
946 1686 1301 1747 recesserant,
1325 1674 1423 1734 sed
1459 1662 1829 1746 paenitentiam
1856 1688 2018 1746 agere
2047 1682 2101 1729 et
2123 1671 2406 1729 lamentari
2432 1687 2496 1728 ac
2522 1671 2807 1728 Dominum
2831 1671 3113 1744 deprecari
3139 1687 3169 1728 a
3203 1672 3376 1743 primo
3413 1672 3599 1745 lapsus

298 1776 382 1832 sui
409 1774 495 1831 die
522 1788 631 1835 non
650 1772 1002 1841 destiterant,
1035 1787 1219 1845 pacem
1248 1771 1478 1831 dandam
1507 1786 1644 1829 esse.
1688 1770 1987 1827 Lenitatem
2019 1785 2169 1827 suam
2210 1772 2289 1826 sic
2328 1770 2444 1841 ipse
2476 1769 2730 1827 describit
2753 1770 2805 1826 in
2838 1769 3009 1841 Epist.
3043 1785 3150 1827 LV:
3183 1790 3201 1823 ι
3222 1770 3361 1842 Opto
3389 1786 3604 1841 omnes,

301 1868 495 1939 inquit,
527 1867 579 1923 in
604 1865 903 1925 Ecclesiam
950 1864 1195 1938 regredi,
1228 1874 1355 1936 opto
1394 1864 1675 1921 universos
1705 1864 2104 1921 commilitones
2149 1874 2367 1941 nostros
2415 1865 2554 1921 intra
2593 1862 2790 1920 Christi
2830 1874 3004 1922 castra
3047 1875 3099 1922 et
3147 1865 3243 1922 Dei
3284 1866 3458 1923 Patris
3505 1867 3605 1924 do«

301 1962 498 2020 micilia
539 1962 785 2019 concludi
832 1979 847 2015 :
891 1961 1110 2019 remitto
1140 1957 1352 2027 omnia,
1381 1957 1549 2015 multa
1586 1958 1866 2017 dissimulo
1896 1958 2076 2016 studio
2127 1966 2181 2014 et
2226 1966 2353 2015 voto
2390 1957 2711 2029 colligendae
2760 1957 3140 2026 fraternitatis;
3186 1960 3347 2019 etiam
3389 1972 3506 2032 qute
3549 1962 3608 2017 in

303 2058 474 2116 Deum
500 2057 789 2115 commissa
831 2064 990 2122 sunt,
1026 2071 1137 2111 non
1179 2052 1338 2124 pleno
1375 2052 1579 2124 judicio
1620 2052 1897 2125 religionis
1936 2052 2223 2118 examino,
2271 2051 2483 2109 delictis
2512 2051 2798 2124 plusquam
2825 2061 3037 2124 oportet
3080 2053 3418 2113 remittendis
3469 2070 3609 2125 pene

310 2154 428 2223 ipse
445 2152 699 2225 delinquo
727 2171 740 2207 :
770 2152 1067 2224 amplector
1090 2157 1336 2224 prompta
1364 2158 1420 2206 et
1448 2149 1605 2221 plena
1631 2149 1919 2208 dilectione
1942 2162 2065 2206 cum
2103 2147 2419 2220 pmnitentia
2465 2156 2800 2206 revertentes
2838 2133 3116 2220 peccatum
3158 2164 3315 2208 suum
3358 2149 3609 2207 satisfac-

304 2246 454 2307 tione
478 2246 667 2305 humili
696 2257 750 2303 et
771 2246 1000 2317 simplici
1030 2245 1371 2305 confitentes.
1405 2264 1425 2298 ι
1987 2320 1992 2325 “

376 2341 510 2397 Tota
537 2341 790 2414 Cypriani
832 2351 888 2397 et
922 2339 1115 2413 agendi
1146 2350 1201 2397 et
1229 2337 1534 2396 disserendi
1564 2338 1702 2395 ratio
1742 2337 2086 2394 commissam
2109 2353 2140 2393 a
2168 2335 2382 2394 Christo
2407 2337 2672 2409 episcopis
2709 2337 2876 2401 fuisse
2900 2338 3102 2411 ligandi
3133 2346 3186 2396 et
3210 2336 3460 2397 solvendi
3502 2352 3605 2412 po-

304 2442 556 2490 testatem
596 2444 843 2501 testatur,
865 2444 921 2491 et
947 2436 999 2491 in
1033 2434 1139 2491 hoc
1165 2434 1371 2506 judicio
1393 2439 1592 2505 quanta
1618 2430 2009 2488 sitadbibenda
2034 2432 2211 2487 cautio
2245 2441 2300 2488 et
2326 2431 2492 2487 animi
2525 2432 2764 2501 provisio
2793 2433 3136 2490 demonstrat
3167 2451 3181 2489 :
3210 2433 3326 2503 sed,
3363 2451 3430 2491 ne
3457 2434 3607 2491 illius

258 2546 261 2549 ν
308 2526 452 2584 dicta
493 2528 746 2584 nonnulla
778 2528 832 2583 in
879 2527 1202 2585 deteriorem
1248 2536 1456 2599 partem
1499 2525 1795 2597 rapiantur,
1825 2523 2160 2593 eabreviter
2198 2523 2476 2595 explicare
2503 2525 2760 2583 conabor.
2791 2526 2878 2582 Ait
2929 2528 2988 2583 S.
3037 2527 3296 2599 Martyrin
3340 2528 3478 2585 libro
3536 2529 3612 2585 de

311 2617 448 2673 θαι.
484 2618 628 2692 Virg.
667 2619 950 2691 (p.175):
981 2619 1123 2691 quod
1164 2618 1308 2674 nulla
1331 2618 1401 2673 sit
1428 2618 1581 2674 venia
1612 2617 1750 2673 ultra
1800 2616 2111 2688 delinquere
2162 2623 2443 2686 postquam
2492 2618 2663 2677 Deum
2704 2633 2866 2676 nosse
2910 2619 3156 2690 cmpisti;
3195 2640 3216 2675 ι
3275 2623 3332 2678 in
3372 2621 3511 2680 libro
3552 2640 3614 2681 ιιι

304 2713 517 2771 Testim.
554 2714 628 2789 (c.
651 2717 742 2785 18,
776 2732 826 2787 p.
857 2716 992 2785 514)
1017 2733 1029 2769 :
1066 2732 1086 2767 ‹
1116 2713 1236 2769 Νοιι
1273 2728 1433 2784 posse
1455 2714 1507 2768 in
1534 2713 1770 2768 Ecclesia
1799 2712 1997 2768 remitti
2023 2710 2190 2780 ei‘qui
2215 2711 2269 2767 in
2297 2711 2463 2767 Deum
2495 2711 2803 2785 deliquerit,
2833 2733 2852 2766 ι
2884 2713 3044 2786 idque
3075 2716 3263 2787 probat
3281 2733 3348 2775 ex
3375 2719 3461 2775 bis
3486 2735 3611 2777 ver»

308 2809 393 2865 bis
447 2808 472 2864 Ι
509 2808 661 2881 Reg.,
693 2824 745 2866 c.
770 2824 809 2865 ιι
838 2826 852 2863 :
883 2827 903 2861 ι
936 2807 998 2863 Si
1023 2805 1361 2878 delinquendo
1404 2815 1575 2879 peccet
1602 2807 1679 2860 υἱι-
1728 2802 1969 2860 adversus
2009 2806 2194 2872 virum,
2224 2804 2441 2862 orabunt
2472 2824 2565 2878 pro
2616 2824 2674 2864 eo
2721 2808 3018 2866 Dominum.
3071 2810 3135 2866 Si
3159 2823 3328 2869 autent
3354 2815 3408 2869 in
3435 2814 3608 2872 Deum

311 2912 486 2974 peccet
531 2904 704 2966 homo,
735 2903 846 2973 quis
895 2898 1059 2957 orabit
1104 2916 1197 2973 pro
1225 2917 1284 2957 eo
1306 2900 1333 2955 2
1371 2919 1391 2953 ι
1441 2900 1547 2957 Sed
1592 2914 1744 2956 suam
1789 2900 1904 2971 ipse
1948 2900 2265 2956 sententiam
2294 2899 2466 2957 nitide
2510 2903 2731 2973 exponit
2778 2905 2829 2960 in
2871 2904 3010 2962 libro
3036 2905 3100 2963 de
3143 2906 3362 2965 Exhort.
3417 2909 3608 2979 Mam,

312 2994 394 3067 (p.
419 2992 552 3060 .265,
580 3010 632 3049 c.
660 2990 739 3067 4),
768 2994 854 3050 ubi
881 2992 1021 3049 idem
1047 2992 1411 3050 testimonium
1431 2991 1592 3059 citat;
1622 3006 1797 3063 neque
1823 3007 1888 3047 ex
1915 3006 1981 3048 eo
2010 2992 2204 3062 probat
2224 3002 2443 3065 peccata
2478 2995 2535 3050 in
2554 2995 2724 3052 Deum
2750 2999 3038 3061 commissa
3066 2999 3259 3057 dimitti
3288 3018 3392 3059 non
3419 3020 3609 3076 posse,

306 3088 406 3144 sed
433 3096 637 3144 tantum
671 3106 692 3141 ι
720 3101 825 3143 non
848 3086 1007 3142 facile
1026 3087 1304 3158 ignoscere
1335 3087 1504 3142 Deum
1530 3085 1847 3160 idololatris.
1880 3104 1900 3139 ι
1928 3083 2074 3142 Nihil
2102 3079 2231 3156 ergo
2258 3086 2327 3143 de
2348 3086 2545 3159 ligandi
2565 3098 2622 3146 et
2638 3089 2883 3147 solvendi
2914 3101 3194 3163 potestate,
3223 3095 3356 3153 nihil
3384 3096 3452 3154 de
3464 3097 3611 3168 judi-

308 3182 396 3239 cio
440 3182 781 3241 sacerdotum
805 3180 1074 3247 detrahit;
1105 3181 1201 3237 sed
1232 3181 1399 3237 certis
1433 3179 1753 3252 quibusdam
1798 3178 2006 3251 legibus
2040 3179 2249 3250 judices
2279 3179 2583 3253 adstringit,
2633 3182 2706 3238 ita
2738 3192 2928 3241 utnon
2978 3184 3138 3244 facile
3179 3187 3454 3255 dimittant
3478 3208 3603 3263 quas

306 3292 419 3333 non
455 3276 614 3333 facile
643 3291 673 3331 a
702 3275 815 3332 Deo
839 3270 1204 3332 dimittuntur.
1230 3274 1404 3340 illinc,
1437 3289 1559 3330 cum
1584 3273 1913 3331 schismatici
1953 3273 2295 3345 paenitentiae
2328 3289 2466 3333 onus
2504 3277 2670 3348 lapsis
2705 3280 3035 3350 eximerent,
3063 3282 3145 3339 sic
3185 3298 3281 3340 eos
3333 3284 3529 3342 refellit
3557 3287 3614 3343 in

312 3373 448 3431 libro
474 3373 541 3429 de
578 3371 789 3443 Lapsis,
820 3371 898 3443 (p.
920 3369 1051 3442 186)
1079 3387 1094 3424 :
1128 3388 1149 3423 ι
1176 3366 1347 3427 Nemo
1376 3383 1436 3425 se
1464 3368 1646 3435 fallat,
1681 3384 1840 3425 nemo
1868 3384 1929 3425 se
1952 3367 2219 3441 decipiat,
2247 3370 2393 3427 solus
2416 3371 2672 3445 Dominus
2691 3373 2932 3430 misereri
2983 3386 3160 3446 potest
3192 3396 3203 3430 :
3239 3378 3447 3435 veniam
3484 3396 3618 3452 pec-

308 3467 444 3523 catis
469 3480 588 3538 qua:
612 3465 666 3520 in
689 3465 865 3535 ipsum
887 3463 1176 3521 commissa
1204 3472 1349 3527 sunt,
1374 3462 1524 3518 solus
1551 3469 1728 3531 potest
1751 3461 1841 3517 ille
1872 3461 2055 3533 largiri
2102 3463 2192 3534 qui
2217 3473 2434 3534 peccata
2473 3473 2653 3521 nostra
2681 3468 2945 3537 portavit,
2979 3469 3069 3538 qui
3098 3485 3196 3540 pro
3226 3473 3379 3528 nobis
3405 3474 3613 3546 doluit,

309 3576 472 3633 quem
505 3561 645 3616 Deus
671 3558 888 3615 tradidit
916 3573 1015 3630 pro
1049 3557 1287 3629 peccatis
1315 3556 1531 3612 nostris.
1562 3554 1737 3612 llomo
1765 3556 1875 3611 Deo
1896 3569 2015 3612 esse
2040 3572 2150 3611 non
2179 3565 2356 3627 potest
2386 3556 2556 3628 major
2587 3577 2601 3613 :
2643 3575 2743 3617 nec
2770 3567 3047 3621 remittere
3075 3573 3168 3619 aut
3190 3564 3396 3624 donare
3422 3569 3609 3626 indul-

204 3674 209 3679 ’
309 3654 486 3728 gentia
513 3667 609 3709 sua
633 3666 823 3709 servus
849 3658 1056 3724 potest,
1083 3648 1229 3723 quod
1256 3650 1308 3705 in
1331 3648 1615 3705 Dominum
1643 3647 1840 3705 delicto
1880 3647 2129 3719 graviore
2148 3648 2495 3706 commissum
2529 3659 2651 3720 est,
2681 3667 2748 3708 ne
2772 3652 2951 3710 adhuc
2976 3653 3129 3725 lapso
3159 3664 3215 3712 et
3240 3654 3345 3713 hoc
3375 3662 3603 3719 accedat
3661 3682 3665 3687 ·

322 3750 393 3806 ad
416 3750 621 3805 crimen
642 3791 656 3816 ,
701 3747 748 3804 si
778 3746 984 3803 nesciat
1009 3760 1132 3803 esse
1158 3745 1470 3817 prmdictum
1494 3760 1509 3797 :
1537 3740 1846 3798 Haledictus
1886 3745 2037 3797 homo
2068 3742 2154 3812 qui
2178 3759 2320 3814 spem
2355 3744 2503 3801 habet
2546 3745 2604 3800 in
2642 3746 2862 3802 frontiue.
2902 3747 3171 3805 Dominus
3208 3753 3447 3810 orandus
3482 3766 3565 3812 est
3594 3795 3613 3824 ,

310 3844 568 3902 Dominus
597 3851 778 3899 nostra
804 3841 1171 3899 satisfactione
1198 3838 1489 3910 placandus
1517 3847 1601 3894 est
1620 3879 1635 3902 ,
1670 3837 1760 3909 qui
1786 3845 2070 3907 negantem
2096 3851 2293 3908 negare
2317 3852 2379 3893 se
2402 3835 2577 3904 dixit,
2620 3840 2709 3909 qui
2741 3856 2903 3896 omne
2930 3840 3195 3912 judicium
3222 3843 3291 3900 de
3319 3844 3480 3903 Patre
3509 3863 3609 3904 so-

308 3940 395 3996 lus
412 3939 640 4010 accepit.
668 3955 691 3993 ι
720 3935 1184 4008 Quemadmodum
1209 3934 1313 3990 hoc
1350 3934 1401 3989 in
1441 3932 1563 4001 loco
1587 3930 1888 4004 Cyprianus
1916 3939 2178 4003 martyres
2220 3930 2506 4001 plurimum
2552 3947 2710 4003 posse
2747 3934 2887 4004 apud
2922 3935 3088 4007 Deum
3119 3953 3226 3994 non
3267 3948 3461 4012 negat,
3511 3940 3614 3998 sed

310 4033 365 4089 in
396 4032 591 4089 libellis
616 4046 753 4105 quos
776 4031 905 4087 dare
933 4028 1215 4093 solebant,
1245 4028 1464 4083 modum
1493 4024 1780 4095 quemdam
1822 4033 1879 4078 et
1916 4020 2182 4078 delectum
2215 4022 2476 4095 requirit;
2525 4024 2594 4080 ita
2625 4041 2743 4082 eam
2774 4034 2983 4087 tantum
3018 4036 3342 4099 potestatem
3381 4034 3622 4102 exagitat

308 4144 470 4200 quam
499 4129 600 4185 sibi
630 4126 820 4185 nefarii
842 4123 1139 4197 presbyteri
1169 4136 1264 4193 per
1292 4119 1372 4176 fas
1401 4129 1456 4176 et
1486 4119 1633 4174 nefas
1670 4116 2013 4188 arrogabant.
2047 4119 2117 4172 At
2137 4116 2221 4173 ubi
2253 4118 2582 4188 praescriptce
2613 4135 2642 4175 a
2670 4118 2887 4175 Christo
2926 4129 2982 4176 et
3008 4121 3251 4179 Ecclesia
3310 4124 3459 4196 leges
3491 4143 3616 4184 ser—

310 4231 543 4286 vantur,
573 4231 685 4277 tum
708 4234 839 4274 vero
865 4216 1167 4287 Cyprianus
1193 4224 1368 4268 ratum
1395 4210 1534 4283 apud
1562 4210 1729 4267 Deum
1768 4208 1887 4266 fieri
1912 4207 2072 4265 docet
2097 4207 2393 4265 sacerdotis
2419 4208 2701 4280 judicium.
2733 4210 2866 4269 Hinc
2898 4211 3076 4284 lapsos
3099 4212 3345 4273 hortatur
3372 4217 3427 4273 in
3466 4217 3608 4276 libro

310 4315 377 4371 de
402 4313 586 4387 [Apris
613 4312 693 4385 (p.
733 4310 884 4383 191),
916 4317 975 4365 ut
998 4317 1216 4379 peccata
1241 4306 1598 4362 confiteantur
1622 4321 1642 4357 ι
1668 4303 1797 4359 dum
1843 4301 2138 4358 satisfactio
2177 4310 2234 4358 et
2277 4302 2525 4361 remissio
2575 4303 2710 4363 facta
2755 4320 2852 4375 per
2895 4307 3205 4365 sacerdotes
3248 4310 3391 4380 apud
3438 4312 3612 4370 Deum

312 4419 461 4481 grata
489 4417 592 4463 est.
632 4426 654 4460 ι
706 4405 874 4460 Docet
912 4405 1013 4458 sub
1051 4402 1214 4456 finem
1264 4397 1508 4470 ejusdem
1545 4396 1666 4452 libri
1713 4397 1882 4453 Deum
1912 4415 1934 4450 ι
1986 4396 2303 4467 pmnitenti,
2349 4399 2629 4468 operanti,
2664 4399 2920 4470 roganti,
2970 4420 2989 4454 ι
3042 4416 3202 4473 posse
3245 4423 3282 4478 ⁵ι
3317 4406 3618 4466 clementer

313 4504 614 4576 ignoscere,
639 4508 694 4555 et
715 4499 769 4554 in
790 4505 1071 4567 acceptum
1093 4492 1300 4551 referre
1329 4489 1587 4563 quidquid
1613 4504 1708 4561 pro
1736 4489 1932 4547 talibus
1958 4498 2014 4544 et
2042 4490 2294 4560 petierint
2322 4500 2588 4564 martyres
2615 4499 2668 4548 et
2688 4491 2911 4549 fecerint
2929 4496 3260 4557 sacerdotes.
3301 4519 3322 4554 ι
3356 4500 3467 4559 Hac
3516 4517 3618 4574 spe

314 4600 551 4659 confisus
573 4642 589 4668 ,
621 4613 742 4655 cum
774 4596 910 4669 lapsi
943 4596 1177 4655 instante
1212 4607 1352 4649 nova
1376 4591 1753 4663 persecutione
1797 4590 2089 4662 plurimum
2127 4590 2338 4648 ardoris
2370 4591 2447 4648 ad
2475 4607 2706 4665 pugnam
2737 4609 2847 4665 prae
2874 4610 2933 4651 se
2972 4595 3208 4664 ferrent,
3240 4599 3617 4669 prmscriptum

254 4734 257 4739 ι
314 4698 421 4755 illis
447 4695 773 4769 paenitentiae
802 4702 1013 4764 tempus
1043 4688 1344 4756 imminuit,
1375 4704 1443 4746 ae
1468 4688 1621 4745 nefas
1664 4703 1783 4744 esse
1835 4686 1987 4744 duxit
2035 4687 2232 4762 (Epist:
2266 4704 2373 4755 LIV,
2403 4702 2457 4759 p.
2491 4688 2593 4762 77)
2643 4707 2662 4741 ι
2697 4690 2994 4747 Ecclesiam
3028 4693 3361 4763 pulsantibus
3398 4692 3574 4749 claudi
3594 4732 3615 4759 ,

314 4790 531 4861 quando
558 4787 861 4860 permiserit
887 4786 1001 4856 ipse
1030 4784 1117 4855 qui
1142 4783 1317 4855 legem
1349 4780 1501 4841 dedit
1538 4791 1595 4837 ut
1618 4781 1777 4854 ligata
1806 4781 1862 4838 in
1892 4779 2053 4837 terris
2076 4780 2237 4837 etiam
2268 4781 2322 4837 in
2351 4780 2504 4838 coelis
2544 4780 2704 4853 ligata
2747 4794 2958 4850 essent,
2991 4786 3127 4842 solvi
3167 4795 3346 4844 autem
3387 4793 3609 4859 possent

315 4882 427 4938 illic
442 4880 677 4954 qnacbic
701 4880 849 4952 prius
876 4878 929 4934 in
953 4875 1194 4935 Ecclesia
1208 4874 1569 4933 solverentur.
1603 4893 1625 4929 ι
3607 4875 3616 4881 ·

387 4977 445 5034 In
486 4975 729 5037 eamdem
753 4974 1075 5031 sententiam
1115 4971 1283 5041 accipi
1308 4970 1471 5029 debet
1495 4967 1639 5042 quod
1690 4968 1766 5025 ait
1794 4967 2238 5039 Firmilianus(p.
2272 4968 2421 5040 144),
2454 4968 2682 5027 concilia
2721 4970 2945 5044 singulis
2983 4974 3139 5031 annis
3185 4974 3404 5041 haberi,
3457 4983 3515 5031 ut
3541 4975 3613 5034 de

209 5061 215 5065 “
316 5071 486 5128 rebus
513 5068 735 5140 majoris
760 5066 1016 5127 momenti
1047 5067 1186 5122 inter
1212 5078 1273 5121 se
1294 5063 1529 5134 episcopi
1554 5050 1882 5130 deliberent,
1906 5076 1969 5118 ac
1994 5080 2014 5114 ι
2047 5061 2210 5132 lapsis
2231 5076 2444 5134 quoque
2479 5062 2731 5120 fratribus
2758 5076 2813 5123 et
2848 5075 2971 5135 post
3010 5067 3279 5125 lavacrum
3306 5067 3545 5126 salutare
3572 5086 3609 5128 ιι

321 5161 544 5220 diabolo
566 5160 859 5216 vulneratis
889 5175 983 5231 per
1015 5156 1395 5229 ptenitentiam
1411 5153 1622 5225 medela
1650 5165 1959 5226 quaeratur;
2014 5170 2119 5214 non
2145 5156 2298 5226 quasi
2325 5172 2356 5212 a
2377 5156 2532 5215 nobis
2555 5199 2571 5224 ,
2602 5157 2804 5229 inquit,
2858 5161 3227 5219 remissionem
3268 5171 3619 5233 peccatorum
3692 5145 3699 5153 ’

326 5261 763 5325 consequantur,
791 5251 886 5307 sed
923 5259 981 5305 ut
1007 5265 1101 5320 per
1125 5264 1225 5305 nos
1259 5246 1327 5303 ad
1353 5246 1760 5318 intelligentiam
1790 5246 2110 5303 delictorum
2142 5262 2360 5303 suorum
2391 5259 2798 5320 convertantur,
2832 5262 2887 5308 et
2927 5254 3153 5309 Domino
3193 5254 3404 5325 plenius
3442 5257 3611 5321 satis,

320 5350 507 5406 facere
548 5354 832 5417 cogantur.
865 5362 885 5398 ι
921 5341 1036 5400 Non
1067 5352 1229 5415 negat
1269 5351 1489 5401 sanctus
1513 5340 1720 5413 Prtesul
1767 5350 2085 5412 potestatem
2127 5341 2430 5402 dimittendi
2477 5355 2730 5416 peccata,
2762 5363 2922 5419 quam
2967 5348 3023 5405 in
3063 5348 3163 5404 hac
3207 5350 3318 5421 ipsa
3368 5352 3617 5423 Epistola

321 5440 400 5517 (p.
438 5440 689 5513 “8)soli
713 5436 973 5497 Ecclesiae
999 5435 1280 5493 catholica
1306 5433 1577 5501 vindicat;
1622 5433 1724 5507 sed
1754 5435 1937 5495 verbis
1967 5435 2128 5493 modo
2158 5436 2338 5494 allatis
2363 5438 2572 5495 videtur
2599 5441 2778 5497 inesse
2802 5440 3018 5511 quidam
3047 5442 3265 5499 aculeus
3296 5445 3349 5501 in
3376 5446 3615 5518 Stepha-

318 5552 479 5602 num,
515 5550 674 5606 quem
716 5530 1058 5591 Firmilianus
1086 5527 1340 5591 credebat
1368 5529 1484 5598 plus
1509 5541 1665 5599 aequo
1689 5536 1745 5592 et
1773 5528 2034 5593 ministris
2071 5536 2125 5586 et
2149 5529 2282 5587 ritus
2311 5531 2596 5589 exterioris
2642 5532 3004 5591 observationi
3047 5534 3282 5595 tribuere
3303 5581 3318 5607 ,
3350 5541 3504 5612 quasi
3533 5557 3622 5599 sa.

316 5636 721 5697 oramentorum
749 5625 996 5689 effectum
1014 5639 1096 5683 ne
1130 5623 1324 5687 haeresi
1353 5621 1571 5699 quidem
1600 5620 1928 5693 interpellari
1954 5632 2233 5681 statueret.
2260 5623 2416 5694 Quod
2445 5642 2567 5684 cum
2595 5643 2751 5685 secus
2785 5627 3057 5685 videretur
3081 5629 3392 5692 Firmiliano
3414 5679 3428 5703 ,
3453 5644 3618 5708 negat

318 5720 625 5779 hominibus
669 5732 983 5779 concessum
1023 5731 1146 5779 esse
1205 5724 1262 5773 ut
1312 5729 1532 5788 peccata
1578 5713 1646 5773 ad
1699 5715 1979 5777 arbitrium
2020 5731 2177 5775 suum
2224 5716 2515 5777 dimittant.
2564 5719 2682 5776 Non
2713 5720 2944 5777 absimili
2974 5726 3237 5793 sententia
3265 5727 3525 5801 Origenes
3554 5729 3616 5790 in

320 5817 459 5873 libro
487 5815 550 5875 de
576 5815 827 5873 Oratione
865 5813 1144 5877 contendit
1186 5828 1295 5875 non
1343 5814 1522 5891 omnia
1550 5822 1768 5885 peccata
1805 5827 1927 5875 esse
1953 5812 2299 5885 dimittenda,
2328 5825 2420 5872 aut
2462 5814 2577 5871 sola
2624 5815 2869 5873 oratione
2906 5826 2961 5874 et
3002 5819 3271 5877 sacrificio
3317 5822 3627 5894 expianda;

320 5913 420 5974 sed
449 5912 693 5989 quaedam
740 5910 988 5980 retineri,
1023 5909 1075 5971 id
1105 5919 1189 5979 est
1212 5908 1546 5982 .ptenitculim
1570 5909 1761 5981 subjici
1788 5906 1986 5967 debere
2014 5923 2028 5976 ;
2063 5923 2247 5967 aecus
2274 5908 2467 5969 refellit
2497 5908 2585 5981 qui
2616 5923 2674 5965 se
2699 5908 3030 5971 idololatrias
3058 5913 3387 5989 condonare,
3413 5917 3629 5979 adulte-
