  <div class='ocr_page' id='page_1' title='image "/cluster/home/n/w/nwhite01/storage/ocr_20150623/4/hvd.32044015471220/029.png"; bbox 0 0 4050 6476; ppageno 0'>
   <div class='ocr_carea' id='block_1_1' title="bbox 428 363 2027 433">
    <p class='ocr_par' dir='ltr' id='par_1_1' title="bbox 428 363 2027 428">
     <span class='ocr_line' id='line_1_1' title="bbox 428 363 2027 428; baseline 0.004 -9"><span class='ocrx_word' id='word_1_1' title='bbox 428 363 502 419; x_wconf 72' lang='grc'><strong>47</strong></span> <span class='ocrx_word' id='word_1_2' title='bbox 1896 367 2027 428; x_wconf 61' lang='lat' dir='ltr'><strong>PR}.</strong></span> 
     </span>
    </p>
   </div>
   <div class='ocr_carea' id='block_1_2' title="bbox 2152 363 3751 433">
    <p class='ocr_par' dir='ltr' id='par_1_2' title="bbox 2152 369 3751 433">
     <span class='ocr_line' id='line_1_2' title="bbox 2152 369 3751 433; baseline 0.003 -5"><span class='ocrx_word' id='word_1_3' title='bbox 2152 369 2295 428; x_wconf 67' lang='lat' dir='ltr'><strong>.TIO.</strong></span> <span class='ocrx_word' id='word_1_4' title='bbox 3675 373 3751 433; x_wconf 68' lang='grc'><strong>48</strong></span> 
     </span>
    </p>
   </div>
   <div class='ocr_carea' id='block_1_3' title="bbox 433 477 3745 564">
    <p class='ocr_par' dir='ltr' id='par_1_3' title="bbox 433 477 3745 564">
     <span class='ocr_line' id='line_1_3' title="bbox 433 477 3745 564; baseline 0.004 -32"><span class='ocrx_word' id='word_1_5' title='bbox 433 479 508 532; x_wconf 83' lang='lat' dir='ltr'><strong>ria</strong></span> <span class='ocrx_word' id='word_1_6' title='bbox 538 488 593 534; x_wconf 88' lang='lat' dir='ltr'><strong>et</strong></span> <span class='ocrx_word' id='word_1_7' title='bbox 623 477 1006 537; x_wconf 88' lang='lat' dir='ltr'><strong>fornicationes</strong></span> <span class='ocrx_word' id='word_1_8' title='bbox 1032 492 1191 552; x_wconf 89' lang='lat' dir='ltr'><strong>posse</strong></span> <span class='ocrx_word' id='word_1_9' title='bbox 1216 480 1487 538; x_wconf 86' lang='lat' dir='ltr'><strong>dimittere</strong></span> <span class='ocrx_word' id='word_1_10' title='bbox 1529 481 1929 553; x_wconf 71' lang='lat' dir='ltr'><strong>gloriabantur;</strong></span> <span class='ocrx_word' id='word_1_11' title='bbox 1959 487 2110 556; x_wconf 87' lang='lat' dir='ltr'><strong>quasi</strong></span> <span class='ocrx_word' id='word_1_12' title='bbox 2162 503 2254 557; x_wconf 81' lang='lat' dir='ltr'><strong>per</strong></span> <span class='ocrx_word' id='word_1_13' title='bbox 2312 487 2545 557; x_wconf 75' lang='lat' dir='ltr'><strong>ipsorum</strong></span> <span class='ocrx_word' id='word_1_14' title='bbox 2593 501 2806 560; x_wconf 87' lang='lat' dir='ltr'><strong>precem</strong></span> <span class='ocrx_word' id='word_1_15' title='bbox 2834 503 2933 560; x_wconf 91' lang='lat' dir='ltr'><strong>pro</strong></span> <span class='ocrx_word' id='word_1_16' title='bbox 2958 487 3021 546; x_wconf 91' lang='lat' dir='ltr'><strong>iis</strong></span> <span class='ocrx_word' id='word_1_17' title='bbox 3051 491 3140 562; x_wconf 81' lang='lat' dir='ltr'><strong>qui</strong></span> <span class='ocrx_word' id='word_1_18' title='bbox 3185 490 3300 547; x_wconf 72' lang='lat' dir='ltr'><strong>hrcc</strong></span> <span class='ocrx_word' id='word_1_19' title='bbox 3324 497 3698 564; x_wconf 88' lang='lat' dir='ltr'><strong>perpetrarnnt</strong></span> <span class='ocrx_word' id='word_1_20' title='bbox 3727 531 3745 559; x_wconf 91' lang='lat'><strong>,</strong></span> 
     </span>
    </p>
   </div>
   <div class='ocr_carea' id='block_1_4' title="bbox 437 573 1414 641">
    <p class='ocr_par' dir='ltr' id='par_1_4' title="bbox 437 573 1414 641">
     <span class='ocr_line' id='line_1_4' title="bbox 437 573 1414 641; baseline 0.009 -20"><span class='ocrx_word' id='word_1_21' title='bbox 437 581 716 641; x_wconf 76' lang='lat' dir='ltr'><strong>pet-catum</strong></span> <span class='ocrx_word' id='word_1_22' title='bbox 747 573 815 628; x_wconf 91' lang='lat' dir='ltr'><strong>ad</strong></span> <span class='ocrx_word' id='word_1_23' title='bbox 839 583 1064 630; x_wconf 88' lang='lat' dir='ltr'><strong>mortem</strong></span> <span class='ocrx_word' id='word_1_24' title='bbox 1094 575 1414 632; x_wconf 89' lang='lat' dir='ltr'><strong>dimittatur.</strong></span> 
     </span>
    </p>
   </div>
   <div class='ocr_carea' id='block_1_5' title="bbox 432 710 2031 778">
    <p class='ocr_par' dir='ltr' id='par_1_5' title="bbox 432 710 2027 770">
     <span class='ocr_line' id='line_1_5' title="bbox 432 710 2027 770; baseline 0.001 -4"><span class='ocrx_word' id='word_1_25' title='bbox 432 710 526 766; x_wconf 78' lang='lat' dir='ltr'><strong>1X.</strong></span> <span class='ocrx_word' id='word_1_26' title='bbox 555 726 814 768; x_wconf 75' lang='grc' dir='ltr'>-υτιιυιι</span> <span class='ocrx_word' id='word_1_27' title='bbox 854 727 906 766; x_wconf 72' lang='grc' dir='ltr'>ιΝ</span> <span class='ocrx_word' id='word_1_28' title='bbox 946 727 1135 768; x_wconf 73' lang='lat' dir='ltr'><strong>AFRICA</strong></span> <span class='ocrx_word' id='word_1_29' title='bbox 1167 727 1307 768; x_wconf 77' lang='lat' dir='ltr'><strong>ANTE</strong></span> <span class='ocrx_word' id='word_1_30' title='bbox 1332 728 1380 770; x_wconf 79' lang='lat'><strong>8.</strong></span> <span class='ocrx_word' id='word_1_31' title='bbox 1406 728 1705 770; x_wconf 67' lang='lat' dir='ltr'><strong>CYPBIANL&#39;M</strong></span> <span class='ocrx_word' id='word_1_32' title='bbox 1736 728 2027 770; x_wconf 66' lang='lat' dir='ltr'><strong>GRAVISSIII</strong></span> 
     </span>
    </p>
   </div>
   <div class='ocr_carea' id='block_1_6' title="bbox 2140 710 3739 778">
    <p class='ocr_par' dir='ltr' id='par_1_6' title="bbox 2140 731 3739 778">
     <span class='ocr_line' id='line_1_6' title="bbox 2140 731 3739 778; baseline 0.005 -8"><span class='ocrx_word' id='word_1_33' title='bbox 2140 731 2388 772; x_wconf 70' lang='lat' dir='ltr'><strong>“MINIBUS</strong></span> <span class='ocrx_word' id='word_1_34' title='bbox 2417 734 2627 775; x_wconf 59' lang='lat' dir='ltr'><strong>SEGATA</strong></span> <span class='ocrx_word' id='word_1_35' title='bbox 2664 735 2858 776; x_wconf 76' lang='grc' dir='ltr'>ιύειιιτ</span> <span class='ocrx_word' id='word_1_36' title='bbox 2881 735 3152 778; x_wconf 69' lang='lat' dir='ltr'><strong>COIICNIO</strong></span> <span class='ocrx_word' id='word_1_37' title='bbox 3180 737 3305 778; x_wconf 79' lang='lat' dir='ltr'><strong>POST</strong></span> <span class='ocrx_word' id='word_1_38' title='bbox 3339 735 3739 778; x_wconf 61' lang='lat' dir='ltr'><strong>PGZNITENTIAII.</strong></span> 
     </span>
    </p>
   </div>
   <div class='ocr_carea' id='block_1_7' title="bbox 494 851 3741 929">
    <p class='ocr_par' dir='ltr' id='par_1_7' title="bbox 494 851 3741 929">
     <span class='ocr_line' id='line_1_7' title="bbox 494 851 3741 929; baseline 0.002 -21"><span class='ocrx_word' id='word_1_39' title='bbox 494 853 622 919; x_wconf 87' lang='lat' dir='ltr'><strong>Sed,</strong></span> <span class='ocrx_word' id='word_1_40' title='bbox 648 863 704 908; x_wconf 90' lang='lat' dir='ltr'><strong>ut</strong></span> <span class='ocrx_word' id='word_1_41' title='bbox 734 851 940 908; x_wconf 88' lang='lat' dir='ltr'><strong>facilius</strong></span> <span class='ocrx_word' id='word_1_42' title='bbox 964 852 1032 909; x_wconf 91' lang='lat' dir='ltr'><strong>de</strong></span> <span class='ocrx_word' id='word_1_43' title='bbox 1062 853 1313 926; x_wconf 79' lang='lat' dir='ltr'><strong>Cypriani</strong></span> <span class='ocrx_word' id='word_1_44' title='bbox 1338 854 1561 925; x_wconf 88' lang='lat' dir='ltr'><strong>ejusque</strong></span> <span class='ocrx_word' id='word_1_45' title='bbox 1588 853 1911 926; x_wconf 74' lang='lat' dir='ltr'><strong>collegarum</strong></span> <span class='ocrx_word' id='word_1_46' title='bbox 1937 855 2171 911; x_wconf 87' lang='lat' dir='ltr'><strong>decretis</strong></span> <span class='ocrx_word' id='word_1_47' title='bbox 2191 855 2477 925; x_wconf 89' lang='lat' dir='ltr'><strong>judicetur,</strong></span> <span class='ocrx_word' id='word_1_48' title='bbox 2514 857 2672 928; x_wconf 89' lang='lat' dir='ltr'><strong>paulo</strong></span> <span class='ocrx_word' id='word_1_49' title='bbox 2703 858 2860 913; x_wconf 79' lang='lat' dir='ltr'><strong>altius</strong></span> <span class='ocrx_word' id='word_1_50' title='bbox 2891 858 3180 929; x_wconf 84' lang='lat' dir='ltr'><strong>repetenda</strong></span> <span class='ocrx_word' id='word_1_51' title='bbox 3202 859 3447 915; x_wconf 82' lang='lat' dir='ltr'><strong>ecclesia:</strong></span> <span class='ocrx_word' id='word_1_52' title='bbox 3472 859 3741 914; x_wconf 73' lang='lat' dir='ltr'><strong>Africana:</strong></span> 
     </span>
    </p>
   </div>
   <div class='ocr_carea' id='block_1_8' title="bbox 422 947 3741 1026">
    <p class='ocr_par' dir='ltr' id='par_1_8' title="bbox 422 947 3741 1026">
     <span class='ocr_line' id='line_1_8' title="bbox 422 947 3741 1026; baseline 0.002 -24"><span class='ocrx_word' id='word_1_53' title='bbox 422 947 731 1020; x_wconf 78' lang='lat' dir='ltr'><strong>disciplina,</strong></span> <span class='ocrx_word' id='word_1_54' title='bbox 760 965 824 1005; x_wconf 90' lang='lat' dir='ltr'><strong>ac</strong></span> <span class='ocrx_word' id='word_1_55' title='bbox 866 949 1100 1006; x_wconf 90' lang='lat' dir='ltr'><strong>breviter</strong></span> <span class='ocrx_word' id='word_1_56' title='bbox 1127 951 1547 1007; x_wconf 79' lang='lat' dir='ltr'><strong>examinandum</strong></span> <span class='ocrx_word' id='word_1_57' title='bbox 1588 962 1764 1007; x_wconf 91' lang='lat' dir='ltr'><strong>utrum</strong></span> <span class='ocrx_word' id='word_1_58' title='bbox 1815 963 1940 1008; x_wconf 83' lang='lat' dir='ltr'><strong>ante</strong></span> <span class='ocrx_word' id='word_1_59' title='bbox 1966 959 2178 1008; x_wconf 75' lang='lat' dir='ltr'><strong>:L-tate&#39;n</strong></span> <span class='ocrx_word' id='word_1_60' title='bbox 2211 952 2461 1025; x_wconf 77' lang='lat' dir='ltr'><strong>Cypriani</strong></span> <span class='ocrx_word' id='word_1_61' title='bbox 2515 953 2845 1026; x_wconf 74' lang='lat' dir='ltr'><strong>gravissimis</strong></span> <span class='ocrx_word' id='word_1_62' title='bbox 2875 953 3190 1011; x_wconf 91' lang='lat' dir='ltr'><strong>criminibus</strong></span> <span class='ocrx_word' id='word_1_63' title='bbox 3211 997 3226 1023; x_wconf 96' lang='lat'><strong>,</strong></span> <span class='ocrx_word' id='word_1_64' title='bbox 3261 966 3312 1009; x_wconf 93' lang='lat' dir='ltr'><strong>ut</strong></span> <span class='ocrx_word' id='word_1_65' title='bbox 3344 954 3654 1010; x_wconf 81' lang='lat' dir='ltr'><strong>ido&#39;olatria:</strong></span> <span class='ocrx_word' id='word_1_66' title='bbox 3683 967 3741 1014; x_wconf 88' lang='lat' dir='ltr'><strong>et</strong></span> 
     </span>
    </p>
   </div>
   <div class='ocr_carea' id='block_1_9' title="bbox 423 1042 2118 1116">
    <p class='ocr_par' dir='ltr' id='par_1_9' title="bbox 423 1042 2118 1116">
     <span class='ocr_line' id='line_1_9' title="bbox 423 1042 2118 1116; baseline 0.003 -20"><span class='ocrx_word' id='word_1_67' title='bbox 423 1042 739 1108; x_wconf 85' lang='lat' dir='ltr'><strong>homicidio,</strong></span> <span class='ocrx_word' id='word_1_68' title='bbox 764 1058 1022 1100; x_wconf 90' lang='lat' dir='ltr'><strong>concessa</strong></span> <span class='ocrx_word' id='word_1_69' title='bbox 1051 1060 1223 1102; x_wconf 88' lang='lat' dir='ltr'><strong>necne</strong></span> <span class='ocrx_word' id='word_1_70' title='bbox 1252 1061 1353 1116; x_wconf 85' lang='lat' dir='ltr'><strong>pax</strong></span> <span class='ocrx_word' id='word_1_71' title='bbox 1387 1057 1508 1116; x_wconf 90' lang='lat' dir='ltr'><strong>post</strong></span> <span class='ocrx_word' id='word_1_72' title='bbox 1536 1045 1906 1116; x_wconf 77' lang='lat' dir='ltr'><strong>ptenitentiam</strong></span> <span class='ocrx_word' id='word_1_73' title='bbox 1940 1045 2118 1101; x_wconf 92' lang='lat' dir='ltr'><strong>fuerit.</strong></span> 
     </span>
    </p>
   </div>
   <div class='ocr_carea' id='block_1_10' title="bbox 493 1137 3737 1213">
    <p class='ocr_par' dir='ltr' id='par_1_10' title="bbox 493 1137 3737 1213">
     <span class='ocr_line' id='line_1_10' title="bbox 493 1137 3737 1213; baseline 0.002 -23"><span class='ocrx_word' id='word_1_74' title='bbox 493 1137 594 1205; x_wconf 93' lang='lat' dir='ltr'><strong>Qui</strong></span> <span class='ocrx_word' id='word_1_75' title='bbox 627 1139 1018 1207; x_wconf 73' lang='lat' dir='ltr'><strong>pmnitentiam,</strong></span> <span class='ocrx_word' id='word_1_76' title='bbox 1049 1154 1209 1210; x_wconf 90' lang='lat' dir='ltr'><strong>quam</strong></span> <span class='ocrx_word' id='word_1_77' title='bbox 1237 1140 1351 1194; x_wconf 88' lang='lat' dir='ltr'><strong>sani</strong></span> <span class='ocrx_word' id='word_1_78' title='bbox 1383 1149 1848 1208; x_wconf 84' lang='lat' dir='ltr'><strong>contempserant,</strong></span> <span class='ocrx_word' id='word_1_79' title='bbox 1882 1141 1933 1194; x_wconf 93' lang='lat' dir='ltr'><strong>in</strong></span> <span class='ocrx_word' id='word_1_80' title='bbox 1961 1152 2202 1194; x_wconf 82' lang='lat' dir='ltr'><strong>extremo</strong></span> <span class='ocrx_word' id='word_1_81' title='bbox 2229 1141 2468 1210; x_wconf 89' lang='lat' dir='ltr'><strong>periculo</strong></span> <span class='ocrx_word' id='word_1_82' title='bbox 2495 1141 2781 1212; x_wconf 90' lang='lat' dir='ltr'><strong>petebant,</strong></span> <span class='ocrx_word' id='word_1_83' title='bbox 2816 1141 2870 1209; x_wconf 90' lang='lat' dir='ltr'><strong>ii,</strong></span> <span class='ocrx_word' id='word_1_84' title='bbox 2897 1142 3086 1198; x_wconf 81' lang='lat' dir='ltr'><strong>saltem</strong></span> <span class='ocrx_word' id='word_1_85' title='bbox 3115 1143 3166 1197; x_wconf 92' lang='lat' dir='ltr'><strong>in</strong></span> <span class='ocrx_word' id='word_1_86' title='bbox 3196 1142 3394 1208; x_wconf 81' lang='lat' dir='ltr'><strong>Africa,</strong></span> <span class='ocrx_word' id='word_1_87' title='bbox 3421 1141 3605 1213; x_wconf 86' lang='lat' dir='ltr'><strong>primis</strong></span> <span class='ocrx_word' id='word_1_88' title='bbox 3629 1156 3737 1197; x_wconf 79' lang='lat' dir='ltr'><strong>sa:-</strong></span> 
     </span>
    </p>
   </div>
   <div class='ocr_carea' id='block_1_11' title="bbox 416 1231 3735 1304">
    <p class='ocr_par' dir='ltr' id='par_1_11' title="bbox 416 1231 3735 1304">
     <span class='ocr_line' id='line_1_11' title="bbox 416 1231 3735 1304; baseline 0.001 -18"><span class='ocrx_word' id='word_1_89' title='bbox 416 1232 553 1286; x_wconf 89' lang='lat' dir='ltr'><strong>cnlis</strong></span> <span class='ocrx_word' id='word_1_90' title='bbox 585 1232 980 1302; x_wconf 90' lang='lat' dir='ltr'><strong>rejiciebantur,</strong></span> <span class='ocrx_word' id='word_1_91' title='bbox 1015 1241 1072 1288; x_wconf 93' lang='lat' dir='ltr'><strong>ut</strong></span> <span class='ocrx_word' id='word_1_92' title='bbox 1099 1242 1244 1304; x_wconf 91' lang='lat' dir='ltr'><strong>patet</strong></span> <span class='ocrx_word' id='word_1_93' title='bbox 1270 1248 1335 1289; x_wconf 88' lang='lat' dir='ltr'><strong>cx</strong></span> <span class='ocrx_word' id='word_1_94' title='bbox 1367 1233 1534 1304; x_wconf 86' lang='lat' dir='ltr'><strong>Epist.</strong></span> <span class='ocrx_word' id='word_1_95' title='bbox 1569 1249 1637 1288; x_wconf 87' lang='lat' dir='ltr'><strong>LII</strong></span> <span class='ocrx_word' id='word_1_96' title='bbox 1665 1231 1915 1304; x_wconf 89' lang='lat' dir='ltr'><strong>Cypriani</strong></span> <span class='ocrx_word' id='word_1_97' title='bbox 1947 1231 2024 1304; x_wconf 89' lang='lat' dir='ltr'><strong>(p.</strong></span> <span class='ocrx_word' id='word_1_98' title='bbox 2058 1232 2150 1303; x_wconf 83' lang='lat'><strong>75)</strong></span> <span class='ocrx_word' id='word_1_99' title='bbox 2185 1250 2198 1286; x_wconf 90' lang='lat'><strong>:</strong></span> <span class='ocrx_word' id='word_1_100' title='bbox 2237 1252 2254 1284; x_wconf 78' lang='grc' dir='ltr'><strong>ι</strong></span> <span class='ocrx_word' id='word_1_101' title='bbox 2294 1233 2360 1288; x_wconf 88' lang='lat' dir='ltr'><strong>Et</strong></span> <span class='ocrx_word' id='word_1_102' title='bbox 2389 1233 2618 1300; x_wconf 86' lang='lat' dir='ltr'><strong>idcirco,</strong></span> <span class='ocrx_word' id='word_1_103' title='bbox 2653 1234 2861 1304; x_wconf 90' lang='lat' dir='ltr'><strong>inquit,</strong></span> <span class='ocrx_word' id='word_1_104' title='bbox 2898 1233 3062 1290; x_wconf 80' lang='lat' dir='ltr'><strong>frater</strong></span> <span class='ocrx_word' id='word_1_105' title='bbox 3091 1235 3432 1300; x_wconf 78' lang='lat' dir='ltr'><strong>charissimc,</strong></span> <span class='ocrx_word' id='word_1_106' title='bbox 3465 1235 3735 1304; x_wconf 65' lang='lat' dir='ltr'><strong>paeniten-</strong></span> 
     </span>
    </p>
   </div>
   <div class='ocr_carea' id='block_1_12' title="bbox 419 1325 3742 1400">
    <p class='ocr_par' dir='ltr' id='par_1_12' title="bbox 419 1325 3742 1400">
     <span class='ocr_line' id='line_1_12' title="bbox 419 1325 3742 1400; baseline 0.002 -22"><span class='ocrx_word' id='word_1_107' title='bbox 419 1327 547 1380; x_wconf 89' lang='lat' dir='ltr'><strong>tiam</strong></span> <span class='ocrx_word' id='word_1_108' title='bbox 574 1340 680 1381; x_wconf 88' lang='lat' dir='ltr'><strong>non</strong></span> <span class='ocrx_word' id='word_1_109' title='bbox 711 1335 964 1398; x_wconf 82' lang='lat' dir='ltr'><strong>agentes,</strong></span> <span class='ocrx_word' id='word_1_110' title='bbox 997 1327 1098 1382; x_wconf 78' lang='lat' dir='ltr'><strong>n&#39;ee</strong></span> <span class='ocrx_word' id='word_1_111' title='bbox 1125 1325 1365 1382; x_wconf 88' lang='lat' dir='ltr'><strong>dolorem</strong></span> <span class='ocrx_word' id='word_1_112' title='bbox 1397 1325 1716 1381; x_wconf 89' lang='lat' dir='ltr'><strong>delictorum</strong></span> <span class='ocrx_word' id='word_1_113' title='bbox 1764 1340 1982 1380; x_wconf 91' lang='lat' dir='ltr'><strong>suorum</strong></span> <span class='ocrx_word' id='word_1_114' title='bbox 2022 1333 2133 1380; x_wconf 94' lang='lat' dir='ltr'><strong>toto</strong></span> <span class='ocrx_word' id='word_1_115' title='bbox 2177 1325 2340 1382; x_wconf 93' lang='lat' dir='ltr'><strong>corde</strong></span> <span class='ocrx_word' id='word_1_116' title='bbox 2380 1336 2434 1381; x_wconf 92' lang='lat' dir='ltr'><strong>et</strong></span> <span class='ocrx_word' id='word_1_117' title='bbox 2477 1326 2758 1382; x_wconf 85' lang='lat' dir='ltr'><strong>manifesta</strong></span> <span class='ocrx_word' id='word_1_118' title='bbox 2807 1327 3203 1382; x_wconf 89' lang='lat' dir='ltr'><strong>lamentationis</strong></span> <span class='ocrx_word' id='word_1_119' title='bbox 3248 1342 3360 1382; x_wconf 78' lang='lat' dir='ltr'><strong>sua:</strong></span> <span class='ocrx_word' id='word_1_120' title='bbox 3405 1328 3742 1400; x_wconf 86' lang='lat' dir='ltr'><strong>professione</strong></span> 
     </span>
    </p>
   </div>
   <div class='ocr_carea' id='block_1_13' title="bbox 415 1417 3742 1492">
    <p class='ocr_par' dir='ltr' id='par_1_13' title="bbox 415 1417 3742 1492">
     <span class='ocr_line' id='line_1_13' title="bbox 415 1417 3742 1492; baseline 0.002 -20"><span class='ocrx_word' id='word_1_121' title='bbox 415 1425 712 1483; x_wconf 78' lang='lat' dir='ltr'><strong>testantes,</strong></span> <span class='ocrx_word' id='word_1_122' title='bbox 749 1417 1112 1490; x_wconf 79' lang='lat' dir='ltr'><strong>prohibendos</strong></span> <span class='ocrx_word' id='word_1_123' title='bbox 1134 1418 1354 1474; x_wconf 91' lang='lat' dir='ltr'><strong>omnino</strong></span> <span class='ocrx_word' id='word_1_124' title='bbox 1383 1419 1692 1474; x_wconf 89' lang='lat' dir='ltr'><strong>censuimus</strong></span> <span class='ocrx_word' id='word_1_125' title='bbox 1726 1433 1754 1472; x_wconf 92' lang='lat' dir='ltr'><strong>a</strong></span> <span class='ocrx_word' id='word_1_126' title='bbox 1793 1433 1889 1488; x_wconf 77' lang='lat' dir='ltr'><strong>5pc</strong></span> <span class='ocrx_word' id='word_1_127' title='bbox 1917 1419 2420 1475; x_wconf 89' lang='lat' dir='ltr'><strong>communicationis</strong></span> <span class='ocrx_word' id='word_1_128' title='bbox 2445 1430 2499 1475; x_wconf 92' lang='lat' dir='ltr'><strong>et</strong></span> <span class='ocrx_word' id='word_1_129' title='bbox 2522 1421 2697 1490; x_wconf 88' lang='lat' dir='ltr'><strong>pacis,</strong></span> <span class='ocrx_word' id='word_1_130' title='bbox 2727 1420 2771 1474; x_wconf 88' lang='lat' dir='ltr'><strong>si</strong></span> <span class='ocrx_word' id='word_1_131' title='bbox 2801 1419 2852 1474; x_wconf 91' lang='lat' dir='ltr'><strong>in</strong></span> <span class='ocrx_word' id='word_1_132' title='bbox 2888 1420 3198 1476; x_wconf 90' lang='lat' dir='ltr'><strong>infirmitate</strong></span> <span class='ocrx_word' id='word_1_133' title='bbox 3225 1431 3383 1492; x_wconf 88' lang='lat' dir='ltr'><strong>atque</strong></span> <span class='ocrx_word' id='word_1_134' title='bbox 3416 1421 3466 1475; x_wconf 92' lang='lat' dir='ltr'><strong>in</strong></span> <span class='ocrx_word' id='word_1_135' title='bbox 3501 1422 3742 1491; x_wconf 87' lang='lat' dir='ltr'><strong>periculo</strong></span> 
     </span>
    </p>
   </div>
   <div class='ocr_carea' id='block_1_14' title="bbox 417 1509 3732 1582">
    <p class='ocr_par' dir='ltr' id='par_1_14' title="bbox 417 1509 3732 1582">
     <span class='ocr_line' id='line_1_14' title="bbox 417 1509 3732 1582; baseline 0.001 -17"><span class='ocrx_word' id='word_1_136' title='bbox 417 1511 684 1581; x_wconf 74' lang='lat' dir='ltr'><strong>cmperint</strong></span> <span class='ocrx_word' id='word_1_137' title='bbox 711 1510 1020 1581; x_wconf 90' lang='lat' dir='ltr'><strong>deprecari,</strong></span> <span class='ocrx_word' id='word_1_138' title='bbox 1049 1511 1171 1582; x_wconf 83' lang='lat' dir='ltr'><strong>quia</strong></span> <span class='ocrx_word' id='word_1_139' title='bbox 1211 1525 1401 1582; x_wconf 86' lang='lat' dir='ltr'><strong>rogare</strong></span> <span class='ocrx_word' id='word_1_140' title='bbox 1439 1511 1557 1565; x_wconf 91' lang='lat' dir='ltr'><strong>illos</strong></span> <span class='ocrx_word' id='word_1_141' title='bbox 1587 1524 1692 1564; x_wconf 93' lang='lat' dir='ltr'><strong>non</strong></span> <span class='ocrx_word' id='word_1_142' title='bbox 1735 1509 1914 1564; x_wconf 92' lang='lat' dir='ltr'><strong>delicti</strong></span> <span class='ocrx_word' id='word_1_143' title='bbox 1948 1510 2292 1580; x_wconf 60' lang='lat' dir='ltr'><strong>paenitentia,</strong></span> <span class='ocrx_word' id='word_1_144' title='bbox 2327 1511 2420 1565; x_wconf 90' lang='lat' dir='ltr'><strong>sed</strong></span> <span class='ocrx_word' id='word_1_145' title='bbox 2451 1511 2638 1565; x_wconf 86' lang='lat' dir='ltr'><strong>mortis</strong></span> <span class='ocrx_word' id='word_1_146' title='bbox 2683 1512 2918 1581; x_wconf 84' lang='lat' dir='ltr'><strong>urgentis</strong></span> <span class='ocrx_word' id='word_1_147' title='bbox 2948 1511 3245 1566; x_wconf 89' lang='lat' dir='ltr'><strong>admonitio</strong></span> <span class='ocrx_word' id='word_1_148' title='bbox 3287 1513 3595 1582; x_wconf 86' lang='lat' dir='ltr'><strong>compellit;</strong></span> <span class='ocrx_word' id='word_1_149' title='bbox 3631 1528 3732 1568; x_wconf 93' lang='lat' dir='ltr'><strong>nec</strong></span> 
     </span>
    </p>
   </div>
   <div class='ocr_carea' id='block_1_15' title="bbox 414 1603 3734 1686">
    <p class='ocr_par' dir='ltr' id='par_1_15' title="bbox 414 1603 3734 1686">
     <span class='ocr_line' id='line_1_15' title="bbox 414 1603 3734 1686; baseline 0 -28"><span class='ocrx_word' id='word_1_150' title='bbox 414 1603 610 1674; x_wconf 86' lang='lat' dir='ltr'><strong>dignus</strong></span> <span class='ocrx_word' id='word_1_151' title='bbox 641 1612 725 1659; x_wconf 73' lang='lat' dir='ltr'><strong>est</strong></span> <span class='ocrx_word' id='word_1_152' title='bbox 746 1603 798 1659; x_wconf 92' lang='lat' dir='ltr'><strong>in</strong></span> <span class='ocrx_word' id='word_1_153' title='bbox 830 1615 1003 1659; x_wconf 90' lang='lat' dir='ltr'><strong>morte</strong></span> <span class='ocrx_word' id='word_1_154' title='bbox 1039 1619 1233 1675; x_wconf 87' lang='lat' dir='ltr'><strong>capere</strong></span> <span class='ocrx_word' id='word_1_155' title='bbox 1268 1604 1518 1660; x_wconf 86' lang='lat' dir='ltr'><strong>solatium</strong></span> <span class='ocrx_word' id='word_1_156' title='bbox 1560 1603 1649 1673; x_wconf 91' lang='lat' dir='ltr'><strong>qui</strong></span> <span class='ocrx_word' id='word_1_157' title='bbox 1679 1618 1737 1658; x_wconf 92' lang='lat' dir='ltr'><strong>se</strong></span> <span class='ocrx_word' id='word_1_158' title='bbox 1770 1618 1874 1658; x_wconf 90' lang='lat' dir='ltr'><strong>non</strong></span> <span class='ocrx_word' id='word_1_159' title='bbox 1920 1605 2171 1674; x_wconf 82' lang='lat' dir='ltr'><strong>cogitavit</strong></span> <span class='ocrx_word' id='word_1_160' title='bbox 2198 1617 2317 1658; x_wconf 89' lang='lat' dir='ltr'><strong>esse</strong></span> <span class='ocrx_word' id='word_1_161' title='bbox 2347 1604 2689 1658; x_wconf 89' lang='lat' dir='ltr'><strong>moriturum.</strong></span> <span class='ocrx_word' id='word_1_162' title='bbox 2727 1624 2746 1657; x_wconf 78' lang='grc' dir='ltr'><strong>ι</strong></span> <span class='ocrx_word' id='word_1_163' title='bbox 2783 1603 2938 1686; x_wconf 83' lang='lat' dir='ltr'><strong>Quod</strong></span> <span class='ocrx_word' id='word_1_164' title='bbox 2967 1613 3144 1659; x_wconf 91' lang='lat' dir='ltr'><strong>autem</strong></span> <span class='ocrx_word' id='word_1_165' title='bbox 3174 1614 3382 1674; x_wconf 86' lang='lat' dir='ltr'><strong>spectat</strong></span> <span class='ocrx_word' id='word_1_166' title='bbox 3422 1605 3487 1660; x_wconf 89' lang='lat' dir='ltr'><strong>ad</strong></span> <span class='ocrx_word' id='word_1_167' title='bbox 3520 1619 3612 1662; x_wconf 88' lang='lat' dir='ltr'><strong>eos</strong></span> <span class='ocrx_word' id='word_1_168' title='bbox 3640 1605 3734 1676; x_wconf 89' lang='lat' dir='ltr'><strong>qui</strong></span> 
     </span>
    </p>
   </div>
   <div class='ocr_carea' id='block_1_16' title="bbox 411 1697 3731 1771">
    <p class='ocr_par' dir='ltr' id='par_1_16' title="bbox 411 1697 3731 1771">
     <span class='ocr_line' id='line_1_16' title="bbox 411 1697 3731 1771; baseline 0 -19"><span class='ocrx_word' id='word_1_169' title='bbox 411 1709 619 1754; x_wconf 90' lang='lat' dir='ltr'><strong>mature</strong></span> <span class='ocrx_word' id='word_1_170' title='bbox 650 1698 1016 1771; x_wconf 71' lang='lat' dir='ltr'><strong>pmnitentiam</strong></span> <span class='ocrx_word' id='word_1_171' title='bbox 1059 1698 1340 1770; x_wconf 85' lang='lat' dir='ltr'><strong>petebant,</strong></span> <span class='ocrx_word' id='word_1_172' title='bbox 1385 1698 1584 1753; x_wconf 88' lang='lat' dir='ltr'><strong>nemini</strong></span> <span class='ocrx_word' id='word_1_173' title='bbox 1617 1697 1833 1752; x_wconf 87' lang='lat' dir='ltr'><strong>dubimn</strong></span> <span class='ocrx_word' id='word_1_174' title='bbox 1865 1707 1948 1752; x_wconf 93' lang='lat' dir='ltr'><strong>est</strong></span> <span class='ocrx_word' id='word_1_175' title='bbox 1983 1699 2110 1768; x_wconf 90' lang='lat' dir='ltr'><strong>quin</strong></span> <span class='ocrx_word' id='word_1_176' title='bbox 2153 1712 2336 1768; x_wconf 90' lang='lat' dir='ltr'><strong>pacem</strong></span> <span class='ocrx_word' id='word_1_177' title='bbox 2395 1697 2654 1753; x_wconf 84' lang='lat' dir='ltr'><strong>adulteris</strong></span> <span class='ocrx_word' id='word_1_178' title='bbox 2683 1700 2733 1752; x_wconf 90' lang='lat' dir='ltr'><strong>in</strong></span> <span class='ocrx_word' id='word_1_179' title='bbox 2768 1698 2947 1753; x_wconf 84' lang='lat' dir='ltr'><strong>Africa</strong></span> <span class='ocrx_word' id='word_1_180' title='bbox 2978 1698 3216 1753; x_wconf 89' lang='lat' dir='ltr'><strong>nonnulli</strong></span> <span class='ocrx_word' id='word_1_181' title='bbox 3249 1707 3373 1753; x_wconf 86' lang='lat' dir='ltr'><strong>ante</strong></span> <span class='ocrx_word' id='word_1_182' title='bbox 3399 1697 3731 1770; x_wconf 82' lang='lat' dir='ltr'><strong>Cyprianum</strong></span> 
     </span>
    </p>
   </div>
   <div class='ocr_carea' id='block_1_17' title="bbox 412 1789 3732 1865">
    <p class='ocr_par' dir='ltr' id='par_1_17' title="bbox 412 1789 3732 1865">
     <span class='ocr_line' id='line_1_17' title="bbox 412 1789 3732 1865; baseline -0.001 -16"><span class='ocrx_word' id='word_1_183' title='bbox 412 1795 651 1865; x_wconf 88' lang='lat' dir='ltr'><strong>episcopi</strong></span> <span class='ocrx_word' id='word_1_184' title='bbox 693 1793 992 1864; x_wconf 88' lang='lat' dir='ltr'><strong>ncgandam</strong></span> <span class='ocrx_word' id='word_1_185' title='bbox 1023 1793 1380 1849; x_wconf 86' lang='lat' dir='ltr'><strong>decreverint.</strong></span> <span class='ocrx_word' id='word_1_186' title='bbox 1416 1789 1474 1845; x_wconf 83' lang='lat' dir='ltr'><strong>id</strong></span> <span class='ocrx_word' id='word_1_187' title='bbox 1495 1791 1696 1846; x_wconf 90' lang='lat' dir='ltr'><strong>diserte</strong></span> <span class='ocrx_word' id='word_1_188' title='bbox 1727 1801 1951 1846; x_wconf 84' lang='lat' dir='ltr'><strong>testatur</strong></span> <span class='ocrx_word' id='word_1_189' title='bbox 1979 1792 2092 1860; x_wconf 87' lang='lat' dir='ltr'><strong>ipse</strong></span> <span class='ocrx_word' id='word_1_190' title='bbox 2121 1792 2422 1863; x_wconf 77' lang='lat' dir='ltr'><strong>Cyprianus</strong></span> <span class='ocrx_word' id='word_1_191' title='bbox 2452 1791 2503 1845; x_wconf 92' lang='lat' dir='ltr'><strong>in</strong></span> <span class='ocrx_word' id='word_1_192' title='bbox 2547 1792 2646 1861; x_wconf 91' lang='lat' dir='ltr'><strong>Ep.</strong></span> <span class='ocrx_word' id='word_1_193' title='bbox 2677 1807 2746 1846; x_wconf 86' lang='lat' dir='ltr'><strong>LII</strong></span> <span class='ocrx_word' id='word_1_194' title='bbox 2786 1793 2862 1860; x_wconf 91' lang='lat' dir='ltr'><strong>(p.</strong></span> <span class='ocrx_word' id='word_1_195' title='bbox 2894 1792 2984 1862; x_wconf 74' lang='lat'><strong>7?.)</strong></span> <span class='ocrx_word' id='word_1_196' title='bbox 3016 1809 3027 1846; x_wconf 90' lang='lat'><strong>:</strong></span> <span class='ocrx_word' id='word_1_197' title='bbox 3065 1811 3083 1842; x_wconf 77' lang='grc' dir='ltr'><strong>ι</strong></span> <span class='ocrx_word' id='word_1_198' title='bbox 3122 1793 3185 1847; x_wconf 83' lang='lat' dir='ltr'><strong>Et</strong></span> <span class='ocrx_word' id='word_1_199' title='bbox 3210 1792 3425 1862; x_wconf 87' lang='lat' dir='ltr'><strong>quidem</strong></span> <span class='ocrx_word' id='word_1_200' title='bbox 3460 1791 3599 1863; x_wconf 87' lang='lat' dir='ltr'><strong>apud</strong></span> <span class='ocrx_word' id='word_1_201' title='bbox 3628 1809 3732 1848; x_wconf 86' lang='lat' dir='ltr'><strong>an-</strong></span> 
     </span>
    </p>
   </div>
   <div class='ocr_carea' id='block_1_18' title="bbox 420 1883 3727 1958">
    <p class='ocr_par' dir='ltr' id='par_1_18' title="bbox 420 1883 3727 1958">
     <span class='ocr_line' id='line_1_18' title="bbox 420 1883 3727 1958; baseline -0.001 -16"><span class='ocrx_word' id='word_1_202' title='bbox 420 1898 718 1944; x_wconf 89' lang='lat' dir='ltr'><strong>tecessores</strong></span> <span class='ocrx_word' id='word_1_203' title='bbox 758 1898 1004 1954; x_wconf 89' lang='lat' dir='ltr'><strong>nostros,</strong></span> <span class='ocrx_word' id='word_1_204' title='bbox 1059 1887 1260 1958; x_wconf 90' lang='lat' dir='ltr'><strong>inquit,</strong></span> <span class='ocrx_word' id='word_1_205' title='bbox 1293 1885 1508 1955; x_wconf 90' lang='lat' dir='ltr'><strong>quidam</strong></span> <span class='ocrx_word' id='word_1_206' title='bbox 1536 1885 1602 1940; x_wconf 91' lang='lat' dir='ltr'><strong>de</strong></span> <span class='ocrx_word' id='word_1_207' title='bbox 1633 1885 1900 1954; x_wconf 85' lang='lat' dir='ltr'><strong>episcopis</strong></span> <span class='ocrx_word' id='word_1_208' title='bbox 1931 1885 2049 1938; x_wconf 79' lang='lat' dir='ltr'><strong>istic</strong></span> <span class='ocrx_word' id='word_1_209' title='bbox 2077 1885 2128 1938; x_wconf 93' lang='lat' dir='ltr'><strong>in</strong></span> <span class='ocrx_word' id='word_1_210' title='bbox 2163 1883 2437 1954; x_wconf 90' lang='lat' dir='ltr'><strong>provincia</strong></span> <span class='ocrx_word' id='word_1_211' title='bbox 2467 1893 2652 1938; x_wconf 91' lang='lat' dir='ltr'><strong>nostra</strong></span> <span class='ocrx_word' id='word_1_212' title='bbox 2689 1883 2920 1938; x_wconf 89' lang='lat' dir='ltr'><strong>dandam</strong></span> <span class='ocrx_word' id='word_1_213' title='bbox 2960 1898 3142 1953; x_wconf 89' lang='lat' dir='ltr'><strong>pacem</strong></span> <span class='ocrx_word' id='word_1_214' title='bbox 3182 1883 3407 1940; x_wconf 70' lang='lat' dir='ltr'><strong>mmchis</strong></span> <span class='ocrx_word' id='word_1_215' title='bbox 3435 1899 3542 1938; x_wconf 91' lang='lat' dir='ltr'><strong>non</strong></span> <span class='ocrx_word' id='word_1_216' title='bbox 3571 1892 3727 1954; x_wconf 82' lang='lat' dir='ltr'><strong>puta-</strong></span> 
     </span>
    </p>
   </div>
   <div class='ocr_carea' id='block_1_19' title="bbox 411 1976 3728 2052">
    <p class='ocr_par' dir='ltr' id='par_1_19' title="bbox 411 1976 3728 2052">
     <span class='ocr_line' id='line_1_19' title="bbox 411 1976 3728 2052; baseline -0.002 -16"><span class='ocrx_word' id='word_1_217' title='bbox 411 1991 624 2051; x_wconf 88' lang='lat' dir='ltr'><strong>verunt,</strong></span> <span class='ocrx_word' id='word_1_218' title='bbox 656 1982 791 2038; x_wconf 90' lang='lat' dir='ltr'><strong>etin</strong></span> <span class='ocrx_word' id='word_1_219' title='bbox 825 1989 994 2037; x_wconf 89' lang='lat' dir='ltr'><strong>totum</strong></span> <span class='ocrx_word' id='word_1_220' title='bbox 1026 1981 1358 2052; x_wconf 67' lang='lat' dir='ltr'><strong>poenitentia:</strong></span> <span class='ocrx_word' id='word_1_221' title='bbox 1404 1978 1580 2033; x_wconf 89' lang='lat' dir='ltr'><strong>locmn</strong></span> <span class='ocrx_word' id='word_1_222' title='bbox 1629 1987 1815 2032; x_wconf 88' lang='lat' dir='ltr'><strong>contra</strong></span> <span class='ocrx_word' id='word_1_223' title='bbox 1859 1977 2118 2032; x_wconf 86' lang='lat' dir='ltr'><strong>adulteria</strong></span> <span class='ocrx_word' id='word_1_224' title='bbox 2153 1977 2479 2032; x_wconf 90' lang='lat' dir='ltr'><strong>clauserunt.</strong></span> <span class='ocrx_word' id='word_1_225' title='bbox 2523 1996 2540 2028; x_wconf 76' lang='grc' dir='ltr'><strong>ι</strong></span> <span class='ocrx_word' id='word_1_226' title='bbox 2594 1977 2815 2031; x_wconf 85' lang='lat' dir='ltr'><strong>Factum</strong></span> <span class='ocrx_word' id='word_1_227' title='bbox 2860 1976 3072 2031; x_wconf 89' lang='lat' dir='ltr'><strong>videtur</strong></span> <span class='ocrx_word' id='word_1_228' title='bbox 3117 1976 3218 2032; x_wconf 93' lang='lat' dir='ltr'><strong>hoc</strong></span> <span class='ocrx_word' id='word_1_229' title='bbox 3257 1977 3530 2032; x_wconf 87' lang='lat' dir='ltr'><strong>decretum</strong></span> <span class='ocrx_word' id='word_1_230' title='bbox 3587 1977 3728 2033; x_wconf 85' lang='lat' dir='ltr'><strong>intra</strong></span> 
     </span>
    </p>
   </div>
   <div class='ocr_carea' id='block_1_20' title="bbox 414 2069 3734 2148">
    <p class='ocr_par' dir='ltr' id='par_1_20' title="bbox 414 2069 3734 2148">
     <span class='ocr_line' id='line_1_20' title="bbox 414 2069 3734 2148; baseline -0.002 -17"><span class='ocrx_word' id='word_1_231' title='bbox 414 2077 544 2132; x_wconf 91' lang='lat' dir='ltr'><strong>illud</strong></span> <span class='ocrx_word' id='word_1_232' title='bbox 573 2077 805 2148; x_wconf 80' lang='lat' dir='ltr'><strong>spatium</strong></span> <span class='ocrx_word' id='word_1_233' title='bbox 844 2077 984 2148; x_wconf 91' lang='lat' dir='ltr'><strong>quod</strong></span> <span class='ocrx_word' id='word_1_234' title='bbox 1016 2091 1046 2130; x_wconf 93' lang='lat' dir='ltr'><strong>a</strong></span> <span class='ocrx_word' id='word_1_235' title='bbox 1100 2073 1435 2130; x_wconf 86' lang='lat' dir='ltr'><strong>Tertulliano</strong></span> <span class='ocrx_word' id='word_1_236' title='bbox 1456 2071 1520 2128; x_wconf 92' lang='lat' dir='ltr'><strong>ad</strong></span> <span class='ocrx_word' id='word_1_237' title='bbox 1551 2071 1874 2143; x_wconf 76' lang='lat' dir='ltr'><strong>Cyprianum</strong></span> <span class='ocrx_word' id='word_1_238' title='bbox 1905 2071 2130 2126; x_wconf 73' lang='lat' dir='ltr'><strong>effluxit.</strong></span> <span class='ocrx_word' id='word_1_239' title='bbox 2165 2070 2295 2125; x_wconf 72' lang='lat' dir='ltr'><strong>Nam</strong></span> <span class='ocrx_word' id='word_1_240' title='bbox 2324 2070 2686 2126; x_wconf 86' lang='lat' dir='ltr'><strong>Tertullianus</strong></span> <span class='ocrx_word' id='word_1_241' title='bbox 2720 2071 2771 2124; x_wconf 92' lang='lat' dir='ltr'><strong>in</strong></span> <span class='ocrx_word' id='word_1_242' title='bbox 2802 2069 2945 2125; x_wconf 88' lang='lat' dir='ltr'><strong>libro</strong></span> <span class='ocrx_word' id='word_1_243' title='bbox 2969 2069 3034 2124; x_wconf 87' lang='lat' dir='ltr'><strong>de</strong></span> <span class='ocrx_word' id='word_1_244' title='bbox 3059 2069 3323 2125; x_wconf 75' lang='lat' dir='ltr'><strong>Pudicitia</strong></span> <span class='ocrx_word' id='word_1_245' title='bbox 3355 2071 3499 2140; x_wconf 87' lang='lat' dir='ltr'><strong>pacis</strong></span> <span class='ocrx_word' id='word_1_246' title='bbox 3522 2070 3734 2124; x_wconf 81' lang='lat' dir='ltr'><strong>adulte-</strong></span> 
     </span>
    </p>
   </div>
   <div class='ocr_carea' id='block_1_21' title="bbox 412 2163 3718 2244">
    <p class='ocr_par' dir='ltr' id='par_1_21' title="bbox 412 2163 3718 2244">
     <span class='ocr_line' id='line_1_21' title="bbox 412 2163 3718 2244; baseline -0.003 -16"><span class='ocrx_word' id='word_1_247' title='bbox 412 2175 489 2229; x_wconf 89' lang='lat' dir='ltr'><strong>ris</strong></span> <span class='ocrx_word' id='word_1_248' title='bbox 520 2183 638 2243; x_wconf 84' lang='lat' dir='ltr'><strong>post</strong></span> <span class='ocrx_word' id='word_1_249' title='bbox 678 2172 1044 2244; x_wconf 66' lang='lat' dir='ltr'><strong>paenitentiam</strong></span> <span class='ocrx_word' id='word_1_250' title='bbox 1081 2169 1272 2226; x_wconf 68' lang='lat' dir='ltr'><strong>danda:</strong></span> <span class='ocrx_word' id='word_1_251' title='bbox 1300 2166 1782 2233; x_wconf 88' lang='lat' dir='ltr'><strong>consuetudinem,</strong></span> <span class='ocrx_word' id='word_1_252' title='bbox 1817 2176 1873 2220; x_wconf 92' lang='lat' dir='ltr'><strong>ut</strong></span> <span class='ocrx_word' id='word_1_253' title='bbox 1901 2178 2242 2222; x_wconf 85' lang='lat' dir='ltr'><strong>communem</strong></span> <span class='ocrx_word' id='word_1_254' title='bbox 2275 2164 2529 2218; x_wconf 71' lang='lat' dir='ltr'><strong>Ecclesia:</strong></span> <span class='ocrx_word' id='word_1_255' title='bbox 2556 2163 2835 2218; x_wconf 74' lang='lat' dir='ltr'><strong>catholica:</strong></span> <span class='ocrx_word' id='word_1_256' title='bbox 2862 2177 3068 2219; x_wconf 89' lang='lat' dir='ltr'><strong>morem</strong></span> <span class='ocrx_word' id='word_1_257' title='bbox 3099 2164 3365 2234; x_wconf 79' lang='lat' dir='ltr'><strong>exagitat,</strong></span> <span class='ocrx_word' id='word_1_258' title='bbox 3400 2178 3565 2234; x_wconf 86' lang='lat' dir='ltr'><strong>seque</strong></span> <span class='ocrx_word' id='word_1_259' title='bbox 3589 2164 3718 2219; x_wconf 90' lang='lat' dir='ltr'><strong>olim</strong></span> 
     </span>
    </p>
   </div>
   <div class='ocr_carea' id='block_1_22' title="bbox 407 2251 3724 2324">
    <p class='ocr_par' dir='ltr' id='par_1_22' title="bbox 407 2251 3724 2324">
     <span class='ocr_line' id='line_1_22' title="bbox 407 2251 3724 2324; baseline -0.004 -6"><span class='ocrx_word' id='word_1_260' title='bbox 407 2258 612 2320; x_wconf 74' lang='lat' dir='ltr'><strong>fatetur</strong></span> <span class='ocrx_word' id='word_1_261' title='bbox 643 2264 714 2319; x_wconf 91' lang='lat' dir='ltr'><strong>ita</strong></span> <span class='ocrx_word' id='word_1_262' title='bbox 745 2265 981 2320; x_wconf 88' lang='lat' dir='ltr'><strong>sensisse</strong></span> <span class='ocrx_word' id='word_1_263' title='bbox 1009 2261 1134 2318; x_wconf 89' lang='lat' dir='ltr'><strong>dum</strong></span> <span class='ocrx_word' id='word_1_264' title='bbox 1163 2263 1214 2316; x_wconf 92' lang='lat' dir='ltr'><strong>in</strong></span> <span class='ocrx_word' id='word_1_265' title='bbox 1245 2259 1480 2315; x_wconf 89' lang='lat' dir='ltr'><strong>Ecclesia</strong></span> <span class='ocrx_word' id='word_1_266' title='bbox 1511 2266 1856 2314; x_wconf 81' lang='lat' dir='ltr'><strong>versaretur:</strong></span> <span class='ocrx_word' id='word_1_267' title='bbox 1897 2274 1914 2307; x_wconf 79' lang='grc' dir='ltr'><strong>ι</strong></span> <span class='ocrx_word' id='word_1_268' title='bbox 1953 2255 2066 2309; x_wconf 87' lang='lat' dir='ltr'><strong>Erit</strong></span> <span class='ocrx_word' id='word_1_269' title='bbox 2091 2255 2245 2324; x_wconf 87' lang='lat' dir='ltr'><strong>igitur</strong></span> <span class='ocrx_word' id='word_1_270' title='bbox 2274 2263 2326 2308; x_wconf 92' lang='lat' dir='ltr'><strong>et</strong></span> <span class='ocrx_word' id='word_1_271' title='bbox 2352 2253 2436 2308; x_wconf 93' lang='lat' dir='ltr'><strong>hic</strong></span> <span class='ocrx_word' id='word_1_272' title='bbox 2465 2251 2724 2308; x_wconf 88' lang='lat' dir='ltr'><strong>adversus</strong></span> <span class='ocrx_word' id='word_1_273' title='bbox 2755 2251 3043 2324; x_wconf 87' lang='lat' dir='ltr'><strong>Psychicos</strong></span> <span class='ocrx_word' id='word_1_274' title='bbox 3071 2253 3282 2316; x_wconf 88' lang='lat' dir='ltr'><strong>titulus,</strong></span> <span class='ocrx_word' id='word_1_275' title='bbox 3315 2253 3486 2323; x_wconf 90' lang='lat' dir='ltr'><strong>inquit</strong></span> <span class='ocrx_word' id='word_1_276' title='bbox 3513 2268 3631 2324; x_wconf 88' lang='lat' dir='ltr'><strong>cap.</strong></span> <span class='ocrx_word' id='word_1_277' title='bbox 3655 2252 3724 2321; x_wconf 74' lang='lat'><strong>2,</strong></span> 
     </span>
    </p>
   </div>
   <div class='ocr_carea' id='block_1_23' title="bbox 411 2345 3718 2426">
    <p class='ocr_par' dir='ltr' id='par_1_23' title="bbox 411 2345 3718 2426">
     <span class='ocr_line' id='line_1_23' title="bbox 411 2345 3718 2426; baseline -0.002 -16"><span class='ocrx_word' id='word_1_278' title='bbox 411 2356 673 2412; x_wconf 86' lang='lat' dir='ltr'><strong>adversus</strong></span> <span class='ocrx_word' id='word_1_279' title='bbox 710 2372 843 2412; x_wconf 71' lang='lat' dir='ltr'><strong>meae</strong></span> <span class='ocrx_word' id='word_1_280' title='bbox 872 2370 1084 2426; x_wconf 90' lang='lat' dir='ltr'><strong>quoque</strong></span> <span class='ocrx_word' id='word_1_281' title='bbox 1111 2353 1389 2410; x_wconf 70' lang='lat' dir='ltr'><strong>sententia:</strong></span> <span class='ocrx_word' id='word_1_282' title='bbox 1415 2361 1560 2407; x_wconf 91' lang='lat' dir='ltr'><strong>retro</strong></span> <span class='ocrx_word' id='word_1_283' title='bbox 1589 2364 1754 2420; x_wconf 88' lang='lat' dir='ltr'><strong>penes</strong></span> <span class='ocrx_word' id='word_1_284' title='bbox 1791 2349 1911 2403; x_wconf 88' lang='lat' dir='ltr'><strong>illos</strong></span> <span class='ocrx_word' id='word_1_285' title='bbox 1941 2349 2251 2403; x_wconf 91' lang='lat' dir='ltr'><strong>societatem</strong></span> <span class='ocrx_word' id='word_1_286' title='bbox 2277 2387 2290 2412; x_wconf 92' lang='lat'><strong>,</strong></span> <span class='ocrx_word' id='word_1_287' title='bbox 2321 2362 2428 2417; x_wconf 92' lang='lat' dir='ltr'><strong>quo</strong></span> <span class='ocrx_word' id='word_1_288' title='bbox 2457 2345 2623 2417; x_wconf 88' lang='lat' dir='ltr'><strong>magis</strong></span> <span class='ocrx_word' id='word_1_289' title='bbox 2653 2346 2756 2400; x_wconf 88' lang='lat' dir='ltr'><strong>huc</strong></span> <span class='ocrx_word' id='word_1_290' title='bbox 2783 2346 2915 2402; x_wconf 89' lang='lat' dir='ltr'><strong>mihi</strong></span> <span class='ocrx_word' id='word_1_291' title='bbox 2947 2346 2998 2400; x_wconf 91' lang='lat' dir='ltr'><strong>in</strong></span> <span class='ocrx_word' id='word_1_292' title='bbox 3045 2356 3223 2400; x_wconf 89' lang='lat' dir='ltr'><strong>notam</strong></span> <span class='ocrx_word' id='word_1_293' title='bbox 3269 2347 3501 2402; x_wconf 80' lang='lat' dir='ltr'><strong>levitatis</strong></span> <span class='ocrx_word' id='word_1_294' title='bbox 3533 2347 3718 2415; x_wconf 85' lang='lat' dir='ltr'><strong>objec-</strong></span> 
     </span>
    </p>
   </div>
   <div class='ocr_carea' id='block_1_24' title="bbox 408 2440 3728 2518">
    <p class='ocr_par' dir='ltr' id='par_1_24' title="bbox 408 2440 3728 2518">
     <span class='ocr_line' id='line_1_24' title="bbox 408 2440 3728 2518; baseline -0.002 -14"><span class='ocrx_word' id='word_1_295' title='bbox 408 2458 542 2504; x_wconf 90' lang='lat' dir='ltr'><strong>tent.</strong></span> <span class='ocrx_word' id='word_1_296' title='bbox 583 2468 599 2500; x_wconf 76' lang='grc' dir='ltr'><strong>ι</strong></span> <span class='ocrx_word' id='word_1_297' title='bbox 636 2449 789 2517; x_wconf 86' lang='lat' dir='ltr'><strong>Quod</strong></span> <span class='ocrx_word' id='word_1_298' title='bbox 809 2458 988 2503; x_wconf 90' lang='lat' dir='ltr'><strong>autem</strong></span> <span class='ocrx_word' id='word_1_299' title='bbox 1015 2445 1216 2518; x_wconf 90' lang='lat' dir='ltr'><strong>opinati</strong></span> <span class='ocrx_word' id='word_1_300' title='bbox 1238 2453 1364 2501; x_wconf 92' lang='lat' dir='ltr'><strong>sunt</strong></span> <span class='ocrx_word' id='word_1_301' title='bbox 1389 2443 1586 2500; x_wconf 90' lang='lat' dir='ltr'><strong>eruditi</strong></span> <span class='ocrx_word' id='word_1_302' title='bbox 1619 2443 1715 2498; x_wconf 88' lang='lat' dir='ltr'><strong>viri</strong></span> <span class='ocrx_word' id='word_1_303' title='bbox 1747 2456 1936 2498; x_wconf 90' lang='lat' dir='ltr'><strong>severo</strong></span> <span class='ocrx_word' id='word_1_304' title='bbox 1965 2441 2055 2495; x_wconf 91' lang='lat' dir='ltr'><strong>illo</strong></span> <span class='ocrx_word' id='word_1_305' title='bbox 2085 2440 2301 2496; x_wconf 88' lang='lat' dir='ltr'><strong>decreto</strong></span> <span class='ocrx_word' id='word_1_306' title='bbox 2336 2440 2478 2511; x_wconf 88' lang='lat' dir='ltr'><strong>quod</strong></span> <span class='ocrx_word' id='word_1_307' title='bbox 2533 2450 2924 2497; x_wconf 89' lang='lat' dir='ltr'><strong>commemorat</strong></span> <span class='ocrx_word' id='word_1_308' title='bbox 2958 2441 3286 2511; x_wconf 85' lang='lat' dir='ltr'><strong>Cyprianus,</strong></span> <span class='ocrx_word' id='word_1_309' title='bbox 3324 2441 3627 2497; x_wconf 88' lang='lat' dir='ltr'><strong>idololatras</strong></span> <span class='ocrx_word' id='word_1_310' title='bbox 3670 2453 3728 2498; x_wconf 90' lang='lat' dir='ltr'><strong>et</strong></span> 
     </span>
    </p>
   </div>
   <div class='ocr_carea' id='block_1_25' title="bbox 411 2535 3725 2610">
    <p class='ocr_par' dir='ltr' id='par_1_25' title="bbox 411 2535 3725 2610">
     <span class='ocr_line' id='line_1_25' title="bbox 411 2535 3725 2610; baseline -0.001 -17"><span class='ocrx_word' id='word_1_311' title='bbox 411 2539 748 2608; x_wconf 88' lang='lat' dir='ltr'><strong>homicidas,</strong></span> <span class='ocrx_word' id='word_1_312' title='bbox 791 2556 1015 2610; x_wconf 90' lang='lat' dir='ltr'><strong>quorum</strong></span> <span class='ocrx_word' id='word_1_313' title='bbox 1058 2539 1235 2596; x_wconf 89' lang='lat' dir='ltr'><strong>scelus</strong></span> <span class='ocrx_word' id='word_1_314' title='bbox 1264 2537 1526 2595; x_wconf 90' lang='lat' dir='ltr'><strong>adulterio</strong></span> <span class='ocrx_word' id='word_1_315' title='bbox 1563 2539 1777 2609; x_wconf 79' lang='lat' dir='ltr'><strong>gravius</strong></span> <span class='ocrx_word' id='word_1_316' title='bbox 1815 2548 1927 2604; x_wconf 89' lang='lat' dir='ltr'><strong>cst,</strong></span> <span class='ocrx_word' id='word_1_317' title='bbox 1970 2539 2392 2609; x_wconf 87' lang='lat' dir='ltr'><strong>comprehensos</strong></span> <span class='ocrx_word' id='word_1_318' title='bbox 2436 2538 2632 2603; x_wconf 90' lang='lat' dir='ltr'><strong>fuisse,</strong></span> <span class='ocrx_word' id='word_1_319' title='bbox 2684 2552 2790 2592; x_wconf 93' lang='lat' dir='ltr'><strong>non</strong></span> <span class='ocrx_word' id='word_1_320' title='bbox 2835 2536 2990 2592; x_wconf 85' lang='lat' dir='ltr'><strong>valde</strong></span> <span class='ocrx_word' id='word_1_321' title='bbox 3031 2537 3320 2606; x_wconf 84' lang='lat' dir='ltr'><strong>probabilis</strong></span> <span class='ocrx_word' id='word_1_322' title='bbox 3359 2536 3568 2592; x_wconf 85' lang='lat' dir='ltr'><strong>videtur</strong></span> <span class='ocrx_word' id='word_1_323' title='bbox 3611 2535 3725 2593; x_wconf 66' lang='lat' dir='ltr'><strong>hme</strong></span> 
     </span>
    </p>
   </div>
   <div class='ocr_carea' id='block_1_26' title="bbox 407 2631 3724 2703">
    <p class='ocr_par' dir='ltr' id='par_1_26' title="bbox 407 2631 3724 2703">
     <span class='ocr_line' id='line_1_26' title="bbox 407 2631 3724 2703; baseline -0 -15"><span class='ocrx_word' id='word_1_324' title='bbox 407 2634 740 2703; x_wconf 88' lang='lat' dir='ltr'><strong>conjectura.</strong></span> <span class='ocrx_word' id='word_1_325' title='bbox 786 2631 929 2688; x_wconf 88' lang='lat' dir='ltr'><strong>Fieri</strong></span> <span class='ocrx_word' id='word_1_326' title='bbox 969 2632 1124 2688; x_wconf 91' lang='lat' dir='ltr'><strong>enim</strong></span> <span class='ocrx_word' id='word_1_327' title='bbox 1160 2632 1333 2703; x_wconf 92' lang='lat' dir='ltr'><strong>potuit</strong></span> <span class='ocrx_word' id='word_1_328' title='bbox 1363 2641 1414 2688; x_wconf 84' lang='lat' dir='ltr'><strong>ul</strong></span> <span class='ocrx_word' id='word_1_329' title='bbox 1463 2632 1683 2687; x_wconf 88' lang='lat' dir='ltr'><strong>nimiam</strong></span> <span class='ocrx_word' id='word_1_330' title='bbox 1727 2631 1976 2688; x_wconf 89' lang='lat' dir='ltr'><strong>adulterii</strong></span> <span class='ocrx_word' id='word_1_331' title='bbox 2025 2632 2294 2688; x_wconf 86' lang='lat' dir='ltr'><strong>licentiam</strong></span> <span class='ocrx_word' id='word_1_332' title='bbox 2328 2631 2598 2687; x_wconf 89' lang='lat' dir='ltr'><strong>nonnullis</strong></span> <span class='ocrx_word' id='word_1_333' title='bbox 2644 2633 2694 2687; x_wconf 91' lang='lat' dir='ltr'><strong>in</strong></span> <span class='ocrx_word' id='word_1_334' title='bbox 2731 2633 2860 2686; x_wconf 91' lang='lat' dir='ltr'><strong>locis</strong></span> <span class='ocrx_word' id='word_1_335' title='bbox 2905 2631 3142 2701; x_wconf 90' lang='lat' dir='ltr'><strong>episcopi</strong></span> <span class='ocrx_word' id='word_1_336' title='bbox 3173 2632 3508 2701; x_wconf 79' lang='lat' dir='ltr'><strong>gravioribus</strong></span> <span class='ocrx_word' id='word_1_337' title='bbox 3552 2632 3724 2702; x_wconf 69' lang='lat' dir='ltr'><strong>pretiis</strong></span> 
     </span>
    </p>
   </div>
   <div class='ocr_carea' id='block_1_27' title="bbox 414 2723 3724 2798">
    <p class='ocr_par' dir='ltr' id='par_1_27' title="bbox 414 2723 3724 2798">
     <span class='ocr_line' id='line_1_27' title="bbox 414 2723 3724 2798; baseline -0.001 -18"><span class='ocrx_word' id='word_1_338' title='bbox 414 2728 807 2784; x_wconf 65' lang='lat' dir='ltr'><strong>refrtcnandam</strong></span> <span class='ocrx_word' id='word_1_339' title='bbox 835 2726 1171 2798; x_wconf 71' lang='lat' dir='ltr'><strong>iudicarent,</strong></span> <span class='ocrx_word' id='word_1_340' title='bbox 1215 2742 1316 2782; x_wconf 90' lang='lat' dir='ltr'><strong>nec</strong></span> <span class='ocrx_word' id='word_1_341' title='bbox 1371 2734 1550 2782; x_wconf 90' lang='lat' dir='ltr'><strong>tamen</strong></span> <span class='ocrx_word' id='word_1_342' title='bbox 1585 2727 1653 2782; x_wconf 90' lang='lat' dir='ltr'><strong>de</strong></span> <span class='ocrx_word' id='word_1_343' title='bbox 1686 2725 1982 2781; x_wconf 87' lang='lat' dir='ltr'><strong>idololatria</strong></span> <span class='ocrx_word' id='word_1_344' title='bbox 2021 2736 2075 2780; x_wconf 93' lang='lat' dir='ltr'><strong>et</strong></span> <span class='ocrx_word' id='word_1_345' title='bbox 2104 2725 2390 2781; x_wconf 81' lang='lat' dir='ltr'><strong>homicidio</strong></span> <span class='ocrx_word' id='word_1_346' title='bbox 2420 2725 2560 2781; x_wconf 88' lang='lat' dir='ltr'><strong>idem</strong></span> <span class='ocrx_word' id='word_1_347' title='bbox 2592 2733 2931 2790; x_wconf 87' lang='lat' dir='ltr'><strong>statuerent,</strong></span> <span class='ocrx_word' id='word_1_348' title='bbox 2959 2739 3079 2778; x_wconf 92' lang='lat' dir='ltr'><strong>eum</strong></span> <span class='ocrx_word' id='word_1_349' title='bbox 3112 2725 3408 2793; x_wconf 69' lang='lat' dir='ltr'><strong>pmsertim</strong></span> <span class='ocrx_word' id='word_1_350' title='bbox 3432 2723 3724 2779; x_wconf 87' lang='lat' dir='ltr'><strong>cavendum</strong></span> 
     </span>
    </p>
   </div>
   <div class='ocr_carea' id='block_1_28' title="bbox 415 2811 3722 2886">
    <p class='ocr_par' dir='ltr' id='par_1_28' title="bbox 415 2811 3722 2886">
     <span class='ocr_line' id='line_1_28' title="bbox 415 2811 3722 2886; baseline -0.002 -8"><span class='ocrx_word' id='word_1_351' title='bbox 415 2831 568 2878; x_wconf 89' lang='lat' dir='ltr'><strong>esset</strong></span> <span class='ocrx_word' id='word_1_352' title='bbox 607 2837 674 2875; x_wconf 91' lang='lat' dir='ltr'><strong>uc</strong></span> <span class='ocrx_word' id='word_1_353' title='bbox 724 2820 1168 2876; x_wconf 82' lang='lat' dir='ltr'><strong>Montanistarum</strong></span> <span class='ocrx_word' id='word_1_354' title='bbox 1201 2821 1444 2875; x_wconf 87' lang='lat' dir='ltr'><strong>instituta</strong></span> <span class='ocrx_word' id='word_1_355' title='bbox 1489 2819 1541 2874; x_wconf 91' lang='lat' dir='ltr'><strong>in</strong></span> <span class='ocrx_word' id='word_1_356' title='bbox 1586 2818 1882 2874; x_wconf 88' lang='lat' dir='ltr'><strong>Ecclesiam</strong></span> <span class='ocrx_word' id='word_1_357' title='bbox 1929 2818 2109 2874; x_wconf 89' lang='lat' dir='ltr'><strong>induci</strong></span> <span class='ocrx_word' id='word_1_358' title='bbox 2142 2811 2476 2874; x_wconf 80' lang='lat' dir='ltr'><strong>viderentur.</strong></span> <span class='ocrx_word' id='word_1_359' title='bbox 2509 2817 2628 2886; x_wconf 91' lang='lat' dir='ltr'><strong>Quo</strong></span> <span class='ocrx_word' id='word_1_360' title='bbox 2671 2825 2849 2872; x_wconf 91' lang='lat' dir='ltr'><strong>autem</strong></span> <span class='ocrx_word' id='word_1_361' title='bbox 2891 2817 3016 2870; x_wconf 91' lang='lat' dir='ltr'><strong>odio</strong></span> <span class='ocrx_word' id='word_1_362' title='bbox 3060 2816 3318 2886; x_wconf 88' lang='lat' dir='ltr'><strong>flagrabat</strong></span> <span class='ocrx_word' id='word_1_363' title='bbox 3365 2815 3504 2885; x_wconf 91' lang='lat' dir='ltr'><strong>apud</strong></span> <span class='ocrx_word' id='word_1_364' title='bbox 3535 2831 3722 2872; x_wconf 88' lang='lat' dir='ltr'><strong>omnes</strong></span> 
     </span>
    </p>
   </div>
   <div class='ocr_carea' id='block_1_29' title="bbox 418 2909 3722 2986">
    <p class='ocr_par' dir='ltr' id='par_1_29' title="bbox 418 2909 3722 2986">
     <span class='ocr_line' id='line_1_29' title="bbox 418 2909 3722 2986; baseline -0.003 -14"><span class='ocrx_word' id='word_1_365' title='bbox 418 2917 578 2986; x_wconf 86' lang='lat' dir='ltr'><strong>hujus</strong></span> <span class='ocrx_word' id='word_1_366' title='bbox 605 2915 832 2972; x_wconf 85' lang='lat' dir='ltr'><strong>haeresis</strong></span> <span class='ocrx_word' id='word_1_367' title='bbox 870 2917 1165 2982; x_wconf 87' lang='lat' dir='ltr'><strong>severitas,</strong></span> <span class='ocrx_word' id='word_1_368' title='bbox 1194 2915 1388 2985; x_wconf 86' lang='lat' dir='ltr'><strong>conjici</strong></span> <span class='ocrx_word' id='word_1_369' title='bbox 1414 2924 1596 2984; x_wconf 89' lang='lat' dir='ltr'><strong>posset</strong></span> <span class='ocrx_word' id='word_1_370' title='bbox 1617 2914 1897 2983; x_wconf 86' lang='lat' dir='ltr'><strong>episcopos</strong></span> <span class='ocrx_word' id='word_1_371' title='bbox 1920 2913 2022 2968; x_wconf 91' lang='lat' dir='ltr'><strong>hoc</strong></span> <span class='ocrx_word' id='word_1_372' title='bbox 2050 2915 2240 2968; x_wconf 89' lang='lat' dir='ltr'><strong>saltem</strong></span> <span class='ocrx_word' id='word_1_373' title='bbox 2265 2912 2438 2967; x_wconf 87' lang='lat' dir='ltr'><strong>solatii</strong></span> <span class='ocrx_word' id='word_1_374' title='bbox 2465 2911 2726 2966; x_wconf 84' lang='lat' dir='ltr'><strong>adulteris</strong></span> <span class='ocrx_word' id='word_1_375' title='bbox 2754 2909 3140 2980; x_wconf 68' lang='lat' dir='ltr'><strong>paenitentibus</strong></span> <span class='ocrx_word' id='word_1_376' title='bbox 3183 2909 3499 2980; x_wconf 80' lang='lat' dir='ltr'><strong>reliquisse,</strong></span> <span class='ocrx_word' id='word_1_377' title='bbox 3533 2919 3588 2964; x_wconf 91' lang='lat' dir='ltr'><strong>ut</strong></span> <span class='ocrx_word' id='word_1_378' title='bbox 3626 2923 3722 2980; x_wconf 90' lang='lat' dir='ltr'><strong>pa-</strong></span> 
     </span>
    </p>
   </div>
   <div class='ocr_carea' id='block_1_30' title="bbox 409 3003 3722 3078">
    <p class='ocr_par' dir='ltr' id='par_1_30' title="bbox 409 3003 3722 3078">
     <span class='ocr_line' id='line_1_30' title="bbox 409 3003 3722 3078; baseline -0.002 -12"><span class='ocrx_word' id='word_1_379' title='bbox 409 3024 527 3066; x_wconf 90' lang='lat' dir='ltr'><strong>cem</strong></span> <span class='ocrx_word' id='word_1_380' title='bbox 560 3009 611 3064; x_wconf 93' lang='lat' dir='ltr'><strong>in</strong></span> <span class='ocrx_word' id='word_1_381' title='bbox 638 3007 864 3065; x_wconf 87' lang='lat' dir='ltr'><strong>articulo</strong></span> <span class='ocrx_word' id='word_1_382' title='bbox 891 3009 1080 3064; x_wconf 91' lang='lat' dir='ltr'><strong>mortis</strong></span> <span class='ocrx_word' id='word_1_383' title='bbox 1115 3009 1440 3076; x_wconf 88' lang='lat' dir='ltr'><strong>acciperent.</strong></span> <span class='ocrx_word' id='word_1_384' title='bbox 1472 3006 1576 3062; x_wconf 89' lang='lat' dir='ltr'><strong>Sed</strong></span> <span class='ocrx_word' id='word_1_385' title='bbox 1604 3005 1719 3060; x_wconf 76' lang='lat' dir='ltr'><strong>hzec</strong></span> <span class='ocrx_word' id='word_1_386' title='bbox 1747 3005 2001 3078; x_wconf 86' lang='lat' dir='ltr'><strong>Cypriani</strong></span> <span class='ocrx_word' id='word_1_387' title='bbox 2026 3007 2218 3070; x_wconf 89' lang='lat' dir='ltr'><strong>verba,</strong></span> <span class='ocrx_word' id='word_1_388' title='bbox 2254 3025 2273 3057; x_wconf 68' lang='grc' dir='ltr'><em>ς</em></span> <span class='ocrx_word' id='word_1_389' title='bbox 2310 3014 2364 3061; x_wconf 91' lang='lat' dir='ltr'><strong>et</strong></span> <span class='ocrx_word' id='word_1_390' title='bbox 2406 3006 2458 3060; x_wconf 94' lang='lat' dir='ltr'><strong>in</strong></span> <span class='ocrx_word' id='word_1_391' title='bbox 2488 3013 2656 3059; x_wconf 91' lang='lat' dir='ltr'><strong>totum</strong></span> <span class='ocrx_word' id='word_1_392' title='bbox 2690 3005 3017 3073; x_wconf 80' lang='lat' dir='ltr'><strong>poenitentia:</strong></span> <span class='ocrx_word' id='word_1_393' title='bbox 3045 3003 3220 3059; x_wconf 90' lang='lat' dir='ltr'><strong>locum</strong></span> <span class='ocrx_word' id='word_1_394' title='bbox 3253 3013 3437 3059; x_wconf 91' lang='lat' dir='ltr'><strong>contra</strong></span> <span class='ocrx_word' id='word_1_395' title='bbox 3462 3003 3722 3059; x_wconf 87' lang='lat' dir='ltr'><strong>adulteria</strong></span> 
     </span>
    </p>
   </div>
   <div class='ocr_carea' id='block_1_31' title="bbox 414 3097 2013 3175">
    <p class='ocr_par' dir='ltr' id='par_1_31' title="bbox 414 3100 1998 3175">
     <span class='ocr_line' id='line_1_31' title="bbox 414 3100 1998 3175; baseline -0.003 -17"><span class='ocrx_word' id='word_1_396' title='bbox 414 3105 766 3169; x_wconf 90' lang='lat' dir='ltr'><strong>clauserunt,</strong></span> <span class='ocrx_word' id='word_1_397' title='bbox 806 3123 824 3156; x_wconf 77' lang='grc' dir='ltr'><strong>ι</strong></span> <span class='ocrx_word' id='word_1_398' title='bbox 856 3112 913 3157; x_wconf 86' lang='grc' dir='ltr'><strong>ιιι</strong></span> <span class='ocrx_word' id='word_1_399' title='bbox 939 3103 1341 3175; x_wconf 75' lang='grc' dir='ltr'>ρωιιίιθιιιίιιιιι,</span> <span class='ocrx_word' id='word_1_400' title='bbox 1375 3101 1446 3156; x_wconf 90' lang='lat' dir='ltr'><strong>ita</strong></span> <span class='ocrx_word' id='word_1_401' title='bbox 1473 3101 1634 3157; x_wconf 81' lang='lat' dir='ltr'><strong>etiam</strong></span> <span class='ocrx_word' id='word_1_402' title='bbox 1663 3115 1814 3170; x_wconf 92' lang='lat' dir='ltr'><strong>spem</strong></span> <span class='ocrx_word' id='word_1_403' title='bbox 1852 3100 1998 3170; x_wconf 87' lang='lat' dir='ltr'><strong>pacis</strong></span> 
     </span>
    </p>
   </div>
   <div class='ocr_carea' id='block_1_32' title="bbox 2122 3097 3721 3175">
    <p class='ocr_par' dir='ltr' id='par_1_32' title="bbox 2122 3097 3721 3171">
     <span class='ocr_line' id='line_1_32' title="bbox 2122 3097 3721 3171; baseline 0.001 -16"><span class='ocrx_word' id='word_1_404' title='bbox 2122 3100 2242 3155; x_wconf 89' lang='lat' dir='ltr'><strong>nino</strong></span> <span class='ocrx_word' id='word_1_405' title='bbox 2269 3100 2587 3171; x_wconf 88' lang='lat' dir='ltr'><strong>praeclusam</strong></span> <span class='ocrx_word' id='word_1_406' title='bbox 2616 3099 2781 3154; x_wconf 90' lang='lat' dir='ltr'><strong>fuisse</strong></span> <span class='ocrx_word' id='word_1_407' title='bbox 2809 3098 3068 3155; x_wconf 88' lang='lat' dir='ltr'><strong>indicant.</strong></span> <span class='ocrx_word' id='word_1_408' title='bbox 3101 3097 3210 3154; x_wconf 92' lang='lat' dir='ltr'><strong>Cur</strong></span> <span class='ocrx_word' id='word_1_409' title='bbox 3237 3099 3383 3154; x_wconf 91' lang='lat' dir='ltr'><strong>enim</strong></span> <span class='ocrx_word' id='word_1_410' title='bbox 3412 3099 3721 3170; x_wconf 73' lang='lat' dir='ltr'><strong>pteuitentia</strong></span> 
     </span>
    </p>
   </div>
   <div class='ocr_carea' id='block_1_33' title="bbox 418 3192 3713 3266">
    <p class='ocr_par' dir='ltr' id='par_1_33' title="bbox 418 3192 3713 3266">
     <span class='ocr_line' id='line_1_33' title="bbox 418 3192 3713 3266; baseline 0 -16"><span class='ocrx_word' id='word_1_411' title='bbox 418 3195 487 3250; x_wconf 89' lang='lat' dir='ltr'><strong>iis</strong></span> <span class='ocrx_word' id='word_1_412' title='bbox 519 3195 766 3266; x_wconf 91' lang='lat' dir='ltr'><strong>imposita</strong></span> <span class='ocrx_word' id='word_1_413' title='bbox 812 3211 918 3250; x_wconf 91' lang='lat' dir='ltr'><strong>non</strong></span> <span class='ocrx_word' id='word_1_414' title='bbox 963 3195 1154 3252; x_wconf 86' lang='lat' dir='ltr'><strong>fuisset</strong></span> <span class='ocrx_word' id='word_1_415' title='bbox 1202 3195 1395 3266; x_wconf 89' lang='lat' dir='ltr'><strong>quibus</strong></span> <span class='ocrx_word' id='word_1_416' title='bbox 1447 3203 1570 3264; x_wconf 91' lang='lat' dir='ltr'><strong>post</strong></span> <span class='ocrx_word' id='word_1_417' title='bbox 1609 3209 1809 3247; x_wconf 90' lang='lat' dir='ltr'><strong>annum</strong></span> <span class='ocrx_word' id='word_1_418' title='bbox 1843 3202 1935 3248; x_wconf 90' lang='lat' dir='ltr'><strong>aut</strong></span> <span class='ocrx_word' id='word_1_419' title='bbox 1965 3193 2103 3250; x_wconf 89' lang='lat' dir='ltr'><strong>forte</strong></span> <span class='ocrx_word' id='word_1_420' title='bbox 2131 3195 2293 3250; x_wconf 90' lang='lat' dir='ltr'><strong>etiam</strong></span> <span class='ocrx_word' id='word_1_421' title='bbox 2320 3194 2477 3249; x_wconf 91' lang='lat' dir='ltr'><strong>citius</strong></span> <span class='ocrx_word' id='word_1_422' title='bbox 2519 3192 2692 3249; x_wconf 89' lang='lat' dir='ltr'><strong>danda</strong></span> <span class='ocrx_word' id='word_1_423' title='bbox 2731 3208 2831 3264; x_wconf 91' lang='lat' dir='ltr'><strong>pax</strong></span> <span class='ocrx_word' id='word_1_424' title='bbox 2859 3203 3006 3261; x_wconf 89' lang='lat' dir='ltr'><strong>erat,</strong></span> <span class='ocrx_word' id='word_1_425' title='bbox 3038 3193 3084 3249; x_wconf 90' lang='lat' dir='ltr'><strong>si</strong></span> <span class='ocrx_word' id='word_1_426' title='bbox 3115 3194 3168 3248; x_wconf 91' lang='lat' dir='ltr'><strong>in</strong></span> <span class='ocrx_word' id='word_1_427' title='bbox 3201 3194 3389 3249; x_wconf 91' lang='lat' dir='ltr'><strong>mortis</strong></span> <span class='ocrx_word' id='word_1_428' title='bbox 3421 3194 3713 3264; x_wconf 88' lang='lat' dir='ltr'><strong>periculum</strong></span> 
     </span>
    </p>
   </div>
   <div class='ocr_carea' id='block_1_34' title="bbox 422 3289 3722 3366">
    <p class='ocr_par' dir='ltr' id='par_1_34' title="bbox 422 3289 3722 3366">
     <span class='ocr_line' id='line_1_34' title="bbox 422 3289 3722 3366; baseline -0.001 -17"><span class='ocrx_word' id='word_1_429' title='bbox 422 3294 756 3361; x_wconf 91' lang='lat' dir='ltr'><strong>ncidissent;</strong></span> <span class='ocrx_word' id='word_1_430' title='bbox 789 3295 1019 3366; x_wconf 90' lang='lat' dir='ltr'><strong>quique,</strong></span> <span class='ocrx_word' id='word_1_431' title='bbox 1052 3293 1096 3350; x_wconf 86' lang='lat' dir='ltr'><strong>si</strong></span> <span class='ocrx_word' id='word_1_432' title='bbox 1141 3310 1172 3350; x_wconf 92' lang='lat' dir='ltr'><strong>e</strong></span> <span class='ocrx_word' id='word_1_433' title='bbox 1197 3294 1386 3350; x_wconf 90' lang='lat' dir='ltr'><strong>morbo</strong></span> <span class='ocrx_word' id='word_1_434' title='bbox 1412 3293 1744 3356; x_wconf 90' lang='lat' dir='ltr'><strong>evasissent,</strong></span> <span class='ocrx_word' id='word_1_435' title='bbox 1775 3306 1960 3362; x_wconf 90' lang='lat' dir='ltr'><strong>pacem</strong></span> <span class='ocrx_word' id='word_1_436' title='bbox 2004 3290 2173 3346; x_wconf 89' lang='lat' dir='ltr'><strong>semel</strong></span> <span class='ocrx_word' id='word_1_437' title='bbox 2216 3299 2490 3361; x_wconf 87' lang='lat' dir='ltr'><strong>acceptam</strong></span> <span class='ocrx_word' id='word_1_438' title='bbox 2534 3290 2792 3345; x_wconf 88' lang='lat' dir='ltr'><strong>retenturi</strong></span> <span class='ocrx_word' id='word_1_439' title='bbox 2823 3298 3010 3353; x_wconf 91' lang='lat' dir='ltr'><strong>erant,</strong></span> <span class='ocrx_word' id='word_1_440' title='bbox 3060 3299 3115 3344; x_wconf 93' lang='lat' dir='ltr'><strong>et</strong></span> <span class='ocrx_word' id='word_1_441' title='bbox 3155 3289 3344 3346; x_wconf 88' lang='lat' dir='ltr'><strong>eodem</strong></span> <span class='ocrx_word' id='word_1_442' title='bbox 3392 3290 3515 3360; x_wconf 87' lang='lat' dir='ltr'><strong>jure</strong></span> <span class='ocrx_word' id='word_1_443' title='bbox 3550 3289 3722 3346; x_wconf 88' lang='lat' dir='ltr'><strong>futuri</strong></span> 
     </span>
    </p>
   </div>
   <div class='ocr_carea' id='block_1_35' title="bbox 405 3378 3714 3459">
    <p class='ocr_par' dir='ltr' id='par_1_35' title="bbox 405 3378 3714 3459">
     <span class='ocr_line' id='line_1_35' title="bbox 405 3378 3714 3459; baseline -0.001 -17"><span class='ocrx_word' id='word_1_444' title='bbox 405 3404 470 3444; x_wconf 91' lang='lat' dir='ltr'><strong>ac</strong></span> <span class='ocrx_word' id='word_1_445' title='bbox 509 3378 597 3444; x_wconf 83' lang='lat' dir='ltr'><strong>alii</strong></span> <span class='ocrx_word' id='word_1_446' title='bbox 632 3387 815 3445; x_wconf 88' lang='lat' dir='ltr'><strong>fideles</strong></span> <span class='ocrx_word' id='word_1_447' title='bbox 836 3388 858 3443; x_wconf 69' lang='grc' dir='ltr'><em>ἲ</em></span> <span class='ocrx_word' id='word_1_448' title='bbox 878 3387 1012 3444; x_wconf 89' lang='lat' dir='ltr'><strong>Nam</strong></span> <span class='ocrx_word' id='word_1_449' title='bbox 1040 3388 1129 3459; x_wconf 90' lang='lat' dir='ltr'><strong>qui</strong></span> <span class='ocrx_word' id='word_1_450' title='bbox 1155 3388 1236 3442; x_wconf 90' lang='lat' dir='ltr'><strong>his</strong></span> <span class='ocrx_word' id='word_1_451' title='bbox 1267 3386 1598 3458; x_wconf 89' lang='lat' dir='ltr'><strong>temporibus</strong></span> <span class='ocrx_word' id='word_1_452' title='bbox 1618 3399 1803 3456; x_wconf 90' lang='lat' dir='ltr'><strong>pacem</strong></span> <span class='ocrx_word' id='word_1_453' title='bbox 1829 3392 2053 3456; x_wconf 82' lang='lat' dir='ltr'><strong>urgente</strong></span> <span class='ocrx_word' id='word_1_454' title='bbox 2091 3385 2333 3454; x_wconf 89' lang='lat' dir='ltr'><strong>periculo</strong></span> <span class='ocrx_word' id='word_1_455' title='bbox 2359 3394 2697 3455; x_wconf 90' lang='lat' dir='ltr'><strong>acceperant,</strong></span> <span class='ocrx_word' id='word_1_456' title='bbox 2742 3384 2843 3440; x_wconf 91' lang='lat' dir='ltr'><strong>hoc</strong></span> <span class='ocrx_word' id='word_1_457' title='bbox 2864 3384 3181 3440; x_wconf 84' lang='lat' dir='ltr'><strong>beneficium</strong></span> <span class='ocrx_word' id='word_1_458' title='bbox 3216 3385 3456 3439; x_wconf 84' lang='lat' dir='ltr'><strong>restituta</strong></span> <span class='ocrx_word' id='word_1_459' title='bbox 3485 3387 3539 3440; x_wconf 91' lang='lat' dir='ltr'><strong>in</strong></span> <span class='ocrx_word' id='word_1_460' title='bbox 3579 3385 3714 3441; x_wconf 77' lang='lat' dir='ltr'><strong>inte-</strong></span> 
     </span>
    </p>
   </div>
   <div class='ocr_carea' id='block_1_36' title="bbox 395 3477 3702 3552">
    <p class='ocr_par' dir='ltr' id='par_1_36' title="bbox 395 3477 3702 3552">
     <span class='ocr_line' id='line_1_36' title="bbox 395 3477 3702 3552; baseline -0.001 -18"><span class='ocrx_word' id='word_1_461' title='bbox 395 3495 550 3552; x_wconf 85' lang='lat' dir='ltr'><strong>grum</strong></span> <span class='ocrx_word' id='word_1_462' title='bbox 579 3481 884 3537; x_wconf 89' lang='lat' dir='ltr'><strong>valetudine</strong></span> <span class='ocrx_word' id='word_1_463' title='bbox 926 3481 1246 3547; x_wconf 86' lang='lat' dir='ltr'><strong>servabant,</strong></span> <span class='ocrx_word' id='word_1_464' title='bbox 1278 3493 1380 3535; x_wconf 88' lang='lat' dir='ltr'><strong>nec</strong></span> <span class='ocrx_word' id='word_1_465' title='bbox 1406 3477 1738 3548; x_wconf 64' lang='lat' dir='ltr'><strong>poenitentiae</strong></span> <span class='ocrx_word' id='word_1_466' title='bbox 1766 3491 1982 3532; x_wconf 86' lang='lat' dir='ltr'><strong>cursum</strong></span> <span class='ocrx_word' id='word_1_467' title='bbox 2024 3477 2242 3546; x_wconf 87' lang='lat' dir='ltr'><strong>explere</strong></span> <span class='ocrx_word' id='word_1_468' title='bbox 2293 3478 2654 3546; x_wconf 76' lang='lat' dir='ltr'><strong>cogebantur,</strong></span> <span class='ocrx_word' id='word_1_469' title='bbox 2707 3487 2764 3531; x_wconf 92' lang='lat' dir='ltr'><strong>ut</strong></span> <span class='ocrx_word' id='word_1_470' title='bbox 2817 3486 2964 3548; x_wconf 88' lang='lat' dir='ltr'><strong>patet</strong></span> <span class='ocrx_word' id='word_1_471' title='bbox 3009 3493 3075 3532; x_wconf 88' lang='lat' dir='ltr'><strong>ex</strong></span> <span class='ocrx_word' id='word_1_472' title='bbox 3111 3477 3366 3549; x_wconf 85' lang='lat' dir='ltr'><strong>Cypriani</strong></span> <span class='ocrx_word' id='word_1_473' title='bbox 3398 3478 3566 3549; x_wconf 88' lang='lat' dir='ltr'><strong>Epist.</strong></span> <span class='ocrx_word' id='word_1_474' title='bbox 3609 3494 3702 3532; x_wconf 80' lang='grc' dir='ltr'>ιιι.</span> 
     </span>
    </p>
   </div>
   <div class='ocr_carea' id='block_1_37' title="bbox 465 3569 3700 3644">
    <p class='ocr_par' dir='ltr' id='par_1_37' title="bbox 465 3569 3700 3644">
     <span class='ocr_line' id='line_1_37' title="bbox 465 3569 3700 3644; baseline -0.001 -14"><span class='ocrx_word' id='word_1_475' title='bbox 465 3573 572 3630; x_wconf 89' lang='lat' dir='ltr'><strong>Sed</strong></span> <span class='ocrx_word' id='word_1_476' title='bbox 601 3574 669 3630; x_wconf 90' lang='lat' dir='ltr'><strong>de</strong></span> <span class='ocrx_word' id='word_1_477' title='bbox 696 3573 973 3629; x_wconf 88' lang='lat' dir='ltr'><strong>adulteriis</strong></span> <span class='ocrx_word' id='word_1_478' title='bbox 998 3572 1223 3644; x_wconf 89' lang='lat' dir='ltr'><strong>aliisque</strong></span> <span class='ocrx_word' id='word_1_479' title='bbox 1247 3569 1578 3643; x_wconf 82' lang='lat' dir='ltr'><strong>gravissimis</strong></span> <span class='ocrx_word' id='word_1_480' title='bbox 1606 3569 1840 3640; x_wconf 91' lang='lat' dir='ltr'><strong>peccatis</strong></span> <span class='ocrx_word' id='word_1_481' title='bbox 1867 3579 1993 3624; x_wconf 89' lang='lat' dir='ltr'><strong>ante</strong></span> <span class='ocrx_word' id='word_1_482' title='bbox 2025 3569 2271 3625; x_wconf 75' lang='lat' dir='ltr'><strong>hazresitn</strong></span> <span class='ocrx_word' id='word_1_483' title='bbox 2313 3569 2784 3637; x_wconf 79' lang='lat' dir='ltr'><strong>Montanistarum,</strong></span> <span class='ocrx_word' id='word_1_484' title='bbox 2814 3585 2878 3626; x_wconf 90' lang='lat' dir='ltr'><strong>ac</strong></span> <span class='ocrx_word' id='word_1_485' title='bbox 2909 3570 2977 3626; x_wconf 92' lang='lat' dir='ltr'><strong>de</strong></span> <span class='ocrx_word' id='word_1_486' title='bbox 3003 3569 3307 3626; x_wconf 82' lang='lat' dir='ltr'><strong>idololatria</strong></span> <span class='ocrx_word' id='word_1_487' title='bbox 3320 3582 3379 3626; x_wconf 90' lang='lat' dir='ltr'><strong>et</strong></span> <span class='ocrx_word' id='word_1_488' title='bbox 3410 3571 3700 3628; x_wconf 91' lang='lat' dir='ltr'><strong>homicidio</strong></span> 
     </span>
    </p>
   </div>
   <div class='ocr_carea' id='block_1_38' title="bbox 395 3660 3716 3736">
    <p class='ocr_par' dir='ltr' id='par_1_38' title="bbox 395 3660 3716 3736">
     <span class='ocr_line' id='line_1_38' title="bbox 395 3660 3716 3736; baseline 0.001 -16"><span class='ocrx_word' id='word_1_489' title='bbox 395 3677 518 3736; x_wconf 83' lang='lat' dir='ltr'><strong>pOSt</strong></span> <span class='ocrx_word' id='word_1_490' title='bbox 542 3665 686 3735; x_wconf 91' lang='lat' dir='ltr'><strong>ipsos</strong></span> <span class='ocrx_word' id='word_1_491' title='bbox 717 3663 1086 3728; x_wconf 80' lang='lat' dir='ltr'><strong>Montanislas,</strong></span> <span class='ocrx_word' id='word_1_492' title='bbox 1121 3661 1302 3717; x_wconf 70' lang='lat' dir='ltr'><strong>multrc</strong></span> <span class='ocrx_word' id='word_1_493' title='bbox 1348 3676 1661 3733; x_wconf 68' lang='lat' dir='ltr'><strong>rnagttwque</strong></span> <span class='ocrx_word' id='word_1_494' title='bbox 1690 3670 1980 3716; x_wconf 90' lang='lat' dir='ltr'><strong>occurrunt</strong></span> <span class='ocrx_word' id='word_1_495' title='bbox 2000 3660 2371 3729; x_wconf 90' lang='lat' dir='ltr'><strong>difficultates,</strong></span> <span class='ocrx_word' id='word_1_496' title='bbox 2402 3678 2522 3734; x_wconf 72' lang='lat' dir='ltr'><strong>qure</strong></span> <span class='ocrx_word' id='word_1_497' title='bbox 2555 3663 2717 3718; x_wconf 89' lang='lat' dir='ltr'><strong>variis</strong></span> <span class='ocrx_word' id='word_1_498' title='bbox 2761 3664 3044 3720; x_wconf 88' lang='lat' dir='ltr'><strong>sententiis</strong></span> <span class='ocrx_word' id='word_1_499' title='bbox 3071 3663 3246 3720; x_wconf 90' lang='lat' dir='ltr'><strong>locum</strong></span> <span class='ocrx_word' id='word_1_500' title='bbox 3271 3665 3557 3723; x_wconf 90' lang='lat' dir='ltr'><strong>dederunt.</strong></span> <span class='ocrx_word' id='word_1_501' title='bbox 3587 3666 3716 3723; x_wconf 82' lang='lat' dir='ltr'><strong>Exi-</strong></span> 
     </span>
    </p>
   </div>
   <div class='ocr_carea' id='block_1_39' title="bbox 396 3747 3723 3831">
    <p class='ocr_par' dir='ltr' id='par_1_39' title="bbox 396 3747 3723 3831">
     <span class='ocr_line' id='line_1_39' title="bbox 396 3747 3723 3831; baseline -0 -14"><span class='ocrx_word' id='word_1_502' title='bbox 396 3760 636 3822; x_wconf 85' lang='lat' dir='ltr'><strong>stimavit</strong></span> <span class='ocrx_word' id='word_1_503' title='bbox 665 3757 910 3814; x_wconf 86' lang='lat' dir='ltr'><strong>Petavius</strong></span> <span class='ocrx_word' id='word_1_504' title='bbox 939 3759 994 3812; x_wconf 93' lang='lat' dir='ltr'><strong>in</strong></span> <span class='ocrx_word' id='word_1_505' title='bbox 1020 3766 1127 3812; x_wconf 83' lang='lat' dir='ltr'><strong>not.</strong></span> <span class='ocrx_word' id='word_1_506' title='bbox 1151 3755 1218 3810; x_wconf 85' lang='lat' dir='ltr'><strong>ad</strong></span> <span class='ocrx_word' id='word_1_507' title='bbox 1253 3754 1519 3826; x_wconf 82' lang='lat' dir='ltr'><strong>Epiphan.</strong></span> <span class='ocrx_word' id='word_1_508' title='bbox 1550 3753 1628 3826; x_wconf 90' lang='lat' dir='ltr'><strong>(p.</strong></span> <span class='ocrx_word' id='word_1_509' title='bbox 1651 3754 1781 3826; x_wconf 73' lang='grc'><strong>251)</strong></span> <span class='ocrx_word' id='word_1_510' title='bbox 1817 3754 2006 3825; x_wconf 89' lang='lat' dir='ltr'><strong>primis</strong></span> <span class='ocrx_word' id='word_1_511' title='bbox 2031 3755 2242 3810; x_wconf 63' lang='lat' dir='ltr'><strong>sarculis</strong></span> <span class='ocrx_word' id='word_1_512' title='bbox 2267 3755 2704 3826; x_wconf 88' lang='lat' dir='ltr'><strong>gravissimorum</strong></span> <span class='ocrx_word' id='word_1_513' title='bbox 2731 3757 3013 3812; x_wconf 90' lang='lat' dir='ltr'><strong>criminum</strong></span> <span class='ocrx_word' id='word_1_514' title='bbox 3046 3747 3168 3813; x_wconf 74' lang='lat' dir='ltr'><strong>reos</strong></span> <span class='ocrx_word' id='word_1_515' title='bbox 3194 3759 3573 3816; x_wconf 87' lang='lat' dir='ltr'><strong>communione</strong></span> <span class='ocrx_word' id='word_1_516' title='bbox 3597 3775 3723 3831; x_wconf 89' lang='lat' dir='ltr'><strong>pro-</strong></span> 
     </span>
    </p>
   </div>
   <div class='ocr_carea' id='block_1_40' title="bbox 402 3847 3716 3922">
    <p class='ocr_par' dir='ltr' id='par_1_40' title="bbox 402 3847 3716 3922">
     <span class='ocr_line' id='line_1_40' title="bbox 402 3847 3716 3922; baseline -0.001 -9"><span class='ocrx_word' id='word_1_517' title='bbox 402 3857 602 3913; x_wconf 87' lang='lat' dir='ltr'><strong>hibitos</strong></span> <span class='ocrx_word' id='word_1_518' title='bbox 628 3853 824 3918; x_wconf 88' lang='lat' dir='ltr'><strong>fuisse,</strong></span> <span class='ocrx_word' id='word_1_519' title='bbox 851 3866 951 3908; x_wconf 93' lang='lat' dir='ltr'><strong>nec</strong></span> <span class='ocrx_word' id='word_1_520' title='bbox 977 3864 1254 3922; x_wconf 89' lang='lat' dir='ltr'><strong>umquam,</strong></span> <span class='ocrx_word' id='word_1_521' title='bbox 1291 3849 1404 3904; x_wconf 88' lang='lat' dir='ltr'><strong>sive</strong></span> <span class='ocrx_word' id='word_1_522' title='bbox 1428 3848 1756 3915; x_wconf 90' lang='lat' dir='ltr'><strong>incolumes,</strong></span> <span class='ocrx_word' id='word_1_523' title='bbox 1787 3847 1900 3903; x_wconf 90' lang='lat' dir='ltr'><strong>sive</strong></span> <span class='ocrx_word' id='word_1_524' title='bbox 1924 3848 2292 3915; x_wconf 90' lang='lat' dir='ltr'><strong>moribundos,</strong></span> <span class='ocrx_word' id='word_1_525' title='bbox 2326 3848 2584 3905; x_wconf 64' lang='lat' dir='ltr'><strong>Ecclesia:</strong></span> <span class='ocrx_word' id='word_1_526' title='bbox 2612 3850 2920 3917; x_wconf 89' lang='lat' dir='ltr'><strong>restitutos;</strong></span> <span class='ocrx_word' id='word_1_527' title='bbox 2943 3861 3108 3922; x_wconf 88' lang='lat' dir='ltr'><strong>atque</strong></span> <span class='ocrx_word' id='word_1_528' title='bbox 3138 3851 3277 3909; x_wconf 90' lang='lat' dir='ltr'><strong>hanc</strong></span> <span class='ocrx_word' id='word_1_529' title='bbox 3316 3855 3716 3911; x_wconf 84' lang='lat' dir='ltr'><strong>severissimatn</strong></span> 
     </span>
    </p>
   </div>
   <div class='ocr_carea' id='block_1_41' title="bbox 405 3939 3716 4020">
    <p class='ocr_par' dir='ltr' id='par_1_41' title="bbox 405 3939 3716 4020">
     <span class='ocr_line' id='line_1_41' title="bbox 405 3939 3716 4020; baseline 0.001 -17"><span class='ocrx_word' id='word_1_530' title='bbox 405 3945 747 4017; x_wconf 87' lang='lat' dir='ltr'><strong>disciplinam</strong></span> <span class='ocrx_word' id='word_1_531' title='bbox 789 3944 890 4000; x_wconf 89' lang='lat' dir='ltr'><strong>sub</strong></span> <span class='ocrx_word' id='word_1_532' title='bbox 929 3942 1313 4015; x_wconf 80' lang='lat' dir='ltr'><strong>Apostolorum</strong></span> <span class='ocrx_word' id='word_1_533' title='bbox 1340 3950 1577 4012; x_wconf 88' lang='lat' dir='ltr'><strong>tempora</strong></span> <span class='ocrx_word' id='word_1_534' title='bbox 1614 3949 1670 3996; x_wconf 87' lang='lat' dir='ltr'><strong>et</strong></span> <span class='ocrx_word' id='word_1_535' title='bbox 1697 3939 1763 3995; x_wconf 92' lang='lat' dir='ltr'><strong>ad</strong></span> <span class='ocrx_word' id='word_1_536' title='bbox 1792 3940 2107 3996; x_wconf 82' lang='lat' dir='ltr'><strong>Tertulliani</strong></span> <span class='ocrx_word' id='word_1_537' title='bbox 2139 3941 2249 3998; x_wconf 90' lang='lat' dir='ltr'><strong>fere</strong></span> <span class='ocrx_word' id='word_1_538' title='bbox 2278 3942 2537 3997; x_wconf 72' lang='lat' dir='ltr'><strong>smculum</strong></span> <span class='ocrx_word' id='word_1_539' title='bbox 2564 3944 2861 4000; x_wconf 90' lang='lat' dir='ltr'><strong>obtinuisse</strong></span> <span class='ocrx_word' id='word_1_540' title='bbox 2881 3985 2896 4009; x_wconf 91' lang='lat'><strong>,</strong></span> <span class='ocrx_word' id='word_1_541' title='bbox 2927 3945 3022 4000; x_wconf 89' lang='lat' dir='ltr'><strong>sed</strong></span> <span class='ocrx_word' id='word_1_542' title='bbox 3050 3961 3080 4000; x_wconf 91' lang='lat' dir='ltr'><strong>a</strong></span> <span class='ocrx_word' id='word_1_543' title='bbox 3112 3945 3408 4017; x_wconf 87' lang='lat' dir='ltr'><strong>Zephirino</strong></span> <span class='ocrx_word' id='word_1_544' title='bbox 3434 3950 3716 4020; x_wconf 78' lang='lat' dir='ltr'><strong>pontifice,</strong></span> 
     </span>
    </p>
   </div>
   <div class='ocr_carea' id='block_1_42' title="bbox 399 4032 3719 4114">
    <p class='ocr_par' dir='ltr' id='par_1_42' title="bbox 399 4032 3719 4114">
     <span class='ocr_line' id='line_1_42' title="bbox 399 4032 3719 4114; baseline -0.001 -15"><span class='ocrx_word' id='word_1_545' title='bbox 399 4042 546 4114; x_wconf 89' lang='lat' dir='ltr'><strong>quod</strong></span> <span class='ocrx_word' id='word_1_546' title='bbox 577 4040 643 4096; x_wconf 92' lang='lat' dir='ltr'><strong>ad</strong></span> <span class='ocrx_word' id='word_1_547' title='bbox 676 4038 960 4096; x_wconf 69' lang='lat' dir='ltr'><strong>mmehiam</strong></span> <span class='ocrx_word' id='word_1_548' title='bbox 985 4044 1231 4108; x_wconf 78' lang='lat' dir='ltr'><strong>Spectat,</strong></span> <span class='ocrx_word' id='word_1_549' title='bbox 1265 4034 1536 4108; x_wconf 89' lang='lat' dir='ltr'><strong>paululum</strong></span> <span class='ocrx_word' id='word_1_550' title='bbox 1567 4033 1896 4100; x_wconf 83' lang='lat' dir='ltr'><strong>relaxatam,</strong></span> <span class='ocrx_word' id='word_1_551' title='bbox 1940 4032 2194 4106; x_wconf 87' lang='lat' dir='ltr'><strong>Cypriani</strong></span> <span class='ocrx_word' id='word_1_552' title='bbox 2230 4036 2564 4106; x_wconf 88' lang='lat' dir='ltr'><strong>temporibus</strong></span> <span class='ocrx_word' id='word_1_553' title='bbox 2594 4035 2826 4106; x_wconf 85' lang='lat' dir='ltr'><strong>majores</strong></span> <span class='ocrx_word' id='word_1_554' title='bbox 2864 4036 2931 4092; x_wconf 91' lang='lat' dir='ltr'><strong>ad</strong></span> <span class='ocrx_word' id='word_1_555' title='bbox 2972 4037 3247 4093; x_wconf 87' lang='lat' dir='ltr'><strong>lenitatem</strong></span> <span class='ocrx_word' id='word_1_556' title='bbox 3274 4054 3593 4112; x_wconf 88' lang='lat' dir='ltr'><strong>progressus</strong></span> <span class='ocrx_word' id='word_1_557' title='bbox 3623 4044 3719 4098; x_wconf 54' lang='grc' dir='ltr'><strong>ιη-</strong></span> 
     </span>
    </p>
   </div>
   <div class='ocr_carea' id='block_1_43' title="bbox 404 4126 3716 4199">
    <p class='ocr_par' dir='ltr' id='par_1_43' title="bbox 404 4126 3716 4199">
     <span class='ocr_line' id='line_1_43' title="bbox 404 4126 3716 4199; baseline -0.001 -6"><span class='ocrx_word' id='word_1_558' title='bbox 404 4137 612 4193; x_wconf 86' lang='lat' dir='ltr'><strong>huisse.</strong></span> <span class='ocrx_word' id='word_1_559' title='bbox 643 4134 880 4191; x_wconf 84' lang='lat' dir='ltr'><strong>Morinus</strong></span> <span class='ocrx_word' id='word_1_560' title='bbox 909 4132 1004 4188; x_wconf 89' lang='lat' dir='ltr'><strong>lib.</strong></span> <span class='ocrx_word' id='word_1_561' title='bbox 1036 4147 1122 4199; x_wconf 78' lang='lat' dir='ltr'><strong>1x,</strong></span> <span class='ocrx_word' id='word_1_562' title='bbox 1153 4131 1218 4185; x_wconf 87' lang='lat' dir='ltr'><strong>de</strong></span> <span class='ocrx_word' id='word_1_563' title='bbox 1239 4129 1456 4196; x_wconf 74' lang='lat' dir='ltr'><strong>Pmnit.,</strong></span> <span class='ocrx_word' id='word_1_564' title='bbox 1498 4143 1618 4199; x_wconf 90' lang='lat' dir='ltr'><strong>cap.</strong></span> <span class='ocrx_word' id='word_1_565' title='bbox 1646 4126 1756 4194; x_wconf 74' lang='lat'><strong>20,</strong></span> <span class='ocrx_word' id='word_1_566' title='bbox 1785 4137 1841 4183; x_wconf 91' lang='lat' dir='ltr'><strong>et</strong></span> <span class='ocrx_word' id='word_1_567' title='bbox 1881 4126 2081 4184; x_wconf 84' lang='lat' dir='ltr'><strong>Natalis</strong></span> <span class='ocrx_word' id='word_1_568' title='bbox 2123 4128 2449 4197; x_wconf 82' lang='lat' dir='ltr'><strong>Alexander,</strong></span> <span class='ocrx_word' id='word_1_569' title='bbox 2491 4130 2693 4184; x_wconf 74' lang='lat' dir='ltr'><strong>dissert.</strong></span> <span class='ocrx_word' id='word_1_570' title='bbox 2747 4145 2818 4184; x_wconf 61' lang='grc' dir='ltr'><strong>ιιι</strong></span> <span class='ocrx_word' id='word_1_571' title='bbox 2860 4131 2915 4184; x_wconf 84' lang='lat' dir='ltr'><strong>in</strong></span> <span class='ocrx_word' id='word_1_572' title='bbox 2961 4128 3101 4185; x_wconf 72' lang='lat' dir='ltr'><strong>Hist.</strong></span> <span class='ocrx_word' id='word_1_573' title='bbox 3152 4147 3208 4186; x_wconf 89' lang='grc' dir='ltr'><strong>ιιι</strong></span> <span class='ocrx_word' id='word_1_574' title='bbox 3257 4147 3401 4196; x_wconf 70' lang='grc' dir='ltr'><strong>ατε..</strong></span> <span class='ocrx_word' id='word_1_575' title='bbox 3461 4133 3516 4188; x_wconf 91' lang='lat' dir='ltr'><strong>in</strong></span> <span class='ocrx_word' id='word_1_576' title='bbox 3560 4132 3716 4189; x_wconf 88' lang='lat' dir='ltr'><strong>aliam</strong></span> 
     </span>
    </p>
   </div>
   <div class='ocr_carea' id='block_1_44' title="bbox 403 4224 3717 4306">
    <p class='ocr_par' dir='ltr' id='par_1_44' title="bbox 403 4224 3717 4306">
     <span class='ocr_line' id='line_1_44' title="bbox 403 4224 3717 4306; baseline -0.002 -17"><span class='ocrx_word' id='word_1_577' title='bbox 403 4247 626 4306; x_wconf 89' lang='lat' dir='ltr'><strong>prorsus</strong></span> <span class='ocrx_word' id='word_1_578' title='bbox 678 4229 996 4287; x_wconf 89' lang='lat' dir='ltr'><strong>sententiam</strong></span> <span class='ocrx_word' id='word_1_579' title='bbox 1044 4229 1194 4284; x_wconf 89' lang='lat' dir='ltr'><strong>ivere</strong></span> <span class='ocrx_word' id='word_1_580' title='bbox 1221 4269 1236 4294; x_wconf 93' lang='lat'><strong>,</strong></span> <span class='ocrx_word' id='word_1_581' title='bbox 1266 4235 1322 4281; x_wconf 89' lang='lat' dir='ltr'><strong>et</strong></span> <span class='ocrx_word' id='word_1_582' title='bbox 1347 4225 1534 4297; x_wconf 91' lang='lat' dir='ltr'><strong>primis</strong></span> <span class='ocrx_word' id='word_1_583' title='bbox 1563 4225 1668 4281; x_wconf 81' lang='lat' dir='ltr'><strong>illis</strong></span> <span class='ocrx_word' id='word_1_584' title='bbox 1697 4225 1912 4280; x_wconf 65' lang='lat' dir='ltr'><strong>saeculis</strong></span> <span class='ocrx_word' id='word_1_585' title='bbox 1950 4240 2135 4296; x_wconf 91' lang='lat' dir='ltr'><strong>pacem</strong></span> <span class='ocrx_word' id='word_1_586' title='bbox 2165 4224 2329 4295; x_wconf 89' lang='lat' dir='ltr'><strong>lapsis</strong></span> <span class='ocrx_word' id='word_1_587' title='bbox 2357 4236 2570 4296; x_wconf 87' lang='lat' dir='ltr'><strong>peracta</strong></span> <span class='ocrx_word' id='word_1_588' title='bbox 2600 4226 2912 4295; x_wconf 87' lang='lat' dir='ltr'><strong>poenitentia</strong></span> <span class='ocrx_word' id='word_1_589' title='bbox 2961 4239 3273 4281; x_wconf 89' lang='lat' dir='ltr'><strong>concessam</strong></span> <span class='ocrx_word' id='word_1_590' title='bbox 3305 4225 3468 4282; x_wconf 90' lang='lat' dir='ltr'><strong>fuisse</strong></span> <span class='ocrx_word' id='word_1_591' title='bbox 3493 4237 3717 4284; x_wconf 89' lang='lat' dir='ltr'><strong>conten-</strong></span> 
     </span>
    </p>
   </div>
   <div class='ocr_carea' id='block_1_45' title="bbox 404 4318 3712 4392">
    <p class='ocr_par' dir='ltr' id='par_1_45' title="bbox 404 4318 3712 4392">
     <span class='ocr_line' id='line_1_45' title="bbox 404 4318 3712 4392; baseline -0.002 -9"><span class='ocrx_word' id='word_1_592' title='bbox 404 4329 570 4392; x_wconf 89' lang='lat' dir='ltr'><strong>dunt,</strong></span> <span class='ocrx_word' id='word_1_593' title='bbox 619 4341 718 4382; x_wconf 92' lang='lat' dir='ltr'><strong>nec</strong></span> <span class='ocrx_word' id='word_1_594' title='bbox 761 4321 1114 4380; x_wconf 89' lang='lat' dir='ltr'><strong>morientibus</strong></span> <span class='ocrx_word' id='word_1_595' title='bbox 1144 4324 1195 4376; x_wconf 92' lang='lat' dir='ltr'><strong>in</strong></span> <span class='ocrx_word' id='word_1_596' title='bbox 1223 4321 1452 4377; x_wconf 90' lang='lat' dir='ltr'><strong>decursu</strong></span> <span class='ocrx_word' id='word_1_597' title='bbox 1484 4318 1813 4390; x_wconf 78' lang='lat' dir='ltr'><strong>poenitentiae</strong></span> <span class='ocrx_word' id='word_1_598' title='bbox 1841 4327 2108 4390; x_wconf 85' lang='lat' dir='ltr'><strong>negatam.</strong></span> <span class='ocrx_word' id='word_1_599' title='bbox 2141 4318 2295 4386; x_wconf 92' lang='lat' dir='ltr'><strong>Quod</strong></span> <span class='ocrx_word' id='word_1_600' title='bbox 2325 4321 2495 4390; x_wconf 84' lang='lat' dir='ltr'><strong>magis</strong></span> <span class='ocrx_word' id='word_1_601' title='bbox 2538 4321 2734 4375; x_wconf 89' lang='lat' dir='ltr'><strong>mirere</strong></span> <span class='ocrx_word' id='word_1_602' title='bbox 2774 4320 2826 4374; x_wconf 93' lang='lat' dir='ltr'><strong>in</strong></span> <span class='ocrx_word' id='word_1_603' title='bbox 2873 4319 2972 4374; x_wconf 93' lang='lat' dir='ltr'><strong>hac</strong></span> <span class='ocrx_word' id='word_1_604' title='bbox 3013 4321 3400 4376; x_wconf 82' lang='lat' dir='ltr'><strong>sententiarum</strong></span> <span class='ocrx_word' id='word_1_605' title='bbox 3426 4321 3712 4392; x_wconf 84' lang='lat' dir='ltr'><strong>varietate,</strong></span> 
     </span>
    </p>
   </div>
   <div class='ocr_carea' id='block_1_46' title="bbox 404 4411 3713 4490">
    <p class='ocr_par' dir='ltr' id='par_1_46' title="bbox 404 4411 3713 4490">
     <span class='ocr_line' id='line_1_46' title="bbox 404 4411 3713 4490; baseline -0.001 -16"><span class='ocrx_word' id='word_1_606' title='bbox 404 4419 668 4490; x_wconf 88' lang='lat' dir='ltr'><strong>insignem</strong></span> <span class='ocrx_word' id='word_1_607' title='bbox 717 4415 1030 4473; x_wconf 88' lang='lat' dir='ltr'><strong>Tertulliani</strong></span> <span class='ocrx_word' id='word_1_608' title='bbox 1078 4414 1286 4481; x_wconf 90' lang='lat' dir='ltr'><strong>locmn,</strong></span> <span class='ocrx_word' id='word_1_609' title='bbox 1315 4412 1407 4484; x_wconf 92' lang='lat' dir='ltr'><strong>qui</strong></span> <span class='ocrx_word' id='word_1_610' title='bbox 1457 4411 1618 4466; x_wconf 90' lang='lat' dir='ltr'><strong>totius</strong></span> <span class='ocrx_word' id='word_1_611' title='bbox 1647 4411 2031 4467; x_wconf 80' lang='lat' dir='ltr'><strong>controversia:</strong></span> <span class='ocrx_word' id='word_1_612' title='bbox 2067 4411 2230 4466; x_wconf 88' lang='lat' dir='ltr'><strong>cardo</strong></span> <span class='ocrx_word' id='word_1_613' title='bbox 2260 4421 2373 4477; x_wconf 88' lang='lat' dir='ltr'><strong>est,</strong></span> <span class='ocrx_word' id='word_1_614' title='bbox 2421 4411 2632 4482; x_wconf 89' lang='lat' dir='ltr'><strong>utrique</strong></span> <span class='ocrx_word' id='word_1_615' title='bbox 2675 4413 2726 4466; x_wconf 92' lang='lat' dir='ltr'><strong>in</strong></span> <span class='ocrx_word' id='word_1_616' title='bbox 2767 4412 3010 4468; x_wconf 90' lang='lat' dir='ltr'><strong>eamdem</strong></span> <span class='ocrx_word' id='word_1_617' title='bbox 3054 4414 3377 4469; x_wconf 90' lang='lat' dir='ltr'><strong>sententiam</strong></span> <span class='ocrx_word' id='word_1_618' title='bbox 3422 4415 3713 4485; x_wconf 88' lang='lat' dir='ltr'><strong>accipiunt.</strong></span> 
     </span>
    </p>
   </div>
   <div class='ocr_carea' id='block_1_47' title="bbox 405 4507 3712 4584">
    <p class='ocr_par' dir='ltr' id='par_1_47' title="bbox 405 4507 3712 4584">
     <span class='ocr_line' id='line_1_47' title="bbox 405 4507 3712 4584; baseline -0.001 -14"><span class='ocrx_word' id='word_1_619' title='bbox 405 4515 552 4570; x_wconf 90' lang='lat' dir='ltr'><strong>lnter</strong></span> <span class='ocrx_word' id='word_1_620' title='bbox 579 4521 832 4584; x_wconf 85' lang='lat' dir='ltr'><strong>utrosque</strong></span> <span class='ocrx_word' id='word_1_621' title='bbox 860 4511 1112 4569; x_wconf 90' lang='lat' dir='ltr'><strong>convenit</strong></span> <span class='ocrx_word' id='word_1_622' title='bbox 1153 4509 1575 4575; x_wconf 65' lang='lat' dir='ltr'><strong>Tertullianum,</strong></span> <span class='ocrx_word' id='word_1_623' title='bbox 1611 4522 1733 4563; x_wconf 91' lang='lat' dir='ltr'><strong>cum</strong></span> <span class='ocrx_word' id='word_1_624' title='bbox 1757 4508 1831 4562; x_wconf 90' lang='lat' dir='ltr'><strong>ait</strong></span> <span class='ocrx_word' id='word_1_625' title='bbox 1861 4507 1952 4564; x_wconf 77' lang='lat' dir='ltr'><strong>lib.</strong></span> <span class='ocrx_word' id='word_1_626' title='bbox 1977 4510 2039 4562; x_wconf 87' lang='lat' dir='ltr'><strong>de</strong></span> <span class='ocrx_word' id='word_1_627' title='bbox 2071 4507 2350 4575; x_wconf 82' lang='lat' dir='ltr'><strong>Pudicitia,</strong></span> <span class='ocrx_word' id='word_1_628' title='bbox 2381 4523 2498 4581; x_wconf 89' lang='lat' dir='ltr'><strong>cap.</strong></span> <span class='ocrx_word' id='word_1_629' title='bbox 2535 4510 2568 4564; x_wconf 83' lang='lat'><strong>5</strong></span> <span class='ocrx_word' id='word_1_630' title='bbox 2602 4527 2615 4563; x_wconf 77' lang='grc' dir='ltr'><strong>ε</strong></span> <span class='ocrx_word' id='word_1_631' title='bbox 2654 4529 2672 4562; x_wconf 77' lang='lat' dir='ltr'><strong>t</strong></span> <span class='ocrx_word' id='word_1_632' title='bbox 2704 4509 3039 4566; x_wconf 88' lang='lat' dir='ltr'><strong>ldololatram</strong></span> <span class='ocrx_word' id='word_1_633' title='bbox 3069 4509 3284 4581; x_wconf 89' lang='lat' dir='ltr'><strong>quidem</strong></span> <span class='ocrx_word' id='word_1_634' title='bbox 3314 4519 3368 4565; x_wconf 91' lang='lat' dir='ltr'><strong>et</strong></span> <span class='ocrx_word' id='word_1_635' title='bbox 3395 4509 3712 4568; x_wconf 88' lang='lat' dir='ltr'><strong>homicidam</strong></span> 
     </span>
    </p>
   </div>
   <div class='ocr_carea' id='block_1_48' title="bbox 401 4603 3706 4677">
    <p class='ocr_par' dir='ltr' id='par_1_48' title="bbox 401 4603 3706 4677">
     <span class='ocr_line' id='line_1_48' title="bbox 401 4603 3706 4677; baseline -0.002 -10"><span class='ocrx_word' id='word_1_636' title='bbox 401 4611 572 4667; x_wconf 90' lang='lat' dir='ltr'><strong>semel</strong></span> <span class='ocrx_word' id='word_1_637' title='bbox 603 4610 845 4677; x_wconf 89' lang='lat' dir='ltr'><strong>damnas,</strong></span> <span class='ocrx_word' id='word_1_638' title='bbox 879 4607 1146 4666; x_wconf 70' lang='lat' dir='ltr'><strong>moechum</strong></span> <span class='ocrx_word' id='word_1_639' title='bbox 1173 4622 1301 4662; x_wconf 79' lang='lat' dir='ltr'><strong>vero</strong></span> <span class='ocrx_word' id='word_1_640' title='bbox 1327 4607 1392 4662; x_wconf 91' lang='lat' dir='ltr'><strong>de</strong></span> <span class='ocrx_word' id='word_1_641' title='bbox 1423 4605 1600 4662; x_wconf 92' lang='lat' dir='ltr'><strong>medio</strong></span> <span class='ocrx_word' id='word_1_642' title='bbox 1627 4605 1874 4674; x_wconf 82' lang='lat' dir='ltr'><strong>excipis?</strong></span> <span class='ocrx_word' id='word_1_643' title='bbox 1901 4625 1920 4656; x_wconf 72' lang='grc' dir='ltr'><strong>ι</strong></span> <span class='ocrx_word' id='word_1_644' title='bbox 1950 4615 2002 4660; x_wconf 90' lang='lat' dir='ltr'><strong>et</strong></span> <span class='ocrx_word' id='word_1_645' title='bbox 2032 4621 2151 4676; x_wconf 90' lang='lat' dir='ltr'><strong>cap.</strong></span> <span class='ocrx_word' id='word_1_646' title='bbox 2188 4605 2256 4661; x_wconf 77' lang='grc'><strong>12</strong></span> <span class='ocrx_word' id='word_1_647' title='bbox 2289 4623 2301 4659; x_wconf 92' lang='lat'>:</span> <span class='ocrx_word' id='word_1_648' title='bbox 2339 4625 2358 4657; x_wconf 73' lang='grc' dir='ltr'><strong>ι</strong></span> <span class='ocrx_word' id='word_1_649' title='bbox 2384 4605 2520 4663; x_wconf 82' lang='lat' dir='ltr'><strong>Hinc</strong></span> <span class='ocrx_word' id='word_1_650' title='bbox 2545 4605 2783 4676; x_wconf 90' lang='lat' dir='ltr'><strong>estquod</strong></span> <span class='ocrx_word' id='word_1_651' title='bbox 2814 4619 2986 4675; x_wconf 88' lang='lat' dir='ltr'><strong>neque</strong></span> <span class='ocrx_word' id='word_1_652' title='bbox 3013 4603 3354 4672; x_wconf 60' lang='lat' dir='ltr'><strong>idololatriae,</strong></span> <span class='ocrx_word' id='word_1_653' title='bbox 3382 4619 3558 4676; x_wconf 89' lang='lat' dir='ltr'><strong>neque</strong></span> <span class='ocrx_word' id='word_1_654' title='bbox 3583 4620 3706 4660; x_wconf 84' lang='lat' dir='ltr'><strong>san-</strong></span> 
     </span>
    </p>
   </div>
   <div class='ocr_carea' id='block_1_49' title="bbox 403 4700 3708 4776">
    <p class='ocr_par' dir='ltr' id='par_1_49' title="bbox 403 4700 3708 4776">
     <span class='ocr_line' id='line_1_49' title="bbox 403 4700 3708 4776; baseline -0.002 -14"><span class='ocrx_word' id='word_1_655' title='bbox 403 4705 551 4776; x_wconf 83' lang='lat' dir='ltr'><strong>guini</strong></span> <span class='ocrx_word' id='word_1_656' title='bbox 583 4721 685 4776; x_wconf 85' lang='lat' dir='ltr'><strong>pax</strong></span> <span class='ocrx_word' id='word_1_657' title='bbox 709 4705 776 4758; x_wconf 89' lang='lat' dir='ltr'><strong>ab</strong></span> <span class='ocrx_word' id='word_1_658' title='bbox 805 4703 1046 4760; x_wconf 90' lang='lat' dir='ltr'><strong>ccclesiis</strong></span> <span class='ocrx_word' id='word_1_659' title='bbox 1077 4701 1355 4766; x_wconf 90' lang='lat' dir='ltr'><strong>redditur;</strong></span> <span class='ocrx_word' id='word_1_660' title='bbox 1393 4721 1410 4751; x_wconf 74' lang='grc' dir='ltr'><strong>ι</strong></span> <span class='ocrx_word' id='word_1_661' title='bbox 1438 4700 1636 4755; x_wconf 87' lang='lat' dir='ltr'><strong>diserte</strong></span> <span class='ocrx_word' id='word_1_662' title='bbox 1665 4701 1860 4756; x_wconf 88' lang='lat' dir='ltr'><strong>docere</strong></span> <span class='ocrx_word' id='word_1_663' title='bbox 1894 4716 2078 4771; x_wconf 86' lang='lat' dir='ltr'><strong>pacem</strong></span> <span class='ocrx_word' id='word_1_664' title='bbox 2111 4701 2426 4758; x_wconf 59' lang='lat' dir='ltr'><strong>idololatria:</strong></span> <span class='ocrx_word' id='word_1_665' title='bbox 2453 4713 2508 4758; x_wconf 91' lang='lat' dir='ltr'><strong>et</strong></span> <span class='ocrx_word' id='word_1_666' title='bbox 2530 4703 2816 4760; x_wconf 89' lang='lat' dir='ltr'><strong>homicidio</strong></span> <span class='ocrx_word' id='word_1_667' title='bbox 2843 4703 2984 4774; x_wconf 84' lang='lat' dir='ltr'><strong>apud</strong></span> <span class='ocrx_word' id='word_1_668' title='bbox 3013 4703 3319 4760; x_wconf 86' lang='lat' dir='ltr'><strong>Catholicos</strong></span> <span class='ocrx_word' id='word_1_669' title='bbox 3349 4703 3577 4776; x_wconf 86' lang='lat' dir='ltr'><strong>negari.‘</strong></span> <span class='ocrx_word' id='word_1_670' title='bbox 3603 4701 3708 4758; x_wconf 90' lang='lat' dir='ltr'><strong>Sed</strong></span> 
     </span>
    </p>
   </div>
   <div class='ocr_carea' id='block_1_50' title="bbox 402 4783 3710 4871">
    <p class='ocr_par' dir='ltr' id='par_1_50' title="bbox 402 4783 3710 4871">
     <span class='ocr_line' id='line_1_50' title="bbox 402 4783 3710 4871; baseline -0.002 -14"><span class='ocrx_word' id='word_1_671' title='bbox 402 4783 792 4856; x_wconf 84' lang='lat' dir='ltr'><strong>Tertullianum</strong></span> <span class='ocrx_word' id='word_1_672' title='bbox 826 4799 1072 4854; x_wconf 83' lang='lat' dir='ltr'><strong>Petavius</strong></span> <span class='ocrx_word' id='word_1_673' title='bbox 1101 4803 1154 4852; x_wconf 92' lang='lat' dir='ltr'><strong>in</strong></span> <span class='ocrx_word' id='word_1_674' title='bbox 1186 4813 1244 4852; x_wconf 89' lang='lat' dir='ltr'><strong>re</strong></span> <span class='ocrx_word' id='word_1_675' title='bbox 1289 4797 1530 4852; x_wconf 92' lang='lat' dir='ltr'><strong>omnium</strong></span> <span class='ocrx_word' id='word_1_676' title='bbox 1573 4795 1743 4850; x_wconf 91' lang='lat' dir='ltr'><strong>oculis</strong></span> <span class='ocrx_word' id='word_1_677' title='bbox 1785 4798 2025 4868; x_wconf 83' lang='lat' dir='ltr'><strong>exposita</strong></span> <span class='ocrx_word' id='word_1_678' title='bbox 2071 4799 2284 4853; x_wconf 91' lang='lat' dir='ltr'><strong>mentiri</strong></span> <span class='ocrx_word' id='word_1_679' title='bbox 2328 4814 2434 4855; x_wconf 91' lang='lat' dir='ltr'><strong>non</strong></span> <span class='ocrx_word' id='word_1_680' title='bbox 2483 4801 2818 4871; x_wconf 88' lang='lat' dir='ltr'><strong>suspicatur;</strong></span> <span class='ocrx_word' id='word_1_681' title='bbox 2866 4801 3085 4857; x_wconf 71' lang='lat' dir='ltr'><strong>nefaria:</strong></span> <span class='ocrx_word' id='word_1_682' title='bbox 3131 4801 3282 4856; x_wconf 92' lang='lat' dir='ltr'><strong>illum</strong></span> <span class='ocrx_word' id='word_1_683' title='bbox 3330 4799 3612 4855; x_wconf 78' lang='lat' dir='ltr'><strong>calumnia:</strong></span> <span class='ocrx_word' id='word_1_684' title='bbox 3657 4806 3710 4851; x_wconf 87' lang='lat' dir='ltr'><strong>et</strong></span> 
     </span>
    </p>
   </div>
   <div class='ocr_carea' id='block_1_51' title="bbox 403 4891 3707 4967">
    <p class='ocr_par' dir='ltr' id='par_1_51' title="bbox 403 4891 3707 4967">
     <span class='ocr_line' id='line_1_51' title="bbox 403 4891 3707 4967; baseline -0 -19"><span class='ocrx_word' id='word_1_685' title='bbox 403 4892 572 4965; x_wconf 91' lang='lat' dir='ltr'><strong>putidi</strong></span> <span class='ocrx_word' id='word_1_686' title='bbox 602 4891 866 4948; x_wconf 86' lang='lat' dir='ltr'><strong>mendacii</strong></span> <span class='ocrx_word' id='word_1_687' title='bbox 893 4891 1127 4946; x_wconf 85' lang='lat' dir='ltr'><strong>Morinus</strong></span> <span class='ocrx_word' id='word_1_688' title='bbox 1155 4901 1210 4946; x_wconf 91' lang='lat' dir='ltr'><strong>et</strong></span> <span class='ocrx_word' id='word_1_689' title='bbox 1239 4891 1544 4946; x_wconf 86' lang='lat' dir='ltr'><strong>Alexander</strong></span> <span class='ocrx_word' id='word_1_690' title='bbox 1584 4905 1839 4945; x_wconf 90' lang='lat' dir='ltr'><strong>accusare</strong></span> <span class='ocrx_word' id='word_1_691' title='bbox 1869 4907 1972 4946; x_wconf 92' lang='lat' dir='ltr'><strong>non</strong></span> <span class='ocrx_word' id='word_1_692' title='bbox 2016 4891 2283 4949; x_wconf 90' lang='lat' dir='ltr'><strong>dubitant.</strong></span> <span class='ocrx_word' id='word_1_693' title='bbox 2314 4893 2529 4950; x_wconf 87' lang='lat' dir='ltr'><strong>Neutris</strong></span> <span class='ocrx_word' id='word_1_694' title='bbox 2559 4897 2776 4951; x_wconf 87' lang='lat' dir='ltr'><strong>omnino</strong></span> <span class='ocrx_word' id='word_1_695' title='bbox 2803 4896 3052 4952; x_wconf 89' lang='lat' dir='ltr'><strong>assentiri</strong></span> <span class='ocrx_word' id='word_1_696' title='bbox 3087 4910 3334 4967; x_wconf 89' lang='lat' dir='ltr'><strong>possum,</strong></span> <span class='ocrx_word' id='word_1_697' title='bbox 3364 4910 3466 4951; x_wconf 87' lang='lat' dir='ltr'><strong>nec</strong></span> <span class='ocrx_word' id='word_1_698' title='bbox 3491 4892 3707 4949; x_wconf 80' lang='lat' dir='ltr'><strong>Petavio</strong></span> 
     </span>
    </p>
   </div>
   <div class='ocr_carea' id='block_1_52' title="bbox 403 4983 3699 5057">
    <p class='ocr_par' dir='ltr' id='par_1_52' title="bbox 403 4983 3699 5057">
     <span class='ocr_line' id='line_1_52' title="bbox 403 4983 3699 5057; baseline 0.001 -16"><span class='ocrx_word' id='word_1_699' title='bbox 403 4987 624 5042; x_wconf 90' lang='lat' dir='ltr'><strong>nimiam</strong></span> <span class='ocrx_word' id='word_1_700' title='bbox 663 4987 1004 5043; x_wconf 89' lang='lat' dir='ltr'><strong>severitatem</strong></span> <span class='ocrx_word' id='word_1_701' title='bbox 1033 4986 1220 5057; x_wconf 90' lang='lat' dir='ltr'><strong>primis</strong></span> <span class='ocrx_word' id='word_1_702' title='bbox 1248 4986 1457 5039; x_wconf 68' lang='lat' dir='ltr'><strong>smculis</strong></span> <span class='ocrx_word' id='word_1_703' title='bbox 1484 4984 1780 5056; x_wconf 85' lang='lat' dir='ltr'><strong>affingcnti,</strong></span> <span class='ocrx_word' id='word_1_704' title='bbox 1830 5000 1928 5041; x_wconf 89' lang='lat' dir='ltr'><strong>nec</strong></span> <span class='ocrx_word' id='word_1_705' title='bbox 1955 4987 2164 5044; x_wconf 76' lang='grc' dir='ltr'><strong>Μοτίηο</strong></span> <span class='ocrx_word' id='word_1_706' title='bbox 2190 4983 2250 5045; x_wconf 90' lang='lat' dir='ltr'><strong>et</strong></span> <span class='ocrx_word' id='word_1_707' title='bbox 2278 4990 2580 5047; x_wconf 81' lang='lat' dir='ltr'><strong>Alexandro</strong></span> <span class='ocrx_word' id='word_1_708' title='bbox 2610 4993 2876 5049; x_wconf 91' lang='lat' dir='ltr'><strong>mendacii</strong></span> <span class='ocrx_word' id='word_1_709' title='bbox 2907 5002 3087 5048; x_wconf 89' lang='lat' dir='ltr'><strong>notam</strong></span> <span class='ocrx_word' id='word_1_710' title='bbox 3118 4991 3455 5048; x_wconf 88' lang='lat' dir='ltr'><strong>Tertulliano</strong></span> <span class='ocrx_word' id='word_1_711' title='bbox 3484 4991 3699 5044; x_wconf 85' lang='lat' dir='ltr'><strong>inuren-</strong></span> 
     </span>
    </p>
   </div>
   <div class='ocr_carea' id='block_1_53' title="bbox 405 5079 3704 5154">
    <p class='ocr_par' dir='ltr' id='par_1_53' title="bbox 405 5079 3704 5154">
     <span class='ocr_line' id='line_1_53' title="bbox 405 5079 3704 5154; baseline -0.003 -10"><span class='ocrx_word' id='word_1_712' title='bbox 405 5088 570 5144; x_wconf 91' lang='lat' dir='ltr'><strong>tihus.</strong></span> <span class='ocrx_word' id='word_1_713' title='bbox 603 5082 966 5152; x_wconf 87' lang='lat' dir='ltr'><strong>Quamobrem</strong></span> <span class='ocrx_word' id='word_1_714' title='bbox 1007 5081 1380 5136; x_wconf 89' lang='lat' dir='ltr'><strong>demonstrare</strong></span> <span class='ocrx_word' id='word_1_715' title='bbox 1425 5079 1704 5148; x_wconf 85' lang='lat' dir='ltr'><strong>aggrediar</strong></span> <span class='ocrx_word' id='word_1_716' title='bbox 1740 5079 1836 5134; x_wconf 90' lang='lat' dir='ltr'><strong>tria</strong></span> <span class='ocrx_word' id='word_1_717' title='bbox 1885 5079 1973 5135; x_wconf 92' lang='lat' dir='ltr'><strong>illa</strong></span> <span class='ocrx_word' id='word_1_718' title='bbox 2017 5082 2330 5151; x_wconf 87' lang='lat' dir='ltr'><strong>gravissima</strong></span> <span class='ocrx_word' id='word_1_719' title='bbox 2375 5095 2592 5154; x_wconf 88' lang='lat' dir='ltr'><strong>peccata</strong></span> <span class='ocrx_word' id='word_1_720' title='bbox 2640 5085 3026 5151; x_wconf 86' lang='lat' dir='ltr'><strong>idololatriam,</strong></span> <span class='ocrx_word' id='word_1_721' title='bbox 3062 5083 3409 5141; x_wconf 86' lang='lat' dir='ltr'><strong>homicidium</strong></span> <span class='ocrx_word' id='word_1_722' title='bbox 3452 5091 3508 5138; x_wconf 89' lang='lat' dir='ltr'><strong>et</strong></span> <span class='ocrx_word' id='word_1_723' title='bbox 3555 5079 3704 5136; x_wconf 83' lang='lat' dir='ltr'><strong>adul-</strong></span> 
     </span>
    </p>
   </div>
   <div class='ocr_carea' id='block_1_54' title="bbox 401 5171 3701 5260">
    <p class='ocr_par' dir='ltr' id='par_1_54' title="bbox 401 5171 3701 5260">
     <span class='ocr_line' id='line_1_54' title="bbox 401 5171 3701 5260; baseline -0.003 -22"><span class='ocrx_word' id='word_1_724' title='bbox 401 5183 593 5238; x_wconf 92' lang='lat' dir='ltr'><strong>terium</strong></span> <span class='ocrx_word' id='word_1_725' title='bbox 619 5195 648 5234; x_wconf 93' lang='lat' dir='ltr'><strong>a</strong></span> <span class='ocrx_word' id='word_1_726' title='bbox 679 5176 992 5250; x_wconf 77' lang='lat' dir='ltr'><strong>paenitentia</strong></span> <span class='ocrx_word' id='word_1_727' title='bbox 1022 5185 1076 5230; x_wconf 92' lang='lat' dir='ltr'><strong>ct</strong></span> <span class='ocrx_word' id='word_1_728' title='bbox 1101 5189 1230 5246; x_wconf 86' lang='lat' dir='ltr'><strong>pace</strong></span> <span class='ocrx_word' id='word_1_729' title='bbox 1259 5172 1473 5230; x_wconf 81' lang='lat' dir='ltr'><strong>exclusa</strong></span> <span class='ocrx_word' id='word_1_730' title='bbox 1508 5173 1559 5227; x_wconf 92' lang='lat' dir='ltr'><strong>in</strong></span> <span class='ocrx_word' id='word_1_731' title='bbox 1592 5173 1807 5244; x_wconf 89' lang='lat' dir='ltr'><strong>antiqua</strong></span> <span class='ocrx_word' id='word_1_732' title='bbox 1837 5171 2073 5260; x_wconf 80' lang='lat' dir='ltr'><strong>Ecclesia</strong></span> <span class='ocrx_word' id='word_1_733' title='bbox 2101 5190 2207 5231; x_wconf 93' lang='lat' dir='ltr'><strong>non</strong></span> <span class='ocrx_word' id='word_1_734' title='bbox 2250 5175 2451 5247; x_wconf 86' lang='lat' dir='ltr'><strong>fuisse,</strong></span> <span class='ocrx_word' id='word_1_735' title='bbox 2482 5193 2581 5235; x_wconf 92' lang='lat' dir='ltr'><strong>nec</strong></span> <span class='ocrx_word' id='word_1_736' title='bbox 2607 5177 3003 5235; x_wconf 90' lang='lat' dir='ltr'><strong>Tertullianum</strong></span> <span class='ocrx_word' id='word_1_737' title='bbox 3039 5179 3206 5234; x_wconf 89' lang='lat' dir='ltr'><strong>aliam</strong></span> <span class='ocrx_word' id='word_1_738' title='bbox 3240 5173 3538 5233; x_wconf 72' lang='lat' dir='ltr'><strong>Catholici:</strong></span> <span class='ocrx_word' id='word_1_739' title='bbox 3570 5172 3701 5230; x_wconf 87' lang='lat' dir='ltr'><strong>doc-</strong></span> 
     </span>
    </p>
   </div>
   <div class='ocr_carea' id='block_1_55' title="bbox 404 5259 1353 5332">
    <p class='ocr_par' dir='ltr' id='par_1_55' title="bbox 404 5259 1353 5332">
     <span class='ocr_line' id='line_1_55' title="bbox 404 5259 1353 5332; baseline -0.012 0"><span class='ocrx_word' id='word_1_740' title='bbox 404 5277 600 5332; x_wconf 89' lang='lat' dir='ltr'><strong>trinam</strong></span> <span class='ocrx_word' id='word_1_741' title='bbox 631 5272 962 5330; x_wconf 89' lang='lat' dir='ltr'><strong>adscribere.</strong></span> <span class='ocrx_word' id='word_1_742' title='bbox 1350 5259 1353 5261; x_wconf 70' lang='grc'><em>’</em></span> 
     </span>
    </p>
   </div>
   <div class='ocr_carea' id='block_1_56' title="bbox 476 5359 3699 5438">
    <p class='ocr_par' dir='ltr' id='par_1_56' title="bbox 476 5359 3699 5438">
     <span class='ocr_line' id='line_1_56' title="bbox 476 5359 3699 5438; baseline -0.002 -16"><span class='ocrx_word' id='word_1_743' title='bbox 476 5367 713 5423; x_wconf 92' lang='lat' dir='ltr'><strong>Primum</strong></span> <span class='ocrx_word' id='word_1_744' title='bbox 735 5363 956 5420; x_wconf 89' lang='lat' dir='ltr'><strong>rationis</strong></span> <span class='ocrx_word' id='word_1_745' title='bbox 978 5368 1342 5426; x_wconf 89' lang='lat' dir='ltr'><strong>momentum,</strong></span> <span class='ocrx_word' id='word_1_746' title='bbox 1374 5359 1610 5431; x_wconf 88' lang='lat' dir='ltr'><strong>illudque</strong></span> <span class='ocrx_word' id='word_1_747' title='bbox 1642 5374 1747 5415; x_wconf 91' lang='lat' dir='ltr'><strong>non</strong></span> <span class='ocrx_word' id='word_1_748' title='bbox 1776 5359 1918 5428; x_wconf 89' lang='lat' dir='ltr'><strong>leve,</strong></span> <span class='ocrx_word' id='word_1_749' title='bbox 1969 5363 2272 5434; x_wconf 91' lang='lat' dir='ltr'><strong>suppeditat</strong></span> <span class='ocrx_word' id='word_1_750' title='bbox 2300 5365 2415 5436; x_wconf 89' lang='lat' dir='ltr'><strong>ipse</strong></span> <span class='ocrx_word' id='word_1_751' title='bbox 2460 5365 2824 5424; x_wconf 83' lang='lat' dir='ltr'><strong>Tertullianus</strong></span> <span class='ocrx_word' id='word_1_752' title='bbox 2848 5410 2862 5434; x_wconf 90' lang='lat'><strong>,</strong></span> <span class='ocrx_word' id='word_1_753' title='bbox 2896 5368 3051 5438; x_wconf 88' lang='lat' dir='ltr'><strong>cujus</strong></span> <span class='ocrx_word' id='word_1_754' title='bbox 3089 5365 3205 5423; x_wconf 69' lang='lat' dir='ltr'><strong>brcc</strong></span> <span class='ocrx_word' id='word_1_755' title='bbox 3246 5365 3410 5423; x_wconf 87' lang='lat' dir='ltr'><strong>verba</strong></span> <span class='ocrx_word' id='word_1_756' title='bbox 3460 5365 3512 5419; x_wconf 92' lang='lat' dir='ltr'><strong>in</strong></span> <span class='ocrx_word' id='word_1_757' title='bbox 3567 5361 3699 5418; x_wconf 90' lang='lat' dir='ltr'><strong>libro</strong></span> 
     </span>
    </p>
   </div>
   <div class='ocr_carea' id='block_1_57' title="bbox 397 5453 3690 5534">
    <p class='ocr_par' dir='ltr' id='par_1_57' title="bbox 397 5453 3690 5534">
     <span class='ocr_line' id='line_1_57' title="bbox 397 5453 3690 5534; baseline -0.001 -19"><span class='ocrx_word' id='word_1_758' title='bbox 397 5464 461 5515; x_wconf 83' lang='lat' dir='ltr'><strong>de</strong></span> <span class='ocrx_word' id='word_1_759' title='bbox 489 5459 791 5515; x_wconf 73' lang='lat' dir='ltr'><strong>Paenitentia</strong></span> <span class='ocrx_word' id='word_1_760' title='bbox 817 5459 1094 5529; x_wconf 86' lang='lat' dir='ltr'><strong>leguntur,</strong></span> <span class='ocrx_word' id='word_1_761' title='bbox 1127 5470 1249 5526; x_wconf 89' lang='lat' dir='ltr'><strong>cap.</strong></span> <span class='ocrx_word' id='word_1_762' title='bbox 1278 5455 1361 5509; x_wconf 62' lang='grc' dir='ltr'><strong>ιιι</strong></span> <span class='ocrx_word' id='word_1_763' title='bbox 1408 5472 1426 5506; x_wconf 73' lang='grc' dir='ltr'><strong>ι</strong></span> <span class='ocrx_word' id='word_1_764' title='bbox 1475 5453 1734 5510; x_wconf 89' lang='lat' dir='ltr'><strong>Omnibus</strong></span> <span class='ocrx_word' id='word_1_765' title='bbox 1759 5471 1886 5526; x_wconf 89' lang='lat' dir='ltr'><strong>ergo</strong></span> <span class='ocrx_word' id='word_1_766' title='bbox 1914 5455 2151 5525; x_wconf 90' lang='lat' dir='ltr'><strong>delictis,</strong></span> <span class='ocrx_word' id='word_1_767' title='bbox 2197 5458 2398 5530; x_wconf 86' lang='lat' dir='ltr'><strong>inquit,</strong></span> <span class='ocrx_word' id='word_1_768' title='bbox 2444 5475 2539 5517; x_wconf 91' lang='lat' dir='ltr'><strong>seu</strong></span> <span class='ocrx_word' id='word_1_769' title='bbox 2603 5477 2768 5520; x_wconf 90' lang='lat' dir='ltr'><strong>carne</strong></span> <span class='ocrx_word' id='word_1_770' title='bbox 2832 5478 2929 5520; x_wconf 90' lang='lat' dir='ltr'><strong>seu</strong></span> <span class='ocrx_word' id='word_1_771' title='bbox 2972 5463 3165 5534; x_wconf 90' lang='lat' dir='ltr'><strong>spiritu</strong></span> <span class='ocrx_word' id='word_1_772' title='bbox 3192 5505 3208 5531; x_wconf 92' lang='lat'><strong>,</strong></span> <span class='ocrx_word' id='word_1_773' title='bbox 3263 5477 3359 5518; x_wconf 92' lang='lat' dir='ltr'><strong>seu</strong></span> <span class='ocrx_word' id='word_1_774' title='bbox 3405 5461 3546 5516; x_wconf 87' lang='lat' dir='ltr'><strong>facto</strong></span> <span class='ocrx_word' id='word_1_775' title='bbox 3597 5472 3690 5512; x_wconf 89' lang='lat' dir='ltr'><strong>seu</strong></span> 
     </span>
    </p>
   </div>
   <div class='ocr_carea' id='block_1_58' title="bbox 397 5547 3699 5630">
    <p class='ocr_par' dir='ltr' id='par_1_58' title="bbox 397 5547 3699 5630">
     <span class='ocr_line' id='line_1_58' title="bbox 397 5547 3699 5630; baseline 0 -26"><span class='ocrx_word' id='word_1_776' title='bbox 397 5554 674 5609; x_wconf 79' lang='lat' dir='ltr'><strong>voluntate</strong></span> <span class='ocrx_word' id='word_1_777' title='bbox 697 5551 1032 5616; x_wconf 82' lang='lat' dir='ltr'><strong>commissis,</strong></span> <span class='ocrx_word' id='word_1_778' title='bbox 1077 5547 1168 5620; x_wconf 90' lang='lat' dir='ltr'><strong>qui</strong></span> <span class='ocrx_word' id='word_1_779' title='bbox 1201 5563 1410 5619; x_wconf 76' lang='lat' dir='ltr'><strong>ptenam</strong></span> <span class='ocrx_word' id='word_1_780' title='bbox 1445 5562 1538 5617; x_wconf 89' lang='lat' dir='ltr'><strong>per</strong></span> <span class='ocrx_word' id='word_1_781' title='bbox 1571 5547 1828 5618; x_wconf 88' lang='lat' dir='ltr'><strong>judicium</strong></span> <span class='ocrx_word' id='word_1_782' title='bbox 1857 5549 2181 5620; x_wconf 88' lang='lat' dir='ltr'><strong>destinavit,</strong></span> <span class='ocrx_word' id='word_1_783' title='bbox 2212 5552 2357 5610; x_wconf 90' lang='lat' dir='ltr'><strong>idem</strong></span> <span class='ocrx_word' id='word_1_784' title='bbox 2396 5566 2452 5611; x_wconf 89' lang='lat' dir='ltr'><strong>et</strong></span> <span class='ocrx_word' id='word_1_785' title='bbox 2498 5557 2709 5614; x_wconf 81' lang='lat' dir='ltr'><strong>veniam</strong></span> <span class='ocrx_word' id='word_1_786' title='bbox 2752 5573 2849 5630; x_wconf 90' lang='lat' dir='ltr'><strong>per</strong></span> <span class='ocrx_word' id='word_1_787' title='bbox 2899 5558 3280 5630; x_wconf 64' lang='lat' dir='ltr'><strong>paenitentiam</strong></span> <span class='ocrx_word' id='word_1_788' title='bbox 3320 5554 3628 5627; x_wconf 90' lang='lat' dir='ltr'><strong>spopondit.</strong></span> <span class='ocrx_word' id='word_1_789' title='bbox 3678 5569 3699 5604; x_wconf 78' lang='grc' dir='ltr'><strong>ι</strong></span> 
     </span>
    </p>
   </div>
   <div class='ocr_carea' id='block_1_59' title="bbox 397 5642 3703 5726">
    <p class='ocr_par' dir='ltr' id='par_1_59' title="bbox 397 5642 3703 5726">
     <span class='ocr_line' id='line_1_59' title="bbox 397 5642 3703 5726; baseline -0.001 -22"><span class='ocrx_word' id='word_1_790' title='bbox 397 5647 722 5705; x_wconf 87' lang='lat' dir='ltr'><strong>Nominatim</strong></span> <span class='ocrx_word' id='word_1_791' title='bbox 751 5644 1064 5700; x_wconf 86' lang='lat' dir='ltr'><strong>idololatras</strong></span> <span class='ocrx_word' id='word_1_792' title='bbox 1087 5643 1189 5698; x_wconf 92' lang='lat' dir='ltr'><strong>hoc</strong></span> <span class='ocrx_word' id='word_1_793' title='bbox 1212 5642 1474 5698; x_wconf 88' lang='lat' dir='ltr'><strong>beneficio</strong></span> <span class='ocrx_word' id='word_1_794' title='bbox 1506 5655 1612 5696; x_wconf 91' lang='lat' dir='ltr'><strong>non</strong></span> <span class='ocrx_word' id='word_1_795' title='bbox 1639 5642 1850 5698; x_wconf 89' lang='lat' dir='ltr'><strong>excludi</strong></span> <span class='ocrx_word' id='word_1_796' title='bbox 1882 5643 2124 5700; x_wconf 90' lang='lat' dir='ltr'><strong>declarat</strong></span> <span class='ocrx_word' id='word_1_797' title='bbox 2150 5661 2270 5719; x_wconf 90' lang='lat' dir='ltr'><strong>cap.</strong></span> <span class='ocrx_word' id='word_1_798' title='bbox 2299 5648 2331 5702; x_wconf 93' lang='lat'><strong>7</strong></span> <span class='ocrx_word' id='word_1_799' title='bbox 2357 5667 2370 5703; x_wconf 94' lang='lat'>:</span> <span class='ocrx_word' id='word_1_800' title='bbox 2419 5667 2438 5702; x_wconf 75' lang='grc' dir='ltr'><strong>ι</strong></span> <span class='ocrx_word' id='word_1_801' title='bbox 2485 5649 2669 5723; x_wconf 87' lang='lat' dir='ltr'><strong>Itaque</strong></span> <span class='ocrx_word' id='word_1_802' title='bbox 2699 5651 2919 5726; x_wconf 89' lang='lat' dir='ltr'><strong>(hostis)</strong></span> <span class='ocrx_word' id='word_1_803' title='bbox 2957 5653 3243 5718; x_wconf 85' lang='lat' dir='ltr'><strong>observat,</strong></span> <span class='ocrx_word' id='word_1_804' title='bbox 3285 5649 3489 5720; x_wconf 88' lang='lat' dir='ltr'><strong>inquit,</strong></span> <span class='ocrx_word' id='word_1_805' title='bbox 3534 5661 3703 5718; x_wconf 89' lang='lat' dir='ltr'><strong>oppu-</strong></span> 
     </span>
    </p>
   </div>
   <div class='ocr_carea' id='block_1_60' title="bbox 397 5735 3702 5815">
    <p class='ocr_par' dir='ltr' id='par_1_60' title="bbox 397 5735 3702 5815">
     <span class='ocr_line' id='line_1_60' title="bbox 397 5735 3702 5815; baseline -0.001 -17"><span class='ocrx_word' id='word_1_806' title='bbox 397 5752 549 5813; x_wconf 87' lang='lat' dir='ltr'><strong>gnat,</strong></span> <span class='ocrx_word' id='word_1_807' title='bbox 581 5739 823 5806; x_wconf 86' lang='lat' dir='ltr'><strong>obsidet,</strong></span> <span class='ocrx_word' id='word_1_808' title='bbox 849 5738 894 5794; x_wconf 91' lang='lat' dir='ltr'><strong>si</strong></span> <span class='ocrx_word' id='word_1_809' title='bbox 933 5753 1035 5810; x_wconf 90' lang='lat' dir='ltr'><strong>qua</strong></span> <span class='ocrx_word' id='word_1_810' title='bbox 1059 5737 1228 5808; x_wconf 91' lang='lat' dir='ltr'><strong>possit</strong></span> <span class='ocrx_word' id='word_1_811' title='bbox 1275 5746 1369 5792; x_wconf 83' lang='lat' dir='ltr'><strong>aut</strong></span> <span class='ocrx_word' id='word_1_812' title='bbox 1413 5735 1604 5791; x_wconf 91' lang='lat' dir='ltr'><strong>oculos</strong></span> <span class='ocrx_word' id='word_1_813' title='bbox 1647 5738 2082 5808; x_wconf 89' lang='lat' dir='ltr'><strong>concupiscentia</strong></span> <span class='ocrx_word' id='word_1_814' title='bbox 2131 5742 2334 5798; x_wconf 91' lang='lat' dir='ltr'><strong>carnali</strong></span> <span class='ocrx_word' id='word_1_815' title='bbox 2381 5744 2574 5815; x_wconf 89' lang='lat' dir='ltr'><strong>ferire,</strong></span> <span class='ocrx_word' id='word_1_816' title='bbox 2623 5755 2715 5801; x_wconf 90' lang='lat' dir='ltr'><strong>aut</strong></span> <span class='ocrx_word' id='word_1_817' title='bbox 2755 5748 2991 5802; x_wconf 92' lang='lat' dir='ltr'><strong>animum</strong></span> <span class='ocrx_word' id='word_1_818' title='bbox 3046 5746 3320 5805; x_wconf 86' lang='lat' dir='ltr'><strong>illecebris</strong></span> <span class='ocrx_word' id='word_1_819' title='bbox 3356 5742 3702 5801; x_wconf 68' lang='lat' dir='ltr'><strong>saecularibus</strong></span> 
     </span>
    </p>
   </div>
   <div class='ocr_carea' id='block_1_61' title="bbox 390 5829 3694 5911">
    <p class='ocr_par' dir='ltr' id='par_1_61' title="bbox 390 5829 3694 5911">
     <span class='ocr_line' id='line_1_61' title="bbox 390 5829 3694 5911; baseline -0.001 -19"><span class='ocrx_word' id='word_1_820' title='bbox 390 5834 633 5899; x_wconf 84' lang='lat' dir='ltr'><strong>irretire,</strong></span> <span class='ocrx_word' id='word_1_821' title='bbox 657 5842 752 5888; x_wconf 89' lang='lat' dir='ltr'><strong>aut</strong></span> <span class='ocrx_word' id='word_1_822' title='bbox 774 5830 932 5887; x_wconf 89' lang='lat' dir='ltr'><strong>fidem</strong></span> <span class='ocrx_word' id='word_1_823' title='bbox 966 5840 1197 5886; x_wconf 65' lang='lat' dir='ltr'><strong>terrente</strong></span> <span class='ocrx_word' id='word_1_824' title='bbox 1226 5829 1510 5901; x_wconf 77' lang='lat' dir='ltr'><strong>potestatis</strong></span> <span class='ocrx_word' id='word_1_825' title='bbox 1538 5829 1822 5889; x_wconf 90' lang='lat' dir='ltr'><strong>formidine</strong></span> <span class='ocrx_word' id='word_1_826' title='bbox 1848 5841 2115 5902; x_wconf 85' lang='lat' dir='ltr'><strong>evertere,</strong></span> <span class='ocrx_word' id='word_1_827' title='bbox 2146 5844 2238 5891; x_wconf 89' lang='lat' dir='ltr'><strong>aut</strong></span> <span class='ocrx_word' id='word_1_828' title='bbox 2263 5849 2294 5892; x_wconf 92' lang='lat' dir='ltr'><strong>a</strong></span> <span class='ocrx_word' id='word_1_829' title='bbox 2316 5837 2398 5894; x_wconf 88' lang='lat' dir='ltr'><strong>via</strong></span> <span class='ocrx_word' id='word_1_830' title='bbox 2435 5849 2582 5894; x_wconf 89' lang='lat' dir='ltr'><strong>certa</strong></span> <span class='ocrx_word' id='word_1_831' title='bbox 2607 5839 2880 5911; x_wconf 86' lang='lat' dir='ltr'><strong>perversis</strong></span> <span class='ocrx_word' id='word_1_832' title='bbox 2925 5839 3302 5898; x_wconf 84' lang='lat' dir='ltr'><strong>traditionibus</strong></span> <span class='ocrx_word' id='word_1_833' title='bbox 3341 5838 3694 5910; x_wconf 83' lang='lat' dir='ltr'><strong>detorquere:</strong></span> 
     </span>
    </p>
   </div>
   <div class='ocr_carea' id='block_1_62' title="bbox 386 5922 3704 6009">
    <p class='ocr_par' dir='ltr' id='par_1_62' title="bbox 386 5922 3704 6009">
     <span class='ocr_line' id='line_1_62' title="bbox 386 5922 3704 6009; baseline 0.001 -21"><span class='ocrx_word' id='word_1_834' title='bbox 386 5945 502 5989; x_wconf 89' lang='lat' dir='ltr'><strong>non</strong></span> <span class='ocrx_word' id='word_1_835' title='bbox 529 5925 816 5997; x_wconf 77' lang='lat' dir='ltr'><strong>scandatis,</strong></span> <span class='ocrx_word' id='word_1_836' title='bbox 842 5939 949 5982; x_wconf 91' lang='lat' dir='ltr'><strong>non</strong></span> <span class='ocrx_word' id='word_1_837' title='bbox 981 5922 1366 5981; x_wconf 86' lang='lat' dir='ltr'><strong>teutationibus</strong></span> <span class='ocrx_word' id='word_1_838' title='bbox 1399 5923 1602 5984; x_wconf 86' lang='lat' dir='ltr'><strong>deficit.</strong></span> <span class='ocrx_word' id='word_1_839' title='bbox 1635 5923 1760 5984; x_wconf 68' lang='grc' dir='ltr'><strong>υιρο</strong></span> <span class='ocrx_word' id='word_1_840' title='bbox 1787 5925 1948 6004; x_wconf 88' lang='lat' dir='ltr'><strong>igitur</strong></span> <span class='ocrx_word' id='word_1_841' title='bbox 1973 5944 2180 5989; x_wconf 89' lang='lat' dir='ltr'><strong>venena</strong></span> <span class='ocrx_word' id='word_1_842' title='bbox 2229 5931 2346 6005; x_wconf 84' lang='lat' dir='ltr'><strong>ejus</strong></span> <span class='ocrx_word' id='word_1_843' title='bbox 2374 5933 2663 6004; x_wconf 86' lang='lat' dir='ltr'><strong>providens</strong></span> <span class='ocrx_word' id='word_1_844' title='bbox 2715 5933 2856 5992; x_wconf 88' lang='lat' dir='ltr'><strong>Deus</strong></span> <span class='ocrx_word' id='word_1_845' title='bbox 2881 5976 2898 6006; x_wconf 92' lang='lat'><strong>,</strong></span> <span class='ocrx_word' id='word_1_846' title='bbox 2934 5936 3136 5995; x_wconf 87' lang='lat' dir='ltr'><strong>&#39;clausa</strong></span> <span class='ocrx_word' id='word_1_847' title='bbox 3183 5935 3311 5997; x_wconf 89' lang='lat' dir='ltr'><strong>licet</strong></span> <span class='ocrx_word' id='word_1_848' title='bbox 3359 5932 3704 6009; x_wconf 65' lang='lat' dir='ltr'><strong>ignescentia</strong></span> 
     </span>
    </p>
   </div>
  </div>
