4050 6422
325 392 395 450 49
1789 398 2176 458 ΡΠᾹΞΡΑΤΙΟ.
3561 409 3633 468 50

321 506 485 582 janna
513 517 566 566 et
596 508 928 568 intinctionis
968 525 1086 569 sera
1131 512 1402 571 obstructa
1427 557 1442 582 ,
1487 511 1683 586 aliquid
1717 515 1893 572 adhuc
1921 518 2166 588 permisit
2191 526 2396 590 patere.
2426 518 2722 577 Collocavit
2766 519 2818 576 in
2852 519 3118 577 vestibulo
3151 523 3516 595 paenitentiam
3546 539 3634 581 sc-

323 605 574 672 cnndam,
599 622 720 677 qua:
751 607 1087 678 pulsantibus
1118 609 1420 680 patefaciat.
1473 629 1491 663 ›
1537 611 1612 666 Ita
1641 611 2004 669 Tertullianus
2032 613 2157 669 dum
2186 614 2361 670 adhuc
2417 616 2559 673 inter
2596 615 2905 672 Catholicos
2948 628 3273 681 versaretur,
3304 619 3630 676 Montanista

321 699 492 757 factus
513 700 656 755 aliud
687 700 890 770 docuit,
919 702 1011 758 sed
1037 704 1459 774 repugnantibus
1483 703 1794 771 Catholicis,
1829 721 1963 778 quos
1989 708 2067 763 sic
2095 708 2594 780 loquentesinducit
2622 710 2716 765 lib.
2737 711 2799 765 de
2830 710 3043 780 Pudic.,
3073 726 3192 784 cap.
3225 712 3290 768 2:
3317 732 3336 766 ι
3363 713 3629 772 Ωωιετηῐη

323 794 464 850 Deus
489 839 503 863 ,
529 796 803 867 inquiunt,
829 797 998 853 bonus
1024 807 1080 854 et
1101 799 1337 868 Optimus
1365 841 1378 864 ,
1425 811 1480 854 et
1525 800 1832 856 misericovs
1877 810 1932 858 et
1970 802 2255 859 miserator
2286 813 2340 860 et
2367 804 2751 860 misericordiae
2795 804 3081 876 plurimus,
3107 821 3264 875 quam
3293 807 3436 861 omni
3468 807 3638 862 sacri-

321 889 443 946 ficio
473 892 770 962 anteponit,
803 906 908 946 non
943 891 1072 946 tanti
1097 890 1301 948 ducens
1333 893 1628 962 peccatoris
1655 903 1916 960 mortem,
1968 911 2128 966 quam
2174 895 2542 967 paenitentiam
2566 938 2582 965 ,
2633 897 2966 955 salviticator
3005 900 3244 954 omnium
3300 909 3354 954 et
3400 899 3634 955 maxime

321 981 578 1039 ﬁdelium.
610 984 788 1054 Itaque
813 991 867 1038 et
898 982 1034 1039 filios
1067 983 1160 1038 Dei
1187 983 1564 1040 misericordes
1590 999 1708 1041 esse
1731 985 2030 1057 Oportebit,
2069 987 2332 1043 donantes
2371 989 2602 1045 invicem
2631 989 2770 1045 sicut
2811 999 2865 1045 et
2909 989 3151 1046 Christus
3177 990 3394 1046 donavit
3430 989 3619 1058 nobis;

325 1091 434 1131 non
459 1077 785 1148 judicantes,
819 1095 885 1134 ne
905 1078 1228 1149 judicetnur.
1271 1099 1290 1132 ι
1325 1079 1469 1135 Idem
1502 1081 1864 1138 Tertullianus
1912 1095 2129 1154 peccata
2175 1083 2363 1138 dividit
2407 1102 2425 1136 ί
2475 1084 2524 1138 in
2569 1083 2704 1139 duos
2729 1083 2932 1144 exitus.
2989 1098 3051 1139 ac
3093 1084 3196 1140 alia
3253 1084 3629 1149 remissibilia,

319 1175 424 1229 alia
453 1174 842 1231 irrcmissibilia
890 1194 908 1228 ι
955 1191 1078 1232 esse
1100 1178 1322 1244 statuit;
1371 1178 1467 1234 sed
1507 1181 1702 1236 fatetur
1734 1180 2040 1238 Catltolicos
2091 1181 2192 1236 sibi
2234 1180 2333 1236 hac
2379 1182 2431 1236 in
2479 1197 2537 1236 re
2568 1181 3104 1252 adversari,eosque
3156 1181 3358 1236 nullum
3408 1196 3630 1251 prorsus

320 1277 601 1340 peccatum
657 1270 1032 1327 irremissibile
1061 1287 1394 1344 agnoscere;
1443 1292 1461 1326 ι
1509 1275 1601 1330 sed
1627 1278 1774 1347 prius
1812 1275 2092 1343 decidam,
2145 1275 2316 1347 inquit
2363 1290 2484 1346 cap.
2536 1277 2608 1344 5,
2667 1275 3092 1332 intercedentem
3151 1289 3217 1330 ex
3264 1273 3492 1330 adverso
3540 1289 3632 1329 rc—

314 1363 668 1431 sponsionem
700 1364 766 1419 ad
795 1381 910 1420 eam
935 1367 1264 1437 paenitentia:
1291 1369 1525 1439 speciem
1572 1384 1880 1441 quamcum
1936 1369 2168 1426 maxime
2217 1369 2501 1426 definimus
2548 1372 2702 1426 venia
2749 1385 2956 1426 carere.
3003 1367 3058 1424 Si
3103 1369 3284 1434 enim,
3334 1369 3618 1440 inquiunt,

320 1457 504 1528 aliqua
539 1459 853 1529 paenitentia
901 1471 1050 1516 caret
1102 1463 1289 1530 venia,
1315 1463 1424 1534 jam
1456 1478 1556 1520 nec
1594 1465 1644 1519 in
1680 1475 1846 1519 totum
1873 1464 2078 1536 agenda
2127 1464 2220 1520 tibi
2276 1477 2391 1530 eSt;
2437 1463 2568 1520 nihil
2591 1465 2734 1521 enim
2773 1463 3040 1537 agendum
3084 1462 3418 1520 estfrustra:
3464 1478 3628 1534 porro

314 1551 515 1607 frustra
536 1562 726 1624 agetur
763 1556 1077 1626 poenitentia
1103 1558 1146 1612 si
1177 1567 1325 1612 caret
1355 1559 1531 1614 venia.
1565 1558 1753 1614 Omnis
1780 1570 1958 1614 autem
2001 1559 2314 1630 paenitentia
2355 1559 2560 1631 agenda
2593 1569 2673 1614 est
2710 1573 2724 1613 :
2768 1573 2899 1630 ergo
2956 1557 3133 1612 omnis
3182 1556 3391 1612 veniam
3440 1570 3605 1612 conse

313 1653 533 1715 quatur,
562 1661 629 1701 ne
651 1647 844 1702 frustra
877 1658 1088 1720 agatur,
1112 1651 1234 1722 quia
1264 1667 1368 1707 non
1398 1652 1501 1706 erit
1529 1652 1734 1725 agenda
1773 1652 1818 1708 si
1868 1652 2066 1710 frustra
2096 1664 2304 1724 agatur.
2340 1653 2507 1709 Porro
2538 1653 2736 1708 frustra
2759 1661 2982 1722 agetur,
3038 1653 3082 1708 si
3131 1651 3284 1708 venia
3331 1652 3554 1707 carebit.
3605 1671 3625 1704 ι

317 1738 443 1796 Haec
464 1748 643 1796 autem
675 1741 998 1823 Tertulliani
1027 1744 1328 1823 testimonia
1359 1760 1464 1800 non
1495 1747 1563 1802 de
1590 1747 1704 1802 sola
1737 1745 1914 1803 Africa
1962 1748 2132 1818 accipi
2178 1747 2396 1817 debent,
2456 1747 2550 1803 sed
2603 1747 2670 1802 dc
2701 1747 2950 1804 omnibus
2979 1746 3247 1816 ecclesiis,
3295 1760 3426 1816 quas
3475 1746 3632 1801 illon-

317 1836 634 1892 tanistarum
662 1822 916 1894 defensor
934 1822 1226 1911 Oppugnat.
1257 1840 1465 1914 Ubique
1486 1841 1628 1897 enim
1657 1842 1868 1914 vigebat
1893 1843 2008 1897 ha~c
2029 1842 2309 1915 disciplina
2339 1883 2354 1909 ,
2404 1857 2467 1897 ac
2507 1840 2712 1897 duobus
2766 1829 2956 1913 primis
2996 1839 3210 1896 smculis
3253 1841 3489 1910 viguerat
3512 1881 3526 1902 ,
3559 1846 3617 1891 ut

317 1936 547 2005 perSpici
581 1945 756 2007 potest
779 1953 846 1992 ex
880 1937 1092 1994 Hermae
1121 1938 1256 1993 libro
1284 1939 1542 2006 secundo,
1573 1938 1807 1995 Mandat.
1840 1941 1892 2005 4,
1921 1939 1998 2018 ῑη
2021 1939 2207 2009 primis
2253 1953 2317 1993 ex
2371 1937 2453 1993 his
2506 1941 2621 2008 quae
2653 1935 2901 1992 Clemens
2943 1933 3084 2006 apud
3132 1934 3329 1989 Euseb.
3380 1934 3472 1988 lib.
3519 1949 3570 1988 ιιι
3591 1975 3606 1999 ,

315 2045 435 2104 cap.
464 2033 558 2100 25,
587 2033 658 2088 de
677 2040 864 2089 sancto
893 2032 1103 2090 Joanne
1129 2033 1469 2105 Evangelista
1503 2043 1706 2090 narrat.
1733 2034 1843 2090 Nec
1867 2021 2160 2090 omittenda
2189 2032 2427 2105 Dionysii
2482 2029 2878 2087 Corinthiorum
2932 2029 3167 2098 episcopi
3222 2027 3288 2082 ad
3331 2028 3632 2083 Amastrin.

313 2140 505 2181 norum
537 2137 590 2182 et
616 2127 751 2182 alias
779 2127 934 2182 Ponti
967 2127 1221 2184 ecclesias
1250 2129 1503 2198 epistola,
1548 2129 1600 2184 in
1623 2145 1727 2199 qua
1759 2129 2098 2201 pra-cipiebat
2153 2136 2210 2182 ut
2236 2144 2262 2181 a
2295 2127 2485 2198 quovis
2515 2126 2664 2196 lapsu
2683 2125 2796 2180 sive
2813 2121 3030 2190 delicto,
3053 2122 3166 2178 sive
3187 2121 3347 2178 etiam
3375 2121 3627 2178 hrcretica

322 2219 583 2289 pravitate
614 2220 900 2276 redeuntes
934 2220 1162 2292 benigne
1188 2223 1609 2293 susciperentur,
1639 2230 1772 2278 teste
1804 2222 2058 2288 Eusebio,
2091 2220 2181 2276 lib.
2212 2237 2282 2289 tv,
2314 2235 2363 2278 c.
2399 2221 2489 2277 25.

393 2311 452 2367 2°
486 2312 839 2384 lmprobabile
861 2331 1082 2386 prorsus
1104 2328 1186 2371 est
1210 2316 1348 2386 quod
1376 2317 1742 2383 aitl’ctavius,
1777 2315 2163 2386 Zephirinum,
2193 2314 2336 2386 quod
2377 2323 2585 2386 spectat
2632 2311 2700 2368 ad
2742 2311 3062 2378 mtechiam,
3113 2310 3182 2366 de
3228 2311 3462 2383 antiqua!
3515 2309 3623 2364 dis~

301 2406 525 2478 -ciplina:
563 2408 849 2464 severitate
874 2408 1076 2480 aliquid
1101 2410 1402 2474 remisisse,
1428 2425 1491 2464 ac
1521 2421 1704 2479 postea
1759 2407 2098 2479 temporibus
2125 2407 2380 2479 Cypriani
2424 2406 2657 2476 majores
2685 2403 2750 2459 ad
2777 2404 3054 2460 lenitatem
3103 2403 3274 2457 factos
3323 2417 3446 2458 esse
3502 2416 3625 2472 pro—

310 2516 548 2571 gressus.
580 2501 693 2558 Non
727 2503 955 2574 quadrat
1005 2505 1119 2560 htcc
1151 2515 1453 2576 temporum
1481 2492 1826 2569 distributio;
1862 2519 1983 2558 nam
2014 2502 2269 2568 moechia,
2297 2510 2354 2556 ut
2385 2500 2546 2556 modo
2586 2499 2836 2566 vidimus,
2889 2513 3008 2568 quae
3061 2496 3378 2584 Tertulliani
3414 2507 3626 2566 tempo—

307 2595 480 2660 ribus,
531 2596 765 2651 omnium
796 2596 1195 2651 Catholicorum
1256 2611 1540 2665 concessu,
1593 2611 1776 2666 pacem
1825 2594 2167 2666 impetrabat,
2219 2595 2323 2649 hoc
2371 2591 2636 2648 beneficio
2695 2590 2833 2660 apud
2866 2588 3156 2645 nonnullas
3205 2590 3466 2646 ecclesias
3521 2590 3622 2646 snb

310 2687 565 2761 Cypriani
615 2691 1052 2747 antecessoribus
1095 2692 1313 2747 exclusa
1358 2692 1477 2746 fuit.
1532 2689 1817 2757 Quomodo
1848 2703 1978 2760 ergo
2004 2687 2288 2758 disciplina
2318 2695 2444 2741 tunc
2484 2685 2782 2754 ditnitigata
2814 2682 3011 2739 dicitur
3053 2681 3240 2749 fuisse,
3282 2698 3401 2738 cum
3457 2698 3623 2738 nows

308 2787 654 2841 accessiones
682 2787 866 2841 habuit
893 2787 1242 2842 severitatis?
1296 2786 1352 2842 5"
1385 2786 1440 2840 Si
1472 2802 1540 2840 ex
1563 2781 2080 2840 Tertullianivcrbis
2103 2780 2427 2837 concludere
2477 2780 2657 2834 liceret
2714 2778 2856 2848 quod
2905 2777 3153 2832 I"etavius
3205 2777 3490 2844 conclusit,
3524 2792 3615 2831 se-

309 2890 574 2950 queretur
599 2895 704 2934 non
735 2879 1020 2935 homicidis
1041 2879 1214 2934 solum
1237 2888 1290 2934 et
1310 2878 1631 2943 idololatris,
1664 2877 1758 2932 sed
1794 2877 1858 2932 iis
1889 2876 2050 2930 etiam
2079 2875 2168 2946 qui
2205 2884 2324 2944 post
2353 2872 2511 2928 fidem
2541 2871 2607 2926 ad
2660 2870 2910 2926 hmresim
2941 2868 3278 2937 defecerant,
3333 2879 3428 2924 aut
3480 2871 3618 2924 inter

308 2972 580 3027 cruciatus
611 2973 733 3029 victi
781 2984 1077 3038 cesserant,
1106 2988 1292 3043 pacem
1320 2969 1813 3028 immisericorditer
1839 2976 2085 3041 negatam
2127 2968 2289 3023 fuisse
2346 2967 2395 3021 itt
2441 2964 2678 3021 Ecclesia
2732 2963 3034 3019 catholica:
3069 2964 3147 3018 sic
3191 2962 3334 3018 enim
3379 2961 3616 3032 loquitur

307 3065 376 3120 de
405 3067 674 3122 lucreticis
702 3067 1083 3132 Tcrtnllianus,
1115 3080 1164 3120 c.
1199 3068 1268 3121 15
1298 3081 1311 3118 :
1363 3084 1382 3116 ι
1434 3064 1705 3136 Hymenaei
1737 3073 1915 3119 autem
1939 3105 1954 3130 ,
1988 3061 2190 3132 inquit,
2222 3069 2288 3126 et,
2305 3057 2595 3114 Alexandri
2619 3057 2847 3120 crimen,
2882 3056 2924 3110 si
2949 3063 3002 3109 et
3032 3054 3083 3109 in
3104 3054 3207 3109 isto
3245 3062 3300 3109 et
3346 3054 3398 3108 itt
3430 3051 3612 3108 futuro

305 3175 424 3216 arvo
456 3161 822 3217 irrcmissibile
854 3170 957 3228 cst,
987 3160 1317 3231 blasphemia
1345 3159 1575 3224 scilicet,
1607 3158 1789 3229 utique
1821 3155 2109 3228 Apostolus
2149 3168 2253 3210 non
2298 3152 2554 3208 adversus
2594 3150 2876 3206 terminum
2918 3147 3124 3203 Domini
3166 3145 3266 3202 sub
3303 3161 3399 3217 spe
3439 3147 3613 3202 venite
3675 3199 3678 3202 ἠ

304 3254 542 3312 dedisset
571 3258 814 3322 Satanre,
845 3256 954 3327 jam
983 3255 1134 3312 afide
1163 3257 1213 3310 in
1242 3254 1627 3326 blasphemiam
1669 3267 1906 3318 mersos,
1941 3247 2084 3308 unde
2111 3260 2165 3308 et
2201 3249 2488 3322 naufragos
2526 3264 2620 3306 eos
2653 3249 2805 3318 juxta
2846 3245 3002 3301 fidem
3055 3241 3456 3314 pronuntiavit,
3505 3258 3611 3296 non

303 3348 568 3405 habentes
598 3350 844 3405 solatium
887 3350 1037 3405 navis
1079 3350 1354 3406 Ecclesizu.
1384 3349 1493 3404 lltis
1523 3348 1666 3404 enim
1701 3348 1854 3402 venia
1886 3356 2109 3418 negatur
2153 3349 2244 3416 qui
2286 3344 2352 3399 de
2400 3344 2504 3399 fide
2544 3343 2593 3397 itt
2640 3339 3024 3411 blasphemiam
3075 3344 3426 3410 negaverunt.
3477 3356 3494 3388 ι
3542 3335 3612 3390 Ει

301 3457 422 3514 cap.
457 3445 551 3499 ult.
575 3442 643 3498 de
670 3445 732 3498 iis
761 3445 849 3516 qui
879 3445 1156 3499 tormentis
1185 3453 1511 3514 superantur
1548 3461 1560 3497 :
1611 3462 1629 3494 ι
1675 3441 2042 3511 Qumcumque
2085 3440 2412 3502 auctoritas,
2465 3437 2660 3507 inquit,
2709 3447 3060 3505 qtnecumque
3111 3431 3245 3486 ratio
3297 3429 3505 3486 maccho
3557 3441 3610 3485 et

303 3537 612 3593 fornicatori
643 3553 829 3610 pacem
859 3538 1276 3594 ccclesiaSIicam
1305 3537 1516 3604 reddit,
1549 3536 1736 3592 eadem
1769 3533 1988 3590 debebit
2025 3542 2078 3588 et
2117 3532 2398 3588 homicidae
2426 3539 2480 3586 et
2516 3529 2811 3584 idololatris
2855 3524 3234 3598 paenitentibus
3286 3524 3572 3580 subvenire
3592 3567 3606 3589 ,

301 3640 448 3686 certe
475 3632 749 3703 negaturi.
788 3642 844 3688 et
876 3631 1057 3703 utique
1087 3632 1163 3686 illi
1191 3646 1350 3702 quem
1382 3631 1433 3686 in
1480 3629 1665 3702 praclio
1701 3628 2056 3685 confessionis
2113 3627 2396 3681 tormentis
2453 3624 2798 3679 colluctatum
2839 3621 3041 3675 sazvitia
3089 3619 3304 3691 dejecit.
3340 3615 3606 3675 (la-terum

300 3725 574 3798 indignum
605 3727 715 3782 Deo
735 3737 788 3782 et
817 3727 960 3782 illius
990 3726 1382 3794 misericordia,
1407 3729 1496 3798 qui
1530 3725 1900 3794 pmnitentiam
1933 3725 2235 3795 peccatoris
2291 3723 2449 3778 morti
2487 3723 2757 3793 prati-'ertit
2779 3763 2794 3786 ,
2849 3729 2906 3775 ut
2956 3719 3164 3776 facilius
3219 3719 3271 3774 in
3308 3718 3603 3776 Ecclesiam

297 3819 524 3874 redeant
551 3821 639 3892 qui
680 3820 945 3884 subando,
999 3835 1157 3891 quam
1179 3820 1270 3891 qui
1305 3819 1613 3876 dimicando
1658 3818 1988 3875 ceciderunt.
2037 3817 2202 3889 Urget
2261 3832 2358 3874 nos
2403 3816 2586 3873 dicere
2635 3815 2921 3886 indignitas
2961 3813 3372 3868 :contaminata
3428 3812 3606 3884 potius

298 3924 525 3980 corpora
555 3910 832 3967 revocabis
869 3926 1029 3981 quam
1067 3911 1388 3967 cruentata?
1425 3911 1556 3980 Quae
1589 3911 1903 3983 pmnitentia
1947 3909 2326 3966 miserabiliter
2377 3908 2640 3964 titillatarn
2698 3916 3046 3978 prosternens
3092 3921 3309 3962 carnem
3357 3919 3429 3960 an
3473 3920 3606 3960 vero

300 4003 553 4059 laniatam
583 4005 606 4059 ?
656 4023 674 4057 ι
719 4004 815 4060 llis
845 4006 896 4060 in
921 4005 1051 4060 locis
1079 4005 1441 4061 'l‘crtullianus
1465 4007 1631 4076 prima
1663 4006 1842 4076 specie
1868 4006 1945 4061 sic
1974 4005 2184 4062 videtur
2210 4002 2592 4074 argumentari,
2645 4003 2792 4074 quasi
2839 4001 2939 4072 ipsi
2963 4015 3085 4056 cum
3134 3999 3427 4055 Catholicis
3473 4014 3602 4054 cono

298 4095 495 4159 veniat,
522 4110 622 4151 nec
649 4097 728 4152 eis
752 4096 842 4167 qui
870 4111 898 4150 a
931 4095 1036 4152 fide
1061 4097 1113 4152 in
1141 4096 1390 4153 lueresim
1419 4097 1762 4166 defecerunt,
1799 4113 1899 4154 nec
1935 4099 2001 4153 iis
2023 4099 2253 4171 quicum
2284 4098 2565 4153 tormentis
2592 4096 2862 4154 colluctati
2891 4105 3198 4162 cesserunt,
3231 4095 3601 4167 pmnitentiant

297 4190 518 4246 concedi
548 4199 823 4261 oportere;
855 4191 950 4246 sed
983 4191 1096 4246 ha:c
1133 4193 1391 4248 severitas
1434 4194 1512 4248 sic
1555 4193 1809 4250 abhorret
1855 4193 1922 4248 ab
1971 4193 2202 4264 antiquze
2242 4192 2500 4248 Ecclesia:
2547 4191 2807 4255 moribus,
2868 4198 2926 4245 ut
2975 4189 3024 4245 ei
3074 4205 3104 4244 a
3157 4191 3369 4249 nemine
3411 4190 3596 4264 attingi

296 4285 489 4353 possit.
516 4285 734 4340 Fatetur
757 4284 1058 4356 Cyprianus
1085 4284 1138 4339 in
1165 4285 1398 4355 Epistola
1435 4287 1503 4339 ad
1531 4286 1775 4354 Quintum
1801 4329 1814 4352 ,
1845 4285 2193 4342 redeuntibus
2231 4285 2500 4340 hmreticis
2553 4285 2643 4355 qui
2699 4284 2752 4339 in
2791 4282 3028 4340 Ecclesia
3065 4282 3316 4353 baptizati
3361 4283 3595 4352 fuerant,

227 4376 237 4386 ’
300 4393 520 4433 manum
553 4378 605 4432 in
639 4379 1008 4449 paenitentiam
1043 4379 1240 4448 imponi
1271 4379 1491 4448 debere,
1519 4393 1679 4451 atque
1709 4380 1868 4451 lmjns
1906 4383 2314 4436 consuetudinis
2355 4380 2614 4451 originem
2667 4378 2737 4434 ab
2781 4378 2909 4449 ipsis
2959 4377 3218 4434 Ecclesia!
3260 4379 3598 4437 incunabulis

297 4481 543 4541 repetere
565 4487 671 4526 non
703 4471 911 4526 dubitat
941 4489 954 4527 :
983 4471 1047 4526 iis
1078 4480 1256 4527 autem
1287 4488 1513 4544 quorum
1565 4490 1671 4530 non
1700 4475 1912 4530 animus
1938 4475 2032 4531 sed
2078 4491 2274 4548 corpus
2305 4477 2355 4530 in
2385 4475 2570 4531 dolore
2625 4473 2897 4529 defecerat
2919 4515 2934 4538 ,
2995 4475 3192 4546 quique
3235 4474 3445 4530 veniam
3494 4493 3600 4531 non

300 4565 574 4636 laerymis,
605 4564 697 4620 sed
729 4580 920 4621 cruore
941 4573 995 4622 et
1013 4565 1320 4622 vulneribus
1344 4559 1614 4638 petebant,
1647 4577 1844 4640 quanta
1885 4567 2189 4625 humanitas
2235 4559 2476 4625 exhiberi
2528 4569 2733 4625 soleret
2778 4569 2829 4624 in
2879 4567 3138 4638 Ecclesia,
3188 4578 3300 4625 tum
3347 4585 3412 4626 ex
3456 4569 3595 4626 libro

303 4659 637 4733 Cyprianide
660 4659 866 4732 Lapsis,
897 4677 945 4732 p.
971 4661 1094 4728 185,
1120 4671 1231 4716 tum
1259 4677 1326 4717 ex
1354 4661 1597 4731 ejusdem
1628 4662 1866 4733 Epistola
1908 4681 2020 4734 LIII,
2056 4663 2280 4735 perspici
2307 4673 2501 4733 potest.

376 4753 510 4822 Quid
544 4755 704 4825 igitur
732 4765 1028 4811 statuemus
1057 4756 1124 4811 de
1145 4755 1510 4813 Tertulliano?
1538 4758 1585 4813 Is
1606 4773 1736 4814 sane
1759 4768 1901 4816 totus
1929 4770 2074 4816 errat
2103 4761 2153 4815 in
2181 4760 2415 4816 Montani
2442 4754 2632 4816 castris
2679 4776 2742 4816 ac
2778 4775 2962 4817 secum
2992 4769 3220 4831 pugnat,
3268 4758 3363 4814 sed
3415 4767 3592 4814 tamen

294 4862 585 4917 numquam
614 4848 731 4904 sine
758 4849 935 4920 aliqua
977 4849 1174 4920 ingenii
1223 4851 1338 4906 luce
1369 4850 1561 4906 delirat
1590 4869 1604 4917 ;
1635 4867 1735 4908 nec
1759 4868 1882 4909 eum
1910 4853 2045 4910 adeo
2068 4853 2385 4910 crediderim
2427 4853 2748 4924 desipuisse,
2785 4866 2842 4909 ut
2876 4853 3125 4910 omnibus
3171 4853 3478 4909 hominibus
3526 4853 3599 4906 ri-

303 4937 538 4994 dendum
562 4955 622 4995 se
649 4941 700 4996 in
731 4950 922 5011 aperto
948 4941 1230 4998 mendacio
1259 4943 1583 5015 propinaret.
1617 4946 1978 5014 Quamobrem
2009 4946 2136 5001 illttd
2170 4946 2384 5002 eﬂatum
2415 4988 2428 5010 ,
2477 4967 2494 4998 ‹
2544 4962 2717 5017 neque
2760 4945 3073 5002 idololatriae
3126 4962 3300 5018 neque
3350 4943 3602 5015 sanguini

292 5045 395 5102 pax
417 5032 485 5086 ab
513 5033 754 5089 ecclesiis
798 5033 1068 5102 redditur,
1120 5055 1139 5088 ι
1185 5053 1289 5091 non
1354 5037 1422 5092 de
1469 5038 1780 5104 catholicis,
1833 5038 1927 5093 sed
1979 5038 2044 5092 de
2085 5037 2523 5094 Montanismrum
2571 5038 2813 5094 ccclesiis
2863 5038 3343 5109 interpretandum.
3391 5035 3598 5091 Nomen

295 5126 539 5182 ecclesiae
585 5126 948 5185 Tertullianus
974 5129 1206 5186 Montani
1239 5140 1400 5186 sectm
1430 5131 1646 5203 proprio
1673 5131 1902 5203 quodam
1925 5132 2046 5203 jure
2062 5131 2202 5189 solet
2228 5132 2539 5198 vindicare;
2569 5131 2712 5186 velut
2752 5147 2875 5187 cum
2919 5147 3035 5186 eam
3094 5139 3248 5185 vocat
3299 5129 3597 5184 Ecclesiatn

296 5220 556 5291 Spiritus,
584 5220 880 5276 Ecclesiam
907 5221 959 5276 itt
992 5223 1158 5278 tribus
1190 5225 1441 5294 positam,
1473 5240 1591 5296 cap.
1615 5225 1708 5292 2|,
1733 5233 1824 5278 aut
1850 5240 1972 5279 cum
2000 5227 2074 5280 ait
2100 5241 2219 5294 cap.
2264 5225 2363 5280 1οε
2411 5244 2429 5276 ‹
2475 5223 2734 5280 Cederem
2786 5223 2878 5278 tibi
2921 5224 2964 5278 si
3013 5223 3275 5292 scriptura
3321 5221 3558 5277 Pastoris
3580 5263 3593 5284 ,

287 5330 410 5385 qme
431 5314 546 5369 sola
592 5314 834 5370 nttcchos
878 5325 1058 5381 amat,
1113 5316 1293 5372 divino
1339 5319 1696 5374 instrumento
1747 5322 2033 5374 meruisset
2060 5319 2449 5386 incidi;sinou
2489 5320 2556 5374 ab
2579 5318 2723 5373 omni
2765 5318 2993 5373 concilio
3022 5315 3402 5384 ecclesiarum,
3437 5317 3599 5372 etiam

288 5419 613 5475 vestrarum,
645 5413 787 5464 inter
813 5410 1118 5481 apocrypha
1147 5420 1201 5464 ct
1223 5410 1352 5465 falsa
1375 5411 1728 5481 judicaretur.
1779 5432 1798 5464 ι
1849 5409 2069 5467 Videtur
2091 5412 2188 5466 sibi
2213 5411 2436 5467 multutn
2480 5410 2698 5465 honoris
2730 5407 3021 5464 Catholicis
3050 5407 3282 5482 habere,
3310 5410 3355 5464 si
3402 5424 3588 5466 eorum

287 5503 694 5574 ecclesiis,post
717 5502 950 5558 Montani
980 5515 1203 5566 sectam.
1229 5504 1494 5560 secundas
1525 5505 1799 5559 attribuat.
1831 5504 1992 5560 Aliud
2036 5505 2300 5576 proferam
2331 5504 2644 5574 exemplum
2689 5518 2752 5558 ex
2804 5515 2852 5556 c.
2882 5501 2945 5568 7,
3002 5501 3089 5556 ubi
3137 5501 3329 5571 probat
3376 5503 3494 5558 ovis
3547 5515 3600 5558 ct

288 5596 562 5652 drachma:
597 5597 879 5668 parabolas
905 5613 1010 5652 non
1059 5600 1350 5654 convenire
1383 5600 1433 5653 in
1466 5599 1736 5656 mtechnm
1767 5601 2294 5668 antfornicatorem,
2343 5600 2466 5672 quia
2512 5619 2530 5652 ι
2578 5599 2734 5656 simul
2763 5596 3045 5668 apparuit,
3085 5596 3265 5652 statim
3317 5596 3479 5653 homo
3530 5598 3597 5652 de

293 5690 535 5746 Ecclesia
563 5689 801 5760 pellitur,
832 5705 932 5747 nec
958 5691 1030 5746 illi
1060 5700 1268 5758 manet,
1301 5705 1399 5746 nec
1427 5691 1678 5760 gaudium
1710 5691 1920 5747 confert
1947 5692 2223 5764 repertriei
2246 5692 2524 5760 Ecclesiae,
2558 5690 2651 5748 sed
2685 5691 2907 5755 luctum,
2937 5704 3035 5744 nec
3077 5689 3592 5761 congratulationem

292 5785 512 5840 advocat
549 5784 866 5850 vieinarmn,
897 5785 990 5841 sed
1017 5783 1487 5840 contristationem
1520 5783 1884 5854 proximarum
1913 5785 2325 5842 fratcrnitatmn.
2379 5805 2396 5837 ι
2441 5785 2582 5840 Cave
2614 5791 2763 5854 putes
2796 5781 3055 5838 Ecclesiae
3082 5797 3286 5838 morem
3331 5782 3586 5848 describi,

292 5879 538 5950 quamvis
563 5880 865 5949 generatim
889 5879 1136 5949 loquatur
1158 5879 1554 5946 Tertullianus;
1589 5896 1761 5952 neque
1789 5880 1931 5936 enim
1958 5878 2078 5935 hac
2100 5877 2363 5934 Ecclesia:
2389 5876 2703 5933 cltaritatem
2727 5874 3005 5941 redolent,
3031 5874 3126 5930 sed
3156 5870 3600 5928 inhumanitatcm

288 5973 775 6041 Montanistarum,
803 5973 894 6043 qui
924 5973 1164 6043 dignmos
1190 5972 1319 6028 foris
1348 5971 1626 6040 sistebant,
1660 5988 1720 6028 ac
1768 5991 1785 6023 ι
1835 5971 2078 6029 eumdem
2106 5971 2327 6028 limitem
2359 5969 2558 6026 liminis
2585 5967 2806 6026 numellis
2848 5983 3061 6042 quoque
3087 5975 3142 6024 et
3183 5964 3596 6025 fornicatoribus
