4050 6416
434 427 498 489 51
1366 419 1387 431 '
1869 390 2257 480 ramento.
3662 416 3739 485 52

440 545 679 619 ﬁgebant
703 561 717 613 ;
745 541 958 616 jejunas
986 541 1130 614 pacis
1149 541 1414 616 laerymas
1454 537 1778 614 profusuris,
1809 553 1908 595 nec
1937 539 2167 610 amplius
2213 538 2281 596 ab
2314 536 2553 595 Ecclesia
2610 552 2771 612 quam
2818 536 3238 611 publicationem
3287 534 3576 595 dedecoris
3604 538 3755 597 rela-

438 638 597 693 turis.
650 657 669 691 ι
714 635 906 708 Liquet
934 635 986 691 in
1026 632 1292 706 ejusmodi
1320 634 1451 690 locis
1483 649 1588 689 non
1613 632 1812 689 Christi
1846 631 2178 700 Ecclesiam,
2232 631 2329 689 sed
2376 631 2609 688 Montani
2654 632 3059 705 intelligendam
3104 645 3245 689 esse.
3295 630 3474 689 Testis
3511 642 3596 690 est
3636 635 3755 707 ipse

443 729 808 787 Tertullianus
856 736 1053 800 quanta
1081 726 1412 783 humanitate
1455 727 1508 781 in
1549 716 1795 782 Ecclesia
1842 724 2107 782 catholica
2150 725 2326 797 excipi
2371 725 2609 781 solerent
2645 726 2734 797 qui
2769 725 3135 797 paenitentiam
3178 722 3430 796 petebant
3476 743 3487 780 :
3536 743 3556 776 ι
3604 726 3667 782 Ει
3693 736 3756 784 ιιι

443 825 684 898 quidem,
715 825 885 896 inquit
910 838 1029 895 cap.
1070 822 1171 891 15,
1207 820 1576 895 paenitentiam
1603 820 1804 878 moechi
1830 819 1897 876 ad
1921 818 2252 876 exorandam
2292 817 2685 876 fraternitatem
2735 820 2790 875 in
2838 818 3135 875 Ecclesiam
3187 818 3478 888 inducens,
3525 820 3754 878 concili-

440 920 642 976 ciatnm
677 928 730 974 et
760 919 1162 975 concineratum
1189 958 1204 979 ,
1237 931 1357 971 cum
1385 910 1653 971 dedecore
1696 923 1752 970 et
1781 899 2007 969 lterrore
2034 913 2394 984 compositum
2445 912 2743 984 prOSternis
2795 912 2851 967 in
2892 911 3125 968 medium
3180 919 3304 967 ante
3358 908 3577 979 viduas,
3626 921 3756 969 ante

443 1013 796 1087 presbyteros
822 1054 834 1080 ,
867 1006 1107 1066 omnium
1141 1009 1360 1065 lacinias
1401 1007 1740 1064 invadentem
1764 1049 1778 1073 ,
1810 1008 2053 1064 omnium
2081 1007 2302 1078 vestigia
2337 1005 2695 1072 lambentem,
2723 1004 2961 1061 omnium
2989 1019 3161 1074 genua
3192 1003 3558 1072 detinentem;
3592 1005 3755 1078 inque

449 1120 573 1161 eum
600 1103 836 1159 hominis
867 1102 1070 1159 exitum
1099 1101 1315 1173 quantis
1345 1110 1498 1171 potes
1534 1098 1922 1157 misericordiae
1963 1099 2251 1155 inlecebris
2291 1098 2464 1154 bonus
2506 1107 2692 1169 pastor
2732 1105 2787 1153 et
2829 1095 3144 1154 benedictus
3184 1095 3326 1167 Papa
3370 1096 3707 1153 concinnaris
3732 1139 3753 1167 ,

444 1198 580 1254 etin
628 1196 880 1269 parabola
921 1196 1037 1251 ovis
1075 1202 1265 1267 capras
1306 1203 1423 1250 tuas
1462 1193 1688 1265 quaeris,
1740 1201 1827 1249 tua
1874 1192 1992 1248 ovis
2040 1207 2107 1248 ne
2143 1205 2332 1247 rursus
2367 1189 2436 1246 de
2479 1189 2723 1247 Ecclesia
2768 1187 3012 1254 exsiliat,
3054 1187 3208 1258 quasi
3252 1200 3360 1241 non
3401 1185 3598 1243 exinde
3636 1188 3751 1259 ja‘m

435 1292 602 1349 liceat
645 1290 786 1363 quod
828 1306 929 1347 nec
974 1289 1143 1347 semel
1179 1288 1349 1346 licuit.
1399 1307 1418 1342 ι
1461 1284 1923 1357 Quemadmodum
1964 1300 2093 1357 ergo
2133 1284 2494 1341 Tertullianus
2535 1284 2605 1340 de
2655 1282 2887 1339 Montani
2923 1281 3151 1337 ecclesia
3197 1279 3467 1350 loquitur,
3510 1293 3634 1335 cum
3673 1281 3752 1339 ait

439 1386 713 1444 moechum
738 1392 792 1442 et
824 1383 1236 1451 fornicatorcm,
1270 1382 1429 1439 simul
1454 1381 1735 1454 apparuit,
1764 1381 1830 1436 de
1858 1380 2102 1437 Ecclesia
2145 1379 2307 1451 pelli,
2350 1379 2430 1435 sic
2461 1379 2624 1434 etiam
2670 1377 2737 1434 ad
2778 1376 3222 1433 Montanistarum
3270 1387 3570 1447 synagogas
3612 1372 3755 1431 refe-

439 1474 668 1530 rendum
713 1476 855 1547 quod
887 1475 980 1544 ait,
1011 1489 1187 1546 neque
1213 1472 1530 1530 idololatriae
1558 1490 1733 1545 neque
1758 1473 2008 1545 sanguini
2039 1488 2225 1544 pacem
2255 1473 2322 1527 ab
2350 1473 2611 1529 ecclcsiis-
2628 1471 2799 1528 reddi.
2833 1470 3035 1528 Eodem
3079 1468 3244 1526 modo
3286 1466 3779 1539 interpretandum_

445 1568 582 1625 illud
614 1584 682 1625 ex
706 1570 851 1627 c.1'5
878 1612 893 1639 ,
942 1588 959 1622 t
1003 1568 1114 1624 illis
1152 1569 1296 1624 enim
1324 1569 1480 1624 venia
1525 1576 1752 1639 negatur
1802 1568 1893 1643 qui
1929 1564 1998 1623 de
2038 1566 2145 1623 fide
2182 1566 2233 1621 in
2252 1566 2641 1638 blasphemiam
2686 1570 3035 1635 negaverunt.
3084 1579 3105 1615 ι
3149 1561 3594 1618 Montanistarum
3634 1562 3752 1616 haec

439 1662 707 1719 severitas
729 1705 743 1728 ,
774 1676 882 1717 non
909 1658 1309 1717 Catholicorum
1337 1672 1473 1732 quos
1509 1661 1624 1732 ipse
1664 1658 2031 1716 Tertullianus
2058 1660 2336 1732 impugnat
2372 1674 2494 1732 cap.
2528 1658 2630 1729 19,
2675 1657 2820 1731 quod
2864 1658 2931 1714 iis
2972 1657 3064 1728 qui
3108 1666 3127 1709 ‹
3174 1664 3295 1727 post
3322 1654 3479 1712 fidem
3504 1655 3676 1711 vivam
3721 1666 3748 1710 ι

444 1754 500 1810 in
523 1752 772 1808 hmrcsim
795 1751 931 1824 lapsi
956 1751 1184 1821 fuerant,
1215 1754 1424 1808 veniam
1455 1752 1839 1809 concederent.

509 1846 618 1903 Sed
667 1847 769 1902 alia
822 1858 1072 1919 supercsr
1129 1844 1386 1903 solvenda
1424 1845 1745 1913 difficultas,
1803 1860 1901 1902 cur
1948 1844 2315 1902 Tertullianus
2354 1846 2406 1902 in
2457 1844 2559 1902 hac
2595 1828 2964 1901 controversia
3005 1843 3086 1899 sic
3118 1846 3351 1913 pugnet,
3389 1842 3541 1914 quasi
3582 1841 3752 1912 ipsius

440 1939 737 1997 adversarii
768 1952 918 2012 spem
941 1952 1157 1995 omnem
1184 1939 1356 1996 venia:
1381 1938 1679 1995 idololatria
1706 1947 1761 1995 et
1786 1939 2070 1997 homicidia
2106 1938 2469 2013 praecludant;
2512 1939 2675 2011 idque
2715 1938 3019 2011 argumenti
3061 1937 3182 1992 loco
3219 1935 3477 2008 arripiat,
3524 1945 3582 1992 ut
3623 1946 3749 1993 cura

441 2035 683 2092 mtechis
726 2040 781 2089 et
818 2033 1234 2089 fornicatoribus
1277 2031 1468 2089 eodem
1504 2030 1666 2088 modo
1706 2032 1897 2104 probet
1936 2047 2059 2090 esse
2101 2032 2389 2105 agendum.
2439 2050 2458 2084 ι
2505 2031 2645 2101 Quid
2667 2032 2812 2103 agit,
2854 2030 3026 2101 inquit
3057 2044 3179 2101 cap.
3225 2029 3296 2096 5,
3342 2028 3661 2085 mollissima
3694 2039 3751 2085 es

434 2130 833 2188 humanissima
855 2129 1166 2202 disciplina?
1193 2134 1299 2185 Aut
1319 2128 1569 2185 omnibus
1596 2131 1673 2185 eis
1703 2128 1805 2186 hoc
1833 2144 1955 2187 esse
1992 2131 2244 2197 debebis;
2272 2131 2404 2186 beati
2431 2131 2578 2189 enim
2602 2130 2839 2202 paciﬁci;
2876 2138 2967 2183 aut
3005 2128 3050 2183 si
3092 2140 3200 2183 non
3241 2126 3519 2192 omnibus,
3565 2138 3749 2184 nostra

439 2241 584 2282 esse.
616 2225 967 2280 ldololatram
998 2225 1214 2296 quidem
1243 2234 1298 2281 et
1329 2226 1677 2298 homicidium
1714 2232 1884 2287 semel
1913 2230 2173 2299 damnas,
2216 2228 2488 2287 mtechum
2529 2241 2660 2284 vero
2699 2226 2767 2283 de
2791 2224 2971 2283 medio
2997 2224 3232 2297 excipis,
3270 2224 3589 2281 idololatria)
3628 2234 3752 2282 sue-

437 2332 737 2386 ccssoretn,
772 2310 1059 2374 homicida:
1086 2320 1485 2377 antecessorem
1504 2364 1518 2388 ,
1549 2324 1828 2395 utriusque
1852 2325 2149 2398 collegam?
2177 2323 2430 2381 Personae
2458 2322 2757 2394 aceeptatio
2783 2329 2896 2387 est,
2945 2320 3366 2377 miserabiliores
3403 2306 3749 2392 penitentias

436 2411 726 2483 reliquisti.
758 2428 776 2463 ι
811 2409 879 2465 Et
897 2423 1017 2484 cap.
1046 2406 1113 2466 6:
1148 2428 1167 2463 ‹
1207 2410 1366 2468 Dabis
1394 2427 1522 2484 ergo
1553 2422 1607 2470 et
1637 2414 1952 2472 idololatria:
1982 2427 2035 2473 et
2061 2417 2211 2472 omni
2238 2426 2497 2488 apostatte
2526 2413 3273 2483 veniam...,communicabis
3294 2423 3351 2470 et
3382 2411 3687 2480 homicidae;
3721 2430 3745 2468 ι

440 2504 572 2582 citat
602 2518 721 2574 cap.
758 2502 859 2571 i9,
896 2503 1061 2558 verba
1090 2498 1313 2560 Joannis
1348 2521 1361 2558 :
1396 2506 1460 2562 Si
1479 2506 1779 2576 conﬁtemur
1804 2508 1989 2564 delicta
2016 2518 2209 2577 nostra,
2238 2509 2406 2580 ﬁdelis
2432 2517 2479 2564 et
2493 2511 2668 2582 justus
2697 2517 2789 2575 est,
2821 2517 2876 2563 ut
2913 2508 3134 2563 dimittat
3162 2523 3222 2563 ea
3246 2507 3409 2576 nobis,
3441 2518 3489 2563 et
3518 2508 3752 2567 cinaede:

435 2613 534 2653 nos
566 2596 628 2651 ab
684 2595 821 2651 omni
853 2595 1146 2666 injustitia;
1188 2606 1300 2652 tum
1335 2596 1485 2655 addit
1532 2616 1547 2655 :
1596 2618 1616 2652 ι
1662 2598 1930 2672 Numquid
1968 2602 2036 2659 ab
2074 2602 2446 2658 immunditia?
2490 2602 2598 2658 Aut
2639 2603 2684 2658 si
2726 2604 2799 2658 ita
2840 2609 2956 2669 est,
3003 2617 3132 2673 ergo
3173 2613 3227 2658 et
3261 2602 3329 2658 ab
3363 2601 3686 2659 idololatria.
3721 2625 3742 2660 ι

433 2691 534 2749 liis
572 2691 708 2747 addc
735 2690 877 2762 quod
899 2705 964 2745 ex
995 2706 1115 2761 cap.
1156 2692 1342 2747 ultimo
1382 2706 1544 2764 supra
1576 2693 1898 2750 retulimus:
1946 2713 1965 2747 ι
2012 2694 2373 2769 Quaecumque
2409 2698 2727 2765 auctoritas,
2760 2711 3112 2769 quaecumque
3150 2695 3287 2751 ratio
3327 2695 3539 2751 mmcho
3564 2706 3618 2752 et
3639 2697 3747 2754 for-

432 2783 658 2842 nicatori
690 2798 873 2853 pacem
913 2784 1332 2841 ecclesiasticam
1365 2786 1571 2856 reddit,
1618 2788 1807 2845 eadem
1861 2790 2077 2847 debebit
2104 2799 2158 2847 et
2217 2791 2513 2848 idololatrte
2535 2801 2590 2847 et
2640 2791 2923 2848 homicidis
2965 2793 3350 2865 ptenitentibus
3376 2791 3679 2849 subvenire.
3721 2800 3741 2847 δ

509 2877 618 2934 Sed
640 2879 835 2949 quibus
863 2887 1047 2935 uotum
1077 2890 1132 2935 et
1168 2889 1549 2952 pertractatum
1569 2893 1653 2939 est
1692 2885 2008 2942 Tertulliani
2049 2889 2352 2960 ingenium,
2399 2889 2481 2946 his
2508 2888 2683 2946 facilis
2721 2890 2829 2947 erit
2851 2892 2905 2946 in
2942 2890 3086 2946 illius
3120 2893 3440 2949 sententiam
3481 2892 3746 2957 introitus,

436 2973 850 3032 Defendendum
893 2984 1207 3049 susceperat
1232 2977 1377 3049 quod
1410 2978 1464 3033 iu
1506 2979 1949 3036 Montanislarum
1981 2997 2141 3040 causa
2174 2987 2410 3042 maxime
2468 2985 2671 3042 nudum
2709 2997 2764 3044 et
2808 2986 3237 3044 adversariorum
3284 2986 3407 3044 telis
3447 2986 3749 3061 expositum

441 3079 580 3128 erat.
608 3070 753 3126 Nihil
778 3070 921 3127 enim
951 3070 1078 3128 huic
1097 3082 1259 3128 sectae
1287 3071 1549 3144 majorem
1576 3074 1834 3131 invidiam
1865 3078 2120 3146 creabat,
2157 3093 2319 3150 quam
2348 3080 2493 3152 quod
2528 3081 2833 3148 adulteros,
2863 3083 3217 3139 fornicatores
3253 3091 3308 3139 et
3342 3083 3583 3155 digamos
3625 3082 3750 3138 foris

438 3168 729 3235 sisterent,
758 3165 905 3222 nulla
943 3180 1039 3237 spe
1077 3168 1226 3237 pacis
1252 3183 1319 3223 ne
1347 3168 1400 3223 in
1437 3178 1680 3226 extremo
1727 3169 1943 3243 quidem
1989 3173 2182 3244 spiritu
2215 3174 2422 3231 relicta.
2465 3176 2638 3245 Quam
2673 3176 2835 3249 igitur
2868 3179 3007 3233 viam
3050 3178 3260 3234 insistet
3295 3177 3655 3234 Tertullianus
3696 3186 3751 3233 ιιι

440 3280 503 3321 se
530 3281 594 3321 ex
626 3266 858 3322 molesto
880 3276 935 3322 et
961 3265 1169 3323 difﬁcili
1212 3267 1334 3325 loco
1368 3268 1653 3338 expediat?
1699 3268 1898 3326 Statuit
1946 3269 2139 3342 duplex
2168 3287 2291 3329 esse
2333 3282 2674 3343 peccatorum
2707 3288 2895 3347 genus.
2943 3291 2962 3325 ι
3009 3274 3126 3329 Alia
3168 3280 3325 3329 erunt
3372 3272 3745 3339 remissibilia,

443 3359 761 3431 inquiteap.
793 3359 849 3427 2,
879 3358 979 3415 alia
1010 3360 1420 3417 irremissibilia.
1463 3362 1775 3417 Secundum
1814 3362 1957 3433 quod
1997 3363 2199 3419 nemini
2241 3364 2461 3421 dubium
2503 3374 2585 3421 est
2636 3365 2738 3420 alia
2783 3365 3190 3437 castigationem
3220 3364 3437 3432 mereri,
3479 3364 3579 3419 alia
3602 3364 3751 3419 dant-

439 3454 735 3510 nationcm.
775 3452 948 3509 Omne
977 3453 1233 3510 delictum
1270 3463 1363 3510 aut
1405 3454 1561 3510 venia
1606 3454 1867 3526 expungit
1906 3465 1997 3511 aut.
2029 3470 2184 3527 pmna
2225 3473 2239 3510 :
2273 3453 2427 3513 venia
2453 3472 2517 3512 ex
2560 3456 2944 3529 castigatione,
2991 3470 3151 3527 paena
3194 3471 3259 3511 ex
3303 3454 3662 3509 damnatione.
3717 3460 3739 3506 r

440 3553 624 3612 Utitur
649 3554 843 3612 deinde
873 3555 1192 3611 auctoritate
1220 3554 1443 3611 Joannis
1474 3554 1719 3626 qumdatn
1752 3564 1967 3626 peccata
2023 3555 2226 3613 nonad
2271 3563 2501 3612 mortem
2563 3564 2615 3610 et
2661 3554 2905 3626 qumdam
2947 3554 3013 3609 ad
3065 3561 3291 3609 ntortcm
3339 3551 3735 3624 distinguentis.

447 3668 469 3701 ι
517 3648 825 3705 Secundum
849 3646 989 3705 hanc
1032 3646 1392 3703 differentiam
1423 3647 1797 3712 delictorutn,.
1829 3648 2033 3719 inquit,
2083 3648 2412 3720 paenitentia:
2451 3660 2665 3719 quoque
2717 3645 2953 3702 conditio
3007 3644 3427 3701 discritninatur.
3474 3643 3589 3699 Alia
3634 3643 3738 3698 erit

443 3758 564 3813 qua:
591 3739 800 3811 veniam
841 3740 1098 3810 consequi
1145 3740 1347 3811 possit,
1378 3740 1430 3793 in
1462 3739 1660 3795 delicto
1698 3740 1902 3796 scilicet
1948 3739 2290 3808 t'cmissibili;
2319 3739 2421 3795 alia
2452 3754 2571 3811 quzr.
2592 3738 2848 3808 consequi
2868 3737 3012 3793 nullo
3035 3736 3195 3792 modo
3220 3736 3417 3807 possit,
3452 3737 3502 3790 in
3546 3734 3742 3793 delicto

439 3832 647 3889 scilicet
688 3831 1067 3887 irrctnissibili.
1100 3852 1117 3883 ι
1152 3831 1269 3887 Hoc
1315 3833 1489 3902 posito
1539 3833 1822 3904 principio,
1869 3832 2108 3889 declarat
2133 3834 2232 3889 sibi
2252 3835 2580 3904 propositum
2619 3847 2739 3888 esse
2784 3848 2803 3883 ο
2849 3832 3157 3902 specialiter
3185 3830 3254 3886 de
3275 3828 3522 3886 nuncium
3553 3836 3605 3886 et
3633 3829 3738 3884 fur:

444 3929 737 3983 nicationis
770 3916 912 3982 statu
942 3925 1252 3983 examinare
1278 3929 1331 3982 in
1359 3941 1519 3998 quam
1547 3925 1865 3982 delictorum
1897 3939 2106 3998 partem
2137 3927 2369 3984 debeant
2396 3927 2589 4000 redigi.
2630 3947 2648 3981 ι
2695 3918 2801 3983 Sed
2840 3926 2964 3997 quia
3001 3925 3202 3980 sciebat
3243 3924 3381 3980 hanc
3408 3934 3745 3996 peceatortm

443 4021 844 4077 distinctionem
883 4036 913 4075 a
944 4018 1233 4075 Catholicis
1262 4019 1450 4090 rejici,
1501 4018 1737 4076 breviter
1773 4034 1868 4075 eos
1921 4010 2244 4075 refellendos
2300 4026 2483 4091 putat,
2523 4029 2809 4091 antequam
2858 4017 3143 4074 ntoechiam
3200 4018 3252 4071 in
3296 4019 3526 4088 peccatis
3580 4024 3735 4072 nutu-

442 4130 604 4186 quam
636 4112 973 4168 dimittendis
1020 4106 1321 4168 habendam
1354 4126 1476 4169 esse
1503 4121 1745 4183 pugnet:
1793 4129 1812 4164 ι
1858 4108 1964 4168 Sed
2010 4111 2160 4183 prius
2212 4110 2495 4179 decidam,
2539 4111 2747 4182 inqttit,
2793 4108 3213 4165 intercedentem
3258 4118 3326 4164 ex
3390 4109 3602 4163 diverso
3657 4112 3742 4164 t‘e-

445 4198 793 4277 sponsionem
820 4203 885 4260 ad
914 4218 1030 4259 eam
1060 4205 1387 4276 pmnitentia:
1416 4204 1674 4275 speciem,
1704 4218 1863 4277 quam
1908 4220 2029 4260 cum
2079 4206 2311 4259 maxime
2339 4204 2679 4259 definivimus
2718 4205 2870 4258 venia
2911 4217 3118 4257 carere.
3150 4201 3205 4257 Si
3233 4201 3406 4262 enim.
3426 4240 3433 4247 .
3456 4202 3697 4272 inquiunt
3725 4245 3741 4267 ,

443 4299 619 4368 aliqua
654 4297 968 4367 poenitentia
999 4305 1146 4353 caret
1185 4300 1371 4367 venia,
1411 4298 1521 4370 jam
1572 4313 1672 4354 nec
1724 4299 1776 4354 in
1807 4308 1976 4354 totum
2019 4292 2224 4371 agenda
2271 4297 2362 4354 tibi
2415 4308 2514 4353 cst.
2572 4296 2713 4353 Nihil
2760 4299 2901 4353 enim
2930 4296 3194 4367 agendum
3221 4295 3540 4352 estnostra.
3572 4294 3740 4350 Porro

445 4390 643 4447 frustra
672 4401 860 4463 agetur
890 4392 1230 4462 poenitentia,
1257 4393 1300 4448 si
1324 4380 1674 4449 caret‘venia.
1699 4392 1885 4453 Omnis
1906 4402 2084 4449 autem
2114 4393 2429 4466 paenitentia
2481 4391 2686 4464 agenda
2738 4401 2839 4448 est.
2892 4390 3035 4463 Ergo
3083 4391 3258 4446 omnis
3301 4390 3510 4446 veniam
3556 4400 3744 4444 consc-

440 4496 655 4559 quatur,
701 4504 769 4546 ne
792 4490 985 4546 frustra
1017 4496 1241 4563 agatur,
1276 4492 1399 4563 quia
1421 4507 1527 4547 non
1553 4493 1658 4549 erit
1686 4492 1907 4563 agenda,
1936 4494 1982 4548 si
2020 4490 2214 4547 frustra
2242 4499 2448 4561 agatur.
2484 4491 2652 4546 Porro
2692 4487 2889 4545 frustra
2919 4488 3139 4560 agetur,
3195 4486 3240 4541 si
3268 4486 3419 4541 venia
3450 4484 3673 4540 carebit.
3713 4492 3735 4537 1

441 4580 557 4636 lloc
585 4580 981 4639 Catholicorum
1030 4593 1400 4655 argumentum
1446 4602 1553 4641 non
1583 4585 1721 4641 belle
1766 4578 2385 4652 reiellit'l‘ettullianus;
2443 4584 2537 4639 sed
2570 4588 2771 4651 tamen,
2802 4592 3083 4654 postquam
3140 4579 3270 4637 illud
3326 4580 3429 4637 sibi
3458 4579 3604 4636 visus
3652 4570 3735 4634 esi

443 4674 661 4743 optimis
683 4676 979 4733 rationibus
1000 4678 1281 4745 evertisse,
1314 4687 1426 4733 tum
1454 4693 1585 4735 vero
1614 4678 1770 4750 quasi
1796 4678 1963 4735 instar
1983 4676 2269 4734 certissimi
2297 4678 2550 4751 principii
2578 4685 2850 4734 constaret
2899 4676 3143 4749 quardam
3178 4682 3394 4747 peccata
3439 4688 3560 4730 csse
3612 4674 3749 4729 irrc-

448 4762 753 4831 missibilia,
798 4768 850 4822 in
891 4766 942 4822 id
973 4780 1136 4824 unum
1169 4768 1428 4826 incumbit
1456 4778 1514 4825 ut
1538 4770 1824 4827 mwcltiam
1852 4781 1906 4827 et
1942 4772 2344 4829 fornicationem
2381 4786 2446 4829 ex
2486 4788 2552 4828 co
2594 4786 2790 4844 genere
2829 4786 2950 4829 esse
2988 4770 3340 4827 demonstret.
3388 4769 3567 4840 Quare
3615 4784 3739 4824 cum

446 4859 523 4913 ait
551 4875 566 4914 :
606 4877 625 4912 ι
661 4852 1023 4915 ldoiolatriam
1047 4861 1261 4932 quidem
1289 4871 1343 4919 et
1374 4863 1713 4920 homicidium
1741 4863 1907 4921 semel
1931 4865 2175 4931 damnas,
2215 4885 2235 4920 ι
2268 4881 2375 4923 non
2406 4864 2711 4922 Catholicos
2740 4865 2947 4938 arguit,
2974 4865 3123 4935 quasi
3154 4878 3337 4935 pacem
3377 4864 3459 4918 his
3500 4863 3735 4935 peccatis

443 4966 573 5006 vere
593 4950 863 5022 denegem
889 4961 944 5006 et
970 4965 1089 5007 cum
1115 4953 1372 5010 adulteris
1412 4954 1688 5012 liberalius
1727 4968 1921 5028 agant;
1954 4958 2050 5015 sed
2082 4968 2238 5030 urget
2285 4958 2685 5026 adversarium,
2741 4940 2904 5030 quem
2951 4958 3049 5014 sibi
3097 4958 3239 5014 visus
3280 4968 3362 5014 est
3416 4958 3637 5029 lrcgisse
3691 4964 3749 5012 et

442 5046 686 5114 coegisse
712 5052 769 5100 ut
792 5052 1012 5116 peccata
1042 5046 1283 5115 quaedam
1314 5047 1581 5118 graviora,
1616 5060 1670 5104 ut
1700 5048 2053 5105 idololatriatn
2080 5093 2096 5120 ,
2126 5051 2470 5108 homicidium
2496 5093 2511 5118 ,
2546 5050 2794 5108 hmresim
2828 5056 2949 5123 poSt
2986 5059 3285 5123 susceptam
3336 5050 3517 5113 fidem,
3553 5049 3747 5106 dimitti

443 5153 550 5193 non
579 5138 777 5195 debere
810 5134 1087 5196 fateretur.
1130 5139 1278 5197 Unde
1322 5140 1684 5199 Tertullianus
1735 5144 2140 5201 accommodate
2192 5145 2259 5201 ad
2310 5145 2604 5201 institutam
2667 5154 3009 5218 peccatorum
3060 5145 3416 5211 divisionem,
3476 5142 3749 5201 contendit

442 5230 786 5298 adulterium,
815 5242 874 5288 ttt
898 5231 1188 5289 homicidio
1213 5242 1269 5289 et
1292 5232 1610 5290 idololatriae
1642 5236 1867 5292 ﬂuitime
1889 5238 2144 5306 vicinum,
2169 5254 2198 5294 a
2228 5253 2326 5310 spe
2351 5240 2527 5295 venite
2549 5235 2940 5295 excludendum
2974 5257 2989 5306 ;
3022 5247 3116 5295 aut
3141 5240 3188 5295 si
3215 5239 3386 5295 lenius
3410 5246 3600 5311 agatttr
3626 5250 3746 5293 cum

443 5324 690 5390 moechis,
720 5324 1020 5382 homicidas
1064 5335 1119 5382 et
1164 5322 1476 5383 idololalras
1522 5329 1711 5385 eodem
1738 5330 1857 5400 jure
1900 5346 2021 5387 esse
2050 5331 2270 5389 debere.
2308 5332 2384 5386 Ex
2417 5331 2500 5387 his
2528 5331 2742 5388 elucere
2786 5331 3020 5388 arbitror
3048 5330 3428 5403 pmnilenlibus
3475 5333 3529 5387 in
3568 5330 3747 5388 Africa

443 5417 691 5475 eamdem
729 5435 792 5477 ac
818 5421 870 5477 in
913 5421 1034 5477 aliis
1082 5414 1327 5479 ecclesiis
1361 5421 1747 5480 humanitatem
1781 5426 2054 5495 patuisse;
2088 5426 2284 5481 nedum
2315 5442 2379 5481 ex
2408 5424 2493 5480 his
2523 5424 2838 5481 Tertulliani
2882 5423 3205 5482 testimoniis
3254 5422 3511 5496 colligere
3550 5424 3704 5480 liceat
3729 5465 3744 5492 ,

444 5521 503 5565 ut
532 5508 834 5569 doctissimi
862 5515 960 5570 viri
986 5514 1186 5583 fecere,
1211 5517 1347 5572 alias
1377 5518 1539 5572 etiam
1568 5515 1824 5574 ecclesias
1846 5520 2089 5576 severius
2115 5533 2236 5575 cum
2269 5519 2433 5591 lapsis
2459 5521 2654 5592 egisse.

447 5625 592 5683 X.-—-
616 5642 796 5683 UTBUM
821 5643 955 5685 NOVA
983 5644 1075 5691 SUB
1098 5646 1141 5687 S.
1173 5645 1432 5688 CYPRIANO
1453 5646 1680 5687 INDUCTA
1693 5646 1787 5709 κ81⁸1⁵
1808 5647 2118 5698 DlSClPLINA‘,
2134 5648 2199 5690 AC
2228 5648 2469 5690 PRISTINA
2490 5647 2783 5690 SEVERITAS
2799 5649 2849 5691 IN
2870 5647 3029 5691 SOLOS
3055 5636 3361 5689 APOSTATAS
3394 5646 3463 5688 ET
3490 5642 3748 5688 υεεειιτο-

1868 5741 1965 5781 uss
2000 5726 2284 5782 uersam?

440 5824 445 5829 '
515 5806 825 5886 lllustratis,
849 5824 910 5871 ut
941 5817 1230 5888 potuimus,
1263 5808 1578 5875 Tertulliani
1609 5819 1951 5888 testimoniis,
1985 5819 2192 5877 facilior
2212 5819 2318 5877 erit
2342 5830 2396 5877 et
2420 5819 2994 5892 solutiorinvestigatio
3026 5812 3305 5877 sentcntiae
3337 5819 3589 5893 Cypriani
3622 5835 3637 5873 :
3669 5817 3751 5873 fu-

445 5922 569 5963 cum
592 5910 734 5965 enim
768 5908 1012 5982 pluribus
1040 5911 1241 5968 fecerat
1271 5908 1653 5980 Tertullianus,
1681 5922 1738 5968 ut
1767 5923 1818 5969 et
1848 5910 2099 5986 Cypriani
2129 5929 2345 5971 sensum
2371 5928 2477 5970 non
2510 5913 2650 5971 belle
2674 5913 2999 5986 acciperent.
3029 5915 3154 5970 Tria
3180 5922 3358 5971 autem
3385 5908 3739 5971 examinanda

474 6012 796 6064 occurrunt:
830 6004 885 6062 i°
908 6021 977 6064 an
1007 6005 1286 6080 disciplina
1304 6006 1404 6069 sub
1429 6006 1696 6082 Cypriane
1715 6002 2025 6081 demitigata
2061 5998 2243 6081 fuerit,
2265 6006 2488 6082 pristina
2508 6008 2793 6071 severitate
2821 6004 2876 6070 in
2898 6007 3043 6070 solos
3068 6014 3338 6082 apostatas
3363 6016 3417 6068 et
3439 6008 3748 6068 desertores
