4050 6480
307 384 387 446 53
1739 372 2128 441 PREFATIO.
3300 384 3303 387 ’

301 513 549 573 retenta;
571 504 629 561 2°
653 516 721 561 an
745 502 907 578 lapsis
930 503 984 560 in
1006 503 1238 561 decursu
1280 504 1608 578 poenitentia:
1634 502 1991 559 morientibus
2019 494 2207 574 negata
2232 508 2335 575 pax
2368 500 2547 567 fuerit,
2575 502 2676 557 nisi
2707 499 2917 558 libellos
2945 516 2974 557 a
3024 503 3349 577 martyribus
3378 507 3617 576 accepis-

298 613 421 659 sent
453 621 467 670 ;
494 603 549 657 5⁸³
573 618 640 658 an
672 618 778 658 non
804 603 995 658 saltem
1021 602 1333 673 poenitentia
1368 600 1449 655 his
1473 601 1558 672 qui
1591 598 2027 655 sacriticaverant
2053 613 2223 670 usque
2273 598 2340 652 ad
2369 606 2599 653 mortem
2643 597 2893 669 imposita
2946 592 3126 666 fuerit,
3173 613 3273 654 nec
3310 600 3619 658 communio

297 696 405 752 nisi
438 695 487 751 in
518 696 707 751 mortis
734 694 960 751 articulo
982 704 1257 752 concessa.

372 789 525 861 Quod
546 797 752 862 spectat
774 789 841 847 ad
862 788 1156 862 disciplina:
1183 789 1631 857 immutationem,
1651 788 1924 845 existimat
1948 787 2341 859 Albaspinaeus,
2361 786 2454 843 lib.
2472 786 2516 843 ll
2535 787 2825 854 Obser‘val.,
2856 788 3173 845 idololatria:
3188 796 3241 845 et
3266 788 3386 844 aliis
3410 790 3618 860 gravis-

295 883 452 939 simis
481 884 794 940 criminibus
813 897 998 956 pacem
1020 882 1119 939 sub
1134 881 1406 956 Cypriano
1422 881 1649 938 concedi
1669 882 1921 953 cepisse,
1943 880 2016 936 ita
2048 887 2229 936 tamen
2274 888 2332 936 ut
2368 878 2627 938 adrersus
2655 887 2927 952 apostatas
2969 890 3023 937 et
3053 882 3362 939 desertores
3389 882 3610 954 antiqua

294 979 568 1035 severitas
593 979 813 1051 vigeret.
846 979 962 1035 Non
993 979 1168 1035 solum
1197 978 1517 1035 Tertulliani
1565 977 1890 1034 testimoniis
1917 977 2106 1033 nititur
2133 976 2478 1033 doctissimus
2517 977 2824 1049 episcopus,
2866 992 3051 1034 verum
3094 979 3256 1041 etiam
3306 979 3615 1049 argumenti

294 1072 423 1129 loco
461 1072 626 1129 sumit
664 1072 808 1145 quod
837 1088 937 1130 nec
968 1070 1268 1145 Cyprianus
1291 1087 1391 1129 nec
1417 1070 1607 1129 Clerus
1634 1072 1910 1127 Romanus
1937 1070 2005 1127 de
2027 1070 2188 1142 lapsis
2205 1070 2496 1143 quidquam
2514 1076 2754 1129 statuere
2775 1073 2889 1128 ausi
2912 1073 3039 1140 sint,
3069 1072 3163 1129 sed
3183 1072 3398 1128 concilii
3426 1080 3615 1128 aucto-

292 1164 509 1222 ritatcm
542 1166 1007 1238 exspectaverint;
1040 1177 1149 1222 tum
1176 1165 1336 1223 etiam
1366 1165 1507 1238 quod
1529 1162 1828 1239 Cyprianus
1863 1166 2007 1220 dicat
2032 1178 2091 1221 se
2128 1183 2147 1218 ι
2186 1167 2498 1222 necessitati
2540 1169 2841 1239 temporum
2871 1166 3240 1235 succubuisse,
3283 1186 3302 1220 ›
3339 1177 3395 1223 et
3432 1168 3614 1223 nimiae

293 1258 633 1314 remissionis
663 1258 1023 1331 suspicionem
1056 1259 1390 1327 reformidet,
1414 1259 1537 1332 quia
1574 1274 1594 1312 ‹
1630 1258 1712 1314 his
1734 1259 1821 1330 qui
1852 1258 2050 1314 libellis
2077 1258 2459 1315 conscientiam
2491 1267 2644 1315 suam
2680 1261 3089 1328 maculaverint,
3125 1262 3209 1317 vel
3251 1259 3481 1316 nefanda
3524 1276 3613 1316 sa-

291 1351 495 1407 crificia
540 1352 926 1423 commiserint,
960 1354 1238 1411 laxandam
1282 1366 1468 1427 pacem
1509 1362 1784 1427 potaverat
1816 1351 2025 1427 (Epist.
2062 1368 2155 1422 ιιι,
2186 1370 2308 1427 pag.
2336 1354 2405 1412 67
2432 1356 2474 1427 ).
2515 1376 2534 1410 ι
2592 1356 2746 1413 Unde
2776 1357 3051 1413 contendit
3079 1358 3452 1427 Albaspinzeus
3493 1371 3605 1413 non

306 1452 421 1502 tam
447 1445 659 1502 anxiam
683 1445 840 1518 hujus
866 1447 945 1504 rei
968 1446 1414 1506 deliberationem
1449 1448 1682 1505 futuram
1701 1447 1887 1515 fuisse,
1911 1448 1955 1503 si
1986 1462 2260 1504 concessa:
2298 1449 2444 1521 pacis
2464 1450 2518 1505 in
2548 1450 2914 1521 superioribus
2935 1451 3399 1523 persecutionibus
3417 1464 3606 1506 exeras

291 1538 383 1611 pla
409 1539 849 1610 prtecessissent;
883 1556 985 1598 nec
1014 1543 1434 1599 commissurum
1475 1542 1644 1599 fuisse
1671 1541 2022 1614 Cyprianum,
2070 1550 2129 1596 ut
2167 1542 2308 1614 quod
2338 1541 2602 1613 majorum
2651 1544 2972 1599 auctoritate
3022 1542 3350 1609 firmaretur,
3382 1542 3435 1599 id
3486 1559 3515 1598 a
3550 1556 3614 1599 so

292 1631 533 1688 laxatum
558 1631 782 1690 diceret.
807 1632 925 1691 Non
949 1634 1214 1691 absimilis
1239 1634 1442 1692 Petavii
1476 1636 1766 1705 sententia,
1793 1645 1850 1691 ut
1876 1650 2039 1706 supra
2063 1635 2320 1691 vidimus.
2348 1635 2453 1693 Sed
2485 1636 2755 1693 eruditum
2805 1639 3123 1710 scriptorem
3171 1638 3515 1711 praeiudicata
3544 1648 3612 1695 ex

297 1724 617 1783 Tertulliani
637 1720 975 1798 testimoniis
1004 1728 1188 1801 opinio
1211 1729 1265 1785 in
1289 1744 1528 1787 errorem
1558 1728 1769 1785 induxit
1800 1746 1814 1784 :
1847 1726 2053 1784 nullum
2082 1729 2226 1786 enim
2269 1729 2368 1785 hac
2407 1731 2460 1785 in
2494 1745 2554 1786 re
2585 1730 2867 1803 vestigium
2913 1732 3165 1787 novitatis
3209 1732 3347 1802 apud
3374 1731 3609 1802 Cypriad

291 1833 444 1889 num,
472 1832 578 1892 quo
605 1832 765 1877 nemo
792 1822 992 1878 veteris
1018 1821 1319 1894 disciplina:
1348 1824 1552 1879 exstitit
1574 1818 1910 1880 retinentior.
1952 1822 2214 1879 Observat
2235 1822 2293 1880 S.
2321 1822 2523 1897 Martyr
2548 1825 2598 1880 in
2634 1824 2736 1896 Ep.
2767 1840 2839 1881 ιιι
2868 1824 2943 1899 (p.
2965 1825 3060 1896 62)
3081 1825 3338 1897 quosdam
3375 1840 3442 1882 ex
3501 1827 3613 1883 suis

290 1915 732 1974 antecessoribus
763 1930 951 1989 pacem
981 1914 1238 1976 adulteris
1264 1918 1583 1993 denegasse,
1607 1930 1661 1978 et
1691 1938 1719 1991 ι,
1740 1921 1792 1977 in
1826 1930 1994 1977 totum
2024 1918 2353 1993 poenitentia:
2375 1925 2551 1980 locum
2587 1944 2605 1978 ι
2638 1926 2931 1993 clausisse;
2961 1924 3056 1983 sed
3097 1927 3230 1983 satis
3255 1927 3453 1987 indicat
3474 1928 3613 1985 hanc

290 2005 466 2080 legem
492 2017 547 2065 et
571 2023 601 2065 a
632 2011 817 2083 paucis
845 2012 1113 2082 episcopis
1140 2012 1299 2068 lixam
1327 2011 1518 2080 fuisse,
1571 2022 1699 2071 ante
1741 2031 1875 2086 quos
1905 2016 2050 2071 nulla
2078 2019 2378 2085 exstiterat,
2409 2022 2463 2074 et
2489 2034 2583 2075 sua
2614 2030 2772 2083 aetate
2795 2022 2906 2091 jam
2960 2022 3181 2078 refixum
3212 2033 3267 2079 et
3291 2023 3605 2094 abrogatum

290 2119 434 2162 esse.
466 2105 576 2162 Nec
604 2105 719 2178 ipse
750 2116 852 2163 hec
882 2109 1165 2180 quisquam
1194 2108 1335 2165 alius
1365 2109 1419 2165 in
1446 2109 1627 2167 Africa
1659 2111 1980 2168 meminerat
2005 2127 2156 2183 spem
2185 2114 2332 2185 pacis
2379 2107 2461 2170 his
2492 2116 2581 2186 qui
2629 2116 2680 2171 in
2721 2116 3092 2188 superioribus
3145 2119 3607 2189 persecutionibns

290 2201 617 2270 ceciderant,
646 2203 963 2275 praeclusam
996 2205 1216 2262 omnino
1238 2205 1421 2262 fuisse.
1454 2206 1584 2263 Cum
1633 2195 1849 2278 quidam
1880 2208 2183 2282 presbyteri
2213 2209 2376 2282 lapsis
2410 2211 2840 2268 communionem
2871 2219 2996 2268 ante
3022 2221 3196 2267 actam
3229 2213 3600 2284 pumitentiam

288 2294 611 2366 dedissent,
642 2300 830 2354 eorum
864 2296 1070 2356 facinus
1097 2309 1377 2356 aversatus
1394 2310 1478 2357 est
1503 2300 1823 2373 Cyprianus,
1852 2317 2053 2375 eosque
2084 2313 2269 2359 contra
2302 2303 2655 2376 Evangelinm
2686 2306 2897 2361 venisse
2930 2304 3225 2362 declaravit
3255 2324 3268 2361 :
3297 2305 3394 2362 sed
3424 2306 3476 2362 in
3504 2306 3607 2362 hoc

292 2399 499 2447 tantum
529 2408 624 2449 eos
653 2393 926 2466 vituperat
953 2394 1096 2467 quod
1128 2394 1181 2452 id
1215 2415 1234 2448 ‹
1261 2404 1384 2452 ante
1412 2398 1584 2452 actam
1618 2397 1987 2468 paenitentiam
2025 2417 2042 2450 ι
2078 2397 2503 2466 concessissent,
2558 2417 2576 2452 ι
2610 2398 2824 2470 quando
2845 2408 3094 2469 oporteat
3121 2398 3189 2455 ad
3235 2399 3351 2455 hanc
3395 2416 3491 2471 per
3514 2414 3609 2455 or-

291 2484 471 2541 dinem
499 2487 837 2564 pervenirea
872 2485 931 2543 In
960 2490 1211 2547 omnibus
1238 2488 1478 2559 epistolis
1497 2505 1631 2560 quas
1656 2490 1870 2562 scripsit
1892 2490 1945 2547 in
1974 2506 2133 2547 causa
2165 2490 2437 2562 lapsorum
2462 2502 2514 2548 et
2541 2493 2595 2548 in
2629 2488 2767 2548 libro
2792 2493 2856 2547 de
2878 2491 3061 2564 Lapsis
3087 2492 3218 2548 nihil
3250 2509 3471 2564 prorsus
3516 2510 3606 2549 rc-

289 2583 470 2656 perias
497 2599 606 2655 quo
635 2576 768 2657 iaps'i
798 2585 867 2642 de
896 2602 1026 2658 pace
1055 2586 1108 2641 in
1137 2585 1361 2642 dubium
1388 2594 1670 2655 vocentur,
1697 2587 1859 2643 modo
1879 2604 2062 2659 parem
2088 2586 2321 2659 peccatis
2353 2588 2724 2657 paenitentiam
2748 2596 2937 2659 agant;
2983 2587 3077 2644 sed
3102 2588 3405 2660 Cyprianus
3436 2591 3609 2645 instar

287 2672 538 2750 principii
569 2674 857 2736 certissimi
880 2682 1051 2753 ponit,
1086 2680 1250 2737 Deum
1285 2701 1305 2735 ς
1340 2680 1643 2753 poenitenti,
1671 2683 1937 2752 operanti,
1971 2682 2176 2752 roganti
2202 2696 2359 2753 posse
2380 2682 2676 2737 clementer
2706 2682 3009 2752 ignoscere,
3044 2695 3202 2751 posse
3240 2683 3292 2736 in
3324 2692 3603 2754 acceptum

288 2772 495 2830 referre
531 2773 787 2846 quidquid
820 2790 917 2845 pro
944 2775 1136 2830 talibus
1160 2784 1215 2831 et
1263 2774 1515 2846 petierint
1538 2784 1803 2847 martyres
1834 2785 1887 2830 et
1913 2772 2136 2830 fecerint
2158 2774 2464 2830 sacerdotes
2494 2774 2573 2849 (p.
2602 2773 2752 2847 195).
2793 2788 2812 2826 ι
2847 2770 3102 2828 Hortatur
3136 2774 3188 2829 in
3219 2773 3409 2830 eodem
3457 2775 3597 2830 libro

292 2864 372 2941 (p.
400 2862 530 2940 190)
567 2888 585 2922 ι
626 2876 686 2953 ut
720 2869 1083 2939 confiteantur
1107 2869 1301 2941 singuli
1330 2866 1580 2926 delictum
1611 2885 1766 2926 suum
1788 2868 1913 2925 dum
1942 2868 2235 2926 satisfactio
2260 2880 2312 2925 et
2344 2860 2591 2925 remissio
2623 2869 2758 2925 facta
2786 2883 2885 2940 per
2927 2868 3237 2924 sacerdotes
3260 2878 3408 2940 grata
3436 2876 3538 2925 est.
3576 2889 3597 2924 ι

289 2960 379 3018 Sic
408 2960 570 3017 etiam
602 2959 793 3018 Clerus
821 2961 1095 3017 Romanus
1124 2958 1199 3036 (in
1232 2962 1403 3033 Epist.
1436 2963 1575 3019 inter
1599 2960 1947 3035 Cyprianicas
1978 2962 2129 3036 xxxi)
2179 2969 2234 3017 ttt
2268 2962 2460 3017 merito
2500 2963 2728 3033 castigat
2776 2982 2794 3015 ι
2835 2972 3117 3035 properata
3163 2962 3321 3018 nimis
3364 2960 3601 3018 remedia

291 3052 730 3110 communionum
764 3053 948 3124 utique
982 3069 1086 3109 non
1122 3052 1395 3125 profutura
1415 3096 1430 3121 ,
1460 3074 1479 3108 ι
1508 3042 1656 3108 ἰιειίιι
1684 3052 1848 3124 lapsis
1877 3053 2201 3111 desiderium
2232 3055 2377 3125 pacis
2399 3070 2504 3110 non
2532 3050 2820 3125 improbat,
2844 3052 3006 3109 modo
3028 3052 3241 3124 pulsent
3261 3069 3392 3109 sane
3434 3054 3601 3120 fures,

290 3145 385 3204 sed
419 3162 525 3202 non
558 3147 741 3218 utique
770 3145 1130 3219 confringant,
1166 3156 1219 3203 et
1259 3145 1540 3203 adeantad
1584 3144 1750 3201 limen
1796 3142 2055 3203 Ecclesia:
2101 3146 2194 3202 sed
2227 3156 2333 3202 non
2365 3145 2549 3217 utique
2602 3145 2922 3201 transiliant.
2980 3144 3225 3201 Notanda
3270 3143 3429 3201 etiam
3487 3144 3601 3201 haec

287 3241 449 3298 verba
482 3259 496 3296 :
530 3260 549 3295 ι
582 3239 802 3298 Μυῐιιιιιι
832 3238 939 3299 illis
973 3242 1213 3315 proficiet
1239 3240 1425 3314 petitio
1469 3240 1731 3308 modesta,
1782 3240 2071 3312 postulatio
2098 3241 2421 3308 verecunda,
2478 3234 2752 3295 humilitas
2800 3238 3129 3305 necessaria,
3176 3237 3431 3309 patientia
3489 3252 3599 3294 nun

287 3338 480 3394 otiosa.
520 3358 540 3393 ι
575 3338 688 3395 Mos
710 3344 826 3395 erat
856 3332 1183 3396 in'Ecclesia
1233 3338 1604 3411 perantiquus,
1638 3346 1693 3392 ut
1746 3345 2043 3409 martyrum
2085 3335 2483 3393 commendatio
2513 3334 2578 3390 ad
2609 3332 3035 3390 contrahendum
3065 3331 3397 3404 pmuitentiae
3436 3331 3601 3401 lapsis

184 3494 194 3505 .
288 3429 553 3501 impositas
577 3441 786 3504 tempus
807 3432 1011 3489 valeret
1042 3451 1056 3487 :
1088 3442 1276 3489 testem
1310 3431 1467 3504 hujus
1491 3432 1566 3488 rei
1595 3430 1857 3501 habemus
1887 3429 2274 3486 Tcrtullianum
2311 3431 2364 3485 in
2396 3429 2535 3485 libro
2566 3429 2634 3483 ad
2656 3428 2910 3497 Martyres
2951 3434 3006 3482 et
3036 3427 3091 3482 in
3120 3426 3257 3482 libro
3287 3426 3351 3480 de
3390 3423 3605 3479 Pudiclo

290 3523 378 3580 tia.
417 3523 549 3580 llinc
580 3526 740 3581 etiam
794 3524 1097 3600 Cyprianus
1128 3544 1141 3582 :
1179 3545 1198 3580 ι
1234 3524 1292 3583 1η
1344 3525 1672 3597 praeteritum
1703 3540 1938 3596 semper,
1973 3524 2146 3596 inquit
2170 3525 2273 3595 Ep.
2317 3539 2393 3589 ιιι,
2423 3523 2522 3579 sub
2553 3523 2987 3579 antecessoribus
3031 3521 3230 3576 nostris
3261 3520 3455 3575 factum
3484 3529 3564 3574 est
3589 3558 3603 3583 ,

299 3625 359 3672 ut
387 3615 601 3675 diaconi
655 3621 721 3677 ad
753 3636 1027 3677 carcerem
1055 3630 1421 3676 commeantes
1445 3627 1739 3692 martyrum
1773 3616 2038 3674 desideria
2069 3617 2311 3673 consiliis
2340 3617 2453 3673 suis
2489 3622 2546 3672 et
2572 3614 2970 3687 Scripturarum
3007 3612 3293 3684 praeceptis
3331 3610 3598 3683 gubernaa

289 3723 430 3770 rent.
470 3734 488 3767 ι
519 3704 612 3769 His
637 3714 757 3770 addi
790 3724 964 3786 potest
992 3723 1322 3771 memoratus
1369 3730 1400 3770 a
1443 3712 1712 3787 Cypriano
1752 3713 1804 3768 in
1846 3713 1980 3784 Epp.
2012 3727 2103 3780 ιιι,
2135 3723 2317 3778 vau,
2367 3712 2558 3779 vam',
2607 3711 2845 3767 omnium
2906 3708 3254 3766 ecclesiarum
3301 3720 3598 3763 consensus

290 3808 340 3865 in
401 3807 692 3866 refellendo
736 3809 1052 3876 Novatiano,
1100 3824 1261 3880 quem
1311 3824 1489 3880 pravae
1550 3807 1800 3863 novitatis
1849 3806 2061 3878 prapria
2114 3821 2306 3862 manus
2354 3806 2651 3879 arguebat:
2704 3805 2995 3876 scripserat
3041 3803 3205 3871 enim,
3257 3806 3317 3857 ut
3374 3806 3599 3857 testatur

288 3896 591 3975 Cyprianus
637 3904 802 3974 Epist.
865 3919 959 3970 ιιι,
1016 3911 1071 3958 et
1127 3916 1258 3958 voce
1310 3917 1404 3957 sua
1448 3901 1768 3958 recitaverat
1820 3901 2024 3956 litteras
2056 3900 2195 3957 Cleri
2228 3900 2478 3969 Romani,
2523 3896 2577 3955 in
2603 3894 2796 3971 quibus
2822 3905 2938 3955 erat
2973 3916 2991 3949 ι
3021 3904 3081 3952 ut
3103 3895 3517 3967 lapsisintirmis
3544 3901 3599 3951 ct

294 3996 348 4052 in
377 3997 524 4052 exitu
550 3999 857 4053 constitutis
886 4012 985 4068 pax
1018 3990 1239 4052 daretur
1274 4015 1289 4053 :
1324 4014 1343 4048 ι
1381 3994 1729 4051 ecclesiarum
1761 4004 2058 4049 consensus
2086 3992 2138 4048 in
2163 3991 2471 4063 rejiciendis
2499 3988 2834 4048 Montanistis
2851 3990 3054 4062 pariter
3075 3988 3367 4046 enituerat.

372 4091 526 4159 Quod
558 4107 686 4162 ergo
712 4091 1042 4163 Cyprianum
1069 4101 1121 4146 et
1149 4090 1364 4148 Clerum
1395 4090 1695 4145 Romanum
1724 4089 1951 4145 adduxit
1979 4098 2037 4145 ut
2057 4106 2172 4146 rem
2197 4089 2261 4144 ad
2292 4090 2576 4146 concilium
2606 4092 2867 4161 integram
2892 4096 3194 4156 servarent,
3243 4102 3353 4144 non
3394 4101 3456 4144 ea
3499 4086 3597 4144 fuit

291 4184 476 4254 Opinio
505 4194 625 4256 qum
661 4185 766 4240 illis
800 4185 1129 4252 attribuitur,
1158 4186 1253 4241 sed
1278 4185 1418 4256 quod
1442 4184 1644 4239 viribus
1684 4184 1795 4240 suis
1824 4184 2131 4240 diffiderent
2174 4184 2230 4241 in
2272 4185 2537 4256 ejusmodi
2563 4200 2746 4255 causa,
2777 4200 2919 4256 quas,
2950 4193 3008 4240 ut
3030 4185 3106 4240 ait
3134 4182 3434 4255 Cyprianus
3481 4184 3585 4254 Ep.

290 4294 378 4333 xw
402 4319 418 4346 ,
472 4297 493 4332 ι
529 4293 635 4335 non
665 4295 979 4351 paucorum,
1013 4295 1114 4337 nec
1159 4281 1401 4337 ecclesiae
1429 4281 1587 4336 unius
1609 4288 1701 4335 aut
1726 4281 1883 4335 unius
1924 4280 2235 4351 provincias,
2278 4281 2373 4338 sed
2415 4282 2577 4338 totius
2604 4283 2748 4339 orbis
2778 4297 2939 4338 causa
2986 4284 3123 4339 crat.
3154 4300 3173 4333 ι
3210 4280 3597 4336 Examinandze

295 4379 649 4439 erantcauste
671 4381 726 4427 et
752 4372 1053 4428 voluntates
1074 4372 1428 4443 singulorum,
1473 4382 1527 4427 et
1573 4373 1705 4428 varii
1739 4380 2082 4443 peccatorum
2108 4372 2317 4452 gradus
2346 4374 2458 4430 suis
2509 4375 2710 4447 quique
2758 4375 2990 4431 modulis
3039 4375 3407 4447 ponderandi;
3456 4374 3600 4445 quod

298 4478 524 4519 examen
554 4479 774 4533 prorsus
805 4465 993 4519 inutile
1020 4465 1227 4529 fuisset,
1261 4467 1305 4520 si
1360 4475 1623 4537 quotquot
1668 4464 2122 4533 sacrificaverant,
2170 4467 2318 4523 nullo
2361 4468 2672 4525 discrimine
2722 4471 2921 4526 exclusi
2952 4487 2982 4525 a
3008 4486 3103 4541 spe
3130 4469 3301 4527 venite
3348 4468 3595 4525 fuissent.

296 4557 501 4613 Deinde
532 4573 662 4614 vero
689 4559 739 4614 in
788 4559 1159 4628 persecutione
1202 4558 1347 4614 Decii
1391 4567 1568 4615 tantus
1615 4558 1819 4613 exstitit
1850 4558 2120 4629 lapsorum
2150 4548 2445 4627 numerus,
2472 4577 2534 4617 ac
2566 4570 2771 4618 tantum
2802 4561 3037 4620 dedecus
3058 4562 3261 4619 nomini
3303 4561 3591 4619 christiam

289 4652 551 4721 inussere,
583 4654 695 4725 qui,
725 4661 780 4707 ut
801 4654 874 4708 ait
901 4653 1202 4726 Cyprianus
1224 4652 1280 4707 in
1310 4652 1449 4710 libro
1480 4653 1542 4707 de
1570 4650 1754 4722 [ληρεῖς
1782 4651 1859 4725 (p.
1886 4648 2013 4724 185)
2044 4651 2110 4708 ad
2140 4653 2310 4723 prima
2342 4654 2524 4710 statim
2553 4656 2715 4713 verba
2755 4656 3007 4712 minantis
3030 4656 3231 4712 inimici
3257 4655 3416 4713 fidem
3442 4670 3598 4711 suam

293 4746 659 4817 prodiderunt,
694 4762 757 4803 ac
788 4747 928 4803 ultro
957 4747 1024 4803 ad
1051 4749 1225 4822 forum
1255 4762 1567 4813 cucurrere,
1596 4762 1760 4817 seque
1791 4744 2145 4803 hortamentis
2172 4748 2378 4804 mutuis
2406 4750 2459 4805 in
2483 4750 2705 4806 exitium
2734 4750 3086 4822 impulerunt,
3114 4760 3175 4807 ut
3201 4766 3308 4808 non
3332 4748 3599 4806 immerito

286 4838 573 4896 deliberari
612 4841 844 4911 potuerit
870 4855 938 4895 an
984 4856 1090 4896 non
1122 4841 1364 4897 severius
1390 4839 1585 4910 aliquid
1618 4855 1778 4910 quam
1824 4839 1876 4892 in
1910 4837 2177 4908 prioribus
2201 4842 2686 4911 persccutionibus,
2717 4844 2769 4897 in
2792 4842 3059 4914 ejusmodi
3108 4842 3353 4898 homines
3394 4848 3599 4895 statue-

290 4945 457 4990 retur.
507 4931 614 4988 Sed
658 4924 833 4988 tamen
891 4932 1140 4987 videntur
1186 4932 1238 4986 in
1286 4931 1516 4986 concilio
1555 4929 1968 5001 Carthaginensi
1998 4929 2234 4987 lenitatis
2266 4933 2438 5001 potius
2481 4947 2639 5002 quam
2671 4932 2974 4988 severitatis
3010 4933 3254 5003 exetnpla
3283 4930 3598 4987 constituta.

286 5027 437 5094 Nam,
462 5035 522 5081 ut
545 5025 705 5081 modo
734 5025 1060 5092 videbimus,
1095 5024 1395 5081 Libellatici
1423 5023 1513 5093 qui
1538 5024 1646 5093 jam
1676 5025 1915 5094 poeniten
1930 5024 2054 5079 tiam
2085 5032 2327 5095 egerant,
2366 5024 2418 5079 in
2446 5023 2564 5095 ipso
2593 5025 2820 5081 concilio
2848 5024 3068 5081 admissi
3092 5033 3252 5090 sunt;
3280 5020 3593 5078 sacrificatis

286 5131 463 5175 autern
488 5118 641 5189 plena
666 5120 981 5191 pmnitentia
1010 5118 1281 5189 imposita,
1311 5118 1387 5171 sic
1412 5128 1586 5171 tamen
1616 5126 1675 5171 ut
1704 5132 1833 5187 pace
1864 5131 1969 5171 non
2017 5115 2465 5174 defraudarentur
2493 5119 2539 5174 si
2580 5128 2706 5176 ante
2737 5128 2983 5175 exactum
3010 5118 3343 5192 pmnitentim
3384 5126 3597 5188 tempus

288 5214 337 5268 in
373 5212 735 5282 periculosum
763 5211 1009 5266 morbum
1039 5210 1362 5266 inciderent.
1386 5209 1529 5265 Nihil
1563 5218 1775 5279 poterat
1807 5208 1979 5265 lenius
2010 5208 2094 5265 his
2122 5210 2451 5282 temporibus
2479 5211 2753 5267 constitui.
2784 5209 2969 5284 Itaque
3026 5210 3142 5266 fieri
3185 5209 3357 5280 potuit
3385 5218 3599 5264 utcon-

288 5307 392 5364 cilii
447 5306 727 5362 lenitatem
759 5303 1146 5376 reprehensam
1201 5304 1267 5359 ab
1310 5305 1617 5359 Antoniano
1646 5302 1961 5359 defenderet
1985 5301 2307 5375 Cyprianus,
2359 5303 2606 5375 quamvis
2633 5318 2770 5359 nova
2813 5303 2867 5359 in
2896 5303 3000 5358 hoc
3045 5300 3273 5358 concilio
3299 5300 3585 5373 disciplina

287 5400 502 5457 inducta
532 5415 641 5454 non
671 5397 878 5454 fuisset.
909 5396 1207 5468 Utrumque
1235 5406 1413 5452 autem
1434 5411 1464 5450 a
1493 5411 1551 5452 sc
1570 5394 1986 5468 Cypriauusnou
2010 5396 2128 5451 sine
2154 5395 2344 5451 librata
2370 5396 2460 5451 diu
2483 5406 2536 5453 et
2562 5394 2858 5467 ponderata
2885 5394 3091 5449 ratione
3131 5391 3328 5448 factum
3355 5391 3595 5451 declarat

287 5501 342 5548 ut
367 5502 419 5548 et
447 5493 661 5564 vigente
683 5488 1062 5561 persecutione
1085 5488 1449 5554 severitatem,
1480 5496 1535 5542 ct
1566 5502 1696 5558 pace
1716 5487 1925 5542 reddita
1956 5486 2341 5559 indulgentiam
2372 5486 2671 5545 adhiberet.
2696 5486 2769 5545 At
2789 5485 3129 5543 severitatem
3159 5483 3216 5540 in
3237 5499 3301 5541 eo
3328 5486 3588 5542 enituisse

285 5599 389 5639 nun
420 5582 570 5650 dicit,
597 5580 738 5653 quod
769 5596 957 5652 pacem
990 5579 1214 5635 omnino
1242 5579 1408 5651 lapsis
1443 5581 1745 5652 negandam
1785 5579 2133 5649 decrevisset,
2165 5580 2261 5638 sed
2298 5580 2441 5653 quod
2468 5596 2585 5637 eam
2636 5596 2731 5654 per
2773 5578 2854 5636 fas
2883 5588 2937 5635 et
2964 5577 3112 5636 nefas
3154 5579 3459 5651 petentibus
3499 5596 3586 5637 re-

285 5678 529 5742 stitisset,
549 5686 713 5749 atque
732 5675 1344 5733 excommunicationem
1373 5674 1712 5743 intentasset,
1739 5674 1784 5730 si
1812 5675 1929 5745 quis
1942 5690 2062 5731 cum
2087 5675 2191 5732 illis
2212 5675 2421 5747 injussu
2449 5690 2549 5732 suo
2570 5673 3024 5732 communicaret:
3058 5674 3137 5731 sic
3168 5674 3327 5730 etiam
3362 5675 3414 5729 in
3448 5673 3588 5730 leni-

288 5781 393 5828 tate
418 5787 539 5844 que
564 5771 848 5828 subsecuta
876 5779 980 5840 est,
1007 5779 1170 5843 negat
1194 5769 1590 5827 ecclesiasticas
1617 5770 1762 5843 leges
1793 5769 1958 5827 fuisse
1985 5771 2232 5841 violatas,
2260 5771 2356 5828 sed
2386 5773 2661 5845 provisum
2684 5771 2851 5828 fuisse
2898 5770 3175 5829 contendit
3214 5781 3269 5828 ut
3316 5786 3416 5827 nec
3456 5770 3594 5842 lapsi

287 5862 663 5935 desperatione
685 5864 1017 5934 deﬁcerent,
1055 5883 1074 5917 ι
1118 5878 1218 5921 nec
1242 5877 1434 5919 rursus
1463 5878 1690 5920 censura
1728 5864 2040 5936 evangelica
2085 5866 2403 5936 solveretur,
2458 5877 2517 5922 ut
2551 5865 2618 5922 ad
2673 5867 3211 5924 communicationem
3251 5875 3452 5923 temere
3475 5879 3607 5935 pro-

289 5963 525 6021 sitirent.
566 5981 586 6016 ι
619 5960 743 6023 Uno
761 5962 930 6021 verbo
957 5971 1166 6035 negata
1198 5976 1257 6023 se
1285 5969 1377 6020 aut
1395 5976 1425 6018 a
1445 5959 1698 6024 Cornelio
1724 5961 2014 6035 quidquam
2038 5961 2235 6021 factum
2266 5977 2386 6022 esse
2406 5971 2602 6034 praeter
2627 5963 2880 6043 exempla
2895 5962 3159 6036 majorum
3186 5966 3198 6022 :'
3236 5979 3255 6016 ι
3297 5958 3428 6019 Nam
3461 5958 3575 6015 sicu
