4050 6424
494 322 568 384 B5
1890 328 2282 390 PREFATIO.
3740 336 3825 395 56

494 451 872 501 antecessores
897 444 1067 501 nostri
1096 457 1242 517 saepe
1270 443 1534 513 fecerunt,
1553 445 1725 518 inquit
1747 445 1825 519 (p.
1851 444 1942 521 69)
1967 448 2282 521 colligendis
2312 449 2569 509 fratribus
2593 452 2793 509 nostris
2818 452 3171 511 charissitnus
3196 452 3363 510 frater
3383 452 3823 527 noster(Corne-

488 536 622 612 lius)
640 540 950 596 necessitati
972 539 1273 598 succubuit.
1312 559 1335 593 ι

567 635 855 691 Pristinam
884 636 1223 692 severitatem
1241 635 1505 692 interdum
1520 651 1548 691 a
1564 636 1830 709 Cypriano
1847 646 2107 696 retentam
2122 639 2492 712 Albaspinzeus
2505 650 2556 697 et
2577 650 2697 713 post
2720 656 2842 697 eum
2858 639 3181 698 Gotofredus
3198 637 3317 713 (lib.
3345 655 3433 695 xvr
3456 638 3583 695 Cod.
3601 636 3811 697 Tlteod.

498 744 559 800 p.
588 729 721 801 210)
766 746 832 786 ex
864 730 947 786 his
978 729 1228 801 Epistulae
1286 747 1355 786 ιιι
1400 731 1581 788 verbis
1614 733 1917 806 eolligunt:
1960 753 1977 787 ι
2017 736 2289 807 Apostata:
2337 751 2466 793 vero
2515 744 2571 792 et
2619 735 2926 792 desertores
2956 734 3039 790 vel
3083 733 3375 791 adversarii
3420 743 3475 790 et
3512 734 3695 790 hostes
3749 742 3814 790 et

494 823 703 880 Christi
731 824 1028 881 Ecclesium
1061 824 1407 896 dissipantes,
1437 840 1539 882 nec
1564 827 1608 881 si
1645 827 1811 884 occisi
1842 842 1939 899 pro
1960 828 2180 885 nomine
2207 829 2334 885 foris
2358 827 2577 895 fuerint,
2621 828 2828 884 admitti
2887 825 3184 884 secundum
3216 826 3530 899 Apostolum
3577 833 3813 897 possunt

490 919 561 975 ad
590 919 847 975 Ecclesia:
875 934 1081 991 pacem,
1110 920 1325 992 quando
1353 936 1460 978 nec
1481 921 1714 992 Spiritus
1736 938 1835 980 nec
1860 923 2120 980 Ecclesiae
2141 924 2400 979 unitatem
2424 931 2730 978 tenuerunt.
2771 941 2791 975 ι

566 1010 636 1067 Ut
665 1010 766 1066 hoe
786 1012 1039 1084 Cypriani
1092 1014 1461 1069 testimonium
1506 1015 1825 1086 explicetur,
1862 1015 2259 1072 observandum
2291 1026 2374 1072 est
2413 1017 2468 1071 l°
2500 1026 2772 1089 apo-tatas
2797 1024 2851 1071 et
2870 1015 3179 1072 desertores
3205 1029 3310 1070 non
3340 1029 3434 1070 eos
3458 1013 3585 1082 diei,
3617 1024 3675 1070 ut
3705 1014 3809 1071 Al-

487 1103 798 1175 baspinzeus
822 1113 877 1158 et
904 1103 1234 1180 Gotol‘redus
1262 1116 1470 1177 putant,
1493 1107 1583 1179 qui
1607 1122 1673 1162 ex
1711 1106 1913 1163 Judzeis
1941 1106 2145 1165 ethnici
2172 1107 2571 1165 authristiani
2599 1108 2816 1173 fiebant,
2847 1108 2943 1165 sed
2973 1108 3062 1179 qui
3103 1123 3299 1163 nomen
3344 1107 3544 1163 dabant
3570 1107 3800 1165 Felicis-

488 1200 608 1253 simi
638 1198 935 1253 schismati.
966 1199 1023 1253 2°
1052 1199 1431 1257 Bevoeandum
1460 1210 1543 1257 est
1570 1202 1622 1255 in
1651 1203 1966 1258 memoriam
1996 1203 2137 1275 quod
2164 1218 2327 1273 supra
2357 1202 2610 1268 diximus,
2642 1218 2827 1272 pacem
2864 1202 2969 1257 illis
2999 1210 3244 1273 negatam
3277 1203 3329 1257 in
3354 1203 3543 1259 mortis
3591 1203 3790 1260 discri-

487 1291 635 1346 mine
660 1292 749 1362 qui
780 1292 1149 1361 paenitentiam
1181 1293 1299 1348 sani
1323 1303 1783 1365 contempserant.
1816 1295 1938 1365 quia
1960 1295 2212 1351 videlicet
2240 1295 2460 1351 dubium
2490 1296 2683 1351 merito
2714 1294 2993 1351 videbatur
3023 1310 3093 1351 an
3148 1296 3363 1352 sincero
3400 1298 3563 1353 animi
3609 1297 3811 1357 affectu

493 1386 900 1457 resipiscerent.
937 1387 1090 1455 Quod
1117 1398 1298 1445 autem
1325 1388 1395 1445 de
1423 1388 1692 1460 ejusmodi
1720 1389 2033 1445 hominibus
2051 1398 2307 1445 statutntn
2332 1398 2470 1457 erat,
2502 1388 2555 1445 id
2585 1390 2637 1444 in
2665 1388 2911 1459 pluribus
2931 1389 3048 1444 aliis
3074 1403 3172 1459 par
3196 1398 3314 1444 erat
3337 1389 3638 1455 observari,
3661 1406 3771 1463 quo
3783 1420 3805 1434 -

487 1494 608 1534 rum
638 1488 727 1535 aut
753 1480 1069 1553 insanabilis
1092 1482 1370 1539 videbatur
1392 1491 1483 1537 aut
1504 1483 1717 1539 cieteris
1737 1483 1926 1539 ovibus
1954 1483 2254 1553 periculosa
2276 1483 2611 1553 improbitas.
2639 1482 2773 1538 llinc
2809 1497 2931 1537 cum
2959 1482 3133 1550 multi,
3166 1493 3443 1554 perspecta
3481 1483 3803 1541 Felicissimi

484 1576 753 1646 nequitia,
780 1586 1085 1633 remearent
1112 1586 1167 1632 et
1193 1578 1260 1633 ad
1315 1578 1613 1635 Ecclesium
1659 1578 1956 1649 pulsarent,
2004 1578 2305 1649 Cyprianus
2344 1577 2506 1632 anxie
2556 1576 2890 1649 ponderabat
2924 1585 2981 1632 et
3025 1576 3254 1633 sollicite
3281 1578 3619 1635 examinabat
3653 1599 3672 1632 ι
3709 1584 3803 1653 qui

486 1668 657 1738 recipi
687 1674 741 1722 et
769 1667 978 1723 admitti
1002 1667 1069 1723 ad
1098 1668 1394 1725 Ecclesiam
1427 1668 1707 1725 deberent.
1757 1667 2093 1736 Quibusdam
2139 1667 2306 1735 enim,
2335 1686 2354 1720 ι
2396 1668 2566 1738 inquit
2600 1666 2772 1739 Epist.
2815 1682 2902 1733 ιν,
2930 1680 2984 1737 p.
3037 1665 3128 1733 87,
3180 1684 3200 1718 ι
3230 1667 3299 1722 ita
3340 1677 3431 1723 aut
3455 1669 3680 1727 criutina
3702 1687 3800 1727 sua

489 1760 782 1828 obsistunt,
809 1772 901 1817 aut
930 1761 1124 1818 fratres
1150 1762 1419 1819 obstinate
1446 1773 1499 1819 et
1519 1763 1745 1819 firmiter
1764 1763 2094 1830 renituntur,
2123 1772 2183 1817 ut
2202 1760 2370 1832 recipi
2390 1761 2614 1816 omnino
2642 1776 2749 1815 non
2776 1760 2981 1831 possint
3010 1760 3113 1815 nisi
3152 1775 3274 1817 cum
3297 1762 3550 1820 seandalo
3571 1773 3625 1820 et
3652 1768 3799 1835 peri-

484 1853 609 1909 culo
639 1852 1010 1925 plurimorum.
1047 1874 1067 1907 ι
1094 1854 1174 1911 Ad
1205 1856 1305 1911 hos
1327 1856 1575 1912 videntur
1603 1865 1850 1926 spectare
1874 1854 2127 1928 Cypriani
2173 1854 2333 1910 mina:
2389 1855 2442 1910 in
2470 1854 2643 1926 Epist.
2675 1868 2884 1910 xxxvnt
2909 1893 2926 1921 ,
2980 1853 3069 1909 ubi
3104 1853 3182 1910 sic
3213 1854 3448 1927 loquitur
3479 1876 3493 1913 :
3521 1876 3540 1910 ι
3586 1856 3689 1914 Sed
3746 1868 3802 1915 et

483 1949 729 2020 quisquis
758 1965 817 2005 se
846 1950 1231 2022 conspirationi
1262 1958 1317 2005 et
1344 1949 1562 2005 factioni
1603 1949 1721 2021 ejus
1766 1948 2097 2021 adjunxerit,
2125 1949 2260 2005 sciat
2283 1963 2344 2004 se
2373 1948 2423 2002 in
2454 1947 2699 2004 Ecclesia
2726 1946 3006 2003 nobiscum
3062 1961 3169 2003 non
3217 1963 3339 2006 esse
3374 1951 3803 2028 communicatu-

481 2058 624 2109 rum,
648 2045 735 2114 qui
763 2056 957 2115 sponte
984 2043 1175 2099 tnaluit
1204 2044 1274 2099 ab
1300 2044 1537 2100 Ecclesia
1567 2043 1829 2115 separari.
1858 2062 1877 2095 ι
1907 2044 2041 2098 Etiu
2073 2043 2240 2113 Epist.
2267 2059 2335 2098 χι,
2360 2059 2372 2095 :
2407 2060 2425 2094 ι
2448 2040 2504 2096 Si
2531 2041 2652 2112 quis
2682 2050 2861 2096 autem
2890 2039 3262 2111 paenitentiam
3292 2057 3453 2115 agere
3476 2051 3531 2099 et
3578 2044 3685 2100 Deo
3706 2062 3798 2101 sa-

482 2132 737 2190 tisfaeere
760 2135 1069 2191 detrectans
1097 2136 1165 2190 ad
1191 2135 1509 2191 Felicissimi
1528 2133 1899 2191 et'satcllitum
1920 2122 2037 2205 ejus
2065 2142 2244 2205 partes
2269 2134 2635 2197 concesserit,
2662 2141 2716 2188 et
2741 2146 2800 2188 se
2852 2132 3122 2191 haereticae
3169 2133 3386 2191 factioni
3436 2137 3797 2208 eonjnnxerit,

492 2228 631 2283 sciat
659 2242 718 2283 se
747 2237 929 2299 postea
953 2230 1018 2282 ad
1050 2227 1349 2283 Eeclesiam
1392 2226 1593 2295 redire,
1618 2236 1671 2282 et
1699 2241 1820 2282 cum
1852 2227 2121 2297 episcopis
2148 2234 2204 2281 et
2233 2224 2389 2296 plebe
2415 2221 2616 2278 Christi
2638 2223 3041 2283 communicare
3067 2241 3175 2281 non
3206 2241 3387 2297 posse.
3427 2246 3447 2280 ι
3490 2226 3598 2284 Has
3626 2230 3800 2287 minas

482 2336 594 2377 non
624 2321 845 2375 omnino
868 2321 921 2375 in
957 2335 1071 2376 rem
1098 2320 1324 2375 contulit
1349 2318 1665 2391 Cyprianus.
1691 2317 1813 2387 lpse
1829 2318 1972 2373 enim
2004 2325 2229 2373 testatur
2260 2317 2313 2372 in
2338 2316 2512 2387 EpiSt.
2563 2332 2627 2371 ιν
2657 2359 2673 2384 ,
2717 2316 2916 2372 multos
2945 2333 2977 2372 a
3026 2332 3086 2373 se
3110 2333 3140 2374 e
3182 2320 3473 2376 schismate
3511 2321 3797 2379 redeuntes

489 2431 616 2473 esse
656 2427 959 2488 susceptos,
991 2433 1053 2471 ac
1076 2415 1286 2487 plebem
1311 2415 1548 2487 gaudere
1575 2422 1628 2469 et
1661 2414 1830 2468 laetari
1863 2403 2074 2469 solitam
2105 2427 2227 2467 cum
2258 2430 2277 2463 ι
2319 2411 2624 2467 tolerabiles
2639 2420 2694 2466 et
2728 2409 2904 2465 minus
2943 2412 3238 2484 culpabiles
3276 2431 3297 2465 ι
3322 2413 3582 2471 redirent.
3621 2417 3797 2485 Quin.

481 2510 645 2566 etiam
679 2510 821 2581 plebi
860 2510 1124 2566 interdum
1145 2508 1523 2580 persuadebat,
1554 2508 1664 2563 imo
1691 2509 2065 2578 extorquebat,
2099 2517 2152 2565 ut
2180 2522 2245 2563 ex
2279 2507 2344 2562 iis
2370 2507 2459 2578 qui
2486 2507 2907 2563 inemendabiles
2934 2517 2989 2563 et
3031 2506 3265 2580 protervi
3311 2518 3484 2574 erant,
3533 2511 3782 2566 nonnulli

481 2602 886 2673 susciperentur
910 2619 925 2669 ;
954 2611 1009 2657 et
1030 2618 1165 2658 unus
1192 2610 1352 2671 atque
1379 2602 1536 2667 alius,
1561 2601 1839 2657 obnitente
1866 2600 2027 2673 plebe
2056 2608 2111 2656 et
2136 2600 2567 2666 contradicente,
2590 2599 2843 2672 Cypriani
2890 2609 3069 2656 tamen
3101 2600 3357 2657 facilitate
3390 2604 3644 2675 suscepti,
3697 2621 3796 2674 pe-

476 2693 626 2766 jores
650 2695 942 2750 extiterunt
967 2710 1127 2765 quam
1155 2695 1303 2764 prius
1331 2692 1560 2749 fuerant.
1585 2692 1703 2748 Non
1723 2693 1957 2750 absimili
1986 2693 2254 2749 sententia
2288 2691 2589 2765 Cyprianus
2614 2709 2738 2770 cum
2775 2692 3018 2765 pluribus
3068 2694 3189 2749 aliis
3212 2695 3482 2767 episcopis
3524 2697 3592 2752 de
3636 2698 3797 2770 virgi-

476 2788 640 2845 nibus
664 2804 782 2859 qute
807 2803 929 2844 cum
962 2788 1218 2844 masculis
1246 2787 1298 2842 in
1330 2786 1523 2842 eodem
1549 2788 1691 2843 lecto
1711 2785 2068 2858 deprehensae
2096 2787 2331 2855 fuerant,
2374 2788 2451 2843 sic
2470 2788 2739 2843 decernit.
2779 2808 2798 2842 ι
2827 2788 2981 2857 Quod
3015 2789 3061 2844 si
3104 2790 3374 2847 obstinate
3412 2805 3793 2863 perseverant,

480 2896 584 2938 nec
610 2898 669 2938 se
694 2883 763 2937 ab
787 2883 1014 2939 invicem
1046 2892 1319 2953 separant,
1342 2874 1515 2936 sciant
1539 2897 1598 2936 se
1635 2896 1756 2936 cum
1781 2881 1879 2938 hac
1904 2896 1999 2937 sua
2017 2881 2284 2953 impudica
2308 2881 2668 2939 obstinatione
2710 2899 3000 2955 numquam
3024 2899 3055 2939 a
3079 2885 3233 2940 nobis
3260 2884 3469 2942 admitti
3515 2886 3568 2941 in
3606 2886 3794 2944 Eccleo

481 2978 617 3032 siam
648 2993 833 3049 posse,
860 2994 927 3034 ne
958 2979 1260 3049 exemplum
1292 2980 1503 3034 caeteris
1531 2977 1599 3033 ad
1632 2979 1839 3033 ruinam
1867 2978 2079 3035 delictis
2103 2979 2214 3034 suis
2246 2978 2425 3036 facere
2451 2979 2728 3051 incipiant.
2775 2999 2794 3033 ι
2829 2980 3020 3036 Merito
3052 2980 3337 3038 obstinatis
3376 2982 3635 3053 ejusmodi
3666 2999 3793 3055 pec-

483 3072 779 3136 catoribus,
812 3072 995 3129 itidem
1025 3083 1081 3127 ut
1105 3073 1468 3143 pertinacibus
1489 3070 1867 3138 schismatieis,
1900 3087 2007 3127 non
2039 3070 2200 3126 modo
2240 3072 2418 3138 venia,
2443 3071 2536 3127 sed
2563 3072 2723 3128 etiam
2760 3073 3011 3129 introitus
3041 3073 3093 3129 in
3145 3074 3428 3130 ecclesiam
3457 3076 3770 3146 negabatur.

483 3165 593 3223 Sed
621 3169 663 3222 si
687 3182 813 3223 cum
846 3167 1041 3223 debitis
1070 3167 1317 3223 conversi
1349 3164 1529 3221 cordis
1551 3165 2034 3236 significationibus
2065 3164 2379 3233 rediissenl,
2405 3181 2467 3220 ac
2493 3165 2583 3221 diu
2606 3167 2941 3238 multumque
2984 3165 3128 3224 fores
3165 3167 3425 3223 Ecclesia:
3464 3168 3789 3240 pulsassent,

486 3276 597 3317 non
625 3261 846 3317 dubium
869 3264 994 3331 qttin
1021 3276 1115 3317 eos
1134 3270 1363 3333 paterno
1400 3259 1521 3315 sinu
1544 3259 1842 3330 excepisset
1887 3257 2186 3330 Cyprianus
2227 3268 2281 3313 et
2328 3258 2392 3314 ad
2432 3259 2803 3330 pcenitchtiam
2842 3259 3169 3315 admisisset.
3222 3259 3386 3332 Igitur
3426 3260 3792 3317 Felicissimus

489 3356 714 3427 ejusque
740 3358 995 3428 praecipui
1021 3367 1321 3414 sectatores
1348 3372 1471 3412 eum
1505 3355 1763 3412 homines
1792 3363 1974 3410 essent
1997 3353 2077 3409 ad'
2097 3369 2258 3409 omne
2287 3353 2465 3409 scelus
2505 3354 2697 3424 parati,
2742 3369 2850 3410 non
2872 3353 3209 3409 discessisset
3238 3353 3306 3409 ab
3350 3354 3603 3411 Ecclesia:
3630 3371 3792 3427 regu-

484 3451 551 3505 lis
572 3450 894 3522 Cyprianus,
921 3452 963 3506 si
993 3467 1209 3508 onmem
1238 3452 1412 3509 illisin
1436 3450 1733 3508 Ecelesiam
1769 3448 2000 3505 reditum
2027 3448 2386 3520 praeclusisset
2411 3466 2426 3515 ;
2457 3449 2703 3518 nequeid
2743 3448 2912 3506 videri
2948 3448 3172 3506 deberet
3200 3451 3482 3522 vestigium
3521 3452 3790 3522 quoddam

484 3543 779 3615 disciplina:
799 3554 925 3601 ante
944 3545 1271 3617 Cyprianum
1300 3547 1351 3601 in
1379 3559 1571 3601 omnes
1597 3545 1903 3615 graviorum
1932 3544 2219 3599 criminum
2251 3558 2375 3600 reos
2402 3545 2726 3599 observanti.
2770 3543 2827 3599 3°
2855 3543 3115 3614 Objeetus
3156 3544 3226 3600 ab
3276 3545 3621 3617 Albaspinm
3640 3547 3793 3602 locus

484 3637 737 3710 Cypriani
781 3656 885 3695 non
925 3640 1055 3696 dicit
1073 3650 1345 3711 apostatas
1384 3652 1439 3696 et
1478 3641 1809 3707 desertores,
1847 3641 2056 3696 etiamsi
2108 3640 2297 3696 relicto
2333 3640 2624 3695 schismate
2660 3640 2975 3711 sanguinem
3023 3656 3121 3711 pro
3161 3639 3378 3696 Christo
3421 3640 3662 3707 fundant,
3718 3643 3785 3697 ad

486 3734 743 3789 Ecclesia:
766 3748 953 3803 pacem
1003 3733 1212 3791 admitti
1263 3748 1369 3789 non
1420 3748 1601 3805 posse,
1642 3732 1737 3789 sed
1770 3740 1977 3787 tantum
2024 3733 2161 3788 nihil
2218 3733 2322 3788 illis
2359 3737 2671 3805 martyrium
2698 3743 2850 3788 extra
2896 3733 3194 3790 Eeelesiam
3224 3733 3292 3789 ad
3319 3749 3504 3806 pacem
3535 3735 3792 3806 prodesse

479 3843 661 3900 posse,
696 3827 821 3898 quia
853 3846 872 3879 ι
912 3842 1015 3884 nec
1035 3827 1267 3900 Spiritus
1289 3842 1390 3884 nec
1416 3827 1672 3883 Ecclesiae
1696 3828 1953 3883 unitatem
1983 3837 2299 3892 tenuerunt;
2341 3846 2361 3880 ι
2398 3826 2450 3881 id
2496 3827 2638 3897 quod
2666 3842 2811 3899 saepe
2852 3826 2987 3883 alias
3014 3827 3319 3900 Cyprianus
3340 3827 3590 3883 inculcat.
3613 3828 3791 3900 Oppo-

484 3923 565 3977 nit
589 3920 854 3991 ejusmodi
877 3921 1185 3978 desertores
1212 3921 1332 3977 aliis
1361 3921 1525 3993 lapsis
1546 3918 1919 3993 paenitentiam
1949 3920 2000 3975 in
2036 3920 2275 3978 Ecclesia
2323 3919 2627 3993 agentibus,
2674 3928 2886 3992 ctquos
2928 3919 3186 3977 Dominus
3237 3920 3380 3975 intus
3411 3919 3643 3977 inveniet
3667 3935 3791 3978 eum
3839 3930 3847 3936 '

483 4015 744 4071 mundum
775 4014 1113 4085 jttdicaturus
1142 4012 1443 4086 apparebit.

483 4153 577 4211 XI.
605 4185 676 4194 —
698 4170 877 4210 urnun
906 4168 952 4209 s.
999 4167 1287 4210 CYPRIANUS
1323 4168 1500 4210 ur5ts
1526 4168 1578 4209 ιιι
1603 4165 1839 4210 ascensu
1867 4166 2082 4211 murra

2191 4167 2230 4208 Β
2252 4166 2604 4210 IORIENTIBUS
2628 4167 2803 4211 PACBI
2830 4166 3157 4221 NEGAVBRI'I‘,
3181 4165 3270 4211 HIS
3289 4167 3508 4212 TANTUI
3533 4166 3790 4209 ειοειιτιε

1541 4262 1631 4313 QUI
1660 4261 1911 4303 LIBELLOS
1941 4263 1973 4301 Δ
1998 4260 2329 4303 IABTYBIBUS
2355 4261 2722 4302 ACCEPEBAN‘I'.

555 4365 844 4438 Postquam
870 4365 1215 4438 probavimus
1239 4364 1566 4438 Cyprianum
1598 4363 1728 4419 nihil
1752 4363 1873 4418 novi
1895 4362 2092 4419 fecisse
2118 4377 2238 4417 cum
2285 4362 2451 4433 lapsis
2481 4361 2863 4432 pmnitentihus
2901 4376 3087 4434 pacem
3134 4362 3434 4428 concessit,
3463 4362 3704 4434 sequitur
3732 4370 3787 4417 ut

481 4457 814 4530 inquiramus
843 4476 909 4513 an
963 4456 1153 4514 iisdem
1192 4466 1316 4513 ante
1347 4466 1587 4512 exactam
1619 4455 1986 4527 paenitentiam
2017 4454 2314 4525 periculose
2360 4455 2745 4526 aegrotantibus
2787 4455 3220 4511 communionem
3269 4457 3567 4528 negaverit,
3597 4456 3694 4512 nisi
3720 4456 3782 4512 li.

482 4554 654 4611 belles
680 4570 707 4608 a
739 4553 1062 4626 martyribus
1092 4552 1442 4624 accepissent.
1470 4548 1796 4623 Cyprianum
1826 4549 2101 4605 contendit
2130 4547 2376 4629 ffetavius
2405 4550 2469 4605 iis
2523 4557 2726 4603 tantum
2783 4564 2968 4620 pacem
3012 4549 3319 4619 indulsisse,
3367 4552 3456 4623 qui
3504 4551 3711 4608 libellos
3756 4566 3785 4606 a

481 4647 809 4720 martyribus
835 4647 1189 4717 accepissent,
1218 4645 1428 4700 eteteris
1458 4658 1587 4699 vero
1610 4657 1676 4699 ne
1705 4642 1758 4697 in
1787 4642 2037 4713 prrcsenti
2068 4640 2286 4713 quidem
2309 4644 2497 4697 mortis
2547 4641 2856 4699 discrimine
2899 4641 2951 4697 id
3001 4643 3371 4710 concessisse;
3404 4643 3603 4715 alioqui
3653 4643 3784 4698 nihil

481 4739 808 4796 discriminis
846 4740 1080 4795 futurum
1112 4737 1277 4794 fuisse
1300 4738 1441 4793 inter
1469 4737 1602 4793 istos
1631 4745 1686 4792 et
1711 4736 1940 4807 priores,
1969 4750 2103 4807 quos
2126 4745 2302 4791 tamen
2330 4737 2539 4792 meliori
2566 4736 2746 4807 aliqua
2770 4736 3080 4794 conditione
3114 4738 3190 4793 uti
3236 4739 3489 4809 oportuit.
3522 4737 3628 4794 Sed
3674 4740 3785 4809 ipsa

482 4832 543 4889 S.
573 4832 822 4905 Martyris
846 4830 1003 4887 verba
1031 4828 1349 4901 proferenda
1378 4838 1505 4884 sunt
1535 4848 1547 4884 :
1578 4848 1597 4881 ι
1633 4828 1895 4898 Quoniam
1928 4838 2108 4882 tamen
2134 4827 2311 4895 video,
2337 4827 2508 4900 inquit
2534 4829 2584 4883 in
2608 4828 2781 4899 Epist.
2811 4845 2907 4894 ιιι,
2953 4828 3259 4886 facultatem
3307 4832 3559 4888 veniendi
3593 4832 3659 4887 ad
3692 4846 3786 4886 vos

479 4924 720 4982 nondum
749 4938 868 4980 esse
894 4932 947 4977 et
968 4922 1079 4993 jam
1111 4930 1351 4978 aestatem
1377 4922 1625 4991 cmpisse,
1650 4920 1792 4991 quod
1820 4930 2030 4991 tempus
2080 4917 2477 4976 infirmitatibus
2519 4920 2750 4978 assiduis
2793 4931 2849 4978 et
2886 4923 3136 4995 gravibus
3158 4923 3461 4993 infestatur,
3491 4940 3778 4982 occurren-

483 5017 611 5073 dum
634 5026 761 5089 puto
788 5014 1043 5071 fratribus
1061 5013 1260 5068 nostris
1284 5054 1299 5080 ,
1321 5023 1380 5069 ut
1409 5014 1497 5084 qui
1528 5012 1738 5069 libellos
1763 5028 1793 5067 a
1816 5011 2145 5085 martyribus
2174 5022 2515 5083 acceperunt,
2542 5022 2599 5070 et
2626 5016 2980 5087 praerogativa
3004 5031 3191 5072 eorum
3230 5018 3371 5088 apttd
3420 5017 3588 5075 Deum
3632 5019 3786 5093 adju-

480 5112 595 5166 vari
626 5119 869 5180 possunt,
893 5109 939 5164 si
964 5107 1306 5163 incommodo
1332 5107 1512 5178 aliquo
1533 5116 1586 5162 et
1615 5105 1939 5162 infirmitatis
1970 5106 2210 5176 periculo
2231 5108 2475 5179 occupati
2504 5106 2719 5176 fuerint,
2746 5124 2852 5164 non
2869 5120 3177 5181 exspectata
3216 5113 3503 5183 prtesentia
3554 5123 3731 5170 nostra
3758 5153 3775 5183 ,

478 5206 619 5278 apud
643 5205 1018 5275 presbyterum
1068 5216 1459 5275 quemcumque
1488 5209 1829 5272 prrrsentetn,
1854 5199 1938 5254 vel
1967 5200 2013 5254 si
2046 5200 2328 5273 presbyter
2349 5209 2591 5269 repertus
2625 5215 2731 5256 non
2783 5200 2964 5269 fuerit,
2993 5213 3046 5258 et
3074 5219 3267 5275 urgere
3306 5205 3485 5261 exitus
3511 5208 3738 5278 coeperit
3765 5250 3782 5276 ,

478 5303 619 5373 apud
642 5303 925 5358 diaconum
948 5315 1161 5371 quoque
1188 5299 1590 5370 exomologesiu
1624 5298 1800 5354 facere
1826 5296 2004 5352 delicti
2033 5297 2114 5351 sui
2137 5297 2362 5367 possint,
2390 5306 2466 5365 ut,
2509 5313 2667 5352 manu
2694 5297 2773 5352 eis
2797 5299 2847 5353 in
2872 5299 3241 5369 paenitentiam
3270 5300 3541 5372 imposita,
3573 5302 3787 5359 veniant

482 5396 552 5451 ad
595 5396 876 5450 Dominum
906 5409 1029 5450 cum
1058 5409 1211 5465 pace,
1237 5407 1395 5464 quam
1422 5391 1535 5447 dari
1566 5400 1828 5462 martyres
1858 5389 2049 5445 litteris
2074 5390 2141 5445 ad
2159 5406 2255 5446 nos
2285 5390 2433 5445 factis
2449 5390 2908 5447 desideraverunt.
2949 5412 2968 5445 ι

556 5486 827 5541 Immerito
856 5485 1109 5540 Petavius
1128 5500 1197 5541 ex
1227 5484 1330 5539 hoc
1361 5484 1668 5539 testimonio
1695 5480 1897 5553 colligit
1922 5497 2104 5551 pacem
2134 5482 2200 5537 iis
2223 5481 2317 5553 qui
2345 5482 2560 5539 libellos
2586 5498 2695 5537 non
2733 5484 3021 5550 habebant,
3064 5486 3384 5558 denegatam
3423 5487 3607 5563 fuisse.
3652 5488 3783 5546 Nam

481 5579 539 5634 1°
565 5578 687 5650 quis
715 5577 1037 5649 Cyprianum
1067 5586 1214 5649 putet
1235 5576 1369 5632 adeo
1390 5576 1657 5648 aequitatis
1676 5574 1899 5631 oblitum
1935 5575 2100 5632 fuisse
2121 5619 2137 5644 ,
2191 5585 2249 5630 ut
2281 5576 2347 5632 iis
2392 5577 2482 5647 qui
2528 5576 2899 5647 paenitentiam
2939 5580 3421 5655 subterfttgiebant,
3451 5601 3470 5635 t
3507 5593 3564 5641 et
3598 5585 3786 5641 audaci

482 5672 808 5746 flagitatione
835 5687 897 5728 ae
919 5673 1149 5729 violento
1178 5674 1381 5743 impetu
1410 5685 1598 5743 pacem
1628 5680 1950 5741 extorquere
1973 5689 1992 5723 ι
2024 5670 2346 5737 nitebantur,
2382 5679 2489 5726 tam
2523 5671 2748 5743 benigne
2766 5673 3108 5742 provideret,
3160 5693 3180 5728 ι
3232 5675 3300 5730 ad
3327 5676 3541 5733 illorum
3581 5682 3787 5734 violen-

482 5768 613 5823 tiam
639 5766 855 5822 interim
886 5781 1100 5837 quoquo
1126 5781 1325 5837 genere
1350 5763 1696 5835 mitigandam
1736 5781 1754 5815 ι
1800 5763 1924 5833 (Ep.
1962 5764 2052 5836 xv)
2080 5780 2095 5831 ;
2144 5762 2380 5819 fervidos
2404 5773 2581 5820 autem
2611 5767 2955 5836 pmniteutes,
2984 5769 3073 5839 qui
3098 5783 3158 5825 se
3178 5770 3418 5841 episcopi
3471 5772 3554 5827 sui
3580 5772 3787 5843 judicio

476 5859 815 5919 committere
842 5873 1001 5932 quam
1050 5857 1415 5929 paenitentiam
1451 5856 1723 5914 declinare
1753 5854 2080 5928 maluerant,
2101 5857 2221 5915 sine
2247 5870 2376 5929 pace
2416 5866 2472 5913 et
2526 5862 2909 5916 communione
2950 5864 3084 5917 mori
3134 5865 3452 5934 pateretur?
3508 5866 3569 5920 2°
3597 5866 3787 5925 Cieros
