4050 6428
222 412 289 469 57
466 446 481 460 .
1606 388 1821 450 PRZEF.

1895 386 1997 446 .‘lO.
3423 372 3494 431 58

212 531 488 589 Romanus
526 526 1029 601 Carthaginiensem,
1077 522 1299 579 absente
1348 518 1615 589 Cypriano
1661 519 1943 570 monuerat
1999 528 2018 564 ‹
2055 517 2114 566 ιιι
2166 508 2232 566 iis
2259 505 2353 580 qui
2404 514 2524 579 post
2575 503 2787 577 lapsum
2836 497 3146 601 infirmitate
3192 490 3517 601 apprehensi

208 631 390 681 essent
437 632 492 678 et
535 588 857 692 pertinentes
882 588 1314 674 communionem
1345 588 1735 672 desiderarent,
1767 602 2144 661 subveniretur
2176 600 2370 674 (Epist.
2394 614 2451 654 ιιι
2483 607 2537 655 et
2564 596 2691 669 xv):
2719 615 2739 649 ι
2766 594 2942 666 Atque
2966 591 3069 648 hoc
3093 588 3371 646 consilium
3406 602 3513 642 non

212 716 376 772 modo
396 729 503 770 non
528 689 1187 783 improbavitCyprianus,
1214 703 1308 762 sed
1328 703 1488 760 etiam
1542 700 1596 755 in
1630 698 1803 770 Epist.
1832 712 1902 753 xv
1929 695 2242 752 declaratse
2274 712 2292 746 ‹
2325 689 2573 748 standum
2601 709 2621 743 ι
2674 696 2889 762 putasse
2941 704 2961 739 ι
2999 694 3056 741 et
3096 697 3218 739 cum
3248 701 3266 734 ι
3325 694 3514 737 eorum

214 830 235 864 ε
267 812 551 877 sententia,
577 776 646 865 nte
666 815 817 863 actus
842 776 1045 867 noster,
1075 801 1263 873 inquit,
1293 799 1385 872 qui
1412 796 1675 853 adunatus
1702 808 1825 851 esse
1843 800 1898 848 et
1923 790 2231 848 consentire
2258 788 2397 844 circa
2426 785 2607 844 omnia
2648 783 2807 842 debet
2838 824 2854 850 ,
2902 784 2956 838 iu
3001 780 3181 852 aliquo
3231 776 3515 848 discrepa-

208 914 310 961 ret.
350 923 370 957 ι
396 905 464 958 At
492 872 726 958 immane
747 907 1001 971 quantum
1039 872 1180 951 inter
1216 890 1468 966 Cypriani
1498 898 1553 946 et
1581 888 1945 945 Romanorum
1975 884 2166 957 agendi
2192 883 2454 962 rationem
2481 881 2724 947 distaret,
2765 878 2810 934 si
2837 892 2961 934 cum
2989 875 3077 932 isti
3105 888 3290 947 pacem
3316 872 3500 928 omni-

206 999 310 1054 bus
335 1012 463 1054 vere
489 966 872 1069 paenitentibus
899 990 1128 1048 dandam
1156 1002 1276 1044 esse
1295 984 1720 1050 admonuissent,
1746 980 2047 1055 Cyprianus
2082 976 2406 1049 indulgentia
2449 983 2503 1031 et
2552 974 2881 1029 humanitate
2905 972 2960 1026 iu
3009 984 3104 1026 eos
3161 966 3326 1069 solos.
3363 980 3494 1069 usus

210 1090 407 1147 fuisset
437 1056 528 1163 (ιιιί
559 1097 779 1161 peccato
805 1100 903 1143 suo
926 1081 1253 1156 paenitentiae
1279 1078 1457 1151 fugam
1505 1084 1563 1133 et
1591 1072 1847 1131 Ecclesia:
1877 1069 2328 1143 perturbationem
2366 1065 2723 1137 adjecerant?
2771 1062 2831 1121 5°
2867 1060 2984 1137 Non
3036 1059 3262 1116 obscure
3313 1056 3514 1163 indicat
3610 1124 3613 1125 ν

205 1150 506 1258 Cyprianus
527 1150 579 1239 in
601 1183 770 1254 Epist.
790 1196 906 1247 χιιι,
928 1150 1138 1249 λιιιίιιιιε
1162 1150 1444 1230 uoulibelli
1485 1170 1579 1227 sed
1626 1166 1952 1240 poenitentim
1978 1178 2140 1236 opera
2170 1159 2595 1232 sull'ragahantur
2614 1200 2629 1226 ,
2659 1157 2736 1213 eis
2766 1155 3065 1229 periculose
3115 1150 3501 1258 aegrotantibus

206 1247 395 1345 pacem
428 1275 593 1330 multo
619 1247 815 1347 potiori
837 1247 1099 1343 jureiesse
1126 1266 1378 1324 dandam.
1417 1283 1436 1317 ι
1466 1263 1731 1320 Caeterum
1751 1274 1964 1333 quoque
1989 1268 2194 1332 partem
2215 1254 2385 1328 plebis
2413 1270 2533 1327 qua:
2561 1254 2708 1324 lapsa
2729 1260 2830 1319 est,
2863 1249 3055 1322 inquit,
3085 1247 3371 1319 przesentia
3388 1260 3514 1302 ves-

206 1339 285 1424 ira
310 1369 503 1438 fovete,
526 1376 581 1425 et
609 1339 666 1422 ut
689 1382 720 1422 a
751 1339 856 1422 ﬁde
883 1374 938 1420 et
957 1360 1322 1419 misericordia
1344 1356 1557 1416 Domini
1583 1371 1689 1412 non
1716 1352 1990 1418 deliciam,
2014 1358 2193 1407 vestro
2218 1349 2409 1404 solatio
2440 1346 2698 1403 focillate.
2756 1343 2941 1414 Neque
2976 1341 3120 1398 enim
3197 1339 3516 1397 deserentur

202 1461 272 1519 ab
291 1477 391 1534 ope
412 1471 467 1519 et
488 1432 693 1517 auxilio
724 1458 932 1515 Domini
959 1458 1049 1529 qui
1079 1456 1235 1511 mites
1249 1461 1304 1511 et
1329 1450 1559 1507 humiles
1582 1456 1637 1505 et
1666 1447 2033 1521 paenitentiam
2064 1458 2188 1500 vere
2212 1449 2433 1515 agentes
2463 1441 2516 1495 in
2547 1439 2704 1495 bouis
2741 1436 2994 1509 operibus
3026 1432 3511 1507 perseveraverint,

202 1527 487 1624 quominus
515 1554 619 1609 illis
646 1566 860 1625 quoque
884 1527 1065 1606 divino
1088 1545 1328 1605 remedio
1347 1543 1677 1599 consulatur.
1708 1560 1727 1594 ι
1761 1540 2081 1597 Persuasum
2109 1552 2235 1608 ergo
2257 1550 2376 1592 esse
2403 1534 2518 1590 vult
2570 1531 2834 1603 ejusmodi
2883 1528 3264 1602 ptenitentibus
3302 1527 3416 1584 fore
3456 1537 3516 1585 ut

209 1623 232 1701 Α
263 1646 368 1702 illis
397 1661 608 1719 quoque
633 1623 814 1700 divino
835 1642 1074 1699 remedio
1099 1639 1441 1704 consulatur;
1472 1654 1492 1690 ι
1524 1648 1686 1708 atque
1715 1633 1817 1689 hoc
1845 1628 1969 1688 illis
1997 1630 2246 1688 concedit
2296 1639 2355 1685 ut
2406 1628 2655 1686 solatium
2693 1624 2952 1684 Ecclesia:
3006 1623 3214 1696 legibus
3229 1632 3514 1681 consenta-

201 1754 381 1807 neum,
407 1716 656 1812 quodque
684 1751 819 1793 nova
849 1734 1067 1792 decreta
1089 1748 1195 1790 non
1223 1730 1576 1789 desideraret.
1606 1727 1794 1802 Neque
1818 1727 1963 1784 enim
1991 1726 2113 1781 data
2162 1740 2326 1796 opera
2379 1722 2647 1781 scribebat
2676 1720 2975 1794 Epistolam
3015 1735 3111 1776 xm
3134 1728 3214 1776 'ut
3247 1716 3514 1791 ejusmodi

201 1834 366 1907 lapsis
395 1834 702 1908 provideret
719 1832 914 1906 quibus
940 1841 998 1888 et
1022 1830 1273 1887 Ecclesia:
1300 1825 1632 1885 consuetudo
1658 1834 1712 1881 et
1738 1823 1963 1880 Romani
1996 1820 2140 1878 Cleri
2183 1818 2386 1877 monita
2426 1819 2556 1875 satis
2589 1816 2955 1890 providerant,
3006 1813 3100 1871 sed
3133 1823 3189 1870 ut
3213 1828 3400 1871 eorum
3431 1826 3515 1871 tu-

200 1928 429 1983 multum
481 1926 857 1999 comprimeret
884 1926 973 1998 qui
1002 1924 1234 1999 querelis
1260 1921 1372 1978 suis
1391 1919 1863 1991 Carthaginiensem
1917 1916 2199 1973 ecclesiam
2248 1913 2621 1972 incendebant.
2655 1913 2832 1986 Atque
2855 1911 2908 1969 id
2935 1926 3111 1968 causa:
3138 1926 3260 1969 esse
3283 1912 3515 1969 arbitror

199 2036 299 2076 cur
325 1998 632 2093 Cyprianus
674 2022 727 2076 in
755 2020 927 2092 Epist.
954 1998 1396 2075 stv'conllrmans
1422 2029 1542 2087 qua:
1581 2015 1635 2071 in
1674 2013 1882 2070 decima
1912 2013 2064 2067 tertia
2089 2010 2417 2075 decreverat,
2450 2008 2581 2066 nihil
2613 2007 2925 2086 nominatim
2949 2005 3093 2063 dicat
3115 2005 3183 2063 de
3212 2020 3345 2079 pace
3369 2008 3513 2063 veris

196 2114 580 2187 pmnitentibus
607 2115 658 2170 in
689 2124 931 2171 extremo
956 2111 1195 2184 periculo
1218 2109 1583 2169 concedenda.
1609 2107 1898 2180 Postquam
1928 2107 2070 2163 enim
2100 2105 2311 2162 locutus
2340 2112 2425 2160 est
2447 2103 2517 2160 de
2542 2104 2605 2159 iis
2634 2102 2725 2175 qui
2753 2101 2966 2158 libellos
2988 2116 3021 2156 a
3050 2099 3379 2175 martyribus
3408 2116 3503 2157 ae-

199 2219 472 2278 cepcrant,
508 2208 622 2265 lucc
648 2206 798 2263 addit
827 2225 840 2261 :
877 2227 898 2260 ι
931 2201 1125 2263 Caneri
1153 2219 1285 2261 vero
1315 2205 1427 2276 qui,
1451 2202 1596 2260 nullo
1623 2200 1806 2258 libello
1832 2216 1861 2255 a
1887 2198 2215 2272 martyribus
2241 2208 2485 2269 accepto,
2534 2194 2790 2253 invidiam
2819 2194 3042 2263 faciunt,
3087 2194 3340 2266 quoniam
3393 2211 3501 2251 non

196 2316 486 2372 paucorum
526 2317 626 2358 nec
656 2300 899 2357 ecclesiae
923 2298 1078 2356 unius
1104 2306 1196 2354 aut
1233 2298 1389 2354 unius
1440 2296 1747 2369 provincias,
1780 2294 1875 2353 sed
1906 2295 2068 2351 totius
2096 2293 2244 2350 orbis
2266 2292 2383 2349 h:ce
2405 2300 2688 2359 causaest,
2721 2289 3122 2363 exspectentde
3150 2289 3360 2347 Domini
3377 2306 3500 2362 pro-

198 2392 433 2449 lectione
464 2392 725 2450 Ecclesia:
755 2393 924 2465 ipsius
952 2392 1217 2464 publicam
1247 2405 1458 2463 pacem.
1496 2408 1517 2444 ι
1573 2389 1689 2446 Non
1717 2390 1768 2446 id
1798 2389 2043 2462 profecto
2068 2389 2580 2463 sancitCyprianus,
2610 2395 2669 2443 ut
2696 2387 2838 2442 veris
2890 2385 3273 2456 paenitentibus
3304 2400 3403 2456 pax
3456 2385 3508 2442 iu

193 2487 340 2541 exitu
369 2495 589 2556 negetur
611 2485 810 2559 (neque
834 2486 977 2541 enim
1010 2484 1202 2541 retexit
1220 2499 1341 2555 quae
1370 2484 1422 2538 in
1457 2483 1736 2556 superiore
1765 2483 1991 2554 epistola
2039 2484 2421 2550 constituerat,
2464 2481 2559 2538 sed
2598 2495 2662 2537 ea
2714 2480 2892 2551 potius
2916 2477 3223 2546 confirmat,
3278 2479 3410 2535 dum
3437 2481 3512 2537 ait

193 2591 253 2632 se
287 2597 305 2629 ι
341 2578 498 2650 plene
519 2580 800 2651 scripsisse
826 2578 894 2634 ad
922 2578 1059 2633 hanc
1078 2592 1191 2633 rem
1218 2577 1478 2648 proximis
1507 2577 1747 2648 litteris),
1780 2596 1799 2630 ι
1834 2578 1929 2633 sed
1950 2578 2328 2634 nonnullorum
2348 2576 2747 2634 festinationem
2777 2576 3104 2646 comprimit,
3147 2575 3241 2647 qui
3268 2590 3512 2633 commu-

192 2670 409 2727 nionem
437 2673 686 2742 petebant
711 2682 835 2729 ante
872 2673 1136 2729 redditam
1165 2672 1421 2729 Ecclesiae
1456 2687 1662 2742 pacem,
1694 2681 1982 2744 antequam
2028 2673 2175 2743 gravi
2209 2672 2397 2728 morbo
2459 2678 2833 2737 teutarentur;
2864 2671 2962 2725 hos
2984 2668 3140 2740 jubet
3186 2680 3505 2742 exspectare

194 2764 318 2818 dum
361 2780 462 2835 pax
493 2765 748 2821 Ecclesiae
775 2764 1033 2822 reddatur
1062 2806 1077 2821 .
1106 2773 1161 2820 at
1186 2779 1371 2835 pacem
1393 2765 1444 2820 in
1475 2766 1622 2820 exitu
1648 2779 1754 2821 uon
1783 2774 1970 2838 negat;
1998 2781 2172 2838 neque
2196 2781 2292 2823 eos
2308 2766 2656 2839 reprehendit
2692 2766 2834 2837 quod
2861 2779 2892 2821 a
2917 2766 3297 2822 communione
3325 2767 3504 2824 arceri

195 2870 257 2911 se
307 2856 359 2910 in
387 2857 532 2912 exitu
584 2858 833 2923 nollent,
884 2858 979 2913 sed
1028 2855 1169 2929 quod
1194 2871 1312 2912 eam
1342 2865 1469 2914 ante
1517 2857 1734 2914 exulum
1787 2858 2016 2916 reditum
2060 2868 2337 2932 peterent,
2392 2874 2455 2916 ac
2515 2880 2533 2913 ι
2579 2860 2917 2917 confessores
2964 2860 3112 2932 ipsos
3141 2861 3439 2934 praevenire
3485 2882 3505 2917 ι

193 2948 413 3005 vellent.

263 3044 368 3100 Sed
394 3044 579 3116 objicit
604 3044 847 3101 Petavius
871 3044 1077 3101 meliori
1103 3044 1409 3102 conditione
1433 3044 1507 3101 uti
1525 3044 1774 3102 debuisse
1797 3045 1885 3117 qui
1913 3044 2124 3103 libellos
2150 3056 2493 3119 acceperant,
2509 3062 2667 3121 quam
2689 3048 2779 3122 qui
2797 3063 2903 3104 non
2921 3057 3272 3123 acceperant;
3300 3048 3444 3122 quod
3462 3050 3510 3109 si

191 3138 441 3195 o-nuibus
467 3153 722 3195 concessa
774 3154 899 3212 pax,
930 3138 1131 3194 nullum
1163 3153 1381 3210 prorsus
1408 3138 1546 3195 inter
1574 3149 1825 3212 utrosque
1848 3138 2138 3198 discrimen
2159 3142 2451 3200 exstitisse.
2478 3142 2762 3200 Existimat
2785 3143 3157 3201 Tillemontius
3182 3142 3507 3219 Cyprianum

192 3233 464 3303 ingeniosa
495 3232 721 3305 quadam
754 3232 1011 3289 cltaritate
1040 3231 1252 3299 fecisse,
1286 3242 1345 3288 ut
1367 3247 1489 3288 cum
1519 3233 1786 3306 prmcipue
1815 3233 2013 3306 aliquid
2042 3234 2094 3290 in
2127 3235 2386 3292 honorem
2415 3246 2706 3310 martyrum
2737 3236 3033 3293 concedere
3053 3235 3342 3306 videretur,
3377 3237 3511 3294 nihil

193 3335 369 3382 tamen
401 3329 665 3399 praecipue
690 3328 1042 3393 concederet;
1073 3336 1125 3383 et
1154 3341 1276 3383 cum
1305 3341 1491 3397 pacem
1518 3326 1584 3383 iis
1611 3334 1814 3383 tantum
1843 3328 1932 3399 qui
1956 3327 2162 3384 libellos
2192 3328 2460 3387 habebant
2485 3329 2847 3401 polliceretur,
2882 3332 3155 3389 neminem
3187 3346 3407 3401 prorsus
3432 3332 3505 3388 ab

192 3423 292 3478 hac
323 3422 648 3493 indulgentia
676 3422 1010 3488 excluderet,
1032 3423 1228 3494 quippe
1255 3437 1376 3477 cum
1401 3431 1666 3496 martyres
1688 3422 1823 3478 adeo
1849 3422 2153 3480 libellorum
2184 3425 2392 3498 prodigi
2415 3436 2618 3491 essent,
2645 3435 2703 3483 ιιι
2727 3428 2979 3486 omnibus
3010 3443 3195 3485 eorum
3213 3428 3506 3486 liberalitas

191 3527 418 3590 pateret.
456 3515 564 3574 Sed
614 3518 656 3573 si
683 3533 746 3573 ea
778 3515 1274 3575 accommodatione
1304 3530 1432 3572 usus
1460 3515 1643 3573 fuisset
1674 3532 1776 3588 qua
1820 3516 1964 3573 illum
1992 3516 2362 3574 Tillemontius
2382 3531 2539 3576 usum
2564 3535 2686 3578 esse
2706 3522 2997 3588 existimat,
3050 3537 3115 3579 ac
3142 3525 3303 3580 tacite
3331 3523 3510 3596 lapsos

195 3628 389 3670 omnes
420 3612 608 3669 fuisset
630 3612 870 3668 hortatus
915 3622 969 3668 ut
992 3627 1052 3668 se
1077 3612 1380 3669 libellorum
1406 3611 1654 3683 prmsidio
1678 3613 1982 3681 munirent,
2015 3629 2081 3670 an
2112 3614 2270 3686 paulo
2299 3624 2419 3687 post
2445 3627 2589 3673 tanta
2605 3620 2827 3675 arsisset
2847 3618 3212 3692 indignatione
3229 3612 3291 3680 in
3311 3621 3506 3678 Lucin-

192 3723 339 3773 num,
372 3707 460 3777 qui
490 3706 754 3763 universis
781 3706 945 3777 lapsis
966 3704 1017 3761 id
1039 3704 1336 3761 concedere
1363 3720 1526 3761 ausus
1553 3715 1636 3762 est
1686 3705 1829 3775 quod
1852 3707 1962 3778 jam
1993 3719 2151 3766 antea
2171 3709 2414 3780 plurimis
2455 3723 2816 3773 concesserat.
2850 3714 3053 3773 Deinde
3078 3731 3204 3773 vero
3233 3718 3508 3790 periniqne

189 3800 492 3873 Cyprianus
519 3813 676 3856 veros
702 3800 1023 3871 pmnitentes
1049 3798 1312 3870 ejusmodi
1336 3799 1572 3871 periculo
1598 3801 1952 3872 exposuisset,
1984 3811 2041 3858 ut
2060 3817 2190 3874 pace
2218 3803 2520 3863 defraudati
2549 3819 2926 3879 morerentur;
2951 3824 3125 3883 neque
3168 3812 3314 3869 enim
3366 3814 3504 3870 veri—

191 3892 368 3949 simile
393 3901 509 3949 etat
534 3907 628 3950 eos
656 3891 746 3964 qui
771 3892 1026 3948 hactenus
1054 3902 1160 3947 tam
1185 3891 1357 3947 timidi
1381 3908 1444 3949 ae
1476 3892 1737 3964 pudentes
1763 3892 1993 3978 fuerant,
2025 3895 2342 3956 audaciores
2369 3899 2621 3973 deinceps
2651 3901 2704 3958 in
2738 3902 2936 3961 libellis
2963 3905 3213 3978 petendis
3237 3905 3444 3964 futuros
3477 3925 3493 3975 ;

189 3997 283 4041 aut
334 3988 482 4058 ipsos
519 3985 680 4043 etiam
728 3985 1067 4043 confessores
1102 3986 1155 4042 in
1182 3984 1543 4044 concedendis
1579 3972 1845 4044 cautiores
1869 4003 1975 4044 non
2009 3990 2122 4046 fore
2147 3999 2429 4063 postquam
2454 3972 2643 4050 eorum
2685 3994 2903 4052 nimiam
2932 3972 3240 4056 facilitatem
3277 3972 3505 4071 castiga;

189 4092 339 4139 verat
368 4082 696 4156 Cyprianus.

260 4177 584 4251 Cyprianum
604 4177 683 4233 sic
709 4176 1090 4248 interpretatur
1118 4175 1393 4231 Morinos:
1422 4174 1555 4232 Cum
1578 4176 1668 4233 lex
1691 4184 1837 4233 esset
1885 4186 1945 4231 ut
1977 4172 2161 4247 paceni
2187 4178 2492 4236 moribundi
2525 4195 2630 4236 non
2682 4180 3034 4253 impetrarent
3081 4184 3176 4255 ‘qui
3233 4185 3500 4257 poeniten-

191 4269 316 4325 tiam
345 4271 462 4326 sani
491 4286 596 4327 non
646 4278 888 4342 egerant,
916 4268 1189 4325 existimat
1217 4268 1459 4326 eruditus
1485 4269 1716 4341 scriptor
1739 4269 2036 4326 decernere
2064 4269 2391 4343 Cyprianum
2421 4283 2478 4330 ut
2533 4275 2585 4330 in
2644 4275 2710 4332 iis
2736 4276 2825 4348 qui
2847 4275 3058 4335 libellos
3106 4293 3136 4333 a
3179 4281 3503 4353 martyribus
3559 4292 3567 4297 ‘

188 4372 531 4433 acceperant,
562 4362 697 4434 legis
726 4362 987 4418 severitas
1016 4377 1121 4418 non
1151 4371 1395 4418 servetur
1415 4403 1431 4429 ,
1462 4378 1526 4419 ac
1552 4362 1658 4418 illis
1682 4364 1739 4419 iu
1761 4362 2021 4421 honorem
2072 4373 2366 4440 martyrum
2413 4384 2515 4440 pax
2542 4369 2872 4427 concedatur
2899 4413 2917 4441 ,
2962 4388 3122 4444 quam
3157 4372 3353 4431 frustra
3402 4376 3503 4435 huc

192 4455 448 4524 prassidio
477 4455 723 4511 destituti
756 4457 1055 4526 petiissent.
1090 4455 1196 4512 Sed
1228 4457 1344 4514 haec
1366 4457 1738 4529 interpretatio
1767 4473 1869 4514 nec
1885 4473 2007 4515 cum
2036 4461 2213 4518 verbis
2242 4478 2342 4520 nec
2361 4478 2484 4520 cum
2512 4472 2692 4521 mente
2715 4464 2970 4539 Cypriani
3009 4470 3276 4541 congruit.
3318 4470 3367 4528 ιο
3397 4472 3504 4530 No-

112 4568 116 4572 ·
187 4550 430 4607 minatim
450 4551 992 4624 requiritCyprianus
1021 4562 1080 4608 ut
1109 4554 1196 4624 qui
1220 4552 1432 4610 libellos
1454 4569 1486 4608 a
1514 4554 1837 4627 martyribus
1869 4566 2209 4627 acceperunt,
2242 4576 2262 4612 ι
2300 4560 2650 4633 praerogativa
2681 4572 2738 4619 et
2762 4564 2962 4621 auxilio
3011 4580 3201 4622 eorum
3263 4565 3502 4637 adjuvari

187 4645 326 4716 apud
356 4644 637 4700 Dominum
668 4644 720 4703 iu
746 4644 958 4700 delictis
983 4646 1094 4700 suis
1122 4663 1143 4699 ι
1178 4645 1408 4717 possint.
1461 4646 1632 4703 Porro
1657 4647 1709 4705 in
1741 4647 1825 4704 his
1853 4648 2096 4721 epistolis
2147 4662 2203 4708 et
2228 4652 2283 4709 in
2310 4652 2449 4710 libro
2474 4655 2539 4712 de
2570 4654 2752 4729 Lapsis
2794 4657 2925 4715 illud
2973 4670 3121 4717 arcte
3151 4668 3294 4717 tenet
3340 4674 3501 4717 accu-

187 4750 407 4812 rateque
427 4738 682 4804 defendit,
716 4755 823 4794 non
854 4738 1112 4811 prodesse
1138 4739 1303 4811 lapsis
1326 4740 1850 4799 commendationem
1881 4754 2173 4817 martyrum
2209 4746 2252 4801 si
2276 4748 2647 4817 paenitentiam
2677 4765 2837 4822 agere
2883 4750 3201 4819 detrectent,
3226 4766 3413 4824 quare,
3447 4753 3496 4809 si

185 4836 342 4905 lapsi,
368 4843 487 4904 post
514 4842 592 4891 tot
619 4834 867 4907 Cypriani
897 4845 950 4891 et
973 4835 1406 4909 presbyterorum
1431 4837 1657 4906 monita,
1688 4836 1744 4893 in
1771 4836 2038 4894 obstinato
2061 4840 2387 4909 paenitentia:
2416 4856 2522 4898 non
2547 4843 2770 4914 agendas
2806 4845 3033 4901 consilio
3046 4856 3498 4917 perseverassent,

186 4945 253 4983 an
280 4930 548 5002 Cypriane
576 4930 677 4985 visi
702 4938 884 4986 essent
912 4930 1088 4987 idonei
1114 4933 1205 5003 qui
1234 4942 1529 5006 martyrum
1560 4932 1759 4988 auxilio
1791 4932 1934 5004 apud
1982 4932 2268 4989 Dominum
2310 4934 2633 5006 iuvarentur
2659 4938 2684 4991 ‘t
2734 4935 2935 4994 Deinde
2965 4953 3112 5005 vero,
3155 4938 3199 4993 si
3244 4937 3494 4994 omnibus

186 5024 395 5079 libellos
421 5024 741 5081 habentibus
761 5040 944 5096 pacem
967 5025 1311 5091 decernebat,
1339 5029 1454 5083 sive
1484 5027 1850 5098 paenitentiam
1876 5027 2131 5097 egissent,
2159 5027 2274 5084 sive
2305 5044 2410 5083 non
2446 5029 2725 5099 egissent,
2755 5030 2883 5103 quid
2904 5046 3127 5088 necesse
3146 5040 3261 5087 erat
3301 5030 3491 5088 delec-

188 5124 297 5171 tum
329 5116 547 5179 habere,
572 5131 635 5171 ac
656 5116 707 5171 in
746 5117 1069 5173 conditionis
1093 5117 1214 5174 loco
1237 5110 1618 5190 requirere,'ut
1645 5129 1939 5193 martyrum
1963 5119 2161 5175 auxilio
2187 5120 2430 5192 adjuvari
2458 5124 2721 5192 possent?
2777 5125 2964 5196 Lapsis
3008 5140 3137 5197 ergo
3193 5125 3496 5198 Cyprianus

186 5224 290 5262 nan
321 5208 648 5280 poenitentia:
668 5221 806 5263 onus
833 5208 1018 5264 eximit
1047 5250 1062 5275 ,
1095 5209 1189 5266 sed
1211 5210 1388 5281 potius
1408 5210 1475 5267 ad
1496 5213 1867 5283 pmnitentiam
1917 5212 2112 5270 blande
2137 5221 2193 5270 et
2216 5213 2410 5271 leuiter
2435 5215 2702 5285 hortatur,
2764 5218 2890 5275 dum
2934 5234 3119 5291 pacem
3176 5218 3333 5275 oll‘ert
3384 5236 3500 5276 mo-

184 5306 465 5374 rientibus,
494 5305 653 5363 modo
682 5313 976 5378 martyrum
997 5306 1393 5377 meritisjuvari
1419 5308 1646 5380 possint.
1674 5308 1806 5365 lliuc
1845 5310 1898 5365 iu
1928 5309 2099 5382 Epist.
2131 5326 2225 5367 xtv
2277 5310 2456 5367 laudat
2484 5312 2827 5386 presbyteros
2849 5325 2904 5370 et
2919 5315 3173 5371 diaconos
3216 5314 3358 5385 quod
3387 5315 3499 5384 lap-

182 5415 271 5454 sos
294 5400 359 5454 ad
386 5398 747 5471 patuitentiam
778 5405 830 5453 et
852 5398 1159 5467 patientiam
1186 5398 1380 5456 hortati
1401 5410 1605 5469 essent,
1633 5418 1697 5458 ac
1720 5403 2086 5473 pmniteutiam
2105 5405 2172 5461 ab
2202 5404 2296 5461 illo
2320 5406 2405 5478 agi
2435 5406 2674 5464 declarat
2703 5409 2792 5480 qui
2820 5408 3017 5466 divinis
3038 5410 3323 5479 prteceptis
3348 5409 3495 5467 mitis

184 5503 239 5548 et
271 5493 485 5562 patiens
526 5501 581 5563 et
601 5489 973 5547 sacerdotibus
1007 5490 1097 5546 Dei
1116 5490 1515 5563 obtemperans,
1547 5494 1819 5567 obsequiis
1844 5495 1956 5552 suis
1972 5505 2025 5552 et
2053 5497 2309 5568 Operibus
2328 5499 2486 5571 justis
2539 5501 2820 5558 Dominum
2847 5513 3204 5573 promeretur.
3227 5501 3284 5559 id
3309 5511 3489 5559 autent

183 5587 395 5643 deferre
422 5587 632 5643 videtur
656 5597 952 5663 martyrum
980 5590 1188 5646 meritis
1214 5601 1270 5646 ut
1298 5591 1463 5663 lapsis
1512 5593 1747 5649 nondum
1797 5609 1859 5651 ea
1889 5595 2201 5668 pmuiteutia
2230 5598 2458 5669 expiatis
2486 5613 2607 5670 qua:
2653 5613 2838 5671 pacem
2870 5614 2966 5669 per
3006 5613 3068 5656 se
3096 5599 3206 5671 ipsa
3228 5598 3280 5654 iu
3306 5599 3495 5654 mortis

182 5683 492 5739 discrimine
514 5685 783 5755 impetret,
825 5693 1123 5759 martyrum
1164 5687 1565 5744 commendatio
1593 5687 1936 5761 suli‘ragetur.
1989 5688 2099 5746 Nec
2127 5689 2266 5746 levis
2287 5689 2457 5747 videri
2484 5691 2647 5749 debet
2668 5692 2783 5748 haec
2813 5690 3142 5763 indulgentia
3175 5734 3193 5762 ,
3215 5694 3260 5749 si
3289 5701 3496 5763 tempo-

183 5793 301 5833 rum
326 5778 544 5834 illorum
568 5779 827 5835 severitas
868 5780 1195 5838 attendatur.
1224 5782 1335 5838 Etsi
1365 5783 1506 5838 enim
1540 5782 1926 5854 pmnitentibus
1952 5782 2253 5855 periculose
2279 5784 2663 5857 aegrotantibus
2705 5800 2806 5856 pax
2831 5785 2945 5842 dari
2972 5787 3181 5844 solebat
3200 5829 3217 5853 ,
3251 5802 3359 5843 non
3412 5794 3491 5841 ta-

184 5887 306 5928 men
330 5872 381 5927 id
403 5873 520 5928 sine
546 5873 754 5930 delectu
778 5883 830 5931 et
849 5875 1057 5946 judicio
1103 5876 1515 5934 concedebatur.
1551 5877 1685 5933 llinc
1728 5876 1920 5934 Clerus
1949 5876 2244 5946 Romanus,
2302 5894 2361 5934 re
2404 5893 2526 5934 cum
2563 5866 2816 5950 pluribus
2864 5880 3129 5952 episcopis
3175 5880 3490 5945 deliberata,

189 5967 398 6026 censuit
434 5986 454 6021 ι
488 5981 672 6026 eorum
702 5983 930 6041 quorum
962 5970 1084 6030 vita:
1109 5970 1236 6031 Suzc'
1265 5970 1425 6031 finem
1451 5986 1645 6045 urgens
1694 5971 1871 6030 exitus
1893 5970 2202 6030 dilationem
2233 5985 2337 6030 non
2363 5979 2540 6043 potest
2570 5970 2734 6041 ferre,
2760 5981 2878 6031 acta
2906 5971 3215 6046 poenitentia
3267 5980 3321 6030 ct
3367 5985 3494 6042 pro-
3566 5991 3573 5999 υ
