4050 6416
524 371 594 441 δί)
1906 380 2297 445 ΡΠᾹΖΓᾹἸΊΟ.
2970 409 2975 413 ’
3576 438 3591 450 .
3781 390 3869 451 60

522 497 665 560 fessa
700 490 1251 587 frequentcrsuorum
1279 503 1635 567 detestatione
1665 505 1945 573 factorum,
1978 510 2021 564 si
2051 509 2324 582 lacrymis,
2344 509 2387 565 si
2409 508 2712 581 gemitibus,
2740 509 2783 567 si
2805 507 3017 567 ﬂetibus
3043 509 3276 568 dolentis
3304 520 3509 571 acVere
3533 514 3869 586 pauitantia

521 594 687 652 animi
708 595 854 667 signa
888 594 1241 668 prodiderint,
1273 604 1393 655 cum
1413 614 1537 672 spes
1565 599 1779 656 vivendi
1805 602 2100 657 secundum
2140 602 2409 659 hominem
2450 604 2593 659 nulla
2628 604 2950 673 substiterit,
2981 608 3050 661 ita
3082 605 3301 662 «unum
3328 615 3486 664 caute
3508 619 3565 665 et
3616 610 3871 667 sollicito

520 690 815 754 subveniri,
847 710 865 744 ι
919 700 1025 749 etc.
1066 684 1261 765 (Epist.
1297 708 1423 750 xxxx
1451 697 1490 767 ).
1525 694 1646 766 ipse
1672 695 1968 769 Cyprianus
1992 740 2007 765 ,
2041 697 2093 753 in
2126 697 2296 768 Epist.
2354 704 2470 766 xm,
2507 710 2693 771 pacem
2747 699 2813 755 iis
2840 700 2972 756 solis
2999 700 3261 771 promittit
3288 717 3311 752 ι
3337 702 3425 772 qui
3467 702 3628 758 mites
3665 712 3723 758 et
3752 703 3867 759 hu-

520 784 678 839 miles
707 794 761 839 et
788 784 1161 855 paenitentiam
1180 802 1305 843 vere
1332 798 1551 859 agentes
1582 789 1634 843 in
1667 789 1819 844 bonis
1849 789 2103 860 eperibus
2130 794 2611 860 perseveraverint.
2646 813 2664 846 ι
2697 792 2776 849 Ex
2803 793 2888 849 bis
2917 794 3148 866 perspici
3186 804 3365 866 potest
3412 810 3520 867 quo
3568 796 3865 854 lenitatem

522 885 576 931 et
602 875 984 947 indulgentiam
1006 877 1261 948 perducat
1289 880 1603 950 Cyprianus.
1636 880 1838 950 Quibus
1861 883 2002 938 enim
2040 883 2344 939 consultum
2395 886 2564 941 voluit
2610 889 2663 941 in
2708 886 2962 957 Epistolis
3010 898 3104 944 xm
3129 895 3185 943 et
3206 903 3314 955 xiv,
3367 888 3422 944 hi
3454 888 3540 945 vel
3572 892 3861 961 parntem

524 966 651 1022 tiam
682 967 916 1039 segniter
936 972 1174 1041 egerant,
1218 972 1301 1028 vel
1324 973 1486 1028 etiam
1517 975 1833 1045 gravissimo
1853 976 2052 1032 delicto
2096 977 2225 1032 illud
2249 976 2587 1045 addiderant,
2621 989 2678 1035 ut
2710 981 3077 1051 paenitentiam
3117 980 3471 1049 declinarent,
3526 999 3592 1040 ac
3639 986 3864 1042 disseras

525 1059 766 1116 sionibus
789 1069 844 1117 et
871 1061 1106 1133 querelis
1136 1060 1432 1119 Ecclesium
1460 1067 1888 1137 permiscereut:
1918 1069 2109 1139 quibus
2156 1070 2309 1127 factis
2358 1082 2666 1128 meruerant
2700 1082 2760 1129 ut
2782 1088 2878 1141 pax
2906 1075 3257 1132 morientibus
3279 1087 3588 1149 negaretur,
3636 1081 3861 1140 sumi

527 1155 896 1225 paenitentiam
927 1155 1083 1227 paulo
1111 1166 1233 1214 ante
1256 1158 1499 1215 morbum
1529 1161 1891 1234 incmpissent.
1920 1163 2278 1233 Quamobrem
2304 1167 2487 1237 primis
2506 1168 2753 1224 concedit
2777 1168 2831 1223 S.
2863 1169 3063 1240 Martyr
3104 1170 3327 1241 utquod
3350 1185 3535 1227 eorum
3577 1173 3863 1243 pmnitcn-o

523 1253 610 1308 tim
638 1249 705 1306 ad
745 1264 929 1322 pacem
954 1250 1342 1323 impetrandam
1371 1252 1577 1321 deerat,
1620 1254 1674 1311 id
1704 1266 1997 1330 martyrum
2030 1260 2237 1315 meritis
2260 1260 2557 1330 expleatur.
2587 1260 2876 1316 Postremis
2900 1262 3103 1332 pariter
3150 1262 3403 1327 consulit,
3459 1272 3621 1335 atque
3651 1275 3708 1320 nt
3764 1274 3861 1321 tuo

522 1346 747 1404 multum
778 1346 1118 1417 comprimat,
1152 1346 1475 1418 indulgentia
1504 1349 1556 1405 in
1593 1364 1688 1405 eos
1722 1353 1926 1417 utitur;
1955 1360 2009 1406 et
2035 1351 2195 1407 modo
2214 1366 2462 1408 aversum
2486 1354 2813 1423 pceniteutize
2846 1352 3100 1410 remediis
3122 1355 3361 1410 animum
3393 1355 3687 1427 deponant,
3706 1359 3860 1429 quod

520 1456 616 1498 sua
644 1446 835 1511 sponte
874 1446 1120 1495 mansum
1150 1448 1205 1495 et
1233 1441 1540 1497 inchoatum
1609 1438 1903 1513 videretur,
1958 1444 2009 1501 id
2042 1454 2336 1519 martyrum
2391 1447 2597 1506 meritis
2626 1456 3052 1520 contpeusatum,
3083 1465 3114 1505 a
3146 1449 3475 1525 presbyteris
3516 1460 3692 1509 ratum
3747 1454 3857 1512 hae

525 1540 639 1599 beri
668 1538 840 1612 jubet.

609 1697 726 1756 ΧΠ.
747 1718 818 1741 ει-
844 1710 1029 1757 urunt
1054 1708 1335 1757 eoactum!
1361 1714 1796 1788 semestrem
1825 1719 2216 1763 ναίω-κεκτη.
2244 1714 2611 1764 sacntrtca'rts
2639 1720 2744 1765 res
2777 1720 2959 1765 rorott
2987 1722 3135 1765 vnn
3163 1722 3371 1766 turos
3398 1723 3740 1767 tnrososatr.

596 1884 749 1941 Nunc
774 1886 915 1942 aliud
943 1886 1356 1943 examinandum
1378 1887 1640 1960 sequitur,
1662 1902 1730 1943 an
1749 1902 1855 1945 non
1871 1888 2067 1947 saltem
2093 1897 2253 1946 aetate
2276 1889 2530 1961 Cypriani
2560 1882 2895 1962 gravioribus
2923 1891 3157 1962 peccatis
3186 1891 3502 1962 poenitentia
3548 1906 3643 1963 per
3675 1900 3851 1951 totunt

524 1980 650 2035 vita:
670 1991 878 2050 tempus
906 1981 1156 2051 imposita
1184 1978 1367 2047 fuerit,
1390 1989 1446 2037 et
1472 1980 1782 2037 communio
1804 1981 1871 2037 ad
1898 1984 2073 2054 ipsum
2097 1984 2283 2039 mortis
2302 1982 2590 2040 articulum
2620 1984 2802 2039 dilata.
2833 1983 2939 2040 Res
2965 1983 3247 2054 diiudicari
3296 1995 3472 2055 potest
3524 2001 3588 2039 ex
3613 2000 3853 2043 censue-

524 2076 706 2131 tudine
733 2089 852 2141 qute
883 2085 1008 2131 tunc
1035 2075 1269 2146 vigebat,
1300 2084 1359 2131 ut
1381 2076 1473 2147 qui
1500 2090 1686 2147 pacem
1709 2075 1761 2130 in
1787 2076 1936 2147 gravi
1966 2077 2154 2133 morbo
2172 2078 2527 2147 accepissent,
2562 2078 2619 2146 ii,
2648 2075 2952 2133 valetudine
2981 2077 3250 2144 restituta,
3281 2076 3547 2148 reliquum
3578 2078 3851 2145 paeniten-

523 2170 611 2225 tia:
641 2179 854 2240 tempus
893 2184 999 2226 non
1028 2170 1330 2241 explerent,
1352 2169 1448 2226 sed
1476 2169 1666 2226 eodem
1683 2171 1808 2241 jure
1835 2181 2016 2226 essent
2036 2186 2099 2226 ac
2120 2171 2212 2227 alii
2244 2171 2453 2228 ﬁdeles.
2475 2171 2531 2225 Id
2557 2172 2879 2244 perspicitur
2899 2188 2965 2226 ex
3005 2172 3087 2226 his
3107 2171 3358 2244 Cypriani
3381 2171 3557 2226 verbis
3587 2170 3641 2226 in
3671 2172 3849 2243 Epist.

532 2280 605 2320 ιιι
633 2264 778 2337 (pag.
813 2261 907 2333 69)
940 2280 955 2320 :
995 2282 1015 2317 α
1051 2264 1108 2320 Si
1138 2264 1229 2335 qui
1254 2264 1420 2326 enim.
1450 2264 1646 2334 inquit,
1674 2263 2074 2320 inﬁrmitatibus
2095 2275 2444 2336 occupantur,
2473 2265 2597 2332 illis,
2628 2266 2765 2320 sicut
2812 2264 3029 2335 placuit,
3057 2263 3393 2319 subvenitur.
3424 2263 3618 2319 Postea
3670 2272 3855 2321 tamen

521 2372 682 2429 quam
702 2357 1021 2413 subventum
1042 2366 1125 2412 cst
1142 2365 1197 2413 et
1224 2357 1643 2428 periclitantibus
1675 2372 1777 2429 pax
1798 2354 1920 2412 data
1946 2369 2051 2424 est,
2080 2357 2298 2414 oliocari
2329 2375 2360 2413 a
2389 2358 2543 2423 nobis
2571 2374 2676 2414 non
2705 2369 2931 2430 possunt
2954 2368 3047 2413 ant
3069 2358 3325 2430 opprimi,
3376 2367 3469 2413 aut
3498 2359 3547 2413 vi
3596 2368 3651 2414 et
3691 2375 3856 2417 manu

522 2462 706 2507 nostra
724 2452 774 2506 in
799 2451 1000 2506 exitum
1024 2451 1215 2506 mortis
1245 2452 1446 2522 urgeri,
1474 2440 1827 2523 ut,quoniam
1860 2450 2214 2506 morientibus
2241 2466 2342 2520 pax
2369 2450 2549 2517 datur,
2577 2466 2797 2508 necesse
2824 2451 2893 2505 sit
2915 2451 3051 2506 mori
3076 2465 3170 2507 eos
3190 2452 3281 2522 qui
3308 2450 3602 2521 acciperint
3626 2467 3853 2524 pacem;

520 2561 642 2602 cum
672 2545 843 2617 magis
866 2544 920 2600 in
947 2546 1048 2601 hoc
1074 2544 1327 2600 indictum
1345 2543 1545 2600 divina:
1572 2544 1786 2616 pietatis
1811 2552 1867 2601 et
1898 2552 2135 2615 pateram
2163 2544 2402 2600 lenitatis
2426 2554 2703 2617 appareat,
2729 2542 2870 2615 quod
2900 2546 2993 2615 qui
3033 2543 3248 2616 pignus-
3270 2543 3392 2600 vitae
3451 2545 3502 2599 in
3545 2543 3669 2600 data
3722 2562 3857 2617 [tace

520 2639 842 2711 percipiunt,
858 2639 1145 2710 hiquoque
1164 2638 1231 2693 ad
1263 2639 1423 2695 vitam
1449 2638 1573 2695 data
1604 2654 1735 2711 pace
1765 2624 2068 2697 teneantur.
2104 2640 2174 2696 Et
2198 2639 2398 2697 idcirco
2426 2641 2497 2704 si,
2526 2654 2743 2711 accepta
2772 2654 2927 2710 pace,
2951 2648 3285 2696 commeatus
3309 2655 3340 2695 a
3360 2639 3471 2696 Deo
3494 2641 3669 2710 datur,
3691 2658 3856 2699 nemo

520 2733 624 2788 hoc
651 2731 812 2788 debet
840 2731 897 2787 in
925 2730 1292 2788 sacerdotibus
1321 2732 1614 2801 criminari,
1642 2749 1766 2790 cum
1791 2736 1959 2795 semel
1990 2734 2249 2807 placuerit
2268 2736 2593 2793 fratribusin
2624 2737 2771 2793 exitu
2799 2737 3097 2794 subveniri.
3135 2755 3154 2790 ι
3187 2735 3306 2792 Non
3336 2738 3563 2809 quadrat
3599 2740 3857 2796 tantade-

520 2827 660 2885 nitas
685 2842 809 2883 cum
839 2826 1070 2898 irrogata
1097 2842 1193 2898 per
1224 2834 1394 2883 totum
1431 2827 1562 2884 vitae
1589 2838 1798 2899 tempus
1828 2831 2138 2901 poenitentia
2163 2845 2179 2895 ;
2211 2829 2450 2901 alioquin
2472 2845 2623 2902 sepe
2648 2846 2746 2886 usu
2778 2831 3072 2899 evenisset,
3106 2841 3162 2887 ut
3188 2831 3275 2903 qui
3304 2841 3427 2902 post
3453 2847 3617 2888 unum
3658 2843 3751 2887 aut
3770 2833 3858 2888 al-

522 2933 700 2981 terum
726 2921 1056 2994 paenitentia:
1080 2936 1280 2976 annum
1310 2921 1742 2978 communionem
1770 2923 1823 2977 in
1848 2924 2002 2994 gravi
2027 2922 2217 2979 morbo
2242 2924 2597 2993 accepissent;
2655 2924 2720 2979 iis
2752 2940 2782 2979 e
2815 2924 3003 3003 morbo
3050 2923 3400 2979 evadentibus
3431 2923 3544 2994 jam
3593 2926 3857 2980 emeritus

521 3028 666 3075 esset
712 3016 1043 3088 pmnitentias
1064 3029 1274 3080 cursus,
1305 3030 1430 3071 cum
1458 3015 1671 3072 interim
1699 3016 1819 3071 aliis
1846 3017 1900 3071 in
1928 3015 2117 3071 cadam
2146 3030 2309 3072 causa
2334 3030 2399 3072 ac
2422 3015 2560 3071 forte
2603 3017 2764 3071 etiam
2788 3016 2842 3071 in
2868 3017 3073 3071 leviore
3113 3017 3269 3087 culpa
3308 3016 3523 3087 triginta
3576 3030 3668 3073 aut
3719 3035 3855 3089 qua-

522 3113 767 3185 draginta
793 3113 921 3168 anni
949 3120 1295 3183 superessent
1320 3110 1663 3168 decurrendi.
1688 3111 1861 3167 Nimia
1887 3126 2018 3169 sane
2043 3122 2161 3168 erat
2187 3110 2563 3183 episcoporum
2592 3110 2645 3166 in
2668 3110 2957 3182 iudicando
2981 3110 3374 3166 animadversio
3398 3120 3451 3166 et
3499 3126 3681 3168 rerum
3728 3129 3854 3168 om-

522 3209 670 3265 nium
698 3208 1058 3265 consideratio
1086 3215 1140 3263 et
1170 3207 1427 3277 provisio,
1459 3222 1618 3279 quant
1650 3217 1708 3263 ut
1739 3215 1848 3262 tam
1877 3218 2042 3280 grave
2069 3206 2473 3264 incommodam
2525 3224 2632 3264 non
2663 3205 2977 3278 ctiagerent.
3029 3206 3136 3265 Sed
3188 3216 3366 3263 tamen
3414 3205 3706 3262 videndum
3753 3222 3857 3261 no-

521 3301 606 3358 bis
633 3300 870 3374 estquid
888 3316 952 3358 ea
979 3300 1048 3357 de
1070 3316 1131 3357 re
1150 3300 1450 3358 decreverit
1477 3301 1766 3359 concilium
1795 3300 2241 3376 Carthaginense,
2274 3304 2329 3360 in
2354 3319 2462 3376 quo
2482 3302 2751 3376 lapsorum
2777 3318 2937 3360 causa
2968 3302 3126 3376 paulo
3164 3312 3284 3374 post
3312 3301 3545 3359 reditum
3595 3300 3855 3374 Cypriani

523 3397 808 3470 dijudicata
830 3407 934 3455 cst.

596 3512 878 3599 Decretpm
907 3513 1066 3586 hujus
1095 3515 1306 3571 concilii
1340 3516 1420 3574 sic
1442 3516 1662 3587 exponit
1681 3516 1738 3573 S.
1763 3515 1966 3590 Martyr
1995 3517 2048 3573 in
2077 3516 2174 3589 Ep.
2199 3530 2268 3574 ut
2295 3515 2501 3592 (p.71):
2531 3534 2552 3571 ι
2583 3517 2650 3574 Et
2671 3517 2811 3585 ideo,
2841 3517 3031 3589 inquit,
3053 3517 3269 3590 placuit,
3298 3516 3619 3574 examinatis
3645 3517 3851 3584 causis,

523 3596 852 3679 singularum
874 3607 1216 3663 Libellaticos
1243 3609 1455 3664 interim
1478 3608 1708 3676 admitti,
1736 3608 2052 3665 saerilleatis
2083 3610 2136 3665 in
2155 3611 2299 3667 exitu
2325 3611 2621 3668 subveniri.
2646 3630 2666 3665 ο
2692 3610 2808 3666 Non
2837 3624 2942 3666 una
2968 3610 3065 3667 fuit
3084 3611 3417 3668 eruditorum
3435 3612 3503 3668 de
3519 3611 3621 3668 hoc
3645 3626 3856 3669 canone

524 3702 809 3758 sententia.
868 3702 1074 3759 Auctor
1103 3701 1521 3759 Observationum
1570 3705 1863 3759 criticarum
1889 3705 1943 3759 iu
1987 3703 2355 3761 Bibliotltecam
2382 3706 2688 3775 scriptorum
2732 3705 3202 3761 Ecclesiasticorum
3236 3715 3395 3778 negat
3427 3706 3771 3763 Libeliaticos
3799 3706 3855 3762 in

528 3799 581 3850 in
608 3797 725 3867 ipso
754 3797 987 3854 concilio
1012 3796 1078 3853 ad
1108 3812 1294 3869 pacem
1323 3798 1565 3869 protinus
1591 3798 1856 3854 admissos
1884 3797 2085 3865 fuisse;
2140 3802 2203 3855 ac
2226 3799 2363 3853 inter
2401 3812 2497 3854 eos
2525 3808 2577 3855 et
2607 3798 2936 3855 sacrificatos
2962 3799 3013 3854 id
3043 3799 3191 3869 ponit
3212 3798 3560 3866 discriminis,
3591 3798 3736 3872 quod
3766 3799 3858 3854 isti

526 3904 623 3960 per
652 3897 818 3945 totum
846 3890 969 3946 vita:
1002 3896 1212 3962 tempus
1237 3892 1564 3963 poenitentia:
1584 3892 1780 3947 addicti
1812 3890 2032 3957 fuerint,
2063 3892 2220 3961 primi
2249 3904 2377 3947 vero
2407 3891 2622 3973 interim
2652 3888 2897 3955 admissi,
2933 3888 2985 3945 id
3016 3897 3101 3946 est
3129 3897 3249 3960 post
3271 3899 3477 3946 certum
3519 3890 3859 3962 paenitentia

528 3996 737 4057 tempus
775 3992 1043 4044 estactum.
1091 3990 1292 4044 Auctor
1322 3988 1435 4061 ipse
1488 3987 1817 4045 Bibliotheca:
1859 3987 2004 4044 idem
2031 3986 2097 4043 de
2127 3986 2444 4043 sacrilicatis
2492 3995 2697 4051 censet,
2723 3985 2969 4056 quamvis
3018 3996 3210 4056 pacem
3263 3984 3595 4041 Libeilaticis
3642 3987 3696 4042 in
3736 3987 3859 4059 ipso

525 4082 754 4135 concilio
796 4095 1107 4136 concessam
1135 4082 1408 4138 existimet
1446 4082 1632 4138 fuisse.
1664 4082 1973 4137 Assentitur
2014 4082 2062 4136 ei
2105 4080 2480 4136 Tillemontius
2505 4080 2572 4136 de
2600 4078 2929 4149 Libellaticis
2959 4093 3021 4134 ac
3051 4078 3192 4133 illius
3220 4088 3502 4134 censorem
3528 4080 3853 4172 impugnat;

526 4173 621 4229 sed
656 4173 899 4244 pluribus
927 4166 1124 4230 refellit
1144 4174 1288 4246 quod
1316 4184 1538 4246 uterque
1565 4186 1660 4246 pro
1691 4176 1839 4231 certo
1868 4178 2137 4246 posuerat,
2169 4175 2233 4229 iis
2258 4175 2348 4245 qui
2376 4174 2811 4231 sacriﬁcaverunt
2845 4186 2950 4228 non
2981 4172 3117 4230 alios
3162 4174 3498 4244 pmnitentiac
3526 4186 3691 4245 quam
3726 4166 3857 4231 vitae

527 4268 659 4323 lines
687 4270 1032 4340 praescriptos
1055 4266 1236 4326 fuisse.
1272 4268 1398 4325 litcc
1428 4269 1759 4327 Tillemontii
1783 4269 2047 4326 sententia
2080 4269 2264 4326 multis
2291 4268 2599 4325 nominibus
2621 4266 2833 4323 videtur
2857 4265 3256 4337 anteponenda.
3292 4265 3424 4322 illud
3447 4275 3627 4323 autem
3655 4268 3708 4324 in
3733 4269 3814 4338 pri
3833 4298 3848 4310 -

525 4363 629 4417 mis
674 4363 1067 4420 observandum
1094 4371 1177 4421 est
1202 4363 1336 4419 duas
1366 4363 1483 4420 illas
1513 4362 1581 4419 de
1609 4362 1936 4419 Libeilaticis
1963 4363 2111 4420 etde
2142 4363 2457 4419 sacriﬁcatis
2484 4360 2811 4432 quaestiones
2840 4360 2919 4415 sic
2945 4359 3084 4415 inter
3111 4372 3171 4415 se
3198 4370 3366 4415 nexas
3388 4374 3532 4429 esse,
3557 4370 3615 4417 ut
3639 4372 3761 4433 quin
3784 4363 3854 4418 de

525 4456 785 4512 alterutra
810 4456 1081 4523 dicantur,
1113 4456 1179 4512 de
1204 4464 1429 4527 utraque
1455 4455 1597 4535 dicta
1622 4456 1788 4512 videri
1827 4455 2076 4514 debeant.
2121 4454 2257 4511 Nam
2297 4456 2345 4511 si
2386 4453 2689 4512 Libellatiei
2742 4453 2924 4507 Statim
2956 4452 3009 4507 in
3042 4452 3159 4523 ipso
3186 4453 3417 4509 concilio
3444 4454 3858 4526 perhumaniter

524 4551 755 4606 restituti
776 4557 902 4606 sunt
922 4552 1316 4617 communimii,
1372 4550 1645 4622 probabile
1674 4558 1778 4606 tton
1814 4557 1899 4605 est
1926 4548 2255 4605 sacriﬁcatos
2286 4552 2340 4604 in
2367 4557 2670 4604 extremum
2703 4547 2827 4600 vita:
2855 4545 3147 4601 discrimen
3177 4546 3408 4617 reiectas
3428 4548 3616 4604 fuisse.
3646 4548 3857 4607 Rutsus

526 4647 571 4702 si
601 4644 684 4700 bis
706 4645 906 4714 verbis,
945 4662 964 4697 ι
999 4646 1201 4716 placuit
1230 4644 1545 4700 saeriiicatis
1570 4646 1621 4702 ib
1649 4646 1795 4701 exitu
1819 4644 2111 4712 subveniri,
2154 4652 2173 4696 t
2210 4656 2318 4699 non
2352 4642 2669 4714 prohibetur
2696 4656 2763 4696 ne
2794 4654 2894 4711 pax
2923 4650 3046 4695 ante
3073 4644 3279 4698 exitum
3308 4642 3500 4712 detur,
3533 4645 3629 4701 sed
3664 4648 3851 4716 p0titts

525 4740 841 4797 decernitur
886 4750 944 4795 ut
988 4740 1287 4812 periculose
1334 4740 1472 4794 intra
1518 4739 1889 4809 prmscriptum
1932 4745 2145 4808 tempus
2168 4736 2551 4808 aegretantibus
2580 4733 2940 4797 concedatur;
2994 4735 3335 4806 perspicuum
3365 4737 3467 4792 erit
3496 4736 3854 4810 Libellaticis,

522 4851 749 4909 quorum
774 4835 940 4891 multo
971 4836 1140 4891 levior
1160 4843 1278 4891 erat
1300 4833 1478 4903 culpa,
1517 4849 1621 4888 non
1646 4833 2017 4905 paenitentiam
2046 4830 2344 4887 iucottcilio
2370 4815 2673 4900 impositam
2704 4828 2887 4897 fuisse,
2915 4827 3009 4885 sed
3029 4842 3340 4886 concessam
3370 4812 3851 4904 communionem;

521 4929 757 5003 alioquin
784 4938 1038 4985 statutum
1069 4929 1274 4997 fuisset,
1302 4934 1362 5003 ut
1382 4928 1499 4983 istis
1525 4934 1736 4999 quoque
1764 4926 1818 4981 in
1848 4928 1992 4982 exitu
2016 4925 2415 4982 subveniretur.

593 5025 745 5094 Quod
785 5021 990 5095 spectat
1025 5022 1090 5078 ad
1122 5022 1486 5089 Libellaticos,
1523 5021 1690 5091 liquet
1716 5020 1907 5075 horum
1955 5020 2262 5087 verborum,
2302 5036 2321 5073 ί
2357 5019 2556 5091 placuit
2602 5017 2947 5081 Libellaticos
2977 5018 3190 5075 interim
3220 5018 3447 5087 admitti,
3480 5038 3499 5073 ι
3561 5020 3703 5078 itane
3733 5036 3858 5080 esse

523 5118 866 5185 sententiam,
896 5116 1235 5173 Libellaticos
1258 5114 1473 5170 interim
1499 5113 1762 5169 admissos
1789 5112 1856 5168 ad
1880 5128 2062 5184 pacem
2088 5113 2273 5181 fuisse,
2310 5112 2435 5168 dum
2467 5112 2749 5169 sacriﬁcati
2780 5112 3147 5182 pcenitentiam
3184 5123 3422 5183 agerent,
3455 5114 3505 5169 id
3532 5124 3635 5182 est,
3659 5116 3858 5172 eodem

524 5213 744 5268 decreto
770 5222 820 5266 et
854 5222 1035 5281 paceni
1066 5206 1395 5263 Libellaticis
1422 5216 1473 5263 et
1502 5206 1869 5277 ptenitcntiam
1896 5207 2208 5263 sacrilicatis
2235 5208 2507 5263 decretam
2554 5206 2736 5261 fuisse.
2792 5205 2927 5260 liine
2953 5203 3254 5277 Cyprianus
3300 5206 3356 5262 in
3414 5206 3585 5278 Epist.
3632 5224 3717 5265 Liv
3745 5221 3857 5267 sta-

526 5304 697 5359 tutum
726 5304 892 5359 fuisse
919 5303 993 5357 ait
1024 5300 1075 5355 in
1107 5301 1209 5355 hoc
1237 5298 1468 5356 concilio
1495 5301 1561 5356 de
1590 5301 1652 5356 iis
1680 5303 1769 5372 qui
1798 5300 2262 5369 sacriﬁcaverunt,
2292 5312 2347 5359 ut
2371 5310 2594 5374 agerent
2621 5301 2711 5357 diu
2744 5301 3112 5373 paenitentiam
3134 5301 3392 5379 plenam:
3418 5312 3472 5358 at
3502 5304 3855 5364 Libellaticos

486 5443 488 5445 .
524 5390 715 5453 eodem
739 5396 959 5453 decreto
981 5394 1201 5450 minime
1223 5391 1650 5463 comprehendit.
1683 5393 1837 5450 Anno
1860 5397 2104 5466 sequenti
2125 5395 2543 5465 cumﬁstatuisset
2565 5395 2793 5449 instante
2820 5395 3194 5465 persecutione
3224 5394 3288 5449 iis
3308 5395 3396 5465 qui
3420 5408 3450 5451 a
3478 5397 3863 5470 primolapsus

525 5490 613 5546 die
639 5488 1005 5562 pmnitcntiam
1029 5476 1270 5557 egerant,
1304 5486 1739 5541 communionem
1779 5488 2107 5552 cenccdere,
2152 5486 2269 5543 hac
2296 5485 2626 5557 indulgentia
2655 5485 2722 5541 ad
2748 5498 2841 5542 eos
2866 5496 3069 5542 tantum
3100 5487 3376 5558 spectabat
3400 5490 3490 5558 qui
3511 5493 3863 5549 sacriﬁcave-

526 5592 669 5652 raut,
699 5585 1003 5656 quibusque
1032 5581 1279 5653 imposita
1311 5577 1486 5635 fuerat
1508 5579 1663 5649 plena
1691 5580 2023 5650 paenitentia.
2053 5580 2120 5636 At
2151 5581 2218 5638 de
2253 5580 2581 5636 Libellaticis
2611 5578 2756 5635 nulla
2783 5580 3005 5645 mentio,
3030 5594 3167 5650 quos
3191 5589 3368 5636 tamen
3400 5582 3635 5639 maxime
3669 5599 3842 5656 opor-

529 5679 675 5735 tebat
703 5678 1043 5750 indulgentiae
1067 5679 1353 5751 participes
1388 5678 1527 5745 ileri,
1578 5679 1619 5734 si
1644 5688 1762 5735 eam
1793 5681 1942 5750 prius
1970 5681 2023 5735 in
2051 5681 2277 5737 concilio
2298 5678 2572 5735 consecuti
2601 5692 2707 5734 non
2734 5678 2974 5733 fuissent.
3034 5677 3339 5747 Quinetiam
3376 5678 3703 5751 Cyprianum
3728 5696 3858 5742 cum

528 5775 856 5834 Libeilatieis
886 5784 1007 5845 post
1031 5777 1315 5831 concilium
1344 5774 1772 5833 communicasse
1801 5775 2156 5847 perspicuitas
2178 5790 2243 5830 ex
2269 5775 2440 5846 Epist.
2471 5791 2562 5830 LII.
2594 5774 2747 5842 Quod
2775 5772 2918 5829 etiim
2941 5772 3014 5826 ait
3042 5770 3338 5843 Cyprianus
3358 5786 3418 5827 se
3450 5792 3469 5825 ι
3505 5775 3705 5831 nemini
3728 5779 3863 5848 qui-

529 5871 651 5929 dem
679 5884 745 5925 ex
775 5868 934 5939 lapsis
967 5870 1112 5940 prius
1140 5869 1591 5939 communicasse,
1620 5887 1638 5923 t
1672 5868 1928 5941 quamdiu
1959 5871 2133 5926 steviit
2176 5870 2498 5942 persecutio,
2536 5887 2555 5921 ι
2580 5877 2762 5940 postea
2795 5875 2972 5922 tamen
2996 5864 3301 5921 necessitati
3333 5875 3638 5937 temporum
3664 5885 3869 5930 sucen-

533 5964 742 6031 buisse;
780 5981 798 6013 ι
835 5960 885 6017 id
914 5960 1104 6020 referri
1134 5974 1238 6021 non
1289 5970 1463 6034 potest
1488 5961 1555 6019 ad
1582 5962 1914 6024 sacriﬁcales
1960 5959 2090 6034 (his
2111 5963 2252 6023 enim
2278 5962 2590 6034 ptenitentia
2618 5959 2865 6031 imposita
2887 5956 3104 6027 fuerat}
3130 5996 3147 6028 ,
3179 5957 3270 6020 sed
3295 5966 3501 6019 tantum
3532 5961 3596 6026 ad
3615 5960 3865 6025 Libens.
