4050 6464
201 432 273 502 et
1764 422 2157 493 puram.
3041 494 3045 499 ε
3433 410 3505 473 ea

203 562 360 619 ticos.
387 558 598 616 Etcum
640 555 757 613 haec
782 550 1200 611 Communicatio
1245 550 1300 608 in
1322 548 1576 608 invidiam
1619 563 1651 605 a
1695 544 1992 603 Novatiano
2036 550 2342 610 vocaretur,
2384 540 2465 601 sic
2490 553 2617 600 eum
2663 533 2864 597 refellit
2898 532 3202 613 Cyprianus
3231 534 3285 593 in
3318 533 3506 592 eadem

203 652 467 723 cpistola:
505 670 524 703 ι
555 649 659 706 Aut
684 644 737 704 si
762 661 822 703 se
843 645 1044 715 cordis,
1074 644 1266 717 inquit,
1296 652 1351 700 et
1378 643 1522 699 renis
1544 647 1897 699 scrutatorem
1919 638 2196 694 constituit
2214 644 2267 693 et
2287 636 2544 709 judicem,
2580 650 2674 708 per
2699 637 2877 721 omnia
2905 632 3184 723 aequaliter
3212 630 3433 701 judicct,
3456 639 3510 686 et

201 722 325 800 cum
353 744 487 800 sciat
511 742 770 813 seriptum
793 750 917 799 esse
947 758 962 796 :
1004 737 1136 794 Ecce
1187 754 1343 794 sanus
1368 740 1530 809 factus
1555 752 1627 801 es,
1653 734 1761 797 iam
1788 733 1893 788 noli
1919 747 2143 802 peccare,
2174 746 2237 785 ne
2275 730 2399 801 quid
2427 730 2516 784 tibi
2542 729 2759 785 deterius
2790 726 2901 798 ﬁat,
2932 722 3269 782 fraudatorcs
3296 735 3350 779 et
3377 737 3513 811 mm-

201 839 335 896 chos
360 854 390 894 a
422 839 590 894 latere
620 848 780 909 atque
800 834 1055 892 comitatu
1084 847 1182 888 suo
1210 840 1446 903 separet,
1476 827 1691 903 quando
1720 826 1887 884 multo
1912 835 1967 883 et
1993 824 2208 897 gravior
2232 832 2287 880 et
2310 822 2463 895 pejor
2487 823 2558 879 sit
2588 820 2786 879 moechi
2807 834 2970 892 quam
3001 814 3301 877 Libellatici
3326 829 3509 882 causa,

201 945 325 988 cum
353 931 443 988 hic
473 930 818 997 necessitate,
863 927 954 983 ille
981 926 1253 982 voluntate
1282 922 1597 995 peccaverit.
1635 943 1654 978 ι
1690 920 2006 993 Exagitahat
2035 932 2165 989 ergo
2193 915 2527 973 Novatianus
2575 914 2874 972 catholicos
2895 915 3177 985 episcopos
3208 910 3347 983 quod
3388 923 3511 965 cum

201 1026 533 1086 Libellaticis
554 1026 1034 1082 communicarent.
1063 1021 1172 1078 Nec
1201 1032 1377 1076 tamen
1406 1021 1654 1076 omnibus
1687 1016 2019 1075 Libellatieis
2040 1028 2299 1074 concessa
2327 1029 2430 1086 pax
2459 1014 2511 1069 in
2533 1012 2785 1080 concilio,
2815 1009 2910 1068 sed
2938 1011 3004 1066 iis
3043 1018 3247 1066 tantum
3275 1008 3365 1079 qui
3393 1021 3511 1079 pm-

201 1121 486 1180 nitentiam
510 1127 745 1193 egerant.
776 1117 1133 1187 Quamobrem
1164 1115 1360 1170 frustra
1385 1123 1573 1169 auctor
1596 1110 2013 1168 Observationum
2043 1112 2097 1167 in
2136 1098 2506 1166 Bibliothecam
2544 1105 2788 1179 pluribus
2829 1098 3040 1178 probat,
3064 1101 3208 1177 quod
3230 1118 3259 1157 a
3299 1102 3516 1159 nemine

201 1224 450 1290 negatur,
486 1214 649 1271 libelli
675 1213 875 1269 crimen
905 1212 1023 1267 sine
1052 1208 1364 1282 paenitentia
1391 1206 1674 1263 dimissum
1701 1221 1806 1262 non
1835 1205 2019 1262 fuisse.
2318 1199 2331 1209 ’

276 1311 462 1368 Altera
494 1324 615 1381 pars
645 1306 847 1364 decreti
876 1305 1031 1371 facile
1056 1304 1369 1360 illustratur.
1398 1305 1472 1360 Ac
1502 1303 1557 1359 l°
1579 1301 1794 1375 quidem
1818 1302 1966 1371 illud,
2006 1321 2024 1356 ι
2051 1300 2364 1359 sacriﬁeatis
2395 1301 2448 1357 in
2474 1298 2621 1357 exitu
2648 1297 2974 1365 subveniri,»
3009 1311 3116 1353 non
3148 1293 3516 1379 paenitentiam

213 1404 281 1462 ad
315 1415 614 1460 extremum
639 1400 885 1473 spiritum
914 1397 1336 1471 producendam,
1365 1397 1459 1454 sed
1489 1398 1541 1452 in
1563 1397 1708 1468 gravi
1737 1396 1925 1453 morbo
1954 1395 2245 1453 ﬁniendam
2295 1396 2510 1461 indicat,
2535 1411 2633 1452 nec
2659 1395 2711 1451 in
2742 1408 2914 1466 paenae
2940 1390 3033 1449 sed
3059 1390 3114 1446 in
3139 1387 3383 1446 beneficii
3403 1386 3523 1443 loco

204 1498 479 1554 decretum
506 1493 624 1562 fuit,
662 1491 925 1564 siquidem
963 1491 1265 1564 Cyprianus
1308 1492 1362 1546 in
1391 1490 1564 1562 Epist.
1597 1507 1669 1547 LII
1711 1491 1888 1546 nimiae
1914 1491 2248 1548 remissionis
2277 1490 2640 1562 suspicionem
2668 1489 2734 1546 ab
2763 1489 2867 1546 hoc
2904 1484 3120 1543 decreto
3148 1491 3409 1547 removet,
3459 1497 3522 1538 ac

206 1594 468 1650 rationem
493 1588 666 1647 reddit
691 1605 787 1645 cur
812 1586 1048 1660 episcopi
1076 1585 1145 1643 ad
1174 1586 1309 1642 hanc
1326 1587 1600 1643 lenitatem
1622 1596 1678 1643 et
1698 1584 2085 1660 indulgentiam
2110 1584 2507 1642 descenderint.
2529 1583 2591 1639 2°
2612 1582 2755 1641 Idem
2777 1581 3053 1638 decretum
3081 1576 3247 1635 refert
3274 1576 3328 1632 in
3352 1566 3520 1646 Epist.

207 1682 427 1754 LiV,Sed
452 1682 614 1756 paulo
635 1680 864 1737 clarius:
896 1699 914 1732 r
939 1679 1307 1737 Statueramus
1322 1678 1669 1752 jampridem,
1695 1680 1887 1752 inquit,
1908 1680 2071 1735 frater
2083 1679 2418 1745 charissime,
2438 1679 2752 1751 participato
2774 1676 3002 1732 invicem
3031 1673 3312 1731 nobiscum
3343 1669 3523 1727 consi-

206 1778 301 1843 lio,
332 1786 388 1833 ut
411 1777 501 1848 qui
529 1777 581 1833 in
615 1771 1003 1848 persecutionis
1025 1772 1366 1831 infesmlione
1394 1774 1720 1845 supplantati
1751 1775 1819 1831 ab
1840 1775 2149 1831 adversario
2183 1785 2236 1832 et
2265 1774 2399 1847 lapsi
2430 1768 2678 1843 fuissent,
2701 1781 2757 1830 et
2781 1766 3057 1828 sacriﬁciis
3080 1784 3139 1825 se
3180 1765 3378 1823 illicitis
3405 1780 3523 1820 ma-

206 1872 502 1941 culassent,
535 1880 757 1943 agerent
790 1869 879 1925 diu
915 1870 1285 1942 pcenitentiam
1311 1869 1547 1941 plenam,
1589 1880 1644 1926 et
1672 1870 1715 1925 si
1744 1870 2038 1942 periculum
2068 1867 2392 1925 inﬁrmitatis
2420 1878 2656 1940 urgeret,
2689 1881 2874 1938 pacem
2906 1862 3005 1920 sub
3037 1863 3142 1918 ictu
3170 1859 3359 1915 mortis
3386 1856 3528 1913 acci-

204 1974 415 2037 perent.
448 1985 467 2017 ι
525 1963 658 2020 Tota
705 1978 794 2019 res
820 1977 948 2034 ergo
981 1962 1032 2018 in
1063 1979 1127 2018 co
1160 1963 1383 2019 vertitur
1421 1962 1623 2036 utquid
1646 1965 1714 2019 sit
1744 1964 2057 2035 ptenitentia
2091 1964 2266 2036 plena,
2318 1977 2495 2020 utrum
2520 1973 2686 2019 totum
2717 1962 2840 2017 vitae
2861 1968 3069 2031 tempus
3092 1954 3396 2027 complexa,
3446 1969 3512 2007 an

207 2067 359 2115 certo
380 2056 616 2130 quodam
638 2056 811 2129 spatio
836 2056 1056 2112 definita
1082 2054 1260 2123 fuerit,
1292 2055 1646 2127 expendatur.
1679 2059 1745 2111 At
1767 2057 1820 2112 id
1840 2056 1996 2113 facile
2026 2056 2345 2129 perspicitur
2371 2071 2436 2112 ex
2490 2054 2656 2127 Epist.
2686 2069 2800 2121 ιιι,
2836 2051 2923 2107 ubi
2953 2053 3194 2122 queritur
3220 2045 3526 2119 Cyprianus

206 2151 348 2223 quod
379 2149 601 2217 Victori,
644 2149 913 2222 quondam
935 2149 1272 2223 presbytero,
1307 2166 1492 2222 pacem
1516 2150 1879 2207 concessisset
1907 2149 2209 2222 Therapius
2244 2169 2263 2204 ‹
2309 2159 2596 2223 antequam
2639 2147 3008 2220 paenitentiam
3045 2143 3260 2215 plenam
3306 2140 3526 2212 egisset,

204 2251 333 2296 ante
361 2240 654 2313 legitimum
683 2251 737 2297 et
768 2243 980 2312 plenum
1006 2238 1389 2298 satisfactionis
1416 2253 1650 2315 tempus,
1676 2243 1794 2300 sine
1824 2244 1994 2315 petitu
2016 2254 2069 2300 et
2099 2243 2432 2301 Conscientia
2462 2242 2656 2315 plebis,
2687 2240 2828 2298 nulla
2854 2238 3167 2295 inﬁrmitate
3194 2250 3258 2292 ac
3286 2233 3526 2291 necessi-

206 2339 315 2389 tate
342 2343 586 2404 cogente.
629 2352 647 2386 ›
683 2332 961 2405 Eratergo
995 2330 1316 2409 praeﬁnitum
1347 2336 1562 2408 aliquod
1591 2339 1923 2407 poenitentiae
1952 2346 2183 2411 tempus.
2221 2340 2372 2412 cujus
2400 2336 2751 2395 imminuendi
2777 2342 3012 2407 potestas
3049 2336 3166 2390 erat
3211 2343 3377 2402 penes
3405 2328 3525 2411 epi-

204 2438 449 2497 scopum,
481 2424 641 2480 tnodo
679 2438 839 2480 causa
867 2425 1039 2497 aliqua
1082 2429 1258 2498 gravis
1295 2429 1591 2486 incidisset.
1626 2430 1885 2487 Eamdem
1914 2433 2240 2503 poenitentiae
2281 2433 2453 2504 plenae
2493 2430 2765 2487 notionem
2810 2427 3116 2500 suppeditat
3156 2425 3329 2496 Epist.
3376 2438 3483 2479 tht
3510 2464 3526 2490 ,

203 2515 257 2571 in
283 2532 383 2587 qua
406 2513 706 2588 Cyprianus
732 2526 786 2573 et
829 2517 920 2572 alii
943 2533 1063 2573 cum
1091 2533 1156 2574 eo
1184 2521 1420 2593 episcopi
1443 2520 1510 2578 de
1540 2523 1835 2595 virginibus
1862 2542 1981 2597 quae
2007 2542 2129 2581 eum
2158 2526 2408 2581 masculis
2450 2524 2799 2597 deprehensm
2827 2524 2878 2579 in
2909 2521 3099 2578 eodem
3127 2520 3269 2577 lecto
3289 2518 3522 2588 fuerant,

202 2607 503 2663 dCCel'nuttl
532 2617 609 2677 ut,
641 2628 660 2663 ι
683 2608 727 2665 si
757 2610 1132 2681 paenitentiam
1169 2611 1331 2684 hujus
1357 2614 1524 2670 illiciti
1553 2617 1868 2674 concubitus
1900 2620 1982 2673 sui
2013 2620 2224 2689 egerint
2248 2629 2302 2674 et
2344 2634 2373 2673 a
2406 2634 2464 2674 se
2535 2619 2765 2673 invicem
2797 2614 3143 2684 recesserint,
3177 2613 3527 2686 inspiciantur

199 2702 415 2759 interim
439 2703 668 2775 virgines
690 2705 757 2760 ab
772 2704 1146 2762 obstetricibus
1164 2705 1468 2779 diligenter,
1495 2717 1548 2763 et
1567 2711 1610 2763 si
1638 2710 1873 2780 virgines
1894 2710 2124 2766 inventae
2146 2709 2360 2778 fuerint,
2382 2721 2599 2781 accepta
2622 2708 3107 2766 communicatione
3130 2706 3196 2762 ad
3224 2704 3520 2762 Ecclesiam

205 2799 681 2867 admittantnr....;
712 2801 756 2855 si
785 2810 963 2856 autem
993 2801 1060 2857 de
1091 2806 1170 2857 eis
1200 2803 1377 2874 aliqua
1408 2813 1658 2874 corrupta
1697 2801 1855 2858 fuerit
1887 2803 2248 2875 deprehensa,
2282 2815 2402 2877 agat
2429 2804 2800 2875 paenitentiam
2827 2803 3060 2875 plenam,
3110 2800 3232 2873 quia
3261 2816 3381 2872 quae
3422 2798 3524 2855 hoc

200 2895 408 2949 crimen
439 2893 674 2960 admisit,
699 2910 803 2950 non
829 2895 1007 2950 mariti
1029 2884 1125 2952 sed
1138 2894 1337 2952 Christi
1364 2896 1605 2953 adultera
1628 2906 1745 2964 cs’t;
1773 2907 1827 2953 et
1857 2897 1978 2954 ideo
2004 2898 2271 2954 aestimato
2292 2898 2439 2971 justo
2461 2908 2719 2970 tempore,
2743 2909 2930 2973 postea
2953 2879 3324 2968 exomolo'gesi
3352 2892 3516 2964 facta,

199 2988 266 3044 ad
297 2986 598 3043 Ecclesiam
628 2987 865 3045 redeat.»
896 2978 1081 3045 Brevis
1108 3005 1234 3060 ergo
1262 2991 1572 3061 paenitentia
1600 2993 1820 3062 integris
1848 2992 2143 3065 virginibus
2182 2994 2497 3065 imponitur,
2544 2993 2809 3065 corruptis
2846 3004 3025 3049 autem
3057 2991 3211 3064 plena
3245 3010 3264 3043 ‹
3301 2998 3355 3046 et
3373 2988 3520 3062 justo

201 3091 445 3153 tempore
475 3082 740 3136 aestimato
769 3099 782 3137 :
810 3101 828 3134 ι
849 3090 900 3139 et
928 3083 1376 3153 quemadmodum
1406 3084 1460 3139 in
1483 3085 1708 3141 concilio
1729 3084 2160 3159 Carthaginiensi
2189 3087 2451 3143 sancitum
2480 3094 2537 3143 ut
2561 3086 2693 3158 lapsi
2723 3086 2933 3142 interim
2962 3084 3393 3152 admitterentur,
3425 3099 3516 3139 sa-

198 3174 424 3231 crificati
456 3175 825 3245 pmnitentiam
852 3175 1065 3248 plenam
1091 3187 1344 3249 agerent,
1376 3179 1445 3233 ita
1476 3180 1634 3234 etiam
1666 3179 1770 3237 hoc
1798 3181 1918 3238 loco
1946 3180 2243 3247 decernunt
2271 3182 2505 3254 episcopi
2534 3191 2592 3238 ut
2635 3181 2866 3254 virgines
2897 3180 3109 3237 interim
3141 3180 3511 3251 inspiciantur,

198 3281 253 3323 et
284 3267 507 3339 integris
539 3268 589 3323 in
618 3268 915 3324 Ecclesiam
943 3268 1213 3339 admissis,
1237 3282 1505 3344 corrupta:
1531 3271 1903 3343 paenitentiam
1934 3276 2147 3347 plenam
2171 3286 2349 3349 agant.
2374 3277 2431 3333 5°
2449 3276 2505 3332 Si
2535 3274 2813 3333 sacriﬁcati
2841 3290 2937 3347 per
2966 3284 3130 3330 totum
3162 3273 3284 3329 vita:
3304 3284 3514 3344 tempus

196 3357 393 3415 addicti
422 3359 749 3430 poenitentia:
773 3358 1016 3429 fuissent,
1049 3375 1269 3418 necesse
1292 3378 1396 3418 non
1416 3362 1604 3419 fuisset
1635 3384 1654 3417 ‹
1680 3374 1736 3421 ut
1763 3367 2200 3423 examinareutur
2227 3383 2402 3424 causae
2424 3376 2478 3424 et
2502 3368 2800 3424 voluntates
2821 3377 2875 3423 et
2900 3365 3248 3425 necessitates
3267 3367 3508 3438 singulo-

196 3470 352 3523 rum;
392 3472 411 3507 ι
443 3452 540 3511 sed
559 3495 575 3525 ,
610 3453 936 3528 ut_ohservat
955 3454 1349 3527 Tillemontius,
1383 3457 1586 3514 nullum
1616 3473 1838 3530 prorsus
1859 3461 2147 3520 discrimen
2169 3505 2185 3533 ,
2218 3462 2393 3519 nullus
2423 3462 2662 3522 delectus
2690 3462 3003 3520 exsdtisset.

1130 3636 1268 3699 XIII.
1301 3671 1373 3685 —-
1402 3657 1470 3700 ne
1509 3657 1721 3700 caatsrt
1757 3659 1809 3700 ut
1846 3658 2201 3703 accusarem
2239 3658 2575 3702 raesenru.

278 3856 536 3913 Ecclesiae
562 3855 806 3913 doctrina
836 3857 903 3914 de
928 3871 1157 3930 corpore
1188 3865 1241 3913 et
1270 3858 1530 3931 sanguine
1562 3858 1770 3915 Domini
1794 3859 1995 3931 apertis
2026 3858 2279 3933 Cypriani
2310 3859 2631 3916 testimoniis
2659 3857 2985 3915 continetur.
3012 3854 3278 3927 Quidquid
3305 3854 3373 3912 de
3396 3854 3507 3910 Eu-

195 3947 451 4004 charistia
484 3948 739 4018 praedicat
761 3948 821 4006 S.
853 3948 1077 4021 Martyr,
1108 3965 1174 4006 eo
1204 3960 1412 4022 spectat
1433 3961 1487 4007 ut
1512 3952 1659 4007 notio
1691 3951 1777 4006 illa
1824 3951 2171 4007 confirmetur
2198 3969 2355 4023 quam
2402 3952 2571 4024 prima
2597 3952 2866 4008 auditione
2887 3949 3086 4007 ChriSti
3115 3949 3275 4006 verba
3313 3950 3507 4004 animis

194 4042 445 4098 afferunt.
472 4042 706 4113 Perspiei
744 4052 920 4113 potest
959 4042 1101 4099 illius
1123 4046 1387 4099 sententia
1416 4060 1479 4100 ex
1509 4043 1593 4099 his
1618 4060 1738 4116 qua:
1767 4043 1836 4100 de
1871 4047 2222 4102 sacramentis
2255 4045 2630 4102 haereticorum
2675 4045 2911 4100 disserit.
2938 4044 3047 4099 Cur
3072 4043 3215 4098 enirn
3249 4043 3301 4098 in
3332 4042 3503 4113 Epist.

195 4150 295 4190 LXX
323 4176 338 4201 ,
374 4155 393 4187 ‹
452 4134 843 4193 Eucliaristiam
871 4137 988 4193 ﬁeri
1008 4138 1148 4209 apud
1177 4139 1296 4194 illos
1321 4139 1539 4194 omnino
1562 4155 1668 4194 non
1698 4154 1890 4211 posse»
1927 4140 2201 4206 censebat,
2227 4140 2326 4194 nisi
2355 4140 2478 4210 quia
2507 4139 2706 4195 Christi
2734 4138 2894 4194 verba
2916 4138 2982 4192 ab
3009 4137 3117 4193 illis
3145 4136 3339 4192 frustra
3372 4153 3500 4206 pro-

195 4231 430 4287 nuntiari
459 4233 825 4302 existimabat,
867 4233 1062 4290 frustra
1094 4234 1329 4290 invocari
1372 4234 1626 4306 Spiritum
1657 4242 1924 4301 sanctum,
1969 4244 2028 4290 ut
2065 4249 2257 4305 panem
2316 4244 2370 4290 et
2408 4235 2589 4290 vinum
2631 4233 2792 4289 faciat
2838 4248 3034 4303 corpus
3084 4241 3139 4288 et
3190 4232 3504 4303 sanguinem

196 4325 439 4395 Christi?
483 4324 573 4383 Sic
593 4328 755 4384 etiam
788 4309 1131 4384 Firtniiianus
1156 4338 1209 4384 ut
1238 4328 1425 4400 probet
1451 4345 1554 4384 non
1580 4331 1709 4384 satis
1735 4345 1858 4386 esse
1884 4329 1949 4384 ad
1998 4328 2220 4384 effectus
2245 4337 2702 4384 sacramentorum
2736 4338 2789 4383 ut
2809 4326 3062 4383 Ecclesiae
3089 4342 3279 4398 preces
3299 4336 3352 4383 et
3373 4327 3507 4382 ritus

192 4427 486 4475 serventur
513 4462 528 4488 ,
572 4420 824 4490 exemplo
869 4420 1032 4475 utitur
1062 4426 1259 4476 insanze
1291 4421 1565 4491 cujusdam
1590 4422 1915 4476 muliercula:
1943 4437 2064 4493 quae
2119 4420 2426 4492 frequenter
2447 4436 2574 4477 ausa
2606 4421 2798 4488 fuerat,
2824 4429 2880 4475 ut
2913 4439 2930 4472 ι
2959 4427 3013 4476 ct
3033 4420 3372 4476 invocatione
3399 4437 3504 4476 non

192 4512 581 4582 contemptibili
612 4512 915 4567 sacriﬁcare
932 4527 991 4567 se
1018 4527 1205 4584 panem
1231 4508 1287 4569 et
1314 4512 1703 4568 Eucharistiam
1720 4513 1896 4568 facere
1919 4512 2215 4579 simularet,
2235 4522 2289 4567 ct
2318 4511 2636 4567 sacrificium
2659 4511 2883 4568 Domino
2907 4527 3011 4566 non
3034 4512 3148 4567 sine
3162 4523 3506 4568 sacramento

192 4602 376 4658 solitae
408 4602 801 4673 prredicationis
831 4603 1071 4660 offerret.
1110 4625 1128 4658 ι
1164 4605 1295 4661 Illud
1319 4622 1447 4677 ergo
1472 4604 1798 4661 discriminis
1823 4605 2166 4661 Firtniiianus
2183 4606 2544 4677 etCypriauus
2574 4605 2711 4661 inter
2739 4605 3138 4661 Catholicorum
3154 4616 3208 4662 et
3229 4605 3508 4663 hairetico-

193 4713 313 4751 rum
356 4697 746 4753 Eucharistiam
777 4699 1065 4769 ponebant,
1110 4699 1253 4771 quod
1297 4698 1565 4755 haereticis
1592 4697 1848 4771 Spiritum
1892 4711 2138 4755 sanctum
2190 4698 2562 4755 invocantibus
2590 4698 2735 4755 nulla
2781 4699 2930 4755 fieret
2957 4686 3222 4755 donorum
3254 4701 3500 4768 mutatio,

189 4790 588 4849 Catholicorum
633 4801 811 4850 autem
861 4808 1052 4864 preces
1082 4809 1369 4865 numquam
1398 4788 1756 4849 ltoc‘rnirabili
1778 4794 1970 4851 effectu
1998 4802 2264 4870 carerent.
2690 4862 2697 4871 δ

269 4885 421 4942 Adeo
445 4901 766 4958 persuasum
789 4892 843 4943 et
867 4887 1200 4958 exploratum
1229 4896 1344 4942 erat
1363 4886 1634 4958 Cypriane
1659 4888 1726 4942 de
1755 4886 1983 4941 mirabili
2015 4886 2108 4941 illo
2133 4885 2513 4941 ecclesiastica:
2538 4884 2894 4941 iuvocationis
2914 4883 3136 4954 effectu,
3169 4893 3228 4942 ut
3247 4886 3316 4943 de
3338 4886 3502 4958 lapsis

191 4990 317 5037 ante
344 4990 620 5053 purgatam
653 4982 1039 5038 conscientiam
1069 4981 1591 5037 communicautibus
1613 4981 1793 5039 dicere
1817 4996 1922 5037 non
1949 4981 2157 5037 dubitet
2180 4982 2271 5036 lib.
2297 4981 2359 5035 de
2384 4978 2544 5052 Laps.
2568 4981 2644 5053 (p.
2681 4981 2837 5054 186):
2874 5000 2892 5033 ‹
2928 4981 3016 5037 Vis
3039 4982 3266 5038 infertur
3294 4983 3503 5052 corpori

191 5076 310 5147 ejus
335 5086 389 5131 et
415 5077 681 5148 sanguini,
705 5086 761 5132 et
787 5076 904 5147 plus
925 5074 1086 5132 modo
1113 5077 1165 5131 in
1192 5075 1476 5131 Dominum
1512 5075 1757 5130 manibus
1787 5083 1947 5146 atque
1978 5090 2073 5131 ore
2096 5074 2437 5144 delinquunt,
2469 5090 2626 5144 quam
2651 5089 2770 5128 cum
2803 5074 3088 5131 Dominum
3111 5085 3496 5145 negaverunt.)

190 5170 307 5226 Non
335 5184 464 5241 ergo
484 5170 600 5225 sola
632 5170 739 5225 ﬁde
760 5184 953 5241 corpus
981 5169 1180 5227 Christi
1205 5170 1256 5224 in
1284 5169 1620 5225 Eucharistia
1644 5168 1895 5235 sumitur,
1922 5168 2015 5223 sed
2047 5183 2178 5223 vere
2208 5175 2262 5222 et
2283 5167 2351 5220 ab
2380 5166 2612 5241 indignis
2644 5166 2772 5238 ipsis
2802 5168 3129 5239 percipitur;
3176 5180 3279 5221 nec
3306 5180 3504 5237 corpus

190 5264 269 5318 ab
290 5238 465 5318 anima
490 5272 545 5319 et
572 5238 1186 5334 divinitate—separatum
1219 5273 1321 5330 est,
1353 5262 1447 5318 sed
1477 5262 1595 5332 ipse
1626 5262 1883 5316 Dominus
1914 5260 2093 5326 adest,
2119 5276 2181 5315 ac
2204 5260 2255 5315 in
2281 5275 2401 5315 eum
2426 5238 2675 5315 manibus
2696 5270 2750 5314 et
2770 5276 2863 5316 ore
2889 5238 3209 5331 delinquunt
3245 5261 3335 5331 qui
3369 5259 3504 5315 indi-

200 5371 306 5427 gne
337 5355 759 5412 communicant.
790 5354 927 5410 Hinc
949 5355 1119 5426 ipsam
1150 5355 1363 5410 Domini
1393 5355 1726 5426 majestatem
1756 5355 1946 5408 adesse
1967 5353 2206 5410 declarat
2231 5352 2285 5407 in
2309 5351 2497 5408 eodem
2521 5350 2658 5407 lihro
2680 5371 2692 5405 :
2712 5351 2791 5408 sic
2815 5352 2958 5408 enim
2981 5351 3216 5423 loquitur
3232 5349 3302 5407 de
3326 5352 3500 5422 puella

193 5465 335 5519 quae,
368 5464 396 5502 a
428 5452 638 5505 nutrice
686 5447 752 5503 ad
780 5447 1002 5515 idolum,
1031 5447 1225 5503 deinde
1245 5464 1272 5501 a
1298 5448 1604 5519 parentibus
1631 5447 1697 5502 ad
1727 5447 2010 5503 ecclesiam
2040 5447 2235 5516 delata,
2266 5446 2579 5520 sanguinem
2602 5444 2833 5513 Domini,
2857 5462 3013 5518 quem
3035 5444 3295 5503 diaconus
3322 5445 3502 5503 reluc-

187 5544 317 5598 tanti
349 5542 634 5611 infuderat,
676 5559 780 5599 nou
812 5541 932 5599 sine
959 5541 1196 5613 singultu
1221 5542 1422 5611 rejecit.
1460 5561 1477 5594 ι
1501 5540 1558 5597 In
1587 5556 1812 5613 corpore
1842 5550 1999 5614 atque
2025 5558 2120 5599 ore
2151 5542 2367 5609 violato,
2423 5543 2615 5615 inquit,
2671 5538 3002 5596 Eucharistia
3031 5554 3351 5611 permanere
3379 5556 3486 5597 non

192 5637 385 5708 potuit.
417 5636 794 5694 Sanctiﬁcatus
815 5636 867 5692 iu
898 5636 1107 5692 Domini
1135 5636 1392 5705 sanguine
1413 5644 1570 5706 potus
1598 5635 1666 5691 de
1702 5636 1920 5706 pollutis
1954 5636 2251 5692 visceribus
2292 5634 2491 5707 erupit.
2520 5630 2692 5692 Tanta
2721 5646 2804 5690 est
2827 5640 3062 5705 potestas
3094 5633 3329 5699 Domini,
3355 5642 3501 5691 tanta

190 5728 473 5799 majestas!
504 5748 523 5781 ι
564 5726 720 5800 (Pag.
749 5727 912 5799 189.)
940 5727 1130 5783 Narrat
1156 5724 1349 5783 ibidem
1379 5726 1676 5799 Cyprianus
1706 5727 1848 5782 aliud
1900 5729 2211 5784 miraculum
2256 5746 2269 5784 :
2303 5747 2321 5783 ‹
2353 5728 2420 5785 Et
2455 5728 2667 5800 quidem
2696 5726 2866 5795 alius,
2920 5726 3114 5799 inquit,
3141 5727 3266 5798 quia
3295 5738 3351 5785 et
3385 5729 3501 5801 ipse

193 5824 492 5879 maculatus
533 5824 803 5879 sacrificio
826 5840 854 5878 a
894 5823 1174 5880 sacerdote
1197 5822 1470 5879 celebrato
1500 5833 1704 5893 partem
1738 5839 1859 5878 cum
1906 5823 2117 5879 caneris
2145 5838 2307 5878 ausus
2348 5833 2432 5879 est
2462 5823 2690 5878 latenter
2716 5820 2981 5891 accipere,
3012 5827 3257 5875 sanctum
3285 5821 3499 5876 Domini

190 5915 357 5971 edere
383 5923 437 5970 et
463 5922 807 5972 contrectare
838 5931 943 5973 non
967 5917 1159 5989 potuit,
1194 5917 1430 5973 cinerem
1465 5915 1608 5973 ferre
1628 5932 1688 5973 se
1711 5918 1913 5988 apertis
1939 5918 2186 5975 manibus
2208 5917 2429 5973 invenit.
2458 5919 2793 5974 Documento
2820 5914 2976 5973 unius
2996 5925 3272 5973 ostensum
3292 5925 3377 5973 est
3397 5912 3502 5971 Do-

187 6006 394 6068 minum
438 6005 697 6070 recedere
727 6020 848 6067 cum
879 6018 1124 6082 negatur.
1161 6028 1183 6064 ι
1213 6008 1334 6068 Non
1361 6024 1490 6084 ergo
1507 6009 1660 6082 panis
1689 6026 1758 6074 ex
1786 6010 2034 6073 manibus
2060 6011 2219 6083 hujus
2246 6009 2480 6077 hominis
2514 6016 2826 6085 evanuerat,
2856 6010 2951 6072 sed
2982 6010 3098 6084 ipse
3124 6010 3380 6073 Dominus
3411 6027 3499 6068 re.

3302 6192 3346 6209 "‘a
