4050 6448
584 345 658 402 05
1942 350 2329 411 PREFATIO.
3855 365 3923 420 Ci

583 467 846 517 cesserat.
877 458 1003 516 limo
1033 467 1213 518 autem
1235 458 1536 535 Cyprianus
1562 475 1625 520 ea
1671 471 1851 520 mente
1877 463 2115 534 disserit,
2138 476 2197 523 ut
2225 465 2530 523 hominibus
2568 480 2754 539 parum
2777 477 2935 525 caute
2959 468 3500 541 communicantibus,
3524 476 3654 548 quid
3702 476 3779 534 de
3812 477 3920 537 hoc

586 555 850 625 mysterio
877 555 1215 612 sentiendum
1243 558 1594 628 sitexplauet.
1631 559 1990 627 Quamobrem
2019 560 2175 618 facile
2207 562 2529 633 perspicitur
2554 577 2662 635 quo
2689 563 3062 634 sensu'primis
3086 564 3298 620 sarculis
3327 565 3444 623 haec
3469 567 3669 625 Christi
3709 572 3916 638 verba,

587 663 691 707 Itoc
716 666 811 705 es'r
839 666 1038 707 conpes
1059 668 1226 719 ιιεωι,
1256 667 1344 708 ntc
1382 668 1484 738 ssr
1523 668 1757 720 SANGUIS,
1793 664 1922 722 etc.,
1977 655 2213 727 episcopi
2265 656 2593 727 acciperem,
2618 673 2741 712 cum
2772 674 2838 714 ex
2869 658 2950 714 his
2994 659 3318 716 concludant
3345 660 3546 718 Christi
3597 677 3815 734 corpus
3867 674 3920 718 et

586 743 910 813 sanguinem
937 744 1099 810 sumi,
1133 745 1184 799 in
1218 745 1389 817 ipsum
1425 745 1706 802 Dominum
1748 763 1842 803 ore
1881 757 1937 802 et
1985 749 2235 804 manibus
2263 748 2574 820 delinquere
2621 752 2708 820 qui
2750 752 2965 823 indigne
2993 755 3411 822 communicant,
3441 764 3771 826 potestatem
3812 757 3920 811 Do-

589 835 721 892 mini
741 844 795 890 et
817 836 1152 906 majestatem
1175 837 1386 905 adesse,
1410 855 1470 894 ac
1494 840 1666 910 ipsum
1694 841 1976 896 Dominum
2004 859 2107 898 non
2131 844 2248 899 sine
2275 846 2532 902 miraculo
2550 862 2580 902 e
2602 847 2848 902 manibus
2869 849 3250 904 contaminatis
3276 851 3586 906 recessisse.
3611 851 3670 906 Si
3696 850 3914 907 credita

588 936 717 983 tunc
740 943 845 984 non
885 929 1076 986 fuisset
1105 932 1329 986 mutatio
1358 933 1464 987 vini
1500 933 1551 988 in
1580 935 1893 1005 sanguinem
1921 932 2140 1002 Christi,
2174 953 2324 1002 num,
2355 954 2560 1007 quaeso,
2593 949 2715 1010 post
2743 954 2836 994 eas
2868 954 3053 1010 preces
3095 940 3292 1011 quibus
3321 941 3463 998 Deus
3490 953 3714 1014 rogatur
3743 952 3811 998 ut
3835 946 3916 998 vi—

588 1037 715 1078 num
747 1021 904 1078 faciat
926 1025 1242 1095 sanguinem
1273 1024 1493 1095 Christi,
1526 1028 1657 1082 nihil
1684 1029 1826 1083 aliud
1844 1029 1955 1100 jam
1983 1030 2081 1086 nisi
2115 1032 2332 1101 sanguis
2357 1029 2555 1086 Christi
2587 1033 2638 1088 in
2663 1033 2829 1088 calice
2856 1034 3442 1103 agnosceretur-‘PNibil
3471 1036 3614 1092 aliud
3646 1037 3907 1107 profecto

587 1117 830 1186 agnoscit
857 1115 1162 1190 Cyprianus
1183 1122 1455 1176 sexcentis
1487 1123 1639 1177 locis.
1665 1121 1862 1177 Statuit
1884 1121 2141 1179 adversus
2167 1139 2262 1180 eos
2318 1124 2408 1195 qui
2431 1140 2621 1196 aquam
2667 1135 2870 1180 tantum
2902 1126 2954 1180 in
2984 1126 3258 1182 matutinis
3279 1127 3557 1184 sacrificiis
3576 1128 3912 1196 oﬂ‘erebant,

590 1209 865 1281 indignum
890 1226 1010 1266 esse
1037 1213 1343 1270 Christiano
1372 1217 1543 1270 vereri
1603 1235 1619 1260 σ
1647 1232 1712 1272 ne
1747 1232 1841 1286 per
1888 1232 2134 1288 saporem
2157 1219 2270 1274 vini
2308 1219 2548 1275 redoleat
2587 1220 2901 1290 sanguinem
2928 1219 3152 1276 Christi.
3185 1220 3274 1276 Sic
3299 1235 3448 1292 ergo,
3482 1222 3676 1293 inquit,
3710 1221 3911 1291 incipit

592 1314 647 1359 et
671 1320 699 1359 a
735 1307 984 1376 passione
1007 1306 1207 1383 Christi
1250 1310 1300 1364 in
1331 1311 1792 1380 persecutionibus
1841 1311 2146 1368 fraternitas
2180 1312 2464 1379 retardari,
2497 1313 2627 1369 dum
2674 1314 2726 1369 in
2756 1313 3118 1370 oblationibus
3138 1313 3299 1369 discit
3327 1313 3394 1368 de
3415 1313 3675 1386 sanguine
3702 1314 3831 1384 ejus
3859 1325 3912 1369 et

595 1414 792 1456 cruore
822 1400 1217 1459 confundi......
1249 1403 1530 1473 Quomodo
1558 1415 1739 1461 autem
1766 1421 2052 1476 possumus
2075 1417 2292 1478 preptcr
2312 1406 2583 1462 Christum
2616 1407 2931 1478 sanguinem
2963 1406 3212 1473 fundere,
3242 1407 3332 1477 qui
3357 1407 3672 1476 sanguinem
3707 1406 3913 1461 Christi

591 1494 970 1551 erubescimus
1003 1495 1188 1553 bibere
1217 1499 1236 1569 (
1261 1514 1313 1569 p.
1341 1500 1441 1556 109
1463 1500 1482 1570 )
1508 1501 1530 1553 ?
1559 1518 1576 1552 ›
1612 1499 1726 1555 Non
1757 1501 1932 1556 solum
1957 1502 2271 1572 sanguinem
2303 1513 2479 1569 vocat,
2502 1500 2596 1556 sed
2624 1502 2784 1556 etiam
2813 1515 3078 1566 cruorem,
3131 1511 3185 1554 et
3224 1515 3347 1555 cum
3374 1513 3440 1554 eo
3465 1498 3731 1571 sanguine
3761 1513 3914 1554 eom-

592 1603 785 1660 parare
825 1605 933 1646 non
975 1590 1181 1646 dubitat
1203 1593 1292 1662 qui
1324 1592 1376 1647 in
1422 1593 1574 1650 venis
1609 1594 1807 1650 nostris
1851 1593 1985 1650 fluit.
2038 1594 2125 1649 Ait
2152 1595 2336 1658 etiam,
2370 1610 2490 1666 pag.
2530 1595 2626 1649 106
2663 1611 2676 1647 :
2721 1613 2737 1646 ι
2772 1591 3054 1662 Quomodo
3096 1591 3161 1647 ad
3197 1591 3484 1662 potandum
3517 1591 3702 1645 vinum
3735 1590 3913 1644 veniri

590 1695 696 1736 non
729 1691 905 1753 potest
936 1684 1037 1738 nisi
1070 1683 1255 1740 botrus
1275 1684 1512 1742 calcetur
1540 1697 1665 1743 ante
1694 1698 1746 1743 et
1779 1697 2073 1759 prematur,
2102 1689 2182 1743 sic
2231 1704 2328 1743 nos
2369 1703 2469 1744 nec
2499 1690 2810 1759 sanguinem
2841 1687 3040 1744 Christi
3071 1701 3352 1757 possemus
3380 1687 3588 1752 bibere,
3620 1686 3725 1741 nisi
3755 1682 3916 1739 Chri-

589 1784 704 1831 stus
738 1777 974 1832 calcatus
1005 1779 1149 1847 prius
1181 1779 1369 1842 fuisset
1395 1792 1449 1835 et
1478 1796 1716 1852 pressus,
1748 1791 1801 1837 et
1821 1783 2044 1838 calicem
2069 1783 2219 1853 prior
2247 1781 2475 1848 biberet,
2504 1782 2688 1853 inquo
2713 1779 3055 1836 credentibus
3082 1778 3429 1850 propinaret?
3467 1796 3486 1830 ι

660 1867 1122 1948 Quemadmodum
1145 1872 1445 1945 Cyprianus
1467 1876 1876 1931 eummunioncs
1904 1876 2148 1948 indignas
2174 1876 2494 1942 detestatur,
2544 1875 2667 1946 quia
2703 1894 2722 1926 ι
2761 1886 3008 1930 sanetum
3041 1873 3252 1930 Domini
3281 1888 3481 1944 corpus
3518 1891 3537 1926 ι
3570 1869 3900 1943 profanatur

599 1963 676 2035 (p.
707 1963 820 2038 20),
853 1967 976 2037 quia
1013 1987 1032 2020 ι
1067 1965 1156 2024 vis
1178 1970 1407 2026 infertur
1435 1974 1648 2044 corpori
1680 1983 1735 2026 et
1757 1975 2002 2047 sanguini
2034 1976 2266 2042 Domini,
2291 1985 2345 2030 et
2374 1977 2425 2031 in
2459 1977 2749 2032 Dominum
2773 1973 3020 2030 manibus
3047 1980 3101 2028 et
3121 1985 3216 2027 ore
3243 1989 3262 2024 ι
3290 1968 3615 2040 delinquitur
3638 1968 3724 2038 (p.
3758 1966 3910 2039 186).

589 2059 1041 2130 quemadmodum
1074 2062 1418 2118 Firmilianns
1452 2065 1620 2120 instar
1651 2067 1844 2134 piaculi
1870 2068 2098 2124 ducebat
2125 2071 2268 2140 quod
2298 2070 2546 2126 homines
2573 2113 2586 2134 ,
2615 2078 2674 2124 ut
2721 2069 2819 2139 ipsi
2849 2067 3151 2126 videbatur,
3180 2080 3283 2118 non
3315 2061 3566 2133 baptizati
3591 2078 3611 2112 α
3648 2071 3910 2129 usurpata

593 2161 798 2210 temere
828 2158 1314 2214 communicatione
1344 2161 1660 2232 contingant
1689 2175 1884 2232 corpus
1905 2172 1958 2217 et
1980 2163 2302 2240 sanguinem
2324 2163 2533 2219 Domini
2569 2164 2646 2235 (p.
2679 2161 2828 2236 149).
2860 2181 2879 2215 ι
2917 2162 2993 2218 sic
3021 2161 3208 2233 gratia:
3257 2158 3396 2215 dona
3428 2172 3547 2228 qua:
3579 2171 3648 2212 ex
3688 2154 3912 2210 Eucha-

593 2249 742 2306 ristia
772 2250 973 2322 percipi
1003 2252 1201 2320 solent,
1233 2268 1295 2308 ex
1327 2269 1552 2324 corpore
1580 2265 1634 2311 et
1661 2257 1922 2328 sanguine
1949 2255 2148 2312 Christi
2176 2258 2535 2328 prmsentibus
2565 2267 2898 2329 repetuntur.
2931 2257 3099 2312 Docet
3130 2254 3429 2327 Cyprianus
3459 2252 3660 2307 milites
3705 2249 3909 2305 Christi

593 2343 936 2399 considerare
957 2344 1154 2401 debere
1183 2367 1199 2396 ι
1239 2346 1440 2404 idcirco
1468 2363 1528 2403 se
1556 2348 1797 2420 quotidie
1820 2350 2044 2406 calicem
2075 2351 2354 2422 sanguinis
2383 2348 2583 2406 Christi
2617 2351 2820 2415 bibere,
2847 2361 2902 2404 ut
2932 2349 3139 2421 possint
3163 2357 3218 2404 et
3245 2347 3344 2419 ipsi
3382 2353 3601 2417 propter
3627 2343 3905 2398 Christum

593 2436 908 2507 sanguinem
929 2435 1173 2494 fundere.
1199 2457 1216 2492 ι
1243 2439 1392 2506 ilinc,
1413 2456 1556 2508 cum,
1586 2443 1818 2499 instante
1835 2443 1969 2498 Galli
1997 2453 2052 2498 et
2076 2443 2345 2499 Volusiani
2373 2445 2768 2514 persecutione,
2789 2442 3224 2499 communionem
3249 2442 3311 2495 iis
3333 2442 3420 2510 qui
3443 2438 3542 2494 sub
3571 2435 3735 2492 Decio
3770 2435 3906 2508 lapsi

593 2528 824 2594 fuerant,
852 2531 1149 2587 c0nccdcre
1178 2532 1544 2603 decrevisset,
1593 2535 1936 2607 indulgentiae
1975 2536 2114 2593 hanc
2140 2538 2400 2594 rationem
2429 2537 2603 2594 reddit
2659 2538 2712 2592 in
2765 2535 2863 2606 Ep.
2898 2551 2982 2592 uv
3019 2533 3096 2606 (p.
3134 2532 3259 2606 78):
3288 2551 3305 2584 ι
3343 2532 3474 2586 Nam
3496 2533 3795 2602 quomodo,
3821 2535 3902 2586 in-

592 2623 730 2694 quit,
771 2623 1026 2679 docemus
1048 2634 1138 2680 aut
1168 2641 1522 2696 provocamus
1547 2645 1642 2685 eos
1670 2631 1725 2685 in
1744 2631 2084 2688 confessione
2119 2633 2352 2688 nominis
2370 2633 2681 2704 sanguinem
2710 2647 2866 2687 suum
2898 2629 3142 2693 fundere,
3177 2630 3222 2685 si
3263 2629 3342 2684 eis
3370 2627 3675 2682 militaturis
3701 2627 3908 2683 Christi

593 2718 907 2789 sanguinem
950 2718 1302 2790 denegamus?
1325 2721 1430 2777 Aut
1453 2723 1727 2794 quomodo
1753 2724 1820 2779 ad
1851 2727 2090 2797 martyrii
2123 2725 2376 2796 poculum
2408 2725 2629 2781 idoneos
2657 2723 2904 2786 fat-imus,
2936 2722 2980 2776 si
3011 2737 3116 2776 non
3137 2734 3233 2775 eos
3261 2720 3406 2790 prius
3432 2717 3497 2773 ad
3528 2716 3828 2772 bibendum
3861 2718 3908 2772 in

594 2809 825 2866 ecclesia
853 2812 1099 2882 poculum
1127 2814 1334 2868 Domini
1359 2814 1476 2885 jure
1505 2817 2014 2874 communicationis
2039 2817 2422 2872 admittimus?
2462 2837 2478 2870 ι
2511 2818 2575 2872 Ει
2623 2817 2673 2871 iu
2715 2817 2814 2886 Ep.
2860 2830 2987 2870 thtt
3022 2813 3098 2886 (p.
3160 2813 3284 2882 107)
3315 2830 3329 2867 :
3368 2831 3387 2866 ι
3419 2811 3570 2867 Calix
3596 2811 3908 2867 Dominicus

594 2904 673 2958 sic
699 2903 946 2960 bibentes
970 2907 1196 2962 inebriat
1221 2917 1277 2964 ιιι
1304 2909 1516 2966 sobrios
1543 2911 1720 2977 faciat,
1745 2922 1802 2964 ut
1832 2921 2042 2967 mentes
2089 2911 2154 2966 ad
2206 2911 2503 2981 spiritalem
2534 2909 2852 2980 sapientiam
2899 2907 3091 2977 dirigat
3124 2949 3139 2973 ,
3173 2915 3286 2961 uta
3313 2921 3507 2976 sapore
3537 2905 3639 2960 isto
3661 2905 3907 2960 smculari

595 2995 662 3050 ad
697 2997 1024 3053 intellectum
1061 3000 1151 3054 Dei
1181 3001 1550 3074 unusquisque
1585 3003 1866 3074 resipiscat
1896 3022 1908 3056 :
1939 3014 1995 3060 et
2035 3004 2491 3076 quemadmodum
2521 3003 2648 3058 vino
2677 3003 2778 3056 isto
2802 3004 3072 3058 communi
3102 3017 3254 3056 mens
3281 2999 3515 3056 solvitur
3534 3007 3589 3055 et
3611 2999 3799 3053 anima
3829 3016 3903 3054 reo

610 3091 846 3172 laxatur,
882 3094 1170 3149 ettristitia
1218 3096 1394 3150 omnis
1419 3097 1744 3167 exponitur,
1797 3097 1867 3152 ita
1909 3106 2124 3168 cpotato
2163 3097 2424 3168 sanguine
2480 3095 2686 3150 Domini
2743 3110 2770 3148 e
2799 3093 2992 3164 poculo
3021 3093 3265 3156 salutari,
3295 3101 3598 3160 exponatur
3644 3091 3907 3146 memoria

604 3185 800 3240 veteris
831 3185 1091 3254 hominis,
1118 3199 1170 3244 et
1200 3191 1291 3244 fiat
1317 3189 1520 3246 oblivio
1553 3191 1978 3246 conversationis
2009 3191 2246 3262 pristin‘e
2273 3189 2568 3257 saecularis,
2595 3198 2649 3244 et
2685 3198 2935 3244 moestum
2982 3195 3166 3258 pectus
3207 3201 3271 3242 ac
3317 3186 3488 3252 triste,
3546 3183 3690 3256 quod
3755 3187 3904 3255 prius

597 3280 835 3350 peccatis
888 3283 1208 3352 augentibus
1262 3285 1626 3354 premebatur,
1657 3284 1851 3340 divina:
1922 3285 2264 3356 indulgentia:
2322 3284 2503 3338 laetitia
2558 3283 2874 3338 resolvatur.
2908 3301 2927 3334 ι
2987 3281 3254 3352 Quidquid
3296 3297 3426 3348 ergo
3465 3271 3623 3336 docet
3663 3278 3903 3334 Ecclesia

596 3373 859 3430 catholica
901 3375 967 3430 de
996 3377 1286 3434 mutatione
1323 3382 1472 3448 panis
1518 3387 1572 3434 et
1618 3378 1726 3434 vini
1767 3378 1819 3434 in
1859 3394 2056 3450 corpus
2076 3389 2127 3433 et
2158 3378 2472 3449 sanguinem
2495 3377 2714 3443 Christi,
2739 3375 2993 3447 quidquid
3014 3377 3195 3433 animo
3223 3375 3322 3432 hac
3353 3375 3456 3432 fide
3482 3374 3690 3431 imbuta
3715 3374 3905 3429 obser—

593 3470 708 3526 vari
742 3480 936 3540 potest,
973 3471 1022 3526 id
1054 3472 1300 3543 Cypriani
1335 3475 1498 3528 menti
1532 3474 1850 3544 impressum
1881 3482 1936 3528 et
1966 3473 2284 3543 insculptum
2331 3470 2493 3527 fuisse
2524 3473 2902 3542 perstricimus.

667 3563 860 3632 Objicit
891 3563 1044 3618 nobis
1082 3564 1254 3619 editor
1281 3564 1602 3621 Oxoniensis
1624 3564 1767 3620 hunc
1788 3565 1962 3620 locum
2003 3581 2070 3620 ex
2117 3564 2286 3636 Epist.
2322 3581 2450 3620 LXIII
2493 3581 2508 3618 :
2551 3583 2570 3617 ι
2599 3563 2688 3620 Sic
2721 3572 2901 3620 autem
2931 3563 2984 3618 in
3010 3561 3392 3618 sanctifieando
3421 3561 3587 3618 calice
3609 3561 3846 3627 Domini,
3879 3580 3896 3613 ι

597 3655 769 3728 inquit
796 3657 882 3730 (p.
923 3657 1049 3729 l08)
1076 3656 1390 3729 Cyprianus,
1445 3677 1462 3710 ι
1484 3659 1666 3714 offerri
1708 3674 1845 3727 aqua
1874 3659 1986 3713 sola
2041 3675 2148 3714 non
2178 3669 2372 3729 potest,
2402 3659 2674 3730 quomodo
2702 3674 2800 3715 nec
2828 3659 3009 3713 vinum
3040 3657 3214 3714 solum
3243 3658 3454 3728 potest?
3482 3655 3613 3711 Nam
3643 3657 3688 3711 si
3721 3656 3900 3709 vinum

597 3759 798 3804 tantum
826 3751 945 3821 quis
970 3750 1188 3818 offerat,
1219 3751 1436 3821 sanguis
1467 3752 1666 3806 Christi
1699 3751 1885 3822 incipit
1923 3767 2043 3807 esse
2098 3753 2215 3807 sine
2246 3753 2416 3808 nobis.
2463 3753 2517 3806 Si
2565 3767 2692 3806 vero
2747 3765 2882 3821 aqua
2925 3750 2994 3804 sit
3044 3751 3180 3815 sola,
3228 3749 3380 3820 plebs
3411 3748 3594 3820 incipit
3629 3763 3751 3804 esse
3788 3750 3903 3803 sine

597 3843 839 3898 Christo.
864 3842 1088 3916 Quando
1118 3854 1295 3900 autem
1321 3855 1606 3916 utrumque
1627 3847 1903 3912 miscetur,
1934 3855 2061 3902 tunc
2076 3855 2469 3902 sacramentum
2499 3845 2739 3916 spiritale
2766 3855 2820 3900 et
2849 3845 3071 3901 caeleste
3101 3844 3391 3914 perficitur.
3431 3863 3449 3896 ι
3478 3844 3557 3898 Ex
3587 3842 3670 3899 his
3699 3844 3902 3913 colligit

598 3939 913 4008 sanguinem
992 3939 1190 3994 Christi
1259 3955 1379 3996 esse
1443 3940 1494 3994 in
1559 3941 1746 4008 calice,
1803 3941 2255 4013 quemadmodum
2329 3944 2440 4014 ipsa
2517 3942 2665 4012 plebs
2720 3941 2910 3998 eodem
2969 3942 3137 3998 calice
3205 3941 3468 3997 contineri
3525 3941 3739 3997 dicitur.
3797 3939 3901 3998 Sed

598 4036 734 4093 adeo
787 4037 1129 4094 manifestum
1189 4048 1271 4094 est
1327 4038 1638 4107 discrimen,
1698 4049 1756 4096 ut
1797 4043 1960 4097 mirer
2018 4041 2288 4097 hominem
2368 4041 2634 4098 eruditum
2690 4043 2742 4097 in
2797 4043 2878 4097 his
2925 4042 3352 4097 eavillationilms
3414 4040 3711 4094 immorari.
3771 4037 3902 4106 Quis

600 4132 744 4186 cnim
785 4145 1034 4201 umquam
1084 4131 1213 4185 dixit
1255 4132 1505 4203 populum
1561 4133 1612 4187 in
1639 4133 1804 4190 calice
1831 4134 1960 4201 bibi,
1993 4149 2087 4190 ore
2137 4145 2189 4190 et
2221 4135 2464 4191 manibus
2491 4135 2746 4206 contingi,
2772 4135 3023 4206 populum
3048 4134 3300 4190 recedere
3327 4148 3446 4186 cum
3475 4132 3682 4203 species
3712 4132 3904 4186 immu-

597 4233 720 4276 tata:
751 4233 893 4289 sunt,
919 4233 972 4278 et
992 4222 1093 4277 alia
1117 4222 1376 4292 ejusmodi
1406 4240 1525 4294 qum
1549 4229 1614 4280 de
1642 4224 1835 4281 Christi
1860 4227 2118 4297 sanguine
2143 4226 2283 4281 dicta
2310 4225 2472 4280 modo
2500 4225 2818 4280 retulimus?
2835 4224 3216 4294 Quamobrem,
3241 4240 3359 4279 cum
3384 4223 3579 4280 dicitur
3598 4222 3747 4294 plebs
3776 4238 3896 4278 esse

594 4301 649 4371 in
674 4317 860 4385 calice,
895 4316 1174 4372 manifesta
1205 4327 1286 4373 est
1317 4317 1481 4388 figura
1529 4335 1647 4390 qua:
1673 4319 1939 4375 neminem
1969 4320 2135 4376 latere
2159 4362 2173 4386 ,
2203 4321 2470 4376 neminem
2503 4320 2553 4375 in
2576 4320 2776 4375 erroris
2819 4319 3111 4388 periculum
3141 4319 3415 4390 conjicere
3455 4319 3642 4389 possit.
3677 4321 3748 4372 At
3770 4329 3888 4389 post

595 4407 798 4466 Chriin
827 4411 988 4467 verba
1013 4452 1029 4479 ,
1059 4412 1140 4465 hic
1171 4422 1240 4465 est
1268 4412 1497 4482 sanguis,
1523 4421 1651 4477 ctc.,
1680 4413 1920 4484 quotidie
1945 4422 2362 4468 commemorata
2404 4423 2458 4468 et
2487 4413 2772 4480 inculcata,
2799 4422 2918 4482 post
2948 4411 3284 4483 quotidianas
3312 4413 3363 4466 in
3391 4411 3654 4467 sacrificio
3678 4427 3899 4484 preces,

597 4517 654 4560 ut
681 4506 859 4560 vinum
890 4505 977 4560 fiat
999 4510 1214 4578 sanguis
1241 4507 1460 4572 Christi.
1481 4511 1599 4582 quis
1621 4509 1843 4582 figuram
1863 4512 2120 4582 suspicari
2146 4511 2404 4581 potuisset
2433 4509 2563 4565 nihil
2585 4510 2729 4564 aliud
2757 4511 2981 4566 audiens
3008 4509 3107 4564 nisi
3134 4508 3331 4565 Christi
3359 4508 3671 4580 sanguinem
3701 4525 3822 4566 esse
3853 4512 3904 4564 in

592 4601 780 4666 calice,
809 4602 987 4658 offerri
1027 4604 1078 4658 in
1109 4604 1298 4670 calice,
1329 4614 1384 4660 et
1403 4605 1535 4671 bibi,
1572 4621 1636 4660 ac
1656 4605 1862 4661 animas
1892 4615 2108 4660 nostras
2135 4603 2487 4661 corroborare
2515 4614 2570 4660 ut
2592 4613 2832 4658 nostrum
2863 4604 3173 4684 sanguinem
3203 4616 3302 4672 pro
3330 4601 3546 4657 ChriSIO
3577 4601 3860 4658 fundamus
3885 4605 3907 4653 ’ξ

672 4696 778 4752 Sed
809 4697 1045 4752 breviter
1075 4697 1230 4752 nobis
1259 4698 1671 4753 examinandum
1700 4698 1829 4770 quid
1858 4699 2069 4754 intersit
2093 4699 2230 4754 inter
2255 4713 2346 4753 eas
2389 4699 2625 4754 rationes
2653 4697 2846 4768 quibus
2873 4713 3064 4768 aquam
3096 4696 3395 4767 Cyprianus
3422 4696 3575 4752 calici
3622 4695 3908 4752 infunden-

595 4791 744 4856 dam,
765 4800 821 4846 et
841 4805 904 4846 ea
933 4793 1127 4860 quibus
1150 4793 1334 4848 vinum
1357 4794 1576 4848 omnino
1602 4791 1964 4847 necessarium
1994 4807 2114 4847 esse
2147 4790 2455 4861 persuadet.
2485 4791 2576 4845 Sic
2607 4792 2753 4844 enim
2784 4800 2838 4845 et
2865 4789 3123 4844 Dominici
3154 4789 3430 4860 sanguinis
3458 4789 3659 4844 veritas
3679 4789 3900 4860 patebit,

595 4895 649 4939 et
671 4885 842 4940 obiter
869 4883 1183 4940 refellentur
1210 4887 1296 4956 qui
1325 4901 1515 4956 aquam
1541 4901 1571 4940 a
1601 4885 1886 4958 Cypriano,
1907 4885 2106 4952 utjure
2126 4884 2329 4950 divino,
2372 4899 2477 4940 non
2497 4883 2672 4939 solum
2705 4882 3107 4946 ecclesiastico,
3141 4882 3505 4952 prtescri'ptam
3533 4881 3903 4937 commendari

593 4980 800 5035 volunt.
823 4973 882 5035 S.
905 4979 1103 5051 Martyr
1131 4989 1371 5036 evertere
1393 4988 1647 5035 st-ttnerat
1673 4981 1956 5049 pessimam
1988 4978 2448 5042 consuetudinem,
2479 4993 2598 5048 qua:
2620 4975 2758 5047 apud
2782 4975 3069 5031 nonnullos
3093 4975 3426 5046 obrepserat.
3456 4985 3668 5044 utaqua
3698 4976 3810 5030 sola
3839 4975 3892 5029 in

599 5074 862 5129 matutino
892 5073 1155 5128 sacrificio
1185 5073 1486 5128 offerretur.
1514 5072 1876 5142 Quamobrem
1896 5072 2232 5130 demonstrat
2251 5087 2442 5142 aquam
2476 5069 2655 5124 nonin
2685 5068 3020 5124 Eucharistia
3044 5110 3060 5132 ,
3093 5067 3185 5122 sed
3212 5076 3416 5121 tantum
3443 5067 3496 5122 in
3526 5067 3802 5138 liaptismo
3822 5069 3889 5122 ad

611 5168 886 5239 propriutn
914 5167 1235 5222 sacramenti
1265 5165 1511 5222 effectum
1541 5166 1880 5222 essentiaiem
1900 5181 1948 5222 e:
1961 5181 2021 5222 se
2048 5165 2349 5230 materiam,
2371 5173 2424 5218 et
2451 5183 2468 5214 ι
2499 5163 2941 5232 quotiescumque
2969 5175 3103 5230 aqua
3134 5160 3246 5214 sola
3273 5161 3324 5215 in
3349 5159 3638 5231 Scripturis
3658 5163 3907 5217 nomina-

612 5276 716 5331 tur,
749 5265 1021 5337 Baptisma
1053 5264 1326 5336 praedicari
1353 5307 1368 5334 ,
1400 5273 1453 5318 et
1487 5262 1843 5334 appellatione
1873 5277 2024 5333 aqum
2052 5261 2322 5332 Baptisma
2368 5258 2725 5330 significatum
2771 5272 2984 5326 semper
3009 5269 3163 5321 esse;
3204 5275 3222 5308 ι
3252 5264 3305 5310 at
3328 5270 3456 5310 vero
3482 5256 3535 5311 in
3569 5255 3903 5311 Eucharistia

609 5381 628 5414 ι
664 5361 885 5417 calicem
915 5360 1137 5415 mixtum
1161 5358 1328 5414 fuisse
1357 5374 1516 5430 quem
1545 5358 1800 5414 Dominus
1829 5357 2042 5420 obtulit,
2073 5365 2128 5411 et
2147 5356 2326 5410 vinum
2353 5354 2514 5409 fuisse
2535 5352 2675 5424 quod
2705 5351 3016 5421 sanguinem
3047 5365 3200 5404 suum
3229 5349 3380 5412 dixit,
3405 5364 3639 5421 eumque
3659 5349 3908 5406 docuisse

611 5455 863 5524 exemplo
894 5453 1184 5526 magisterii
1216 5453 1296 5507 sui
1326 5453 1548 5509 calicem
1577 5452 1685 5507 vini
1713 5460 1766 5507 et
1794 5466 1947 5523 aqua:
1973 5449 2350 5520 conjunctione
2379 5446 2609 5502 misceri.
2645 5465 2662 5496 ι
2701 5444 2836 5500 llinc
2865 5459 3055 5516 aquam
3081 5443 3146 5498 ad
3179 5443 3432 5515 mysticas
3460 5451 3666 5498 tantmn
3699 5444 3874 5515 signiti
3893 5474 3906 5482 -

615 5549 857 5604 cationes
877 5547 1118 5602 adhiberi
1144 5546 1480 5602 demenstrat
1525 5563 1538 5600 :
1582 5565 1600 5598 ι
1632 5546 1815 5617 Aquas
1841 5558 2074 5614 namque
2115 5543 2364 5614 populos,
2397 5541 2565 5611 inquit
2594 5539 2670 5611 (p.
2703 5537 2848 5611 108),
2877 5536 3179 5610 signiﬁcare
3209 5537 3262 5592 in
3293 5536 3604 5609 Apocalypsi
3632 5537 3906 5609 Scriptura

603 5641 784 5698 divina
813 5640 1054 5697 declarat
1079 5641 1262 5696 dicens
1297 5658 1310 5693 :
1342 5640 1502 5712 Aqua:
1530 5657 1655 5711 quas
1677 5637 1868 5704 vidisti,
1901 5653 2056 5704 super
2075 5653 2201 5708 quas
2225 5635 2360 5689 sedet
2397 5633 2636 5688 meretrix
2684 5633 2777 5686 illa
2799 5675 2813 5698 ,
2846 5631 3024 5702 populi
3057 5640 3105 5685 et
3135 5629 3293 5684 turba:
3318 5640 3365 5684 et
3395 5640 3564 5701 gentes
3590 5633 3907 5687 ethnicorum

596 5747 714 5793 sunt
743 5745 788 5790 et
818 5734 1023 5808 (iugum.
1057 5735 1207 5803 Quod
1247 5736 1449 5790 scilicet
1490 5735 1841 5806 pchpicimus
1863 5740 1916 5786 et
1961 5731 2014 5784 in
2057 5734 2394 5784 sacramento
2437 5727 2618 5781 calicis
2659 5725 2943 5780 contineri.
2971 5723 3124 5791 Nam,
3154 5724 3275 5794 quia
3310 5739 3409 5779 nos
3429 5740 3627 5779 omnes
3651 5726 3909 5796 portabat

592 5833 862 5895 Christus,
891 5832 980 5904 qui
1007 5840 1060 5887 et
1089 5839 1303 5903 peccata
1335 5837 1517 5891 nostra
1547 5829 1810 5900 portabat,
1843 5827 2085 5882 videmus
2113 5825 2164 5878 in
2199 5837 2333 5894 aqua
2379 5820 2630 5891 populum
2658 5819 2880 5889 intelligi
2902 5860 2916 5879 .
2947 5818 3000 5872 in
3032 5817 3155 5872 vino
3181 5834 3309 5875 vero
3333 5816 3554 5874 ostendi
3586 5819 3905 5890 sanguinem

615 5929 835 5986 Christi.
865 5949 882 5981 ι
920 5928 1184 5984 ιιμριοιιιιε
1214 5925 1506 5998 Cypriamts
1535 5923 1910 5981 necessitatem
1934 5935 2084 5993 aqua:
2103 5919 2276 5977 elevat
2301 5913 2478 5988 potius
2497 5929 2652 5986 quam
2685 5912 3046 5970 comtncndat.
3073 5911 3176 5969 Sed
3198 5921 3373 5967 tamen
3397 5920 3582 5983 postea
3610 5911 3686 5967 ait
3714 5927 3906 5983 aquam
