4050 6416
118 391 149 443 Ei
168 387 202 443 6
1493 379 1740 436 Pii/EFA
1751 375 1862 435 TlO
3350 365 3424 426 66

119 499 286 554 solam
317 497 494 554 offerri
526 511 628 553 non
649 510 808 568 posse
845 515 864 548 ι
904 494 1174 568 quomodo
1201 510 1300 552 nec
1323 493 1504 551 vinum
1528 496 1702 551 solum
1730 502 1923 566 potest,
1957 513 1976 547 ι
2006 494 2064 550 et
2084 489 2480 564 copulationem
2507 497 2560 546 et
2581 484 3021 560 conjunctionem
3053 499 3207 557 aqua:
3229 493 3282 541 ct
3321 485 3430 542 \‘ini

121 593 199 648 sic
226 593 438 648 misceri
466 592 516 646 in
542 591 710 648 calice
743 590 974 656 Domini,
1013 608 1032 642 ‹
1062 599 1118 644 ιιι
1149 587 1461 645 commixtio
1500 589 1588 643 illa
1611 603 1714 644 non
1746 586 1916 659 possit
1949 586 2018 641 ab
2047 582 2603 655 iuviccmseparari.»
2637 577 3182 636 Animadvertendum
3210 589 3292 634 est
3319 577 3429 650 Cy-

119 687 292 757 priani
322 687 624 742 consilium.
651 685 933 742 Disserens
957 701 1077 740 cum
1100 684 1408 741 hominibus
1429 699 1620 756 aquam
1650 683 1821 741 solam
1845 681 2243 749 adhibentibus,
2274 681 2442 736 utitur
2472 678 2731 750 principio
2761 675 2902 748 quod
2935 675 3089 731 facile
3113 673 3429 731 concessuri

123 790 296 846 erant,
331 797 398 836 ne
420 781 602 836 vinum
626 779 840 851 quidem
861 779 1034 836 solum
1062 779 1303 835 adhiberi
1327 777 1543 834 debere.
1612 777 1766 833 Nulla
1815 791 1944 833 sane
1971 776 2077 832 illis
2102 774 2347 833 obstabat
2369 774 2656 844 anticipata
2686 771 2868 842 Opinio
2895 767 3181 842 quominus
3209 767 3260 823 id
3288 768 3428 823 fate-

128 883 354 941 rentur;
401 873 750 944 quamobrem
807 873 1108 944 Cyprianus
1147 872 1327 928 statuit
1361 887 1554 943 aquam
1595 872 1764 928 solam
1797 870 2038 927 adhiberi
2066 885 2173 926 non
2199 868 2418 935 debere,
2450 865 2722 940 quomodo
2745 881 2846 922 nec
2870 865 3052 921 vinum
3081 862 3251 919 solum
3277 879 3293 929 ;
3324 876 3435 917 non

123 965 267 1036 quod
296 974 560 1022 metueret
587 980 656 1022 ne
686 963 949 1036 ejusmodi
972 964 1218 1022 homines
1240 965 1419 1019 vinum
1442 963 1615 1019 solum
1637 963 1924 1032 offerrent;
1959 979 2064 1019 non
2120 963 2262 1034 quod
2291 977 2481 1034 aquam
2509 977 2660 1032 mque
2688 973 2751 1016 ac
2791 960 2972 1014 vinum
3004 973 3034 1012 a
3061 955 3276 1012 Christo
3296 971 3435 1027 pra:-

122 1058 379 1130 scriptam
417 1058 556 1114 etad
582 1058 869 1115 essentiam
892 1057 1210 1114 sacramenti
1245 1057 1515 1128 pertinere
1553 1058 1790 1124 duceret,
1837 1057 1965 1112 satis
1993 1056 2134 1112 enim
2159 1055 2447 1112 declaravit
2472 1070 2590 1110 eam
2632 1053 2700 1109 ad
2728 1053 2984 1125 mysticas
3014 1049 3436 1123 significationes

123 1151 366 1209 adhiberi
393 1169 409 1219 ;
439 1153 533 1210 sed
559 1153 684 1226 quia
713 1152 826 1208 lucc
851 1154 1179 1224 comparatio
1198 1151 1266 1206 ad
1293 1151 1398 1207 vini
1427 1151 1800 1208 necessitatem
1819 1148 2293 1207 demonstrandam
2313 1148 2552 1220 apposita
2569 1156 2686 1203 erat
2714 1189 2730 1215 ,
2763 1153 2819 1202 et
2847 1161 2912 1202 ex
2938 1143 3290 1201 incommodis
3312 1157 3435 1214 qua:

126 1248 252 1304 vino
281 1249 397 1304 solo
423 1248 662 1305 adhibito
689 1255 1165 1318 consequerentur,
1199 1246 1368 1301 multo
1387 1246 1635 1318 graviora
1657 1245 1912 1317 consequi
1949 1244 2166 1316 patebat
2193 1243 2239 1298 si
2269 1259 2405 1315 aqua
2437 1242 2551 1299 sola
2579 1240 2915 1298 adhibeatur.
2971 1240 3108 1296 Hinc
3139 1239 3350 1312 quoties
3381 1237 3437 1294 in

126 1338 229 1395 hac
249 1339 474 1412 epistola
499 1339 718 1396 calicem
749 1338 975 1394 mixtum
1007 1352 1128 1394 esse
1154 1337 1356 1395 debere
1397 1338 1616 1404 statuit,
1661 1351 1768 1394 non
1808 1337 1861 1394 id
1899 1336 2116 1408 proprie
2155 1335 2320 1392 refert
2358 1334 2425 1391 ad
2468 1351 2685 1407 aquam,
2715 1333 2810 1391 sed
2838 1332 2906 1390 ad
2935 1337 3114 1390 vinum
3139 1374 3155 1400 ,
3185 1331 3328 1405 quod
3382 1319 3439 1385 hi

125 1445 261 1502 quos
288 1429 586 1498 refellebat,
613 1429 956 1487 omittebant.
1214 1496 1220 1502 _
1353 1494 1368 1499 _

199 1526 584 1586 Necessitatem
617 1528 726 1583 vini
757 1527 916 1598 longe
943 1524 1099 1580 aliter
1127 1523 1364 1581 defendit
1407 1525 1725 1598 Cyprianus.
1773 1525 2116 1582 Demonstrat
2165 1527 2220 1581 1°
2259 1527 2551 1599 Scriptum
2603 1525 2958 1594 testimoniis,
3009 1536 3067 1582 ut
3132 1537 3322 1596 aquam
3387 1523 3442 1578 in

129 1623 440 1696 Baptismo,
478 1625 550 1681 ita
590 1627 774 1680 vinum
824 1623 875 1677 in
909 1619 1247 1675 Eucharistia
1281 1620 1550 1692 designari
1575 1636 1590 1686 ;
1620 1619 1678 1673 2°
1711 1628 2037 1690 praeceptum
2075 1621 2273 1678 Christi
2320 1622 2478 1695 longe
2506 1622 2880 1694 gravissimum
2923 1621 3132 1688 violari,
3177 1620 3220 1675 si
3255 1619 3439 1676 vinum

129 1721 432 1778 omittatur.
472 1738 491 1772 ‹
524 1720 656 1777 Cum
680 1737 830 1792 ergo,
868 1724 1039 1795 inquit
1057 1724 1136 1796 (p.
1170 1724 1322 1795 l07),
1351 1737 1526 1795 neque
1552 1723 1666 1794 ipse
1692 1723 1982 1795 Apostolus
2013 1736 2186 1792 neque
2214 1721 2452 1792 Angelus
2481 1721 2549 1777 de
2583 1720 2721 1776 cmlo
2745 1718 3063 1774 aununtiare
3090 1715 3257 1787 possit
3285 1716 3447 1771 aliter

131 1826 229 1871 aut
256 1815 452 1871 docere
477 1825 836 1887 praeterquam
874 1817 1015 1888 quod
1039 1817 1204 1874 semel
1231 1815 1478 1873 Christus
1502 1816 1684 1872 docuit
1703 1825 1757 1872 et
1789 1816 2031 1888 Apostoli
2082 1815 2199 1886 ejus
2241 1815 2725 1881 annuntiaveruut,
2759 1813 2924 1867 miror
2965 1810 3096 1866 satis
3145 1807 3287 1866 unde
3334 1809 3435 1864 hoc

128 1915 449 1978 usurpatum
481 1907 570 1972 sit,
595 1917 675 1977 ut,
699 1919 888 1965 contra
931 1911 1293 1982 evangelicam
1311 1919 1365 1965 et
1390 1908 1737 1978 apostolicam
1766 1907 2126 1978 disciplinam,
2148 1904 2466 1976 quibusdam
2486 1906 2551 1965 ,in
2583 1904 2716 1960 locis
2729 1918 2866 1974 aqua
2898 1900 3154 1958 offeratur
3177 1900 3227 1955 in
3258 1899 3438 1956 Domi-

134 2003 258 2058 nico
287 2002 476 2069 calice,
499 2017 618 2072 qua:
635 2002 748 2057 sola
773 2002 974 2060 Christi
1003 2004 1316 2076 sanguinem
1365 2018 1470 2059 non
1520 2004 1687 2074 possit
1717 2002 2046 2074 esprimere.
2088 2021 2106 2053 ι
2139 1999 2208 2056 Et
2231 2016 2285 2072 p.
2316 1999 2418 2056 109
2444 2016 2457 2054 :
2488 2017 2507 2052 ι
2545 1998 2701 2068 Quod
2737 1999 2782 2055 si
2819 2013 2920 2055 nec
2949 1997 3175 2052 minima
3197 1995 3266 2053 de
3294 2009 3448 2051 man-

135 2095 274 2152 datis
298 2096 586 2152 Dominicis
612 2096 738 2153 licet
766 2097 999 2167 solvere,
1036 2108 1236 2170 quanto
1265 2100 1432 2170 magis
1469 2107 1578 2154 tam
1622 2113 1834 2170 magna,
1870 2107 1978 2153 tam
2026 2097 2269 2168 grandia,
2311 2106 2418 2152 tam
2453 2097 2519 2152 ad
2565 2096 2742 2168 ipsum
2774 2094 3358 2166 Dominiczepassionis
3389 2101 3447 2151 ct

137 2198 336 2246 nostrae
367 2188 752 2261 redemptionis
793 2202 1186 2248 sacramentum
1236 2192 1554 2263 pertinentia
1582 2192 1662 2248 fas
1689 2208 1797 2249 non
1826 2199 1910 2248 est
1941 2191 2232 2262 infringere
2253 2233 2267 2255 ,
2298 2200 2389 2246 aut
2429 2191 2480 2246 in
2511 2190 2656 2246 aliud
2713 2206 2872 2262 quam
2899 2189 3043 2262 quod
3067 2188 3322 2245 divinitus
3352 2188 3440 2242 in-

144 2283 388 2338 stitutum
409 2283 498 2349 sit,
525 2281 755 2339 humana
786 2283 1070 2340 traditione
1095 2285 1344 2341 minare?
1388 2304 1406 2338 ι
1437 2285 1492 2340 5ο
1524 2285 1601 2341 Ex
1628 2285 1730 2340 hac
1768 2285 1933 2341 divini
1975 2285 2201 2340 instituti
2250 2282 2533 2341 temeraria
2561 2284 2932 2339 innnutatione
2963 2298 3211 2354 quaenam
3241 2281 3450 2338 incom-

141 2374 299 2431 moda
325 2376 579 2446 consequi
608 2375 1191 2450 existimatCyprianus
1213 2377 1236 2431 ?
1259 2377 1519 2434 «Calicem
1546 2378 1766 2445 etenim,
1793 2378 1969 2448 inquit
1997 2376 2074 2449 (p.
2101 2375 2253 2447 l06),
2277 2378 2376 2433 sub
2401 2377 2486 2434 die
2508 2377 2768 2448 passionis
2791 2378 3078 2448 accipiens,
3100 2376 3370 2433 benedixit
3395 2385 3451 2433 et

139 2467 579 2539 deditdiscipulis
605 2469 717 2524 suis
742 2469 928 2525 dicens
960 2487 973 2524 :
1008 2469 1173 2526 Bibile
1193 2487 1254 2526 ea:
1284 2472 1377 2525 hoc
1403 2487 1594 2526 oumes.
1628 2471 1728 2526 llic
1754 2482 1826 2527 est
1854 2472 1986 2525 enim
2027 2471 2234 2543 sanguis
2272 2472 2387 2526 novi
2414 2471 2745 2538 Testamenti,
2781 2483 2886 2527 etc.
2937 2471 3052 2539 Qua
3085 2471 3137 2526 in
3176 2481 3326 2542 parte
3365 2471 3449 2525 in-

137 2563 387 2618 venimus
416 2563 642 2618 calicem
684 2564 911 2618 mixtum
953 2563 1117 2620 fuisse
1160 2580 1318 2635 quem
1373 2564 1631 2619 Dominus
1659 2565 1872 2627 ohtulil,
1903 2573 1958 2619 et
1983 2563 2168 2618 vinum
2193 2563 2358 2618 fuisse
2395 2565 2535 2632 quod
2567 2565 2880 2637 sanguinem
2917 2579 3072 2618 suum
3102 2563 3254 2618 dixit.
3285 2562 3442 2619 Unde

139 2666 362 2728 apparet
391 2657 701 2727 sanguinem
723 2655 922 2714 Christi
961 2673 1070 2714 non
1117 2657 1322 2724 offerri,
1351 2659 1395 2712 si
1426 2659 1566 2714 desit
1594 2659 1774 2713 vinum
1811 2657 1996 2723 calici;
2026 2672 2127 2713 nec
2148 2657 2467 2712 sacrificium
2499 2657 2832 2713 Dominicum
2876 2656 3108 2727 legitima
3137 2655 3446 2712 sanctifica«

146 2749 294 2806 tione
314 2749 596 2814 celebrari,
629 2750 732 2804 nisi
763 2750 963 2807 oblatio
1012 2760 1067 2805 et
1112 2751 1432 2805 sacrificium
1477 2761 1718 2805 nostrum
1760 2750 2100 2822 responderit
2138 2750 2394 2821 passioni.
2443 2750 2627 2806 Passio
2668 2759 2752 2807 est
2793 2750 2936 2807 enim
2972 2751 3201 2817 Domini,
3230 2771 3250 2804 ι
3290 2758 3346 2805 ιιι
3376 2752 3450 2806 ait

157 2843 240 2913 (p.
270 2841 419 2914 109),
460 2861 479 2894 ι
503 2842 824 2915 sacrificium
857 2843 998 2913 quod
1025 2843 1321 2899 offerimus.
1347 2862 1364 2895 ι
1394 2842 1592 2900 Idcirco
1611 2859 1741 2916 ergo
1769 2859 1836 2899 ex
1857 2843 2124 2916 Cypriano
2146 2844 2700 2900 vinumadhibendum
2724 2846 2774 2900 in
2796 2847 2980 2911 calice,
2999 2845 3122 2916 quia
3145 2861 3264 2901 cum
3290 2844 3453 2901 Chri-

154 2945 270 2989 stus
301 2942 522 3004 accepto
550 2935 674 2989 vino
703 2933 927 2989 dixerit:
966 2933 1069 2989 llic
1097 2945 1168 2989 est
1198 2936 1424 3006 sanguis,
1460 2945 1591 3002 etc.,
1633 2936 1680 2992 si
1707 2950 1843 3006 aqua
1884 2935 1996 2991 sola
2019 2936 2364 3004 adhibeatur,
2412 2953 2546 3007 aqua
2577 2937 2900 3005 remanebit,
2933 2952 3030 2993 nec
3054 2938 3164 3008 jam
3195 2937 3457 2997 offeretur

155 3027 356 3084 Christi
379 3029 597 3098 sanguis
621 3068 635 3093 ,
672 3043 777 3083 non
807 3029 910 3084 erit
942 3029 1118 3099 passio
1159 3027 1368 3083 Domini
1409 3029 1728 3085 sacrificium
1772 3038 2015 3086 nostrum
2035 3073 2049 3098 ,
2089 3038 2189 3088 nec
2215 3031 2356 3087 idem
2383 3029 2639 3088 offeretur
2668 3032 2809 3104 quod
2842 3034 2892 3089 in
2936 3034 3185 3104 passione
3215 3033 3454 3091 oblatum

141 3131 248 3179 est.
280 3123 341 3178 4°
361 3121 761 3179 Commemorat
789 3123 949 3178 etiam
1006 3121 1308 3194 Cyprianus
1335 3132 1462 3194 quot
1485 3133 1538 3180 et
1561 3135 1754 3196 quanta
1782 3125 2038 3182 beneficia
2059 3144 2078 3177 r
2113 3137 2329 3197 epotato
2360 3129 2620 3200 sanguine
2651 3129 2858 3185 Domini
2888 3139 2942 3186 et
2973 3130 3163 3200 poculo
3193 3131 3410 3186 salutari
3431 3149 3451 3184 ι

141 3216 524 3288 percipiamus,
552 3226 611 3273 ut
637 3217 973 3274 demonstret
997 3233 1156 3290 quam
1183 3217 1501 3275 damnosum
1524 3220 1803 3291 sitaquam
1829 3220 1998 3276 solam
2024 3220 2299 3278 adhibere.
2327 3221 2490 3277 Addit
2515 3223 2720 3294 grande
2741 3223 2993 3280 delictum
3015 3239 3136 3281 esse
3161 3224 3229 3280 de
3252 3224 3456 3283 Christi

159 3329 181 3363 ι
228 3312 486 3382 sanguine
508 3321 562 3367 et
587 3327 783 3368 cruore
813 3312 1085 3378 confundi,
1125 3333 1142 3365 ι
1179 3327 1276 3369 nec
1301 3313 1410 3383 jam
1437 3328 1534 3369 eos
1563 3329 1722 3384 posse
1764 3334 1782 3368 ι
1814 3325 2032 3387 propter
2059 3315 2330 3371 Christum
2373 3319 2687 3390 sanguinem
2735 3318 2962 3377 fundere
3009 3322 3098 3393 qui
3141 3309 3494 3393 sanguinem—

145 3401 352 3461 Christi
381 3404 704 3462 erubescunt
731 3405 936 3463 bibere.
974 3426 993 3460 ι
1049 3406 1169 3462 Jam
1201 3422 1329 3462 vero
1361 3407 1516 3464 facile
1548 3408 1869 3478 perspicitur
1927 3424 2033 3480 quo
2063 3423 2225 3464 sensu
2255 3409 2490 3481 plebem,
2523 3425 2630 3482 quo
2683 3425 2846 3467 sensu
2891 3415 3207 3484 sanguinem
3259 3413 3461 3471 Christi

141 3497 197 3554 in
254 3499 422 3554 calice
475 3514 596 3555 esse
645 3500 914 3555 existimet
966 3499 1287 3571 Cyprianus.
1339 3500 1518 3556 Plebis
1569 3515 1692 3555 cum
1739 3500 1957 3557 Christo
2015 3502 2450 3572 conjunctionem
2519 3519 2672 3575 aqua:
2718 3520 2841 3561 cum
2909 3507 3033 3564 vino
3079 3509 3461 3579 conjunctione

159 3595 449 3666 significari
480 3595 667 3660 docet;
693 3604 766 3662 et,
802 3610 936 3666 aqua
968 3595 1187 3661 omissa,
1213 3593 1412 3650 Christi
1432 3593 1649 3666 quidem
1687 3596 2002 3666 sanguinem
2042 3595 2224 3652 offerri
2254 3606 2307 3652 et
2341 3597 2644 3668 passionem
2684 3603 3094 3657 commemorari
3126 3604 3342 3670 fatetur,
3359 3606 3456 3663 sed

149 3696 333 3743 tamen
357 3702 461 3744 non
480 3687 598 3745 leve
612 3689 1004 3744 incommodum
1021 3689 1136 3743 fore
1149 3689 1196 3744 si
1223 3688 1361 3746 desit
1375 3688 1546 3760 plebis
1569 3705 1692 3745 cum
1716 3689 1928 3747 Christo
1948 3690 2277 3763 conjunctio.
2298 3692 2367 3748 At
2386 3708 2512 3749 vero
2533 3694 2848 3766 sanguinem
2870 3697 3065 3753 Christi
3097 3698 3146 3754 in
3163 3698 3328 3756 calice
3342 3716 3462 3759 esse

150 3784 414 3854 declarat,
449 3788 572 3857 quia
604 3785 851 3842 Christus
875 3786 1038 3842 dixit:
1074 3785 1174 3840 Hic
1192 3795 1262 3840 est
1283 3786 1489 3855 sanguis
1508 3827 1522 3855 ,
1540 3795 1668 3854 etc.,
1689 3801 1788 3842 nec
1807 3787 1918 3858 jam
1939 3828 1952 3852 ,
1978 3788 2023 3842 si
2050 3790 2267 3860 sanguis
2296 3789 2454 3858 desit,
2479 3789 2799 3847 sacrificium
2821 3791 3002 3849 offerri
3019 3795 3256 3866 possitct
3284 3798 3464 3868 passio

151 3880 364 3938 Domini
404 3881 665 3939 celebrari
692 3897 706 3948 ;
737 3880 1027 3953 quinetiam
1054 3880 1228 3948 donis,
1262 3895 1381 3951 quae
1397 3882 1712 3952 sanguinem
1743 3880 1941 3937 Christi
1960 3882 2266 3954 potantibus
2283 3883 2550 3953 promissa
2577 3893 2734 3955 sunt,
2760 3887 2973 3958 penitus
3000 3886 3459 3952 defraudabimur.

1166 4061 1310 4121 XIV.
1334 4091 1406 4104 -—
1434 4060 1883 4135 nazconumons
1920 4075 2016 4118 sua
2067 4077 2318 4129 oramus
2356 4078 2560 4122 SPECIE.

233 4252 490 4321 Quamvis
516 4249 812 4325 Cyprianus
838 4249 1157 4308 sacrificium
1183 4249 1284 4306 sub
1314 4256 1538 4322 utraque
1567 4255 1747 4320 specie
1771 4247 2106 4314 offerendum
2134 4263 2255 4326 esse
2274 4292 2288 4318 ,
2339 4249 2499 4322 idque
2544 4264 2574 4306 a
2621 4249 2842 4308 Christo
2885 4253 3182 4309 institutum
3215 4263 3268 4310 et
3321 4269 3465 4327 prae.

167 4347 423 4418 scriptum
446 4359 567 4402 esse
592 4342 901 4412 contendat,
931 4359 1036 4398 non
1067 4353 1242 4397 tamen
1271 4341 1704 4397 communionem
1729 4341 1830 4396 sub
1858 4351 2082 4412 utraque
2105 4343 2283 4413 specie
2307 4343 2665 4399 necessariam
2685 4343 2981 4414 judicabat,
3002 4355 3061 4401 ut
3085 4346 3291 4418 ex-ejus
3318 4349 3468 4418 priu-

163 4441 317 4512 cipiis
329 4447 460 4496 etex
484 4437 871 4494 consuetudine
892 4436 1032 4490 illius
1053 4436 1224 4491 aetatis
1235 4436 1468 4506 perspici
1493 4443 1688 4505 potest.
1709 4434 1892 4506 Neque
1914 4437 2056 4492 enim
2075 4452 2426 4510 quacumque
2447 4436 2691 4497 Christus
2711 4441 2838 4498 fecit
2859 4441 2911 4498 in
2931 4442 3264 4500 institutione
3289 4459 3474 4503 sacra-

168 4532 436 4597 menti,ea
463 4530 640 4586 omnia
672 4531 839 4584 instar
865 4527 996 4599 legis
1025 4527 1359 4582 observanda
1384 4527 1633 4594 ducebat,
1659 4526 1753 4583 sed
1775 4543 1838 4583 ea
1869 4537 2072 4584 tantum
2096 4546 2216 4602 quae
2237 4531 2302 4587 ad
2320 4535 2610 4590 essentiam
2643 4537 2962 4593 sacramenti
2991 4539 3278 4608 pertinent.
3308 4539 3468 4610 Nam,

155 4643 285 4684 cum
314 4625 363 4682 ei
386 4625 710 4695 ubjiceretur
734 4621 1015 4677 Dominum
1046 4630 1166 4692 post
1193 4634 1401 4677 acnuam
1423 4620 1702 4688 obtulisse,
1733 4620 1814 4676 sic
1833 4622 2126 4693 respondet
2147 4624 2274 4696 (Ep.
2310 4639 2464 4691 ant,
2498 4643 2551 4698 p.
2581 4624 2706 4700 109)
2735 4644 2750 4683 :
2788 4647 2807 4680 ι
2844 4629 3110 4701 Numquid
3139 4648 3269 4703 ergo
3298 4633 3472 4689 domi-

165 4721 344 4776 nicum
373 4728 492 4791 post
514 4732 723 4774 cmnam
750 4714 1026 4772 celebrare
1069 4714 1360 4782 debemus,
1403 4723 1461 4770 ut
1493 4715 1573 4771 sic
1601 4715 1823 4771 mixtum
1853 4716 2075 4773 calicem
2098 4717 2501 4790 frequentaudis
2533 4721 2818 4779 dominicis
2839 4723 3166 4782 offeramus?
3192 4726 3467 4785 Christum

169 4817 367 4874 offerre
388 4815 668 4886 oportebat
694 4814 837 4870 circa
863 4826 1146 4883 vesperam
1168 4811 1296 4879 diei,
1327 4821 1382 4866 ut
1416 4811 1548 4867 hora
1588 4813 1702 4884 ipsa
1737 4813 1986 4870 sacrificii
2015 4804 2327 4874 ostenderet
2350 4833 2600 4875 occasum
2631 4829 2687 4876 et
2715 4836 2994 4893 vesperam
3026 4824 3329 4883 mundi.....
3359 4827 3468 4885 Nos

173 4920 352 4968 autem
381 4910 832 4966 resurrectionem
864 4906 1078 4963 Domini
1103 4921 1262 4961 mane
1287 4905 1641 4963 celebramus.
1681 4926 1700 4960 ι
1729 4907 1838 4962 Cur
1870 4924 1998 4980 ergo
2030 4912 2400 4983 prmscriptum
2431 4927 2552 4970 esse
2574 4925 2731 4986 negat
2758 4925 2816 4972 ut
2845 4917 2984 4974 idem
3018 4921 3116 4975 hac
3143 4919 3194 4975 in
3223 4938 3280 4977 rc
3311 4921 3471 4976 facia-

163 5021 284 5062 mus
309 5003 452 5077 quod
489 5003 733 5059 Christus
763 5001 923 5068 fecit;
954 5001 1007 5056 in
1029 5000 1300 5058 oblatione
1321 4999 1502 5056 autem
1531 5001 1682 5071 panis
1709 5010 1764 5056 et
1789 5002 1895 5058 vini
1923 5018 2047 5059 eum
2066 5004 2402 5063 sacerdotem
2433 5007 2635 5065 Christi
2664 5011 2783 5067 vice
2813 5027 2940 5069 vere
2973 5013 3118 5086 fungi
3147 5017 3423 5072 contendit
3448 5059 3464 5084 ,

172 5117 193 5150 ς
232 5097 321 5169 qui
344 5097 395 5152 id
426 5095 569 5167 quod
594 5094 838 5150 Christus
864 5094 988 5150 fecit
1013 5093 1280 5158 imitatur,
1305 5103 1360 5150 et
1397 5092 1554 5150 oﬂ'ert
1582 5093 1878 5150 secundum
1907 5097 2050 5168 quod
2082 5099 2255 5169 ipsum
2285 5099 2561 5159 Christum
2591 5105 2771 5162 videat
2797 5107 3099 5168 obtulisse?
3133 5129 3152 5161 ι
3186 5111 3340 5167 Ratio
3371 5110 3470 5166 hu-

165 5192 252 5262 jus
272 5189 351 5247 rei
377 5195 502 5244 ante
529 5186 712 5242 oculos
739 5185 931 5256 posita.
968 5184 1108 5240 Nihil
1156 5183 1322 5241 refert
1347 5184 1416 5240 ad
1452 5195 1695 5240 naturam
1736 5187 2019 5257 sacrificii,
2063 5199 2240 5245 utrum
2281 5207 2438 5250 mane
2462 5210 2528 5250 an
2564 5209 2684 5267 post
2704 5214 2914 5257 caenam
2943 5202 3224 5258 offeratur.
3257 5203 3386 5272 Sed,
3423 5206 3471 5261 si

165 5301 304 5356 aqua
335 5301 433 5356 pro
461 5286 590 5340 vino
615 5281 890 5348 offeratur,
922 5281 1222 5336 institutum
1240 5297 1272 5336 a
1294 5280 1506 5336 Christo
1533 5281 1852 5337 sacrificium
1875 5285 2085 5352 penitus
2109 5287 2390 5351 evertitur,
2411 5303 2508 5344 nec
2527 5291 2642 5359 ejus
2669 5293 2848 5361 passio
2870 5294 3195 5361 celebratur,
3214 5310 3312 5351 nec
3335 5310 3462 5352 san-

164 5379 284 5449 guis
313 5379 363 5433 in
396 5378 564 5434 calice
613 5375 868 5432 offeretur
895 5383 988 5428 aut
1012 5373 1240 5437 bibetur,
1275 5371 1370 5428 scd
1407 5387 1542 5444 aqua
1569 5374 1892 5429 communis.
1924 5375 2000 5430 Ex
2046 5375 2128 5432 his
2158 5378 2436 5450 principiis
2471 5383 2702 5454 perspici
2743 5395 2916 5455 potest
2945 5385 3074 5457 quid
3121 5385 3190 5442 de
3231 5402 3472 5446 commu.

170 5474 336 5530 nione
354 5471 454 5528 sub
479 5481 704 5542 utraque
731 5469 911 5541 specie
939 5468 1172 5524 senserit
1197 5466 1514 5538 Cyprianus.
1545 5467 1914 5525 Necessariam
1938 5479 1990 5525 et
2011 5470 2272 5528 aChristo
2288 5485 2612 5546 praeceptam
2640 5478 2864 5536 credere
2884 5494 2990 5535 non
3026 5481 3196 5551 potuit
3222 5524 3236 5551 ,
3268 5485 3469 5558 quippe

166 5582 288 5622 cum
314 5567 380 5622 ad
414 5565 705 5622 essentiam
733 5561 1054 5619 sacramenti
1082 5576 1188 5617 non
1217 5559 1498 5630 pertineat.
1526 5560 1720 5616 Totum
1749 5561 1894 5617 enim
1927 5562 2204 5621 Christum
2235 5565 2336 5621 sub
2371 5577 2594 5639 utraque
2649 5572 2830 5642 specie
2858 5575 3102 5644 agnoscit
3144 5575 3466 5651 Cyprianus,

173 5661 320 5735 illius
363 5660 700 5732 majestatem
754 5660 808 5714 iu
859 5658 1028 5715 calice
1082 5664 1383 5724 reveretur,
1451 5670 1681 5728 eumque
1731 5658 2019 5716 recessisse
2064 5660 2302 5718 declarat
2353 5677 2384 5718 e
2442 5665 2689 5723 manibus
2747 5665 2983 5724 hominis
3011 5673 3382 5744 contaminati,
3411 5673 3470 5735 in

165 5759 368 5833 quibus
396 5759 516 5816 loco
547 5755 897 5814 Eucharistite
924 5755 1060 5811 cinis
1090 5755 1335 5809 inventus
1355 5760 1458 5809 est.

236 5855 594 5912 Consentiunt
639 5851 874 5922 antiqua:
901 5848 1156 5906 Ecclesia:
1182 5844 1598 5904 consuetudines
1621 5861 1743 5903 cum
1769 5847 1938 5920 ipsius
1966 5849 2072 5906 fide
2099 5857 2153 5906 et
2191 5849 2457 5919 doctrina,
2483 5851 2594 5922 jam
2621 5853 2856 5913 vidimus
2883 5871 2944 5914 ex
2977 5859 3249 5932 Cypriano
3275 5876 3466 5919 exem~

165 5951 314 6030 plum
365 5947 557 6021 puellae
603 5960 670 6004 ex
720 5944 838 6003 solo
890 5941 1057 6001 calice
1100 5940 1568 6014 communicantis,
1613 5957 1773 6016 quam
1829 5941 2274 6004 consuetudinem
2313 5957 2474 6003 nemo
2523 5947 2694 6006 nescit
2739 5947 2793 6008 in
2838 5949 3128 6013 Occidente
3173 5968 3348 6029 usque
3399 5952 3470 6019 ad
