4050 6420
545 285 555 361 ε
632 334 705 401 6.,
1660 300 1665 305 ⁷
1992 334 2378 401 PR/EFATIO.
3902 342 3973 401 ⁵⁸

631 454 1014 513 duodecimum
1059 452 1316 511 saeculum
1367 465 1762 525 perseverasse.
1812 455 1960 513 Luce
1982 455 2182 515 clarius
2208 465 2292 512 est
2341 455 2481 512 hanc
2508 453 2738 527 puellam
2778 453 2882 511 sub
2930 452 3114 525 specie
3143 452 3294 527 panis
3323 451 3457 513 'non
3485 454 3967 524 communicasse;

631 552 771 608 hanc
798 552 943 608 enim
996 549 1276 607 historiam
1326 549 1491 608 refert
1530 552 1831 624 Cyprianus
1872 560 1929 608 ut
1982 561 2162 623 pateat
2214 554 2265 607 in
2311 565 2540 620 corpore
2570 560 2730 622 atque
2778 564 2874 606 ore
2934 548 3138 607 violato
3176 548 3575 609 Eucharistiam
3618 566 3973 623 permanere

630 660 736 701 non
758 645 1027 717 potuisse:
1066 653 1142 711 at,
1187 643 1234 699 si
1262 642 1497 714 speciem
1548 645 1701 715 panis
1751 654 1907 703 antea
1944 646 2300 715 sumpsisset,
2354 644 2559 703 nullum
2592 658 2811 714 prorsus
2840 642 3180 711 miraculum,
3213 643 3355 700 nulla
3382 644 3636 718 Cypriani
3672 646 3840 703 ratio
3868 662 3965 700 ex-

581 736 591 745 “
628 741 871 796 stitisset.
912 738 1207 799 Attulimus
1251 737 1416 794 etiam
1464 738 1773 811 exemplum
1802 739 1945 797 illius
1986 739 2075 811 qui
2120 739 2174 795 in
2205 738 2455 795 manilius
2487 734 2843 793 Eucharistiaa
2873 735 2992 795 loco
3015 735 3253 793 cinerem
3282 736 3488 795 invenit
3523 752 3540 790 :
3591 736 3746 793 aliud
3781 745 3967 793 exstat

627 833 959 892 simillimum
1005 831 1060 888 in
1112 830 1307 889 eodem
1356 830 1420 886 de
1464 829 1653 902 Lapsis
1679 832 1814 889 libro
1840 832 2081 891 mulieris
2128 830 2413 903 cujusdam
2459 844 2604 901 qum,
2650 844 2773 887 cum
2815 842 3037 891 «arcam
3081 843 3256 895 suam,
3288 829 3345 893 in
3390 844 3494 901 qua
3522 828 3743 893 Domini
3794 843 3960 885 sanc-

628 938 741 985 tum
783 925 901 995 luit,
948 922 1197 983 manibus
1239 922 1473 995 indignis
1523 934 1782 988 tentasset
1828 925 2059 999 aperire,
2117 929 2237 1001 igne
2262 926 2386 987 inde
2420 931 2676 995 surgente
2711 924 2971 983 deterrita
2999 931 3084 983 est
3116 939 3187 983 ne
3212 925 3439 987 auderet
3461 926 3751 997 attingere.
3776 944 3803 979 ι

880 1120 997 1181 XV.
1025 1153 1100 1170 -ο
1122 1136 1170 1182 s.
1198 1137 1444 1184 cntum
1486 1139 1782 1185 SENTENTIA
1814 1140 1882 1182 nr:
1918 1137 2237 1195 sacetrtcto,
2268 1138 2338 1179 ne
2367 1135 2479 1179 rust

1974 1137 2237 1195 .cctrtcto,
2268 1138 2338 1179 ne
2367 1135 2704 1180 PUIGATORIO
2745 1134 2813 1178 ιτ
2841 1132 3201 1177 ιιινοεηιοιιι
3237 1127 3573 1177 sslc'rosott.

697 1299 1088 1360 Eueharistiam
1132 1320 1317 1362 verum
1367 1319 1490 1363 esse
1530 1320 1595 1362 ac
1635 1305 1850 1376 proprie
1894 1304 2103 1363 dictum
2134 1301 2461 1363 sacriﬁcium
2488 1301 2802 1361 testimonio
2846 1315 2946 1359 suo
2996 1300 3280 1362 conﬁrmat
3326 1299 3649 1372 Cyprianus.
3688 1320 3714 1357 ι
3760 1300 3950 1360 Βοωὶσ

626 1396 761 1452 nica:
818 1397 1006 1453 hostiae
1032 1399 1310 1455 veritatem
1344 1419 1365 1453 ι
1397 1399 1768 1457 schismaticos
1803 1419 1821 1453 ι
1849 1416 1943 1473 per
1973 1402 2101 1457 falsa
2130 1399 2391 1457 sacriﬁcia
2435 1399 2717 1471 profanare
2746 1419 2765 1453 ι
2829 1401 2905 1455 ait
2954 1400 3007 1455 iit
3059 1399 3199 1457 libro
3246 1399 3314 1457 de
3361 1396 3507 1454 Unit.
3553 1397 3760 1457 Eata.
3792 1399 3945 1471 (pag.

625 1487 773 1562 200).
826 1489 966 1548 Vera
1022 1492 1110 1549 illa
1150 1492 1326 1551 hostia
1366 1509 1527 1566 quam
1566 1494 1864 1567 Cyprianus
1907 1495 2091 1553 olerri
2143 1494 2421 1552 contendit
2472 1495 2529 1551 in
2572 1494 2685 1551 sola
2741 1496 3016 1565 Ecclesia,
3070 1496 3187 1568 ipse
3230 1496 3478 1553 Christus
3522 1494 3611 1553 est
3654 1494 3715 1551 iu
3771 1493 3933 1551 altari

628 1585 794 1643 modo
827 1587 1108 1645 incruento
1150 1589 1475 1647 immolatus.
1521 1588 1720 1647 «Jesus
1748 1589 1991 1647 Christus
2030 1590 2290 1646 Dominus
2326 1599 2382 1647 et
2406 1590 2551 1646 Deus
2597 1600 2800 1654 noster,
2831 1589 3000 1660 inquit
3028 1588 3131 1660 Ep.
3182 1604 3311 1645 1.qu
3366 1587 3446 1661 (p.
3501 1587 3655 1656 100),
3684 1586 3807 1657 ipse
3860 1595 3940 1641 cst

629 1693 872 1739 summus
916 1680 1305 1739 sacerdos.Dei
1340 1681 1538 1749 Patris,
1584 1692 1639 1738 et
1664 1682 1987 1741 sacriﬁcium
2038 1682 2185 1740 Patri
2227 1683 2465 1754 seipsum
2497 1682 2704 1753 primus
2747 1681 2961 1750 obtulit,
3018 1681 3202 1741 ethoc
3229 1680 3344 1739 ﬁeri
3388 1681 3440 1736 iu
3483 1680 3567 1737 sui
3605 1694 3941 1738 commuto-

620 1772 884 1831 rationem
924 1776 1200 1846 praecepit.
1226 1794 1247 1830 ι
1294 1773 1428 1831 Cum
1465 1791 1594 1847 ergo
1636 1775 1824 1835 eadem
1880 1776 2091 1833 victima
2139 1792 2260 1846 quae
2308 1778 2359 1833 in
2387 1790 2549 1833 cruce
2594 1776 2771 1831 oblata
2823 1784 2907 1831 est
2942 1816 2958 1841 ,
3012 1774 3271 1831 nﬁ‘uatur
3316 1774 3367 1829 iu
3410 1772 3602 1838 altari,
3662 1786 3779 1827 non
3834 1773 3932 1826 im-

622 1868 820 1924 merito
844 1868 922 1923 ait
968 1866 1309 1940 Cyprianus:
1363 1869 1591 1926 «Passio
1620 1881 1703 1926 est
1727 1871 1942 1926 Domini
1980 1870 2305 1929 sacriﬁcium
2338 1869 2481 1939 quod
2505 1868 2803 1927 oﬁ‘crimus.
2830 1888 2854 1927 ι
2893 1867 3063 1939 Negat
3104 1867 3158 1927 in
3205 1862 3395 1927 eadem
3418 1863 3648 1936 epistola
3683 1864 3935 1927 «8ααὶιί-

615 1960 757 2017 cium
787 1960 1121 2019 Dominicum
1151 1963 1388 2034 legitima
1412 1964 1836 2025 sanctiﬁcatione
1860 1962 2147 2031 celebrari,
2181 1964 2282 2021 nisi
2313 1964 2517 2021 oblatio
2542 1971 2599 2020 et
2622 1963 2946 2020 sacriﬁcium
2978 1971 3221 2023 nostrum
3250 1961 3589 2031 responderit
3615 1961 3888 2030 passioni.
3906 1978 3930 2015 ι

620 2052 883 2113 Sacriﬁcii
924 2072 953 2112 a
997 2057 1215 2116 Christo
1244 2058 1470 2115 instituti
1501 2059 1778 2119 veritatem
1820 2057 1949 2115 inde
1994 2057 2157 2115 etiam
2202 2057 2555 2124 demonstrat,
2602 2057 2745 2128 quod
2796 2073 2827 2111 a
2856 2057 3137 2113 sacerdote
3181 2054 3575 2113 Melchisedech
3613 2054 3937 2126 praeligata.

617 2154 729 2202 tum
774 2148 952 2204 fuerit.
989 2167 1009 2201 ι
1031 2148 1162 2207 Item
1195 2150 1251 2206 in
1279 2149 1560 2209 sacerdote
1588 2149 2002 2216 Melchisedech,
2038 2150 2213 2222 inquit
2237 2152 2314 2221 (p.
2342 2148 2492 2223 105),
2524 2150 2776 2215 sacriﬁcii
2808 2151 3070 2207 Dominici
3099 2158 3494 2209 sacramentum
3525 2144 3934 2220 praiﬁgtiratum

614 2237 893 2309 videmus,
933 2242 1225 2301 secundum
1252 2242 1396 2314 quod
1440 2242 1716 2313 Scriptura
1764 2242 1945 2299 divina
1995 2236 2220 2299 testatur
2253 2254 2307 2301 et
2352 2243 2482 2301 dicit
2505 2261 2518 2297 :
2541 2243 2606 2298 Et
2636 2243 3028 2310 Hetrldsedecli,
3082 2261 3174 2305 re:
3197 2244 3395 2311 Solem,
3426 2244 3639 2315 protulit
3664 2261 3862 2310 partem
3886 2254 3929 2298 et

613 2334 806 2391 vinum.
853 2334 977 2392 Fuit
1011 2344 1191 2395 autem
1242 2335 1496 2393 sacerdos
1542 2335 1640 2393 Dei
1681 2335 1901 2403 summi,
1950 2346 2006 2391 et
2032 2335 2310 2393 benedixit
2338 2336 2633 2401 Abraham.
2675 2336 2828 2405 Quod
2867 2347 3044 2393 autent
3071 2335 3462 2399 Melchisedech
3504 2346 3690 2408 typum
3716 2336 3919 2393 Christi

614 2437 855 2500 portaret
896 2428 1136 2487 declarat
1178 2430 1233 2485 in
1263 2429 1490 2487 Psalmis
1532 2428 1765 2500 Spiritus
1810 2439 2027 2487 sanctus
2051 2445 2117 2485 ex
2147 2443 2372 2498 persona
2401 2429 2578 2485 Patris
2621 2430 2686 2484 ad
2713 2429 2906 2485 Filium
2936 2429 3123 2487 dicens
3156 2448 3171 2484 :
3202 2429 3331 2489 Ante
3358 2428 3626 2499 umiferum
3654 2430 3814 2499 geniti
3848 2441 3913 2485 te.

615 2521 691 2577 Tn
717 2536 770 2577 es
794 2522 1032 2578 sacerdos
1070 2523 1126 2577 in
1172 2531 1418 2579 wternum
1443 2523 1721 2586 secundum
1748 2522 1985 2578 ordinem
2036 2521 2431 2577 Melchisedech.
2483 2521 2583 2590 Qui
2629 2522 2764 2578 ordo
2803 2523 2985 2593 utique
3023 2522 3111 2579 hic
3157 2532 3244 2579 est
3296 2522 3364 2578 de
3389 2521 3655 2587 sacriﬁcio
3683 2523 3785 2578 illo
3825 2538 3918 2579 ve-

610 2616 764 2672 niens
790 2626 846 2673 et
897 2616 1024 2674 inde
1065 2616 1401 2676 descendens
1423 2619 1567 2690 quod
1589 2619 1983 2679 leldiisedeoh
2024 2619 2282 2677 sacerdos
2310 2620 2405 2677 Dei
2431 2620 2628 2677 summi
2672 2621 2770 2676 luit
2794 2662 2810 2687 ,
2842 2620 2986 2692 quod
3010 2636 3201 2692 panem
3222 2630 3278 2679 et
3308 2621 3491 2677 viuum
3519 2618 3748 2686 obtulit,
3780 2616 3920 2689 quod

611 2708 883 2765 Abraham
926 2709 1222 2769 benedixit.
1266 2709 1399 2766 Nam
1444 2712 1567 2781 quis
1594 2710 1773 2783 magis,
1789 2712 2052 2769 sacerdos
2099 2711 2192 2768 Dei
2221 2711 2419 2767 summi
2445 2726 2607 2781 quam
2650 2712 2910 2770 Dominus
2956 2722 3145 2771 noster
3179 2714 3338 2771 lesus
3384 2712 3659 2777 Christus,
3716 2712 3817 2782 qui
3839 2726 3919 2766 sa-

610 2800 876 2857 criﬁcium
924 2802 1033 2859 Deo
1071 2802 1217 2860 Patri
1262 2803 1493 2869 obtulit;
1530 2812 1587 2861 et
1627 2804 1822 2861 obtulit
1865 2804 1969 2862 hoc
1995 2804 2137 2862 idem
2171 2807 2313 2876 quod
2358 2804 2748 2865 Melchisedech
2780 2806 3077 2877 obtulerat,
3130 2808 3183 2865 id
3232 2817 3315 2866 est
3372 2822 3565 2881 panem
3590 2816 3651 2863 et
3717 2807 3925 2875 vinum,

609 2907 766 2949 suum
802 2892 1009 2951 scilicet
1032 2909 1228 2967 corpus
1271 2905 1328 2952 et
1374 2897 1714 2968 sanguinem.
1746 2916 1765 2951 ι
2037 2945 2040 2949 ,

681 2986 1016 3044 Sacriﬁcium
1062 3005 1159 3060 pro
1208 2992 1452 3053 vivorum
1492 3000 1547 3048 et
1592 3000 1927 3053 mortuorum
1960 2995 2193 3064 peccatis
2237 2994 2484 3053 oﬁertur.
2540 2995 2678 3053 lliuc
2725 2998 2966 3068 queritur
3010 2997 3312 3070 Cyprianus
3337 2999 3390 3055 in
3433 2997 3574 3056 libro
3622 2998 3694 3054 de
3742 2996 3928 3072 Lapis

613 3079 691 3153 (p.
738 3081 898 3154 l86),
920 3082 1066 3154 quod
1108 3082 1382 3153 lapsorum
1419 3084 1691 3143 nonnullis
1731 3089 2042 3145 communio
2083 3087 2209 3144 data
2237 3089 2312 3145 sit
2344 3110 2363 3143 s
2384 3098 2511 3147 ante
2543 3101 2820 3162 purgatam
2845 3093 3228 3149 conscientiam
3265 3093 3531 3150 sacriﬁcio
3563 3103 3619 3151 et
3653 3109 3825 3150 manu
3845 3110 3925 3149 sa-

610 3172 865 3243 cerdotis,
916 3185 1041 3233 ante
1068 3175 1326 3235 oﬁensam
1366 3180 1629 3250 placatam
1655 3181 1980 3254 indignantis
2014 3184 2228 3241 Domini
2270 3195 2328 3243 et
2372 3188 2648 3244 minantis.
2674 3207 2694 3241 ι
2729 3188 3046 3261 Cyprianus,
3083 3190 3136 3246 iu
3182 3190 3422 3262 Epistula
3462 3205 3529 3245 ιι
3555 3191 3624 3245 ad
3649 3189 3917 3260 episcopos

611 3265 897 3335 Numidas,
943 3280 1168 3327 testatur
1188 3287 1249 3329 se
1275 3272 1608 3344 singulorum
1637 3276 1727 3346 qui
1747 3274 1813 3331 ad
1843 3276 2267 3347 redemptionem
2299 3279 2632 3350 captivorum
2665 3290 2913 3352 prompte
2940 3296 3005 3338 ac
3041 3280 3336 3339 liberaliter
3359 3282 3564 3353 operati
3611 3292 3775 3350 sunt,
3832 3297 3924 3337 uo-

608 3363 751 3420 mina
780 3364 1116 3434 subdidisse,
1151 3376 1208 3422 ut
1231 3382 1326 3425 eos
1352 3368 1592 3439 episcopi
1642 3369 1695 3425 in
1737 3380 1920 3426 mente
1946 3370 2178 3428 habeant
2222 3371 2276 3428 in
2306 3373 2640 3431 orationibus
2687 3375 2832 3443 suis,
2871 3393 2890 3427 ι
2912 3384 2967 3432 et
2992 3375 3074 3432 eis
3102 3375 3275 3433 vicem
3304 3375 3430 3433 boni
3459 3376 3642 3445 operis
3669 3376 3726 3430 iu
3753 3376 3922 3431 sacri-

608 3458 745 3514 liciis
789 3468 846 3516 et
880 3460 1126 3532 precibus
1152 3456 1556 3531 re‘prgesentent.
1583 3481 1603 3515 ›
1653 3462 1806 3532 Quod
1832 3475 2041 3536 spectat
2079 3466 2145 3521 ad
2178 3476 2441 3537 mortuos,
2484 3470 2759 3542 egregium
2801 3470 3170 3527 testimonium
3208 3471 3466 3527 habemus
3510 3470 3563 3526 in
3609 3469 3711 3540 Ep.
3754 3486 3879 3526 vat
3903 3512 3920 3541 ,

605 3553 675 3607 ad
696 3553 889 3611 clerum
912 3565 959 3610 et
988 3555 1181 3627 plebem
1204 3553 1400 3611 Furnis
1424 3557 1797 3619 consistentem.
1832 3559 2218 3617 Antecessores
2245 3562 2501 3634 Cypriani
2527 3571 2832 3620 statuerant
2863 3578 2931 3620 ne
2956 3563 3079 3634 quis
3104 3561 3270 3620 frater
3296 3562 3565 3621 excedens
3590 3562 3658 3619 ad
3686 3562 3910 3619 tutelam

606 3644 689 3700 vel
729 3660 910 3702 curam
965 3648 1221 3705 clericum
1256 3649 1593 3715 nominaret;
1632 3665 1695 3705 ac
1738 3651 1786 3706 si
1826 3652 1948 3721 quis
1999 3655 2102 3708 hoc
2134 3652 2389 3722 fecisset,
2445 3670 2551 3710 non
2601 3654 2888 3712 oﬁ‘erretur
2917 3671 3014 3727 pro
3042 3672 3140 3723 eo,
3164 3671 3231 3713 ne
3277 3657 3603 3714 sacriﬁcium
3645 3672 3745 3728 pro
3793 3657 3923 3713 dor-

607 3739 830 3795 mitione
856 3740 973 3819 ejus
1017 3740 1401 3797 celebraretur.
1447 3741 1631 3813 Neque
1667 3743 1811 3799 enim
1855 3744 1999 3816 apud
2041 3747 2213 3802 altare
2263 3747 2362 3804 Dei
2408 3757 2648 3805 meretur
2684 3749 2947 3805 nominari
2997 3750 3050 3805 in
3103 3751 3443 3808 sacerdotum
3474 3766 3668 3822 prece,
3718 3751 3813 3823 qui
3858 3752 3925 3810 ab

604 3831 759 3891 altari
783 3832 1089 3889 sacerdotes
1113 3844 1166 3891 et
1205 3835 1481 3892 ministros
1508 3837 1675 3893 voluit
1700 3851 1944 3894 evocare.
1988 3839 2375 3908 Quamobrem,
2404 3857 2525 3898 cum
2555 3843 2734 3917 Victor
2779 3844 2996 3915 quidam
3041 3843 3345 3907 Geminium
3398 3846 3716 3911 Faustinum
3762 3862 3921 3919 pres-

604 3924 849 3996 byterum
900 3940 1061 3981 ausus
1106 3935 1250 3982 esset
1293 3935 1522 3983 tutorem
1564 3930 1913 3996 constituere,
1954 3940 2097 3986 vetat
2125 3931 2422 4004 Cyprianus
2452 3950 2520 3991 ne
2550 3953 2570 3987 ι
2606 3949 2702 4005 pro
2726 3937 3049 3994 dormitione
3072 3938 3190 4009 ejus
3222 3939 3312 3994 ﬁat
3339 3937 3561 4007 oblatio,
3614 3949 3708 3995 aut
3731 3940 3923 4012 deprcc

604 4019 745 4076 catio
771 4019 950 4090 aliqua
980 4021 1198 4075 nomine
1241 4020 1357 4092 ejus
1398 4021 1449 4076 in
1481 4023 1707 4090 ecclesia
1740 4022 2127 4097 frequentatur.
2168 4047 2187 4082 ι
2218 4026 2442 4091 Frusu'a
2469 4030 2749 4089 contendit
2771 4041 2955 4091 auctor
2999 4032 3251 4089 editionis
3278 4032 3597 4089 Oxoniensis
3649 4052 3668 4085 ιι
3705 4033 3824 4090 htec
3871 4037 3920 4091 in

604 4114 749 4183 ﬁdei,
795 4114 908 4185 spei
943 4122 998 4170 et
1024 4113 1303 4170 charilatis
1348 4125 1629 4183 tesseram,
1683 4132 1799 4172 non-
1832 4128 2011 4174 autem
2053 4120 2105 4201 in
2154 4121 2453 4177 animarum
2508 4123 2828 4191 subsidium,
2858 4136 2951 4180 aut
2980 4127 3269 4198 purgatorii
3314 4127 3451 4197 ignis
3493 4127 3780 4184 ardoribus
3824 4144 3922 4185 tes-

602 4209 864 4266 tuentium
893 4208 1228 4280 refrigerium
1261 4212 1501 4280 praestita
1535 4210 1737 4279 fuisse,
1789 4213 1915 4284 quia
1962 4213 2079 4271 haec
2108 4216 2175 4271 ad
2215 4226 2488 4289 martyres
2532 4219 2796 4289 imprimis
2836 4222 3174 4291 spectabant.
3214 4242 3234 4277 ι
3277 4222 3423 4280 Nihil
3450 4223 3688 4297 agithoc
3712 4234 3920 4298 marty-

600 4317 722 4358 rum
763 4302 1099 4373 exemplum:
1142 4317 1249 4359 non
1276 4302 1606 4367 onerabatur
1647 4306 1969 4363 sacriﬁcium
2002 4325 2099 4379 pro
2121 4311 2361 4380 peccatis
2398 4321 2719 4384 martyrum,
2750 4315 2950 4386 quippe
2979 4331 3101 4372 cum
3127 4317 3379 4374 omnibus
3403 4318 3747 4389 exploratum
3772 4329 3919 4377 esset

594 4409 697 4455 eos
737 4395 791 4451 in
822 4396 960 4452 casio
987 4395 1157 4452 Deum
1180 4395 1383 4461 videre.
1411 4395 1775 4464 Quamobrem
1823 4417 1933 4457 non
1972 4402 2162 4459 eodem
2190 4403 2312 4463 loco
2355 4405 2771 4463 nominabantur
2813 4423 2876 4464 ac
2916 4409 3007 4464 alii
3044 4409 3098 4465 iu
3131 4409 3391 4469 Ecclesia:
3441 4427 3572 4484 pace
3599 4414 3833 4481 mortui;
3864 4424 3918 4472 et

596 4487 743 4567 quod
796 4488 871 4543 ait
916 4488 1216 4561 Cyprianus
1279 4491 1333 4545 in
1384 4490 1484 4561 Ep.
1546 4508 1706 4553 χχιιι
1735 4536 1749 4559 ,
1797 4495 2059 4552 sacriﬁcia
2105 4512 2203 4566 pro
2246 4498 2356 4554 illis
2399 4497 2580 4556 oﬁ‘erri
2618 4500 2798 4569 solita,
2851 4503 2902 4558 id
2949 4503 3064 4573 ipse
3091 4504 3391 4576 Cyprianus
3433 4508 3667 4578 explicat
3710 4508 3768 4563 in
3812 4508 3912 4579 Ep.

596 4596 812 4649 xxxvtt,
869 4581 961 4637 ubi
1006 4582 1083 4638 ait
1130 4583 1430 4651 oblationes
1467 4594 1523 4639 et
1566 4585 1830 4645 sacriﬁcia
1871 4605 1890 4639 ι
1947 4588 2018 4644 ob
2070 4596 2612 4649 commemorationcs
2648 4609 2880 4651 eorum»
2930 4597 3217 4655 celebrari.
3266 4600 3385 4656 Alia
3450 4599 3559 4657 fuit
3595 4601 3737 4657 ratio
3790 4619 3913 4659 mo-

598 4678 851 4734 rientium
878 4678 930 4733 in
959 4677 1214 4737 Ecclesiae
1245 4693 1396 4750 pace.
1446 4678 1551 4734 Pro
1597 4695 1784 4736 eorum
1836 4684 2072 4752 peccatis
2114 4683 2437 4742 sacriﬁcium
2465 4686 2825 4757 oﬁ‘erebatur,
2866 4700 2928 4746 ut
2956 4691 3139 4749 videre
3163 4702 3245 4749 est
3274 4694 3330 4750 in
3357 4694 3571 4766 liturgia
3593 4710 3719 4767 quas
3768 4691 3916 4752 extat

598 4771 692 4829 lib.
738 4787 855 4828 vnt.
896 4771 1170 4829 Constitui.
1197 4773 1402 4845 Apost.,
1434 4788 1535 4846 cap
1564 4775 1655 4842 41,
1703 4773 1794 4830 ubi
1826 4774 1944 4832 hrcc
1998 4777 2248 4848 leguntur
2289 4795 2302 4832 :
2342 4797 2361 4832 t
2387 4779 2491 4836 Pro
2515 4781 2768 4839 fratribus
2797 4786 2995 4842 nostris
3042 4787 3133 4857 qui
3166 4786 3221 4843 in
3271 4769 3491 4846 Christo
3533 4790 3915 4862 requieverunt

598 4882 849 4935 oremus,
902 4874 961 4924 ut
1004 4867 1281 4923 hominum
1320 4881 1507 4933 amans
1548 4868 1720 4937 Deus,
1774 4868 1865 4941 qui
1919 4869 2153 4927 animam
2186 4869 2426 4929 defuncti
2479 4875 2754 4947 suscepit,
2799 4878 2850 4934 ei
2896 4880 3138 4936 remittat
3176 4896 3341 4939 omne
3391 4866 3680 4954 peccatum
3722 4882 3915 4941 volun-

601 4964 793 5020 tarium
821 4979 886 5021 ac
914 4978 1022 5021 non
1052 4964 1411 5023 voluntarium
1444 5008 1459 5034 ,
1509 4975 1566 5025 et
1608 4966 1872 5038 propitius
1915 4968 2263 5041 clemensque
2294 4969 2464 5026 factus
2502 4973 2731 5030 collucet
2758 4990 2881 5030 eum
2908 4975 2960 5030 in
3002 4977 3222 5047 regione
3252 4977 3484 5048 piorum,
3514 4986 3623 5034 etc.
3649 4997 3674 5032 s

667 5056 779 5115 Nec
805 5057 1002 5115 mirum
1029 5072 1160 5114 sane
1187 5066 1273 5116 est
1307 5059 1356 5121 si
1404 5066 1615 5123 veteres
1662 5059 1959 5126 Christiani
2009 5059 2262 5137 ﬁdelibus
2294 5061 2563 5119 defunctis
2591 5066 2914 5122 sacriﬁcium
2954 5067 3293 5138 profuturum
3339 5067 3660 5138 sperabant;
3708 5068 3912 5140 Quippe

594 5166 720 5209 cum
763 5165 1076 5225 persuasum
1115 5151 1365 5209 omnibus
1416 5160 1577 5224 atque
1622 5153 1961 5225 exploratum
2011 5164 2155 5210 esset
2194 5154 2463 5226 justorutn
2516 5158 2725 5214 animas
2775 5175 2897 5231 qua:
2949 5175 2982 5217 e
3026 5175 3254 5232 corpore
3294 5162 3583 5223 solvuntur
3621 5170 3914 5234 antequam

598 5256 812 5316 peccata
863 5246 1042 5303 omnia
1072 5245 1437 5317 expiaverint,
1468 5247 1647 5319 pinnis
1692 5246 1838 5304 afﬁci
1885 5247 1939 5303 in
1976 5248 2148 5304 altera
2174 5248 2281 5305 vita
2348 5264 2641 5322 eorumque
2671 5251 3057 5311 beatitudinem
3101 5254 3330 5311 diﬁerri.
3376 5255 3514 5315 Hinc
3534 5255 3603 5312 iis
3636 5256 3916 5323 metuebat

594 5338 782 5399 Clerus
834 5340 1108 5398 Romanus
1135 5340 1382 5412 quiante
1425 5350 1669 5398 exactam
1725 5341 2094 5412 pmuitentiam
2142 5343 2541 5413 moriebantur,
2587 5364 2607 5398 ‹
2658 5346 2769 5402 Deo
2818 5347 3051 5416 sciente,
3107 5350 3277 5421 inquit
3341 5349 3512 5421 Epist.
3557 5364 3728 5416 xxxi,
3780 5350 3914 5421 quid

594 5434 662 5493 de
713 5437 907 5495 talibus
954 5438 1136 5507 faciat,
1166 5446 1224 5495 et
1249 5437 1479 5509 qualiter
1517 5438 1706 5509 judicii
1735 5440 1819 5497 sui
1858 5438 2100 5511 pondera
2151 5440 2442 5497 examinet.
2471 5459 2491 5495 ι
2528 5439 2804 5511 Ejusmodi
2856 5443 3107 5500 homines
3151 5445 3232 5500 sic
3269 5454 3550 5516 comparat
3596 5444 3906 5517 Cyprianus

596 5543 720 5585 cum
770 5529 838 5586 iis
864 5531 954 5603 qui
984 5532 1091 5589 vita
1121 5547 1219 5604 pro
1246 5530 1462 5593 Christo
1490 5531 1709 5603 profusa
1737 5539 1831 5589 aut
1857 5533 2052 5591 saltem
2079 5545 2264 5590 sancte
2310 5542 2501 5590 exacta
2531 5536 2852 5591 moriuntur.
2909 5555 2931 5590 s
2980 5537 3139 5592 Aliud
3195 5546 3312 5606 est,
3346 5538 3518 5610 inquit
3545 5537 3602 5594 in
3630 5536 3806 5609 Epist.
3834 5531 3914 5596 ιι¹

594 5624 674 5696 (p.
707 5623 821 5697 72),
848 5625 920 5681 ad
956 5627 1165 5684 veniam
1193 5636 1373 5696 stare,
1413 5626 1557 5689 aliud
1601 5626 1669 5682 ad
1695 5626 1922 5698 gloriam
1974 5625 2289 5699 pervenire;
2321 5627 2467 5683 aliud
2510 5627 2737 5685 missum
2780 5629 2834 5686 in
2882 5644 3156 5687 carcerem
3206 5645 3311 5687 non
3358 5632 3507 5689 exire
3561 5628 3691 5691 inde
3731 5629 3912 5689 donec

592 5719 765 5775 Solvat
802 5721 1153 5776 novissimum
1178 5721 1551 5792 quadrautnu,
1598 5721 1741 5774 aliud
1786 5722 1964 5776 statim
2012 5721 2132 5776 ﬁdei
2171 5729 2226 5777 et
2252 5722 2464 5775 virtutis
2492 5722 2738 5792 accipere
2766 5722 3109 5790 mercedem;
3163 5723 3308 5781 aliud
3337 5737 3433 5795 pro
3463 5724 3705 5794 peccatis
3746 5723 3914 5796 longo

589 5810 776 5868 dolore
825 5813 1117 5883 cruciatum
1176 5813 1455 5877 eruendari
1492 5824 1546 5871 et
1589 5813 1804 5885 purgari
1854 5813 1944 5869 diu
1998 5814 2327 5897 igneualiud
2378 5797 2594 5885 peccata
2628 5816 2808 5873 omnia
2856 5818 3111 5888 passione
3144 5834 3404 5891 purgasse
3448 5817 3638 5876 :aliud
3670 5818 3912 5890 denique

585 5905 825 5988 pendere
854 5907 922 5975 ,iu
1352 5908 1420 5970 ad
1443 5907 2049 5982 seutentiamDomiui,
2075 5906 2220 5968 aliud
2272 5909 2453 5983 statim
2492 5924 2523 5968 a
2570 5910 2800 5971 Domino
2822 5912 3099 5972 coronari.
3126 5932 3149 5971 ι
3185 5912 3396 5975 luutiﬁs
3427 5928 3653 5990 prorsus
3677 5913 3908 5992 Rigaltii
