4050 6436
230 339 306 402 se
1676 360 1686 409 ρ
1749 338 2140 413 Ρδιεειτιο.
2806 314 2809 318 ⁴
3460 348 3531 411 το

234 472 291 520 et
334 459 559 519 editoris
605 458 931 519 Omniensis
972 457 1128 517 labor
1182 457 1235 523 in
1272 459 1379 518 hoc
1430 458 1738 517 testimonio
1778 459 2068 521 eludendo.
2118 457 2270 516 Hunc
2323 471 2597 521 carcerem
2634 465 2689 517 et
2715 458 2861 533 longi
2901 461 3100 521 doloris
3147 465 3437 524 cruciatum
3470 478 3530 526 et

188 569 190 571 ’
236 558 412 628 ignem
463 555 552 612 diu
599 565 912 627 purgantem
942 553 1265 626 detorquent
1307 555 1371 611 ad
1404 556 1773 627 pmnitentiam
1807 555 1974 627 lapsis
2006 553 2207 625 imponi
2239 553 2451 608 solitam
2483 570 2512 609 a
2541 554 2927 615 sacerdotibus.
2964 555 3067 613 Sed
3104 557 3155 614 l°
3188 558 3312 614 illud
3336 561 3527 617 saltem

236 649 390 706 fateri
428 649 627 705 debent
653 664 724 705 ex
773 646 1028 720 Cypriani
1078 648 1257 703 verbis
1283 651 1572 719 consequi,
1616 648 1944 719 temporales
1988 662 2173 718 pmuas
2228 648 2293 702 iis
2346 635 2727 717 pcrsolvcndas
2768 664 3052 719 superesse
3103 651 3296 722 quibus
3348 657 3540 711 remis-

236 758 310 799 sa:
352 752 478 800 sunt
513 750 748 799 :eternae.
790 740 848 794 2°
892 740 949 796 Si
997 740 1327 811 poenitentia:
1376 742 1588 801 labores
1641 738 1945 813 Cyprianus
1996 739 2289 808 describit,
2343 741 2513 797 multo
2536 740 2597 797 id
2642 743 2812 813 magis
2860 742 2924 798 iis
2989 746 3238 817 congruit
3283 748 3375 818 qui
3418 760 3544 815 ante

236 848 481 895 exactum
521 835 848 908 pmnitentia:
883 848 1099 891 cursum
1141 834 1462 891 moriuntur.
1495 833 1664 889 Nemo
1693 820 1835 889 enim
1866 832 2006 888 hanc
2045 833 2353 905 opinionem
2386 832 2609 906 attinget
2646 833 2947 907 Cypriane,
2992 836 3259 908 ejusmodi
3299 838 3546 899 homines

234 948 345 990 non
373 932 443 989 ad
482 932 691 989 veniam
727 939 899 998 stare,
947 929 1042 987 sed
1087 928 1155 985 ad
1184 920 1392 985 veniam
1420 928 1734 1000 pervenire;
1787 943 1892 983 non
1932 928 2069 985 mitti
2117 930 2170 983 in
2199 941 2494 1001 carcerem,
2545 927 2720 985 donec
2762 929 2977 995 solvant
3015 931 3366 989 novissimum
3412 949 3550 1006 qua-

234 1027 511 1092 drantem,
560 1023 657 1081 sed
697 1023 875 1080 statim
903 1021 1027 1078 ﬁdei
1054 1029 1108 1077 et
1134 1020 1349 1078 virtutis
1387 1020 1634 1091 accipere
1673 1018 2020 1088 mercedem;
2052 1032 2159 1076 non
2188 1035 2286 1091 pro
2313 1021 2549 1092 peccatis
2574 1021 2734 1095 longo
2761 1021 2948 1079 dolore
2976 1024 3249 1085 cruciatos
3299 1026 3550 1086 mundari

232 1126 291 1176 et
329 1117 543 1190 purgari
564 1116 677 1192 diu
708 1097 860 1188 igne,
916 1128 1024 1171 non
1054 1112 1292 1186 pendere
1319 1112 1377 1168 in
1406 1112 1549 1168 diem
1575 1111 1758 1182 judicii
1777 1152 1792 1177 ,
1820 1109 1917 1167 sed
1967 1113 2147 1168 statim
2177 1127 2207 1167 a
2239 1112 2469 1170 Domino
2496 1115 2767 1172 coronari.
2797 1115 2856 1174 5°
2883 1115 3184 1191 Cyprianus
3236 1135 3341 1177 non
3371 1118 3548 1182 solum

236 1223 502 1287 martyres
524 1228 645 1270 cum
667 1211 850 1283 lapsis,
880 1209 976 1266 sed
1003 1210 1164 1266 etiam
1186 1208 1419 1280 virgines
1441 1222 1565 1264 cum
1593 1206 1857 1265 adulteris
1885 1218 2181 1281 comparat.
2214 1209 2443 1267 Dubium
2476 1227 2583 1269 non
2612 1213 2845 1291 estquia
2872 1214 2940 1271 de
2965 1217 3289 1289 martyribus
3305 1228 3360 1276 et
3390 1221 3551 1295 virgi-

232 1308 393 1365 nibus
445 1307 672 1365 mortuis
713 1306 991 1377 loquatur,
1038 1318 1161 1359 eum
1210 1316 1464 1359 coronam
1493 1301 1597 1359 illis
1633 1301 1813 1358 statim
1853 1300 2041 1357 donari
2088 1304 2419 1372 pronuntiat.
2452 1303 2559 1361 Cur
2598 1320 2726 1379 ergo
2756 1322 2879 1363 eum
2905 1306 2973 1365 de
2996 1310 3373 1383 paenitentiam
3405 1322 3549 1373 διαιιι

228 1400 289 1457 in
320 1399 420 1457 bac
447 1409 652 1456 tantum
693 1402 802 1454 vita
838 1396 1073 1453 locutum
1123 1393 1442 1452 credamus?
1472 1393 1735 1450 Praeclara
1761 1410 1891 1452 sane
1922 1405 2065 1452 esset
2091 1404 2252 1467 atque
2277 1397 2489 1469 egregia
2516 1400 2880 1473 comparatio,
2914 1414 3179 1475 martyres
3226 1417 3282 1469 et
3314 1409 3550 1482 virgines

232 1508 357 1551 cum
383 1492 683 1549 idololatris
708 1498 762 1546 et
802 1488 1061 1545 adulteris
1108 1488 1160 1543 in
1188 1487 1290 1544 hoc
1330 1485 1611 1554 conferre,
1641 1486 1783 1557 quod
1815 1488 1970 1557 primi
2000 1487 2184 1544 statim
2220 1489 2274 1545 in
2320 1491 2487 1549 altera
2518 1492 2626 1548 vita
2671 1506 3029 1566 coronentur,
3075 1505 3367 1571 postremis
3417 1519 3549 1563 vero

232 1588 564 1662 pmnitcntiae
591 1585 740 1663 labor
763 1585 815 1640 in
866 1583 965 1639 hac
1000 1581 1110 1638 vita
1140 1580 1451 1638 subeundus
1478 1581 1568 1636 sit.
1610 1580 1716 1636 Sed
1755 1582 1796 1636 si
1828 1581 1916 1638 isti
1973 1581 2273 1641 idololatrae
2302 1592 2357 1640 et
2401 1584 2632 1643 adulteri
2663 1600 2782 1660 post
2806 1590 3114 1650 inchoatam
3175 1600 3549 1668 paenitentiam

234 1683 567 1749 moriantur,
614 1694 680 1735 an
714 1678 930 1745 statim,
984 1685 1043 1732 ut
1088 1686 1352 1747 martyres
1397 1682 1452 1729 et
1492 1672 1756 1744 virgines,
1814 1674 2115 1730 mercedem
2144 1685 2195 1731 et
2223 1691 2477 1735 coronam
2524 1679 2817 1755 accipient,
2846 1692 2920 1759 et
2944 1695 3168 1759 peccata
3199 1691 3381 1753 omnia
3431 1709 3550 1765 ρω.

231 1775 459 1832 υίιθηιία
508 1787 763 1845 purgasse
791 1768 1150 1826 videbuntur?
1194 1767 1325 1834 Quis
1355 1783 1458 1820 non
1488 1766 1634 1821 videt
1659 1766 1955 1822 institutam
1987 1784 2016 1822 a
2047 1769 2315 1841 Cypria‘no
2353 1774 2815 1843 comparationem
2841 1777 2909 1833 ad
2938 1776 3169 1839 futuram
3196 1784 3545 1859 potissimum

237 1875 401 1930 vitam
453 1868 678 1928 referri?
724 1868 920 1939 quippe
960 1880 1083 1921 cum
1116 1863 1168 1918 in
1200 1863 1299 1918 hac
1322 1861 1426 1917 vita
1457 1862 1830 1932 poenitentium
1857 1862 2093 1919 laborem
2145 1879 2315 1919 sacra:
2347 1866 2611 1939 virgines,
2643 1884 2867 1943 quarum
2891 1882 3305 1943 eratausterum
3338 1880 3551 1939 vivendi

234 1984 405 2041 genus
424 2009 440 2036 ,
481 1967 856 2038 adaequarent,
899 1960 1165 2034 martyres
1194 1975 1323 2016 vero
1348 1960 1508 2031 longe
1534 1966 1875 2029 superarent.
1938 1959 1997 2015 4°
2024 1959 2159 2025 illud
2195 1979 2214 2013 ι
2234 1961 2473 2032 pendere
2504 1963 2556 2021 in
2586 1963 2729 2039 diem
2770 1968 2959 2053 jud‘icii
2980 1989 3001 2024 ι
3038 1972 3195 2031 valde
3222 1977 3547 2039 adversariis

236 2060 545 2117 molestum.
587 2058 783 2115 Putant
834 2054 1083 2113 Nicolaus
1111 2053 1282 2110 Faber
1311 2063 1365 2109 et
1391 2051 1654 2123 Rigaltius
1696 2051 2082 2109 beatitudinem
2126 2054 2395 2122 iustorum
2426 2072 2457 2112 a
2484 2055 2755 2129 Cypriane
2797 2051 3032 2133 in'diem
3052 2065 3273 2137 iudicii,
3303 2073 3545 2143 exceptis

237 2152 594 2226 martyribus,
641 2150 866 2207 dill‘crri.
917 2148 1019 2205 Sed
1053 2147 1169 2203 haec
1196 2146 1376 2218 opinio
1397 2145 1581 2217 attingi
1605 2144 1875 2218 Cypriane
1904 2162 2007 2202 non
2039 2156 2245 2219 potest,
2293 2150 2381 2221 qui
2413 2149 2516 2206 hoc
2552 2151 2672 2213 loco
2693 2196 2708 2220 ,
2748 2164 2805 2223 ut
2826 2156 2937 2226 jam
2970 2158 3283 2229 observavi,
3318 2180 3424 2235 non
3456 2182 3547 2231 εο,

237 2246 347 2301 lum
386 2245 456 2302 de
483 2245 842 2318 martyribus,
869 2241 962 2299 sed
1003 2242 1163 2298 etiam
1196 2240 1263 2296 de
1293 2239 1586 2311 virginibus
1618 2239 1874 2310 loquitur.
1919 2239 2076 2313 Srcpe
2103 2241 2237 2299 alias
2283 2242 2473 2312 docet,
2517 2248 2784 2318 praecipue
2817 2267 2945 2308 vero
2971 2253 3025 2310 in
3074 2256 3213 2314 libro
3242 2259 3306 2329 de
3335 2259 3546 2330 Mona-

244 2340 414 2406 litate,
462 2356 568 2396 non
615 2339 789 2395 solum
826 2346 1118 2410 martyres,
1165 2334 1259 2392 sed
1296 2334 1435 2391 alios
1461 2334 1621 2392 etiam
1676 2341 1922 2400 sanctos,
1970 2349 2094 2389 cum
2132 2350 2196 2391 ex
2240 2337 2338 2392 hac
2380 2337 2485 2392 vita
2532 2338 2825 2411 decedunt,
2863 2360 2987 2415 cum
3040 2347 3256 2413 Christo
3306 2351 3548 2425 ἱμείρω-ο

237 2450 499 2507 regnare;
530 2434 765 2507 virgines
791 2441 847 2489 et
875 2446 1071 2503 pueros
1099 2430 1171 2485 ad
1204 2427 1550 2485 continentiae
1591 2437 1647 2483 et
1690 2426 2016 2484 innocentiae
2045 2430 2323 2498 praemium
2356 2429 2583 2499 feliciter
2632 2439 2943 2509 pervenire,
2996 2440 3169 2512 iustos
3204 2442 3271 2501 ad
3318 2443 3544 2518 τοιήδε,

239 2530 378 2586 rium
423 2530 627 2587 vocari.
674 2527 813 2584 Illud
842 2542 974 2599 ergo
997 2524 1365 2581 testimonium
1422 2521 1492 2580 de
1528 2538 1636 2594 quo
1665 2538 1806 2579 nunc
1825 2521 2065 2594 agimus,
2095 2523 2161 2578 ad
2212 2539 2305 2579 eos
2338 2523 2525 2581 referri
2567 2526 2727 2584 debet
2780 2546 2916 2601 quos
2959 2544 3083 2590 ante
3110 2534 3322 2611 plenam
3364 2540 3544 2611 ρωηί..

241 2622 461 2679 tentiam
493 2629 735 2678 mortuos
762 2621 814 2675 in
840 2619 983 2677 diem
1019 2617 1205 2689 iudicii
1244 2616 1509 2688 generalis
1555 2615 1825 2672 reservari
1854 2616 2128 2672 existimat
2171 2614 2491 2689 Cyprianus.
2524 2619 2636 2675 Nec
2678 2620 2875 2679 tnirum
2901 2624 2948 2681 si
2974 2626 3241 2697 ejusmodi
3266 2630 3546 2701 hominum

238 2716 620 2775 beatitudinem
648 2730 822 2787 usque
849 2715 917 2770 ad
964 2715 1071 2769 hoc
1106 2722 1318 2783 tempus
1354 2711 1598 2775 dill'erat;
1644 2726 1766 2766 cum
1800 2713 1942 2767 enim
1974 2712 2177 2767 instare
2205 2711 2455 2768 crederet
2502 2712 2792 2773 adventum
2835 2717 3081 2791 Domini,
3137 2725 3394 2801 temporis
3416 2740 3549 2796 spa-

240 2811 373 2883 tium
414 2811 557 2881 iusto
587 2807 803 2880 longius
841 2821 946 2863 non
989 2812 1196 2876 poterat
1224 2803 1410 2861 videri.
1454 2803 1624 2861 Porro
1664 2800 1918 2874 Cypriani
1951 2803 2216 2860 sententia
2247 2804 2371 2861 inde
2399 2808 2561 2863 etiam
2594 2807 2892 2866 illustratur
2918 2853 2937 2882 ,
2984 2812 3129 2891 quod
3170 2816 3222 2891 in
3242 2800 3337 2875 die
3358 2818 3552 2891 iudicii

242 2916 537 2976 martyrum
582 2903 772 2958 merita
818 2899 1062 2972 pluribus
1111 2898 1163 2953 in
1196 2896 1337 2955 hunc
1371 2896 1515 2954 diem
1563 2896 1916 2967 pendentibus
1960 2896 2233 2981 profutura
2265 2898 2537 2956 declaret:
2576 2902 2900 2965 (Credimus
2949 2909 3234 2991 quidem,»
3291 2913 3466 2989 inquit
3495 2917 3552 2974 in

242 2995 379 3054 libro
400 2997 472 3053 de
498 2995 683 3067 Leptis
714 2995 858 3069 (pag.
905 2990 1060 3065 187),
1112 3010 1131 3044 ι
1150 3006 1313 3063 posse
1350 2990 1490 3062 apud
1513 2990 1749 3061 judicem
1778 2990 2065 3062 plurimum
2097 3002 2392 3066 martyrum
2427 2996 2616 3053 merita
2660 3009 2714 3055 et
2734 3016 2899 3072 opera
2934 3004 3241 3076 justorum,
3286 3009 3383 3065 sed
3428 3026 3555 3071 cum

237 3091 425 3162 iudicii
451 3089 571 3147 dies
598 3087 841 3154 venerit,
871 3100 992 3142 cum
1024 3092 1147 3155 post
1170 3097 1421 3143 occasum
1453 3082 1635 3138 smeuli
1664 3082 1822 3149 hujus
1852 3095 1905 3138 et
1934 3082 2114 3138 mundi
2144 3094 2268 3140 ante
2312 3085 2541 3143 tribunal
2570 3086 2771 3147 Christi
2799 3096 3025 3165 populus
3050 3098 3167 3169 ejus
3193 3100 3488 3157 adsisterit.
3517 3121 3538 3160 ι

241 3185 420 3259 Atque
463 3187 578 3241 haec
609 3182 827 3254 quidem
869 3180 937 3237 de
974 3179 1040 3234 iis
1065 3182 1156 3250 qui
1181 3192 1303 3237 sese
1330 3176 1383 3232 in
1433 3177 1672 3233 Ecclesia
1706 3177 2034 3248 poenitentiae
2064 3178 2416 3246 submittunt;
2464 3181 2552 3251 qui
2579 3191 2757 3239 autem
2790 3195 2941 3243 extra
2989 3189 3282 3248 Ecclesiam
3311 3195 3555 3252 moriun-

244 3288 363 3350 tur,
394 3294 488 3337 eos
504 3276 805 3350 Cyprianus
831 3273 1097 3338 declarat,
1144 3271 1351 3327 etiamsi
1398 3285 1495 3342 pro
1525 3270 1741 3325 nomine
1767 3269 1931 3325 occisi
1979 3272 2119 3334 sint,
2150 3287 2441 3343 numquam
2473 3272 2539 3328 ad
2572 3273 2953 3347 indulgentiam
2984 3281 3101 3337 aliis
3132 3285 3183 3338 in
3212 3285 3332 3341 sinu
3361 3287 3555 3345 Eccle-

240 3374 341 3431 sia:
383 3370 736 3430 morientibus
784 3366 1103 3439 promissam
1131 3370 1508 3436 perventuros.
1550 3380 1568 3414 ι
1600 3361 1668 3416 Ει
1692 3362 1814 3434 quia
1850 3360 1992 3433 apud
2021 3361 2226 3418 inferos
2261 3364 2531 3420 Confessio
2560 3382 2665 3421 non
2695 3377 2808 3435 est,
2858 3371 3029 3445 inquit
3061 3374 3111 3429 in
3148 3376 3335 3433 eadem
3380 3379 3550 3452 Epist.

246 3482 346 3534 ut,
406 3479 509 3523 nec
566 3459 957 3530 exomologesis
1002 3456 1113 3513 illic
1156 3456 1271 3513 ﬁeri
1328 3461 1539 3526 potest,
1570 3454 1682 3524 {qui
1733 3468 1800 3510 ex
1854 3461 1968 3510 toto
2015 3454 2194 3511 'corde
2248 3457 2593 3527 poenituerint
2658 3468 2712 3516 ct
2763 3466 3070 3534 rogaverint
3124 3468 3176 3523 in
3247 3469 3552 3534 Ecclesiam

242 3560 449 3619 debent
486 3555 712 3623 interius
746 3551 948 3623 suscipi
985 3560 1040 3606 et
1067 3548 1121 3604 in
1162 3549 1273 3620 ipsa
1303 3547 1529 3603 Domino
1550 3545 1839 3615 reservari,
1885 3546 2001 3618 qui,
2032 3547 2100 3603 ad
2130 3547 2427 3604 Ecclesiam
2481 3566 2631 3606 suam
2663 3562 2919 3611 venturus
2939 3599 2953 3626 ,
2987 3558 3183 3629 decillis
3210 3564 3393 3635 utique
3420 3581 3557 3637 quos

250 3657 306 3714 in
346 3673 411 3713 ea
450 3658 593 3712 intus
633 3648 927 3718 invenerit,
956 3646 1236 3732 iudicabit.
1269 3646 1542 3717 Apostatre
1578 3658 1705 3699 vero
1745 3651 1801 3698 et
1831 3640 2139 3699 desertores
2167 3649 2223 3699 et
2264 3643 2561 3699 adversarii
2606 3656 2660 3701 et
2700 3647 2883 3704 hostes
2932 3659 2987 3706 et
3030 3648 3228 3709 Christi
3256 3654 3558 3719 Ecclesiam
3648 3652 3673 3677 '

242 3754 606 3826 dissipantes,
657 3767 760 3810 nec
802 3751 851 3808 si
898 3748 1062 3807 occisi
1112 3763 1207 3818 pro
1250 3744 1468 3802 nomine
1496 3740 1726 3808 iuerint,
1770 3738 1983 3797 admitti
2024 3737 2320 3794 secundum
2349 3740 2669 3810 Apostolum
2702 3753 2927 3812 possunt
2954 3744 3021 3801 ad
3051 3747 3304 3806 Ecclesia:
3345 3767 3558 3823 pacem,

246 3847 463 3921 quando
514 3861 613 3904 nec
646 3845 879 3916 Spiritus
933 3856 1035 3911 nec
1082 3838 1342 3899 Ecclesia:
1390 3841 1678 3903 tenuerunt
1720 3833 2001 3887 unitatem.
2032 3848 2052 3884 ι
2109 3829 2302 3897 Merito
2344 3841 2506 3905 negat
2552 3831 2855 3906 Cyprianus
2898 3840 3307 3916 exontologesin
3356 3862 3475 3917 qua:
3504 3848 3559 3905 in

246 3938 351 3997 bac
375 3940 482 3995 vita
526 3937 918 4011 pratscribitur,
972 3934 1026 3989 in
1052 3931 1219 3997 altera
1254 3928 1435 4002 perlici
1480 3942 1661 4001 posse.
1707 3924 1814 3987 Sed
1868 3925 2208 3998 perspicuum
2259 3932 2342 3981 est
2371 3924 2437 3981 ab
2469 3941 2535 3981 eo
2578 3930 2794 3999 agnosci
2847 3931 3232 4005 indulgentiam
3273 3942 3560 4011 quamdam

251 4042 307 4089 et
349 4046 570 4103 pacem,
609 4045 729 4102 quae
771 4025 1129 4084 schismaticis
1174 4032 1229 4079 et
1276 4021 1544 4077 haereticis
1585 4029 1737 4075 extra
1783 4018 2077 4074 Ecclesiam
2131 4020 2388 4087 mortuis,
2432 4020 2644 4076 etiarnsi
2697 4038 2795 4093 pro
2840 4028 3057 4084 nomine
3101 4029 3268 4088 occisi
3322 4034 3556 4112 fuerint,

252 4123 514 4197 pneclusa
542 4131 599 4185 et
634 4122 932 4193 denegata,
969 4118 1090 4183 aliis
1140 4117 1192 4175 in
1222 4115 1465 4175 Ecclesia
1506 4113 1734 4181 mortuis
1784 4121 1838 4168 et
1865 4113 1919 4168 iu
1960 4113 2250 4169 adventum
2299 4115 2510 4171 Domini
2539 4120 2828 4176 reservatis
2853 4123 3203 4183 concedetur.

322 4218 408 4277 Ex
446 4216 533 4277 bis
576 4226 721 4289 patet
761 4212 1195 4281 communionem
1227 4209 1375 4266 illam
1435 4222 1595 4287 quam
1625 4206 1866 4262 Ecclesia
1911 4205 2172 4262 catholica
2209 4222 2333 4263 cum
2377 4209 2576 4266 sanctis
2636 4222 2692 4267 et
2740 4216 3063 4287 martyribus
3117 4227 3172 4275 et
3231 4236 3351 4277 cum
3395 4204 3557 4295 justls

251 4304 619 4385 ante-plenam
667 4311 1035 4387 penitentiam
1067 4307 1292 4375 mortuis
1336 4304 1511 4373 l‘ovet,
1567 4318 1674 4360 non
1717 4318 1915 4360 novum
1945 4318 2067 4360 esse
2095 4315 2492 4374 commentum,
2524 4308 2621 4364 sed
2667 4308 2860 4379 dogma
2900 4312 3087 4382 primis
3129 4316 3344 4374 sarculis
3374 4331 3561 4380 notum

254 4416 311 4464 ει
337 4406 623 4467 creditum,
663 4405 775 4465 Nec
815 4405 1016 4467 mirum
1040 4403 1083 4458 si
1111 4402 1228 4461 inec
1266 4398 1573 4455 communio
1617 4397 1701 4451 bis
1731 4412 1835 4452 non
1878 4396 2054 4467 placet
2080 4398 2170 4468 qui
2200 4398 2268 4454 ab
2314 4400 2516 4457 unitate
2558 4399 2817 4460 Ecclesia:
2874 4405 3273 4479 discesserunt;
3325 4414 3418 4470 sed
3450 4417 3562 4491 Cy-

257 4502 508 4574 prianus,
551 4498 708 4570 cuius
752 4498 893 4563 inter
919 4496 1217 4567 praecipuas
1246 4494 1470 4548 virtutes
1494 4490 1687 4547 enituit
1715 4489 1933 4545 unitatis
1962 4505 2150 4567 amor,
2187 4502 2381 4562 praeter
2408 4508 2470 4547 ea
2511 4510 2630 4565 qua:
2662 4495 2730 4551 ab
2761 4497 2850 4553 illo
2879 4499 2931 4554 in
2963 4498 3224 4560 honorem
3260 4489 3561 4583 martyrum

255 4596 474 4653 decreta
501 4592 819 4659 retulimus,
864 4589 1076 4653 duobus
1101 4588 1223 4644 aliis
1267 4588 1320 4651 in
1367 4586 1500 4642 locis
1547 4595 1773 4649 testatur
1808 4599 1971 4655 quam
2011 4594 2159 4640 arcta
2205 4586 2502 4644 intercedat
2545 4589 2802 4647 Ecclesiae
2837 4599 3087 4665 praesenti
3114 4615 3236 4656 cum
3279 4607 3480 4662 sanctis
3506 4618 3562 4666 ει

259 4686 585 4759 martyribus
623 4681 982 4747 necessitudo.
1035 4680 1250 4739 Primus
1300 4685 1476 4743 exstat
1521 4677 1573 4733 in
1604 4676 1742 4735 libro
1780 4676 1843 4731 de
1875 4675 2014 4731 Hab.
2051 4675 2220 4753 Virg.,
2268 4694 2429 4751 quem
2471 4681 2550 4737 sic
2594 4685 2867 4743 concludit
2914 4689 3247 4763 Cyprianus:
3287 4717 3306 4751 ‹
3331 4698 3561 4760 Tantum

248 4786 742 4849 ,tnetnentotetunc
788 4775 958 4835 nostri
1010 4790 1133 4841 cum
1179 4772 1399 4844 incipiet
1429 4772 1682 4867 in_vobis
1734 4770 2013 4844 virginitas
2045 4771 2319 4828 honorari.
2348 4793 2367 4827 ι
2423 4776 2667 4833 Alterum
2717 4782 3082 4842 testimonium
3146 4790 3339 4863 legitur
3368 4794 3421 4849 in
3459 4797 3561 4867 Ep.

246 4888 367 4939 ult
394 4870 462 4927 ad
491 4870 802 4942 Cornelium,
845 4883 1006 4941 quem
1048 4868 1129 4927 sic
1154 4866 1445 4937 alloquitur
1481 4860 1782 4936 Cyprianus
1819 4880 1833 4918 :
1872 4882 1891 4916 ι
1922 4863 2188 4922 Memores
2220 4869 2389 4924 nostri
2417 4869 2644 4927 invicem
2675 4874 2873 4945 simus,
2916 4860 3221 4939 concordes
3237 4894 3397 4958 atque
3432 4860 3565 4946 una-

264 4965 456 5033 nimes,
503 4963 783 5045 utrobique
811 4977 910 5034 pro
939 4960 1095 5018 nobis
1122 4974 1338 5032 semper
1387 4972 1632 5024 oremus,
1678 4972 1960 5057 pressurus
1988 4967 2043 5014 et
2070 4962 2346 5057 angustias
2372 4974 2551 5021 mutua
2592 4967 2854 5043 charitate
2904 4974 3242 5049 relevemus,
3290 4990 3343 5037 et
3370 4983 3415 5038 si
3441 4985 3563 5057 quis

250 5060 420 5127 istinc
461 5067 699 5123 nostrum
746 5057 892 5128 prior
929 5056 1126 5117 divina:
1172 5052 1496 5126 dignationis
1528 5052 1804 5109 celeritate
1835 5053 2207 5151 praecesserit,
2256 5070 2565 5126 perseveret
2602 5061 2743 5131 apud
2793 5059 3081 5124 Dominum
3112 5080 3291 5128 nostra
3320 5052 3563 5151 dilectio,

263 5168 361 5224 pro
404 5149 663 5207 fratribus
701 5157 757 5206 et
808 5149 1086 5207 sororibus
1134 5147 1333 5204 nostris
1370 5144 1512 5227 apud
1553 5144 1976 5201 misericordiam
2040 5146 2212 5202 Patris
2260 5163 2369 5205 non
2416 5163 2596 5209 cesset
2643 5157 2835 5213 oratio.
2864 5177 2882 5211 ›
2947 5160 3167 5220 Frustra
3216 5163 3333 5223 [nec
3390 5144 3567 5228 ράίιοί-

265 5243 587 5311 Ortoniensis
629 5240 851 5298 eludere
898 5248 1142 5297 conatur.
1172 5239 1547 5312 Virginitatem
1575 5242 1650 5294 ait
1689 5239 1930 5311 incipere
1982 5238 2233 5297 honorari
2288 5257 2408 5300 cum
2440 5245 2507 5301 ad
2556 5249 2911 5321 confessionis
2962 5255 3125 5313 decus
3155 5263 3435 5332 pervenit;
3468 5267 3567 5326 sed

248 5336 563 5411 Cyprianus
605 5334 842 5407 virgines
886 5350 1075 5393 omnes
1119 5332 1413 5406 generatim
1465 5332 1788 5404 alloquitur,
1845 5346 1952 5388 non
1976 5335 2147 5433 “solas
2173 5348 2472 5411 martyres,
2529 5358 2628 5400 nec
2673 5346 2899 5419 proinde
2948 5353 3187 5423 martyrii
3225 5355 3319 5413 sed
3351 5356 3571 5433 virgini-

250 5432 390 5499 ⁸ιειιίε
419 5446 677 5497 coronam
707 5429 928 5489 indicat.
961 5430 1202 5495 Alterum
1234 5428 1414 5507 locum
1439 5426 1519 5487 sic
1543 5427 1933 5497 interpretatur
1973 5424 2183 5497 Fellus,
2241 5433 2395 5502 quasi
2443 5431 2761 5507 Cyprianus
2795 5456 2916 5499 cum
2971 5443 3223 5504 Cornelio
3265 5424 3568 5525 paciscatur

272 5544 292 5579 ί
314 5534 371 5582 ut
396 5526 442 5585 is
471 5525 562 5597 qui
608 5534 879 5609 sumi-stes
922 5521 1108 5590 fuerit,
1155 5523 1241 5591 cui
1273 5522 1326 5578 in
1356 5521 1490 5595 vivis
1538 5521 1737 5579 diutius
1776 5536 1898 5579 esse
1927 5523 2246 5595 contigerit,
2296 5531 2502 5598 precari
2529 5545 2737 5605 pergat.
2764 5556 2784 5590 ι
2820 5539 2888 5594 At
2916 5539 3198 5600 manifesta
3227 5521 3311 5602 est
3348 5551 3567 5609 cavilla-

268 5621 370 5688 tio;
421 5636 530 5676 non
581 5603 733 5676 enim.
771 5619 875 5675 hoc
918 5616 1177 5691 precandi
1213 5630 1409 5673 munus
1452 5615 1499 5670 ei
1530 5615 1873 5672 commendat
1902 5616 2233 5690 Cyprianus,
2265 5625 2354 5695 qui
2403 5603 2678 5696 superstes
2721 5629 2899 5700 fuerit,
2950 5637 3043 5693 sed
3073 5641 3161 5710 qui
3198 5660 3217 5693 ‹
3240 5644 3390 5714 prior
3419 5662 3563 5719 prte-

248 5713 555 5771 .cesserit.t
606 5712 714 5771 Sed
756 5711 947 5775 ,Fellus
975 5727 1042 5773 ex
1097 5719 1279 5779 nostra
1336 5708 1780 5791 interpretatione
1825 5714 2079 5785 consequi
2128 5727 2325 5795 negat,
2380 5729 2437 5775 ut
2482 5734 2697 5779 sanctos
2729 5724 2886 5787 liccat
2939 5708 3166 5799 precari.
3226 5708 3565 5804 iterum-non
3618 5726 3631 5739 ’

249 5809 644 5875 animadvertit
681 5825 838 5881 quam
873 5810 987 5865 haec
1014 5816 1159 5879 arcte
1184 5808 1489 5864 cohmreant
1516 5816 1638 5871 cum
1666 5807 1848 5879 invoca

1971 5827 2003 5869 e
2037 5824 2381 5884 sanctorum,
2431 5834 2550 5891 qua:
2599 5820 2642 5877 si
2675 5822 2865 5893 priscis
2901 5830 3109 5891 srcculis
3158 5831 3328 5892 instar
3373 5852 3566 5909 supera

262 5903 497 5971 stitionis
524 5900 738 5967 Christo
779 5901 1046 5979 iniuriosa:
1097 5902 1275 5973 habita
1307 5901 1531 5974 inisset,
1589 5902 1673 5960 vel
1729 5904 1904 5977 potius
1935 5907 2121 5967 sinon
2175 5911 2430 5988 viguisset
2482 5914 2538 5972 in
2579 5926 2687 5975 tota
2725 5918 3005 5997 Ecclesia,
3060 5937 3117 5986 ut
3165 5944 3283 6003 eam
3328 5900 3565 6019 νίεάίεες
