4050 6432
227 388 301 449 75
1434 414 1437 421 ’
1475 390 1639 448 VITA
1683 389 1929 448 SANCTI
1965 388 2310 448 CYPRIANI.
3476 392 3547 450 74

230 502 455 574 prianus
483 501 767 560 Dominum
798 502 1173 560 advenientem
1201 515 1422 560 sanasse
1456 524 1474 558 ι
1508 505 1594 560 illa
1634 520 1754 576 qua:
1787 504 1956 560 Adam
1983 513 2295 576 portaverat
2337 502 2554 560 vulnera
2578 543 2595 571 ,
2640 511 2695 559 et
2726 517 2927 560 venena
2966 505 3235 575 serpentis
3274 506 3489 578 antiqua
3520 526 3541 559 ι

229 609 450 677 curasse
478 594 552 665 (p.
586 592 737 665 257).
768 594 904 651 Hinc
934 595 1262 666 Baptismum
1290 597 1539 652 omnibus
1564 589 1784 654 omnino
1804 598 2166 655 necessarium
2197 613 2318 655 esse
2342 598 2597 655 credebat
2629 617 2643 654 :
2690 617 2708 651 ι
2742 598 2945 655 Omnes
2987 599 3204 671 quidem
3241 618 3259 652 ι
3295 600 3465 671 inquit
3491 601 3549 655 in

230 688 369 746 libro
398 690 461 745 de
489 689 665 745 flabit.
696 692 823 763 virg.
849 689 926 763 (p.
952 689 1101 762 180),
1144 710 1163 744 ι
1199 690 1289 763 qui
1320 693 1383 745 ad
1411 692 1647 747 divimun
1673 693 1940 747 lavacrum
1970 692 2224 763 Baptismi
2264 692 2688 749 sanctiﬁcatione
2721 692 3057 764 perveniunt,
3114 692 3389 748 hominem
3432 692 3545 746 illic

230 789 472 839 veterem
500 786 667 855 gratia
698 783 895 841 lavacri
922 785 1171 842 salutaris
1194 796 1503 856 exponunt,
1531 797 1584 843 et
1629 788 1866 842 innovati
1890 788 2090 858 Spiritu
2112 798 2301 844 sancto
2338 803 2367 842 a
2412 787 2661 844 sordibus
2702 787 3041 859 contagionis
3082 787 3316 859 antiqua:
3359 787 3552 841 iterata

233 874 508 930 nativitate
536 885 845 949 purgantur.
879 897 898 929 ι
926 876 1188 948 Inprimis
1214 887 1393 933 autem
1424 879 1748 936 catholicum
1772 881 1963 952 dogma
1988 880 2291 937 defenditur
2317 883 2369 937 in
2402 881 2660 953 Epistola,
2700 898 2788 937 th
2816 896 2976 954 quam
3018 897 3123 937 nou
3152 882 3297 936 solus
3323 879 3551 951 Cypria-

234 984 357 1037 nus,
388 968 483 1025 sed
508 980 561 1025 et
584 970 765 1026 cteteri
790 971 1010 1042 collega:
1034 972 1121 1042 qui
1151 973 1202 1027 in
1229 974 1455 1028 concilio
1494 973 1778 1029 adfuerunt
1808 990 2032 1031 numero
2071 974 2141 1031 66
2174 974 2242 1030 ad
2289 974 2481 1030 Fidum
2525 989 2811 1043 scripsere.
2855 973 2908 1029 ls
2929 974 3114 1031 nescio
3137 988 3243 1044 quo
3286 970 3555 1043 opinionis

234 1077 421 1119 errore
447 1062 549 1118 sibi
575 1062 803 1119 ﬁnxerat
833 1062 1063 1120 infantes
1095 1084 1114 1117 ι
1148 1065 1287 1120 intra
1318 1065 1613 1122 secundum
1648 1066 1731 1123 vel
1766 1068 1979 1123 tertium
2008 1068 2148 1124 diem
2175 1083 2279 1139 quo
2306 1068 2416 1123 uati
2443 1078 2566 1123 sunt
2610 1068 2931 1124 constitutos
2975 1068 3231 1139 baptizari
3263 1081 3367 1121 non
3398 1080 3561 1135 epor-

236 1165 370 1222 tere,
389 1167 444 1213 et
466 1157 908 1215 considerandam
939 1173 1060 1216 esse
1089 1160 1262 1231 legem
1289 1161 1715 1217 circumcisionis
1742 1162 1995 1231 antiqum,
2024 1170 2079 1217 ut
2112 1148 2248 1217 intra
2280 1170 2526 1218 octavum
2556 1162 2697 1218 diem
2728 1177 2848 1217 eum
2881 1162 2970 1233 qui
2999 1170 3155 1217 natus
3180 1171 3262 1215 est
3289 1160 3567 1229 baptizan-

238 1248 364 1306 dum
390 1260 445 1307 et
473 1250 912 1308 sanctificandum
941 1268 1048 1309 non
1078 1262 1311 1323 putaret.
1357 1278 1373 1306 ι
1408 1253 1590 1326 Longe
1614 1253 1760 1309 aliud
1804 1254 1856 1309 iu
1886 1255 2116 1310 concilio
2142 1256 2388 1311 omnibus
2431 1255 2602 1311 visum
2636 1265 2719 1311 est
2746 1298 2759 1318 ,
2807 1270 2870 1311 ac
2910 1253 3143 1311 universi
3185 1250 3565 1324 judicaverunt

245 1364 265 1397 ι
303 1347 426 1401 nulli
456 1346 651 1403 homini
683 1356 809 1405 nato
830 1347 1249 1404 misericordiam
1280 1348 1370 1404 Dei
1404 1357 1457 1404 et
1494 1348 1719 1420 gratiam
1742 1346 2134 1418 denegandam.
2177 1349 2346 1405 Porro
2384 1358 2584 1417 autem,
2628 1348 2894 1421 inquiunt,
2936 1348 2981 1405 si
3022 1349 3183 1403 etiam
3223 1343 3566 1417 gravissimis

238 1435 590 1495 delictorihus
617 1450 671 1496 et
700 1440 753 1495 in
788 1441 956 1497 Deum
989 1442 1214 1498 multum
1243 1449 1367 1496 ante
1396 1442 1740 1511 peccantibus
1781 1442 2006 1498 remissa
2057 1452 2395 1512 peccatorum
2444 1444 2620 1512 datur,
2674 1452 2727 1499 et
2771 1459 2801 1498 a
2833 1442 3106 1513 Baptismo
3156 1450 3315 1511 atque
3340 1456 3366 1494 a
3395 1438 3565 1511 gratia

239 1547 397 1588 nemo
427 1534 757 1605 prohibetur,
773 1546 975 1607 quanto
1004 1535 1175 1607 magis
1197 1534 1470 1608 prohiberi
1487 1550 1592 1590 non
1611 1534 1771 1591 debet
1798 1534 1992 1604 infans,
2010 1535 2099 1607 qui
2123 1550 2312 1592 recens
2333 1544 2488 1592 natus
2510 1535 2640 1590 nihil
2667 1533 2926 1607 peccavit,
2960 1533 3060 1588 nisi
3088 1530 3251 1604 quod,
3271 1531 3569 1587 secundum

239 1626 408 1683 Adam
447 1630 735 1686 cirnaliter
773 1639 948 1695 natus.
994 1630 1302 1702 contagium
1342 1628 1531 1683 mortis
1569 1628 1803 1698 antiquae
1840 1628 2012 1698 prima
2052 1628 2331 1684 nativitate
2367 1627 2669 1695 contraxit,
2694 1628 2782 1698 qui
2812 1625 2877 1681 ad
2910 1625 3191 1681 remissam
3220 1631 3569 1696 peccatorum

237 1723 603 1793 accipiendam
631 1722 879 1796 hocipso
916 1723 1124 1782 facilius
1149 1723 1360 1780 accedit
1393 1722 1536 1795 quod
1564 1722 1639 1777 illi
1665 1721 2011 1778 remittuntur
2072 1737 2177 1777 non
2228 1722 2440 1793 propria
2493 1721 2587 1776 sed
2636 1719 2806 1775 aliena
2859 1706 3097 1789 peccata.
3153 1736 3172 1770 ι
3228 1716 3428 1773 Contra
3474 1729 3568 1769 su-

237 1819 403 1889 perba
424 1818 828 1890 Pelagianorum
852 1828 1177 1887 commenta,
1203 1818 1362 1874 docet
1380 1816 1683 1888 Cyprianus
1711 1814 1949 1885 pluribus
1978 1813 2109 1870 locis
2140 1828 2239 1869 nos
2264 1811 2502 1885 quotidie
2530 1826 2775 1882 peccare,
2806 1818 2863 1866 ut
2892 1809 2946 1865 in
2973 1808 3126 1865 libris
3146 1807 3210 1863 de
3238 1806 3384 1862 Orat.
3408 1806 3568 1864 Dom.

240 1924 294 1982 p.
325 1909 429 1966 2H
459 1926 473 1978 ;
502 1912 564 1965 de
592 1910 759 1983 Opere
787 1921 834 1966 et
864 1910 1229 1982 Eleemosynis,
1261 1926 1349 1982 pp.
1379 1909 1487 1965 258
1514 1918 1569 1965 et
1596 1908 1705 1963 2&5
1725 1950 1738 1975 ,
1767 1918 1823 1964 et
1849 1908 1886 1963 Ι.
1910 1924 1989 1963 tu.
2022 1906 2236 1963 Testim.
2258 1949 2272 1971 ,
2299 1921 2353 1977 p.
2381 1905 2471 1962 54.
3256 1892 3275 1899 ’

310 2000 507 2059 Christi
535 2005 759 2074 gratiam
790 1999 1087 2062 innumeris
1115 2006 1167 2060 in
1200 2006 1332 2060 locis
1358 2003 1586 2060 mirifice
1610 2002 1952 2059 commendat
1973 2001 2297 2075 Cyprianus,
2324 1999 2436 2072 qui,
2465 2015 2586 2057 cum
2608 1999 2784 2055 adhuc
2814 1999 2864 2055 in
2899 1998 3133 2056 tenebris
3162 2008 3217 2054 et
3242 2006 3400 2053 nocte
3420 2012 3567 2052 cmca

236 2097 443 2169 jacerct
464 2140 478 2164 ,
507 2098 617 2154 fieri
660 2113 766 2154 non
796 2114 953 2171 posse
978 2098 1231 2155 credebat
1256 2100 1397 2171 quod
1424 2100 1716 2156 Christiani
1743 2099 2009 2156 docebant
2032 2141 2047 2163 ,
2083 2117 2101 2150 ι
2142 2107 2200 2153 ιιι
2243 2100 2361 2169 quis
2390 2098 2601 2153 renasci
2632 2096 2809 2152 denuo
2842 2103 3044 2166 posset,
3070 2102 3257 2165 utque,
3293 2092 3344 2147 in
3375 2105 3569 2146 novam

240 2194 401 2248 vitam
430 2193 642 2251 lavacro
664 2211 816 2265 aqua:
843 2196 1088 2252 salutaris
1106 2196 1390 2263 animatus,
1421 2197 1563 2268 quod
1595 2198 1742 2269 prius
1772 2196 1944 2267 fuerat
1967 2205 2281 2267 exponeret,
2334 2204 2409 2264 et,
2457 2194 2699 2265 corporis
2723 2193 2846 2247 licet
2875 2197 3130 2245 manente
3156 2202 3437 2259 compage,
3468 2186 3572 2240 bo-

242 2285 443 2342 minem
471 2288 651 2342 animo
679 2303 743 2343 ac
780 2299 959 2345 mente
986 2299 1217 2344 mutaret
1248 2288 1267 2360 (
1298 2289 1398 2360 Ep.
1447 2289 1514 2343 ad
1542 2287 1741 2345 Donat.
1769 2289 1809 2361 ).
1854 2309 1873 2343 ι
1908 2289 2016 2346 Sed
2047 2290 2190 2346 hunc
2213 2303 2454 2345 errorem
2501 2287 2660 2343 simul
2704 2302 2827 2342 cum
2861 2284 2982 2340 aliis
3016 2283 3158 2337 vitiis
3204 2288 3261 2338 et
3302 2279 3578 2336 erroribus

242 2377 506 2448 deposuit,
548 2389 601 2435 et
628 2379 827 2438 Christi
858 2382 1081 2453 gratiam
1104 2397 1170 2438 eo
1192 2382 1446 2438 libentius
1499 2382 1753 2453 deinceps
1804 2382 2138 2453 praedicavit,
2171 2397 2279 2453 quo
2323 2382 2646 2453 pertinacius
2675 2381 2955 2450 reiecerat.
2990 2376 3169 2433 Vitleri
3204 2381 3431 2446 possunt
3454 2388 3577 2444 qua:

242 2474 296 2531 in
324 2474 462 2533 hanc
486 2481 804 2535 sententiam
824 2480 1036 2536 disserit
1054 2481 1105 2536 iu
1126 2480 1360 2552 Epistola
1383 2481 1451 2535 ad
1474 2480 1754 2536 Donatum.
1785 2481 1987 2537 Probat
2016 2482 2069 2536 in
2097 2481 2315 2538 Exltort.
2348 2490 2497 2535 mart.
2534 2479 2611 2551 (p.
2640 2476 2785 2549 167),
2805 2493 2872 2532 ex
2904 2473 3143 2546 pluribus
3155 2470 3446 2540 Scriptum:
3464 2479 3576 2523 tes-

245 2567 481 2631 timoniis
512 2590 531 2623 ι
566 2571 828 2629 timendas
851 2590 955 2631 non
983 2590 1103 2631 esse
1126 2574 1346 2644 injurias
1373 2583 1424 2630 et
1444 2589 1628 2646 poenas
1655 2576 2109 2646 persecutionum,
2128 2576 2250 2645 quia
2278 2575 2449 2645 major
2475 2584 2558 2630 est
2590 2572 2847 2627 Dominus
2888 2568 2957 2625 ad
2985 2563 3368 2638 protegendum
3414 2577 3579 2633 quam

243 2660 491 2718 diabolus
515 2662 581 2719 ad
612 2665 1052 2738 impugnandum.
1084 2685 1103 2717 ι
1140 2665 1263 2721 Vid.
1322 2682 1410 2737 pp.
1461 2665 1590 2733 262,
1642 2666 1750 2722 268
1780 2710 1795 2735 ,
1826 2666 1953 2723 275.
1983 2667 2042 2722 lu
2067 2668 2163 2736 Ep.
2214 2683 2268 2722 ιχ
2307 2675 2572 2737 martyres
2610 2663 2856 2719 hortatur
2885 2659 2951 2716 ad
2980 2657 3359 2723 con‘smutiam,
3398 2675 3415 2706 ι
3453 2655 3579 2727 quia

244 2757 411 2830 major
434 2767 506 2813 est
536 2758 698 2829 quiin
735 2759 877 2814 nobis
907 2776 1059 2830 quam
1105 2760 1192 2829 qui
1241 2758 1295 2813 in
1340 2760 1432 2813 hoc
1463 2758 1674 2824 nmndo,
1706 2774 1808 2814 nec
1834 2759 1955 2831 plus
1981 2758 2048 2814 ad
2086 2757 2445 2829 dejiciendum
2488 2764 2669 2827 potest
2716 2764 2927 2810 terrena
2973 2765 3129 2823 pteua
3172 2764 3329 2817 quam
3383 2746 3449 2801 ad
3478 2746 3588 2801 eri.

244 2849 477 2921 gendum
508 2850 668 2905 tutela
691 2848 890 2905 divina.
923 2871 941 2903 ι
973 2850 1133 2906 Plura
1160 2850 1282 2907 vide
1324 2851 1374 2906 in
1402 2851 1587 2907 eadem
1609 2852 1835 2922 epistola
1874 2860 1927 2907 et
1967 2852 2017 2906 in
2060 2851 2160 2922 Ep.
2191 2866 2259 2906 Lv
2289 2851 2368 2922 (p.
2415 2848 2526 2922 88).
2553 2848 2670 2904 Huc
2730 2844 2920 2903 referri
2962 2851 3185 2916 possunt
3213 2840 3436 2911 plurima
3473 2840 3583 2895 alia

245 2943 503 3016 Cypriani
533 2943 790 3015 principia
815 2962 830 3013 ;
860 2945 1002 3000 velut
1024 2960 1146 3000 cum
1175 2944 1332 3001 docet
1360 2946 1641 3000 victoriam
1671 2960 1702 3000 a
1732 2946 1841 3001 Deo
1868 2944 1982 3001 dari
2012 2943 2089 3017 (p.
2122 2943 2232 3012 79);
2278 2944 2447 2999 Deum
2495 2943 2728 2997 victores
2756 2955 2851 2996 sua
2878 2937 3183 3009 dignatione
3208 2932 3385 2988 facere
3409 2931 3574 3005 (l62,

245 3035 419 3105 285);
455 3036 620 3092 Deum
662 3052 1008 3094 renumerare
1054 3038 1106 3092 in
1160 3038 1314 3093 nobis
1340 3037 1596 3110 quidquid
1630 3037 1745 3108 ipse
1772 3037 2039 3109 prmSIitit,
2072 3036 2336 3093 honorare
2374 3036 2516 3108 quod
2545 3036 2660 3106 ipse
2688 3034 2809 3089 fecit
2830 3029 3007 3107 (H39);
3036 3039 3276 3085 nostrum
3303 3026 3436 3081 nihil
3461 3040 3586 3081 esse

249 3126 427 3199 (305);
456 3129 724 3183 neminem
752 3128 852 3183 sibi
880 3129 1165 3202 quidquam
1194 3144 1471 3185 assumere
1496 3129 1695 3185 debere
1726 3127 1899 3203 (212);
1927 3139 2095 3185 totum
2129 3130 2237 3185 Deo
2264 3128 2500 3186 dandum
2537 3127 2745 3202 (Ibid.).
2782 3122 3125 3181 Evolvendus
3157 3124 3207 3177 in
3239 3119 3424 3192 primis
3446 3119 3584 3174 liber

249 3221 313 3276 de
345 3220 491 3276 Orat.
527 3219 707 3291 Dom.,
741 3221 832 3278 ubi
858 3222 1016 3279 docet
1043 3223 1305 3279 orandum
1337 3233 1394 3280 ut
1432 3224 1518 3279 fiat
1559 3216 1610 3280 in
1650 3224 1807 3281 nobis
1841 3225 2087 3280 voluntas
2121 3223 2235 3291 Dei,
2267 3232 2326 3278 ut
2357 3222 2451 3278 Dei
2479 3222 2724 3277 voluntas
2751 3219 2844 3275 flat
2874 3220 2928 3273 iu
2954 3231 3182 3288 corpore
3206 3225 3260 3272 et
3280 3213 3493 3285 Spit’iltl,
3522 3220 3584 3267 ut

249 3311 427 3369 facere
452 3314 721 3385 possimus
763 3314 905 3385 quod
938 3316 1081 3372 Deus
1116 3317 1271 3384 vult;
1310 3327 1365 3372 ut
1391 3317 1443 3372 iu
1482 3317 1588 3373 illis
1617 3332 1726 3374 non
1752 3318 2101 3375 credentibus
2129 3318 2223 3373 fiat
2248 3316 2494 3373 voluntas
2524 3316 2658 3383 Dei,
2697 3310 3144 3386 quemadmodum
3191 3311 3244 3364 in
3288 3308 3444 3363 nobis
3490 3322 3586 3378 per

254 3406 420 3464 fidem
449 3417 688 3464 nostram
716 3409 958 3465 voluntas
982 3410 1077 3467 Dei
1107 3409 1245 3467 facta
1269 3419 1373 3479 est;
1402 3426 1537 3482 opus
1557 3411 1700 3468 enim
1723 3428 1844 3469 esse
1868 3412 1961 3469 Dei
1989 3412 2263 3468 voluntate
2293 3419 2351 3466 ut
2378 3410 2431 3464 in
2473 3407 2628 3464 nobis
2681 3406 2774 3461 fiat
2819 3406 3067 3462 voluntas
3114 3403 3205 3457 Dei
3237 3417 3251 3469 ;
3293 3409 3352 3455 ut
3393 3399 3482 3470 qui
3528 3399 3585 3453 in

250 3501 528 3574 Baptismo
548 3504 863 3560 sanctificati
888 3519 1094 3575 sumus,
1122 3505 1175 3561 in
1201 3521 1267 3562 eo
1294 3505 1436 3577 quod
1463 3521 1584 3563 esse
1609 3506 1870 3579 coepimus
1896 3519 2344 3579 perseveremus;
2372 3512 2433 3559 ut
2452 3498 2801 3559 sanctificatio
2823 3507 2878 3555 et
2912 3495 3197 3553 vivificatio
3232 3508 3353 3561 qua:
3378 3491 3446 3548 de
3478 3488 3574 3548 Dei

255 3597 426 3669 gratia
453 3597 703 3665 sumitur,
731 3598 898 3669 ipsius
920 3599 1246 3671 perfectione
1274 3604 1539 3657 servetur.

1483 3990 1536 4052 Θ
1679 3956 2161 4107 VITA

853 4260 1734 4429 SANCTI
1837 4250 2979 4427 CYPRIANI
3012 4376 3065 4441 ,

536 4617 831 4697 CURA
898 4580 1006 4694 νζ
1054 4618 1674 4740 ΡΒΠΒΕΝᾘΙ
1717 4614 2132 4746 ᾈΑΒΑΝ

1717 4614 2132 4746 ᾈΑΒΑΝ
2182 4615 2286 4693 Ο.
2339 4615 2432 4695 S.
2493 4616 2596 4690 B.
2633 4607 3293 4699 ADORNATA.

860 4833 1866 4880 -——-————-====;

1942 4833 2952 4878 Wa

336 5022 566 5085 Macztmt
612 5027 921 5084 christiantn
986 5024 1262 5099 religionis
1303 5024 1479 5080 lumen
1522 5018 1861 5094 Cyprianus,
1977 5016 2313 5088 prepositum
2360 5015 2440 5071 sic
2485 5014 2554 5072 de
2613 5012 2870 5088 Cypriani
2920 5012 3084 5071 rebus
3131 5011 3433 5078 disserere,
3475 5008 3572 5069 sed

265 5122 527 5193 quamdiu
572 5123 626 5179 in
654 5122 895 5181 Ecclesia
926 5122 1131 5189 micuit,
1161 5136 1352 5194 magna
1376 5135 1499 5191 pars
1552 5115 1646 5170 fuit
1686 5128 1871 5171 earum
1985 5117 2188 5163 tantum
2212 5123 2304 5163 eas
2330 5106 2521 5164 ordine
2550 5107 2820 5179 explicare
2844 5148 2859 5173 ,
2896 5120 2961 5162 ac
3014 5106 3128 5177 ipsa
3172 5104 3332 5161 etiam
3383 5105 3580 5174 scripta

267 5228 447 5270 rerum
475 5230 596 5287 qute
620 5223 745 5271 tunc
764 5225 930 5287 gestae
957 5215 1190 5272 fuerunt.
1220 5214 1585 5284 Quamobrem
1613 5205 1871 5280 suppedi-
1984 5202 2315 5276 temporibus
2352 5211 2562 5258 notare.
2586 5200 2720 5258 Nam
2745 5244 2761 5271 ,
2808 5216 2929 5259 cum
2962 5200 3078 5257 hmc
3099 5198 3432 5281 elucubratio
3452 5213 3585 5253 con-

271 5314 346 5361 tat
394 5307 514 5377 ejus
557 5308 665 5363 vita
709 5308 1094 5378 amplissimam
1144 5306 1443 5364 disserendi
1489 5310 1751 5375 segetem,
1811 5313 1876 5355 ac
1978 5297 2164 5368 juncle
2201 5311 2322 5352 cum
2372 5296 2543 5353 sancti
2575 5295 2823 5369 Martyris
2860 5295 3075 5366 scriptis
3103 5292 3344 5365 prodeat.
3390 5307 3583 5349 neces-

271 5407 388 5456 toto
428 5400 705 5457 volumine
734 5414 869 5472 opus
896 5410 1041 5457 esset
1067 5400 1112 5456 si
1138 5415 1320 5456 rerum
1347 5398 1413 5454 ad
1453 5412 1577 5453 eum
1602 5394 1876 5469 pertinen-
1992 5390 2133 5446 saria
2166 5404 2275 5445 non
2292 5398 2377 5446 est
2401 5388 2701 5461 longiorum
2723 5387 3146 5444 testimoniorum
3169 5384 3588 5456 appositio,qua:

273 5495 410 5550 tium
436 5506 490 5552 et
518 5510 691 5568 genus
716 5504 771 5553 et
795 5494 987 5551 modos
1010 5493 1284 5564 persequi,
1317 5494 1362 5547 si
1392 5491 1534 5548 edita
1552 5487 1877 5560 singularum
1987 5483 2224 5555 quisque
2250 5491 2427 5554 potest
2464 5498 2528 5538 ex
2557 5482 2674 5555 ipso
2699 5481 2848 5540 fonte
2891 5479 3139 5545 haurire;
3190 5479 3457 5550 variisque
3481 5494 3590 5534 su—

280 5590 538 5645 virtutum
568 5590 817 5660 exempla
844 5588 1015 5644 oculis
1060 5586 1348 5657 subjicere,
1382 5584 1428 5641 si
1457 5582 1687 5640 eximios
1716 5578 1882 5635 animi
1992 5577 2387 5650 persedendum
2418 5574 2915 5641 observationibus,
2951 5588 3072 5645 qua:
3112 5572 3247 5629 forte
3272 5588 3379 5629 non
3408 5580 3593 5629 essent

271 5698 473 5741 sensus
514 5700 580 5740 ex
611 5684 854 5754 epistolis
888 5691 944 5739 et
996 5682 1121 5738 aliis
1164 5680 1402 5751 scriptis,
1436 5679 1489 5734 in
1518 5677 1712 5750 quibus
1739 5676 1881 5731 illius
1989 5671 2302 5729 omittendae
2327 5672 2371 5726 si
2401 5671 2459 5726 S.
2488 5668 2741 5742 Cypriani
2769 5668 2873 5723 vita
2902 5667 3190 5739 separatim
3217 5665 3284 5724 ab
3309 5664 3426 5738 ejus
3455 5678 3593 5759 ope:

262 5794 455 5843 mores
480 5778 711 5836 mirifice
739 5778 1101 5859 depinguntur
1147 5789 1341 5832 eruere
1386 5774 1741 5831 instituerem.
1772 5768 1878 5826 Sed
1989 5765 2147 5823 ribus
2172 5765 2226 5822 in
2249 5764 2422 5822 lucem
2450 5763 2721 5820 ederetur.

270 5887 382 5930 non
423 5882 509 5932 cst
543 5872 710 5946 hujus
740 5874 844 5930 loci
871 5870 1138 5945 ejusmodi
1170 5870 1532 5941 pertractatio,
1593 5882 1692 5925 nec
1751 5864 1883 5922 mihi

692 5968 753 6031 S.
798 5967 1133 6032 CvrnuNt.
1168 5967 1276 6030 IV.
2240 6040 2249 6044 _
3164 5950 3201 6014 3
