4050 6414
533 364 604 421 Ὶὸ
1781 348 1944 407 ἫΤΑ
1983 344 2110 404 SAN

2221 342 2229 403 Ι
2284 338 2628 402 CYPRIANI.
3805 331 3882 385 7G

533 509 574 564 Ι.
604 536 675 548 -
714 518 782 559 DE
811 516 858 558 8.
905 511 1166 557 οηιιυικο
1182 507 1391 552 NOSDUI
1420 503 1757 549 CHRISTIANO.
1806 516 1876 528 —-
1927 498 2132 541 MS'I'IN-

774 611 1013 654 GL'ENDUS
1040 609 1138 650 EST
1167 608 1196 648 Δ
1226 601 1488 647 CYPRIANO
1510 596 1863 642 ANTIOCBENO.

601 710 928 786 Cyprianum
959 710 1009 765 in
1038 707 1213 763 Africa
1262 714 1443 760 natum
1487 715 1608 757 esse
1648 711 1809 754 nemo
1856 693 2128 762 dissentit,

529 806 850 879 Carthagine
871 812 1043 861 ortum
1067 798 1387 858 Prudentius
1414 806 1465 852 et
1492 792 1684 852 Suidas
1714 787 2126 851 existimarunt;

528 902 625 961 sed
655 918 774 958 cum
797 899 855 957 S.
882 898 1082 970 Martyr
1109 893 1211 949 hoc
1248 888 1567 949 beneﬁcium
1618 881 1924 955 Carthagini
1972 895 2127 937 acce-

527 1012 675 1072 ptum
727 1010 833 1051 non
889 994 1106 1058 referat,
1176 985 1270 1043 sed
1330 996 1531 1040 tantum
1579 980 1722 1037 dicat
1766 976 1867 1048 Ep.
1919 990 2123 1032 xxxvi:

530 1070 550 1149 i
590 1092 689 1150 Ubi
714 1092 857 1147 enim
886 1087 1015 1143 mihi
1052 1094 1143 1140 aut
1187 1080 1381 1140 melius
1425 1077 1594 1152 possit
1627 1090 1747 1133 esse
1794 1081 1886 1128 aut
1928 1070 2120 1135 latius,

520 1205 682 1263 quam
712 1188 838 1253 illic,
873 1186 961 1242 ubi
993 1202 1079 1241 me
1108 1185 1249 1239 Deus
1276 1176 1497 1236 credere
1521 1172 1687 1227 voluit
1716 1176 1769 1224 ct
1802 1179 2066 1227 crescere,
2099 1182 2117 1215 ι

519 1257 622 1339 alia
646 1297 769 1339 eum
791 1279 959 1352 patria
987 1277 1195 1334 videtur
1237 1274 1289 1329 in
1315 1271 1489 1327 lucem
1512 1263 1793 1321 extulisse.
1824 1257 2123 1315 Vocabatur

518 1378 778 1436 Thascius
794 1350 1123 1449 Cyprianus,
1144 1375 1450 1443 utpatctex
1494 1359 1755 1417 sententia
1789 1350 2122 1449 proconsul-is

517 1483 573 1529 et
618 1472 792 1543 Epist.
833 1443 977 1525 iisut.
1052 1462 1352 1532 Quinetiam
1404 1456 1703 1513 adsciverat
1768 1449 1868 1504 sibi
1921 1443 2121 1502 Caecilii

518 1580 735 1631 nomen,
764 1572 898 1619 teste
924 1560 1270 1631 llieronymo,
1302 1561 1359 1609 ut
1385 1561 1593 1625 gratum
1622 1545 1859 1601 animum
1886 1548 1941 1596 et
1965 1551 2117 1593 amo-

516 1673 629 1713 rem
658 1656 1103 1728 inpresbyterum
1130 1630 1419 1711 Caecilium,
1446 1642 1602 1713 cujus
1653 1651 1813 1709 opera
1856 1633 1920 1689 ad
1953 1630 2115 1687 Chri-

514 1762 657 1811 stum
704 1762 997 1806 conversus
1024 1744 1218 1811 fuerat,
1256 1740 1358 1795 hoc
1403 1742 1751 1792 monumento
1803 1733 2109 1785 testaretur.

513 1846 737 1902 Pontius
766 1844 1045 1909 diaconus,
1078 1838 1165 1910 qui
1196 1833 1445 1909 Cypriani
1472 1830 1647 1887 Vitam
1677 1823 1910 1894 scripsit,
1930 1837 2017 1877 res
2045 1820 2112 1873 ab

511 1956 577 1996 co
602 1948 724 1995 ante
752 1933 1164 1993 conversionem
1192 1925 1371 2001 ges'tas
1401 1923 1577 1979 minus
1602 1920 1789 1990 dignas
1817 1930 1938 1971 esse
1964 1911 2109 1983 judi-

511 2032 653 2090 cavit
700 2046 833 2104 quas
884 2026 1073 2084 litteris
1105 2021 1403 2079 mandaret.
1444 2017 1628 2087 itaque
1672 2011 1787 2066 lucc
1816 2007 1957 2104 illius
1988 2005 2113 2059 vitm.

513 2142 639 2203 pars
666 2099 731 2180 inv
767 2122 1039 2178 oblivione
1078 2127 1134 2173 et
1180 2114 1416 2172 tenebris
1463 2111 1636 2182 jacet;
1678 2120 1778 2160 nec
1822 2099 2110 2172 quidquam

516 2197 666 2281 certo
694 2219 917 2284 scimus,
944 2215 1049 2272 nisi
1072 2229 1195 2269 eum
1218 2207 1536 2266 rhetoricam
1573 2216 1782 2260 summa
1804 2197 2113 2256 celebritate

509 2314 788 2377 docuisse,
820 2324 919 2367 nec
962 2309 1028 2365 iis
1060 2305 1299 2364 caruisse
1327 2299 1468 2357 vitiis
1508 2313 1627 2369 qua:
1649 2309 1769 2351 cum
1798 2292 2114 2348 simulacro-

510 2425 629 2465 rum
660 2407 806 2463 cultu
862 2415 915 2461 et
958 2400 1154 2459 Christi
1184 2396 1516 2470 ignoratione
1554 2389 1838 2461 conjuncta
1869 2400 1991 2443 esse
2019 2399 2110 2439 so-

509 2504 640 2560 lent.
702 2520 720 2553 ι
769 2500 956 2556 Mutati
1017 2504 1142 2552 sunt
1210 2492 1536 2565 piscatores,
1575 2507 1594 2539 ι
1673 2483 1842 2554 inquit
1885 2481 2110 2551 August.

505 2597 677 2653 Serm.
712 2608 865 2651 cccxr
895 2588 1040 2666 (nov.
1068 2585 1213 2659 ed.),
1246 2604 1263 2638 ι
1304 2580 1491 2639 mutati
1539 2586 1660 2633 sunt
1714 2582 1899 2646 postea
1951 2571 2110 2627 etiam

505 2690 714 2763 plurimi
756 2696 1055 2751 senatores,
1076 2688 1310 2738 mutattts
1330 2686 1412 2733 est
1431 2673 1750 2748 Cyprianus,
1782 2668 1931 2738 cujus
1952 2665 2112 2721 hodie

503 2761 825 2841 memoriam
876 2776 1373 2848 frequentamus...
1406 2768 1525 2839 ipse
1568 2763 1775 2828 scribit,
1806 2761 1922 2831 ipse
1952 2768 2112 2815 testa-

507 2885 591 2931 tur
617 2873 769 2944 cujus
811 2871 935 2926 vitae
969 2867 1129 2925 fuerit
1156 2861 1462 2936 aliquando,
1490 2874 1651 2930 quam
1678 2853 1918 2920 nefarim,
1950 2865 2108 2923 quam

504 2968 707 3040 itnpim,
740 2980 898 3038 quam
947 2958 1313 3032 improbanda:
1358 2971 1421 3011 ac
1471 2949 1858 3008 detestandam
1904 2947 2113 3018 Nequa-

511 3078 673 3134 quam
706 3068 886 3115 tamen
909 3056 961 3111 in
998 3052 1321 3127 Cyprianum
1351 3058 1592 3103 nostrum
1619 3041 1945 3099 conveniunt
1991 3053 2111 3111 quae

503 3132 643 3225 apud
680 3151 997 3222 Gregorium
1053 3145 1446 3203 Nazianzenum
1492 3139 1558 3195 de
1596 3136 1864 3209 Cypriano
1892 3132 2112 3204 magicis

502 3222 712 3302 artibus
740 3253 866 3298 ante
891 3238 1299 3296 conversionem
1340 3232 1521 3289 dedito
1570 3230 1797 3301 legimus
1846 3226 1899 3281 in
1956 3222 2107 3279 Orat.

506 3357 671 3397 XVIII:
699 3337 1034 3411 perspicuum
1056 3313 1139 3391 est
1163 3332 1277 3391 hcce
1290 3329 1354 3386 ad
1375 3326 1696 3402 Cyprianum
1716 3321 2109 3381 Antiochenam

504 3434 796 3505 reSpicere,
822 3447 979 3502 quem
1008 3427 1302 3501 Gregorius
1316 3439 1436 3480 cum
1450 3419 1860 3492 Carthaginensi
1887 3418 2110 3474 confun-

503 3527 602 3593 dit,
636 3541 791 3582 unam
826 3540 890 3581 ex
919 3521 1127 3579 duabus
1152 3532 1436 3591 personam
1460 3514 1740 3586 efﬁngens.
1768 3510 1874 3568 Sed
1902 3519 2104 3579 tamen,

504 3624 628 3695 quia
663 3621 898 3678 eruditus
919 3617 1241 3675 Oxoniensis
1256 3615 1431 3671 editor
1445 3628 1607 3667 unutn
1628 3608 1797 3665 cxtitis
1810 3622 1867 3661 se
1883 3604 2110 3678 Cypria-

504 3732 632 3773 num
662 3714 965 3783 contendit,
987 3720 1043 3769 et
1061 3726 1181 3784 qua:
1213 3709 1281 3767 de
1305 3705 1641 3767 Antiocheno
1672 3702 1916 3759 feruntur
1946 3700 1999 3755 in
2027 3700 2106 3753 fa-

502 3808 643 3864 bulis
678 3814 946 3871 numerat,
996 3813 1052 3859 et
1092 3802 1159 3857 ad
1205 3787 1292 3856 res
1350 3795 1787 3867 Garthagiuensis
1837 3792 2106 3848 ornandas

502 3900 798 3970 composita
839 3897 1005 3954 fuisse
1033 3895 1363 3969 pronuntiat,
1411 3908 1516 3948 non
1545 3891 1730 3947 inutile
1758 3888 1965 3945 videtur
1992 3902 2106 3943 rem

461 4013 477 4032 '
503 3996 806 4067 explorare.

573 4088 709 4145 Illud
744 4088 797 4143 1⁰
828 4088 1008 4159 negari
1034 4100 1140 4140 non
1169 4091 1363 4156 potest,
1394 4097 1477 4139 res
1507 4089 1684 4152 gestas
1709 4079 1959 4153 Cypriani
1992 4080 2103 4133 An-

507 4183 739 4239 tiecbcni
789 4180 1169 4239 vetustissimis
1216 4177 1583 4236 monumentis
1634 4175 1871 4251 proditas
1916 4173 2100 4228 fuisse.

501 4275 652 4331 lllum
675 4274 907 4330 Eudocia
936 4272 1248 4344 imperatris
1280 4270 1490 4327 eximiis
1510 4267 1775 4334 versibus,
1805 4274 1939 4325 teste
1967 4265 2107 4325 Pho-

505 4371 579 4425 tio
611 4369 764 4440 (Cod.
790 4369 939 4440 lSi),
960 4366 1266 4423 celebravit.
1285 4365 1430 4437 Opus
1458 4365 1511 4420 in
1545 4376 1654 4419 tres
1683 4363 1847 4419 libros
1877 4362 2104 4418 divisum

501 4468 651 4528 erat;
683 4475 909 4531 quorum
941 4459 1145 4530 primus
1174 4457 1398 4515 Justinte
1432 4456 1842 4513 conversionem
1871 4464 1924 4510 et
1970 4452 2105 4508 invi-

500 4560 640 4606 ctam
668 4566 697 4606 a
723 4550 1060 4609 daemonibus
1090 4551 1445 4623 virginitatem
1467 4592 1481 4615 ,
1512 4565 1577 4609 ac
1611 4549 1779 4620 ipsius
1804 4548 1965 4605 etiam
1996 4548 2099 4621 Cy-

504 4642 674 4713 priani
708 4652 823 4713 post
854 4643 985 4698 artis
1016 4644 1236 4712 magica:
1278 4642 1513 4698 facinora
1542 4643 1840 4698 mirabilem
1871 4655 2100 4697 conver-

502 4736 731 4802 sionem,
783 4734 1130 4806 baptismum,
1177 4735 1379 4791 ostiarii
1443 4750 1679 4801 munus,
1732 4733 1986 4789 miracula
2040 4748 2104 4789 ac

502 4828 716 4885 tandem
738 4828 1105 4899 episcopatum
1136 4828 1463 4884 continebat.
1514 4829 1569 4883 In
1604 4828 1711 4883 alio
1734 4828 1850 4898 ipse
1874 4826 2099 4898 Cypria-

500 4936 601 4978 nus
629 4930 915 4977 eventuum
941 4935 1159 4976 suorum
1190 4923 1386 4977 seriem
1417 4906 1650 4988 texebat,
1682 4930 1737 4976 et
1756 4920 1991 4991 magicas
2012 4936 2100 4974 ar-

502 5027 582 5069 tes
610 5012 804 5084 quibus
829 5022 884 5068 et
908 5027 1030 5068 sese
1061 5013 1177 5085 ipse
1204 5024 1254 5069 et
1295 5013 1430 5069 alios
1466 5015 1517 5067 in
1547 5012 1721 5067 varias
1757 5012 1954 5066 formas
1994 5028 2104 5065 mur

503 5117 722 5167 laverat.
761 5108 1217 5178 peregrinationes
1259 5123 1322 5162 ac
1359 5107 1571 5163 tandem
1599 5108 1818 5163 nefarize
1839 5108 1968 5168 artis
1999 5105 2104 5161 fas-

504 5199 712 5270 tidium,
739 5209 793 5256 et
817 5202 1054 5257 animum
1083 5217 1148 5256 ex
1179 5202 1577 5272 desperatione,
1597 5218 1756 5273 quam
1774 5200 2102 5257 conscientia

501 5292 759 5347 scelerum
812 5293 1101 5363 injiciebat,
1150 5293 1216 5347 ad
1266 5308 1417 5363 Spem
1474 5293 1858 5349 misericordi-.1:
1910 5293 2104 5348 divinat

501 5400 663 5454 Opera
686 5385 900 5442 Eusebii
942 5397 1250 5443 revocatum
1281 5388 1549 5443 narrabat.
1584 5387 1640 5442 In
1675 5388 1833 5444 tertio
1871 5388 2104 5459 denique

505 5479 817 5550 martyrium
839 5478 1064 5535 Justinte
1091 5489 1146 5536 et
1168 5478 1421 5553 Cypriani
1441 5479 1772 5552 descriptum
1810 5488 1944 5535 erat.
1977 5480 2102 5535 Haec

503 5580 679 5623 autem
712 5570 998 5627 Eudociam
1022 5589 1130 5629 non
1158 5574 1223 5628 ad
1246 5574 1377 5628 artis
1409 5572 1703 5640 licentiam,
1728 5572 1822 5628 sed
1852 5573 1918 5627 ad
1938 5573 2107 5627 histo-

504 5662 596 5716 tize
655 5661 815 5718 ﬁdem
855 5665 1134 5733 scripsisse
1189 5665 1526 5737 perspicitur,
1581 5675 1691 5719 tum
1745 5682 1808 5720 ex
1846 5665 2103 5736 Gregorio

500 5752 860 5820 Nazianzcno,
892 5758 980 5825 qni
1009 5762 1257 5827 scriptam
1288 5759 1356 5813 ab
1376 5758 1495 5830 ipso
1515 5758 1785 5830 Cypriane
1838 5759 2100 5815 scelerum

500 5850 894 5908 cotttfessioucm
935 5849 1081 5918 citat,
1110 5861 1162 5907 et
1185 5853 1369 5911 eadem
1396 5870 1462 5911 ac
1488 5853 1723 5910 Eudocia
1752 5854 1818 5910 de
1850 5854 1938 5909 illo
1964 5870 2106 5910 con;-

2253 464 2516 516 memorat
2538 456 2685 514 Orat.
2709 469 2864 524 svnt,
2890 462 2999 511 tum
3021 468 3085 513 ex
3112 452 3301 525 triplici
3325 458 3678 511 monumento
3708 446 3877 522 quod

2246 551 2440 610 eruditi
2466 550 2796 623 antiquitatis
2812 549 3149 621 indagatores
3168 546 3228 604 D.
3256 546 3574 603 Edtnundus
3599 543 3869 599 ilartene

2240 651 2294 700 et
2322 644 2384 698 D.
2417 642 2643 701 Ursinus
2689 640 2902 698 Durand
2932 641 2984 695 in
3038 655 3136 695 suo
3165 638 3538 694 Anecdotorum
3576 633 3875 689 Thesauro

2238 735 2542 804 ediderunt,
2587 750 2781 807 nempe
2830 732 3169 790 Conuersione
3208 730 3430 789 Justime
3479 739 3525 785 et
3572 728 3867 802 Cypriani,

2238 826 2563 900 Confessione
2604 827 2833 901 ejusdem
2875 824 3141 900 Cypriani,
3174 840 3238 880 ac
3263 823 3540 895 utriusque
3571 808 3865 876 Passion}.

2234 920 2325 979 Sic
2350 938 2471 979 cum
2500 922 2755 979 Eudocia:
2784 922 3029 978 versibus
3059 919 3331 977 consentit
3353 918 3681 988 tripartitum
3716 914 3864 970 illud

2235 1030 2396 1088 Opus,
2424 1025 2483 1073 ut
2513 1016 2736 1074 minime
2761 1015 2981 1073 dubium
3017 1016 3091 1071 sit
3130 1014 3258 1086 qttin
3294 1011 3439 1069 illius
3466 1010 3716 1067 manibus
3746 1010 3859 1065 tri-

2236 1118 2346 1165 tum
2386 1108 2565 1167 fuerit.
2615 1110 2749 1178 Quis
2787 1124 2914 1183 ergo
2963 1123 3087 1164 eum
3129 1121 3418 1179 numquam
3446 1104 3689 1161 extitisse
3741 1101 3860 1159 sibi

2240 1203 2582 1274 persuadeat,
2612 1202 2679 1259 de
2703 1218 2811 1275 quo
2848 1212 3035 1260 extant
3088 1208 3433 1259 monumenta
3465 1198 3607 1255 illius
3630 1207 3855 1269 tempoc

2240 1297 2317 1352 ris
2352 1312 2457 1369 quo
2496 1298 2693 1353 vixisse
2718 1296 2911 1353 dicitur
2954 1310 3092 1368 pene
3130 1294 3395 1367 aequalia?
3429 1291 3644 1349 Fabula:
3672 1292 3728 1347 in
3760 1307 3856 1348 rc-

2230 1392 2392 1448 motis
2415 1392 2664 1449 aetatibus
2709 1392 2945 1449 latebras
2989 1398 3254 1462 qumrunt,
3294 1402 3397 1445 nec
3419 1387 3703 1459 quisquam
3733 1394 3850 1442 tam

2230 1484 2407 1558 inepte
2432 1486 2707 1554 mentitur,
2741 1493 2800 1542 ut
2818 1501 2939 1557 qum
2967 1500 3129 1541 nemo
3151 1482 3351 1541 vidisse
3373 1495 3435 1537 se
3455 1489 3548 1535 aut
3569 1478 3849 1535 audivi~se

2227 1579 2493 1647 meminit,
2523 1595 2585 1636 ea
2614 1594 2785 1651 nuper
2808 1579 2863 1635 in
2892 1578 3192 1634 clarissima
3216 1576 3337 1633 luce
3361 1583 3417 1632 et
3444 1573 3685 1629 omnium
3711 1586 3847 1625 ecu-

2224 1674 2292 1732 lis
2312 1675 2555 1732 evenisse
2591 1673 2775 1746 tingat.
2831 1674 3000 1731 Porro
3042 1671 3241 1731 fatetur
3271 1671 3388 1744 ipse
3417 1669 3617 1736 Fellus,
3647 1666 3735 1721 cui
3763 1676 3849 1721 ta-

2225 1783 2347 1823 men
2400 1767 2501 1823 hac
2545 1767 2598 1823 in
2643 1782 2702 1823 re
2743 1783 2849 1825 non
2877 1766 3095 1822 omnino
3147 1763 3434 1828 assentior,
3463 1759 3846 1832 Confessionem

2221 1860 2469 1933 Cypriani
2494 1869 2619 1919 ante
2642 1860 2975 1918 Constantini
3005 1869 3244 1933 tempora
3273 1856 3524 1928 scriptam
3555 1854 3717 1910 fuisse
3738 1892 3752 1915 ,
3790 1850 3844 1906 id

2221 1962 2303 2009 cst
2344 1955 2483 2011 circa
2525 1954 2657 2011 illud
2705 1964 2919 2025 tempus
2959 1970 3065 2026 quo
3089 1953 3396 2025 perfunctus
3438 1949 3697 2022 martyrio
3725 1962 3844 2003 crc—
3931 1964 3945 1976 ο

2220 2048 2382 2116 ditur,
2413 2064 2606 2122 nempe
2631 2050 2732 2105 sub
2759 2049 3088 2105 Diocletiano
3114 2059 3167 2105 et
3198 2047 3545 2113 Maximiano,
3575 2053 3634 2099 ut
3659 2050 3838 2099 testa—

2230 2152 2320 2201 tur
2351 2143 2606 2201 Eudocia.
2657 2143 2920 2200 Pmterea
2962 2152 3089 2211 ante
3116 2141 3219 2198 hoc
3244 2157 3379 2214 opus
3403 2141 3600 2213 scripta
3626 2140 3840 2197 fuerant

2229 2248 2348 2292 acta
2398 2235 2623 2291 Justinm
2674 2246 2728 2292 et
2773 2234 3049 2308 Cypriani,
3080 2244 3138 2291 ut
3180 2233 3436 2290 discimus
3472 2247 3539 2290 ex
3565 2232 3745 2289 libello
3769 2234 3839 2291 de

2218 2329 2493 2401 utriusque
2544 2329 2811 2400 passione.
2857 2329 2915 2384 2°
2954 2328 3225 2385 Credibile
3277 2342 3386 2384 non
3431 2335 3515 2383 est
3571 2320 3841 2398 ejusmodi

2214 2432 2559 2478 monumenta
2598 2421 2663 2478 ad
2694 2437 2779 2478 res
2807 2420 3060 2494 Cypriani
3091 2420 3535 2493 Garthaginensis
3566 2419 3840 2477 ornandas

2217 2512 2336 2571 [icta
2364 2513 2549 2581 fuisse,
2582 2514 2634 2569 in
2656 2514 2849 2585 quibus
2875 2514 3007 2570 nihil
3037 2522 3151 2571 erat
3170 2513 3389 2569 omnino
3441 2511 3582 2585 quod
3606 2512 3834 2586 Cypria-

2213 2621 2287 2663 no
2308 2605 2719 2677 Carthagiueusi
2759 2606 2930 2677 aptari
2973 2614 3192 2678 posset;
3217 2622 3322 2663 non
3353 2613 3586 2676 tempus,
3616 2621 3731 2663 non
3755 2606 3840 2661 lo-

2217 2714 2314 2757 cus
2342 2700 2583 2775 martyrii
2614 2711 2667 2757 et
2692 2700 3051 2773 episcopatus.
3081 2716 3183 2755 non
3214 2716 3302 2756 res
3325 2708 3490 2771 gest-.e
3518 2708 3572 2755 et
3599 2700 3843 2771 peregri-

2213 2795 2480 2853 nationes.
2504 2796 2562 2851 3°
2587 2794 2642 2852 Si
2673 2795 2851 2851 nullus
2896 2793 3162 2851 extitisset
3190 2794 3489 2866 Cyprianus
3531 2792 3619 2848 ille
3650 2793 3843 2848 Antio-

2215 2887 2424 2945 cbeuus
2446 2930 2460 2954 ,
2496 2888 2584 2959 qui
2632 2903 2756 2944 cum
2795 2887 3003 2943 Justina
3031 2902 3228 2957 passus
3264 2883 3588 2943 Nicomedia:
3614 2884 3829 2951 dicitur,

2226 2980 2497 3055 quomodo
2544 2981 2613 3038 de
2665 2983 2939 3053 utriusque
2980 2981 3197 3035 nomine
3251 2978 3368 3035 dies
3421 2977 3589 3033 ἴρεως
3638 2976 3838 3034 smculo

2218 3082 2411 3144 quarto
2460 3073 2515 3129 in
2569 3072 2684 3130 loca
2735 3073 3061 3133 Nicomedia:
3100 3072 3272 3128 vicina
3322 3070 3520 3134 induci,
3562 3070 3831 3142 quomodo

2220 3165 2497 3237 utriusque
2540 3164 2681 3221 fama
2731 3167 2968 3223 omnium
3003 3180 3099 3223 Ore
3148 3166 3409 3222 celebrari
3441 3165 3649 3237 potuit?
3694 3164 3825 3219 Illud

2217 3268 2398 3317 autem
2430 3274 2495 3315 ex
2526 3259 2770 3317 Oratione
2794 3277 2928 3317 xvut
2950 3260 3008 3315 S.
3044 3257 3289 3332 Gregorii
3322 3257 3480 3323 Naz..
3508 3274 3630 3331 qua:
3652 3257 3831 3314 habita

2215 3361 2301 3411 est
2324 3350 2788 3425 ConstantinOpoli
2806 3398 2820 3418 ,
2849 3372 2956 3410 non
2982 3355 3210 3413 obscure
3239 3354 3581 3425 perspicitur,
3606 3353 3826 3427 Cypria-

2214 3460 2342 3501 num
2375 3446 2546 3515 illum,
2576 3446 2730 3519 cujus
2756 3447 2871 3503 dies
2894 3449 3062 3505 festus
3096 3448 3374 3523 agebatur,
3408 3462 3517 3503 non
3543 3446 3827 3523 Carthagi-

2215 3553 2435 3593 neusem
2478 3538 2575 3597 sed
2618 3540 3011 3598 Antiochenam
3061 3557 3201 3597 esse.
3245 3539 3378 3595 Nam
3422 3540 3660 3613 magicas
3688 3552 3831 3598 artes

2213 3632 2728 3699 cteonversionem,
2761 3642 2816 3689 ut
2843 3634 3142 3705 pracipuos
3170 3634 3311 3689 illius
3346 3634 3472 3689 vita:
3514 3643 3570 3689 et
3612 3636 3831 3691 notissi-

2214 3738 2335 3781 mos
2357 3734 2587 3782 eventus
2615 3726 2875 3797 prtedieat
2919 3727 3231 3799 Gregorius,
3274 3728 3344 3782 ita
3384 3737 3445 3782 ut
3493 3727 3705 3784 dubitet
3751 3744 3821 3785 an

2212 3817 2493 3888 quisquam
2552 3834 2619 3874 ex
2674 3819 3013 3876 audientibus
3064 3837 3149 3876 res
3204 3821 3347 3876 illius
3399 3831 3579 3891 gestas
3628 3822 3837 3893 ignoret

2213 3910 2291 3982 (p.
2310 3909 2461 3983 277).
2482 3911 2808 3980 Quinetiam,
2824 3914 2964 3985 quod
2978 3916 3050 3969 ait
3062 3913 3192 3986 Cypt
3206 3914 3387 3971 ianum
3403 3917 3839 3985 postconversio-

2222 4018 2345 4059 nem
2379 4003 2575 4060 factum
2603 4021 2724 4062 esse
2751 4006 3025 4072 :cditnum,
3057 4007 3108 4062 id
3140 4022 3197 4063 se
3223 4024 3286 4063 cx
3332 4008 3514 4079 aliquo
3565 4009 3837 4066 audivisse

2215 4096 2533 4171 testatur(p.
2563 4097 2715 4169 281).
2742 4100 3023 4156 Probabile
3041 4116 3144 4155 non
3163 4110 3245 4156 est
3260 4100 3585 4172 Cyprianum
3603 4100 3835 4158 Cartha-

2210 4189 2494 4260 ginenscm
2530 4191 2666 4249 adeo
2696 4200 2879 4251 notum
2912 4192 2995 4247 his
3024 4196 3075 4247 in
3108 4193 3417 4263 regionibus
3448 4192 3616 4251 fuisse
3639 4236 3653 4258 ,
3685 4210 3831 4265 prte-

2210 4280 2407 4339 sertiu’
2428 4297 2501 4338 ex
2540 4284 2701 4339 rebus
2741 4284 2809 4347 ad
2863 4300 2989 4345 eum
3032 4285 3253 4345 minimc
3300 4284 3708 4356 pertinentibus,
3756 4296 3818 4343 ut

2212 4374 2527 4445 Gregorium
2579 4376 2767 4433 incoho
2810 4377 3129 4442 edocerent;
3164 4378 3261 4433 sed
3308 4378 3425 4434 hmc
3453 4378 3592 4435 fama
3617 4388 3671 4435 et
3704 4379 3825 4437 dies

2212 4467 2379 4524 festus
2402 4470 2466 4524 ad
2493 4470 2655 4524 alium
2688 4471 2886 4527 debent
2915 4472 3125 4528 referri.
3382 4455 3391 4462 ’

2282 4562 2477 4633 Objicit
2502 4563 2689 4633 Pelius
2710 4564 2768 4620 S.
2814 4564 3131 4639 Gregorium
3165 4574 3275 4621 tam
3319 4566 3611 4627 escit-amor
3640 4583 3832 4626 errare

2179 4667 2184 4671 '
2215 4673 2320 4711 non
2361 4659 2597 4727 potuisse
2618 4700 2631 4722 ,
2663 4668 2720 4712 ut
2765 4659 3075 4731 epise0pum
3122 4660 3517 4717 Antiochenam
3544 4679 3666 4717 eum
3698 4658 3829 4717 Car-

2213 4748 2511 4820 tltaginensi
2580 4750 2967 4819 confunderet;
3015 4768 3188 4824 neque
3234 4754 3376 4807 enim
3431 4752 3475 4809 si
3537 4770 3659 4809 vere
3696 4755 3832 4809 esti-

2209 4841 2361 4898 tisset
2388 4843 2685 4915 Cyprianus
2716 4844 2804 4900 ille
2828 4844 3125 4900 Antiochia:
3151 4846 3452 4916 cpiscopus,
3472 4846 3557 4915 qui
3581 4846 3829 4902 Nicome-

2209 4934 2311 4989 dia:
2366 4950 2556 5007 passus
2604 4935 2817 5002 dicitttr,
2873 4937 3004 4992 nihil
3049 4937 3118 4994 de
3148 4939 3238 4992 illo
3266 4937 3331 4993 ad
3368 4939 3613 5009 Gregorii
3667 4955 3829 4995 aures

2209 5037 2587 5099 perventurum
2617 5027 2802 5095 fuisse,
2834 5029 2921 5099 qui
2963 5039 3014 5084 et
3042 5046 3071 5085 a
3101 5039 3251 5101 patre
3300 5046 3386 5087 res
3414 5040 3520 5086 tam
3550 5031 3829 5087 mirabiles

2211 5129 2417 5175 mature
2455 5119 2661 5176 discere
2688 5120 2871 5177 debuit
2897 5163 2911 5188 ,
2935 5131 2989 5177 et
3018 5139 3114 5193 per
3140 5140 3197 5179 se
3228 5125 3341 5195 ipse
3378 5123 3742 5180 Nicomediam
3769 5110 3830 5180 εί

2210 5212 2327 5267 loca
2364 5213 2532 5268 vicina
2582 5213 2881 5286 pervadens
2923 5231 3268 5288 cognoscere.
3300 5217 3437 5284 Sed,
3469 5217 3596 5273 dum
3622 5216 3827 5289 Grego~

2212 5305 2349 5359 rium
2393 5307 2474 5360 vir
2495 5307 2737 5362 eruditus
2762 5308 2964 5379 culpari
2999 5325 3104 5364 non
3136 5312 3351 5381 patitur,
3398 5310 3541 5381 quod
3565 5327 3726 5365 unum
3755 5326 3824 5366 cx

2225 5397 2431 5453 duobus
2459 5396 2739 5471 Cyprianis
2762 5400 2993 5468 ﬁnxerit,
3029 5403 3080 5457 in
3125 5403 3284 5457 aliam
3332 5403 3482 5460 illum
3523 5402 3826 5474 reprehen-

2212 5489 2418 5545 sionem
2454 5506 2560 5545 non
2586 5492 2755 5565 multo
2786 5493 3046 5549 leviorem
3076 5497 3313 5569 conjicit,
3341 5498 3487 5568 quod
3515 5498 3580 5553 ad
3608 5497 3826 5571 Cypria‘

2214 5599 2338 5637 num
2363 5582 2839 5655 Carthaginensem
2868 5588 3113 5645 retulerit
3137 5603 3479 5647 monumenta
3512 5590 3654 5647 illius
3676 5592 3821 5647 :etati

2212 5685 2267 5730 et
2297 5676 2478 5744 patria:
2518 5687 2573 5732 et
2628 5680 2793 5735 rebus
2836 5681 3000 5751 gestis
3045 5685 3415 5754 repugnantia.
3467 5683 3824 5743 Verisimilior

2211 5767 2340 5821 mihi
2390 5768 2602 5826 videtur
2646 5771 2761 5827 haec
2810 5773 2951 5828 illius
2976 5775 3264 5831 excusandi
3294 5778 3430 5832 ratio
3460 5794 3477 5832 :
3504 5792 3624 5832 cum
3655 5779 3704 5832 ei
3734 5793 3820 5833 re-

2210 5875 2340 5917 cens
2380 5861 2668 5922 admodum
2710 5881 2832 5923 cum
2876 5866 3100 5941 iisquos
3137 5869 3426 5947 alloquitur
3464 5872 3821 5936 intercederet
