4050 6434
277 370 347 435 77
1454 370 1609 433 VITA
1648 370 1900 433 SANCTI
1935 364 2280 433 εινιιιιιΝι.
2430 428 2435 431 .
3516 380 3588 445 73

276 497 610 554 consuetudo
631 540 645 566 ,
670 507 724 555 et
754 508 875 572 post
912 501 1117 576 aliquot
1160 503 1369 561 dierum
1393 520 1665 565 secessum
1693 519 1879 565 attem-

280 599 461 659 perate
485 590 553 646 ad
580 591 918 661 ipsum'diem
952 594 1148 652 festum
1182 597 1429 655 rediisset
1454 634 1469 660 .
1498 609 1557 656 ut
1582 600 1694 671 ipse
1724 610 1889 658 testa-

280 690 368 736 tur
391 683 468 754 (p.
491 682 655 756 275),
683 686 814 742 satis
840 689 1075 758 proclive
1112 689 1213 745 fuit
1234 691 1285 747 in
1316 702 1421 747 tam
1448 696 1688 766 angustis
1704 696 1768 751 ad
1799 712 1885 753 res

274 784 525 833 accurate
550 778 867 837 ediscendas
893 780 1078 852 spatiis
1121 781 1224 836 labi
1262 792 1316 838 ct
1354 798 1557 841 errare.
1591 786 1742 854 Quod
1787 804 1886 844 au-

282 879 386 924 tem
416 871 489 927 ait
516 871 655 929 idem
678 872 877 939 Fellus,
898 875 1098 930 nullum
1124 876 1264 933 inter
1286 880 1581 938 Antiochia:
1603 884 1885 955 episcopos

278 960 607 1035 Cyprianum
658 964 905 1033 inveniri,
940 967 990 1022 id
1041 968 1195 1026 facile
1225 971 1528 1042 expeditur.
1578 974 1694 1031 Non
1739 979 1883 1034 enim

276 1055 578 1113 Antiochiae
604 1072 812 1129 magna:
840 1061 1127 1131 episcopus
1154 1062 1316 1120 fuisse
1334 1063 1635 1138 Cyprianus
1664 1068 1878 1136 dicitur,

274 1150 371 1207 sed
401 1151 640 1220 alterius,
672 1161 730 1210 ιιι
771 1153 1024 1213 observat
1066 1156 1462 1229 Tillemontius,
1508 1160 1559 1216 in
1610 1161 1885 1220 Phaenicia

276 1242 419 1313 siue,
449 1259 513 1302 es
539 1262 642 1317 qua
674 1247 990 1306 Damascum
1019 1249 1306 1322 perductus
1327 1260 1409 1309 est
1429 1293 1447 1321 ,
1472 1264 1529 1309 ut
1554 1271 1583 1309 a
1601 1253 1782 1325 judice
1807 1255 1888 1311 in-

278 1343 657 1409 terrogaretur.
1820 1333 1826 1339 ’

350 1433 466 1488 Duo
494 1448 622 1505 ergo
650 1432 1008 1507 distinguendi
1037 1444 1163 1492 sunt
1184 1435 1457 1509 Cypriani,
1485 1446 1540 1494 et
1560 1439 1612 1494 in
1643 1439 1888 1497 Oratione

276 1538 408 1582 xvm
425 1525 667 1598 Gregorii
687 1524 817 1583 Νη.
837 1528 963 1600 quid
980 1530 1335 1599 Antiocheno,
1358 1530 1484 1602 quid
1506 1530 1885 1604 Carthaginen-

274 1619 320 1676 si
351 1621 636 1678 conveniat
678 1620 1111 1691 espendendum.
1151 1622 1306 1692 Quod
1335 1623 1410 1678 ait
1437 1624 1748 1696 Gregorius,
1776 1623 1886 1698 Cy-

275 1713 522 1785 prianum
548 1713 714 1771 nobili
731 1724 787 1771 et
813 1715 1084 1771 senatoria
1107 1715 1271 1772 domo
1297 1724 1478 1773 ortum
1502 1732 1644 1784 esse,
1680 1718 1734 1773 id
1763 1718 1880 1774 Til-

277 1806 565 1867 lemoutius
615 1812 887 1885 Cypriano
936 1825 1121 1874 nostro
1169 1818 1444 1888 attribuit,
1507 1828 1564 1875 ut
1607 1819 1760 1876 alteri
1813 1818 1889 1875 illi

270 1918 477 1978 niagno
504 1922 611 1963 non
638 1907 793 1965 valde
814 1919 1279 1978 consentaneum;
1307 1910 1558 1969 sedtum.
1586 1928 1640 1978 ν,
1670 1913 1758 1969 ubi
1781 1915 1892 1985 agit

277 1997 348 2054 de
372 1997 645 2070 Cypriano
673 1999 1031 2069 Antiocheno,
1063 2001 1265 2059 fatetur
1290 2002 1340 2058 id
1371 2016 1480 2059 non
1499 2018 1656 2074 posse
1684 2004 1888 2061 discer-

276 2099 352 2155 ni.
402 2098 518 2154 Non
551 2094 879 2151 immorahor
923 2096 976 2151 in
1025 2096 1361 2155 excutiendis
1402 2097 1522 2153 aliis
1563 2100 1889 2171 conjecturis

262 2206 394 2264 qua:
433 2190 500 2249 de
527 2191 795 2265 Cypriane
822 2192 937 2250 ﬂeri
963 2194 1176 2260 solent,
1202 2195 1347 2250 velut
1372 2193 1517 2267 quod
1542 2194 1808 2251 Baronius
1836 2210 1892 2260 et

276 2295 398 2357 post
429 2302 553 2342 eum
596 2286 687 2343 alii
734 2287 976 2343 nonmrlli
1022 2287 1400 2345 existimarunt
1423 2288 1749 2363 Cyprianum
1779 2290 1888 2359 jam

270 2393 460 2436 senem
514 2381 579 2436 ad
608 2381 951 2438 christianam
982 2381 1295 2453 religionem
1334 2382 1647 2437 accessisse.
1692 2381 1889 2438 Nitun-

274 2481 361 2527 tur
383 2472 613 2543 quodam
637 2474 756 2530 loco
779 2490 845 2530 ex
878 2474 1118 2545 Epistula
1149 2476 1218 2530 ad
1240 2474 1527 2544 Donatum,
1571 2475 1660 2531 ubi
1707 2476 1787 2532 sic
1811 2476 1891 2533 lo-

275 2563 455 2635 quitur
473 2565 777 2638 Cyprianus
806 2582 819 2623 ε
854 2584 874 2619 ι
901 2565 1004 2635 Qui
1032 2566 1302 2638 possibilis
1326 2609 1340 2633 ,
1370 2567 1602 2637 aiebam,
1630 2576 1714 2624 est
1742 2576 1891 2624 tanta

274 2659 578 2727 conversio,
609 2669 661 2714 ut
693 2667 918 2730 repente
942 2673 1009 2714 ac
1040 2659 1329 2728 perniciter
1356 2671 1584 2715 exuatur
1634 2660 1775 2730 quod
1805 2645 1890 2715 vel

275 2749 564 2820 genuinum
591 2751 695 2807 situ
727 2750 964 2806 materiae
996 2752 1256 2808 naturalis
1301 2751 1554 2807 obdurnit
1575 2793 1591 2820 ,
1618 2752 1704 2807 vel
1732 2767 1889 2807 usur—

278 2849 459 2910 patum
486 2841 576 2896 diu
602 2842 754 2896 senio
782 2842 1062 2898 vetustatis
1104 2842 1371 2899 inolevit?
1406 2861 1425 2896 ι
1483 2844 1555 2899 At
1587 2842 1889 2914 Cyprianus

277 2949 389 2988 non
410 2946 538 2989 suos
561 2948 733 2990 annos
753 2942 1018 3001 numerat,
1047 2933 1143 2991 sed
1160 2934 1228 2991 de
1254 2934 1396 2991 vitiis
1423 2935 1676 3009 loquitur,
1697 2950 1817 3007 qua:
1835 2937 1887 2992 in

278 3027 497 3085 homine
546 3027 708 3084 etiam
769 3043 876 3083 non
920 3043 1052 3084 sene
1097 3036 1414 3085 vetustatem
1471 3030 1710 3093 habent,
1764 3044 1887 3085 cum

283 3138 303 3174 ι
331 3122 459 3188 alta,
498 3141 517 3175 ι
548 3131 605 3176 ιιι
635 3122 830 3178 ibidem
863 3123 1109 3194 legimus,
1149 3139 1170 3174 ι
1198 3133 1248 3179 et
1278 3123 1537 3194 profunda
1566 3126 1777 3196 penitus
1799 3139 1890 3180 ra-

276 3213 395 3270 dice
422 3214 695 3270 sedarunt.
742 3234 762 3266 ι
814 3214 932 3270 lluc
975 3214 1114 3272 adde
1157 3208 1488 3289 Cyprianum
1533 3231 1637 3273 non
1680 3217 1751 3274 de
1778 3219 1889 3275 suis

276 3315 484 3362 tantum
512 3308 674 3365 rebus
699 3308 968 3365 disserere
987 3350 1003 3377 ,
1036 3309 1131 3365 sed
1156 3311 1455 3382 generatim
1481 3325 1671 3368 omnes
1700 3322 1888 3371 aetates

273 3413 340 3455 ac
376 3400 498 3455 vitm
533 3400 869 3458 conditiones
895 3403 1176 3473 complecti
1199 3445 1214 3472 ,
1246 3392 1469 3476 quarum
1498 3406 1698 3462 nullam
1729 3422 1886 3479 pror-

275 3513 370 3556 sus
407 3499 747 3570 excipiebant
781 3499 1074 3558 Christiani
1101 3545 1115 3570 ,
1146 3517 1304 3573 quam
1338 3517 1442 3559 non
1472 3503 1674 3559 Christi
1715 3504 1887 3575 gratia

277 3590 526 3647 renovari
573 3599 630 3646 et
667 3593 875 3648 renasci
921 3606 1080 3663 posse
1106 3593 1365 3649 dicerent.
1397 3593 1590 3666 Liquet
1621 3593 1674 3650 id
1702 3609 1770 3650 ex
1804 3593 1886 3652 his

276 3700 398 3755 quae
422 3693 719 3756 sequuntur
743 3702 759 3741 :
788 3685 1062 3755 «Quando,
1083 3686 1271 3759 inquit,
1294 3686 1672 3759 parcitnoniam
1729 3688 1887 3746 discit

274 3777 366 3849 qui
396 3778 704 3849 epularibus
725 3778 896 3835 coenis
918 3788 972 3836 et
998 3779 1157 3851 largis
1171 3780 1397 3853 dapibus
1424 3782 1655 3846 assuevit
1674 3782 1699 3839 i
1715 3790 1769 3838 et
1789 3784 1881 3854 qui

274 3873 511 3943 pretiosa
564 3884 716 3930 veste
756 3874 1080 3947 conspicuus
1128 3876 1182 3931 in
1218 3890 1351 3932 auro
1389 3877 1619 3948 atquein
1647 3893 1882 3950 purpura

278 3961 440 4034 fulsit,
472 3967 539 4022 ad
572 3968 840 4038 plebeium
870 3983 931 4024 se
972 3984 1035 4024 ac
1078 3970 1381 4042 simplicem
1429 3971 1628 4028 cultum
1667 3971 1882 4044 quando

268 4059 537 4131 deponit?
566 4058 822 4118 Fascibus
850 4061 940 4118 ille
967 4062 1262 4120 oblectatus
1284 4073 1339 4120 et
1359 4063 1675 4134 honoribus,
1705 4067 1880 4137 priva-

276 4160 364 4207 tus
401 4160 459 4208 et
495 4151 752 4225 inglorius
794 4168 917 4212 esse
957 4170 1064 4211 non
1112 4164 1306 4227 potest.
1338 4157 1435 4213 llic
1462 4159 1691 4231 stipatus
1715 4159 1881 4216 clien-

279 4246 415 4300 tium
439 4247 646 4313 cuneis,
679 4246 1044 4319 frequentiore
1082 4249 1337 4306 comitatu
1379 4249 1605 4307 officiosi
1650 4251 1877 4324 agminis

276 4336 611 4407 honestatus,
641 4354 854 4411 poenam
882 4348 1033 4412 putat
1074 4356 1196 4397 esse
1231 4356 1354 4396 cum
1382 4342 1530 4398 solus
1570 4353 1670 4398 est.
1701 4341 1879 4399 Tena-

275 4434 432 4489 cibus
458 4448 681 4505 semper.
699 4435 967 4491 illecebris
993 4449 1213 4491 necesse
1244 4444 1326 4491 est
1346 4475 1363 4501 ,
1390 4444 1450 4491 ut
1475 4435 1701 4504 solebat,
1726 4438 1879 4493 vino-

280 4524 443 4580 lentia
492 4525 700 4591 invitet,
742 4525 892 4581 inﬂet
941 4527 1213 4597 superbia,
1236 4526 1513 4583 iracundia
1557 4526 1872 4597 inﬂammet,

278 4617 544 4689 rapacitas
571 4604 846 4689 inquietet,
875 4619 1168 4677 crudelitas
1201 4620 1477 4689 stimulet,
1517 4620 1737 4678 ambitio
1777 4621 1873 4678 dc-

278 4711 459 4780 lectet,
493 4710 657 4768 libido
704 4712 1019 4784 praacipitet.
1060 4732 1080 4766 ι
1128 4712 1253 4770 Haec
1296 4712 1583 4771 referenda
1627 4715 1783 4784 duxi,
1818 4725 1877 4772 ut

172 4808 175 4809 '
276 4813 487 4874 pateret
511 4804 685 4860 minus
719 4814 1078 4877 temperanter
1095 4806 1207 4863 utio
1235 4807 1381 4864 abuti
1430 4811 1519 4880 qui
1546 4808 1872 4881 Cyprianum

276 4895 378 4953 bac
402 4897 609 4969 pictura
641 4911 820 4955 mores
844 4913 971 4955 suos
1005 4900 1354 4971 expressisse,
1394 4910 1450 4957 et
1472 4903 1710 4974 pristinae
1744 4917 1872 4959 con-

276 4991 499 5047 ditionis
539 4992 881 5064 splendorem
926 5000 982 5050 ct
1022 5008 1151 5066 opes
1179 4994 1531 5068 descripsisse
1560 4997 1868 5068 cpinantur.

276 5084 407 5152 Quae
432 5085 755 5156 conjecturae
783 5086 830 5142 si
859 5087 1088 5155 valeant,
1124 5088 1415 5146 dicendum
1435 5076 1547 5145 erit
1565 5105 1689 5146 eum
1716 5092 1871 5147 fasci-

276 5174 376 5232 bus
400 5175 618 5233 fulsisse
637 5219 652 5246 ,
679 5186 737 5234 et
765 5178 1073 5236 vinolentize
1108 5194 1175 5236 ac
1204 5180 1514 5252 rapacitatis
1556 5182 1696 5239 vitiis
1724 5181 1871 5239 labo-

278 5280 446 5336 rasse,
473 5269 617 5343 quod
644 5271 912 5327 neminem
938 5272 1198 5329 hactenus
1227 5272 1385 5331 video
1407 5276 1756 5347 suspicatum.

278 5400 488 5479 μισ-ωε
504 5419 551 5460 s.
569 5419 817 5461 CYPRIANI
828 5420 1284 5464 coavsusmun.—
1301 5425 1722 5469 cnscnuusuus
1733 5427 1869 5471 BONA

348 5513 444 5553 ΒΗΛ
455 5513 774 5569 DISTRIBUIT,
791 5514 962 5567 SEQUE
980 5516 1121 5559 VOTO
1135 5517 1502 5563 CONTINENTIIE
1528 5522 1867 5566 οΒδτιιιΝΧιτ.

347 5606 697 5651 -ικοειιτυιι
721 5609 825 5661 QUO
855 5610 992 5653 ANNO
1015 5611 1083 5652 ΕΤ
1109 5611 1354 5678 τεκςοιιε
1382 5615 1725 5659 ΒΑΡΤΙΙΔΊἮΒ.

346 5729 641 5787 Plurimum
669 5745 818 5791 sane
844 5735 1151 5793 christiana)
1191 5739 1433 5811 reiigioni
1460 5743 1686 5799 accessit
1708 5754 1871 5801 orna.

275 5826 439 5881 menti
483 5832 536 5883 et
562 5826 797 5898 prcesidii
838 5832 1193 5889 conversione
1226 5835 1359 5889 tami
1395 5835 1631 5908 ingenii;
1662 5853 1725 5895 ac
1754 5847 1869 5894 tum

276 5919 508 5976 maxime
538 5920 737 5977 veritas
775 5921 1105 5996 triumphare
1135 5927 1243 5985 visa
1275 5936 1359 5985 est
1408 5942 1533 5987 cuni
1581 5930 1870 5990 celeberri'

1990 508 2137 550 mum
2167 496 2426 564 mendacii
2456 498 2730 556 doctorem
2771 513 2836 558 ac
2878 498 3216 558 defensorem
3263 503 3424 577 cepit.
3466 504 3585 561 Non

1989 599 2163 648 tamen
2190 591 2364 663 prima
2416 594 2760 665 aggression'e
2796 592 2969 649 victus
2993 604 3077 650 est
3104 593 3423 666 Cyprianus,
3458 597 3578 665 sed,

1987 684 2131 754 quod
2176 682 2230 739 in
2279 684 2494 741 homine
2532 685 2766 741 inanium
2814 701 2994 742 rerum
3049 687 3355 757 cognitione
3400 689 3589 747 inﬂato

1991 793 2098 833 non
2126 778 2282 835 valde
2308 779 2503 836 mirum
2529 792 2635 847 est,
2663 781 2751 836 diu
2789 782 3070 838 veritatem
3099 782 3239 838 inter
3264 791 3317 838 et
3345 799 3591 842 errorem

1990 873 2208 945 ancipiti
2238 875 2506 931 sententia
2536 875 2828 931 ﬂuctuavit.
2861 877 3013 945 Quod
3049 879 3192 935 enim
3239 878 3396 936 docet
3442 882 3592 937 chri-

1993 968 2162 1022 stiana
2190 967 2375 1039 religio
2402 967 2470 1023 de
2498 981 2631 1049 nova
2673 969 2724 1023 in
2752 966 2966 1025 ChriSto
2994 971 3285 1033 creatione,
3317 971 3368 1026 id
3397 973 3595 1029 somnii

1992 1062 2162 1117 instar
2186 1061 2482 1118 domestico
2508 1072 2822 1134 argumento
2852 1063 3155 1130 refellebat,
3189 1065 3314 1121 vitia
3343 1081 3439 1124 sua
3467 1082 3597 1124 nec-

1991 1152 2119 1208 dum
2168 1154 2355 1209 volens
2393 1154 2703 1222 emendare,
2750 1170 2848 1211 nec
2883 1155 3158 1212 emendari
3199 1172 3356 1227 posse
3403 1160 3597 1218 existi-

1994 1262 2165 1302 mans.
2195 1245 2339 1316 Quos
2368 1256 2478 1305 tum
2506 1249 2671 1306 animi
2698 1257 2862 1307 aestus
2887 1260 3139 1323 expertus
3166 1252 3262 1319 sit,
3293 1255 3371 1311 sic
3400 1255 3513 1327 ipse
3538 1255 3600 1313 in

1994 1341 2228 1412 Epistola
2271 1342 2340 1397 ad
2384 1341 2643 1398 Donatum
2693 1343 2984 1400 edisserit:
3033 1369 3055 1397 σ
3091 1345 3219 1417 Ego,
3251 1347 3441 1420 inquit,
3471 1362 3601 1406 cum

1994 1434 2048 1489 in
2089 1434 2326 1490 tenebris
2352 1444 2513 1507 atque
2557 1437 2610 1492 in
2638 1444 2795 1493 nocte
2834 1451 2974 1493 caeca
2998 1436 3255 1509 iacerem,
3285 1452 3516 1514 cumque
3542 1442 3604 1499 in

1994 1528 2110 1613 salo
2144 1528 2393 1600 jactantis
2432 1530 2614 1586 saaculi
2658 1529 2999 1588 nutabundus
3034 1547 3099 1588 ac
3138 1533 3333 1591 dubius
3361 1534 3603 1606 vestigiis

1992 1620 2370 1677 oberrantibus
2396 1620 2734 1691 ﬂuctuarem,
2765 1624 2889 1681 vitae
2930 1639 3065 1683 mea:
3092 1627 3327 1696 nescius,
3357 1627 3602 1684 veritatis

1993 1729 2057 1771 ac
2085 1715 2219 1772 locis
2245 1715 2487 1787 alienus,
2515 1716 2734 1775 difficile
2762 1732 2982 1790 prorsus
3008 1735 3072 1776 ac
3112 1720 3302 1777 durum
3345 1736 3442 1792 pro
3494 1721 3604 1777 illis

1996 1820 2123 1868 tunc
2149 1812 2390 1869 moribus
2415 1813 2680 1884 opinabar
2705 1814 2847 1886 quod
2876 1813 2929 1869 in
2970 1816 3199 1872 salutem
3243 1815 3372 1872 mihi
3416 1814 3601 1873 divina

1998 1906 2325 1978 indulgentia
2354 1907 2728 1979 pollicebatur,
2761 1916 2820 1963 ut
2856 1908 2979 1980 quis
3018 1909 3228 1966 renasci
3255 1909 3434 1966 denuo
3472 1922 3605 1981 pos-

1995 2009 2111 2065 set,
2154 2009 2317 2070 utque
2358 2000 2413 2055 in
2454 2014 2649 2056 novam
2690 2002 2854 2056 vitam
2903 2000 3117 2057 lavacro
3158 2017 3313 2074 aqua:
3355 1999 3609 2058 salutaris

1994 2093 2264 2148 animatus
2309 2091 2454 2163 quod
2484 2092 2630 2163 prius
2674 2080 2851 2148 fuerat
2903 2103 3225 2164 exponeret,
3256 2104 3330 2160 et,
3360 2094 3606 2165 corporis

1995 2186 2123 2245 licet
2147 2198 2398 2243 manente
2443 2201 2724 2259 compage,
2757 2185 3031 2243 hominem
3071 2185 3254 2242 animo
3306 2202 3371 2242 ac
3423 2194 3611 2243 mente

1998 2288 2251 2336 mutaret.
2283 2279 2385 2349 Qui
2416 2279 2687 2349 possibilis
2715 2287 2819 2345 est,
2849 2278 3078 2346 oielmm,
3114 2287 3257 2334 tanta
3287 2277 3607 2335 conversio?

1996 2384 2101 2430 etc.
2134 2393 2153 2427 ι
2188 2373 2296 2430 Sed
2325 2373 2541 2430 tandem
2573 2373 2721 2429 illius
2748 2374 2985 2430 animum
3014 2374 3262 2430 Christus
3288 2372 3511 2441 inﬂexit,
3542 2387 3611 2431 ac

1997 2467 2226 2523 docilem
2268 2465 2398 2523 fecit
2445 2466 2746 2521 hortatibus
2786 2466 2985 2522 Caecilii
3027 2467 3349 2539 presbyteri,
3377 2466 3466 2538 qui
3497 2474 3611 2522 tam

1998 2557 2241 2629 praeclari
2266 2557 2447 2628 operis
2476 2556 2791 2612 administer
2817 2566 2872 2613 et
2914 2558 3180 2629 interpres
3207 2557 3342 2626 fuit;
3377 2572 3483 2614 non
3511 2557 3609 2615 ille

1996 2652 2234 2724 quidem,
2265 2658 2323 2706 ut
2350 2651 2588 2706 nonnulli
2619 2651 2821 2722 opinati
2851 2658 2995 2719 aunt,
3042 2648 3359 2707 Diadumeni
3404 2665 3612 2721 praece-

2000 2756 2143 2815 ptor,
2172 2742 2271 2800 sed
2296 2744 2438 2799 idem
2476 2744 2654 2814 potius
2681 2746 2769 2814 qui
2811 2747 2863 2799 iu
2914 2742 3127 2816 dialogo
3166 2744 3383 2802 Minucii
3411 2744 3609 2803 Felicis

1997 2835 2358 2892 Christianam
2400 2835 2715 2906 religionem
2746 2850 2839 2906 per
2883 2832 2965 2892 fas
3008 2846 3062 2892 ct
3104 2835 3255 2893 nefas
3303 2846 3609 2910 oppugnat,

1997 2928 2192 2985 deinde
2220 2928 2288 2983 ab
2314 2930 2536 2984 Octavio
2563 2937 2784 2985 strenue
2811 2928 3086 2985 defensam
3132 2929 3362 2988 libenter
3399 2931 3611 3003 ample-

1995 3025 2177 3082 ctitur.
2210 3027 2455 3083 Amicitia
2486 3042 2606 3100 quae
2632 3026 2900 3101 Cypriane
2938 3027 3306 3084 intercedebat
3332 3042 3454 3084 eum
3482 3026 3608 3084 Ca:-

1997 3118 2144 3188 cilio,
2176 3128 2285 3175 tam
2312 3129 2461 3175 arcte
2488 3118 2737 3176 beneﬁcii
2763 3119 3129 3191 inagnitudine
3159 3119 3448 3176 constricta
3475 3128 3592 3187 est,

1997 3221 2053 3267 ut
2072 3225 2196 3269 eum
2227 3212 2277 3267 in
2308 3212 2546 3282 parentis
2571 3211 2692 3269 loco
2732 3211 2979 3284 diligeret
3005 3209 3304 3283 Cyprianus
3327 3254 3343 3279 ,
3376 3210 3601 3283 ejusque

1996 3322 2193 3363 nomen
2234 3307 2373 3363 ferre
2412 3307 2676 3374 voluerit,
2721 3320 2784 3362 ac
2809 3305 2862 3362 in
2891 3306 3058 3377 ipsius
3083 3305 3246 3363 domo
3274 3306 3471 3362 vixisse
3509 3305 3600 3362 vi-

1993 3402 2204 3458 deatur:
2241 3419 2261 3454 ι
2287 3401 2414 3458 Erat
2443 3416 2574 3457 sane
2601 3402 2673 3456 illi
2704 3400 2773 3457 de
2802 3401 2977 3467 nobis,
3003 3401 3172 3473 inquit
3199 3401 3443 3467 Pontius,
3469 3413 3601 3456 con-

1996 3496 2298 3554 tubernium
2354 3495 2455 3551 viri
2505 3496 2635 3565 justi
2670 3503 2725 3551 et
2768 3493 3047 3551 laudabilis
3074 3494 3348 3551 memoria:
3373 3492 3601 3562 Caecilii,

1993 3600 2048 3647 et
2075 3599 2233 3646 mtate
2260 3601 2386 3647 tunc
2412 3598 2467 3646 et
2494 3589 2698 3645 honore
2723 3588 3048 3661 presbyteri,
3077 3588 3167 3661 qui
3195 3603 3319 3645 eum
3349 3587 3417 3643 ad
3443 3588 3601 3659 agni-

1995 3684 2192 3741 tionem
2244 3699 2389 3741 verae
2434 3682 2731 3739 Divinitatis
2764 3697 2795 3739 a
2828 3681 3011 3738 saeculi
3052 3696 3239 3739 errore
3260 3688 3599 3739 correxerat.

1994 3777 2146 3834 Hunc
2174 3785 2287 3834 toto
2316 3778 2520 3834 honore
2548 3786 2709 3850 atque
2748 3777 2895 3833 omni
2939 3776 3278 3833 observantia
3318 3775 3594 3848 diligebat,

1990 3870 2308 3944 obsequenti
2336 3871 2684 3929 veneratione
2710 3869 3042 3941 suspiciens,
3076 3884 3181 3926 non
3217 3868 3331 3941 jam
3361 3881 3419 3926 ut
3458 3870 3596 3925 ami-

1989 3978 2112 4020 cum
2152 3964 2346 4020 animae
2397 3964 2747 4036 comqualem,
2798 3962 2895 4020 sed
2947 3972 3215 4035 tamquam
3264 3978 3417 4018 nova:
3467 3963 3597 4020 vita:

1988 4066 2288 4131 parentem.
2310 4058 2548 4130 Denique
2592 4058 2703 4125 ille,
2753 4056 3030 4113 demulsus
3061 4056 3176 4128 ejus
3208 4055 3504 4128 obsequiis,
3535 4055 3594 4112 in

1990 4161 2195 4207 tantum
2223 4151 2529 4208 dilectionis
2578 4151 2855 4207 immensa:
2896 4150 3089 4206 merito
3134 4156 3453 4222 provocatus
3482 4159 3591 4217 est,

1986 4248 2043 4292 ut
2093 4237 2161 4294 de
2204 4237 2413 4294 sicculo
2460 4237 2731 4294 excedens
2774 4236 3126 4293 arcessitione
3179 4236 3290 4307 jam
3341 4237 3594 4307 proxima

1984 4329 2390 4386 commendaret
2433 4329 2509 4386 illi
2537 4329 2820 4401 conjugem
2847 4345 2911 4386 ac
2937 4328 3138 4385 liberos
3166 4343 3320 4396 suos,
3344 4338 3399 4386 et
3425 4344 3589 4401 quem

1985 4420 2183 4478 fecerat
2208 4421 2277 4477 de
2327 4430 2489 4478 sectae
2539 4422 2919 4478 communione
2957 4421 3275 4494 participem
3299 4462 3314 4488 ,
3344 4431 3588 4494 postmo-

1983 4512 2111 4568 dum
2135 4513 2335 4569 faccret
2362 4513 2575 4584 pietatis
2622 4513 2915 4569 hieredem.
2948 4532 2969 4566 ι
3002 4512 3116 4570 Hoc
3141 4513 3582 4582 contubernium,

1982 4606 2122 4677 quod
2146 4605 2468 4679 Cyprianum
2509 4604 2563 4661 in
2591 4604 2790 4661 Caecilii
2819 4605 2980 4662 domo
3008 4606 3207 4662 indicat
3229 4606 3447 4674 vixisse,
3479 4605 3585 4661 nti-

1982 4719 2083 4760 nus
2111 4703 2357 4775 congruit
2389 4717 2506 4758 cum
2538 4702 2814 4758 hominum
2853 4701 3183 4758 eruditorum
3211 4701 3535 4773 conjecturis
3558 4743 3580 4772 ,

1979 4799 2071 4869 qui
2098 4795 2423 4870 Cyprianum
2451 4810 2673 4851 uxorem
2697 4810 2758 4852 ac
2783 4794 2918 4851 forte
2937 4795 3097 4851 etiam
3116 4794 3310 4852 liberos
3328 4794 3580 4851 habuisse

1980 4891 2167 4947 volunt
2220 4906 2344 4947 cum
2397 4889 2710 4960 religionem
2753 4888 3098 4943 christianum
3143 4888 3421 4957 amplexus
3468 4894 3574 4953 est,

1979 4985 2229 5059 quamvis
2276 4983 2479 5039 nullum
2509 4997 2728 5053 prorsus
2760 4980 2918 5052 hujus
2946 4980 3022 5036 rei
3060 4980 3365 5051 vestigium,
3394 4990 3491 5033 nec
3518 4978 3578 5034 in

1980 5080 2097 5150 ejus
2124 5077 2337 5149 scriptis
2357 5090 2459 5131 nec
2485 5075 2540 5131 in
2567 5074 2709 5130 illius
2740 5073 2854 5129 Vita
2898 5088 3055 5145 quam
3085 5070 3298 5143 scripsit
3323 5068 3572 5138 Pontius,

1981 5170 2435 5243 deprehendatur.
3196 5165 3207 5171 ’
3542 5233 3569 5242 δ

2050 5264 2198 5323 Varii
2226 5262 2608 5336 cogitationum
2637 5269 2798 5317 tostus
2819 5257 3073 5333 Cypriani
3100 5253 3417 5311 alternantis
3438 5268 3575 5311 con-

1981 5359 2292 5417 versionem
2332 5356 2596 5412 demorati
2633 5364 2797 5421 sunt;
2827 5353 2921 5409 sed
2958 5351 3137 5406 statim
3167 5357 3329 5420 atque
3356 5347 3574 5405 veritati

1979 5454 2047 5510 ad
2079 5452 2265 5510 oculos
2291 5449 2570 5523 aﬂ‘ulgenti
2601 5450 2798 5511 cessit,
2832 5456 2995 5502 totam
3043 5458 3104 5501 se
3141 5444 3195 5499 in
3243 5459 3309 5499 eo
3341 5441 3578 5514 profudit

1981 5546 2180 5619 pietas,
2223 5559 2287 5600 ac
2331 5544 2734 5615 Scripturarnm
2783 5537 3021 5595 oraculis
3073 5536 3286 5592 exculta
3331 5544 3574 5591 maturos

1979 5643 2186 5699 fructus
2225 5642 2280 5697 in
2323 5640 2442 5711 ipso
2482 5635 2776 5710 primordio
2816 5631 3027 5689 extulit.
3067 5648 3089 5685 ι
3123 5630 3270 5687 inter
3306 5628 3429 5685 ﬂdei
3460 5641 3576 5683 sua:

1979 5738 2147 5809 prima
2184 5733 2487 5791 rudimenta
2510 5773 2524 5798 ,
2557 5731 2634 5786 ait
2674 5726 2902 5784 Pontius
2924 5768 2940 5794 ,
2982 5724 3115 5781 nihil
3153 5724 3296 5780 aliud
3338 5720 3571 5778 credidit

1979 5835 2091 5890 Deo
2137 5832 2389 5902 dignum,
2425 5840 2583 5898 quam
2623 5824 2667 5878 si
2712 5821 3096 5879 continentiam
3137 5825 3409 5884 tueretur;
3441 5823 3573 5871 tunc

1982 5929 2124 5986 enim
2160 5939 2315 5999 posse
2347 5922 2595 5979 idoneum
2643 5916 2750 5974 ticri
2782 5924 2968 5991 pectus
3005 5923 3059 5971 et
3097 5925 3313 5970 sensum
3359 5907 3425 5964 ad
3452 5905 3572 5983 ple-
