4050 6424
485 354 552 410 79
1669 353 1830 410 VlTA
1867 349 2111 411 SANCTI
2151 349 2499 411 CYPRIANI.
3724 353 3809 412 80

486 487 611 527 nam
642 472 752 529 veri
783 471 1137 542 capacitatem
1166 469 1446 542 pervenire
1465 513 1479 536 ,
1508 469 1552 525 si
1580 472 2075 542 concupiscentiam

488 565 669 621 carnis
717 565 941 622 robusto
1004 576 1167 637 atque
1217 564 1425 636 integro
1476 564 1849 621 sanctimonia:
1905 566 2090 637 vigore

490 659 745 716 calcaret.
776 658 909 727 Quis
933 675 1183 731 umquam
1204 660 1334 714 tanti
1364 658 1603 713 miraculi
1632 659 1915 714 meminit?
1942 658 2089 714 Non-

491 753 621 809 dum
671 751 908 809 secunda
952 753 1199 809 nativitas
1240 766 1439 808 novttm
1478 751 1749 808 hominem
1803 750 2092 822 splendore

496 854 612 902 toto
637 844 833 902 divina:
858 846 991 902 lucis
1014 846 1325 902 oculaverat
1343 888 1357 911 ,
1391 854 1447 902 et
1466 846 1583 916 jam
1614 855 1827 902 veteres
1852 860 1917 901 ac
1952 846 2091 916 pris-

494 940 637 995 tinas
678 939 929 997 tenebras
969 940 1083 994 sola
1127 939 1260 995 lucis
1300 950 1547 1012 paratura
1576 940 1839 996 vincebat.
1868 939 2092 1007 Deinde,

499 1034 649 1104 quod
677 1034 849 1105 majus
867 1043 951 1091 est
969 1076 983 1101 ,
1013 1049 1134 1090 cum
1164 1033 1233 1091 de
1258 1033 1492 1091 lectione
1511 1033 1691 1090 divina
1721 1034 1965 1106 quaedam
1981 1034 2092 1105 jam

496 1144 604 1183 non
653 1142 750 1198 pro
807 1126 1117 1184 conditione
1148 1128 1401 1184 novitatis
1420 1170 1435 1195 ,
1466 1127 1560 1183 sed
1589 1143 1685 1198 pro
1713 1127 1838 1182 ﬁdei
1870 1125 2093 1183 festina-

505 1221 648 1276 tione
674 1219 971 1289 didicisset,
999 1220 1184 1277 slatim
1215 1221 1392 1292 rapuit
1440 1218 1582 1291 quod
1633 1219 1837 1274 invenit
1874 1233 2095 1290 prome-

493 1311 668 1367 rendo
727 1311 954 1368 Domino
986 1310 1343 1383 profuturum.
1371 1309 1648 1366 Distractis
1675 1309 1838 1366 rebus
1861 1310 1994 1377 suis,
2028 1309 2096 1365 ad

498 1401 845 1474 indigentiam
902 1417 1196 1474 pauperum
1262 1401 1670 1458 sustentandam
1725 1409 1835 1456 tota
1895 1401 2096 1472 prtedia

502 1495 677 1567 pretio
703 1495 1045 1567 dispensans,
1077 1495 1184 1551 duo
1214 1495 1355 1552 bona
1398 1495 1557 1551 simul
1575 1495 1778 1566 junxit,
1811 1505 1869 1551 ut
1903 1505 1957 1551 et
1977 1483 2095 1549 aut;

495 1589 756 1646 bitionem
775 1590 961 1647 saeculi
983 1599 1286 1663 sperneret,
1309 1605 1417 1661 quo
1442 1584 1796 1660 perniciosius
1842 1588 1971 1643 nihil
1998 1572 2099 1643 'est

497 1686 554 1739 et
579 1682 1042 1752 misericordiam,
1066 1701 1229 1756 quam
1278 1683 1416 1738 Deus
1455 1683 1617 1738 etiam
1657 1680 1939 1738 sacrificiis
1985 1681 2098 1736 suis

501 1778 772 1849 praetulit,
805 1795 965 1851 qttam
1013 1796 1113 1837 nec
1165 1780 1254 1836 ille
1301 1779 1390 1850 qui
1448 1779 1581 1852 legis
1625 1780 1804 1837 omnia
1846 1777 2097 1834 mandata

500 1888 751 1930 servasse
793 1890 855 1931 se
891 1875 1132 1943 dixerat,
1164 1875 1323 1941 fecit,
1349 1874 1635 1946 impleret:
1665 1882 1719 1929 et
1754 1887 2099 1944 prarpropera

500 1966 788 2023 velocitate
828 1968 1077 2038 pietatis,
1107 1981 1246 2039 pene
1282 1978 1407 2023 ante
1448 1968 1612 2039 capit
1648 1965 1923 2039 perfectus
1944 1980 2096 2034 esse,

498 2073 658 2129 quam
684 2058 936 2116 disceret.
969 2080 989 2114 ι

572 2152 692 2209 Νυιι
730 2154 982 2210 convenit
1010 2152 1151 2210 inter
1174 2152 1418 2211 eruditos
1459 2163 1637 2210 utrum
1663 2152 1971 2210 christianis
2014 2166 2102 2207 sa-

510 2246 621 2302 cris
666 2244 904 2302 initiatus
965 2254 1113 2301 esset
1150 2243 1451 2319 Cyprianus
1490 2261 1614 2302 cum
1658 2260 1720 2302 se
1756 2247 2102 2302 continentia:

510 2340 631 2409 lege
673 2338 996 2406 obstrinxit,
1029 2354 1094 2396 ac
1136 2339 1277 2397 bona
1321 2341 1646 2413 pauperibus
1684 2340 2001 2408 distribuit,
2032 2356 2099 2396 an

502 2431 679 2489 adhuc
703 2432 1123 2489 catechumenus
1149 2433 1405 2504 praeclara
1441 2433 1557 2489 haec
1576 2433 1685 2489 duo
1719 2432 1958 2489 facinora
1981 2432 2098 2489 edi-

504 2524 664 2581 derit.
689 2523 817 2589 Sed,
862 2524 908 2579 si
948 2524 1122 2580 Pontii
1165 2525 1330 2582 verba
1368 2525 2099 2595 considerentur:attentius,

499 2616 585 2671 vix
616 2614 923 2687 ambigendi
949 2615 1100 2672 locus
1122 2617 1411 2688 supererit.
1436 2617 1726 2689 Couceptis
1745 2619 1890 2674 enim
1918 2617 2101 2675 verbis

497 2708 738 2765 declarat
775 2708 1011 2766 nondum
1040 2710 1316 2780 Baptismo
1357 2720 1732 2783 regeneratum
1790 2712 1954 2768 fuisse
1991 2712 2100 2785 Cy-

506 2801 752 2871 prianum
809 2817 931 2857 cum
982 2801 1098 2857 lucc
1143 2802 1480 2875 designavit:
1510 2821 1529 2855 ι
1565 2803 1681 2860 Νοιι
1711 2806 1945 2862 secunda
1968 2807 2104 2861 nati-

500 2895 638 2951 vitas
664 2911 789 2951 eum
816 2896 1155 2965 oculaverat,
1184 2896 1281 2953 sed
1305 2896 1420 2952 sola
1445 2896 1580 2952 lucis
1612 2908 1862 2967 paratura
1887 2907 2103 2956 veteres

510 3002 578 3044 ac
621 2988 875 3059 pristinas
918 2989 1170 3045 tenebras
1207 2988 1476 3046 vincebat.
1510 3008 1530 3042 ι
1563 2987 1733 3045 Paulo
1775 3000 1897 3061 post
1942 2991 2104 3047 allata

502 3084 664 3139 verba
686 3125 703 3151 ,
733 3082 1035 3156 Cyprianus
1088 3082 1287 3140 dicitur
1313 3104 1331 3136 ι
1366 3082 1545 3140 adhuc
1566 3082 1721 3141 rudis
1749 3084 1870 3141 fidei
1900 3087 2061 3141 homo
2084 3127 2102 3154 ,

502 3189 557 3237 et
586 3178 671 3236 cui
718 3179 942 3235 forsitan
983 3178 1225 3236 nondum
1254 3178 1593 3236 crederetur.
1631 3199 1651 3233 ι
1687 3178 1835 3236 [dem
1866 3178 2106 3236 efficitur

506 3289 575 3332 ex
617 3274 701 3329 his
741 3272 952 3330 verbis:
988 3292 1007 3326 ι
1045 3272 1310 3330 Ριωγεηίι
1338 3273 1526 3330 tritura
1558 3283 1887 3341 sementem,
1914 3272 2102 3330 vinde-

504 3366 611 3422 mia
651 3365 947 3438 palmitem,
989 3380 1142 3437 poma
1178 3364 1508 3423 radicem....
1544 3386 1563 3419 ι
1602 3366 1669 3422 Et
1705 3365 1841 3423 infra
1870 3384 1882 3421 :
1914 3386 1933 3420 ι
1963 3367 2102 3435 Quid

500 3470 681 3517 autem
729 3459 871 3516 circa
911 3474 1178 3532 pauperes
1198 3460 1483 3533 episcopus
1515 3460 1755 3530 faceret,
1785 3476 1922 3534 quos
1951 3473 2100 3520 cate-

501 3555 801 3611 chumenus
842 3553 1130 3625 diligebat?
1168 3573 1188 3607 ι
1221 3553 1331 3611 Sed
1374 3553 1772 3625 Tillemontius,
1806 3557 2102 3613 acutissimi

500 3647 689 3717 judicii
714 3646 965 3719 scriptor,
996 3644 1096 3702 hoc
1118 3646 1482 3702 testimonium
1502 3647 1698 3712 Pontii,
1721 3648 1862 3719 quod
1884 3649 2102 3719 quidem

503 3741 702 3797 fatetur
733 3741 788 3796 in
809 3739 1030 3796 dubium
1058 3740 1302 3796 revocari
1333 3754 1440 3795 non
1464 3738 1690 3806 debere,
1712 3741 1990 3798 conciliari
2017 3743 2106 3799 vix

508 3847 669 3902 posse
702 3832 977 3889 existimat
1024 3848 1148 3888 cum
1186 3829 1427 3901 Epistola
1472 3831 1544 3885 ad
1582 3831 1872 3899 Donatum,
1906 3833 1958 3888 in
1999 3848 2104 3904 qua

506 3924 830 3997 Cyprianus,
860 3932 921 3979 ut
949 3924 1111 3980 modo
1135 3923 1399 3990 vidimus,
1427 3926 1864 3983 emendationem
1892 3944 2103 3984 morum

506 4026 561 4071 ct
594 4016 720 4072 vitae
761 4015 1109 4072 mutationem
1152 4030 1222 4073 ne
1259 4018 1584 4090 cogitatione
1622 4020 1839 4091 quidem
1885 4021 1937 4077 in
1977 4037 2107 4076 con-

506 4109 772 4165 versionis
793 4108 1084 4180 primordio
1109 4109 1324 4183 assequi
1354 4126 1415 4167 se
1443 4111 1682 4183 potuisse
1709 4112 1970 4181 declarat,
1999 4129 2097 4170 ne-

510 4202 639 4258 dum
670 4210 778 4258 tam
810 4202 1029 4259 fervidis
1062 4202 1229 4261 initiis
1254 4217 1482 4260 exorsus
1507 4206 1618 4261 sit:
1657 4225 1676 4258 ι
1722 4206 2107 4278 Desperatione

512 4293 827 4360 meliorum,
858 4294 1064 4365 inquit,
1091 4296 1246 4352 malis
1281 4295 1418 4353 meis
1456 4296 1618 4352 veluti
1636 4297 1747 4368 jam
1777 4300 2006 4370 prepriis
2042 4314 2108 4355 ac

510 4386 815 4443 vernaculis
846 4384 1114 4444 favebam.
1150 4407 1169 4441 ι
1200 4388 1474 4446 Ριωιειειι
1504 4380 1782 4461 Baptismo
1829 4402 2105 4465 acceptam

512 4478 676 4534 refert
704 4478 1134 4536 emendationem
1166 4496 1376 4536 tuorum
1399 4497 1641 4546 suorum,
1674 4492 1728 4537 et
1763 4503 1782 4535 ι
1823 4494 2102 4558 postquam

500 4567 671 4625 unda:
708 4570 955 4642 genitalis
979 4570 1180 4627 auxilio
1223 4572 1520 4642 superioris
1561 4575 1660 4629 :evi
1708 4575 1828 4632 labe
1862 4576 2097 4643 detersa,

513 4662 568 4717 in
589 4664 859 4732 expiatum
887 4671 1071 4734 pectus
1096 4680 1159 4719 ac
1190 4679 1381 4735 purum
1403 4664 1640 4738 desuper
1660 4683 1720 4724 se
1746 4669 1928 4726 lumen
1959 4670 2104 4728 infu-

511 4751 621 4818 dit,
656 4772 676 4806 ι
712 4761 821 4809 ιιιιιι
851 4769 978 4810 vero
1004 4755 1289 4827 agnovisse
1327 4771 1387 4813 se
1411 4756 1544 4813 dicit
1574 4758 1731 4815 facile
1756 4776 1881 4817 esse
1912 4781 1930 4813 ι
1963 4763 2105 4834 quod

512 4852 670 4901 antea
697 4844 919 4901 difficile
949 4844 1249 4913 videbatur,
1273 4849 1387 4918 geri
1419 4864 1577 4919 posse
1599 4850 1742 4921 quod
1772 4851 2107 4924 impossibile

510 4938 818 5009 putabatur.
856 4958 875 4992 ι
905 4939 1185 5008 Quomodo
1226 4956 1356 5014 ergo
1384 4952 1463 4999 tot
1498 4943 1753 5002 virtutum
1785 4958 2102 5005 ornamenta

512 5041 639 5089 ante
667 5032 997 5105 Baptismum
1024 5036 1281 5106 consequi
1305 5038 1521 5106 potuit?

585 5122 655 5179 Ut
695 5124 810 5181 hazc
856 5124 1147 5182 difficultas
1189 5128 1544 5198 expediatur,
1576 5133 1973 5190 observandum
2024 5145 2108 5192 est

511 5219 569 5275 1⁵
595 5217 772 5277 minus
797 5228 1049 5277 accurate
1070 5220 1468 5280 Tillemontium
1501 5225 1568 5281 ad
1599 5226 1746 5284 initia
1795 5229 2105 5289 christiana:

511 5310 864 5382 professionis
901 5311 1108 5370 referre
1161 5313 1351 5371 dubias
1403 5316 1522 5372 illas
1556 5320 1909 5390 cogitationes
1984 5341 2105 5397 quae

509 5404 835 5475 Cyprianum
892 5414 1020 5462 ante
1054 5408 1465 5464 conversionem
1514 5409 1620 5467 huc
1655 5416 1709 5468 et
1749 5413 1877 5471 illuc
1920 5406 2103 5475 trahe;

511 5494 665 5553 bant.
690 5495 938 5553 Nondum
983 5500 1128 5556 enim
1172 5499 1430 5557 credebat
1456 5502 1508 5558 in
1535 5502 1810 5562 Christum
1844 5523 1967 5565 cum
2026 5512 2105 5569 sie

507 5589 690 5643 animo
726 5587 1027 5656 fluctuaret,
1062 5591 1178 5656 sed,
1226 5601 1281 5648 ut
1323 5593 1439 5664 ipse
1478 5606 1686 5664 narrat,
1718 5618 1737 5651 ι
1769 5598 1822 5654 in
1868 5603 2105 5663 tenebris

509 5691 670 5755 atque
699 5682 751 5737 in
798 5691 957 5740 nocte
982 5699 1121 5742 caeca
1148 5686 1363 5758 jacehat
1388 5705 1402 5755 ;
1431 5689 1482 5744 in
1506 5690 1624 5747 salo
1645 5690 1898 5763 jactantis
1919 5700 2102 5756 saeculi

508 5776 852 5834 nutabundus
878 5791 943 5833 ac
966 5777 1160 5836 dubius
1176 5782 1412 5854 vestigiis
1424 5784 1800 5846 oberrantibus
1835 5809 1854 5843 ι
1877 5789 2099 5850 ﬂuctua-

507 5869 621 5943 bat,
656 5888 675 5923 ι
702 5870 824 5928 vitae
852 5883 966 5927 suae
992 5871 1238 5943 nescius,
1272 5876 1514 5933 veritatis
1552 5893 1614 5936 ac
1654 5879 1789 5938 lucis
1817 5882 2042 5944 alienus.
2073 5907 2094 5942 ι

2199 471 2377 530 Facile
2411 490 2541 546 ergo
2578 473 2802 530 Pontius
2845 488 2965 529 cum
3005 475 3277 548 Cypriano
3305 474 3661 537 conciliatur;
3693 486 3806 529 nec

2198 566 2400 622 mirum
2427 567 2475 621 si
2509 568 2713 638 primus
2735 567 3088 639 Cyprianum,
3119 577 3399 640 postquam
3428 567 3637 623 veritati
3673 583 3799 623 ma-

2196 675 2296 713 nus
2347 657 2522 725 dedit,
2552 658 2619 713 ad
2660 660 2878 714 virtutis
2927 675 3199 715 summum
3239 660 3483 716 evolasse
3526 667 3801 725 testatur,

2196 754 2440 824 quamvis
2473 752 2776 825 Cyprianus
2816 752 2932 822 ipse
2974 769 3182 809 morum
3213 767 3435 808 suorum
3463 752 3805 808 emendatio-

2198 860 2324 901 nem
2355 855 2481 900 ante
2507 856 2787 916 acceptum
2812 844 2934 902 fidei
2969 845 3176 900 donum
3204 845 3564 916 desperasset.
3593 843 3654 899 2°
3675 844 3802 901 Non

2198 937 2471 993 immerito
2513 936 2817 1011 Cyprianus
2860 938 3278 994 renovationent
3305 936 3471 993 animi
3504 937 3585 993 sui
3612 946 3667 993 ct
3695 952 3803 992 no-

2198 1044 2319 1084 vam
2357 1029 2687 1086 creationem
2724 1029 3001 1102 Baptismo
3041 1029 3311 1097 attribuit,
3341 1030 3583 1101 quamvis
3614 1030 3804 1087 multis

2194 1119 2306 1190 jam
2335 1120 2624 1177 virtutibus
2667 1123 2962 1178 instructus
2990 1121 3056 1176 ad
3083 1122 3415 1193 Baptismum
3454 1123 3801 1179 accessisset.

2200 1215 2291 1272 Sic
2329 1216 2472 1272 enim
2509 1232 2726 1289 semper
2770 1216 2890 1273 tulit
2933 1216 3289 1273 ecclesiastici
3316 1216 3653 1274 consuetudo
3676 1232 3802 1273 ser-

2200 1311 2407 1374 monis,
2437 1319 2513 1379 ut,
2539 1327 2661 1366 cum
2697 1311 2763 1366 ad
2809 1312 3138 1383 Baptismum
3203 1325 3363 1367 nemo
3426 1310 3804 1367 admitteretur

2174 1404 2306 1459 -nisi
2336 1413 2459 1476 post
2495 1403 2662 1459 multa
2699 1404 3001 1460 emendate
3050 1404 3177 1459 vitae
3204 1403 3431 1469 indicia,
3466 1404 3581 1476 ipsa
3619 1414 3801 1477 tamen

2204 1497 2489 1553 renovatio
2512 1504 2568 1552 et
2593 1512 2730 1551 nova
2752 1497 2954 1553 creatio
2983 1497 3240 1567 Baptismi
3271 1495 3476 1552 fructus
3501 1510 3623 1553 esse
3648 1496 3803 1552 dice-

2206 1600 2372 1646 retur.
2397 1589 2531 1646 llinc
2557 1589 2684 1645 illud
2721 1588 2907 1661 Cyrilli
2954 1588 3427 1660 llierosolymitani
3460 1589 3717 1645 Galeriani
3740 1605 3802 1645 ιιι

2208 1683 2287 1754 (p.
2311 1683 2410 1754 45)
2441 1702 2454 1737 :
2487 1702 2507 1736 ι
2544 1682 2784 1739 Mortuus
2811 1685 2865 1739 in
2882 1684 3115 1754 peccatis
3137 1682 3480 1749 descendisti,
3511 1682 3807 1740 vivificattts

2206 1779 2457 1833 ascendis
2480 1778 2532 1834 in
2551 1777 2779 1847 justitia.
2817 1797 2836 1830 ι
2867 1776 2985 1833 Νοιι
3010 1777 3232 1834 dubium
3251 1788 3430 1833 tamen
3455 1778 3587 1848 quin
3613 1792 3677 1832 ex
3706 1791 3801 1833 ca-

2208 1872 2550 1929 techumenis
2597 1887 2735 1942 quos
2770 1870 3005 1942 Cyrillus
3031 1870 3348 1941 erudiebat,
3380 1887 3487 1928 non
3516 1870 3663 1942 pauci
3688 1870 3805 1942 jam

2210 1982 2439 2038 magnos
2488 1965 2752 2021 haberent
2804 1966 2858 2020 in
2912 1965 3113 2022 virtute
3161 1979 3509 2037 progressus;
3546 1980 3612 2022 ac
3662 1964 3803 2022 forte

2207 2058 2373 2113 etiam
2418 2057 2768 2113 continentia:
2821 2065 2945 2112 voto
2983 2070 3108 2114 sese
3140 2056 3385 2112 nonnulli
3414 2056 3798 2128 obligaverant,

2208 2158 2268 2204 ut
2309 2148 2563 2203 observat
2600 2147 2951 2204 doctissimus
2993 2148 3171 2204 editor
3200 2149 3253 2205 in
3284 2148 3426 2205 notis
3468 2149 3535 2205 ad
3577 2148 3689 2204 Cat.
3721 2165 3802 2217 tv,

2209 2244 2289 2320 (p.
2314 2244 2425 2316 62).
2450 2243 2567 2301 Non
2599 2255 2684 2300 est
2713 2242 2871 2314 hujus
2900 2244 3128 2300 instituti
3146 2244 3392 2300 usitatam
3413 2244 3803 2302 sanctisl’atri-

2208 2341 2307 2396 bus
2345 2351 2401 2397 et
2436 2340 2698 2411 theologis
2718 2338 3029 2395 disserendi
3055 2339 3319 2396 rationem
3351 2339 3677 2409 explanare,
3705 2338 3800 2395 sed

2207 2443 2358 2491 certe
2403 2448 2471 2489 ex
2524 2447 2587 2489 ea
2624 2432 2967 2504 perspicuum
3010 2441 3091 2487 est
3121 2430 3371 2489 Pontium
3398 2441 3454 2488 et
3477 2432 3800 2502 Cyprianum

2206 2524 2349 2582 inter
2384 2541 2444 2582 se
2476 2540 2584 2581 non
2639 2541 2879 2597 pugnare
2913 2526 3039 2582 dum
3066 2526 3202 2582 alter
3249 2527 3508 2596 prteclare
3535 2525 3670 2582 facta
3692 2525 3802 2598 Cy-

2211 2619 2389 2690 priani
2414 2634 2543 2677 sese
2570 2618 2637 2675 ad
2665 2619 2998 2691 Baptismutn
3040 2620 3395 2689 pra-parantis
3421 2628 3635 2687 narrat,
3666 2620 3804 2675 alter

2209 2714 2484 2785 Baptismo
2522 2712 2792 2785 adjudicat
2811 2713 3070 2784 quidquid
3104 2722 3160 2769 et
3205 2714 3259 2768 in
3288 2714 3399 2783 ipsa
3425 2713 3682 2784 Baptismi
3707 2712 3803 2767 ad-

2209 2808 2606 2865 ministratione
2644 2818 2701 2865 et
2743 2807 2798 2863 in
2836 2809 3034 2880 praevia
3075 2807 3421 2865 meditatione
3451 2817 3507 2863 et
3528 2807 3801 2864 exercita-

2211 2900 2358 2957 tione
2412 2908 2740 2956 consecutus
2790 2898 2995 2966 fuerat;
3025 2898 3166 2956 addo
3218 2899 3381 2955 etiam
3430 2897 3687 2972 quidquid
3744 2899 3795 2955 in

2208 2990 2648 3049 Conlirmationis
2675 3003 3021 3050 sacramento
3056 3003 3109 3049 et
3141 2991 3193 3047 in
3224 2991 3471 3063 corporis
3499 3001 3557 3049 et
3582 2993 3804 3063 sangui-

2208 3084 2291 3140 nis
2316 3081 2519 3140 Christi
2547 3084 2930 3142 communione
2949 3126 2965 3151 ,
2996 3100 3116 3156 quae
3145 3084 3255 3141 duo
3278 3093 3615 3141 sacramenta
3642 3083 3804 3141 simul

2208 3192 2332 3234 cum
2364 3177 2641 3249 Baptismo
2666 3177 2903 3235 conferri
2933 3177 3195 3235 solebant.

2280 3275 2399 3341 Quo
2425 3286 2568 3327 anno
2603 3285 2898 3328 conversus
2924 3270 3087 3328 fuerit
3107 3281 3163 3329 et
3185 3272 3487 3344 baptizatus
3504 3271 3800 3344 Cyprianus

2208 3383 2273 3423 ex
2305 3367 2422 3437 ejus
2459 3364 2803 3439 episcopatus
2833 3366 2987 3423 initio
3008 3366 3308 3424 existimari
3344 3367 3524 3423 debet.
3550 3366 3714 3432 Nam,
3743 3374 3805 3422 ut

2209 3460 2283 3515 ait
2330 3459 2574 3526 Pontius,
2615 3478 2633 3511 ι
2670 3459 2735 3515 ad
2767 3458 3007 3517 officium
3048 3458 3337 3518 sacerdotii
3375 3471 3433 3517 et
3466 3460 3804 3532 episcopatus

2206 3551 2433 3623 gradum
2473 3552 2650 3609 adhuc
2679 3551 2979 3626 neopbytus
3014 3561 3102 3621 et,
3134 3563 3195 3609 ut
3224 3553 3536 3626 putabatur,
3564 3553 3805 3610 novellus

2208 3646 2415 3703 electus
2443 3656 2546 3704 est.
2584 3666 2603 3700 ι
2635 3646 2835 3716 Quare.
2879 3655 2999 3704 cum
3044 3647 3330 3720 episcopus
3387 3662 3530 3704 anno
3570 3647 3681 3704 2&8
3716 3656 3807 3702 aut

2212 3740 2321 3798 249
2351 3750 2564 3798 creatus
2630 3741 2792 3797 fuerit
2828 3752 2908 3807 ut,
2945 3740 3110 3798 modo
3138 3741 3471 3807 videbimus,
3501 3739 3804 3813 Baptismus

2211 3850 2317 3891 non
2358 3835 2698 3892 incommode
2726 3835 2794 3891 ad
2832 3851 3032 3891 annum
3080 3834 3189 3891 ΞΗ
3236 3844 3328 3891 aut
3375 3834 3485 3891 245
3521 3834 3804 3892 referetur.

2210 3927 2314 3983 Alii
2340 3927 2406 3984 ad
2441 3944 2642 3985 annum
2690 3928 2801 3984 246
2839 3928 3112 3994 referunt,
3140 3927 3235 3984 sed
3277 3927 3346 3983 de
3370 3927 3455 3983 bis
3484 3930 3646 3985 rebus
3670 3926 3802 3983 nihil

2212 4020 2423 4077 videtur
2450 4030 2601 4077 certo
2632 4036 2789 4091 posse
2813 4020 3085 4077 constitui.
3112 4020 3333 4076 Frustra
3361 4031 3541 4078 autem
3572 4019 3809 4091 inquira-

2212 4122 2298 4168 tur
2327 4129 2434 4184 quo
2456 4113 2586 4169 anni
2612 4123 2850 4185 tempore
2876 4113 3174 4184 baptizatus
3204 4113 3298 4169 sit.
3320 4113 3436 4170 Hoc
3460 4119 3802 4170 sacramento

2211 4205 2482 4261 initiatum
2525 4205 2688 4261 fuisse
2733 4206 2876 4262 inter
2914 4205 3117 4262 Pascha
3142 4215 3197 4262 et
3225 4206 3584 4263 Pentecosten
3611 4203 3803 4262 existi-

2210 4309 2359 4356 ntant
2384 4297 2710 4355 Pearsonius
2738 4307 2794 4354 et
2821 4298 2910 4353 alii
2943 4298 3220 4366 nonnulli,
3260 4319 3278 4352 ι
3314 4298 3442 4369 quia
3468 4298 3573 4355 hoc
3602 4307 3833 4369 tempe--

2212 4395 2286 4451 ris
2315 4394 2546 4465 spatium
2588 4393 2907 4451 ordinandis
2933 4394 3163 4451 lavacris
3196 4394 3250 4449 in
3283 4392 3466 4451 Africa
3492 4392 3807 4465 deputatum

2209 4495 2348 4543 erat.
2376 4505 2398 4540 ι
2430 4486 2652 4555 Verum,
2682 4487 2783 4543 etsi
2809 4486 2864 4542 hi
2886 4485 3003 4543 dies
3031 4485 3298 4558 praecipue
3324 4495 3510 4544 essent
3539 4484 3809 4556 Baptismo

2211 4584 2530 4651 consecrati,
2562 4582 2693 4638 nihil
2724 4591 2902 4639 tamen
2931 4582 3146 4639 vetabat
3200 4581 3486 4653 quominus
3539 4579 3808 4651 Baptisma

2211 4678 2332 4733 aliis
2372 4678 2702 4749 temporibus
2746 4677 2998 4743 daretur,
3040 4675 3085 4731 si
3131 4692 3253 4745 qua:
3296 4689 3475 4731 causa:
3504 4673 3807 4731 inciderent

2213 4771 2468 4842 Baptismi
2490 4780 2611 4842 post
2631 4769 2901 4826 solemnes
2928 4769 3044 4826 dies
3063 4768 3343 4827 differendi
3370 4811 3385 4836 ,
3414 4768 3501 4826 vel
3521 4769 3682 4825 etiam
3705 4782 3808 4821 an-

2215 4862 2489 4935 ticipandi.
2531 4862 2730 4918 Probat
2776 4859 3143 4918 Tertullianus
3187 4862 3239 4917 in
3282 4861 3420 4920 libro
3455 4862 3519 4917 de
3545 4861 3807 4932 Baptismo

2211 4955 2346 5012 nihil
2386 4971 2509 5012 esse
2555 4955 2881 5013 incommodi
2942 4956 2987 5011 si
3027 4954 3299 5028 Baptismo
3345 4965 3499 5012 extra
3536 4956 3807 5012 solemnes

2211 5048 2326 5105 dies
2366 5049 2525 5117 justis
2568 5048 2637 5105 de
2679 5048 2858 5106 causis
2902 5048 3264 5120 suscipiatur:
3293 5066 3312 5100 ι
3344 5049 3494 5105 Diem
3528 5047 3803 5119 Baptismo

2210 5143 2622 5213 solemniorem,
2669 5143 2872 5215 inquit,
2926 5142 3130 5199 Pascha
3188 5150 3549 5214 praestat......
3597 5138 3807 5196 Exinde

2212 5236 2532 5294 Pentecoste
2562 5235 2875 5292 ordinandis
2914 5235 3142 5291 lavacris
3184 5235 3509 5291 latissimum
3554 5231 3779 5305 Spatium

2212 5341 2439 5389 cst......
2464 5330 2730 5388 Caeterum
2768 5330 2943 5386 omnis
2972 5331 3086 5387 dies
3115 5328 3327 5385 Domini
3363 5339 3476 5396 est,
3501 5325 3679 5382 omnis
3704 5324 3803 5378 ho-

2213 5441 2269 5482 ra
2289 5468 2304 5492 ,
2335 5439 2495 5481 omne
2525 5434 2736 5497 tempus
2756 5423 2935 5481 habile
2956 5424 3230 5497 Baptismo
3263 5444 3275 5480 :
3307 5422 3350 5477 si
3375 5420 3443 5478 de
3463 5418 3804 5476 Solemnitate

2212 5521 2468 5589 interest,
2515 5520 2583 5576 de
2635 5519 2808 5592 gratia
2866 5518 2997 5574 nihil
3050 5518 3234 5575 refert.
3275 5537 3293 5568 ι
3352 5517 3559 5573 lncrtes
3610 5521 3794 5569 autem

2210 5612 2467 5684 Baptismi
2496 5611 2756 5668 dilatores
2778 5610 3020 5683 pluribus
3042 5610 3267 5681 castigat
3292 5610 3350 5667 S.
3378 5606 3671 5680 Gregorius
3692 5604 3797 5661 Na—

2210 5707 2499 5763 zianzenus
2525 5705 2577 5761 in
2612 5704 2762 5762 Orat.
2794 5721 2863 5761 xi.
2883 5744 2897 5770 ,
2925 5720 3026 5761 nec
3057 5703 3247 5775 probat
3277 5700 3419 5775 quod
3445 5701 3627 5758 dicere
3658 5697 3803 5754 θοις.

2210 5798 2340 5856 bant
2367 5818 2381 5853 :
2416 5820 2435 5852 ι
2462 5799 2753 5856 Luminum
2784 5802 2975 5855 festum
2997 5807 3252 5868 exspecto
3278 5812 3292 5852 :
3319 5794 3596 5852 Paschalis
3613 5792 3803 5849 festtun

2220 5894 2386 5968 pluris
2424 5894 2561 5954 facio
2588 5914 2602 5950 :
2626 5894 2982 5953 Pentecosten
3027 5890 3376 5968 exspectabo.
3414 5888 3552 5949 Cum
3588 5887 3801 5947 Christo
