4050 6436
237 417 298 476 5|
1450 415 1613 476 VlTA
1648 414 1891 484 SANCTI
1931 414 2276 475 CYPRIANI.
3472 425 3551 486 82'

233 536 493 612 baptizari
543 543 795 608 prtestat,
829 549 951 593 cum
979 532 1192 591 Christo
1223 534 1276 591 in
1304 532 1713 591 resurrectionis
1744 531 1833 590 die

239 633 307 690 ad
372 631 532 688 vitam
589 631 815 697 redire,
868 630 1099 704 Spiritus
1144 629 1431 686 adventum
1484 628 1768 685 honorare.
1803 649 1821 683 ι

312 725 400 780 Ait
424 723 652 780 Pontius
698 724 861 779 multa
897 721 1225 794 Cyprianum
1256 722 1435 777 adhuc
1463 720 1727 792 plebeium
1757 722 1835 777 fe-

241 817 383 874 cisse
421 817 489 873 ad
534 826 776 874 veterum
817 818 1060 889 exempla
1081 817 1355 888 jttstorum
1378 858 1393 884 ,
1423 827 1476 871 et
1506 817 1549 871 si
1580 816 1722 888 quod
1745 832 1837 872 eo-

238 927 357 968 rum
398 910 658 983 pra-clare
689 910 889 967 factum
921 911 1214 982 Scriptura:
1240 910 1558 966 auctoritate
1585 925 1839 982 compro-

239 1005 423 1063 batum
464 1013 520 1062 et
568 1004 845 1061 laudatum
895 1004 1136 1071 videret,
1167 1004 1217 1060 id
1266 1005 1567 1060 imitatione
1621 1005 1837 1073 assequi

240 1108 489 1156 conatum
535 1097 1002 1170 esse.Pr0pheti:c
1047 1098 1191 1155 dnuo
1235 1108 1489 1154 ornatum
1547 1098 1713 1154 fuisse
1741 1095 1837 1170 Cy-

241 1193 489 1266 prianunt
526 1194 690 1249 multa
730 1192 798 1248 ab
838 1207 904 1248 eo
931 1190 997 1247 ad
1026 1191 1283 1248 Ecclesia:
1313 1191 1600 1248 utilitatem
1628 1206 1835 1263 prreco-

239 1287 386 1361 gnita
429 1297 482 1343 et
517 1286 774 1358 prmdicta
817 1294 1097 1343 teSIantur.
1129 1284 1234 1343 Sed
1280 1301 1385 1341 non
1428 1286 1621 1342 desunt
1649 1288 1736 1357 qui
1767 1302 1834 1344 ex

240 1381 478 1453 Epistula
501 1381 569 1435 ad
608 1378 882 1445 Donatum,
930 1394 1089 1451 quam
1121 1394 1311 1436 recens
1332 1395 1361 1435 a
1394 1379 1668 1451 Baptismo
1695 1382 1851 1437 seri-.

239 1473 509 1550 psit,jam
553 1484 662 1528 tum
703 1472 856 1529 illum
899 1471 1057 1544 hujus
1097 1471 1224 1528 doni
1263 1481 1319 1528 et
1346 1471 1576 1544 plurium
1607 1473 1839 1529 aliorum

242 1566 555 1639 participem
597 1563 763 1621 fuisse
801 1563 1072 1636 colligant.
1101 1563 1190 1620 Sic
1237 1565 1382 1620 enim
1408 1563 1547 1619 dona
1571 1564 1657 1619 illa
1688 1579 1838 1619 com-

242 1669 539 1728 memorat,
570 1661 649 1716 sic
691 1660 829 1716 alios
875 1659 1122 1715 hortatur
1151 1659 1216 1715 ad
1248 1676 1307 1715 ea
1335 1660 1719 1731 consequentia
1738 1703 1754 1729 ,
1784 1670 1840 1716 ιιι

242 1754 361 1827 ipse
406 1753 513 1809 illis
557 1754 798 1810 caruisse
843 1768 949 1808 non
980 1752 1266 1808 videatur:
1301 1772 1321 1805 ι
1348 1753 1603 1809 Nostrum
1633 1762 1839 1810 tantum

242 1848 386 1903 sitiat
427 1856 650 1918 pectus,
679 1847 887 1918 inquit,
921 1854 975 1902 et
1011 1855 1224 1917 pateat:
1251 1855 1508 1916 quantum
1547 1847 1675 1903 illuc
1718 1846 1838 1904 fidei

243 1941 458 2012 capacis
486 1939 792 2007 all‘erimus,
824 1948 1030 1995 tantum
1079 1940 1266 2011 grati-.e
1309 1939 1618 1996 inundantis
1662 1940 1841 1996 hauri-

247 2050 389 2091 mus.
411 2033 545 2105 lnde
564 2033 680 2105 jam
708 2031 938 2089 facultas
957 2033 1135 2103 datur,
1158 2034 1404 2090 castitate
1426 2034 1626 2099 sobria,
1660 2045 1841 2091 mente

243 2131 449 2203 integra
474 2173 488 2199 ,
521 2146 656 2189 voce
682 2146 813 2202 pura
832 2174 846 2201 ,
879 2132 1078 2188 virtute
1105 2131 1338 2197 sincera,
1373 2134 1424 2187 in
1449 2133 1717 2190 medelam
1745 2134 1840 2189 do.

243 2223 465 2281 lentium
505 2239 663 2296 posse
710 2239 1038 2281 venenorum
1066 2226 1211 2281 virus
1243 2226 1558 2298 extinguere
1582 2269 1596 2295 ,
1629 2227 1838 2282 animo-

242 2334 360 2376 rum
387 2318 768 2389 desipientinm
799 2318 945 2375 labes
970 2318 1182 2375 reddita
1212 2320 1445 2376 sanitate
1465 2304 1694 2392 purgare
1714 2363 1728 2387 ,
1761 2321 1842 2376 iu-

242 2413 392 2468 festis
417 2411 611 2483 jubere
653 2427 862 2483 pacem,
888 2412 1135 2468 violentis
1177 2413 1437 2483 quietem,
1463 2412 1841 2471 ferocientibus

242 2505 551 2571 lenitatem,
602 2505 909 2560 immundus
944 2514 998 2560 et
1042 2506 1303 2561 erraticas
1352 2506 1608 2578 spiritus,
1651 2508 1739 2579 qui
1783 2523 1843 2565 se

243 2599 613 2670 expugnandis
661 2600 970 2656 hominibus
1013 2601 1399 2665 imnierscrint,
1426 2600 1496 2655 ad
1539 2601 1855 2673 confessio:

243 2708 366 2752 nem
395 2692 554 2748 minis
582 2692 989 2763 increpantibus
1017 2707 1240 2763 cogere,
1273 2703 1382 2750 etc.
1425 2713 1444 2746 ι

245 2833 330 2892 ill.
360 2864 429 2875 ο·-
461 2850 528 2890 nr.
572 2848 777 2889 smnus
807 2848 874 2888 ενι·
918 2847 1151 2888 scmrrts
1177 2848 1222 2885 s.
1252 2845 1492 2886 creatam
1526 2847 1555 2885 Α
1589 2844 1844 2887 earrtsuo

684 2940 811 2988 L'SQU
821 2941 849 2980 Ε
891 2941 958 2980 ΔΙ)
996 2937 1415 2980 OBDINATIONEM.

228 3146 233 3151 Ξ
318 3070 433 3127 Non
478 3069 697 3127 dubium
756 3081 840 3127 est
894 3070 1020 3143 quin
1072 3070 1212 3140 quod
1245 3070 1454 3126 efﬂuxit
1511 3070 1769 3141 temporis
1813 3083 1843 3123 a

246 3163 519 3236 Baptismo
568 3163 633 3219 ad
690 3162 1120 3229 Ordinationcm,
1153 3161 1203 3217 id
1251 3176 1412 3218 omne
1440 3161 1739 3234 Cyprianus
1767 3160 1845 3215 in-

246 3256 537 3327 sutnpserit
576 3258 628 3310 in
663 3255 955 3326 Scripturis
984 3254 1254 3326 legendis,
1286 3254 1337 3310 iu
1365 3255 1721 3325 scriptoribus
1747 3270 1836 3312 ec-

251 3350 566 3407 clesiasticis
598 3349 1123 3421 evolvendis,iisqtte
1153 3348 1403 3405 omnibus
1435 3348 1757 3406 meditandis
1792 3358 1849 3405 et

247 3444 566 3517 colligendis
611 3461 732 3516 quae
793 3452 974 3515 postea
1028 3442 1080 3498 in
1132 3442 1250 3499 luce
1294 3450 1348 3498 et
1386 3443 1437 3497 itt
1479 3442 1650 3497 oculis
1687 3443 1849 3497 totius

250 3540 509 3596 Ecclesia:
546 3538 907 3616 deprompsit.
940 3534 1327 3591 Tcrtnllianum
1377 3533 1517 3590 inter
1558 3533 1850 3603 scriptores

251 3631 653 3689 ecclesiasticos
680 3630 949 3701 prmcipue
975 3627 1187 3685 videtur
1212 3627 1513 3684 adamasse.
1544 3626 1740 3682 Nolunt
1771 3634 1853 3680 est

252 3726 503 3782 omnibus
527 3723 668 3797 quod
700 3722 869 3780 retert
894 3723 1254 3794 Hieronymus
1276 3721 1327 3776 iit
1356 3721 1493 3777 libro
1516 3720 1586 3777 de
1612 3721 1849 3792 Scripto-

158 3824 165 3833 '
250 3822 392 3878 ribus
421 3819 777 3878 ecclesiasticis
803 3819 997 3874 vidisse
1023 3832 1083 3874 se
1118 3836 1138 3870 ι
1162 3814 1446 3888 quemdam
1475 3815 1698 3873 Paulum
1715 3814 1855 3870 Con-

254 3915 493 3982 cordizc,
530 3912 675 3987 quod
717 3912 886 3969 Italia:
933 3909 1189 3982 oppidum
1234 3917 1348 3977 est,
1389 3924 1607 3974 senem,
1646 3909 1737 3980 qui
1796 3924 1855 3965 se

255 4008 399 4064 beati
419 4005 795 4080 Cyprianijarn
816 4004 1037 4078 grandis
1056 4003 1233 4058 (etatis
1264 4003 1529 4058 notarium
1549 4046 1563 4070 ,
1587 4016 1708 4058 cum
1740 4002 1857 4074 ipse

259 4101 549 4165 admodum
599 4108 746 4157 esset
789 4097 1141 4163 adolescens,
1178 4096 1362 4153 Romre
1384 4097 1585 4153 vidisse
1615 4096 1852 4165 diceret,

257 4198 567 4264 reierreque
592 4192 694 4250 sibi
723 4193 941 4249 solitum
974 4208 1262 4263 numquam
1303 4191 1626 4264 Cyprianum
1657 4192 1859 4263 absque

258 4288 575 4345 Tertulliani
620 4288 854 4344 lectione
894 4301 1053 4342 unam
1097 4285 1239 4341 dicat
1279 4286 1632 4356 prteteriisse,
1667 4300 1730 4340 ac
1759 4285 1863 4341 sibi

259 4384 451 4439 crebro
497 4382 722 4437 dicere:
757 4379 835 4434 Da
888 4380 1217 4451 magistrum;
1275 4378 1659 4434 Tertulliauum
1712 4377 1864 4435 vide-

260 4481 390 4536 licet
429 4478 757 4549 significans.
793 4495 811 4528 ι
841 4474 970 4541 Sed,
1018 4473 1061 4528 si
1108 4473 1316 4545 legendi
1365 4471 1683 4528 Tertulliani
1727 4472 1865 4529 adeo

264 4572 543 4632 studiosus
564 4569 666 4624 fuit
690 4566 1022 4642 Cyprianus,
1057 4581 1162 4623 non
1194 4568 1369 4623 minus
1398 4568 1689 4639 diligentia:
1711 4566 1866 4625 adhi-

264 4668 385 4725 buit
411 4668 461 4721 iit
486 4666 602 4737 ejus
632 4662 907 4721 erroribus
927 4661 1181 4719 cavendis
1205 4662 1288 4719 vel
1313 4662 1489 4735 potius
1534 4662 1865 4719 refellendis.

264 4762 423 4827 Nam,
455 4769 512 4815 nt
531 4759 768 4815 omittam
804 4756 1059 4823 unitatem
1090 4757 1363 4826 Ecclesiae,
1393 4774 1571 4830 quam,
1597 4774 1626 4813 a
1652 4758 1867 4814 Tertul-

270 4855 417 4910 liano
452 4852 726 4915 violatam,
758 4859 975 4907 strenue
1002 4849 1243 4907 defendit
1267 4849 1585 4924 Cyprianus,
1612 4861 1742 4922 quot
1768 4866 1869 4908 ex-

271 4956 389 5003 tant
410 4947 579 5003 sancti
606 4943 855 5018 Martyris
884 4945 1165 5001 semeutiae
1183 4944 1396 5016 dejusta
1418 4946 1468 5001 in
1487 4947 1664 5018 lapsos
1691 4945 1871 5002 indul-

271 5041 476 5113 gentia,
507 5037 731 5094 totidem
763 5037 1013 5092 videntur
1035 5051 1156 5095 esse
1183 5039 1235 5094 in
1258 5038 1648 5094 Tertulliantun
1677 5039 1870 5095 aculei.

346 5134 460 5192 Non
504 5136 675 5191 multo
713 5145 832 5206 post
878 5136 1208 5207 Baptismum
1249 5132 1314 5188 ad
1345 5132 1711 5189 defensionem
1745 5132 1874 5188 reli-

274 5227 449 5299 gionis
480 5236 533 5283 et
559 5227 625 5281 ad
658 5242 864 5282 morum
902 5228 1335 5283 informationem
1361 5226 1636 5298 ingenium
1662 5225 1879 5281 exacuit

277 5320 598 5391 Cyprianus.
637 5320 716 5376 Ad
758 5321 858 5375 hoc
906 5320 1049 5375 enim
1093 5330 1302 5391 tempus
1335 5322 1607 5387 pertinent
1637 5316 1879 5387 Epistula

280 5412 350 5466 ad
381 5411 661 5481 Donatum,
693 5427 757 5469 ac
788 5411 923 5468 liber
958 5412 1022 5466 de
1064 5410 1333 5467 [dolorum
1372 5409 1633 5465 Vanitate.
1657 5408 1877 5465 Summa

281 5504 500 5577 quidem
532 5507 706 5562 elucet
734 5505 1042 5577 eloquentia
1074 5504 1125 5560 in
1158 5505 1278 5560 aliis
1308 5504 1561 5575 operibus
1590 5501 1879 5574 Cypriani,

284 5602 432 5658 inest
474 5601 709 5673 gravitas
753 5603 1141 5675 sententiarum
1175 5615 1238 5656 ac
1278 5601 1561 5657 verborum
1593 5598 1881 5670 splendor;

287 5694 386 5753 sed
419 5694 654 5764 Epistula
677 5694 746 5748 ad
774 5693 1038 5749 Donatum
1064 5702 1212 5751 tanto
1238 5693 1465 5748 artificio
1485 5692 1781 5763 composita
1805 5699 1890 5747 est

292 5805 357 5846 ac
380 5798 460 5845 tot
489 5788 821 5860 elegantibus
847 5795 1034 5844 ornata
1068 5787 1307 5859 picturis,
1338 5798 1393 5841 ut
1426 5803 1486 5843 ea
1520 5796 1759 5857 tempora
1785 5787 1854 5843 mi
1874 5816 1889 5829 ο

299 5882 443 5936 nime
486 5878 756 5944 redoleat,
787 5893 909 5935 cum
940 5879 1241 5951 Cyprianus
1268 5881 1318 5933 in
1344 5879 1594 5934 maximis
1614 5878 1776 5935 rebus
1800 5895 1893 5952 ge-

297 5971 480 6029 rendis
504 5981 557 6029 et
582 5970 911 6028 disserendis
928 5981 1218 6043 occupatus
1240 5988 1344 6028 non
1360 5971 1469 6043 jam
1491 5974 1781 6045 exquisitas
1804 5990 1894 6032 ve-

1947 544 2188 593 nustates
2230 537 2551 609 elaboraret,
2583 539 2678 599 sed
2705 542 2964 600 orationis
2995 542 3206 602 divitias
3241 546 3360 604 sine
3395 544 3539 611 fnca,

1944 632 2062 688 sine
2089 633 2374 704 pigmentis
2420 634 2688 694 funderet.
2720 637 2855 694 llinc
2906 638 3165 711 praeclare
3211 640 3540 713 Augustinus

1943 723 2037 782 lib.
2069 740 2121 780 1v
2151 726 2212 781 de
2241 724 2423 784 Doclr.
2451 728 2749 799 christiana,
2778 744 2826 786 e.
2859 731 2960 788 M:
2989 749 3010 784 ι
3049 732 3144 789 Est
3169 733 3274 789 tale
3307 732 3540 804 aliquid,

1943 819 2144 891 inquit,
2187 819 2240 876 in
2289 821 2514 892 epistola
2558 823 2855 880 beatissimi
2905 824 3180 898 Cypriani.
3229 824 3382 895 Quod
3416 825 3539 882 ideo

1942 924 2071 984 pulo
2096 914 2177 972 vel
2200 914 2491 984 accidisse,
2517 916 2604 973 vel
2633 919 2885 976 consulto
2910 919 3107 976 factum
3135 934 3286 987 esse,
3323 929 3383 976 tit
3420 920 3538 975 sci-

1944 1018 2093 1063 retur
2117 1024 2147 1063 a
2174 1009 2404 1080 posteris
2448 1026 2630 1086 quanr
2652 1009 2888 1082 linguam
2931 1011 3192 1068 doctrinae
3229 1011 3538 1068 christiana}

1943 1099 2146 1156 sanitas
2182 1103 2249 1159 ab
2299 1103 2397 1159 ista
2438 1102 2792 1160 redundantia
2842 1104 3195 1168 revocaverit.
3219 1112 3274 1160 et
3323 1104 3390 1159 ad
3415 1104 3534 1160 clo-

1944 1193 2214 1264 quentiam
2264 1194 2568 1265 graviorem
2614 1194 3105 1268 modestioremque
3153 1196 3531 1262 restrinxerit,

1943 1284 2116 1357 qualis
2146 1288 2198 1342 in
2220 1288 2337 1358 ejus
2358 1289 2814 1361 consequentibus
2853 1289 3047 1346 litteris
3072 1304 3265 1346 secure
3285 1300 3535 1355 amatur,

1944 1378 2193 1449 religiose
2229 1380 2534 1451 appetitur,
2578 1380 2891 1438 difﬁcillime
2933 1381 3202 1453 impletur.
3237 1401 3257 1435 ι
3293 1380 3447 1438 llunc
3477 1380 3539 1436 li-

1944 1475 2097 1531 brum
2124 1472 2352 1530 Pontius
2384 1475 2523 1531 inter
2548 1491 2708 1547 opera
2736 1476 2989 1550 Cypriani
3013 1477 3244 1549 primum
3267 1486 3536 1541 recenset,

1943 1567 2070 1624 dum
2103 1569 2177 1622 ait
2200 1567 2526 1641 Cyprianum
2557 1588 2575 1621 ‹
2610 1570 3030 1627 emolumentum
3051 1570 3238 1642 gratia:
3262 1585 3355 1643 per
3379 1568 3541 1627 fidem

1945 1660 2272 1733 proficientis
2302 1683 2321 1716 ι
2354 1661 2679 1721 ostendisse.
2728 1664 2994 1733 Quamvis
3038 1674 3218 1719 autem
3261 1664 3409 1720 solus
3458 1663 3540 1718 lu-

1944 1766 2136 1826 quatur
2163 1756 2465 1829 Cyprianus
2489 1801 2504 1826 ,
2537 1758 2857 1828 perspicitur
2886 1766 3066 1814 tanien
3089 1757 3335 1829 qumdam
3371 1755 3542 1811 forma

1945 1850 2157 1921 dialogi.
2194 1851 2527 1908 Promissum
2560 1866 2901 1921 sermonem,
2943 1860 3260 1922 reposcente
3299 1850 3541 1916 Donato,

1945 1949 2258 2020 exsequitur
2288 1948 2586 2021 Cyprianus
2628 1946 2939 2018 indulgente
2970 1945 3264 2010 vindemia,
3301 1943 3353 1999 iit
3383 1943 3548 1998 horto

1944 2039 2345 2104 amantissimo;
2377 2039 2590 2111 egregie
2606 2037 3181 2109 describitqualisante
3208 2034 3542 2106 Baptismum

1946 2133 2133 2190 fuisset
2186 2144 2240 2190 et
2286 2134 2414 2205 quid
2464 2134 2517 2189 in
2556 2134 2672 2206 ipso
2723 2140 2976 2203 operatus
3016 2141 3158 2187 esset
3204 2129 3543 2201 Baptismus;

1945 2237 2127 2299 atque,
2160 2237 2217 2281 ut
2263 2226 2512 2284 beneficii
2557 2242 2588 2282 a
2629 2225 2843 2283 Christo
2870 2226 3078 2297 accepti
3119 2223 3545 2297 magnitudinem

1945 2322 2316 2390 connueudet,
2348 2321 2534 2379 saeculi
2574 2321 2701 2376 vitia
2744 2328 2798 2376 et
2855 2318 3089 2392 pericula
3126 2317 3405 2387 eleganter
3444 2316 3541 2371 tle-

1946 2418 2134 2489 pingit.
2170 2417 2356 2473 Finem
2402 2414 2617 2472 dicendi
2643 2414 2770 2471 facit
2790 2414 3045 2471 inclinato
3067 2414 3179 2485 jam
3206 2413 3359 2469 sole:
3392 2422 3502 2465 tum
3529 2452 3545 2473 ,

1947 2519 2002 2565 ut
2028 2509 2289 2580 reliquum
2328 2509 2433 2564 diei
2478 2509 2532 2563 in
2577 2508 2760 2563 lmtitia
2796 2506 3105 2573 duceretur,
3140 2507 3423 2570 Donatum,
3460 2503 3549 2559 cui

1947 2606 2203 2661 memoria
2228 2614 2387 2659 tenax
2412 2611 2530 2658 erat
2549 2611 2602 2659 et
2624 2617 2727 2657 vox
2746 2615 2973 2668 canora,
3028 2599 3273 2655 hortatur
3310 2609 3365 2652 ut
3394 2596 3546 2651 l‘sal-

1947 2713 2066 2754 mus
2091 2715 2154 2755 ex
2187 2713 2338 2761 more
2361 2696 2700 2770 aggrediatur
2727 2697 2778 2751 in
2806 2694 3053 2751 convivio
3077 2692 3284 2749 sobrio.
3318 2690 3547 2747 Videtur

1948 2808 2077 2867 ergo
2106 2793 2342 2849 Donatus
2367 2808 2473 2848 non
2499 2791 2703 2847 amicus
2728 2790 2925 2859 solum,
2953 2787 3050 2846 sed
3077 2787 3239 2845 etiam
3261 2786 3546 2843 convictor

1947 2885 2216 2961 Cypriano
2254 2884 2436 2941 fuisse.
2463 2883 2678 2941 Sciebat
2732 2882 2859 2954 quid
2901 2881 3170 2954 Cypriano
3219 2878 3545 2935 detraxisset

1949 2980 2183 3053 quidque
2210 2980 2259 3035 ei
2290 2978 2605 3035 contulisset
2627 2990 2773 3033 mors
2795 2972 3226 3040 criminum,vita
3252 2972 3506 3028 virtutqu
3531 2986 3548 3035 ;

1950 3067 2147 3131 nomen
2167 3088 2323 3129 suum
2346 3072 2569 3128 dederat
2589 3070 2824 3127 caelestis
2851 3067 3057 3124 militia:
3078 3063 3290 3132 castris,
3320 3073 3395 3132 et,
3423 3077 3549 3119 cum

1950 3169 2083 3226 nihil
2111 3170 2229 3241 eius
2254 3167 2473 3223 auribus
2504 3175 2611 3221 tam
2637 3173 2846 3235 gratum
2875 3170 3020 3219 esset
3051 3175 3213 3233 quam
3256 3157 3398 3230 quod
3434 3157 3547 3212 Deo

1895 3294 1899 3299 -
1949 3269 2157 3334 gratum
2203 3268 2323 3325 est.
2356 3258 2696 3315 sermonibus
2721 3255 2973 3328 Cypriani
3001 3252 3195 3309 mirum
3232 3251 3286 3307 in
3328 3247 3550 3306 modum

1952 3355 2270 3413 ducebatur.
2296 3353 2447 3410 Circa
2481 3352 2619 3407 idem
2652 3360 2866 3422 tempus
2906 3348 3141 3418 scriptus
3166 3344 3378 3401 videtur
3413 3342 3549 3398 liber

1953 3450 2016 3504 de
2051 3448 2284 3504 Vanitate
2328 3446 2628 3510 Idoloruut,
2658 3443 2865 3516 in‘quo,
2915 3442 3078 3497 multa
3133 3437 3433 3496 imitatione
3455 3451 3554 3492 ex-

1956 3557 2159 3614 pressa,
2194 3539 2446 3596 nonnulla
2483 3538 2648 3596 etiam
2696 3535 2918 3592 totidem
2960 3533 3138 3589 verbis
3170 3530 3426 3587 translata
3455 3544 3551 3584 οε-

1954 3642 2178 3691 currunt
2205 3648 2272 3688 ex
2304 3631 2460 3687 libris
2489 3628 2802 3686 Tertulliani
2843 3628 3102 3682 adversus
3126 3623 3373 3681 ethnicos
3404 3629 3459 3677 et
3483 3635 3554 3676 ex

1957 3726 2172 3797 dialogo
2212 3724 2428 3780 Minucii
2462 3722 2678 3780 Felicis.
2706 3719 2975 3777 Redoleut
3002 3714 3296 3789 primordia
3325 3728 3556 3771 conver-

1958 3818 2127 3875 sionis
2170 3817 2422 3873 nonnulla
2471 3829 2657 3888 parum
2711 3823 2963 3869 accurate
2990 3810 3043 3865 in
3074 3809 3175 3865 hoc
3202 3806 3344 3863 libro
3368 3804 3543 3883 dicta,

1960 3913 2106 3969 velut
2149 3928 2270 3968 cum
2313 3912 2388 3965 ait
2427 3907 2729 3981 Cyprianus
2757 3918 2918 3976 regna
2943 3910 3091 3959 sorte
3128 3899 3354 3966 variari,
3386 3913 3550 3971 opor-

1963 4007 2130 4063 tuisse
2153 4001 2425 4059 Christum
2458 4000 2587 4072 pati,
2617 4008 2670 4054 et
2697 4012 2818 4054 cum
2862 4009 3050 4068 passus
3076 4002 3220 4051 esset
3240 3990 3308 4049 ad
3333 4004 3560 4063 superos

1962 4100 2143 4158 denuo
2170 4094 2402 4170 regredi.

1965 4236 2424 4293 lV.—CYPRIANUS
2448 4242 2847 4287 pnesav'rnnwtt
2884 4241 2955 4283 er
2981 4234 3349 4281 SACEBDOTIUI
3375 4233 3563 4276 S’I'A'l'lttl

2040 4343 2263 4384 ACCIPIT.
2303 4356 2376 4368 --
2412 4340 2515 4391 QUO
2540 4337 2678 4379 ANNO
2703 4334 2997 4379 οιωιελτυς
3035 4330 3334 4374 ειδιεεοιιυε.
3371 4344 3443 4355 --
3472 4328 3570 4368 RES

2041 4439 2227 4482 (ἱΕὸτῶ
2273 4434 2340 4478 ΕΤ
2381 4433 2616 4475 50811⁵τῶ
2656 4434 2706 4473 IN
2745 4427 3046 4471 PRIIORDHS
3084 4422 3455 4468 EPISCOPATUS.

2042 4558 2303 4617 Observat
2332 4555 2553 4611 Pontius
2577 4554 2629 4609 in
2657 4551 2932 4625 Cypriano
2958 4547 3029 4603 ob
3051 4544 3277 4603 eximios
3292 4540 3344 4597 in
3360 4539 3560 4596 virtute

1973 4668 2290 4728 progressus
2311 4650 2531 4706 minime
2583 4634 2924 4704 observatum
2965 4642 3131 4698 fuisse
3177 4637 3319 4711 quod
3367 4636 3561 4692 littera:

1974 4748 2218 4821 Aposloli
2240 4744 2686 4819 presc‘ripserant,
2718 4748 2777 4795 ut
2823 4735 3081 4810 neophyti
3106 4733 3172 4790 ad
3204 4729 3564 4788 sacerdotium

1977 4860 2084 4901 non
2110 4841 2500 4898 eveherentur:
2526 4856 2543 4888 ι
2570 4833 2970 4904 Presbyterium
2999 4838 3054 4885 et
3081 4824 3442 4884 sacerdotium
3464 4829 3575 4874 sta-

1981 4941 2074 4994 tim
2125 4936 2363 5006 acccpit,
2398 4930 2604 5002 inquit:
2638 4928 2758 5000 quis
2783 4926 2926 4983 enim
2954 4934 3060 4980 non
3090 4933 3285 4978 omnes
3314 4916 3577 4972 honorum

1953 5031 2176 5106 gradus
2223 5028 2469 5087 crederet
2509 5025 2599 5080 tali
2644 5030 2826 5078 mente
2853 5016 3133 5076 credenti?
3164 5033 3184 5067 ι
3224 5009 3386 5068 Addit
3412 5006 3581 5064 nmlta

1982 5102 2128 5182 illum
2158 5122 2530 5198 presbyterum
2560 5117 2819 5190 przcclare
2847 5113 3060 5176 fecisse,
3089 5108 3185 5165 sed
3207 5120 3269 5163 ea
3296 5102 3574 5159 memoria:

1982 5195 2181 5277 nostra;
2213 5236 2318 5275 non
2347 5215 2597 5289 prodidit.
2630 5213 2882 5269 Libenter
2907 5205 3173 5266 assentior
3210 5195 3504 5289 Pearsunio
3531 5205 3588 5250 ct

1984 5316 2133 5374 Fello
2185 5324 2294 5370 tres
2332 5287 2500 5368 libros
2533 5306 2958 5365 Testimoniorum
2998 5316 3029 5355 a
3064 5294 3334 5369 Cypriano
3360 5287 3582 5361 presby-

1988 5421 2102 5468 tero
2126 5410 2356 5478 scriptos
2385 5419 2527 5472 esse,
2562 5401 2647 5457 vel
2676 5399 2868 5455 saltem
2898 5397 2951 5451 in
2977 5392 3325 5465 episcopatus
3342 5383 3578 5458 primor-

1987 5502 2089 5560 diis
2139 5500 2369 5571 scriptos
2403 5493 2743 5552 crediderim.
2782 5489 2840 5544 in
2881 5487 2962 5542 his
2987 5483 3129 5539 enini
3162 5478 3365 5535 nullum
3427 5485 3577 5571 extat

1992 5611 2179 5652 eorum
2240 5566 2525 5662 vestigium
2556 5600 2676 5658 quae
2706 5588 2890 5653 postea
2915 5572 3214 5648 Cyprianus
3237 5578 3385 5625 tanto
3421 5566 3587 5622 animi

1990 5689 2185 5746 ardore
2214 5683 2452 5742 defendit
2471 5726 2485 5748 ,
2511 5680 2625 5736 sive
2650 5691 2772 5733 cum
2800 5674 2979 5743 lapsos
3007 5681 3108 5724 nec
3136 5665 3253 5721 sine
3277 5662 3590 5736 poenitentia

1996 5777 2334 5853 recipiendos
2360 5774 2623 5831 adversus
2653 5766 3076 5828 Felicissimum,
3107 5774 3211 5815 nec
3235 5773 3264 5812 a
3294 5771 3390 5827 spe
3419 5753 3591 5853 venit:

2004 5847 2369 5937 excludendos
2399 5869 2657 5927 adversus
2681 5861 3036 5921 Novatiauum
3062 5850 3445 5914 contenderet;
3472 5847 3592 5902 sive

2010 5986 2130 6030 cum
2161 5967 2420 6025 unitatem
2450 5959 2706 6017 Ecclesia:
2732 5955 2988 6013 adversus
3013 5960 3300 6021 utrumque
3322 5951 3593 6011 tueretur;
