4050 6412
525 422 598 483 εδ
1738 405 1901 465 rm
1939 401 2182 464 SANCTI
2210 401 2554 460 CYPRIANI.
2847 377 2855 384 ’
3792 396 3859 458 st

527 545 647 600 sive
659 554 781 599 eum
809 537 1079 612 Baptisma
1103 541 1252 595 extra
1281 530 1577 591 Ecclesium
1606 527 1811 585 nullum
1833 536 1888 584 et
1916 526 2124 582 irritum

528 650 652 692 esse
698 638 979 707 pugnaret.
1034 629 1090 685 in
1146 626 1304 686 tertio
1357 626 1499 681 libro
1553 621 1808 679 nonnulla
1862 619 2131 692 depromit

529 727 824 799 Scriptum
852 722 1157 781 testimonia
1185 720 1445 777 advenas
1473 716 1758 774 haereticos
1785 724 1839 772 et
1867 713 2130 771 schisma-

530 820 703 886 tices,
726 816 822 873 sed
853 816 1019 871 multo
1044 814 1233 872 fuisset
1254 812 1473 870 uberior
1492 820 1547 866 et
1576 807 1945 865 vehementior
1981 807 2027 862 si
2073 807 2126 862 in

533 917 656 986 ipso
684 911 932 969 incendio
962 919 1121 982 atque
1147 909 1292 966 inter
1322 913 1501 963 motus
1529 904 1598 959 ab
1621 901 1892 959 haereticis
1922 899 2129 956 excita-

532 1017 623 1063 tos
658 1006 980 1076 scripsisset.
1012 1003 1318 1073 Quinetiam
1345 1005 1489 1073 quod
1522 999 1595 1054 ait
1620 997 1713 1053 lib.
1736 994 1803 1051 Ill
1826 1037 1841 1063 ,
1870 1009 1989 1065 cap.
2014 993 2086 1048 28
2109 1033 2125 1058 ,

543 1119 564 1151 ι
602 1100 718 1155 Non
748 1111 904 1169 posse
933 1097 983 1152 in
1012 1096 1250 1152 Ecclesia
1277 1094 1476 1150 remitti
1513 1093 1561 1149 ei
1589 1092 1678 1163 qui
1712 1090 1763 1144 in
1791 1090 1958 1144 lteum
1989 1087 2129 1143 deli-

531 1192 741 1264 querit,
778 1211 798 1245 ›
834 1190 908 1258 id,
948 1189 1052 1246 etsi
1083 1204 1192 1244 non
1220 1184 1560 1242 incommode
1601 1182 1941 1254 explanatum
1966 1180 2130 1237 fuisse

533 1301 695 1359 spero
723 1287 778 1341 in
808 1284 1125 1357 praefatione
1150 1296 1273 1351 cap.
1298 1279 1364 1348 9,
1394 1279 1630 1334 animum
1659 1287 1839 1332 tamen
1866 1274 2131 1347 significat

531 1379 714 1435 minus
742 1385 1000 1433 attentum
1048 1374 1117 1430 ad
1155 1382 1478 1430 commotam
1518 1387 1548 1426 a
1589 1369 1887 1427 Novatiano
1911 1377 2130 1423 contro-

530 1472 791 1528 versiam.
836 1469 1100 1525 Observat
1137 1465 1315 1523 Fellus
1356 1479 1458 1521 nec
1498 1462 1790 1535 Scriptum:
1822 1460 2129 1518 teStimonia

532 1565 622 1621 his
648 1565 700 1620 in
730 1564 880 1620 libris
911 1562 1100 1618 eodem
1130 1560 1290 1616 modo
1313 1559 1465 1615 citari
1492 1572 1555 1613 ac
1592 1558 1643 1612 in
1674 1557 1831 1624 aliis,
1863 1570 1961 1611 nec
1984 1554 2132 1611 Scri-

530 1670 708 1733 ptura:
757 1658 923 1713 libros
964 1655 1153 1711 iisdem
1199 1652 1508 1708 nominibus
1546 1649 1857 1721 designari;
1908 1663 1975 1703 ex
2023 1662 2133 1718 quo

535 1751 766 1821 scriptos
799 1762 921 1805 esse
962 1748 1237 1804 confirmat
1275 1752 1400 1799 ante
1423 1744 1529 1799 alia
1550 1742 1802 1815 Cypriani
1829 1754 2014 1811 epera.
2046 1738 2135 1794 ln-

531 1848 718 1918 scripti
744 1854 871 1901 sunt
901 1843 1139 1913 Quirino,
1163 1856 1322 1913 quem
1347 1838 1511 1894 lilium
1534 1836 1766 1909 appellat
1790 1834 2090 1907 Cyprianus
2110 1873 2125 1899 ,

531 1941 797 2012 cujusque
834 1947 1025 2010 rogatu
1054 1934 1351 2006 Scriptum
1380 1929 1689 1989 testimonia
1712 1928 1781 1986 ad
1811 1937 1957 1986 certa
1985 1941 2134 1998 qua:-

532 2033 661 2088 dam
710 2031 885 2100 capita
924 2027 1229 2090 revocavit,
1265 2024 1398 2079 nihil
1445 2022 1517 2079 de
1561 2036 1662 2079 suo
1687 2035 1964 2091 apponens
1992 2033 2132 2089 pra:-

530 2134 619 2181 ter
652 2123 838 2179 titulos
866 2132 920 2178 et
959 2119 1305 2191 praefationes
1341 2115 1519 2187 primo
1559 2124 1615 2170 et
1652 2117 1810 2169 tertio
1832 2112 1967 2168 libro
1990 2125 2133 2182 prte-

530 2218 760 2274 missas.
795 2215 905 2271 llos
942 2223 1121 2269 autem
1162 2211 1329 2268 libros
1367 2211 1459 2283 qui
1497 2210 1765 2283 Cypriane
1788 2206 2132 2279 abjudieant,

535 2319 631 2367 aut
677 2310 867 2366 saltem
915 2307 1132 2365 tertium
1159 2307 1229 2363 ab
1256 2306 1483 2362 Erasmo
1508 2305 1562 2360 in
1608 2304 1782 2360 lucem
1810 2301 2009 2358 editum
2031 2342 2045 2366 ,
2080 2300 2136 2356 lii

532 2403 868 2461 refelluntur.
897 2402 951 2457 in
996 2402 1166 2472 prima
1206 2398 1409 2455 Baluzii
1440 2396 1506 2454 ad
1548 2396 1649 2452 hos
1678 2397 1848 2453 libros
1876 2384 2140 2452 observa-

537 2497 718 2561 tione,
750 2510 910 2566 quam
935 2506 1118 2565 operm
1148 2491 1375 2564 pretium
1403 2499 1487 2547 est
1512 2490 1712 2562 legere.

500 2596 505 2601 ‘
608 2586 667 2642 In
697 2586 991 2658 presbyteri
1020 2576 1190 2656 gradu
1212 2599 1317 2639 non
1347 2582 1436 2638 diu
1465 2583 1663 2637 mansit
1677 2581 1975 2653 Cyprianum
1999 2622 2013 2647 ,
2042 2581 2137 2637 sed

536 2681 700 2754 paulo
729 2689 867 2750 rost,
898 2686 954 2733 ut
983 2693 1047 2733 ex
1075 2677 1251 2733 Pontii
1281 2675 1591 2732 testimonio
1616 2675 1961 2746 perspicitur,
1990 2689 2136 2729 mor-

532 2783 631 2829 tuo
666 2773 922 2843 episcopo
967 2769 1374 2840 Carthaginiensi
1429 2767 1692 2824 sufﬁcitur
1745 2786 1764 2820 ι
1801 2767 2003 2839 judicio
2043 2767 2137 2823 Dei

540 2875 600 2921 et
620 2865 791 2936 plebis
811 2864 1012 2919 lavere.
1044 2882 1063 2915 ι
1090 2862 1206 2917 Νοη
1230 2872 1407 2917 tamen
1441 2861 1596 2917 facile
1616 2862 1684 2917 ah
1704 2877 1771 2916 eo
1793 2862 2137 2932 impetratum

539 2965 627 3012 est
647 2967 705 3011 ut
735 2964 938 3011 tantum
967 2969 1106 3011 onus
1132 2955 1355 3020 subiret,
1384 2951 1481 3009 sed
1511 2970 1529 3005 ι
1562 2968 1683 3008 eum
1714 2953 1765 3007 iu
1795 2953 2138 3010 dilectionem

538 3049 658 3120 ejus
683 3060 737 3105 et
765 3048 1028 3106 honorem
1064 3057 1205 3103 totus
1227 3047 1456 3119 populus
1481 3048 1751 3118 aspirante
1774 3046 1999 3102 Domino
2019 3060 2144 3117 pro-

540 3145 747 3209 siliret,
797 3144 1068 3205 humiliter
1112 3143 1202 3198 ille
1228 3141 1471 3208 secessit,
1508 3139 1898 3212 antiquioribus
1943 3139 2143 3197 cedens

543 3248 601 3294 et
628 3237 902 3309 indignum
925 3251 986 3292 se
1015 3234 1170 3305 titulo
1196 3235 1327 3291 tanti
1343 3234 1562 3289 honoris
1587 3232 1920 3288 existimans.
1962 3251 1982 3285 ι
2008 3231 2138 3298 Sed,

543 3346 668 3386 cum
695 3328 874 3400 populi
902 3328 1077 3383 studia
1103 3327 1246 3383 illius
1268 3341 1485 3391 necesse
1506 3326 1674 3397 magis
1699 3324 2141 3392 accenderentur,

544 3433 602 3479 et
626 3421 772 3479 fores
798 3421 990 3477 domus
1021 3422 1236 3492 copiosa
1274 3419 1576 3475 fraternitas
1615 3417 1922 3485 obsideret,
1956 3432 2019 3473 ac
2048 3432 2143 3487 per

547 3530 742 3572 omnes
767 3516 941 3571 aditus
970 3515 1198 3571 sollicita
1213 3513 1448 3568 charitas
1470 3510 1655 3567 circuit
1671 3522 1745 3577 et,
1769 3509 1961 3568 cedere
1982 3525 2141 3564 co..c-

543 3621 632 3665 tns
654 3619 737 3666 est
777 3609 970 3664 divina:
1009 3608 1268 3663 voluntati
1296 3616 1372 3661 tot
1401 3607 1559 3661 rebus
1600 3603 1899 3659 manifestis
1936 3602 2143 3674 signiti-

547 3712 702 3758 eatae.
748 3702 1004 3769 Quamvis
1036 3709 1214 3757 autem
1246 3700 1590 3768 episcopatus
1627 3697 1793 3751 invito
1835 3703 1890 3750 et
1922 3693 2143 3765 fugienti

545 3794 832 3865 impositus
877 3790 1068 3855 fuerit,
1112 3804 1217 3844 non
1244 3785 1526 3843 defuerunt
1550 3788 1639 3856 qni
1683 3786 1826 3840 illius
1855 3783 2141 3850 electioni,

545 3890 684 3943 facta
713 3886 1104 3954 coniuratione,
1126 3880 1552 3947 intercederent;
1580 3881 1716 3934 inter
1742 3892 1879 3949 quos
1911 3878 2146 3948 quinque

544 3979 885 4051 potissimum
926 3975 1224 4047 presbyteri
1256 3973 1547 4045 nequitiam
1578 3986 1730 4027 suam
1775 3969 2143 4025 nobilitarunt.

549 4070 769 4127 Exaisit
815 4069 984 4140 plebis
1032 4067 1325 4137 indignatio
1354 4067 1404 4119 in
1439 4065 1830 4120 obtrectatores
1853 4060 2102 4134 Cypiiani
2124 4099 2142 4127 ,

545 4176 604 4219 nt
632 4172 775 4236 patet
815 4177 880 4218 ex
909 4160 1007 4234 Ep.
1045 4176 1152 4226 XL;
1187 4158 1281 4213 sed
1316 4157 1447 4212 nihil
1485 4153 2144 4229 pi-mtermisitCyliriaiius

541 4266 604 4312 nt
632 4256 971 4312 exulceratas
1001 4263 1208 4317 mentes
1234 4251 1299 4307 ad
1330 4252 1610 4307 sanitatem
1635 4259 1927 4316 revocaret,
1953 4266 1969 4299 ι
2007 4249 2143 4303 ami-

544 4350 793 4405 cissimos
820 4364 912 4404 eos
951 4356 1005 4403 et
1031 4351 1168 4401 inter
1192 4347 1524 4402 necessarios
1554 4352 1871 4417 computans
1892 4386 1907 4411 ,
1941 4345 2138 4398 miran-

544 4446 688 4501 tibus
715 4445 915 4511 multis,
951 4462 970 4495 ι
1006 4444 1079 4499 ait
1109 4440 1347 4496 Pontius.
1381 4443 1450 4496 At
1479 4442 1712 4513 quinque
1741 4440 1813 4496 illi
1841 4438 2141 4512 presbyteri

547 4548 865 4609 conceptum
918 4550 1185 4592 venenum
1221 4535 1471 4591 medullis
1507 4534 1796 4602 aluerunt,
1841 4537 1982 4607 quod
2023 4543 2143 4606 post

547 4632 755 4703 aliquot
807 4643 978 4686 annos
1024 4628 1259 4685 conﬂato
1317 4627 1609 4693 schismate
1652 4626 1913 4683 violenter
1943 4628 2138 4698 erupit.

543 4723 875 4795 Augustinus
902 4722 994 4777 lib.
1021 4721 1086 4790 ll,
1109 4719 1172 4776 de
1198 4719 1353 4793 Bapt.
1386 4736 1437 4777 c.
1461 4722 1514 4786 7,
1545 4720 1893 4791 Agrippinum
1915 4720 2140 4792 Cypria-

546 4818 605 4874 ni
634 4816 1086 4888 praedecessorcm
1116 4824 1292 4872 vocat.
1323 4815 1429 4872 Sed
1456 4815 1582 4871 huic
1607 4816 1850 4886 proxime
1879 4833 1983 4872 non
2016 4832 2139 4873 snc-

541 4911 707 4968 cessit
731 4910 1031 4984 Cyprianus
1054 4951 1070 4975 ,
1128 4917 1241 4967 tum
1291 4909 1415 4980 quia
1437 4910 1488 4965 in
1519 4909 1619 4980 Ep.
1649 4925 1813 4965 Lxxut
1839 4910 1913 4965 ait
1946 4911 2141 4967 inultos

538 5004 648 5074 jam
679 4994 849 5059 annos
878 5016 1000 5057 esse
1024 5010 1078 5056 et
1103 5000 1313 5072 longam
1363 5010 1573 5055 aetatem
1600 5018 1664 5056 cx
1692 5016 1797 5072 quo
1818 5002 1919 5057 sub
1949 5003 2138 5073 Agrip-

538 5098 668 5170 pino
695 5097 974 5154 deeretmn
1012 5096 1067 5151 in
1101 5094 1331 5151 concilio
1356 5093 1530 5151 fuerat
1559 5095 1625 5151 de
1651 5096 1940 5167 rcjiciende
1969 5096 2139 5152 lia-re-

539 5191 768 5247 ticorum
812 5191 1113 5263 baptismo;
1156 5199 1265 5245 tum
1316 5193 1439 5262 quia
1467 5190 1521 5245 in
1552 5189 1720 5261 Epist.
1756 5205 1824 5246 ιγ
1866 5201 1922 5245 ιιι
1949 5190 2136 5245 Fabia-

537 5301 665 5339 num
681 5285 908 5341 Cornelii
928 5285 997 5341 ita
1015 5272 1276 5339 Donatum
1294 5284 1521 5354 appellat
1539 5295 1932 5340 antecessorem
1956 5300 2132 5343 suum.

536 5378 675 5434 Huic
698 5395 845 5449 ergo,
876 5390 937 5434 ut
964 5377 1411 5435 verisintillimum
1439 5387 1519 5432 est
1537 5421 1551 5445 ,
1587 5379 1831 5447 proxime
1855 5381 2130 5435 successit.

608 5469 907 5541 Cyprianus
929 5473 979 5526 in
1003 5470 1238 5542 Epistula
1268 5486 1356 5536 ιν,
1406 5470 1672 5547 annoﬁb'i
1695 5474 1912 5542 scripta,
1945 5490 1963 5524 ι
1990 5473 2132 5544 plebi

536 5578 650 5619 suae
693 5564 744 5617 in
784 5565 1089 5635 episcopatu
1130 5564 1483 5635 quadriennio
1540 5565 1650 5637 jam
1700 5566 1981 5637 probatum
2020 5586 2038 5618 ι
2074 5583 2133 5624 se

539 5669 663 5711 esse
688 5654 837 5710 dicit.
870 5655 947 5710 Ex
976 5672 1081 5727 quo
1102 5674 1223 5713 eum
1251 5656 1558 5713 ordinatum
1606 5657 1769 5713 fuisse
1804 5659 2133 5716 concludunt

538 5762 683 5803 anno
702 5746 833 5815 248,
854 5747 942 5819 qui
967 5748 1034 5803 de
1054 5749 1196 5805 illius
1217 5750 1376 5806 rebus
1400 5752 1563 5821 gestis
1584 5759 1999 5820 pet-tractarunt.
2025 5752 2130 5808 Sed

538 5851 720 5898 tamen
743 5881 757 5910 ,
799 5837 844 5897 si
870 5839 1106 5898 rationes
1135 5841 1434 5897 accuratius
1457 5840 1816 5898 subducamus
1840 5883 1855 5905 ,
1886 5856 1991 5899 non
2022 5853 2128 5899 tam

527 5945 675 6002 certa
716 5947 773 5997 et
812 5937 1097 6010 explorata
1126 5947 1214 5997 res
1255 5942 1360 6002 est,
1390 5948 1549 6006 quam
1597 5933 1820 5992 eruditis
1849 5933 1959 5992 illis
1988 5933 2126 5999 viris

2237 523 2481 589 videtur;
2521 536 2585 578 ac
2614 519 2732 578 fieri
2768 519 2971 592 optime
3022 516 3195 591 potuit
3241 526 3302 573 ut
3358 515 3509 574 initio
3556 516 3695 574 anni
3751 514 3863 575 3l9

2234 619 2514 676 ordinatus
2540 661 2557 688 ,
2596 625 2829 690 quatuor
2857 616 3201 688 episcopatus
3238 627 3410 669 annos
3448 622 3776 669 numeraret
3806 614 3856 668 in

2235 710 2337 765 hac
2374 708 2611 782 Epistola
2655 723 2759 775 ιν,
2790 721 2911 779 quae
2953 705 3115 762 scribi
3163 705 3250 759 vix
3275 707 3447 776 potuit
3483 713 3607 759 ante
3654 704 3856 775 jnlimn

2237 816 2478 858 mensem
2501 801 2625 856 anni
2647 799 2779 856 252.
2803 796 2895 855 Sic
2915 799 3059 853 enim
3077 796 3214 853 solet
3235 793 3535 868 Cyprianus
3561 794 3855 850 inchoatas

2236 910 2406 950 annos
2450 910 2550 966 pro
2617 892 2839 965 integris
2901 904 3226 946 numerare:
3277 898 3489 958 tempus
3520 886 3780 959 elapsum
3827 902 3854 943 a

2237 1002 2419 1043 mense
2454 985 2700 1056 jannario
2760 992 2850 1040 aut
2911 982 3180 1038 februario
3221 981 3345 1036 anni
3385 978 3492 1036 250
3559 993 3742 1051 usque
3792 980 3853 1035 ad

2237 1082 2438 1137 Pascha
2467 1078 2745 1147 anui251,
2790 1077 3064 1133 biennium
3087 1083 3242 1132 vocat
3267 1075 3319 1130 in
3343 1073 3440 1145 Ep.
3472 1089 3573 1141 XL;
3599 1073 3856 1129 similiter

2237 1175 2522 1230 triennium
2568 1176 2946 1243 interpretatur
2969 1170 3021 1225 in
3045 1169 3217 1241 Epist.
3247 1185 3357 1225 Llll.
3390 1168 3595 1237 Quare,
3630 1168 3682 1225 si
3704 1166 3847 1224 ordi.

2236 1279 2393 1325 natus
2434 1268 2623 1324 fuisset
2670 1266 2810 1322 circa
2850 1263 3055 1320 Pascha
3100 1263 3227 1319 anni
3257 1262 3386 1328 249,
3432 1262 3852 1336 quadriennium

2238 1376 2521 1417 numerare
2546 1367 2754 1431 poterat
2781 1373 2966 1415 mense
3000 1358 3140 1430 julio
3170 1357 3294 1413 anni
3316 1356 3446 1423 252;
3477 1356 3575 1413 sed
3591 1372 3723 1413 eum
3745 1355 3850 1428 jam

2238 1458 2552 1528 episcopum
2583 1452 2745 1508 fuisse
2774 1452 2916 1508 circa
2954 1449 3157 1506 Pascha
3203 1451 3327 1506 anni
3352 1449 3463 1507 2i9
3493 1450 3851 1521 perspicimus

2243 1548 2561 1619 chpistola
2589 1561 2713 1601 :mv
2743 1544 2797 1600 in
2823 1557 3041 1600 secessu
3068 1542 3289 1614 scripta,
3308 1543 3360 1597 in
3381 1556 3485 1615 qua
3510 1540 3587 1597 ait
3613 1542 3849 1598 seSatu~

2237 1657 2299 1697 ro
2336 1640 2425 1696 die
2453 1637 2676 1695 Pascha:
2704 1637 2986 1693 lectionem
3009 1628 3175 1692 semel
3202 1646 3360 1707 atque
3385 1636 3580 1690 iterum
3603 1634 3840 1691 dedisse.

2239 1733 2353 1789 Hoc
2378 1732 2523 1788 enim
2550 1730 2753 1787 Pascha
2783 1746 2906 1786 cum
2938 1728 3128 1785 referri
3180 1744 3286 1784 non
3337 1729 3505 1799 possit
3530 1727 3598 1784 ad
3643 1743 3847 1784 annum

2237 1828 2346 1883 250
2369 1868 2384 1894 ,
2429 1826 2618 1881 aberat
2670 1826 2812 1882 enim
2847 1834 2971 1881 tunc
2998 1822 3300 1897 Cyprianus
3329 1866 3344 1889 ,
3374 1822 3563 1878 referri
3592 1822 3761 1879 debet
3788 1822 3846 1877 ad

2236 1938 2434 1979 annum
2447 1921 2554 1978 2i9
2571 1938 2584 1975 :
2602 1921 2696 1977 sed
2724 1920 2885 1990 forte,
2905 1935 3025 1976 cum
3052 1918 3336 1976 lectionem
3356 1917 3550 1975 Saturo
3565 1918 3744 1984 daret,
3773 1934 3848 1975 re

2237 2031 2365 2072 cens
2378 2026 2493 2071 erat
2510 2015 2579 2070 ab
2597 2013 2945 2071 Ordinatione
2961 2054 2976 2080 ,
3008 2028 3107 2069 nec
3120 2012 3410 2085 quidquam
3433 2019 3576 2067 vetat
3600 2025 3703 2067 cur
3728 2026 3844 2067 eum

2238 2108 2542 2165 ordinatum
2570 2106 2811 2163 dicamus
2839 2106 2989 2161 initio
3017 2105 3141 2161 anni
3162 2105 3289 2161 249.
3319 2104 3375 2161 Si
3403 2114 3584 2159 tamen
3610 2102 3838 2160 Ordina-

2242 2203 2442 2258 tionem
2464 2202 2705 2273 suscepit
2727 2214 2871 2255 anno
2897 2200 3026 2267 2&8,
3056 2198 3199 2271 quod
3228 2197 3347 2255 ﬁeri
3374 2198 3580 2270 optime
3610 2196 3845 2270 potuisse

2240 2308 2347 2351 non
2391 2294 2635 2361 inlicior,
2682 2301 2830 2348 certe
2856 2306 2962 2347 non
3004 2292 3173 2347 multo
3210 2300 3336 2347 ante
3378 2304 3620 2346 mensem
3658 2289 3845 2361 iulium

2241 2387 2497 2459 suscepit.
2534 2387 2967 2459 Quinquennium
3017 2387 3160 2442 enim
3205 2401 3303 2441 suo
3334 2400 3516 2455 more,
3564 2400 3678 2441 non
3717 2400 3844 2456 qua-

2241 2480 2544 2536 driennium
2575 2468 2911 2534 numerasset
2935 2492 3123 2534 mense
3170 2476 3306 2549 julio
3332 2478 3551 2533 ineunte
3569 2475 3839 2532 anni252.

2242 2574 2288 2630 si
2316 2587 2503 2629 mense
2528 2573 2675 2628 maio
2694 2571 2973 2628 ordinatus
3002 2572 3190 2629 fuisset
3216 2586 3358 2627 anno
3376 2571 3505 2627 248.

2314 2667 2569 2737 Elapsum
2596 2676 2808 2737 tempus
2828 2666 2895 2722 ab
2918 2667 3071 2722 initio
3082 2667 3420 2737 episcopatus
3442 2679 3613 2737 usque
3634 2665 3705 2720 ad
3732 2679 3844 2736 per»

2243 2762 2577 2819 secutienem
2618 2761 2761 2833 Decii
2787 2760 3071 2830 insumpsit
3092 2758 3389 2832 Cyprianus
3417 2758 3468 2814 in
3495 2757 3840 2814 emendandis

2242 2870 2461 2911 suorum
2506 2854 2743 2908 moribus
2786 2862 2841 2909 et
2897 2851 3195 2923 disciplina:
3248 2851 3454 2923 legibus
3500 2851 3740 2905 tuendis.
3763 2850 3840 2904 Ait

2244 2946 2387 3002 enim
2418 2946 2470 3001 in
2503 2944 2673 3016 Epist.
2707 2959 2777 2999 ιν
2808 2964 2826 2997 ‹
2863 2944 2915 2999 in
2945 2945 3125 3016 quiete
3179 2942 3477 3015 disciplina:
3514 2961 3534 2996 ι
3567 2944 3835 3000 serviisse.

2243 3040 2376 3096 Cum
2409 3040 2697 3094 maximam
2724 3052 2939 3109 semper
2966 3036 3229 3108 virginum
3256 3051 3437 3091 curam
3463 3037 3712 3108 gesserit,
3742 3051 3835 3089 non

2247 3138 2593 3196 incommode
2622 3138 2862 3194 nonnulli
2886 3137 2951 3193 ad
2979 3138 3128 3192 initia
3156 3136 3498 3208 episcopatus
3527 3138 3767 3193 referunt
3782 3137 3838 3192 li-

2244 3230 2397 3287 brum
2424 3230 2493 3286 de
2533 3229 2724 3285 Habitu
2747 3231 3019 3300 virginum.
3052 3229 3157 3286 Alii
3204 3229 3323 3285 ham
3351 3229 3510 3285 verba
3531 3272 3546 3297 ,
3577 3247 3599 3281 ι
3632 3229 3731 3284 has
3752 3227 3836 3282 ad-

2247 3325 2524 3381 hortamur
2565 3324 2849 3381 aﬂeetione
2884 3325 3053 3396 magis
3103 3338 3261 3395 quam
3315 3332 3602 3395 potestate,
3641 3342 3659 3376 ι
3694 3338 3833 3395 prcs~

2248 3420 2495 3492 byterum
2528 3420 2696 3489 magis
2737 3418 2935 3474 decere
2964 3434 3122 3489 quam
3149 3417 3460 3490 episcopum
3493 3419 3715 3484 volunt;
3753 3416 3834 3472 sed

2252 3513 2573 3569 Pearsonius
2618 3498 2734 3567 ha-e
2763 3512 2921 3567 verba
2942 3510 3192 3582 Cypriani
3234 3511 3511 3566 modestia:
3555 3514 3833 3576 attribuit;

2248 3606 2608 3680 episcopalem
2628 3605 3000 3661 auctoritatem
3024 3609 3201 3676 vigere
3215 3606 3333 3660 aliis
3354 3606 3406 3660 in
3426 3605 3557 3660 locis
3572 3606 3833 3668 Obseﬁ‘al,

2247 3703 2391 3759 velut
2438 3718 2559 3756 eum
2603 3702 2677 3756 ait
2725 3700 3060 3772 Cyprianus:
3102 3721 3120 3751 ι
3151 3700 3345 3755 Audite
3382 3698 3560 3770 igitur,
3590 3700 3832 3769 virgines,

2249 3804 2307 3849 ut
2334 3802 2645 3865 parentem;
2678 3792 2876 3859 audite,
2902 3808 3105 3862 quaso,
3128 3806 3225 3847 vos
3247 3791 3525 3846 docentem
3554 3794 3757 3863 pariter
3784 3805 3837 3844 ac

2250 3898 2585 3945 innuentem.
2616 3908 2635 3940 ι
2671 3889 2821 3944 llunc
2851 3888 3042 3944 librum
3068 3888 3237 3960 rejicit
3272 3889 3528 3958 liigaltius
3561 3897 3680 3960 [.Oal
3703 3889 3834 3944 Decii

2248 3984 2702 4055 persecutionem,
2736 3983 2838 4038 hoc
2870 3982 3036 4038 fretos
3064 3981 3381 4053 argumento
3415 3983 3557 4053 quod
3597 3999 3628 4037 a
3659 3985 3837 4039 Pontio

2248 4087 2596 4133 recensealur
2622 4076 2764 4131 inter
2801 4092 2860 4129 ea
2893 4076 3143 4148 Cypriani
3173 4090 3333 4147 opera
3365 4076 3556 4147 quibus
3586 4079 3837 4131 caruisset

2253 4170 2493 4225 Ecclesia
2528 4212 2541 4234 ,
2590 4169 2687 4223 nisi
2725 4168 3059 4223 ethnicorum
3092 4168 3348 4238 impetum
3376 4167 3677 4239 Cyprianus
3718 4184 3834 4239 prn-

2249 4262 2396 4317 denti
2448 4275 2664 4316 secessu
2716 4259 3005 4330 elingisset.
3047 4258 3151 4314 Sed
3185 4276 3289 4313 non
3334 4260 3459 4313 vidit
3484 4259 3745 4330 ltigaltins
3767 4260 3835 4328 ip-

2250 4371 2365 4411 sum
2407 4356 2569 4411 etiam
2613 4354 2803 4409 librum
2840 4354 2908 4407 ad
2934 4354 3197 4409 Donatum
3225 4369 3254 4407 a
3288 4354 3476 4407 Pontio
3502 4356 3581 4408 sic
3610 4367 3834 4407 comnio-

2254 4449 2469 4515 morari,
2503 4463 2660 4519 quem
2681 4456 2856 4501 tamen
2885 4447 3035 4501 initio
3055 4445 3424 4502 conversionis
3450 4445 3718 4517 scriptum
3749 4459 3833 4499 ne-

2251 4559 2339 4599 mo
2382 4542 2674 4614 negaverit.
2728 4538 2881 4596 Unde
2927 4547 3070 4609 patet
3098 4538 3348 4594 Pontium
3389 4536 3641 4610 Cypriani
3682 4550 3831 4608 opera

2244 4635 2366 4692 data
2408 4635 2693 4692 occasione
2740 4646 3089 4701 enumerare,
3138 4646 3245 4687 non
3273 4629 3434 4686 modo
3461 4646 3583 4703 qua:
3609 4640 3732 4703 post
3755 4642 3831 4684 so-

2243 4744 2453 4786 cessum
2482 4729 2790 4800 scripserat.

2313 4824 2468 4880 Circa
2514 4822 2655 4879 idem
2701 4831 2950 4892 tempus,
3002 4819 3055 4875 id
3092 4828 3174 4876 est
3213 4828 3339 4875 ante
3376 4818 3820 4890 persecutionem,

2243 4917 2440 4988 scripta
2483 4915 2821 4971 existimatur
2853 4913 3091 4983 Epistola
3142 4928 3263 4969 LXVI
3288 4954 3303 4978 ,
3354 4927 3510 4983 quan.
3539 4912 3827 4984 Cyprianus

2243 5008 2456 5078 scripsit
2503 5024 2522 5058 ι
2563 5005 2891 5077 presbyteris
2931 5013 2984 5057 ct
3014 5003 3330 5058 diaconibus
3368 5013 3423 5057 et
3464 5002 3605 5073 plebi
3640 5001 3828 5057 Furni:

2242 5098 2713 5165 consistentibus,»
2737 5098 2802 5151 de
2831 5095 3063 5168 quodam
3089 5095 3339 5152 Geminio
3358 5094 3589 5162 Victore,
3614 5096 3701 5167 qui
3728 5094 3824 5150 Ce-

2241 5192 2464 5246 mininm
2510 5189 2824 5245 Faustinum
2855 5189 3228 5263 presbyterum
3257 5197 3489 5245 tutorem
3516 5196 3826 5244 testamento

2240 5301 2339 5342 suo
2383 5284 2770 5339 nominat-crat.
2812 5281 2972 5338 .lubct
3022 5282 3296 5339 observari
3355 5281 3656 5353 Cyprianus
3692 5277 3822 5352 quod

2241 5379 2406 5450 ipsius
2443 5386 2814 5433 antecessores
2857 5378 3094 5447 episcopi
3145 5375 3468 5447 jampridem
3512 5382 3820 5435 statuerant,

2244 5490 2263 5523 ι
2294 5487 2362 5526 ne
2388 5471 2508 5542 quis
2534 5464 2698 5525 frater
2720 5468 2987 5525 excedens
3010 5468 3076 5523 ad
3102 5470 3320 5524 tutelam
3347 5468 3430 5523 vel
3456 5483 3639 5524 curam
3668 5467 3821 5523 cleri-

2238 5580 2359 5625 cum
2390 5564 2733 5629 nominaret,
2765 5576 2829 5617 ac
2849 5562 2893 5617 si
2923 5562 3046 5633 quis
3076 5562 3178 5616 hoc
3200 5561 3439 5629 fecisset,
3472 5577 3579 5617 non
3608 5560 3822 5617 olferre-

2238 5666 2324 5712 tor
2351 5671 2445 5728 pro
2474 5671 2561 5722 eo,
2592 5668 2691 5711 nec
2728 5654 3050 5711 sacrificium
3083 5669 3184 5725 pro
3202 5634 3529 5710 dormitione
3552 5653 3821 5725 ejuscele-

2235 5752 2502 5807 braretur.
2542 5766 2561 5801 ι
2615 5747 3011 5804 Deliberaverat
3050 5761 3115 5802 ea
3161 5746 3230 5801 de
3276 5761 3337 5802 re
3379 5744 3681 5818 Cyprianus
3705 5756 3817 5799 eum

2233 5842 2456 5911 collegis
2474 5841 2564 5912 qui
2586 5848 2880 5912 praesentes
2907 5839 3151 5908 aderant,
3178 5848 3232 5895 et
3255 5838 3706 5911 compresbyteris
3729 5832 3812 5906 qui

2233 5934 2556 5994 assidebam.
2605 5934 2760 6006 Saepe
2793 5932 2941 5992 enim
2978 5934 3190 6007 negotia
3225 5933 3509 6007 episcopos
3540 5933 3811 5992 Africanos
