4050 6406
191 498 575 572 Carthaginem
602 493 903 559 trahebant,
932 489 1247 562 quibuscum
1277 487 1558 557 cpiscopus
1578 482 1805 539 Cartim-

190 595 442 666 gineusis
479 590 793 648 continuum
831 585 991 641 veluti
1021 582 1305 640 concilium
1351 579 1549 634 habere
1574 584 1799 647 poterat.

193 690 347 748 Satis
387 699 566 746 autem
618 682 960 755 perSpicitur,
1002 687 1058 733 ut
1076 674 1403 733 Pearsonius
1428 681 1480 728 et
1506 670 1803 726 Tillemon-

196 782 310 841 tius
337 780 647 843 observant,
671 776 809 832 hanc
832 771 1111 845 epistolam
1140 772 1194 826 in
1220 762 1351 839 pace
1380 765 1632 836 scriptam
1664 760 1798 815 fuis-

192 893 281 935 se.
299 876 487 947 Neque
519 871 659 927 enim
692 867 968 927 Geminius
989 865 1098 931 ille,
1124 864 1376 917 srevieute
1403 853 1796 947 persecutione,

195 946 439 1028 filiorum
481 966 701 1023 tutelam
746 960 1059 1035 presbytero
1094 955 1483 1019 commisisset,
1530 963 1689 1022 quem
1711 946 1794 1002 di-

190 1068 377 1140 gnitas
419 1072 473 1120 et
520 1073 714 1117 munus
754 1072 859 1130 quo
902 1053 1223 1126 fittigebatur
1257 1051 1309 1106 in
1338 1046 1572 1104 medium
1609 1041 1802 1140 discri-

191 1136 324 1220 men
374 1161 711 1231 conjecisset.
785 1148 1089 1209 Verisimile
1142 1155 1225 1202 est
1280 1140 1585 1200 Geminium
1648 1136 1794 1192 illum

189 1257 535 1320 Faustinum,
570 1266 727 1325 quem
746 1248 931 1305 Victor
950 1252 1178 1300 tutorem
1203 1240 1587 1297 nominaverat,
1613 1239 1799 1303 postea

191 1349 439 1423 ejusdem
458 1346 603 1403 urbis
618 1344 813 1400 factum
827 1355 948 1397 esse
966 1338 1297 1411 episcopum.
1321 1330 1500 1423 Adfuit
1513 1328 1653 1423 enim
1669 1339 1799 1380 con-

188 1420 322 1502 cilio
362 1436 788 1514 Carthaginensi,
810 1451 949 1490 anno
975 1431 1105 1498 256,
1137 1426 1414 1486 Geminius
1450 1420 1797 1478 Furnitanus.

267 1536 405 1595 Tres
429 1529 840 1605 alias-epistolas
885 1537 1013 1584 ante
1042 1538 1240 1580 annum
1279 1521 1387 1578 250
1421 1517 1647 1588 scriptas
1677 1529 1801 1585 pro-

198 1631 417 1696 nuntiat
436 1625 782 1687 Pearsonius,
808 1620 1195 1693 sexagesimam
1224 1613 1446 1687 primam
1470 1608 1538 1664 ad
1565 1605 1797 1662 Eur/tra-

186 1727 317 1782 tium
347 1724 415 1781 de
460 1721 724 1778 histrione
752 1716 981 1791 quodam
1019 1713 1130 1784 qui,
1167 1710 1265 1767 etsi
1297 1724 1327 1763 a
1370 1706 1578 1761 theatro
1611 1716 1797 1756 cessa-

184 1828 380 1886 verat,
417 1815 595 1871 adhuc
616 1824 793 1870 tamen
831 1820 1003 1866 artem
1044 1820 1196 1864 suam
1234 1800 1496 1862 docebat;
1526 1793 1800 1866 sexagesi-

186 1929 336 1970 mam
378 1908 668 1967 secundam
721 1905 788 1960 ad
828 1902 1172 1977 Pomponium
1209 1896 1277 1955 de
1319 1892 1613 1966 virginibus
1676 1903 1796 1960 quce

191 2022 320 2063 cum
356 2002 630 2069 masculis,
672 2016 739 2057 ex
770 1998 960 2070 quibus
991 2010 1127 2051 unus
1155 2000 1270 2049 erat
1294 1989 1574 2052 diaconus,
1599 1985 1796 2056 depre-

187 2098 386 2156 hensa:
414 2096 469 2152 in
487 2094 675 2152 eodem
703 2091 840 2147 lecto
868 2090 1113 2156 fuerant;
1145 2083 1533 2158 sexagesimam
1556 2078 1792 2150 quintam

189 2192 262 2248 ad
288 2190 635 2264 Rogatianum
675 2187 740 2243 de
760 2184 1003 2258 quodam
1034 2181 1260 2237 diacono
1290 2178 1381 2252 qui
1424 2177 1472 2232 ei
1512 2183 1793 2232 contume-

191 2284 296 2341 lias
329 2294 384 2341 et
412 2282 634 2354 injurias
675 2279 906 2344 fecerat,
938 2292 1038 2334 nec
1061 2274 1339 2349 dignitatis
1367 2287 1471 2330 nec
1499 2265 1795 2326 senectutis

188 2377 371 2435 habita
406 2376 633 2432 ratione.
665 2373 719 2429 Si
746 2369 959 2443 scripta:
985 2376 1109 2424 sunt
1138 2365 1221 2422 ba:
1252 2364 1442 2420 litterae
1472 2361 1623 2418 initio
1652 2359 1797 2430 epis-

197 2479 452 2544 copatus,
483 2482 707 2526 necesse
743 2475 827 2521 est
868 2471 927 2519 ut
961 2462 1070 2535 jam
1109 2469 1222 2516 tum
1265 2471 1473 2514 summa
1504 2451 1791 2524 fueritCy-

192 2566 368 2640 priani
432 2561 709 2635 sapientiae
750 2556 1076 2616 existimatio
1108 2597 1123 2620 ,
1176 2568 1297 2609 cum
1346 2550 1490 2606 illius
1531 2559 1790 2640 responsa

189 2638 429 2732 episcopi
476 2655 709 2728 undique
769 2658 1013 2724 peterent
1056 2645 1190 2702 :sed
1252 2643 1529 2700 fatendum
1589 2638 1790 2732 nullam

190 2730 371 2809 inesse
412 2748 495 2803 his
533 2744 778 2818 epistolis
808 2751 990 2798 notam
1032 2754 1129 2794 cur
1156 2736 1223 2792 ad
1256 2736 1359 2791 hoc
1408 2744 1618 2803 tempus
1648 2730 1791 2786 refe-

189 2854 397 2903 rantur.
426 2842 761 2900 Crediderim
802 2839 978 2910 potius
1010 2833 1301 2906 Epistolam
1331 2831 1400 2887 ad
1450 2830 1791 2903 Rogatianum

190 2939 455 3009 scriptam
473 2951 591 2993 esse
616 2941 735 3007 post
756 2941 932 2988 motus
952 2945 977 2981 a
1001 2929 1207 2985 Novato
1236 2927 1459 2999 ejusque
1483 2921 1794 2994 gregalibus

190 3030 490 3095 excitatos;
536 3025 603 3081 ad
635 3023 732 3080 hos
759 3024 901 3080 enim
934 3021 1144 3078 videtur
1182 3019 1453 3092 respicere
1490 3013 1794 3088 Cyprianus

191 3137 315 3178 cum
340 3119 441 3181 ait:
475 3137 493 3171 ι
523 3116 646 3173 llzec
665 3124 789 3173 sunt
816 3115 956 3171 enim
983 3113 1130 3168 initia
1155 3109 1530 3165 haereticorum
1560 3114 1613 3160 et
1641 3111 1792 3160 ortus

192 3223 353 3287 atque
405 3222 631 3269 conatus
662 3207 1125 3266 schismaticornm
1152 3204 1294 3259 male
1327 3199 1699 3274 cogitantium,
1734 3206 1791 3251 ut

190 3311 289 3368 sibi
338 3309 622 3381 placeant,
670 3318 727 3362 ut
764 3304 1109 3377 praepositum
1151 3299 1385 3372 superbo
1418 3305 1632 3353 tumore
1656 3309 1789 3350 con.-

189 3411 450 3460 temnant.
481 3401 571 3457 Sic
596 3400 663 3457 de
697 3397 931 3456 Ecclesia
962 3395 1251 3477 receditur,
1289 3394 1367 3447 sic
1398 3391 1566 3445 altare
1612 3384 1790 3458 profa-

188 3512 316 3553 mnn
352 3496 479 3550 toris
508 3494 832 3559 collocatur,
858 3492 937 3545 sic
961 3498 1148 3547 contra
1181 3501 1365 3558 pacem
1387 3484 1588 3541 Christi
1619 3492 1674 3539 et
1699 3498 1787 3537 or-

188 3588 518 3645 dinationem
543 3596 701 3657 atque
730 3584 991 3640 unitatem
1020 3581 1112 3638 Dei
1142 3580 1449 3637 rebellatur.
1490 3595 1509 3630 ι

261 3683 513 3756 Cypriani
545 3680 805 3752 sapientia
832 3678 1011 3735 elucet
1040 3676 1091 3731 in
1130 3675 1214 3730 his
1243 3673 1456 3729 litteris.
1479 3672 1536 3727 In
1566 3685 1787 3743 sexage-

188 3776 322 3831 sima
354 3775 520 3848 prima
546 3775 785 3832 declarat
810 3788 908 3829 nec
947 3770 1211 3841 majestati
1242 3768 1457 3836 divinae,
1492 3782 1591 3823 nec
1620 3781 1788 3822 evan-

188 3870 369 3940 gelicze
397 3868 690 3940 disciplinac
743 3878 1037 3938 congruere
1080 3870 1139 3917 ut
1167 3860 1359 3916 histrio
1401 3862 1783 3917 communicet.

188 3962 341 4031 Quod
362 3965 407 4018 si
425 3963 565 4019 enim
598 3960 816 4033 penuria
846 3961 982 4014 hanc
1007 3966 1178 4013 artem
1205 3969 1459 4011 exercere
1484 3964 1660 4025 cogat,
1693 3954 1788 4011 Ec-

189 4057 366 4113 clesiae
382 4055 684 4126 sumptibus
709 4050 997 4108 sustentari
1029 4048 1245 4114 debere,
1270 4047 1430 4102 modo
1462 4057 1637 4103 tamen
1657 4062 1787 4104 con-

190 4161 366 4207 tentus
392 4150 460 4205 sit
488 4148 864 4219 frugalioribus
898 4148 1062 4217 cibis;
1085 4160 1175 4205 aut
1203 4151 1245 4204 si
1278 4150 1386 4207 illic
1414 4148 1658 4205 Ecclesia
1688 4148 1785 4203 hos

196 4255 441 4314 sumptus
464 4239 763 4297 facerenon
798 4240 1003 4311 possit,
1039 4241 1089 4295 in
1124 4257 1275 4296 suam
1317 4257 1439 4298 cum
1483 4241 1691 4296 invitat.
1727 4239 1783 4295 ln

187 4335 517 4404 sexagesima
564 4330 797 4387 secunda
845 4329 1025 4385 laudat
1053 4330 1409 4403 Pomponium
1447 4332 1588 4404 quod
1618 4330 1782 4387 abSti-

188 4432 394 4486 nuisset
435 4426 743 4491 diaconum,
777 4426 865 4496 qui
898 4441 1021 4479 cum
1068 4427 1277 4497 virgine
1322 4441 1466 4496 srrpe
1491 4434 1780 4491 manserat,

186 4524 281 4580 sed
328 4529 383 4577 et
419 4512 646 4576 caitcros
672 4519 759 4590 qui
792 4534 911 4574 cum
942 4519 1234 4590 virginibus
1270 4504 1514 4575 dormire
1559 4533 1787 4575 consue-

188 4622 393 4674 verant.
445 4615 646 4670 Auctor
671 4624 753 4670 cst
783 4624 838 4669 ut
881 4612 1231 4684 inspiciuntur
1270 4615 1502 4685 virgines
1555 4613 1786 4685 diligen-

190 4721 270 4766 ter
309 4709 375 4765 ab
400 4708 779 4766 obstetricibus
800 4752 814 4775 ,
848 4718 903 4763 et
930 4708 975 4764 si
1012 4709 1248 4779 virgines
1277 4708 1511 4766 iuventte
1541 4708 1780 4778 fuerint,

186 4812 405 4875 accepta
471 4801 968 4859 communicatione
1026 4801 1077 4856 in
1143 4801 1440 4857 Ecclesium
1492 4802 1782 4857 admittan-

188 4907 301 4964 tur,
350 4897 394 4952 si
443 4905 617 4953 tamen
662 4895 933 4953 hactenus
986 4894 1354 4966 ptenitcntiam
1400 4897 1557 4968 hujus
1615 4896 1781 4951 illiciti

185 4990 496 5047 concubitus
527 4992 756 5061 egerint,
797 4994 851 5047 et
890 5006 918 5046 a
965 4992 1266 5049 seinvieem
1308 4996 1649 5052 recesserint.
1680 4994 1780 5050 Mi-

185 5093 339 5138 natur
373 5083 676 5155 graviorem
728 5098 1012 5141 censuram
1059 5088 1102 5143 si
1157 5089 1223 5141 ad
1252 5087 1468 5144 eosdem
1516 5088 1781 5144 masculos

186 5191 419 5231 reversa:
446 5175 668 5242 fuerint,
699 5185 792 5232 aut
820 5177 862 5232 si
903 5194 1023 5235 cum
1073 5180 1274 5235 eisdem
1306 5183 1356 5236 in
1394 5197 1493 5237 una
1521 5182 1681 5238 domo
1730 5190 1783 5238 et

184 5274 280 5328 sub
304 5273 495 5330 eodem
528 5279 669 5329 tecto
704 5272 866 5328 simul
896 5273 1271 5331 habitaverint.
1302 5274 1582 5348 Corruptis
1609 5280 1780 5349 impo-

188 5366 259 5422 nit
290 5366 654 5438 ptBttilcnliam
704 5366 937 5436 plenam,
978 5381 1040 5422 ac
1070 5382 1181 5432 eas,
1222 5369 1267 5424 si
1293 5370 1559 5428 obstinate
1594 5387 1779 5443 perse-

190 5470 393 5526 verent,
416 5474 704 5531 numquam
728 5459 779 5514 iu
804 5458 1097 5516 Ecclesiam
1114 5459 1319 5517 admitti
1342 5479 1501 5535 posse
1521 5464 1776 5521 declarat.

190 5556 243 5610 ltt
274 5558 602 5628 sexagesima
645 5553 828 5626 quinta
867 5553 1047 5610 lattdat
1102 5554 1455 5613 humilitatem
1496 5558 1777 5629 Rogatiani

188 5648 345 5720 quod,
376 5664 496 5703 cum
530 5663 626 5720 pro
652 5649 992 5721 episcopatus
1017 5648 1198 5719 vigore
1219 5656 1271 5703 et
1300 5648 1570 5705 cathedra:
1597 5661 1779 5706 aucto-

188 5744 336 5797 ritate
364 5756 549 5814 poenas
579 5739 648 5796 de
677 5739 904 5796 diacono
935 5756 1153 5798 sumere
1194 5749 1406 5812 posset,
1446 5743 1692 5813 querelas
1712 5743 1778 5797 ad

189 5849 244 5888 se
272 5831 546 5889 detulerit.
579 5832 777 5889 Statuit
806 5845 1060 5906 oportere
1088 5833 1372 5890 diaconum
1403 5850 1595 5907 «agerc
1613 5837 1778 5892 auda-

184 5925 275 5982 cia.-
302 5940 413 5981 suae
442 5926 816 5998 paenitentiam
838 5968 853 5996 ,
891 5936 946 5985 et
973 5927 1234 5984 honorem
1268 5925 1563 5985 sacerdotis
1601 5941 1762 6001 agno-

1425 367 1578 427 VITA
1617 360 1865 427 SANCTI
1901 360 2240 428 CYPRlANl.
2844 392 2845 395 ‘
3446 390 3516 448 86

1916 497 2086 547 scere,
2128 503 2146 537 ι
2173 492 2227 540 et
2275 484 2831 560 episcopoprmposito
2877 503 2978 548 suo
3008 493 3161 565 plena
3209 497 3509 563 humilitate

1856 630 1859 633 .
1910 576 2238 635 satisfacere.
2272 578 2369 635 llic
2397 579 2546 637 facile
2574 583 3197 654 perspiciturauctoritas
3218 592 3503 667 Cypriani,

1911 684 2015 760 non
2047 678 2150 725 tam
2183 672 2466 728 consilium
2497 673 2673 731 dantis
2731 692 2892 752 quam
2932 682 3294 752 praecipientis
3340 695 3393 743 et
3418 689 3508 760 ju-

1910 758 2101 829 bentis,
2134 771 2244 818 tum
2283 766 2351 820 ob
2378 766 2528 823 sedis
2556 767 2899 840 dignitatem,
2930 779 3044 829 tttm
3073 776 3196 844 quia
3226 778 3357 833 inito
3385 758 3506 834 cum

1908 852 2184 927 ejiisc0pls
2212 864 2265 914 et
2290 859 2616 931 presbyteris
2636 863 2859 918 consilio
2886 879 3144 937 responsa
3166 867 3344 923 dabat.
3373 868 3505 927 Nam

1908 946 2162 1018 Epistolas
2183 952 2251 1031 ad
2288 951 2629 1025 Pomponium
2645 964 2697 1011 et
2715 957 2784 1011 ad
2804 956 3144 1031 Ragatiauum
3160 963 3373 1034 scriptu
3401 964 3514 1020 fuc-

1905 1051 2028 1097 runt
2052 1059 2157 1099 non
2188 1044 2363 1101 solum
2391 1046 2643 1120 Cypriani
2684 1053 2921 1117 nomine,
2969 1054 3062 1109 sed
3103 1056 3263 1111 etiam
3292 1058 3507 1129 episco-

1906 1148 2095 1205 porum
2121 1137 2439 1207 quibuscum
2470 1141 2538 1197 de
2579 1145 2867 1215 propositis
2907 1144 3068 1202 rebus
3094 1147 3507 1206 deliberaverat.

1904 1227 2014 1285 Nec
2057 1230 2247 1286 mirum
2278 1246 2409 1289 sane
2451 1243 2533 1291 est
2570 1237 2617 1291 si
2676 1237 2743 1293 de
2797 1240 3131 1309 gravioribus
3184 1242 3343 1298 rebus
3386 1260 3508 1301 cum

1904 1322 2172 1393 episc0pis
2210 1326 2627 1392 eonsiliabatur,
2674 1330 2763 1399 qui
2795 1340 3057 1388 statuerat
3085 1333 3153 1387 ah
3181 1334 3335 1390 initio
3364 1337 3511 1406 epis-

1902 1425 2124 1484 copatus
2148 1417 2229 1471 sui
2251 1419 2380 1473 nihil
2410 1420 2525 1476 sine
2550 1422 2776 1478 consilio
2802 1424 2929 1480 cleri
2962 1436 3015 1479 et
3040 1441 3305 1482 consensu
3337 1430 3511 1499 plebis

1903 1508 2104 1577 privata
2134 1514 2396 1568 sententia
2424 1530 2633 1585 gerere.
2668 1516 2748 1570 Ex
2781 1516 2863 1572 his
2908 1534 3027 1589 qua:
3055 1520 3314 1590 deinceps
3357 1522 3507 1577 dicc-

1904 1616 2022 1656 ntus
2066 1603 2219 1660 facile
2246 1605 2472 1676 quisque
2508 1608 2796 1679 perspiciet
2822 1620 3016 1679 quanta
3051 1610 3211 1667 fuerit
3239 1615 3495 1686 Cypriani

1903 1696 1955 1751 in
1986 1698 2087 1751 hoc
2117 1713 2313 1769 genere
2333 1698 2607 1771 diligentia
2639 1701 2968 1783 ct‘sedulitas
2997 1746 3010 1769 ,
3055 1706 3167 1758 sive
3196 1706 3375 1761 clerici
3418 1724 3509 1763 oro

1900 1790 2118 1846 dinaudi
2151 1799 2332 1848 essent
2357 1836 2371 1861 ,
2412 1806 2507 1850 seu
2539 1795 2665 1865 quid
2712 1796 2851 1850 aliud
2887 1797 3107 1866 majoris
3134 1798 3213 1853 rei
3239 1800 3495 1870 ineipicne

1900 1883 2048 1939 dum.
2082 1884 2288 1940 Laudat
2314 1886 2535 1942 Pontius
2565 1889 2617 1943 in
2651 1889 2789 1943 illius
2820 1890 3130 1961 episcopatu
3173 1892 3424 1959 pietatem
3450 1903 3504 1949 ct

1900 1978 2157 2047 vigorem,
2186 1979 2608 2036 misericordiam
2633 1990 2684 2037 et
2714 1997 3021 2050 censuram,
3049 2000 3266 2054 gravem
3299 1985 3502 2041 vultum

1898 2078 1953 2124 ct
1996 2071 2175 2125 la-tum
2203 2113 2218 2137 ,
2264 2088 2363 2129 nec
2390 2076 2727 2131 severitatem
2792 2077 3002 2133 tristem
3053 2094 3153 2135 nec
3197 2082 3504 2136 comitatem

1898 2164 2142 2228 nimiam,
2184 2180 2432 2222 aversum
2483 2182 2510 2221 a
2538 2169 2788 2237 superbia
2811 2171 3054 2226 smcttlari
3094 2173 3367 2239 animum,
3408 2173 3503 2230 sed
3575 2242 3581 2249 ἢ

1900 2266 2077 2313 tamen
2104 2259 2222 2314 siue
2252 2258 2514 2315 affectatis
2546 2263 2785 2331 penuriae
2814 2262 3087 2332 sordibus,
3117 2279 3381 2339 summam
3412 2268 3506 2323 de-

1898 2349 2059 2420 nique
2081 2350 2132 2404 in
2159 2364 2419 2422 pauperes
2441 2352 2781 2423 charitatem,
2819 2370 2954 2425 quos
2979 2356 3398 2414 catechumenos
3418 2360 3500 2415 di-

1900 2445 2123 2501 lexerat.

1899 2559 2108 2617 V.-—ns
2150 2577 2544 2619 PERSECUTIONE
2575 2578 2714 2619 nec"
2748 2578 2976 2630 musque
3019 2569 3236 2633 mirus,
3305 2583 3370 2624 ac
3434 2584 3501 2624 ne

2077 2671 2254 2712 MAGNO
2281 2672 2550 2713 LAPSORUM
2578 2672 2648 2713 ET
2669 2673 3045 2715 ςοΝΡΕςδοιιωί
3082 2677 3315 2718 NUMEBO.

1971 2746 2183 2803 Electus
2213 2751 2263 2804 in
2299 2764 2429 2820 pace
2455 2748 2776 2821 Cyprianus,
2809 2760 2863 2805 ut
2896 2752 3008 2822 ipse
3050 2760 3283 2808 testatur
3329 2754 3494 2825 Epist.

1896 2855 1983 2905 Lv,
2019 2830 2217 2896 annum
2259 2858 2422 2897 unum
2453 2843 2537 2899 cui
2563 2842 2698 2899 forte
2725 2844 2990 2901 accedunt
3026 2847 3228 2918 aliquot
3255 2863 3494 2917 mensos,

1896 2931 1950 2989 in
2000 2935 2099 2990 hoc
2154 2950 2334 2990 rerum
2388 2945 2529 2991 statu
2584 2937 2836 2993 traduxit.
2892 2938 3048 2994 Circa
3088 2940 3295 2996 initium
3340 2942 3498 3015 hujus

1894 3030 2019 3083 anni
2062 3027 2194 3095 250,
2228 3028 2464 3085 Novatus
2512 3032 2793 3103 presbyter
2815 3031 2883 3087 ob
2910 3034 3090 3089 uxoris
3120 3045 3325 3091 uterum
3350 3037 3496 3093 calrc

1894 3136 2207 3193 percussum
2251 3131 2305 3178 ct
2347 3132 2556 3194 partum
2596 3122 2885 3199 altor-tione
2911 3140 3226 3196 expressum
3253 3171 3267 3197 ,
3311 3138 3364 3184 et
3392 3129 3495 3185 alia

1893 3214 2097 3270 scelera
2140 3216 2191 3269 in
2233 3214 2491 3287 judicium
2536 3216 2675 3287 apud
2731 3218 3057 3290 Cyprianum
3118 3229 3337 3275 vocatus
3379 3233 3494 3289 est;

1888 3305 2106 3377 jamque
2131 3308 2318 3362 aderat
2345 3309 2667 3379 cognitionis
2693 3309 2825 3375 dies,
2860 3310 2955 3366 sed
2981 3313 3286 3381 persecutio
3308 3328 3497 3384 super-

1890 3398 2037 3475 venit
2059 3399 2181 3473 (Ep.
2214 3398 2380 3473 xux).
2415 3401 2631 3457 Jactitat
2662 3415 2723 3456 se
2767 3401 3094 3457 Pearsonius
3138 3403 3239 3459 hoc
3270 3405 3494 3478 presby-

1892 3491 1989 3545 teri
2016 3491 2287 3562 conjugati
2314 3493 2563 3564 exemplo
2594 3512 2604 3545 :
2631 3494 2723 3547 sed
2751 3503 2927 3547 tamen
2951 3509 3175 3550 uxorem
3208 3511 3313 3549 non
3342 3496 3495 3553 duxit

1892 3580 2126 3637 Novatus
2179 3593 2289 3638 tum
2324 3598 2447 3638 cum
2491 3592 2635 3639 esset
2676 3584 2979 3656 presbyter,
3012 3600 3114 3641 nec
3141 3585 3186 3641 si
3212 3586 3494 3659 presbyter

1891 3674 2131 3742 retinuit,
2183 3674 2385 3732 idcirco
2433 3675 2686 3733 Ecclesia:
2732 3676 2957 3732 vetitum
2997 3691 3063 3732 ex
3104 3678 3488 3735 continentium

1893 3782 2117 3824 numero
2159 3769 2507 3841 presbyteros
2533 3770 2749 3841 eligere.

1959 3862 2212 3936 Cypriani
2263 3862 2548 3919 virtutibus
2596 3862 2913 3919 latissimum
2972 3879 3220 3938 campum
3280 3869 3491 3939 aperuit

1890 3960 2192 4030 persecutio
2208 3959 2374 4028 Decii,
2394 3956 2462 4016 de
2484 3973 2586 4031 qua
2606 3959 2760 4015 nobis
2781 3975 2948 4031 pauca
2973 3961 3197 4017 dicenda
3212 3970 3355 4032 sunt,
3386 3977 3484 4017 an-

1890 4066 2104 4131 tequam
2141 4071 2227 4114 res
2252 4073 2280 4111 a
2305 4056 2578 4130 Cypriane
2605 4055 2689 4111 bis
2740 4058 3135 4113 molestissimis
3159 4059 3488 4130 temporibus

1887 4162 2067 4222 gestas
2082 4166 2485 4225 persequamur.
2523 4151 2734 4217 Decius,
2758 4153 2950 4207 occisis
2970 4151 3259 4209 crudeliter
3285 4154 3487 4223 Philip-

1890 4247 1971 4318 pis
2011 4257 2065 4302 et
2107 4246 2334 4317 imperio
2359 4255 2642 4316 occupato,
2664 4247 2798 4303 nihil
2831 4248 2977 4319 prius
3022 4249 3122 4304 sibi
3172 4259 3262 4304 aut
3309 4251 3486 4321 potius

1888 4336 2191 4393 faciendum
2225 4352 2345 4394 esse
2365 4336 2710 4409 duxit,quam
2743 4349 2798 4394 ut
2821 4340 2872 4395 in
2900 4339 3245 4396 Christianam
3277 4342 3488 4413 religio-

1888 4446 2033 4499 nem,
2070 4446 2189 4504 qna:
2224 4431 2326 4487 sub
2369 4431 2629 4503 Philippis
2654 4446 2717 4489 ac
2743 4434 3113 4504 superioribus
3146 4434 3487 4507 imperatori-

1896 4523 1998 4579 bus
2041 4525 2238 4579 mirum
2278 4524 2328 4578 in
2360 4522 2579 4579 modum
2605 4534 2892 4591 creverat,
2925 4540 3114 4581 omnes
3156 4526 3364 4599 imperii
3404 4529 3485 4584 sui

1886 4622 2111 4671 conatus
2144 4624 2506 4671 converteret.
2542 4612 2720 4688 Coepit
2759 4619 2937 4688 itaque
2967 4627 3021 4674 et
3061 4632 3159 4673 suo
3185 4619 3235 4675 in
3278 4618 3485 4691 Philip-

1888 4726 1984 4782 pos
2001 4709 2144 4779 odio,
2167 4717 2220 4767 et
2238 4698 2594 4766 Romanarum
2609 4712 3301 4785 superstitionum,quarum
3316 4717 3485 4771 ruinis

1889 4798 2025 4857 hanc
2046 4802 2355 4875 religionem
2376 4798 2671 4874 superstrui
2687 4800 2921 4874 videbat,
2940 4802 3212 4862 desiderio
3230 4807 3279 4862 in
3303 4806 3487 4863 Chris-

1889 4897 2160 4950 tianorum
2189 4894 2450 4965 sanguine
2476 4895 2767 4965 parentari.

1960 4986 2397 5044 Persecutionem
2450 4985 2608 5042 simul
2648 5002 2768 5043 cum
2802 4987 3026 5060 imperio
3070 4988 3213 5046 Decii
3258 4997 3486 5059 emptam

1889 5078 2055 5136 fuisse
2092 5078 2351 5135 discimus
2380 5096 2444 5135 ex
2478 5080 2741 5152 locuplete
2772 5091 2929 5151 teste,
2970 5083 3222 5157 Dionysio
3253 5082 3487 5138 Alexan-

1888 5173 2066 5244 drino,
2095 5175 2187 5247 qui
2210 5173 2562 5231 defendendas
2589 5184 2643 5232 et
2674 5177 2885 5234 tuenda:
2911 5178 2963 5234 in
2987 5178 3086 5234 hac
3114 5176 3489 5248 persecutione

1887 5268 2141 5326 Ecclesia:
2169 5268 2424 5340 plurimas
2446 5279 2627 5341 partes
2657 5272 2925 5327 sustinuit.
2961 5290 2980 5324 ‹
3007 5271 3111 5328 Sed
3147 5272 3423 5338 continuo,
3463 5294 3479 5327 ι

1842 5392 1845 5395 »
1883 5361 2058 5434 inquit
2117 5363 2256 5434 apud
2290 5363 2483 5419 Euseb.
2517 5360 2692 5435 (Hist.
2726 5365 2814 5420 lib.
2850 5378 2925 5433 vr,
2958 5378 3076 5434 cap.
3101 5362 3195 5437 41)
3218 5407 3233 5431 ,
3278 5358 3492 5437 imperii

1888 5456 2035 5521 illius
2086 5472 2216 5529 erga
2269 5472 2369 5512 nos
2430 5458 2801 5529 benignissimi
2852 5456 3076 5512 mutatio
3135 5458 3290 5514 nobis
3352 5477 3492 5516 nun-

1884 5552 2011 5607 tiata
2033 5560 2137 5618 est,
2168 5560 2221 5607 et
2242 5553 2588 5625 gravissimus
2617 5553 2772 5608 nobis
2812 5552 3076 5606 minarum
3107 5562 3281 5610 terror
3309 5556 3487 5613 inten-

1884 5641 2117 5699 tabatur.
2164 5641 2387 5716 Jamque
2426 5644 2611 5699 aderat
2652 5643 2888 5699 edictum
2928 5642 3286 5715 imperatoris,
3314 5657 3419 5704 etc.
3462 5668 3480 5702 ›

1883 5737 2027 5795 Idem
2084 5748 2344 5794 testantur
2386 5738 2693 5810 Lactantius
2747 5736 2799 5792 in
2847 5735 2988 5794 libro
3010 5737 3072 5793 de
3099 5738 3266 5795 Morte
3293 5757 3484 5812 persec.

1880 5845 1929 5887 c.
1951 5831 2006 5899 4,
2039 5839 2092 5887 et
2118 5831 2459 5898 0rosius_lib.
2492 5828 2740 5896 vt,c.ﬂl.
2769 5828 2969 5899 Quare,
3009 5846 3129 5888 cum
3169 5832 3371 5888 nullum
3399 5848 3492 5886 ex-

1880 5930 1987 5982 stet
2016 5923 2295 5995 vestigium
2343 5914 2730 5995 persecutionis
2755 5932 2879 5982 ante
2907 5908 3147 5982 mensem
3183 5923 3489 5996 januarium
