4050 6418
512 314 581 369 87

515 430 641 487 anni
676 430 817 496 2.50,
850 428 1003 501 cujus
1030 428 1232 486 mensis
1275 427 1361 485 die
1392 426 1650 500 vigesimo
1687 425 1984 482 Fabianum
2010 439 2110 496 pa-

518 539 645 595 pam
671 523 859 579 Romae
878 537 1095 595 passmn
1119 536 1240 579 esse
1267 517 1511 590 constat,
1542 535 1648 577 non
1688 519 1979 576 assentitur
2005 517 2118 575 Til-

525 617 822 673 lemontius
852 616 1066 672 erudito
1104 615 1377 671 Annalium
1413 612 1836 687 Cyprianicarttm
1870 611 2073 667 auctori
2101 653 2117 676 ,

525 708 619 781 qui
659 708 961 779 Philippum
987 723 1172 764 mense
1190 709 1428 779 Augusto
1447 706 1574 762 anni
1592 706 1699 762 ΞΜ)
1721 705 1957 760 occisum
1976 718 2118 770 esse,

520 816 589 857 ac
637 799 857 857 Decium
888 815 1074 856 mense
1110 800 1246 871 julio
1269 808 1503 856 exeunte
1526 813 1813 870 purpuram
1830 797 2123 868 sumpsisse

533 893 825 950 existimat.
852 894 969 951 Non
998 894 1268 950 immerito
1292 893 1509 965 quidem
1540 894 1793 949 statuitur
1819 891 2121 964 Philippum

523 996 812 1059 utrumque
847 988 1069 1058 periisse
1095 995 1220 1043 ante
1261 986 1424 1042 ﬁnem
1459 987 1584 1042 anni
1616 986 1746 1052 249,
1788 1000 1890 1041 nec
1916 992 2124 1056 septem

526 1094 697 1136 annos
727 1082 1040 1151 imperasse,
1074 1090 1131 1134 ut
1157 1081 1330 1135 visum
1355 1090 1438 1136 est
1465 1078 1701 1136 Eusebio
1726 1095 1742 1144 ;
1775 1078 1972 1151 quippe
2001 1093 2125 1135 cum

535 1174 591 1228 in
623 1172 807 1229 Codice
832 1171 1117 1229 Iustiniani
1139 1172 1257 1246 (lib.
1284 1189 1355 1238 tv,
1385 1172 1466 1227 tit.
1489 1172 1602 1243 l6),
1625 1181 1774 1228 extet
1807 1173 2128 1243 rescriptum

529 1268 630 1325 sub
693 1269 836 1325 Decii
893 1270 1108 1326 nomine
1158 1270 1342 1325 datum
1388 1286 1475 1325 xw
1529 1268 1638 1326 kal.
1671 1268 2132 1333 nov..A§miliano

533 1369 589 1416 et
633 1361 881 1431 Aquilino
898 1376 1064 1425 coss.,
1097 1361 1346 1417 videntur
1375 1377 1504 1433 ergo
1520 1362 1629 1433 jam
1654 1372 1763 1418 tum
1784 1361 2013 1432 Philippi
2039 1377 2134 1431 pc-

531 1454 723 1521 riisse;
752 1455 846 1510 sed
862 1455 912 1511 id
931 1472 1116 1511 mense
1140 1466 1365 1528 augusto
1388 1457 1677 1527 contigisse
1704 1472 1811 1513 non
1841 1456 2131 1528 probatur:

535 1549 827 1619 quinetiam
856 1550 983 1605 citat
1003 1549 1374 1605 Tillemontius
1395 1564 1461 1605 ex
1484 1547 1614 1606 Cod.
1637 1549 1921 1606 Justiniani
1960 1549 2039 1624 (l.
2060 1565 2133 1617 γι,

541 1640 623 1694 tit.
655 1638 752 1713 36)
795 1640 962 1712 legem
993 1657 1021 1695 a
1068 1639 1310 1713 Philippo
1334 1641 1510 1698 datam
1540 1640 1679 1697 idib:
1702 1643 1909 1698 octobr.
1944 1641 2137 1697 eodem

538 1730 836 1787 JEmiliano
866 1732 1088 1787 consule
1107 1774 1124 1801 ,
1155 1736 1241 1788 cui
1267 1747 1378 1789 non
1404 1735 1522 1789 sine
1548 1748 1733 1790 errore
1767 1733 1973 1804 collega
2000 1734 2135 1789 assi-

546 1834 742 1896 gnatur
796 1824 1133 1896 Peregrinus.

611 1918 736 1984 Sed,
776 1934 1128 1991 quaecumque
1153 1919 1314 1975 Decio
1365 1918 1667 1974 tribuantur
1714 1918 1925 1991 imperii
1968 1918 2139 1987 initia,

548 2012 737 2083 negari
764 2028 869 2070 non
899 2022 1074 2085 potest
1103 2012 1536 2084 persecutionem
1567 2013 1718 2069 initio
1741 2013 1867 2068 anni
1909 2012 2017 2069 250
2042 2028 2144 2068 sae-

547 2106 731 2162 viisse.
785 2107 1086 2163 Carnernnt
1131 2106 1422 2177 primordia
1484 2107 1797 2163 crudelitate
1844 2116 2145 2163 tormento-

548 2216 706 2263 rum,
749 2214 855 2256 non
888 2201 939 2257 id
983 2201 1198 2273 quidem
1250 2202 1500 2258 omnibus
1525 2202 1578 2256 in
1625 2201 1789 2269 locis,
1830 2200 1927 2258 sed
1953 2202 2144 2257 saltem

554 2291 915 2365 Carthagine,
944 2295 1033 2350 ubi
1076 2294 1247 2366 primo
1276 2295 1676 2352 confessoribus
1710 2310 1821 2350 non
1854 2294 1973 2351 alia:
2003 2295 2146 2350 inlli-

546 2394 646 2440 cta:
677 2394 802 2441 sunt
843 2402 1038 2457 poma},
1082 2402 1240 2458 quam
1279 2402 1483 2453 career,
1519 2386 1771 2452 exilium;
1802 2384 1916 2452 sed,
1967 2386 2149 2456 paucis

549 2478 826 2535 mensibus
861 2478 1082 2549 elapsis,
1117 2479 1317 2534 nullum
1348 2478 1515 2534 abfuit
1540 2479 1809 2534 cruciatus
1837 2494 2025 2550 genus.
2060 2478 2151 2536 Sic

544 2571 792 2626 Aurelius
816 2611 831 2637 ,
882 2581 937 2625 ιιι
961 2571 1034 2626 ait
1067 2570 1367 2643 Cyprianus
1398 2570 1499 2642 Ep.
1544 2587 1733 2638 xxxnt,
1776 2572 1876 2627 sub
1937 2590 1955 2623 ι
1982 2570 2152 2627 oculis

548 2675 673 2721 ante
723 2680 1033 2736 paucorum,
1075 2666 1287 2736 quando
1339 2666 1569 2722 extorris
1621 2666 1804 2733 ﬁebat,
1829 2679 2152 2738 congressus

550 2769 669 2824 est;
727 2770 784 2815 at
820 2769 1007 2831 postea
1064 2761 1259 2816 meruit
1304 2769 1358 2815 et
1385 2760 1435 2816 in
1466 2759 1585 2816 foro
1622 2760 1876 2832 congredi
1928 2760 2154 2817 clariore

552 2854 769 2918 virtute,
821 2862 879 2909 ιιι
934 2854 1438 2925 ροειηηιθείειηιιιιε
1461 2855 1621 2910 etiam
1642 2856 2014 2926 proconsulem
2036 2855 2155 2910 vin-

551 2954 700 3000 ceret
753 2954 809 3000 et
857 2956 978 3017 post
1023 2946 1239 3002 exilium
1291 2955 1554 3001 tormenta
1594 2957 1928 3017 superaret.»
1961 2948 2159 3004 Existi-

558 3047 671 3093 mat
699 3036 1074 3093 Tillemontius
1112 3038 1540 3109 persecutionem
1580 3039 1735 3093 citius
1776 3039 1962 3095 liomtc
1993 3055 2154 3111 quam

557 3131 610 3185 in
643 3122 825 3184 Africa
856 3131 1115 3195 srcviisse,
1160 3145 1224 3186 ac
1252 3130 1468 3203 Moysen
1508 3139 1562 3186 et
1591 3130 1902 3198 Maximum,
1936 3136 2154 3206 presby-

558 3232 703 3277 teros
746 3222 1039 3290 Romanos,
1085 3224 1195 3293 jam
1242 3223 1293 3278 in
1344 3238 1615 3280 carcerem
1672 3224 1948 3295 conjectos
1993 3226 2158 3282 fuisse

557 3330 678 3370 cum
712 3316 1016 3386 persecutio
1051 3315 1102 3369 in
1132 3314 1313 3371 Africa
1354 3316 1593 3385 increpit,
1623 3317 1866 3387 quamvis
1903 3326 2021 3389 post
2050 3318 2155 3374 Fa-

556 3407 696 3463 biani
742 3422 891 3479 pap:c
937 3410 1250 3480 martyrium
1295 3409 1525 3478 cenjecti
1566 3407 1783 3475 fuerint,
1830 3418 1887 3464 ut
1929 3408 2157 3467 habetur

558 3500 610 3553 in
642 3499 886 3554 Bucherii
911 3500 1230 3557 Pontilicali.
1253 3500 1369 3557 Non
1398 3516 1529 3558 sane
1553 3511 1813 3573 repugnat
1856 3513 1912 3559 ut
1963 3519 2153 3576 perse-

559 3594 703 3651 eutio
734 3596 891 3650 citius
918 3595 1099 3651 Roma:
1120 3610 1281 3666 quam
1321 3598 1372 3651 in
1410 3598 1696 3666 provinciis
1726 3598 2005 3672 eruperit;
2058 3600 2155 3656 sed

558 3696 734 3770 tamen
770 3682 1021 3761 Cypriani
1044 3690 1205 3745 verba
1245 3690 1437 3761 quibus
1474 3692 1557 3746 vir
1577 3693 1921 3749 doctissimus
1947 3694 2150 3761 nititur,

559 3797 665 3836 non
701 3780 752 3837 id
778 3783 997 3837 omnino
1026 3782 1416 3849 demonstrant,
1447 3782 1590 3853 quod
1628 3785 1731 3856 ipsi
1760 3785 1990 3853 videtur,
2020 3803 2151 3843 con-

554 3878 787 3934 fessores
818 3878 1090 3935 Romanos
1115 3888 1239 3935 ante
1284 3879 1336 3934 in
1377 3895 1649 3938 carcerem
1677 3885 1953 3954 conjectos
1986 3884 2152 3944 fuisse

553 3992 711 4048 quant
741 3978 1229 4047 Carthaginenses,
1281 3978 1375 4035 sed
1416 3988 1619 4034 tantum
1659 3982 1930 4038 cruciatus
1964 3994 2017 4040 et
2044 3996 2155 4041 tor-

553 4079 730 4124 menta
778 4071 923 4140 prius
956 4070 1138 4128 [10mm
1188 4072 1471 4143 inempisse
1498 4089 1657 4144 quam
1699 4073 2035 4148 Carthagine.
2064 4079 2153 4138 Sic

551 4162 694 4215 Ωιιίιιι
742 4163 993 4243 loquitur
1066 4165 1366 4237 Cyprianus
1447 4165 1499 4219 in
1569 4166 1806 4237 Epistola
1876 4185 2003 4239 xxv,
2083 4172 2153 4227 ad

556 4255 788 4327 Moysen:
854 4267 901 4310 ct
944 4256 1236 4312 Maximum
1287 4268 1333 4313 et
1388 4258 1516 4314 alios
1566 4259 1878 4332 confessam
1918 4276 1937 4316 :
1986 4280 2004 4314 ι
2045 4263 2149 4320 Vos

555 4349 698 4404 enim
748 4351 1012 4421 primores
1045 4360 1098 4408 et
1134 4352 1302 4411 duces
1326 4352 1396 4410 ad
1425 4355 1594 4411 nostri
1624 4356 1877 4426 temporis
1909 4358 2147 4427 praelium

552 4441 676 4497 facti
744 4444 981 4500 caelestis
1040 4445 1243 4501 militia:
1284 4446 1434 4519 signa
1476 4447 1754 4516 movistis;
1785 4463 1881 4505 vos
1908 4449 2149 4520 spiritale

546 4544 842 4602 certamen,
894 4536 1051 4610 quod,
1092 4552 1235 4594 nunc
1271 4539 1384 4609 geri
1410 4538 1556 4595 Deus
1586 4539 1772 4609 voluit,
1803 4543 1998 4598 vestris
2035 4545 2145 4599 vir-

545 4627 746 4685 tutibus
790 4629 1093 4695 imbuistis;
1125 4645 1221 4686 vos
1259 4632 1528 4703 surgentis
1567 4630 1691 4689 belli
1746 4633 1977 4706 impetus
2034 4636 2144 4706 pri-

542 4736 662 4778 mos
714 4722 972 4780 immobili
1031 4723 1226 4781 robore
1271 4734 1432 4796 atque
1486 4724 1803 4783 inconcussa
1854 4725 2145 4785 stabilitate

541 4814 813 4887 fregistis:
858 4816 982 4873 inde
1044 4816 1191 4872 initia
1255 4816 1433 4873 felicia
1497 4817 1763 4889 pugnandi
1821 4828 1936 4874 orta
1980 4829 2140 4888 sunt;

537 4907 663 4965 inde
708 4907 959 4965 vincendi
1017 4909 1254 4981 auspicia
1295 4918 1594 4981 coeperunt.
1635 4909 1867 4983 Contigit
1914 4910 2001 4968 hic
2048 4927 2144 4984 per

538 5015 807 5063 tormenta
878 5008 1241 5065 consummari
1309 5010 1602 5082 martyrio:
1641 5009 1736 5066 sed
1778 5011 1867 5082 qui
1910 5014 1961 5067 in
2006 5027 2139 5070 con-

533 5100 812 5169 gressione
881 5099 1191 5171 prtecedens
1266 5101 1569 5172 exemplum
1630 5101 1842 5157 virtutis
1884 5103 2140 5162 fratribus

530 5190 704 5247 factus
754 5200 859 5259 est,
907 5206 1029 5248 cum
1069 5191 1469 5266 martyribusin
1493 5194 1698 5249 honore
1719 5195 2017 5251 communis
2034 5206 2133 5253 est.

531 5281 774 5340 Coronae
833 5294 1045 5342 vestras
1096 5300 1258 5341 manu
1314 5294 1487 5342 sertas
1536 5286 1662 5342 inde
1698 5286 1801 5342 huc
1846 5287 2137 5346 tradidistis

529 5383 587 5429 et
622 5375 688 5431 de
729 5377 921 5447 poculo
951 5377 1174 5435 salutari
1202 5377 2000 5452 fratribustradidistis.»Negat
2027 5380 2138 5437 Til-

528 5465 817 5525 lemontius
844 5484 911 5523 ex
950 5470 1035 5525 his
1076 5471 1256 5526 verbis
1294 5469 1445 5541 sequi
1490 5471 1710 5544 Moysen
1752 5481 1807 5527 et
1843 5473 2131 5530 Maximum

527 5558 719 5614 Romae
753 5561 990 5631 omnium
1044 5563 1247 5632 primos
1298 5561 1573 5618 confessos
1602 5578 1743 5630 csse,
1775 5565 1970 5636 quippe
2007 5581 2130 5620 cum

525 5649 798 5707 Fabianus
827 5661 951 5708 ante
980 5660 1182 5726 martyr
1216 5654 1411 5710 ohierit
1453 5670 1612 5726 quam
1638 5656 1724 5710 isti
1772 5656 1824 5711 in
1853 5671 2126 5713 carcerem

525 5743 950 5812 conjicerentur.
979 5745 1073 5801 sed
1102 5754 1306 5803 tantum
1339 5747 1478 5802 hanc
1501 5762 1594 5804 eos
1616 5748 1824 5804 laudem
1848 5759 1974 5805 ante
1999 5749 2129 5806 Car-

520 5835 861 5911 thaginenses
906 5831 1180 5899 retulisse.
1231 5841 1337 5901 Sed
1391 5851 1569 5901 tamen
1616 5844 1887 5902 neminem
1927 5845 2126 5916 excipit

1724 309 1881 367 VITA
1909 308 2153 368 SANCTI
2189 306 2539 377 CYPRIANI.

3765 306 3843 361 8.3

2224 423 2545 497 Cyprianus,
2592 439 2655 481 ac
2680 424 3021 483 confessores
3050 424 3116 482 ad
3168 438 3305 498 quos
3330 422 3618 490 scribebat,
3656 442 3676 476 ι
3730 424 3856 494 pri-

2183 572 2195 582 ,
2223 532 2404 574 mores
2435 528 2489 574 et
2534 517 2698 574 duces
2738 519 2805 574 ad
2845 519 3013 576 nostri
3043 519 3300 590 temporis
3340 518 3580 591 przelium
3622 538 3641 571 ι
3679 518 3849 590 signa

2224 612 2457 667 movisse
2527 610 2783 668 declarat.
2860 611 3026 668 Multo
3080 627 3208 685 ergo
3248 611 3415 667 satius
3470 621 3553 667 est
3596 610 3720 665 hace
3775 610 3853 665 de

2223 714 2516 777 martyrum
2568 703 2869 759 constantia
2925 704 2976 761 in
3016 703 3339 760 cruciatibus
3369 702 3730 777 perferendis,
3788 712 3851 758 ιιι

2226 809 2333 859 tota
2383 800 2670 857 verborum
2717 798 3018 870 complexio
3074 799 3324 870 postulat,
3356 799 3619 870 accipere.

2297 894 2522 950 Causam
2564 893 2949 964 persecutionis
2969 890 3722 964 repetitCyprianns,inlibro
3777 890 3847 942 de

2227 986 2433 1056 Lapsis,
2465 1003 2529 1043 ex
2563 986 2990 1041 Christianorum
3020 986 3271 1056 peccatis,
3304 1001 3528 1056 quorum
3554 984 3847 1056 antiquam

2229 1079 2479 1152 pietatem
2509 1078 2664 1151 longa
2693 1095 2793 1149 pax
2846 1078 2981 1134 adeo
3005 1088 3340 1150 corruperat,
3397 1087 3454 1134 ιιι
3483 1079 3533 1134 in
3564 1079 3851 1150 plerisque

2231 1170 2470 1243 pecunia:
2501 1168 2691 1237 fames,
2725 1169 3039 1225 deliciarum
3067 1185 3240 1240 amor,
3268 1169 3486 1225 fraudes
3511 1178 3566 1225 ct
3594 1171 3847 1240 rapinm,

2233 1265 2571 1320 matrimonia
2609 1279 2730 1319 cum
2772 1263 3106 1333 inﬁdelibus,
3152 1265 3422 1337 perjuria,
3451 1264 3748 1339 inimicitiae
3791 1275 3851 1320 et

2234 1356 2517 1413 maledicta
2558 1358 2751 1412 merito
2779 1356 3143 1428 culparentur.
3186 1356 3452 1411 Plurimos
3492 1357 3655 1412 etiam
3689 1357 3848 1428 epis—

2235 1464 2402 1519 c0pos
2443 1449 2700 1506 infecerat
2722 1451 3047 1523 corruptela,
3079 1451 3129 1505 in
3156 1451 3348 1522 quibus
3375 1449 3700 1523 Cyprianus,
3733 1469 3847 1507 non

2237 1544 2398 1599 modo
2428 1543 2764 1599 saecularium
2791 1559 2971 1599 rerum
2994 1544 3400 1620 procurationes
3436 1553 3491 1599 et
3518 1560 3612 1614 per
3638 1544 3850 1599 alienas

2240 1636 2543 1707 provincias
2595 1637 2970 1709 negotiationis
3015 1646 3319 1707 questuosaz
3371 1636 3691 1705 nundinas;
3745 1622 3849 1692 sed

2239 1733 2401 1787 etiam
2432 1730 2646 1787 frandes
2680 1742 2733 1787 et
2767 1733 2981 1803 rapinas
3009 1741 3063 1787 et
3094 1746 3284 1787 usuras
3310 1732 3555 1804 castigat.
3583 1730 3724 1788 Usus
3762 1744 3852 1786 αι

2245 1825 2384 1879 Deus
2423 1823 2489 1878 ad
2527 1832 2604 1878 tot
2638 1824 2901 1879 malorum
2936 1822 3366 1879 emendationem
3402 1823 3547 1879 Decii
3589 1838 3853 1894 perseeu-

2244 1918 2409 1982 tione,
2443 1932 2563 1988 qum
2600 1929 2654 1971 et
2684 1902 2945 1972 honorum
2980 1919 3230 1987 pietatem
3260 1926 3315 1972 et
3342 1918 3700 1972 constantiam
3744 1918 3856 1972 nti-

2246 2008 2394 2064 rifice
2440 2010 2710 2076 exercuit,
2763 2021 2816 2064 et
2861 2026 3046 2066 eorum
3085 2011 3176 2081 qui
3220 2011 3438 2067 nomine
3477 2013 3643 2083 magis
3686 2029 3855 2083 quant

2246 2104 2353 2159 vita
2397 2104 2671 2160 christiani
2720 2115 2905 2171 erant,
2961 2105 3227 2177 ignaviam
3277 2114 3332 2160 et
3369 2105 3651 2161 interiores
3686 2108 3855 2161 ani-.ni

2248 2194 2395 2251 labes
2424 2196 2662 2251 nudavit.
2698 2195 2809 2251 lloc
2842 2196 2985 2251 enim
3015 2182 3198 2251 habuit
3233 2196 3503 2266 singulare
3530 2196 3647 2253 htcc
3670 2213 3859 2268 perse-

2248 2287 2414 2353 cutio,
2448 2298 2506 2342 ut
2524 2303 2713 2344 omnes
2739 2289 2962 2343 omnino
2984 2287 3317 2344 Christianos
3343 2290 3857 2361 comprehenderet,

2250 2383 2441 2438 Saltem
2462 2382 2811 2456 Carthagine,
2835 2399 2935 2442 nec
2953 2384 3234 2456 quisquam
3254 2400 3319 2439 ex
3343 2399 3404 2441 ea
3424 2385 3525 2441 nisi
3547 2395 3639 2440 aut
3654 2384 3857 2441 Christi

2250 2476 2532 2532 confessor
2548 2480 2815 2551 egregius,
2850 2488 2940 2533 aut
2964 2478 3376 2535 simulacrorum
3400 2477 3635 2549 perﬁdus
3656 2478 3854 2545 cultor,

2252 2572 2336 2627 vel
2364 2572 2682 2628 libellaticus
2721 2572 3041 2628 discederet.
3087 2573 3218 2626 Nam
3250 2570 3478 2643 singulis
3506 2571 3857 2642 exploranda:

2255 2665 2378 2723 ﬁdei
2406 2668 2847 2740 prteﬁniebantur
2872 2667 3009 2735 dies,
3044 2676 3101 2723 ut
3126 2667 3202 2723 ait
3219 2665 3523 2740 Cyprianus
3551 2668 3603 2722 in
3636 2667 3773 2721 libro
3795 2668 3857 2722 de

2253 2760 2463 2831 Lapsis,
2496 2760 2573 2834 (p.
2608 2759 2757 2832 189.),
2790 2763 2975 2832 sicque
3004 2774 3110 2815 non
3129 2760 3299 2815 solum
3330 2760 3419 2832 qui
3445 2773 3565 2816 sese
3601 2759 3858 2815 audacter

2256 2856 2499 2922 sistebat,
2534 2857 2628 2912 sed
2651 2858 2809 2914 etiam
2829 2857 2921 2928 qui
2946 2874 2963 2909 ι
2988 2856 3411 2928 professnsintra
3440 2858 3582 2913 diem
3616 2873 3723 2914 non
3752 2870 3853 2926 est,

2257 2961 2310 3008 et
2341 2951 2663 3022 patrimonio
2691 2952 2950 3010 derelicto
2978 2952 3222 3020 secessit,
3262 2950 3614 3008 christianum
3646 2967 3707 3009 se
3736 2968 3856 3010 esse

2257 3046 2538 3105 confessus
2571 3060 2675 3105 est.
2706 3067 2723 3099 ι
2759 3047 3116 3121 Itaque-nihil
3147 3054 3266 3105 erat
3290 3046 3524 3104 medium
3569 3062 3584 3102 :
3627 3045 3718 3100 vel
3750 3046 3855 3101 vita

2258 3154 2356 3209 pro
2399 3138 2610 3195 Christo
2662 3140 3027 3212 profundenda
3069 3149 3185 3197 erat
3226 3148 3319 3196 aut.
3361 3138 3551 3195 saltem
3602 3139 3855 3210 patrium-

2257 3234 2402 3289 nium
2444 3235 2858 3306 projiciendum,
2894 3235 2980 3305 (vel
3014 3244 3299 3306 utrumque
3339 3249 3460 3291 cum
3492 3232 3695 3289 scelere
3727 3233 3852 3288 reti-

2257 3328 2516 3384 nendum.
2560 3328 2705 3385 ldem
2751 3331 2997 3386 evenisse
3044 3328 3381 3386 Alexandriae
3421 3328 3742 3401 perspicitur
3788 3344 3850 3383 ex

2261 3420 2512 3494 Dionysio
2527 3422 2910 3491 Alexandrino,
2929 3422 3065 3495 apud
3082 3422 3277 3479 Euseb.
3296 3420 3430 3478 Hist.
3452 3421 3513 3492 (l.
3536 3422 3589 3488 6,
3605 3436 3723 3490 cap.
3738 3421 3772 3474 εί
3785 3422 3846 3491 ι).

2261 3517 2551 3588 Deplorant
2579 3517 2804 3573 llotnani
2834 3520 3172 3575 confessores
3207 3537 3228 3569 ι
3251 3518 3539 3574 multorum
3568 3533 3664 3590 per
3686 3528 3847 3572 totum

2258 3626 2396 3681 pene
2438 3611 2623 3667 orbem
2665 3614 2869 3680 ruinas,
2915 3622 2969 3667 et
3010 3612 3214 3681 grande
3253 3611 3506 3669 delictum
3548 3627 3643 3683 per
3687 3621 3846 3667 totum

2259 3720 2395 3773 pene
2431 3704 2617 3759 orbem
2658 3704 2954 3761 incredibili
2983 3706 3276 3762 vastatione
3323 3714 3621 3777 grassatum
3671 3724 3689 3757 ι
3726 3704 3843 3776 (le.

2259 3796 2438 3868 xxvr).
2472 3817 2489 3849 ι
2526 3798 2719 3867 Aspice
2773 3805 2942 3853 totum
2978 3797 3163 3853 orbem
3203 3812 3340 3869 pene
3367 3807 3654 3865 vaSIatum,
3683 3796 3847 3867 inquit

2255 3889 2444 3945 Clerns
2470 3888 2743 3946 Romanus
2772 3889 2895 3962 (Ep.
2930 3890 3098 3964 xui),
3129 3901 3184 3947 et
3216 3892 3411 3963 ubique
3449 3891 3626 3960 iacere
3663 3889 3843 3960 dejec-

2258 3992 2429 4038 torum
2461 3982 2714 4054 reliquias
2738 3992 2791 4039 et
2815 3984 3016 4039 ruinas.
3044 3984 3213 4040 Deﬁet
3234 3983 3395 4040 etiam
3421 3981 3721 4055 Cyprianus
3746 3982 3843 4051 Ep.

2254 4090 2327 4137 γι,
2379 4092 2399 4125 ι
2434 4074 2678 4130 infestam
2728 4084 3096 4145 tempestatem
3123 4116 3137 4140 ,
3179 4094 3197 4127 ι
3240 4090 3359 4148 quae
3407 4074 3573 4145 ipsius
3613 4073 3844 4145 plebem,

2254 4155 2491 4223 maxima
2531 4184 2595 4223 ex
2616 4177 2783 4238 parte,
2824 4186 2843 4220 ι
2879 4177 3267 4239 prostraverat,
3288 4183 3352 4222 ac
3377 4168 3536 4222 etiani
3567 4166 3696 4222 cieri
3722 4181 3847 4235 por-

2255 4261 2454 4317 tionem
2493 4262 2897 4333 perstrinxerat,
2918 4260 3164 4334 quamvis
3219 4252 3392 4317 serius
3420 4259 3603 4316 clerici
3634 4257 3849 4314 cecide-

2251 4353 2379 4409 rint.
2412 4353 2528 4410 Non
2565 4356 2683 4411 sine
2708 4355 3024 4427 gravissimo
3061 4353 3249 4410 dolore
3280 4353 3525 4409 meminit
3553 4352 3605 4408 in
3628 4351 3764 4407 libro
3788 4353 3850 4406 de

2250 4445 2435 4520 Lapsis
2464 4449 2541 4523 (p.
2582 4448 2731 4521 185),
2752 4468 2770 4503 ι
2802 4449 2867 4505 ad
2883 4449 3053 4520 prima
3073 4449 3253 4505 statim
3270 4446 3433 4504 verba
3466 4447 3719 4504 minantis
3747 4447 3849 4503 ini-

2251 4540 2397 4606 mici,
2427 4541 2721 4597 maximum
2754 4541 2972 4597 fratrmn
3015 4556 3296 4613 numerum
3331 4540 3489 4597 fidem
3530 4555 3682 4596 suam
3724 4554 3848 4612 pro-

2248 4632 2481 4701 didisse,
2522 4650 2623 4691 nec
2662 4642 2983 4705 prostratum
3019 4650 3139 4691 esse
3177 4635 3564 4707 persecutionis
3604 4635 3844 4707 impetu,

2247 4727 2342 4784 sed
2372 4727 2673 4783 voluntario
2714 4728 2864 4801 lapsu
2901 4728 3135 4800 seipsutn
3173 4728 3545 4800 prostravisse.
3590 4727 3708 4783 Non
3744 4743 3845 4783 ex-

2247 4830 2616 4892 pectaverunt,
2665 4822 2858 4893 inquit,
2891 4822 3082 4878 saltem
3116 4831 3174 4878 ut
3210 4822 3521 4894 interrogati
3563 4831 3843 4894 negarent,

2246 4924 2305 4970 ut
2345 4917 2698 4972 ascenderent
2732 4915 3089 4988 apprehensi;
3133 4925 3261 4973 ante
3292 4916 3463 4972 aciem
3502 4915 3653 4971 multi
3694 4916 3841 4985 victi,

2245 5007 2363 5066 sine
2387 5010 2769 5081 congressione
2798 5009 3071 5081 prostrati,
3099 5023 3200 5067 nec
3231 5008 3333 5064 hoc
3354 5010 3454 5066 sibi
3486 5009 3838 5081 reliquerunt,

2245 5111 2303 5157 ut
2322 5102 2623 5158 sacriﬁcare
2653 5100 2808 5157 idolis
2829 5100 3138 5158 viderentur
3175 5101 3363 5168 inviti;
3397 5100 3537 5156 ultro
3572 5101 3639 5155 ad
3668 5100 3839 5155 forum

2243 5209 2483 5261 currere,
2526 5196 2591 5251 ad
2626 5205 2855 5252 mortem
2902 5206 3095 5266 sponte
3139 5210 3547 5268 properare.....
3586 5194 3723 5266 Quid
3763 5195 3840 5250 illi

2242 5287 2384 5359 quia
2406 5287 2819 5358 magistratibus,
2838 5302 3063 5359 vespera
3087 5298 3333 5360 urgente,
3359 5286 3505 5343 dilati
3527 5296 3670 5353 sunt,
3696 5287 3839 5359 quod

2243 5394 2310 5433 ne
2353 5393 2538 5434 eorum
2580 5377 2887 5435 differretur
2909 5380 3151 5437 interitus
3191 5381 3351 5437 etiam
3397 5389 3724 5453 rogaverunt
3741 5380 3832 5434 ?...

2240 5467 2319 5521 Ac
2341 5466 2523 5522 multis
2552 5468 2799 5538 proprius
2828 5469 3072 5525 interitus
3095 5469 3347 5525 satisnon
3368 5468 3495 5525 fuit:
3529 5470 3837 5525 hortamen-

2241 5560 2308 5614 tis
2344 5559 2541 5614 mutuis
2588 5560 2641 5615 in
2678 5561 2898 5617 exitium
2940 5577 3096 5618 suum
3139 5563 3365 5635 populus
3406 5562 3669 5634 impulsus
3710 5572 3831 5624 est.

2238 5669 2383 5709 mors
2424 5652 2652 5709 invicem
2704 5653 2885 5710 lethali
2932 5655 3124 5727 poculo
3170 5656 3447 5727 propinata
3495 5664 3597 5711 est.
3638 5672 3657 5707 ι
3716 5653 3831 5709 Νοιι

2235 5749 2476 5806 euntium
2525 5757 2701 5805 tamen
2750 5750 3021 5821 lapsorum
3073 5752 3178 5807 vita
3228 5760 3353 5806 ante
3400 5751 3833 5823 persecutionem

2235 5843 2482 5901 illaudata
2526 5843 2651 5913 fuit,
2710 5851 2936 5900 testatur
2982 5847 3123 5903 enim
3176 5832 3475 5918 Cyprianus
3525 5844 3623 5918 Ep.
3660 5860 3827 5911 xxvn,
