4050 6420
218 411 288 467 89
1412 394 1575 455 VITA
1610 389 1853 453 SANCTI
1890 387 2234 449 CYPRIANI.
3442 391 3521 448 90
3610 414 3615 417 ν
3676 405 3680 408 ‘

1846 517 1910 583 ς’,
1934 506 2183 579 frequenti
2210 502 2592 562 Communione.
2633 502 2783 561 Multi
2815 502 2904 561 alii
2933 502 3277 563 Libellaticos
3298 520 3363 563 cx
3388 506 3531 564 datis

1855 541 1910 722 ν

223 731 435 787 semper
481 712 714 788 gloriose
755 720 811 768 et
852 707 1129 791 granditer
1158 705 1363 777 operati
1394 713 1540 770 sunt.
1579 712 1636 758 et
1681 717 1816 774 opus
1846 705 1905 807 fi

1890 782 1904 873 ξ
1942 784 2021 840 cis
2045 783 2424 855 subscripsisse
2453 783 2655 839 volunt.
2705 783 2840 841 Cum
2885 782 3002 841 haec
3023 786 3409 844 sententiarum
3435 804 3530 844 va-

221 904 417 961 inuSsit
445 902 648 959 nomini
673 876 965 961 christiano
991 913 1065 960 tot
1085 902 1365 961 hominum
1384 899 1629 962 aCltristi
1653 908 1821 966 sacris
1882 878 1900 966 ἕ,
1947 878 2107 933 rimas
2131 876 2521 949 coujidcndiel
2548 876 2897 949 im'es‘igandi
2919 877 3526 952 libermem'elinqna"

1880 982 1889 992 ·
1933 969 2057 1043 quid
2086 970 2214 1027 mihi
2242 970 2483 1028 videatur
2533 985 2802 1045 exponere
2826 986 2931 1030 non
2990 972 3234 1029 verebor.
3267 973 3529 1030 Existimo

220 526 506 589 nonnullos
535 521 775 583 extitisse
812 541 831 575 ι
868 519 935 578 de
963 519 1143 591 lapsis,
1178 515 1425 580 humiles,
1458 524 1513 571 et
1543 513 1719 580 mites,
1762 520 1818 567 et
1846 519 1852 571 ἓ

222 630 516 680 trementes
556 627 610 677 et
648 624 952 674 metuentes
994 612 1194 674 Deum.
1243 618 1297 665 et
1338 608 1426 680 qui
1471 608 1523 664 in
1569 604 1812 663 Ecclesia

221 826 377 866 suum
399 808 627 865 Domino
652 806 1074 878 imputavcrunt.
1112 818 1130 853 ι
1156 798 1403 872 Magnum
1430 816 1561 859 sane
1586 801 1821 860 dedecus

222 996 291 1052 ad
321 998 627 1053 daemonum
671 1012 791 1054 aras
818 1000 1147 1055 currentium
1178 1000 1421 1072 ignavia;
1468 999 1566 1058 sed
1608 1001 1711 1058 alia
1752 1017 1820 1058 ex

224 1099 399 1161 parte,
430 1088 717 1160 plurimum
746 1091 1045 1162 splettduris
1072 1094 1305 1150 accessit
1348 1110 1453 1165 ttott
1498 1109 1684 1153 eorum
1726 1111 1819 1153 so-

224 1184 336 1239 lum
361 1183 669 1267 fortitudine
692 1194 747 1242 et
783 1187 1081 1242 constantia
1108 1188 1197 1260 qui
1226 1188 1524 1247 horrendos
1548 1191 1819 1250 cruciatus

223 1288 278 1331 ct
322 1275 554 1333 inaudita
598 1279 857 1351 supplicia
907 1295 1004 1352 pro
1045 1281 1263 1338 Christo
1309 1293 1670 1354 superarunt,
1723 1288 1819 1345 sed

224 1370 452 1428 aliorum
504 1373 664 1429 etiam
715 1374 1184 1432 innumerabilium
1237 1378 1485 1449 prudenti
1537 1380 1657 1452 fuga
1703 1384 1815 1454 qui.

224 1478 346 1520 cum
371 1478 503 1536 opes
529 1480 656 1521 suas
681 1467 945 1537 projicere
972 1468 1259 1529 maluerint
1279 1486 1437 1542 quam
1463 1472 1638 1544 impiis
1653 1474 1820 1546 jussis

226 1572 436 1630 parcre,
470 1559 610 1615 inter
633 1560 995 1625 confessores,
1016 1561 1283 1634 Cypriane
1299 1562 1500 1635 judice,
1530 1581 1817 1623 numeran-

228 1661 330 1706 tur.
358 1650 555 1720 Quare,
586 1651 631 1706 si
660 1667 947 1724 numquam
967 1653 1100 1708 alias
1129 1663 1276 1711 tanta
1303 1656 1572 1727 lapsorum
1600 1658 1712 1715 visa
1733 1670 1817 1717 est
1871 1687 1880 1736 ε

226 1742 530 1813 multitudo,
557 1760 847 1819 numquam
873 1747 1032 1804 etiam
1050 1758 1224 1805 tantus
1248 1751 1614 1810 confessorum
1642 1757 1813 1814 extitit
1880 1761 1891 1798 ί

227 1854 512 1898 numerus:
546 1840 741 1899 deinde
766 1859 913 1911 vero,
930 1846 1030 1901 etsi
1047 1847 1349 1916 persecutio
1366 1847 1564 1919 ubique
1576 1860 1820 1921 grassata

225 1945 330 2002 est,
365 1949 469 1990 non
508 1944 687 1994 tamen
717 1937 912 2009 ubique
950 1937 1185 1994 (ιπηιοηί
1212 1955 1322 1995 sua:
1358 1952 1504 1998 artes
1540 1957 1819 2000 successe-

226 2036 373 2084 runt.
402 2027 756 2086 Scribitenim
784 2027 976 2087 Clerus
988 2030 1261 2089 Romanus
1286 2031 1388 2105 Ep.
1415 2049 1497 2103 tn,
1524 2034 1592 2091 ad
1616 2036 1820 2094 clerum

225 2116 723 2194 Carthaginiensem,
741 2123 1037 2190 Romanam
1052 2124 1343 2181 Ecclesiam
1376 2135 1521 2185 stare
1547 2127 1737 2187 fortem
1766 2132 1820 2188 in

228 2214 352 2283 ﬁde,
393 2225 448 2271 et
491 2217 748 2286 quosdam
795 2229 1000 2275 tantum
1040 2228 1248 2278 terrore
1289 2223 1597 2294 compulsos
1624 2224 1817 2283 ruisse.

227 2307 362 2363 lllud
401 2309 563 2366 etiam
604 2310 672 2365 ad
717 2312 993 2383 religionis
1039 2314 1248 2371 laudem
1295 2314 1691 2374 observandum
1716 2328 1819 2387 est,

230 2404 579 2475 paucissimos
622 2407 885 2464 cecidisse
934 2410 1245 2481 episcopos,
1295 2425 1359 2467 ac
1407 2412 1822 2471 innumerabi!es

229 2498 362 2552 alios
390 2497 647 2556 Ecclesia:
677 2515 869 2557 navem
896 2502 1034 2558 inter
1063 2502 1349 2559 horribiles
1377 2505 1643 2575 procellas
1691 2520 1826 2563 con-

229 2600 434 2648 stanter
452 2594 891 2665 gubernasse,et,
908 2611 1038 2667 pace
1062 2595 1290 2664 reddita,
1316 2597 1393 2652 sic
1415 2597 1687 2669 lapsorum
1710 2599 1825 2654 vul-

230 2703 357 2743 nera
374 2704 625 2756 curasse,
651 2702 709 2747 ut
733 2691 825 2763 qui
853 2693 1206 2763 persecutioni
1232 2693 1377 2749 Decii
1407 2696 1822 2763 succubuerant,

230 2779 590 2852 redintegrato
607 2783 898 2839 certamine
925 2783 1026 2839 sub
1052 2783 1207 2841 Callo
1235 2792 1291 2841 et
1304 2784 1616 2853 Volusiano,
1638 2790 1825 2843 vince-

233 2882 374 2938 rent,
391 2882 449 2929 ιιι
468 2883 690 2930 testatur
706 2882 893 2929 auctor
911 2874 1029 2931 libri
1047 2876 1116 2929 ad
1137 2874 1485 2933 Novatianum
1510 2876 1824 2936 Itwrelicum.

231 3012 394 3069 Vl.—-
420 3028 474 3070 ιη
497 3028 598 3080 QUO
622 3030 846 3073 posrrtnr
875 3028 1053 3072 εοιιυιι
1082 3030 1347 3074 οειιοτυιι
1373 3029 1462 3082 QUI
1491 3031 1824 3075 “BELLATICI

772 3126 1062 3166 APPELLATI
1100 3126 1254 3167 SUNT.

302 3225 567 3282 Sre'vientc
601 3226 742 3282 Decii
777 3225 1173 3298 persecutione,
1214 3226 1388 3282 visum
1429 3237 1511 3282 est
1551 3225 1604 3282 in
1645 3225 1824 3283 Africa

231 3334 428 3375 novum
470 3319 736 3391 quoddam
766 3319 1037 3390 lapsorum
1076 3334 1248 3391 genus
1285 3320 1373 3392 qui
1405 3319 1698 3377 Libellatiei
1725 3337 1819 3393 ap-

231 3413 411 3484 pellati
442 3423 586 3481 sunt,
624 3423 678 3469 et
706 3415 983 3471 materiam
1014 3413 1344 3470 eruditorum
1384 3414 1659 3472 hominum
1690 3431 1825 3473 con-

226 3506 450 3578 jecturis
475 3507 758 3564 dederunt.
787 3507 1000 3580 Opinati
1032 3517 1155 3564 sunt
1187 3508 1444 3582 Rigaltius
1480 3510 1554 3584 (in
1587 3511 1728 3566 notis
1757 3511 1823 3567 ad

234 3603 366 3673 lipp.
393 3618 500 3668 xlv,
543 3618 668 3658 χιιι
691 3602 874 3675 Cypr.)
907 3614 959 3660 et
990 3603 1189 3660 Natalis
1215 3603 1536 3672 Alexander,
1568 3604 1721 3675 (tom.
1762 3620 1822 3675 ιι,

230 3710 283 3766 p.
341 3693 470 3766 655)
514 3694 850 3751 Libellatieos
894 3694 1000 3751 dici
1044 3710 1139 3751 eos
1176 3696 1287 3766 qui,
1339 3705 1617 3752 numerata
1658 3694 1824 3765 judici

232 3791 476 3860 pecunia,
510 3789 743 3845 libellum
773 3789 1080 3847 securitatis
1113 3789 1465 3862 accipiebant,
1496 3790 1679 3862 sicque
1706 3805 1735 3845 a
1765 3781 1859 3846 se~

232 3894 283 3939 et
313 3884 613 3954 impositam
642 3884 978 3940 sacriﬁcandi
1007 3886 1176 3957 legem
1223 3894 1279 3939 et
1330 3885 1621 3942 intentatas
1649 3882 1827 3941 reluc-

192 4052 197 4053 γ
233 3977 466 4034 tantibus
515 3993 700 4048 poenas
740 3978 1089 4034 redimebant.
1134 3977 1237 4035 Sed
1279 3977 1395 4033 lucc
1438 3978 1698 4034 sententia
1748 3978 1824 4033 sic

231 4084 326 4123 sua
351 4078 543 4140 sponte
585 4069 834 4125 omnibus
868 4070 1194 4143 argumentis
1237 4069 1376 4124 nuda
1418 4077 1474 4125 et
1512 4069 1820 4126 incomitata

230 4170 334 4227 est,
378 4161 453 4218 sic
479 4161 547 4217 ab
574 4162 798 4218 eruditis
826 4161 954 4218 viris
991 4160 1155 4217 fracta
1188 4170 1241 4216 et
1268 4160 1507 4232 explosa,
1542 4170 1599 4218 ut
1629 4176 1822 4217 novam

232 4253 511 4310 refellendi
538 4270 755 4326 operam
784 4270 888 4309 non
921 4254 1206 4311 desideret.
1241 4255 1372 4324 Quis
1400 4255 1543 4310 enim
1571 4254 1671 4310 sibi
1702 4269 1826 4325 per-

230 4346 454 4403 suadeat
479 4348 679 4419 grande
719 4358 992 4419 peccatum
1016 4363 1136 4403 eSSt:
1174 4360 1224 4405 et
1258 4346 1566 4413 poenitentia
1596 4346 1822 4417 expian-

231 4440 378 4507 dum,
411 4439 553 4511 quod
579 4441 869 4512 Scriptura:
907 4441 1170 4513 exemplis
1217 4450 1272 4496 ct
1298 4442 1439 4497 Petri
1476 4441 1824 4498 Alexandrini

230 4549 438 4590 canone
465 4532 534 4589 ιε
561 4535 964 4604 comprobatum
1002 4545 1103 4602 est,
1132 4549 1231 4591 nec
1253 4550 1501 4606 umquam
1543 4536 1823 4593 inconces-

230 4646 349 4687 sum
383 4629 479 4685 fnit
524 4630 624 4686 nisi
670 4628 807 4698 apud
850 4629 1216 4698 Montanistas,
1256 4630 1345 4701 qui
1389 4633 1823 4702 persecutionem

232 4725 416 4795 fugere
464 4724 631 4779 instar
679 4724 898 4780 sceleris
947 4724 1322 4781 damnabant?
1369 4726 1547 4785 Multa:
1590 4730 1708 4786 alia:
1757 4731 1827 4788 de

234 4816 552 4872 Libellaticis
580 4819 901 4873 exstiterunt
934 4817 1277 4887 conjectura),
1309 4819 1375 4876 de
1396 4821 1588 4892 quibus
1619 4837 1723 4879 non
1753 4823 1825 4880 ita

232 4910 386 4967 facile
410 4914 479 4966 sit
508 4910 822 4983 dijudicare.
854 4911 1135 4967 Existimat
1183 4922 1369 4969 auctor
1395 4914 1671 4972 Annalium
1728 4916 1827 4992 Cy-

232 5006 575 5077 prianicorum
618 5004 800 5075 (p.17)
848 5003 1187 5061 Libellaticos
1207 5023 1226 5057 ι
1248 5007 1381 5061 actis
1400 5007 1611 5078 publice
1625 5009 1822 5067 habitis

231 5115 409 5154 coram
435 5096 833 5168 magistratibus
868 5096 1140 5154 Christum
1193 5113 1436 5170 negasse.
1477 5119 1495 5152 ι
1526 5098 1585 5157 S.
1614 5103 1825 5176 Augus-

235 5194 372 5248 tinus
416 5190 758 5247 Libellalicos
814 5191 1199 5261 interpretatur
1248 5206 1344 5248 eos
1377 5212 1397 5245 ι
1432 5193 1520 5263 qui
1579 5202 1823 5264 tempore

236 5284 624 5357 persecutionis
674 5297 770 5353 per
820 5281 1029 5340 libellos
1058 5299 1120 5340 se
1143 5283 1542 5340 thuriﬁcaturos
1590 5284 1819 5355 professi

232 5388 384 5435 crant
414 5398 432 5431 ι
478 5376 598 5445 (lib.
629 5392 701 5442 IV,
726 5376 789 5430 de
817 5373 995 5446 Bapt.,
1027 5393 1080 5432 ιι.
1114 5377 1188 5449 6).
1232 5377 1402 5450 Negat
1448 5379 1709 5436 Baronius
1736 5382 1825 5453 (ad

230 5489 318 5525 an.
347 5469 500 5541 235),
529 5467 869 5524 Libellaticos
900 5467 1022 5524 inde
1041 5470 1212 5526 dictos
1237 5470 1380 5542 quod
1409 5472 1616 5527 libellos
1642 5472 1823 5529 dedis-

232 5573 370 5628 sent,
418 5562 512 5618 scd
539 5565 680 5633 quod
711 5561 1079 5629 accepissent;
1110 5570 1164 5615 at
1203 5562 1473 5617 Christum
1497 5563 1566 5618 ab
1594 5564 1704 5619 illis
1731 5579 1824 5620 nc-

230 5640 409 5729 gntum
440 5656 605 5712 fuisse
634 5656 927 5711 contendit.
957 5654 1171 5710 Dubitat
1192 5653 1565 5710 Tillemontitts
1594 5655 1748 5729 (ιοιιι.
1780 5658 1822 5727 l,

231 5761 345 5807 not.
377 5754 411 5807 5
453 5752 504 5806 in
529 5751 955 5821 persecutionem
988 5749 1132 5806 Decii
1162 5748 1183 5821 )
1216 5757 1391 5804 utrum
1427 5749 1632 5806 libellos
1653 5749 1823 5808 dede-

230 5845 337 5900 rint
379 5858 445 5898 an
487 5842 794 5913 acceperint
820 5860 833 5896 :
861 5841 1074 5897 dedisse
1098 5851 1154 5896 et
1196 5840 1469 5914 accepisse
1498 5843 1818 5913 suspicatur,

229 5939 476 6011 idemque
507 5936 740 5993 sensisse
766 5936 953 6009 probat
981 5935 1248 5993 eruditum
1295 5946 1567 5993 auctorem
1613 5936 1729 5993 libri
1758 5938 1822 5994 de
1866 5990 1874 5997 .

1930 598 2123 656 libellis
2171 597 2343 654 dictos
2388 597 2713 662 existimant,
2746 596 2893 653 velut
2936 596 3235 669 Bosquctus
3291 600 3406 674 (lib.
3462 618 3522 659 ιιι

1939 689 2138 747 Eccles.
2170 690 2356 746 Gallic.
2392 706 2447 764 p.
2474 688 2623 764 152);
2656 690 2897 747 nonnulli
2926 692 3085 748 etiam
3113 691 3166 748 in
3192 693 3325 750 actis
3354 695 3529 766 publi-

1930 1066 2110 1136 itaque
2130 1064 2469 1123 Libellaticos
2497 1082 2596 1124 nec
2622 1082 2756 1125 voce
2787 1083 2887 1126 nec
2931 1068 3133 1139 scripto
3183 1059 3346 1139 impie
3371 1068 3529 1141 quid-

1927 1172 2087 1228 quam
2117 1167 2206 1214 attt
2226 1155 2462 1215 facturos
2490 1160 2825 1231 promisisse,
2873 1174 2965 1219 aut
2984 1179 3015 1219 a
3045 1179 3106 1222 se
3130 1163 3330 1222 factum
3350 1161 3531 1218 decla-

1930 1266 2079 1312 rasse
2104 1296 2119 1321 ,
2148 1253 2242 1310 sed
2293 1253 2493 1311 idcirco
2538 1255 2869 1329 vituperatos
2898 1268 2953 1315 et
2999 1260 3160 1330 justas
3201 1258 3530 1333 paenitentia:

1928 1346 2173 1403 addictos
2206 1344 2395 1415 fuisse,
2417 1347 2561 1419 quod
2587 1349 2893 1408 securitatis
2929 1351 3145 1409 libellos
3184 1368 3217 1409 a
3241 1351 3528 1424 magistra-

1928 1440 2070 1496 tibus
2102 1440 2478 1512 impetrassent
2515 1457 2576 1498 ca
2608 1442 2725 1515 lege
2765 1451 2819 1498 et
2843 1443 3173 1513 conditione,
3203 1453 3263 1502 ut
3308 1445 3361 1501 in
3391 1443 3528 1501 actis

1929 1532 2154 1605 publicis
2181 1533 2509 1593 scriberetur
2531 1550 2626 1592 eos
2676 1537 3012 1595 sacriﬁcasse
3049 1548 3105 1597 et
3130 1539 3404 1597 Christum
3428 1555 3526 1596 ne-

1928 1644 2104 1702 gasse,
2122 1629 2365 1701 quamvis
2393 1639 2642 1688 neutrum
2670 1632 3094 1690 commisissent.

2001 1722 2057 1779 In
2112 1721 2216 1779 hoc
2263 1723 2491 1795 positum
2529 1739 2653 1782 esse
2679 1724 3112 1784 Libellaticorum
3157 1726 3363 1785 crimen
3407 1725 3533 1784 inde

1928 1815 2251 1888 perSpieitor
2305 1816 2446 1889 quod
2495 1832 2681 1875 eorum
2736 1818 2884 1877 fraus
2926 1835 3048 1877 cum
3078 1836 3141 1877 ea
3193 1824 3574 1893 comparetnr'

1928 1924 2087 1980 quam
2118 1908 2376 1965 Eleazaro
2402 1909 2633 1967 ministri
2678 1912 2819 1984 regis
2847 1923 3273 1984 proposuerant:
3308 1931 3328 1966 ι
3360 1914 3438 1968 Ac
3467 1927 3535 1968 ne

1927 2000 2049 2073 quis
2079 2001 2157 2057 vel
2187 2001 2370 2071 libelli,
2412 2021 2431 2057 ι
2464 2003 2631 2075 inquit
2660 2001 2955 2077 Cyprianus
2981 2005 3033 2061 in
3061 2006 3199 2062 libro
3228 2005 3292 2062 de
3306 2004 3528 2064 Exhort.

1930 2104 2081 2150 mart.
2117 2094 2194 2168 (p.
2223 2094 2377 2169 27!),
2408 2114 2428 2151 ι
2463 2096 2548 2153 vel
2570 2096 2794 2170 alicujus
2823 2099 2903 2155 rei
2917 2098 3097 2156 oblata
3124 2099 3225 2156 sibi
3249 2101 3534 2158 παιδίοιιο

1928 2203 2032 2260 qua
2062 2186 2232 2257 fallat,
2262 2188 2615 2260 amplectatur
2652 2189 3034 2263 decipientium
3078 2192 3279 2248 malum
3305 2208 3533 2250 munus:

1937 2295 2036 2337 nec
2064 2279 2357 2340 Eleazarus
2387 2282 2642 2339 tacendus
2690 2292 2795 2351 est,
2823 2294 2932 2343 etc.
2971 2303 2993 2339 ι
3026 2283 3161 2340 Illud
3201 2300 3329 2357 ergo
3356 2285 3530 2342 admi-

1934 2384 2119 2431 serunt
2167 2374 2461 2432 Libellatiei
2514 2375 2654 2447 quod
2707 2376 2995 2433 Eleazarus
3017 2376 3302 2434 admittere
3327 2378 3534 2447 noluit,

1930 2477 2323 2524 consenserunt
2365 2476 2423 2523 ut
2450 2468 2783 2525 sacrificasse
2811 2467 3136 2539 dicerentur,
3182 2470 3396 2543 egregio
3422 2472 3536 2527 seni
3583 2499 3587 2503 -

1929 2559 2086 2630 longe
2102 2558 2408 2615 dissimiles.
2434 2560 2526 2627 At,
2547 2560 2589 2614 si
2607 2575 2738 2615 voce
2751 2562 3204 2632 pronuntiassent,
3233 2564 3313 2619 vel
3337 2563 3538 2633 scripto

1932 2650 2295 2707 declarassent
2338 2667 2397 2707 se
2445 2651 2777 2709 sacriﬁcasse
2816 2662 2872 2709 et
2923 2653 3193 2711 Christum
3258 2670 3485 2727 negasse
3511 2696 3529 2722 ,

1931 2742 2000 2798 ab
2027 2742 2290 2815 ejusmodi
2337 2742 2477 2801 facto
2501 2744 2830 2810 dehortatus
2845 2755 2990 2803 esset
3015 2746 3342 2820 Cyprianus,
3372 2755 3429 2803 ut
3458 2747 3527 2804 ab

1932 2846 2116 2910 aperta
2144 2837 2437 2909 impietate,
2468 2853 2575 2895 non
2607 2848 2716 2894 uta
2742 2838 2936 2897 callida
2962 2840 3325 2899 simulatione.

2003 2931 2150 2988 Idem
2177 2934 2496 3005 perspicitur
2527 2944 2637 2990 tum
2664 2951 2728 2992 ex
2754 2935 2819 2993 iis
2846 2935 2980 2993 locis
3010 2936 3278 3009 inquibus
3297 2934 3531 2993 Libella-

1932 3026 2159 3083 ticorum
2180 3027 2336 3098 culpa
2364 3027 2560 3085 lenitur
2583 3036 2641 3085 et
2659 3028 3059 3102 quodammodo
3083 3037 3388 3096 excusatur,
3413 3038 3525 3085 tum

1931 3121 2092 3177 etiam
2123 3136 2188 3176 ex
2243 3120 2347 3178 illis
2374 3121 2425 3178 in
2454 3122 2650 3194 quibus
2674 3125 2915 3181 severius
2941 3123 3253 3196 castigatur.
3282 3123 3417 3180 Cum
3449 3124 3538 3180 Li.

1931 3213 2191 3271 bellaticis
2231 3228 2488 3273 concessa
2518 3231 2620 3289 pax
2652 3217 2706 3272 in
2745 3217 2954 3290 synodo
2975 3216 3385 3291 Carthaginensi
3414 3233 3537 3275 car-

1933 3318 2154 3380 peretur
2180 3324 2211 3365 a
2238 3308 2522 3367 Novatiani
2569 3310 2950 3377 sectatoribus,
2996 3312 3073 3368 sic
3103 3313 3300 3369 factum
3345 3312 3553 3386 synodi

1931 3402 2168 3462 defendit
2190 3400 2488 3477 Cyprianus
2532 3404 2631 3474 Ep.
2682 3420 2787 3473 LII,
2818 3404 2887 3459 ad
2915 3404 3262 3460 Antonianum
3294 3422 3307 3459 :
3344 3423 3365 3457 ‹
3402 3403 3536 3460 Cum

1932 3514 2061 3570 ergo
2090 3499 2227 3556 inter
2271 3500 2416 3570 ipsos
2440 3501 2529 3571 qui
2560 3498 3030 3568 sacriﬁcaverunt,
3066 3517 3086 3552 ι
3120 3498 3292 3571 inquit
3317 3500 3393 3572 (p.
3419 3499 3533 3573 70),

1938 3610 1958 3645 ι
1995 3593 2159 3647 multa
2208 3592 2279 3648 sit
2320 3592 2624 3660 diversitas,
2660 3607 2778 3662 qua:
2818 3590 3155 3647 inclementia
3182 3601 3264 3648 est
3293 3601 3346 3647 et
3369 3607 3531 3663 quam

1932 3686 2123 3742 acerba
2185 3685 2380 3742 duritia
2436 3685 2778 3742 Libellaticos
2825 3699 2947 3741 cum
3003 3686 3068 3741 iis
3117 3686 3204 3757 qui
3260 3685 3536 3742 sacriﬁca-

1930 3788 2124 3833 verunt
2143 3777 2386 3851 iungere,
2411 3776 2626 3849 quando
2672 3777 2716 3834 is
2760 3778 2844 3834 cui
2886 3776 3096 3833 libellos
3147 3776 3399 3848 acceptus
3426 3787 3534 3844 est,

1931 3870 2074 3927 dicat
2120 3890 2135 3927 :
2186 3870 2299 3942 Ego
2355 3871 2505 3942 prius
2557 3870 2791 3944 legeram
2847 3881 2903 3928 et
2958 3872 3214 3944 episcopo
3267 3881 3533 3930 tractante

1932 3956 2286 4036 cognoveram
2319 3979 2423 4021 non
2441 3958 2849 4022 sacriﬁcandum
2869 3964 3058 4032 idolis,
3093 3980 3193 4021 nec
3242 3965 3535 4023 simulacra

1932 4073 2146 4117 servum
2193 4058 2283 4114 Dei
2310 4058 2539 4115 adorare
2563 4058 2795 4126 debere;
2819 4068 2872 4115 et
2914 4056 3133 4126 idcirco,
3165 4073 3232 4114 ne
3262 4058 3365 4115 hoc
3392 4059 3535 4115 face-

1931 4171 2045 4212 rcm
2071 4155 2215 4227 quod
2263 4170 2369 4212 non
2398 4155 2611 4224 licebat,
2643 4170 2763 4211 cum
2792 4155 3004 4212 occasio
3026 4154 3190 4215 libelli
3217 4152 3403 4211 fuisset
3438 4154 3538 4210 ob-

1932 4248 2060 4314 lata,
2090 4265 2247 4322 quem
2279 4266 2378 4308 nec
2406 4250 2579 4321 ipsum
2624 4250 2924 4321 acciperem
2968 4251 3069 4305 nisi
3096 4259 3311 4315 ostensa
3341 4249 3532 4305 fuisset

1932 4343 2164 4406 occasio.
2233 4342 2300 4399 ad
2346 4343 2713 4415 magistratum
2767 4341 2849 4396 vel
2901 4341 3043 4406 veni,
3100 4342 3181 4397 vel
3226 4340 3335 4396 alio
3370 4349 3532 4395 ctmtc

1931 4435 2200 4500 mandavi,
2230 4435 2578 4492 christianum
2630 4448 2716 4489 mc
2745 4448 2885 4500 esse,
2917 4433 3223 4490 sacriﬁcare
3268 4432 3396 4487 mihi
3429 4446 3534 4486 non

1932 4528 2116 4596 licere,
2145 4528 2212 4585 ad
2233 4543 2354 4585 aras
2379 4527 2577 4585 diaboli
2609 4542 2696 4584 me
2721 4527 2905 4585 venire
2958 4541 3063 4583 non
3090 4539 3270 4596 posse,
3297 4524 3426 4579 dare
3448 4539 3535 4579 mc

1932 4624 2003 4683 ob
2029 4615 2133 4681 hoc
2161 4622 2438 4695 prmmium
2466 4638 2533 4677 ne
2560 4619 2702 4693 quod
2732 4636 2843 4676 non
2868 4619 2992 4675 licet
3026 4618 3237 4674 faciam.
3274 4615 3424 4673 Nunc
3453 4624 3535 4673 ta-

1932 4735 2056 4778 men
2086 4719 2244 4775 etiam
2277 4718 2377 4774 iste
2403 4714 2689 4790 quilibello
2715 4712 3012 4770 maculatus
3052 4720 3155 4777 est,
3179 4720 3531 4783 posteaquam

1933 4815 2087 4873 nobis
2106 4813 2521 4871 admonentibus
2535 4812 2723 4869 didicit
2747 4825 2846 4867 nec
2861 4809 2963 4867 hoc
2989 4824 3050 4866 se
3067 4807 3243 4865 facere
3257 4808 3530 4871 debuisse,
3572 4822 3577 4825 '

1932 4908 2031 4965 etsi
2079 4921 2269 4963 manus
2308 4921 2441 4979 pura
2482 4906 2550 4962 sit
2590 4914 2645 4962 et
2689 4918 2753 4961 os
2778 4904 2894 4975 ejus
2941 4902 3121 4959 feralis
3157 4900 3259 4958 cibi
3287 4899 3532 4969 contagia

1933 5002 2075 5059 nulla
2109 5001 2417 5073 polluerint,
2449 4999 2831 5057 conscientiam
2862 5007 3039 5054 tamen
3067 4996 3185 5067 ejus
3208 5008 3327 5051 esse
3363 4993 3534 5062 pollu-

1935 5104 2064 5160 tam,
2088 5095 2181 5151 ﬁet
2200 5094 2395 5151 auditis
2418 5092 2572 5148 nobis
2600 5099 2655 5147 et
2675 5091 3013 5154 lamentatur.
3039 5088 3261 5160 etquod
3289 5084 3533 5154 delique-

1934 5189 2003 5245 rit
2033 5203 2176 5244 nunc
2202 5186 2539 5249 admouetur,
2565 5190 2619 5237 et
2664 5195 2770 5237 non
2822 5190 2928 5234 tam
2979 5180 3202 5235 crimine
3260 5191 3419 5250 quam
3446 5189 3533 5230 cr-

1933 5297 2057 5339 rore
2108 5281 2383 5349 deceptus,
2428 5274 2571 5349 quod
2620 5275 2732 5347 jam
2771 5274 2840 5341 de
2891 5281 3087 5328 cmlcro
3134 5272 3423 5327 instructus
3477 5280 3532 5328 ct

1935 5381 2152 5445 paratus
2191 5372 2257 5427 sit
2302 5378 2650 5427 contestatur.
2712 5388 2731 5421 ι
2769 5368 2844 5423 Ex
2876 5365 2959 5421 his
2986 5360 3164 5419 verbis
3213 5363 3531 5433 perspicitur

1934 5466 1992 5523 1⁸³
2019 5463 2360 5521 Libellaticos
2389 5476 2493 5517 non
2539 5475 2607 5517 ex
2644 5459 2785 5516 datis
2835 5458 2930 5515 sed
2980 5471 3049 5512 ex
3075 5454 3313 5526 acceptis
3338 5455 3530 5510 libellis

1934 5574 2129 5616 nomen
2152 5558 2412 5625 traxisse;
2434 5556 2493 5612 ε’
2523 5563 2734 5613 secreto
2760 5552 3036 5608 confessos
3049 5564 3170 5607 esse
3197 5550 3530 5621 magistratui

1934 5653 2255 5712 christianos
2307 5668 2368 5709 se
2420 5666 2560 5718 esse,
2592 5664 2655 5705 ac
2684 5658 2848 5705 totam
2895 5660 3011 5711 rem
3050 5645 3119 5699 ita
3172 5653 3528 5715 attemperate

1934 5756 2231 5814 tractatam,
2257 5755 2316 5802 ut
2333 5760 2432 5802 nec
2457 5744 2781 5800 christianos
2827 5738 2988 5810 impie
3035 5737 3325 5809 quidquam
3351 5735 3533 5792 dicere

1933 5850 2028 5897 aut
2054 5844 2226 5898 facere
2254 5839 2354 5895 sibi
2379 5838 2669 5901 videretur,
2699 5849 2799 5893 nec
2831 5832 2995 5907 judex
3027 5834 3079 5888 in
3111 5830 3402 5904 periculum
3434 5843 3532 5883 vc-

1937 5936 2106 6002 niret;
2135 5932 2193 5989 5°
2224 5947 2330 5989 non
2376 5944 2591 5987 manum
2644 5928 3100 5996 Libellaticortun,
3146 5939 3253 5986 non
3284 5936 3344 5979 os
3367 5921 3536 5978 fuisse
