4050 6438
505 353 566 426 9t
1675 372 1836 433 vrrA
1874 370 2117 433 SANCTI

2224 376 2497 441 fPillANl.
3771 383 3852 440 (ἓ

399 499 410 511 ·
504 485 789 556 pollutum,
821 483 916 543 sed
943 484 1540 555 solnm‘conseientiam,
1571 490 1692 563 quia
1716 491 1965 547 videlicct
1994 493 2100 549 illis

503 582 733 636 consciis
785 582 964 637 ﬁctum
993 582 1167 638 scelus
1194 584 1244 639 in
1268 593 1379 639 acta
1407 585 1611 656 publica
1642 587 1869 643 relatum
1896 587 2087 644 fuerat.

504 673 574 729 ΑΙ
602 674 647 729 si
694 690 825 731 voce
852 675 934 731 vel
959 678 1159 746 scripto
1182 678 1352 733 testati
1384 688 1557 734 essent
1592 694 1649 734 se
1678 680 2003 736 sacriﬁcasse
2032 689 2087 738 et

505 765 774 823 Christum
803 783 1047 840 negasse,
1078 784 1145 824 an
1169 784 1357 826 eorum
1390 772 1594 842 linguas
1622 780 1676 827 et
1700 788 1886 828 manus
1909 789 1938 827 a
1988 789 2106 830 sce-

506 859 620 916 lere
639 860 904 917 immunes
933 870 986 918 et
1008 877 1168 934 puras
1183 865 1541 921 existimassrt
1569 862 1865 939 Cyprianus
1885 866 1909 922 τ
1928 868 1988 924 4⁸
2013 869 2107 925 Dc-

507 955 705 1027 nique,
752 956 843 1027 qui
892 971 957 1012 ex
1014 956 1112 1014 hac
1152 959 1375 1031 epistola
1425 961 1752 1017 concludunt
1794 962 1899 1017 duo
1925 963 2084 1019 "uisse

509 1046 945 1106 Libellaticorum
991 1066 1185 1123 gener
1207 1094 1222 1121 ,
1264 1068 1490 1124 quorum
1511 1056 1596 1109 alii
1620 1056 1736 1110 aliis
1769 1057 1933 1112 multo
1962 1073 2086 1129 gra-

507 1142 625 1197 vius
651 1155 987 1214 peccassent,
1020 1160 1088 1201 ex
1116 1160 1182 1201 eo
1211 1146 1528 1203 refelluntur
1577 1148 1718 1219 quod
1749 1149 1847 1204 sibi
1874 1151 2107 1208 maxime

507 1233 690 1291 favere
717 1235 1043 1293 existimant.
1073 1238 1205 1292 Tum
1231 1252 1353 1295 cum
1381 1241 1521 1296 enim
1541 1240 1789 1297 observat
1810 1243 2107 1315 Cyprianus

515 1346 534 1381 ι
569 1329 708 1384 inter
758 1329 905 1399 ipsos
949 1330 1038 1401 qui
1089 1330 1527 1387 sacrificaverunt
1559 1352 1578 1385 ι
1612 1333 1839 1389 multam
1874 1320 1995 1390 esse
2023 1334 2106 1390 di-

512 1422 850 1484 versitatem,
900 1436 1006 1477 non
1058 1422 1200 1479 aliud
1241 1423 1382 1479 inter
1427 1424 1771 1481 Libellaticos
1815 1426 2103 1482 discrimen

516 1516 667 1585 ponit
703 1516 806 1570 nisi
862 1516 1004 1586 quod
1051 1517 1144 1572 alii
1194 1516 1260 1573 ad
1291 1519 1658 1590 magistratum
1689 1521 1986 1589 venissent,
2018 1521 2105 1577 alii

420 1640 423 1643 λ
511 1608 856 1663 inanti-=sscnt
884 1608 990 1664 alio
1009 1619 1190 1665 eunte.
1226 1609 1495 1679 Utrosque
1523 1627 1677 1683 :rque
1719 1627 1971 1682 peccasse
2001 1629 2105 1669 non

510 1700 737 1759 dubitat.
770 1701 904 1758 llinc
942 1704 1180 1774 utrisque
1205 1702 1396 1760 eodem
1425 1714 1669 1777 tempore
1695 1720 1953 1763 concessa
2009 1724 2113 1778 pax

511 1795 566 1850 in
588 1796 816 1852 concilio
841 1796 1266 1869 Carthaginensi,
1282 1798 1440 1869 quod
1459 1814 1599 1854 anno
1622 1799 1724 1855 251
1760 1809 1880 1871 post
1908 1800 2112 1856 Pascha

512 1887 748 1944 habitum
768 1899 867 1944 est.
900 1891 1017 1958 Quo
1039 1891 1256 1961 quidem
1286 1891 1340 1951 in
1367 1893 1597 1947 concilio
1619 1907 1740 1948 cum
1762 1893 2001 1966 episcOpi
2029 1909 2113 1948 ra-

512 1983 683 2037 tio.ies
730 1998 917 2039 omnes
969 1985 1372 2040 accuratissime
1413 1985 1785 2052 subduxerint,
1839 1993 1972 2046 utin
2010 1988 2109 2046 hac

510 2076 749 2148 Epistula
800 2094 871 2133 ιιι
919 2086 1141 2133 testatur
1195 2079 1514 2152 Cyprianus,
1563 2097 1666 2138 non
1713 2083 1903 2141 eodem
1954 2089 2114 2146 modo

513 2184 636 2225 eum
689 2170 939 2226 omnibus
991 2171 1315 2227 Libellaticis
1355 2173 1591 2243 egis~ent
1620 2176 1665 2230 si
1725 2176 1948 2249 insignis
1970 2179 2112 2240 inter

513 2277 609 2319 eos
652 2264 881 2319 varietas
928 2263 1136 2321 fuisset.
1170 2264 1306 2334 Quid
1346 2275 1525 2323 autem
1570 2269 1785 2341 utrique
1816 2270 2113 2332 Libellatici

513 2358 879 2425 peccaverint,
900 2367 954 2413 et
980 2359 1069 2428 qui
1098 2372 1193 2430 per
1218 2373 1277 2414 se
1306 2368 1360 2414 et
1389 2360 1479 2431 qui
1501 2376 1599 2431 per
1620 2362 1756 2419 alios
1780 2378 1903 2421 cum
1924 2368 2116 2438 magis-

514 2458 651 2505 tratu
699 2464 937 2522 egerant,
979 2466 1084 2507 non
1137 2443 1400 2522 exprimit
1451 2453 1788 2527 Cyprianus;
1838 2462 2114 2518 notissima

512 2546 653 2601 enim
693 2561 780 2601 res
810 2556 926 2601 erat
968 2545 1280 2601 Antoniano
1311 2561 1325 2609 ;
1360 2546 1453 2600 sed
1506 2547 1632 2602 illud
1664 2549 1854 2605 saltem
1908 2568 1973 2607 ex
1999 2554 2116 2623 ejus

514 2637 695 2693 verbis
742 2647 958 2693 constat
1006 2638 1114 2693 tale
1143 2649 1419 2709 peccatum
1467 2638 1653 2705 fuisse,
1688 2654 1745 2697 ut
1774 2658 1840 2698 ne
1865 2638 2116 2714 pecca<$c

512 2732 728 2802 quidem
776 2732 877 2787 sibi
903 2731 1237 2789 viderentur.
1280 2732 1352 2789 At
1398 2734 1709 2791 incredibile
1766 2752 1988 2807 prorsus
2032 2749 2115 2795 est

512 2824 849 2899 Christianos
870 2823 1086 2893 optimis
1132 2839 1345 2880 morum
1384 2827 1663 2896 praeceptis
1710 2827 1942 2884 imbutos
1982 2831 2118 2885 adeo

516 2914 834 2982 cecutiisse,
867 2925 926 2969 nt
980 2930 1040 2971 se
1066 2917 1183 2971 sine
1231 2916 1437 2970 scelere
1467 2919 1831 2987 pronuntiare,
1865 2928 1956 2975 aut
1986 2923 2120 2976 srri-

520 3007 649 3062 bere
677 3022 834 3078 posse
860 3007 1177 3064 crederent:
1201 3008 1311 3077 Ego
1324 3007 1425 3062 diis
1453 3008 1772 3073 sacriﬁcavi,
1804 3026 1904 3079 ego
1929 3011 2118 3067 Chris-

521 3110 630 3155 tum
663 3101 890 3170 negavi;
942 3108 1043 3155 n‘ec
1068 3100 1167 3154 nisi
1208 3099 1467 3155 admoniti
1490 3115 1518 3154 ιι
1549 3101 1815 3172 Cypriane
1846 3102 2120 3159 discerent

519 3194 695 3249 hocse
725 3192 903 3248 facere
926 3208 1034 3246 non
1064 3191 1331 3247 debuisse.
1363 3192 1495 3248 Tam
1537 3202 1722 3266 aperta
1748 3204 1830 3248 est
1856 3196 2118 3265 ejusmodi

520 3287 773 3342 facinoris
801 3287 1065 3357 impietas,
1098 3296 1153 3341 ut
1183 3289 1698 3359 nemiuemprorsus
1728 3287 1901 3345 latere
1931 3298 2120 3359 potue-

523 3380 611 3443 rit,
639 3378 735 3432 nisi
756 3379 844 3449 qui
878 3393 1093 3434 onmem
1119 3377 1393 3449 religionis
1414 3394 1631 3436 sensum
1660 3385 1920 3437 exuisset.

593 3472 779 3529 Clerus
810 3473 1104 3539 Romanus,
1163 3471 1336 3542 Epist.
1395 3474 1535 3529 inter
1570 3475 1914 3546 Cyprianicas
1969 3489 2116 3542 XXXI,

523 3566 957 3623 Libellnticorum
1001 3567 1215 3635 culpam
1264 3581 1370 3620 non
1416 3567 1561 3621 molli
1607 3566 1825 3622 brachio
1875 3567 2119 3637 castigat,

523 3676 623 3716 nec
654 3671 828 3716 tamen
855 3660 999 3716 aliud
1047 3661 1334 3732 quidquam
1368 3660 1565 3716 iudicat
1591 3675 1746 3731 quam
1795 3660 1936 3731 quod
1964 3660 2123 3715 modo

523 3757 966 3814 observavimus:
1001 3774 1020 3809 ι
1056 3755 1171 3811 Hoc
1199 3770 1295 3810 nos
1327 3771 1431 3809 non
1460 3755 1597 3810 falso
1622 3755 1824 3820 dicere,
1867 3776 1885 3807 ι
1923 3756 2118 3825 inquit,

531 3868 551 3902 ι
587 3849 901 3920 superiores
950 3858 1155 3904 nostra:
1207 3849 1399 3904 littera:
1430 3850 1811 3918 probaverunt,
1848 3851 1900 3904 in
1928 3848 2122 3920 quibus

525 3944 679 3999 vobis
695 3943 1017 3999 sententiam
1040 3949 1277 3998 nostram
1300 3941 1529 3997 dilucida
1552 3928 1887 4011 expositione
1905 3942 2127 4012 protuli-

527 4053 667 4104 mus,
699 4046 755 4093 et
790 4036 1050 4092 adversus
1078 4050 1172 4092 eos
1200 4035 1291 4108 qui
1314 4035 1525 4105 scipsus
1550 4034 1793 4090 infideles
1817 4034 2000 4090 illicita
2030 4049 2125 4090 ne.

530 4129 793 4185 faiiorum
818 4128 1125 4184 libellorum
1168 4126 1505 4199 professione
1551 4125 1919 4197 prodiderant,
1974 4126 2125 4196 quasi

528 4224 737 4279 evasuri
779 4222 1083 4278 irrctientcs
1137 4221 1257 4277 illos
1307 4220 1504 4293 diaboli
1534 4220 1757 4291 laqueos
1786 4219 2123 4287 viderentur,

529 4332 634 4385 quo
663 4331 768 4369 non
799 4314 974 4368 minus
995 4328 1154 4385 quam
1186 4313 1231 4368 si
1258 4312 1324 4367 ad
1354 4311 1584 4369 nefarias
1606 4328 1727 4368 aras
1768 4312 2125 4368 accessissent

530 4407 632 4461 hoc
680 4408 795 4477 ipso
824 4404 965 4475 quod
995 4404 1167 4475 ipsum
1198 4403 1482 4460 contestati
1510 4403 1742 4471 fuerant,
1777 4413 2121 4471 tenerentur;

530 4498 622 4554 sed
657 4499 816 4554 etiam
837 4497 1097 4554 adversus
1125 4498 1244 4553 illos
1266 4502 1354 4569 qui
1386 4507 1501 4553 aeta
1532 4496 1807 4576 fecissem,
1840 4497 1963 4552 licet
1992 4512 2129 4568 prae-

530 4602 710 4648 sentes
739 4609 858 4646 eum
884 4594 1072 4648 tierent
1099 4609 1203 4647 non
1247 4592 1560 4657 adfuissent,
1616 4606 1737 4647 cum
1790 4592 2128 4662 prtescntiam

531 4701 680 4741 suam
704 4687 885 4756 utique
918 4698 972 4741 ut
1014 4687 1092 4743 sic
1114 4687 1480 4743 scriberentur
1507 4686 1807 4744 mandando
1850 4685 2126 4742 fecissent.

531 4776 649 4833 Non
679 4779 824 4833 enim
876 4780 1127 4835 immunis
1150 4796 1176 4833 a
1196 4781 1402 4836 scelere
1445 4781 1533 4851 qui
1564 4789 1620 4835 ut
1648 4780 1799 4835 fieret
1824 4780 2128 4850 imperavit,

532 4888 634 4928 nec
653 4880 738 4928 est
759 4872 967 4928 alienus
995 4890 1023 4928 a
1050 4873 1273 4929 crimine
1320 4873 1473 4944 cujus
1518 4888 1784 4930 consensu
1817 4873 1940 4930 licet
1963 4888 2071 4928 nou
2100 4888 2132 4928 ιι

534 4980 593 5021 se
616 4964 910 5022 admissum
964 4970 1189 5037 crimen,
1228 4977 1404 5023 tamen
1438 4966 1647 5038 publice
1678 4968 1889 5040 legitur.
1920 4968 2130 5025 Etcum

539 5064 710 5114 totum
752 5058 875 5114 fidei
901 5068 1304 5116 sacramentum
1336 5060 1389 5115 in
1418 5058 1754 5116 confessione
1802 5060 1998 5118 Christi
2031 5075 2128 5116 no.

539 5152 699 5208 minis
748 5151 1071 5223 intelligatur
1122 5167 1242 5207 esse
1270 5151 1574 5223 digestum,
1610 5153 1699 5224 qui
1732 5152 1946 5208 fallaces
1968 5152 2018 5207 in
2041 5166 2133 5208 cx-

537 5245 813 5300 cusationc
859 5245 1157 5317 [WillSllglﬂS
1207 5246 1420 5315 quaerit,
1478 5247 1713 5317 negavit,
1773 5257 1825 5301 et
1873 5248 1962 5316 qui
2022 5247 2134 5303 vult

536 5322 706 5392 videri
732 5337 1018 5409 propositis
1062 5338 1317 5393 adversus
1346 5338 1694 5410 Evangeliutu
1717 5341 1798 5396 vel
1830 5340 2020 5396 edictis
2048 5340 2131 5397 vel

448 5436 452 5440 ‘
539 5428 745 5499 legibus
791 5430 1135 5496 Satisfecissc,
1191 5429 1556 5503 hocipsojam
1587 5434 1759 5504 paruit
1784 5433 1925 5505 quod
1963 5434 2133 5491 videri

538 5525 783 5595 paruisse
812 5538 873 5579 se
902 5523 1088 5580 voluit.
1125 5544 1145 5579 ι
1189 5522 1462 5582 Gemellus
1491 5541 1622 5583 sane
1663 5528 1749 5583 hic
1779 5529 1925 5609 locus
1947 5537 2028 5583 est
2053 5528 2134 5582 al-

492 5692 493 5695 η
540 5622 639 5676 teri
661 5636 730 5676 ex
758 5620 994 5691 Epistola
1020 5622 1089 5676 ad
1114 5622 1463 5676 Aulonianum
1511 5621 1853 5696 deprompta,
1885 5624 2134 5694 quamvis

540 5718 676 5773 alter
704 5716 755 5771 in
779 5731 1042 5772 summam
1073 5717 1366 5785 lenitatem,
1396 5717 1531 5773 alter
1559 5718 1611 5773 in
1641 5734 1908 5774 summam
1934 5718 2137 5789 severi.

543 5820 703 5867 tatem
731 5810 972 5867 inclinet.
994 5811 1242 5867 Testatur
1269 5811 1458 5867 Clerus
1486 5811 1759 5867 Romanus
1796 5811 2137 5866 Libellaticos

473 5955 479 5960 .
538 5905 616 5961 sic
645 5905 826 5961 animo
871 5903 1091 5962 affectos
1122 5902 1314 5973 fuisse,
1343 5914 1404 5960 ut
1450 5903 1649 5961 diaboli
1677 5903 1902 5974 laqueos
1925 5903 2137 5960 evasuri
2192 5980 2197 5986 ἱ

2214 496 2315 552 sibi
2345 497 2691 563 viderentur;
2719 497 2857 570 quod
2886 496 3123 570 profecto
3150 497 3466 556 Christianis
3492 497 3545 557 in
3576 509 3848 558 mentem

2213 605 2318 644 non
2376 592 2629 655 venisset,
2684 593 2726 647 si
2777 592 2939 663 impie
2967 593 3253 663 quidquam
3283 600 3526 648 autvocc
3551 594 3845 665 proiecisti

2211 680 2461 749 fuissent,
2490 692 2583 739 aut
2611 684 2811 755 scripto
2841 686 3040 741 testati.
3071 682 3261 741 Clerus
3292 686 3564 741 Romanus
3595 687 3706 742 dun
3743 690 3843 742 di-

2211 774 2431 845 stinguit
2460 775 2890 834 Libellatirorum
2913 792 3126 849 genera,
3162 786 3218 833 ut
3249 778 3301 831 in
3331 777 3568 849 Epistula
3598 778 3674 833 ad
3716 782 3845 835 Διι-

2212 869 2493 934 tonianuni,
2522 884 2707 942 eorum
2758 871 2847 942 qui
2876 872 2929 925 in
2958 869 3244 927 scribendo
3266 870 3546 926 adfuerant
3576 913 3592 938 ,
3633 883 3692 927 et
3727 888 3842 928 eo.

2212 974 2329 1014 rum
2351 961 2439 1029 qui
2469 944 2537 1017 ne
2551 960 2741 1017 adesse
2759 960 2970 1031 quidem
2984 962 3099 1017 ausi
3129 962 3339 1018 fuerant
3378 972 3471 1017 aut
3504 973 3835 1033 potuerant.

2212 1049 2433 1120 Utrique
2464 1054 2662 1122 pariter
2691 1053 2990 1124 culpantur,
3025 1055 3147 1125 quia
3174 1057 3426 1123 postremi
3471 1056 3594 1113 licet
3630 1077 3649 1110 ι
3682 1074 3837 1129 pra:-

2211 1152 2415 1208 sentcs,
2447 1159 2567 1198 cum
2595 1155 2713 1201 acta
2741 1145 2950 1212 fierent,
2982 1160 3088 1199 non
3118 1144 3433 1209 adfuissent.
3475 1149 3831 1216 pmsentiam

2211 1250 2361 1290 suam
2390 1238 2572 1307 utique
2590 1239 2745 1294 utsic
2767 1238 3129 1294 scriberentur
3152 1237 3453 1293 mandando
3479 1240 3756 1295 fecissent.
3796 1261 3820 1294 ι

2214 1328 2380 1386 Porro
2411 1330 2479 1386 de
2506 1330 2570 1384 iis
2601 1330 2689 1401 qui
2720 1332 2771 1387 in
2823 1332 3109 1387 scribendo
3158 1348 3262 1386 non
3293 1332 3513 1387 aderant
3536 1347 3699 1388 nemo
3726 1334 3828 1388 di-

2213 1422 2349 1479 xerit
2369 1438 2462 1491 cos
2500 1423 2735 1479 libellum
2766 1424 3004 1493 dedisse,
3026 1433 3119 1480 aut
3147 1424 3310 1480 verbo
3336 1425 3503 1497 impio
3524 1426 3828 1497 quidquam

2213 1513 2538 1571 declarasse.
2572 1515 2627 1571 In
2658 1513 2761 1571 hoc
2803 1523 3005 1571 tantum
3047 1517 3415 1588 vituperantur
3461 1518 3603 1588 quod
3633 1518 3819 1588 impc—

2213 1617 2424 1663 rassent
2454 1618 2509 1665 ut
2536 1618 2652 1664 aeta
2683 1610 2891 1674 ﬁerent,
2921 1608 3063 1679 quod
3102 1625 3293 1666 eorum
3329 1629 3345 1663 ι
3381 1625 3647 1665 consensu
3692 1611 3826 1666 licet

2217 1715 2324 1755 non
2350 1716 2380 1756 a
2432 1715 2490 1757 se
2532 1701 2822 1757 admissum
2851 1704 3053 1759 crimen
3104 1711 3284 1758 tamen
3310 1701 3525 1773 publice
3560 1722 3579 1756 ι
3611 1703 3831 1773 legere-

2218 1800 2336 1861 tnr;
2373 1812 2392 1845 ι
2429 1794 2568 1865 quod
2591 1792 2810 1850 fallaces
2838 1795 2889 1851 in
2907 1794 3252 1852 excusatione
3282 1797 3578 1867 prmstigias
3614 1815 3635 1849 ι
3669 1812 3826 1868 qua:-

2216 1886 2427 1942 siisscnt
2453 1905 2468 1953 ;
2499 1887 2639 1958 quod
2668 1888 3001 1944 voluissent:
3038 1889 3208 1945 videri
3241 1890 3523 1958 propositis
3553 1890 3826 1946 adverSus

2216 1977 2558 2049 Evangelium
2581 1980 2663 2033 vel
2689 1980 2879 2036 edictis
2899 1981 2980 2037 vel
3008 1980 3212 2051 legibus
3239 1981 3581 2038 satisfecisse.
3615 1999 3633 2035 ι
3681 1983 3829 2053 Ergo

2232 2072 2643 2142 quiadfnerant,
2703 2088 2823 2135 cum
2869 2073 2923 2131 in
2976 2075 3162 2130 eadem
3216 2088 3436 2145 prorsus
3479 2090 3640 2131 causa
3682 2077 3825 2144 sint,

2218 2163 2349 2218 nihil
2373 2163 2517 2219 aliud
2548 2166 2867 2223 commisere
2896 2168 2995 2222 nisi
3044 2176 3102 2223 ut
3147 2167 3326 2225 fictum
3381 2169 3564 2225 scelus
3597 2170 3650 2225 in
3702 2180 3827 2226 acta

2224 2258 2431 2328 publica
2460 2257 2590 2328 ipsis
2613 2259 2912 2315 videntibus
2938 2260 3246 2319 referretur.
3278 2262 3664 2332 Quamobrem,
3690 2279 3821 2319 cunt

2227 2349 2302 2405 ait
2326 2348 2514 2406 Clerus
2540 2350 2810 2408 Romanus
2836 2367 2933 2409 eos
2966 2371 2985 2405 ι
3025 2369 3130 2408 non
3160 2354 3335 2411 minus
3361 2371 3520 2426 quam
3548 2357 3593 2411 si
3621 2355 3691 2412 ad
3726 2373 3829 2412 ne~

2220 2441 2379 2498 farias
2418 2459 2538 2500 aras
2588 2448 2973 2513 accessissent,
3003 2450 3103 2504 huc
3136 2447 3252 2520 ipso
3303 2450 3444 2520 quod
3478 2451 3651 2520 ipsum
3688 2466 3828 2507 cono

2219 2538 2398 2592 testati
2432 2536 2640 2594 fuerant
2672 2558 2692 2594 ι
2727 2539 2927 2608 teneri;
2961 2540 3009 2595 id
3042 2556 3149 2597 non
3180 2541 3249 2597 ita
3270 2543 3642 2612 accipiendum
3662 2546 3827 2615 quasi

2221 2644 2355 2685 voce
2384 2632 2818 2700 pronuntiassent
2848 2650 2906 2687 se
2937 2634 3003 2688 ad
3048 2648 3171 2691 ams
3198 2636 3513 2702 accessisse,
3561 2636 3655 2692 sed
3677 2638 3826 2706 quod

2218 2723 2619 2800 consensissent
2648 2733 2703 2778 ut
2728 2725 2949 2782 sceleris
2982 2741 3086 2783 non
3116 2727 3391 2784 commissi
3439 2730 3711 2798 publicum
3742 2741 3825 2785 ta-

2219 2830 2340 2868 men
2375 2815 2737 2870 testimonium
2767 2826 3019 2874 exstaret.
3054 2818 3228 2874 Simili
3254 2834 3417 2876 sensu
3460 2821 3601 2876 idem
3632 2819 3828 2877 Cieros

2220 2921 2313 2962 eos
2346 2917 2462 2961 acta
2493 2907 2683 2965 fecisse
2714 2909 2840 2965 dicit
2889 2914 2976 2983 qni
3016 2932 3033 2965 ι
3072 2923 3399 2982 ιιιιιιδθιιιοε,
3434 2930 3553 2969 cum
3584 2927 3704 2970 acta
3733 2920 3829 2970 fies

2220 3009 2374 3067 rent,
2422 3019 2441 3056 ι
2494 3017 2600 3056 non
2644 3002 2943 3059 adfuerant.
2996 3005 3199 3062 Eodem
3242 3007 3400 3063 modo
3452 3010 3823 3082 accipiendum

2221 3094 2361 3161 quod
2391 3091 2459 3149 de
2488 3093 2710 3149 Martiali
2745 3096 2939 3161 dicitur
2982 3100 3032 3154 iu
3082 3090 3253 3169 Epist.
3298 3116 3457 3157 vam
3489 3104 3633 3173 (pag.
3665 3105 3814 3174 itii).

2223 3194 2333 3241 tum
2351 3187 2513 3242 etiam
2538 3188 2669 3244 illud
2699 3206 2765 3247 ex
2795 3191 2931 3245 libro
2956 3191 3020 3245 de
3046 3191 3231 3264 Lapsis
3258 3194 3503 3267 (p.190),
3536 3214 3556 3248 ι
3593 3212 3691 3251 nec
3723 3200 3824 3252 sibi

2221 3280 2509 3347 quominus
2551 3292 2711 3351 agant
2766 3286 3133 3354 pmnitentiam
3181 3287 3523 3344 blandiantur
3567 3291 3691 3361 qui,
3726 3293 3825 3347 etsi

2223 3371 2473 3431 nefandis
2525 3375 2804 3433 sacriﬁciis
2831 3393 3021 3435 manus
3068 3395 3175 3435 non
3205 3384 3733 3451 contaminavcrunt,
3769 3386 3826 3439 li.

2225 3465 2379 3522 hellis
2433 3477 2611 3525 tamen
2655 3472 3041 3529 conscientiam
3090 3475 3413 3544 polluerunt.
3474 3477 3544 3533 Et
3567 3478 3653 3532 illa
3697 3494 3824 3550 pro-

2226 3559 2387 3616 fessio
2425 3561 2743 3634 dcnegantis
2769 3568 3094 3622 contestatio
3123 3577 3205 3624 est
3248 3569 3525 3625 christiani
3551 3571 3695 3641 quod
3718 3576 3829 3625 fuc-

2223 3660 2307 3707 rat
2324 3653 2657 3724 abnegantis.
2676 3656 2893 3712 Fecisse
2914 3674 2972 3713 se
2995 3658 3126 3714 dixit
3147 3659 3404 3732 quidquid
3427 3661 3565 3717 alius
3583 3662 3828 3719 faciendo

2230 3747 2516 3802 commisit.
2558 3768 2577 3802 ι
2609 3748 2725 3805 Non
2768 3749 3036 3821 discrepat
3064 3752 3148 3807 hic
3197 3752 3347 3810 locus
3373 3756 3652 3811 sententia:
3681 3754 3826 3812 Clt‘ll

2238 3843 2466 3898 Romani
2494 3843 2749 3900 adversus
2802 3861 2896 3901 cos
2928 3864 2947 3899 ι
2985 3846 3075 3917 qui
3102 3848 3309 3916 seipsos
3354 3846 3595 3904 infideles
3638 3849 3822 3906 illicita

2227 3933 2554 3992 nefariorum
2584 3937 2880 3993 libellorum
2905 3938 3237 4008 professione
3281 3940 3644 4009 prodiderant.
3683 3961 3702 3995 ι
3745 3943 3832 3996 ιιι-

2227 4028 2307 4083 xit
2352 4028 2693 4085 Libellaticus
2724 4031 2913 4086 fecisse
2961 4047 3021 4086 se
3074 4031 3331 4103 quidquid
3388 4033 3529 4088 alius
3582 4034 3831 4091 faciendo

2227 4121 2516 4189 commisit,
2552 4137 2657 4178 non
2689 4123 2827 4193 quod
2869 4139 3000 4179 voce
3027 4127 3397 4195 pronuntiaret
3426 4141 3486 4181 se
3525 4142 3750 4199 negasse
3780 4140 3830 4184 it

2229 4212 2583 4279 sacriﬁcasse,
2618 4231 2738 4269 nam
2790 4215 3001 4271 dicebat
3033 4216 3196 4288 judici
3226 4217 3575 4275 christianum
3614 4235 3675 4275 se
3699 4235 3823 4276 esse

2229 4315 2287 4362 et
2331 4307 2660 4373 sacriﬁcare,
2719 4307 2785 4362 ad
2815 4324 2934 4363 aras
2962 4308 3160 4366 diaboli
3191 4311 3371 4367 venire
3403 4327 3508 4367 non
3557 4328 3738 4383 posse,
3780 4323 3834 4369 ut

2230 4400 2454 4471 legimus
2481 4401 2531 4454 in
2563 4400 2734 4471 Epist.
2782 4418 2885 4467 LII;
2930 4404 3026 4459 sed
3076 4405 3198 4476 quia
3227 4406 3313 4460 illa
3372 4405 3538 4462 libelli
3564 4407 3829 4478 profeSs-io

2230 4491 2551 4550 hominisesl
2583 4494 2978 4565 quodammodo
3006 4498 3266 4568 negantis.
3289 4497 3379 4554 Sic
3403 4500 3569 4567 enim,
3595 4501 3833 4571 antiquis

2230 4586 2551 4643 cditinnibus
2572 4596 2627 4644 ct
2651 4596 2773 4643 octo
2800 4588 3235 4645 codicibus'mss.
3268 4592 3542 4663 inspectis,
3574 4593 3718 4649 hunc
3744 4594 3825 4648 Io-

2233 4695 2354 4736 cuni
2384 4681 2665 4753 legendum
2692 4682 3022 4753 deprehendi
3060 4704 3075 4742 :
3103 4702 3122 4736 ι
3158 4694 3212 4741 et
3237 4685 3324 4740 illa
3350 4686 3611 4757 professio
3631 4698 3715 4742 est
3738 4687 3833 4743 dc-

2237 4776 2500 4844 ncgantis,
2530 4779 2851 4833 contestatio
2872 4788 2952 4834 est
2977 4778 3255 4835 christiani
3286 4778 3427 4849 quod
3456 4777 3626 4834 fuerat
3665 4778 3829 4834 alme-

2232 4870 2426 4939 gantis,
2464 4890 2483 4924 ι
2515 4871 2704 4928 eodem
2728 4871 2973 4929 videlicet
3000 4889 3160 4930 sensu
3189 4888 3296 4945 quo
3324 4872 3513 4929 Clerus
3557 4873 3832 4928 Romanus

2248 4965 2324 5017 ait
2362 4979 2484 5018 cum
2515 4980 2740 5036 negasse
2788 4966 2877 5036 qui
2910 4965 3129 5022 fallaces
3152 4967 3205 5021 in
3255 4967 3600 5021 excusatione
3629 4967 3830 5035 praemi.

2235 5056 2350 5127 gius
2378 5059 2607 5128 (Illt'l‘l‘ll,
2641 5069 2693 5115 et
2744 5061 2832 5130 qui
2888 5060 3006 5116 vult
3050 5059 3223 5117 videri
3251 5059 3443 5116 edictis
3490 5058 3831 5127 satisfecisse,
3916 5092 3919 5093 ν

2240 5149 2343 5208 hoc
2364 5153 2481 5223 ipso
2503 5153 2613 5224 jam
2643 5156 2901 5224 paruisse.

2311 5242 2465 5311 Quod
2497 5259 2674 5305 autem
2710 5256 2917 5320 spectat
2955 5247 3018 5302 ad
3051 5246 3259 5303 libellos
3286 5262 3314 5301 a
3341 5247 3610 5318 iudicibus
3635 5247 3785 5302 datos
3805 5288 3824 5310 ,

2242 5344 2383 5402 idem
2408 5344 2459 5399 in
2504 5342 2609 5398 illis
2639 5342 2895 5412 scriptum
2940 5338 3105 5396 fuisse
3136 5354 3244 5395 non
3284 5339 3495 5395 videtur
3523 5354 3587 5394 ac
3616 5339 3665 5393 in
3705 5341 3835 5394 actis

2252 5435 2497 5511 publicis.
2529 5433 2754 5490 Gravius
2782 5434 2923 5488 enim
2956 5432 3139 5489 fuisset
3173 5431 3606 5488 Libellaticorttm
3658 5446 3836 5503 pecca-

2250 5541 2423 5586 torum
2456 5530 2521 5595 si,
2548 5538 2740 5599 praeter
2770 5528 3129 5584 testimonium
3150 5527 3287 5581 actis
3305 5526 3528 5597 publicis
3556 5525 3834 5593 consigna-

2245 5636 2377 5690 tum,
2407 5622 2668 5695 ejusmodi
2702 5622 2911 5678 libellos
2937 5629 3244 5677 servassent
3282 5619 3539 5676 e'toblata
3558 5620 3837 5674 occasione

2244 5717 2638 5781 ostendissent;
2666 5715 2807 5787 quod
2835 5714 3050 5787 quidem
3075 5714 3179 5769 illis
3205 5726 3305 5768 nec
3328 5728 3356 5765 a
3383 5710 3657 5783 Cypriane
3679 5725 3777 5766 nec
3804 5725 3835 5764 ει

2243 5808 2401 5863 Clero
2450 5807 2692 5862 Romano
2737 5806 3003 5876 obiectum
3048 5803 3162 5859 fuit.
3215 5803 3502 5859 Rationum
3558 5802 3838 5859 momentis

2243 5900 2508 5963 hactenus
2536 5899 2791 5959 adhibitis
2817 5913 2983 5955 unum
3011 5896 3257 5968 adjiciam
3286 5913 3299 5951 :
3332 5910 3538 5953 morem
3574 5911 3680 5951 non
3717 5894 3837 5950 fuis-
