4050 6412
182 415 254 485 ῢὸ
1324 424 1488 485 VITA
1521 416 1770 486 SANCTI
1812 416 2158 482 CYPRIANI.
3414 418 3484 480 fit

183 558 244 601 se
286 551 342 601 ut
384 545 474 616 qui
521 542 679 602 fidem
707 543 1013 617 negabant,
1053 541 1106 599 id
1132 542 1335 617 scripto
1360 544 1771 614 consignarent,

183 638 279 695 sed
311 647 515 694 tantum
558 638 611 694 in
639 646 757 695 acta
802 637 1154 695 referebatur.
1189 638 1358 693 Aliter
1402 637 1641 692 sentiunt
1679 633 1781 688 Ba-

183 732 367 787 renius
392 731 481 803 (ad
521 747 610 786 an.
633 730 764 805 504)
796 738 852 787 et
886 730 1256 787 Tillemontius
1281 729 1439 804 (tem.
1462 744 1515 797 v,
1540 744 1593 799 p.
1620 724 1775 799 451),

182 835 247 878 ac
286 823 466 878 locum
503 822 783 896 proferunt
824 838 889 879 ex
935 824 1087 879 Actis
1129 830 1431 878 sanctarum
1481 831 1778 892 martyrum

182 913 417 985 Agapes,
440 914 682 970 ΟΙιὶοειίιιι
715 923 769 970 et
809 913 989 970 lrenes
1014 956 1028 979 ,
1062 929 1183 984 qua:
1214 932 1234 964 ι
1262 914 1425 983 jussu:
1450 911 1647 968 Christi
1685 927 1780 967 ne-

180 1009 454 1080 gationem
496 995 757 1080 scriptam
792 1006 1035 1079 profiteri
1080 1025 1099 1060 ι
1133 1007 1402 1062 dicuntur.
1448 1006 1553 1062 Sed
1582 1005 1778 1076 scripta

182 1100 272 1155 illa
299 1101 534 1172 negatio,
585 1114 757 1171 graece
793 1108 1017 1173 ῑηριρος
1055 1100 1157 1174 (sic
1199 1101 1342 1156 enim
1377 1114 1610 1171 graecum
1649 1113 1781 1154 con-

182 1202 388 1251 textum
432 1184 1008 1266 habuisse'existimo),
1050 1193 1335 1248 nihilaliud
1374 1203 1649 1264 estquam
1684 1206 1782 1247 ne-

179 1288 324 1358 gatio
345 1288 478 1342 actis
497 1289 825 1358 consignata.
849 1287 939 1343 Sic
965 1286 1103 1357 apud
1148 1285 1345 1342 Euseb.
1383 1286 1498 1354 (lib.
1521 1299 1573 1340 at
1612 1284 1773 1349 llist.,

179 1395 300 1450 cap.
322 1380 397 1450 '5)
421 1381 679 1435 mulieres
705 1380 947 1449 quaedam
968 1387 1169 1435 coacta:
1188 1379 1398 1434 fuerunt
1419 1393 1448 1432 a
1465 1377 1604 1433 duce
1630 1379 1779 1444 λεγειν

179 1477 411 1546 (magn,-
448 1472 645 1529 «dictis
695 1472 761 1528 ad
791 1472 1249 1529 actatestimouiis
1271 1473 1425 1529 fateri
1464 1492 1484 1526 ι
1516 1486 1575 1527 se
1595 1471 1779 1526 Chris-

181 1568 353 1622 tianas
370 1566 556 1635 fuisse,
583 1578 637 1621 et
660 1564 983 1637 ﬂagitiorum
1003 1582 1119 1638 φιλο
1136 1581 1165 1621 a
1187 1566 1505 1621 Christianis
1524 1580 1777 1638 gereren-

180 1670 268 1718 tur
290 1662 534 1720 conscias
561 1678 699 1718 esse.
731 1652 1032 1719 Messaliani
1063 1662 1203 1734 apud
1230 1661 1476 1719 Photium
1501 1660 1657 1735 (Cod.
1680 1658 1777 1731 52)

174 1756 429 1813 dicuntur
457 1758 686 1813 convicti
708 1757 873 1812 fuisse
898 1762 1151 1828 ιγγρὲρως,
1168 1755 1219 1810 id
1234 1762 1335 1822 est,
1359 1773 1377 1807 σ
1401 1755 1558 1810 dictis
1574 1753 1639 1809 ad
1656 1763 1775 1807 acta

175 1848 525 1914 testimoniis,
564 1868 581 1901 ι
628 1849 770 1921 quod
797 1849 863 1905 ad
892 1864 1104 1905 errores
1131 1863 1259 1905 suos
1287 1848 1593 1905 rediissent.
1638 1848 1775 1905 Hine

175 1941 406 1997 Basilius
433 1941 492 2012 (Ι.
527 1958 541 1997 ι
589 1944 652 1996 de
678 1940 960 2011 Baptismo,
984 1957 1103 2012 cap.
1134 1939 1192 2013 5)
1213 1951 1365 1997 vocat
1390 1940 1776 2011 promissiones

178 2036 377 2107 quibus
439 2035 491 2090 in
562 2035 833 2104 Baptismo
880 2036 1297 2105 ebstringimur,
1356 2043 1508 2108 ὥσπερ
1550 2044 1774 2107 εγγριρον

181 2125 453 2197 ὁμολογίαν,
484 2146 503 2180 ι
533 2130 695 2185 veluti
721 2130 1003 2200 quamdam
1041 2130 1269 2185 ad-eeta
1310 2131 1718 2200 professionem.
1750 2148 1769 2185 ι

173 2222 331 2279 Unde
355 2224 516 2279 etiam
542 2224 768 2295 Optatns
799 2225 907 2297 (lib.
931 2241 1052 2293 n,u.
1071 2225 1200 2299 Si):
1230 2223 1423 2281 «Fides
1438 2226 1774 2281 credentium

176 2326 230 2370 et
262 2315 527 2387 professio
554 2332 675 2388 qua:
700 2316 839 2387 apud
870 2326 987 2373 acta
1009 2318 1653 2390 conflciturAngelorum.
1679 2338 1697 2372 ι

246 2406 576 2464 Libellorum
605 2410 831 2476 crimen,
857 2411 961 2467 etsi
986 2410 1181 2466 famam
1215 2427 1278 2467 ac
1305 2428 1499 2469 nomen
1524 2412 1576 2469 in
1595 2412 1775 2469 Africa

172 2503 510 2574 potissimum
544 2504 763 2572 habuit,
788 2507 906 2561 'non
935 2513 1113 2561 tamen
1141 2506 1259 2561 aliis
1302 2507 1592 2577 provinciis
1619 2508 1773 2578 igno-

172 2604 285 2651 tum
302 2597 397 2651 fuit
415 2614 428 2651 :
446 2612 568 2652 nam
587 2598 1127 2655 RommSCornelius
1141 2616 1166 2652 a
1186 2598 1401 2661 nefariis
1416 2598 1799 2655 schismaticis-

171 2690 226 2745 in
252 2690 352 2746 hoc
369 2694 576 2747 crimen
602 2701 857 2757 vocatus;
886 2692 1130 2763 ejusdem
1174 2694 1227 2747 in
1259 2693 1511 2763 Hispania
1543 2694 1772 2748 convicti

172 2783 435 2839 Basilides
479 2794 534 2839 et
559 2785 814 2840 Martialis
836 2786 1096 2856 episcopi.
1122 2786 1428 2853 Quinetiam
1459 2787 1510 2840 in
1538 2785 1774 2859 Egypto

169 2874 275 2931 Sub
304 2874 462 2930 Petro
492 2875 851 2932 Alexandrino
878 2878 1114 2932 occurrit
1140 2877 1574 2933 Libellatieortun
1607 2895 1774 2949 genus

170 2966 463 3039 quoddam,
494 2969 587 3023 sed
621 2955 760 3023 haud
799 2969 913 3024 scio
947 2971 1209 3026 Africanis
1251 2970 1545 3026 diversum.
1582 2971 1772 3027 Petrus

169 3062 739 3135 Alexandrinus((.‘an.
764 3064 819 3135 ὅ)
851 3065 1177 3135 ιιωιιὶιειιιίίιι
1199 3080 1293 3121 sex
1329 3066 1773 3145 mensium

169 3157 245 3211 cit
271 3171 365 3211 eos
394 3157 479 3226 qui
507 3158 847 3226 simularunt,
877 3161 1081 3216 sicntet
1110 3161 1293 3228 David,
1316 3172 1426 3224 ἤτοι

167 3262 378 3328 βωμοὺς,
399 3261 506 3314 ἤτω
523 3261 582 3315 ὡς
602 3272 1068 3326 χειιωγραγτζσκντες,
1087 3268 1193 3320 ἦτοι
1208 3265 1268 3319 ὡς
1279 3259 1380 3311 ἀνθ’
1398 3263 1577 3313 ἓαυᾱῶν
1590 3260 1775 3332 βαλὸν·

168 3373 241 3410 τες
256 3356 404 3405 Uvae
415 3356 463 3411 ὺς
487 3391 499 3414 ,
533 3368 550 3401 ι
565 3351 645 3404 vel
664 3360 719 3405 ut
735 3351 917 3406 altaria
934 3361 1395 3421 pertranseuntes,
1412 3354 1493 3409 vel
1515 3364 1571 3408 ut
1587 3352 1770 3408 chiro-

168 3440 431 3513 graphum
448 3442 663 3511 dantes,
696 3442 779 3499 vel
804 3451 860 3498 ut
879 3444 1121 3501 ethnicos
1151 3458 1249 3514 pro
1273 3459 1331 3502 se
1362 3447 1764 3503 imminentes.»

167 3534 392 3589 Fatetur
429 3534 621 3591 Petrus
660 3536 924 3607 ejusmodi
951 3536 1196 3594 homines
1224 3556 1327 3593 non
1363 3549 1548 3610 aperte
1579 3541 1772 3611 impie-

169 3637 333 3684 tatem
366 3644 478 3700 pra:
503 3645 562 3687 se
594 3630 777 3687 tulisse
804 3673 819 3697 ,
848 3638 930 3689 καὶ
958 3644 1031 3702 pro
1059 3645 1241 3703 γυμνῶς
1267 3640 1682 3706 ἀπςγρκξιειμὲνως
1706 3640 1773 3691 τὰ

167 3746 229 3792 πρ
241 3729 285 3785 ὃς
309 3710 531 3793 ἄρνητινέ
555 3723 641 3777 ltili
674 3723 955 3795 legendum
982 3724 1190 3782 videtur
1216 3732 1631 3799 ἰπιγρσιψαμξνοις.
1667 3728 1770 3783 Ζο-

168 3829 331 3869 naras
357 3816 436 3870 sic
469 3816 852 3887 interpretatur
890 3817 1020 3872 illud
1062 3819 1497 3890 chirographum,
1532 3825 1767 3877 συνέθεντο

167 3912 333 3972 θῦσαι,
364 3924 383 3956 ι
421 3907 561 3978 pacti
599 3916 724 3963 sunt
762 3923 820 3963 se
841 3909 1235 3966 immolaturos.
1283 3930 1302 3963 ι
1338 3911 1443 3966 Sed
1486 3911 1598 3966 haec
1642 3928 1767 3980 pre-

166 3999 353 4055 missio
370 4015 435 4053 an
464 4009 662 4069 aperte
688 4000 979 4072 impietatis
999 4004 1178 4073 specie
1208 4004 1507 4060 caruisset?
1532 4004 1769 4062 Credere

165 4091 348 4145 malim
387 4091 655 4162 ejusmodi
697 4093 963 4161 homines,
1018 4095 1201 4150 itidem
1248 4106 1302 4150 ut
1325 4096 1665 4154 Libellaticos
1713 4101 1766 4155 in

164 4184 365 4251 Africa,
391 4185 625 4257 aliquam
668 4202 696 4240 a
737 4186 1009 4257 jndieibus
1048 4190 1327 4260 accepisse
1366 4192 1763 4259 conditionem,

161 4290 284 4347 qum
308 4286 362 4332 et
386 4286 493 4332 tuta
518 4277 684 4348 judici
710 4288 765 4335 et
783 4280 1092 4336 Christiano
1129 4298 1233 4336 non
1264 4293 1450 4351 aperte
1479 4283 1639 4354 impia
1685 4286 1767 4340 vi-

161 4370 409 4425 deretur.
435 4371 576 4426 Nihil
600 4371 772 4427 dicam
804 4373 873 4427 de
900 4372 1006 4426 alio
1055 4374 1496 4430 Libellaticortnn
1532 4393 1763 4447 genere,

159 4464 305 4535 quod
339 4463 598 4519 Baronius
628 4464 717 4534 (ad
746 4481 835 4520 an.
864 4465 1018 4540 255),
1046 4469 1350 4537 perspicere
1378 4470 1478 4524 sibi
1499 4470 1643 4525 visus
1683 4480 1767 4526 est

162 4559 215 4613 ia
243 4558 469 4629 epistola
497 4559 655 4614 Plinii
688 4558 755 4614 ad
802 4559 1110 4631 Trajanum,
1162 4577 1226 4617 ex
1268 4578 1370 4634 qua
1412 4564 1614 4634 profert
1652 4567 1765 4623 hrec

160 4650 326 4706 verba
359 4667 373 4704 :
408 4669 427 4703 ι
466 4651 778 4723 Pmpositus
809 4664 891 4710 est
922 4654 1135 4711 libellus
1178 4657 1296 4713 sine
1323 4666 1543 4715 auctore
1570 4659 1764 4715 multo-

165 4760 285 4801 rum
313 4744 527 4800 nemina
560 4746 872 4813 continens,
910 4746 1001 4817 qui
1037 4759 1297 4820 negarent
1322 4766 1382 4807 se
1416 4766 1536 4807 esse
1576 4751 1761 4808 Chris-

163 4837 339 4891 tianos
378 4847 470 4892 aut
515 4836 702 4904 fuisse,
722 4848 828 4896 etc.
871 4859 889 4892 ι
924 4838 1027 4895 Sed
1052 4859 1156 4897 non
1191 4844 1569 4901 animadvertit
1598 4845 1764 4901 Baro-

163 4930 285 4986 nius
316 4929 455 4986 hunc
478 4931 717 4989 libellum
744 4950 851 4990 non
880 4951 907 4988 a
935 4933 1255 4994 Christianis
1287 4938 1524 4995 oblatmn
1556 4939 1761 5012 fuisse,

161 5026 254 5079 sed
286 5025 353 5080 ab
376 5026 553 5096 aliquo
583 5042 779 5083 nomen
814 5044 967 5084 suum
995 5031 1207 5087 celante
1230 5075 1243 5099 ,
1277 5042 1331 5089 et
1359 5034 1559 5091 multos
1584 5036 1760 5090 nomi-

161 5118 328 5172 natim
355 5127 410 5173 ut
438 5117 768 5176 Christianos
800 5121 1115 5193 designante
1152 5126 1237 5196 qui
1301 5134 1480 5182 tamen
1528 5143 1760 5199 negave-

164 5221 367 5268 rnntse
395 5227 517 5269 esse
563 5221 655 5268 aut
701 5213 866 5270 fuisse
909 5216 1263 5275 Christianos.
1310 5218 1446 5275 llinc
1496 5221 1762 5292 'l‘rajanus

164 5303 336 5359 Plinio
364 5305 697 5376 respondens
722 5308 830 5362 ait:
872 5325 889 5359 ι
935 5308 1062 5365 Sine
1089 5322 1309 5367 auctore
1338 5329 1468 5369 vero
1500 5316 1758 5386 propositi

160 5397 328 5453 libelli
374 5398 521 5454 nullo
549 5400 775 5455 crimine
825 5399 1001 5457 locum
1046 5404 1243 5461 habere
1279 5406 1496 5475 debent,
1546 5424 1668 5465 nam
1707 5420 1759 5466 ct

164 5491 380 5563 pessimi
399 5492 652 5562 exempli,
674 5506 771 5547 nec
798 5493 966 5547 nostri
999 5495 1175 5550 sa-culi
1197 5506 1297 5551 est.
1339 5517 1357 5549 ι

165 5626 276 5682 νιι.
301 5658 370 5667 —
397 5642 684 5687 eventanus
730 5644 951 5687 sscsnrr
979 5646 1031 5686 ta
1069 5645 1754 5701 PERSECUTIONEJUSTISSI'

736 5739 823 5781 IIS
859 5740 929 5780 DE
965 5739 1164 5781 CAUSIS.

231 5859 476 5917 Edictum
511 5861 653 5917 Decii
678 5868 733 5916 ut
755 5862 807 5917 in
839 5861 1073 5919 Africam
1107 5864 1373 5935 perlatum
1404 5876 1522 5935 est,
1574 5872 1754 5928 statim

153 5954 340 6031 pepuli
358 5955 679 6015 clamoribus
703 5958 1000 6031 exagitatus
1028 5957 1331 6032 Cyprianus
1355 5968 1411 6019 et
1432 5961 1499 6019 ad
1532 5962 1746 6025 leonem

1890 537 2215 609 postulatus,
2247 533 2492 608 prudenti
2521 542 2740 608 receptu
2758 535 2992 594 furorem
3012 536 3292 610 impiorum
3317 539 3485 596 decli-

1890 631 2069 697 navit,
2103 645 2226 686 cum
2270 645 2523 687 coronam
2559 644 2710 687 suam
2747 631 2798 686 in
2844 631 2988 687 aliud
3040 642 3247 702 tempus
3284 633 3481 690 differri

1892 724 2096 792 mallet,
2147 739 2308 797 quam
2354 726 2636 795 prmsentia
2673 741 2772 782 sua
2819 740 2988 781 novas
3037 722 3182 782 faces
3236 728 3484 785 incendio

1892 818 2286 890 persecutionis
2320 816 2619 873 admoveri.
2688 818 2803 875 Non
2847 819 3016 874 semel
3074 821 3328 890 quaesitus
3370 831 3483 889 est,

1891 910 1986 965 sed
2017 924 2162 981 sarpe
2202 909 2338 967 alias
2368 911 2418 966 in
2455 910 2731 966 absentem
2772 910 3041 981 popularis
3085 912 3233 967 furor
3261 914 3480 971 exarsit.

1892 1004 2141 1061 Testatur
2176 1005 2399 1062 Pontius
2441 1021 2565 1062 eum
2597 1024 2615 1058 ι
2660 1005 2926 1077 suffragiis
2960 1020 3106 1077 carpe
3146 1008 3385 1078 repetitis
3420 1007 3484 1062 ad

1888 1097 2099 1154 leonem
2158 1117 2179 1153 ι
2231 1100 2579 1170 postulatum,
2622 1114 2686 1155 ac
2729 1116 2751 1153 ε
2800 1098 3207 1170 proscriptionis
3257 1099 3482 1170 gloriam

1888 1200 2238 1246 consecutura
2265 1207 2410 1248 esse.
2442 1211 2461 1247 ι
2501 1190 2649 1247 ldein
2697 1192 2766 1248 de
2810 1206 2871 1249 se
2913 1192 3029 1264 ipse
3057 1198 3238 1248 narrat
3273 1212 3292 1245 ι
3329 1193 3484 1249 toties

1820 1290 1827 1293 ’
1887 1282 2182 1355 flagitatum
2229 1295 2284 1341 et
2323 1287 2606 1357 quaesitum
2654 1306 2672 1340 ι
2718 1287 2912 1359 (Epist.
2968 1287 3068 1357 v1).
3129 1305 3148 1339 ι
3199 1286 3384 1344 Toties
3416 1288 3481 1344 ad

1889 1379 2100 1435 leonem
2132 1382 2353 1452 petitum
2388 1382 2438 1436 in
2484 1384 2663 1448 circo,
2708 1382 2763 1438 in
2813 1383 3235 1454 amphitheatro,
3274 1402 3294 1437 ι
3322 1392 3482 1455 atque

1888 1472 2052 1528 etiam
2095 1475 2456 1545 proscriptum
2487 1492 2546 1531 se
2582 1474 2747 1532 fuisse
2777 1494 2796 1529 ι
2832 1477 3084 1547 applicito
3131 1486 3187 1533 et
3230 1478 3483 1549 adjuncto

1886 1567 2225 1638 episcopatus
2254 1569 2336 1623 sui
2365 1570 2580 1625 nomine
2616 1589 2636 1623 ι
2669 1569 2869 1642 (Epist.
2902 1568 3014 1643 LV).
3044 1590 3064 1623 ι
3097 1569 3230 1627 Cum
3274 1572 3485 1641 publice

1888 1662 2155 1731 legeretur
2186 1680 2199 1717 :
2232 1663 2424 1734 Siquis
2454 1673 2600 1720 tenet
2622 1665 2708 1719 vel
2738 1664 2976 1736 possidet
3003 1663 3071 1720 de
3102 1665 3254 1720 bonis
3281 1664 3481 1721 Caecilii

1883 1753 2135 1828 Cypriani
2184 1757 2421 1827 episcopi
2469 1755 2893 1814 Christianorum
2943 1759 3136 1829 (Epist.
3165 1801 3178 1823 ,
3228 1758 3400 1831 ιλιι).
3457 1776 3475 1811 ι

1883 1847 2126 1917 Quonam
2172 1863 2233 1905 se
2285 1851 2551 1922 receperit
2606 1852 2907 1917 nescimus;
2954 1851 3048 1907 sed
3093 1851 3387 1924 presbyteri
3430 1861 3485 1907 et

1883 1943 2094 1998 diaconi
2141 1943 2389 2009 Romani,
2431 1944 2627 2017 iniquis
2656 1946 2995 2002 sermonibus
3019 1947 3225 2017 decepti
3248 1987 3262 2013 ,
3298 1963 3480 2017 parum

1883 2050 2039 2107 teque
2062 2036 2131 2092 de
2159 2036 2302 2092 illius
2332 2052 2547 2093 secessu
2568 2037 2885 2110 judicarunt
2926 2049 3211 2111 antequam
3267 2040 3335 2096 ab
3365 2041 3481 2111 ipso

1881 2130 1950 2185 de
1976 2139 2085 2187 tota
2115 2147 2173 2188 re
2200 2133 2460 2190 certiores
2490 2133 2699 2190 tierent.
2728 2133 2825 2189 Vix
2847 2134 3066 2191 dubium
3097 2143 3177 2192 est
3207 2135 3334 2206 quin
3356 2149 3478 2189 eum

1883 2226 2125 2281 nonnulli
2151 2226 2237 2281 alii
2270 2227 2751 2297 reprehenderint;
2801 2244 2976 2300 neque
3006 2229 3149 2284 enim
3189 2228 3333 2284 illius
3368 2228 3480 2283 fac-

1884 2328 1995 2373 tum
2040 2327 2189 2375 tanto
2216 2319 2398 2375 studio
2451 2319 2779 2376 defendisset
2816 2320 3041 2375 Pontius
3094 2321 3140 2375 si
3198 2320 3479 2390 probatum

1881 2411 2134 2466 eiiinibus
2162 2420 2218 2467 et
2247 2421 2529 2483 purgatum
2558 2412 2769 2468 fuisset.
2798 2412 2963 2469 Forte
2999 2412 3335 2483 vituperandi
3365 2411 3481 2467 hch

1881 2520 2011 2559 ansa
2040 2505 2168 2560 olim
2200 2515 2411 2575 arrepta
2444 2516 2548 2575 est,
2581 2507 2671 2588 vel
2696 2507 2856 2561 etiam
2890 2506 3049 2561 hodie
3078 2506 3399 2576 arripiatur,
3435 2507 3479 2561 si

1880 2597 1999 2667 quis
2024 2598 2263 2652 censoris
2291 2605 2471 2668 partes
2512 2598 2613 2653 sibi
2655 2606 2868 2669 arroget
2894 2615 2911 2663 ;
2942 2597 3085 2668 quod
3116 2598 3233 2668 ipse
3259 2597 3480 2653 absente

1886 2689 2118 2743 maxima
2144 2703 2267 2759 pars
2307 2689 2543 2744 fidelium
2587 2691 2811 2760 turpiter
2832 2689 3122 2752 ceciderit,
3144 2689 3480 2747 constantior

1887 2780 1941 2834 in
1989 2779 2133 2844 fide,
2185 2762 2277 2834 aut
2323 2781 2514 2837 saltem
2559 2781 2626 2835 ad
2678 2780 3005 2836 horrendum
3057 2780 3236 2835 scelus
3280 2780 3481 2836 tardior

1881 2870 2058 2926 futura
2113 2873 2156 2926 si
2206 2874 2443 2943 episcopi
2484 2875 2565 2928 sui
2605 2872 2934 2928 liberrimam
2962 2872 3356 2929 confessionem
3382 2888 3479 2928 au.-

1886 2963 2071 3019 diissct
2090 3007 2104 3032 ,
2133 2974 2221 3020 aut
2240 2966 2549 3035 prmclaram
2569 2981 2668 3037 pro
2684 2965 2897 3022 Chrism
2915 2977 3142 3022 mortem
3159 2974 3476 3037 spectasset.

1953 3056 2082 3126 Sed,
2108 3067 2163 3113 ut
2188 3072 2218 3112 a
2235 3056 2505 3129 Cypriane
2524 3058 2997 3129 reprehensionem
3019 3074 3233 3115 onmem
3261 3059 3480 3131 prepul-

1878 3162 2063 3206 scmus
2085 3150 2139 3206 in
2165 3150 2430 3223 ejusmodi
2454 3152 2681 3207 consilio
2707 3193 2720 3216 .
2752 3167 2860 3222 quo
2888 3152 2995 3207 duo
3020 3152 3112 3207 alii
3146 3154 3476 3223 prmstantis-

1878 3241 2000 3298 simi
2052 3242 2536 3311 viri,‘Grcgorius
2601 3242 3030 3314 Tltaumaturgus
3082 3252 3137 3299 et
3192 3242 3476 3315 Dionysius

1879 3334 2272 3414 Alexandrinus
2300 3336 2491 3393 eodem
2523 3345 2765 3406 tempore
2801 3337 3090 3393 utebantur
3115 3378 3131 3404 ,
3178 3336 3474 3392 observan.-

1876 3429 2005 3485 dum
2032 3437 2118 3486 est
2166 3430 2218 3485 l°
2258 3444 2380 3484 cum
2433 3428 2706 3484 communi
2752 3428 3024 3499 Evangelii
3071 3436 3341 3499 praecepto
3379 3444 3475 3499 pa-

1878 3522 2071 3589 ruisse,
2112 3522 2253 3594 quod
2285 3532 2396 3577 tum
2431 3523 2661 3578 inaximc
2688 3520 2977 3578 observare
3017 3519 3203 3577 debuit
3243 3535 3368 3577 cum
3422 3522 3474 3576 in

1877 3617 2045 3687 ipsius
2073 3618 2413 3689 potissimum
2455 3631 2651 3673 nomen
2692 3616 2997 3688 persecutio
3029 3626 3376 3688 erumperet,
3413 3630 3476 3672 ac

1876 3710 2171 3782 periculum
2218 3723 2363 3767 esset
2423 3726 2493 3767 ne
2533 3710 2766 3767 furerem
2832 3711 3111 3783 gentilium
3156 3713 3208 3768 in
3264 3711 3472 3783 plebem

1876 3819 2029 3859 suam
2056 3819 2292 3875 prmsens
2332 3803 2671 3859 accenderet.
2698 3800 2757 3858 2°
2785 3803 3050 3876 Singulari
3088 3804 3247 3860 modo
3282 3804 3471 3859 admo-

1877 3899 2017 3952 nitns
2041 3913 2068 3951 a
2096 3898 2201 3959 Deo
2231 3898 2399 3953 fuitut
2424 3897 2757 3953 discederet:
2790 3918 2807 3949 ει
2841 3899 3018 3953 Dicata
3046 3899 3187 3953 enim
3215 3899 3264 3953 in
3297 3901 3471 3953 omni-

1878 3988 1974 4045 bus
2008 3992 2115 4049 Deo
2141 4008 2314 4061 utens,
2365 4011 2382 4044 ι
2430 3992 2600 4063 inquit
2642 3990 2897 4057 Pontius,
2937 4011 2954 4043 ι
2991 4001 3046 4047 et
3088 3990 3219 4047 fides
3278 3992 3471 4047 divinis

1874 4086 2327 4143 admonitionibus
2369 4088 2673 4157 mancipata
2702 4086 2933 4142 credidit
2975 4101 3069 4153 se,
3111 4087 3215 4142 nisi
3247 4086 3474 4141 Domino

1872 4183 2134 4237 latebratn
2169 4192 2293 4236 tunc
2325 4182 2531 4252 jubenti
2565 4182 2849 4252 paruisset,
2872 4182 3032 4235 etiam
3074 4181 3186 4251 ipsa
3221 4182 3467 4251 passione

1873 4292 2116 4348 peccare.
2158 4294 2177 4329 ι
2210 4276 2413 4331 Tuclur
2450 4290 2510 4331 se
2533 4275 2839 4347 Cyprianus
2876 4275 3157 4345 Evangelii
3201 4284 3473 4345 prwcepte

1872 4371 1924 4425 in
1961 4370 2187 4440 epistola
2222 4385 2381 4440 quam
2411 4368 2477 4424 ad
2505 4368 2722 4425 Clerum
2752 4370 3052 4424 llomannm
3093 4368 3307 4440 scripsit
3341 4383 3471 4439 pur-

1869 4461 2028 4534 gandi
2050 4462 2129 4516 sui
2160 4476 2357 4527 causa;
2390 4460 2483 4516 scd
2530 4463 2580 4516 in
2612 4462 2710 4516 alia
2755 4462 3001 4532 epistola,
3028 4462 3219 4532 nempe
3241 4460 3469 4527 decima,

1871 4553 2108 4610 declarat
2131 4554 2361 4625 jnssisse
2390 4553 2674 4609 Dominum
2705 4562 2761 4609 ut
2788 4554 3088 4609 secederet.
3122 4554 3178 4610 5°
3212 4552 3471 4609 Maximus

1870 4646 1962 4703 ille
1990 4646 2213 4723 fratrum
2250 4661 2506 4702 numerus
2549 4646 2640 4718 qui
2684 4632 2906 4703 absente
2957 4646 3223 4719 Cypriane
3253 4646 3469 4709 cecidit,

1872 4757 1978 4799 non
2008 4742 2291 4798 tormentis
2320 4751 2372 4798 et
2400 4742 2728 4797 cruciatibus
2770 4741 3039 4797 Christum
3080 4757 3277 4813 negare
3309 4757 3469 4798 coae-

1876 4844 1961 4889 tus
1990 4843 2092 4902 est,
2133 4852 2152 4886 ι
2190 4834 2286 4890 sed
2319 4835 2384 4892 ad
2419 4836 2588 4906 prima
2613 4835 2792 4895 statim
2817 4836 2974 4889 verba
3002 4836 3250 4891 minantis
3270 4836 3467 4891 inimici

1873 4929 2032 4984 fidem
2066 4945 2216 4985 suam
2262 4930 2515 4999 prodidit,
2558 4951 2577 4983 ι
2613 4941 2665 4985 ut
2704 4931 2754 4985 in
2798 4918 2932 4985 libro
2964 4931 3029 4986 de
3068 4930 3252 5002 Lapsis
3294 4929 3467 4999 legiti-

1875 5038 2015 5077 mus.
2047 5021 2138 5077 Sic
2163 5022 2345 5077 animo
2367 5022 2575 5079 affectis
2603 5023 2793 5078 melius
2822 5024 3104 5078 consulere
3130 5039 3234 5077 non
3261 5030 3469 5093 poterat

1870 5114 2191 5187 Cyprianus,
2222 5131 2382 5184 quam
2411 5116 2454 5170 si
2485 5130 2579 5171 eos
2610 5115 2677 5171 ad
2710 5115 3067 5171 recedendum
3098 5114 3345 5185 exemplo
3369 5129 3468 5170 suo

1872 5208 2198 5263 hortaretur.
2220 5208 2280 5262 4⁸
2304 5208 2565 5283 Observat
2592 5210 2812 5265 Pontius
2833 5210 3017 5265 divino
3044 5209 3268 5263 consilio
3288 5223 3467 5264 serva-

1869 5311 1978 5356 tum
2001 5316 2122 5358 esse
2137 5301 2487 5373 Cyprianum,
2506 5303 2619 5373 qui,
2639 5317 2759 5357 cum
2790 5301 3027 5357 Ecclesia
3045 5300 3330 5355 maximam
3357 5301 3466 5356 cla-

1868 5394 1989 5451 dem
2019 5396 2316 5464 accepisset
2349 5396 2724 5467 persecutione
2764 5396 2929 5457 Decii,
2959 5413 2977 5447 ι
3028 5403 3208 5466 posset
3254 5396 3464 5451 saucios

1867 5486 2113 5543 homines
2142 5495 2198 5541 et
2227 5487 2372 5543 varia
2401 5488 2755 5559 expungcntis
2796 5487 2994 5544 inimici
3022 5496 3137 5543 arte
3171 5487 3459 5557 jaculatos,

1865 5583 2103 5640 adhibita
2131 5584 2411 5640 medicina:
2436 5583 2671 5640 ctelestis
2698 5582 2926 5649 medela,
2952 5596 3051 5654 pro
3069 5582 3323 5655 qualitate
3348 5585 3462 5639 vul-

1867 5682 2012 5738 neris
2058 5681 2140 5735 vel
2184 5695 2370 5735 secare
2423 5679 2638 5734 interim
2696 5678 2779 5733 vel
2824 5675 3027 5734 fovere.
3057 5696 3075 5731 ι
3109 5677 3239 5734 llem
3290 5678 3463 5735 exitus

1868 5772 2259 5844 comprobavit.
2300 5770 2552 5826 Testatur
2580 5770 2726 5827 enim
2747 5778 2934 5825 auctor
2963 5771 3080 5828 libri
3115 5771 3184 5825 ad
3208 5770 3460 5827 Novaria-

1864 5881 1986 5920 mnn
2031 5864 2320 5920 Iucreticmn
2356 5880 2375 5914 ι
2412 5863 2531 5919 illos
2558 5864 2646 5933 qui
2677 5864 2845 5934 prima
2871 5865 3008 5932 acie,
3038 5884 3058 5918 ι
3089 5864 3140 5921 id
3188 5871 3267 5921 cst
3302 5882 3321 5917 ι
3358 5864 3456 5919 Dc-

1863 5959 2015 6016 ciana
2048 5956 2421 6029 persecutione
2445 5956 2704 6016 vulnerati
2750 5956 2985 6031 fuerunt,
3013 5957 3115 6016 hos
3140 5966 3323 6031 postca
3347 6000 3362 6026 ,
3395 5956 3450 6014 id

3369 6124 3442 6152 WB
