4050 6424
581 382 652 440 95
1493 419 1500 426 .
1782 381 1940 440 \‘lTA
1980 380 2225 440 SANCTI
2251 376 2596 436 CYPRIANI.
3855 358 3928 418 9‘0

580 512 666 558 est
695 501 932 559 secundo
962 501 1169 574 praelia,
1195 500 1265 558 ita
1295 500 1504 559 fortiter
1532 515 1911 574 perseverasse
1933 510 2008 566 ut,
2043 514 2171 555 con-

579 582 1068 652 temnentes'edicta
1085 595 1420 652 saecularium
1443 596 1766 668 principum,
1791 595 1892 650 hoc
1915 595 2172 650 invictum

580 684 860 754 baberent,
885 686 1025 758 quod
1063 696 1117 742 et
1157 703 1261 743 non
1291 696 1597 744 metucrunt
1626 687 1878 758 exemplo
1910 687 2030 744 boui
2063 703 2175 756 pas-

577 779 713 834 toris
745 779 976 834 animam
1009 795 1161 835 suam
1204 780 1417 836 tradere
1469 791 1522 836 et
1564 781 1874 852 sanguinem
1915 781 2170 847 fundere,

579 885 681 927 nec
723 871 886 926 ullam
928 872 1245 928 insanientis
1290 872 1500 946 tyranni
1547 875 1805 929 saevitiam
1834 888 2105 929 recusare.
2147 893 2166 926 ι

577 963 638 1020 5°
664 963 902 1036 Denique
927 965 1008 1020 sic
1037 981 1262 1037 corpore
1288 965 1456 1021 abfuit
1477 966 1796 1039 Cyprianus,
1832 975 1886 1022 ut
1912 967 2090 1021 animo
2117 977 2172 1022 et

582 1057 948 1115 sollicitudine
1002 1060 1251 1115 omnibus
1300 1060 1464 1115 rebus
1528 1062 1834 1125 interesset,
1883 1076 1984 1117 nec
2036 1061 2172 1116 ullas

589 1150 828 1222 episcopi
875 1163 1052 1222 partes
1101 1155 1552 1226 praetermitteret.
1589 1153 1882 1210 Discedens
1923 1153 2171 1208 onmibus

577 1241 743 1300 rebus
759 1244 1082 1314 providerat,
1104 1245 1380 1315 pecuniam
1395 1245 1534 1314 apud
1554 1245 1782 1300 clericos
1803 1245 2168 1310 distribuerat,

583 1355 603 1389 ι
642 1347 699 1390 ιιι
725 1335 985 1392 haberent
1015 1337 1193 1408 plures
1221 1337 1362 1392 unde
1387 1337 1452 1392 ad
1479 1339 1830 1393 necessitates
1860 1348 1915 1392 et
1957 1352 2173 1408 pressu-

577 1442 664 1483 ras
692 1429 1024 1500 singulorum
1056 1431 1264 1500 operari
1289 1431 1491 1500 possint
1534 1430 1729 1503 (Epist.
1760 1430 1838 1503 v).
1895 1451 1912 1483 ι
1952 1431 2171 1486 Videtur

577 1520 631 1576 in
671 1535 892 1578 secessu
933 1523 1148 1579 assidue
1197 1523 1459 1578 sacriﬁcia
1502 1522 1782 1588 obtulisse,
1837 1524 2172 1580 ministrante

578 1612 797 1671 Victore
827 1616 1073 1685 diacono,
1103 1618 1192 1688 qui
1221 1633 1342 1672 eum
1368 1633 1487 1674 cum
1517 1617 1637 1672 aliis
1656 1617 1924 1673 nonnullis
1945 1618 2171 1673 comita-

577 1715 660 1764 tus
693 1708 862 1765 fuerat
918 1710 1076 1782 (Epp.
1105 1727 1155 1774 v,
1188 1710 1421 1783 xxxvii).
1478 1699 1713 1767 Aderant
1763 1710 2025 1766 interdum
2058 1711 2174 1782 plu-

574 1817 664 1858 res
690 1805 949 1875 episcopi,
980 1817 1028 1859 et
1059 1821 1160 1860 una
1202 1820 1322 1860 cum
1361 1804 1627 1878 Cypriane
1667 1806 1939 1860 Aurelium
1981 1815 2033 1860 et
2073 1803 2171 1859 Ce-

573 1895 800 1952 lerinum
849 1897 1249 1963 ordinaverunt,
1311 1907 1370 1954 ut
1418 1901 1564 1969 patet
1618 1915 1684 1954 cx
1725 1898 1862 1969 Epp.
1905 1913 2078 1953 xum
2117 1909 2171 1954 et

573 2006 759 2047 xxxrv.
791 1992 1094 2060 Quinetiam
1135 1993 1201 2048 de
1219 1993 1497 2049 sacriﬁciis
1553 1995 1664 2049 suis
1709 1994 1788 2048 sic
1831 1992 2084 2064 loquitur,
2117 2001 2174 2047 nt

579 2085 919 2157 frequentem
945 2088 1200 2159 populum
1226 2101 1581 2158 congregasse
1631 2086 1889 2142 videatur.
1916 2086 2001 2142 Ait
2028 2086 2169 2141 enim

575 2177 628 2232 in
660 2178 899 2249 Epistola
929 2195 1054 2244 xw,
1089 2194 1207 2250 qua:
1255 2190 1335 2235 est
1382 2181 1450 2234 ad
1508 2185 1818 2249 confessores
1870 2179 2172 2234 Romanos:

582 2288 601 2323 ι
637 2271 698 2326 Et
729 2287 827 2326 nos
855 2272 1092 2341 quidem,
1117 2274 1279 2328 vestri
1312 2273 1498 2328 diebus
1525 2287 1586 2328 ac
1606 2272 1850 2327 noctibus
1872 2286 2169 2337 memores,

575 2373 630 2419 et
657 2365 870 2435 quando
914 2367 965 2421 in
1022 2366 1299 2424 sacriﬁciis
1337 2382 1550 2438 precem
1599 2383 1721 2422 cum
1771 2365 2009 2436 pluribus
2039 2366 2167 2420 facio

575 2472 717 2525 mus,
748 2468 801 2514 ct
823 2473 944 2514 eum
975 2460 1025 2514 in
1057 2474 1273 2516 secessu
1305 2462 1522 2532 privatis
1539 2461 1791 2532 precibus
1808 2475 2045 2523 oramus,
2077 2476 2170 2515 co-

573 2553 722 2610 ronis
751 2568 814 2608 ac
839 2553 1084 2610 laudibus
1113 2557 1302 2611 vestris
1334 2556 1541 2626 plenam
1565 2572 1595 2612 a
1628 2557 1855 2611 Domino
1883 2556 2168 2613 faventiam

575 2644 924 2715 postulamus.
943 2667 959 2699 ι
987 2647 1120 2702 Cum
1149 2657 1328 2704 autem
1355 2649 1612 2705 Ecclesia:
1638 2664 1822 2705 curam
1844 2649 2173 2723 presbyteris

576 2749 629 2793 et
659 2740 900 2795 diaconis
929 2742 1286 2798 commisisset
1308 2785 1322 2809 ,
1353 2759 1417 2799 ac
1447 2754 1737 2814 praeterea,
1771 2754 1829 2800 ut
1857 2746 2023 2816 ipsius
2049 2760 2169 2799 ver-

581 2830 663 2885 bis
707 2840 826 2887 utar
870 2847 933 2888 ex
998 2834 1098 2904 Ep.
1135 2851 1382 2900 xxxviii,
1432 2853 1527 2905 pro
1567 2853 1626 2892 se
1663 2838 1893 2893 vicarios
1943 2839 2176 2893 misisset

575 2924 716 2980 duos
758 2928 1058 2998 episcopos,
1090 2929 1405 2984 Caldonium
1436 2940 1492 2986 et
1533 2931 1889 2986 Herculanum
1915 2973 1931 2995 ,
1975 2932 2169 3003 quibus

581 3017 899 3088 adjunxerat
935 3019 1286 3092 llogatianum
1331 3032 1386 3077 et
1428 3022 1768 3078 Numidicum
1810 3024 2171 3095 presbyteros,

581 3113 650 3168 de
683 3115 933 3170 omnilms
964 3117 1028 3172 ad
1056 3133 1176 3172 cunt
1201 3117 1554 3186 referebatur,
1585 3136 1683 3176 nec
1706 3121 1993 3192 quidquam
2021 3123 2175 3177 abeo

577 3209 835 3265 omissmn
891 3211 1032 3283 quod
1061 3212 1275 3283 quidem
1304 3213 1369 3267 ad
1403 3230 1663 3286 pauperes
1703 3215 2083 3282 sublevandos,
2109 3216 2174 3270 ad

576 3300 914 3358 confessores
939 3304 1298 3359 cohortandos
1321 3320 1383 3361 ac
1435 3307 1698 3362 interdum
1721 3307 1881 3362 etiam
1912 3308 2175 3379 castigan-

578 3391 696 3459 dos,
744 3395 806 3449 ad
852 3394 1119 3466 lapsorum
1152 3397 1333 3452 ruinas
1375 3399 1723 3468 reparandas,
1774 3399 1839 3454 ad
1880 3399 2175 3470 disciplina:

576 3486 1004 3544 observationem
1036 3500 1087 3544 ct
1123 3490 1372 3546 Ecclesia:
1411 3491 1830 3560 paciﬁcationem
1863 3494 2174 3563 pertineret.

577 3581 706 3648 Sed,
735 3583 857 3654 quia
897 3584 1098 3640 litteras
1131 3587 1269 3641 illius
1301 3588 1352 3642 in
1385 3603 1601 3644 secessu
1638 3589 1865 3661 scriptas
1898 3591 1987 3645 alii
2017 3591 2175 3647 aliter

579 3677 828 3730 ordinant
850 3718 865 3743 ,
895 3692 997 3733 non
1025 3678 1385 3746 perfunctorie
1408 3679 1562 3734 nobis
1584 3681 1937 3735 examinanda
1958 3698 2043 3736 res
2070 3691 2170 3737 e-t.

585 3810 719 3866 Vlll.
747 3840 818 3851 —-
846 3828 910 3867 ns
939 3828 1178 3870 Ltrrsnts
1213 3829 1369 3870 cuzm
1401 3831 1596 3871 nouam
1641 3831 2014 3874 CARTHACINE!
2058 3833 2171 3873 IIS-

612 3921 709 3971 εις,
736 3920 1008 3972 Ροετριιριιι
1036 3922 1334 3964 CYPBIANUH
1365 3918 1666 3966 SECESSISSE
1692 3926 1998 3967 NUNTIATUH
2022 3928 2134 3967 EST.

647 4039 952 4113 Presbyteri
975 4051 1024 4096 et
1055 4041 1262 4098 diaconi
1297 4044 1542 4110 Romani,
1565 4043 1628 4099 ad
1651 4060 1807 4116 quos,
1835 4055 2045 4102 mortuo
2075 4046 2175 4100 Fa-

577 4132 756 4197 biano,
790 4150 967 4189 rerum
998 4135 1536 4193 administraudarum
1565 4154 1771 4194 summa
1806 4141 2060 4208 redierat,
2107 4157 2170 4196 ex

575 4225 901 4291 Clementia,
925 4227 1060 4291 sive,
1105 4236 1164 4282 ut
1190 4239 1340 4284 vocat
1380 4230 1658 4296 Baluzius,
1693 4232 2001 4287 Crementio
2042 4232 2171 4287 sub-

575 4315 802 4371 diacono
845 4315 1250 4390 Carthagineusi
1309 4320 1379 4376 de
1419 4322 1666 4394 Cypriani
1703 4339 1918 4380 secessu
1967 4324 2170 4380 didice-

579 4417 725 4464 runt.
747 4408 989 4479 Cumque
1021 4425 1106 4465 res
1138 4431 1156 4463 ι
1194 4411 1368 4466 minus
1399 4414 1714 4484 simpliciter
1739 4427 1792 4472 et
1827 4417 2004 4472 minus
2035 4417 2172 4473 ﬁde-

578 4500 720 4567 liter,
761 4521 779 4555 ι
815 4511 873 4556 ιιι
914 4505 990 4559 ait
1035 4503 1334 4577 Cyprianus
1363 4506 1532 4577 Epist.
1568 4527 1666 4576 xv,
1703 4511 1888 4568 fuisset
1933 4513 2172 4569 nuntiata

578 4593 696 4648 sive
723 4593 792 4649 ab
822 4595 923 4651 hoc
943 4595 1292 4676 subdiacono,
1325 4600 1439 4654 sive
1459 4602 1527 4656 ab
1547 4603 1668 4657 aliis
1690 4603 1856 4676 (hunc
1877 4605 2019 4661 enim
2065 4623 2170 4663 non

577 4697 792 4741 accusat
834 4688 1201 4761 Cyprianus),
1259 4693 1389 4750 duas
1443 4697 1694 4765 epistolas
1753 4714 1852 4770 per
1921 4703 2169 4757 eumdem

579 4777 944 4838 Crementium
995 4781 1369 4856 Carthaginem
1443 4790 1742 4860 miserunt,
1811 4793 2035 4849 alteram
2106 4795 2172 4850 ad

576 4871 901 4944 Cyprianum
933 4877 999 4932 de
1044 4889 1216 4935 morte
1256 4878 1509 4949 Fabiani,
1541 4902 1659 4953 quae
1704 4887 1919 4958 quidem
1961 4890 2028 4945 ad
2075 4908 2173 4949 nos

576 4971 839 5040 pervenit,
871 4971 1094 5026 alteram
1136 4972 1202 5026 ad
1259 4974 1426 5042 ipsius
1448 4976 1685 5043 clerum;
1730 4996 2050 5052 quamquam
2099 4986 2172 5039 ait

577 5060 878 5132 Cyprianus
897 5106 909 5126 ,
947 5081 966 5114 ι
1020 5078 1116 5119 nec
1143 5065 1263 5135 quis
1293 5067 1587 5137 scripserit,
1623 5086 1721 5126 nec
1745 5072 1812 5127 ad
1837 5089 1974 5144 quos
1998 5075 2170 5146 serip-

579 5162 688 5207 tnm
711 5155 779 5208 sit
809 5156 1172 5226 signiﬁcanter
1201 5171 1515 5227 expressum
1556 5180 1574 5213 ι
1612 5161 1796 5218 fuisse.
1823 5164 1880 5219 In
1910 5167 2008 5220 hae
2031 5169 2175 5236 epis~

580 5246 706 5311 tola,
733 5261 852 5316 qua:
883 5249 1040 5302 tertio
1083 5247 1203 5303 loco
1235 5251 1374 5319 apud
1420 5250 1714 5309 Patnelium
1753 5255 1985 5312 volvitur
2009 5298 2024 5323 ,
2071 5259 2171 5314 etsi

579 5337 708 5393 nihil
736 5340 1050 5395 nominatim
1080 5339 1146 5395 de
1165 5338 1434 5412 Cypriane
1478 5344 1579 5400 nisi
1613 5345 1908 5403 honoriﬁce
1941 5347 2169 5416 dicitur,

577 5431 657 5485 sic
685 5440 861 5488 tamen
885 5432 953 5489 de
972 5433 1115 5488 illius
1135 5447 1351 5489 secessu
1381 5431 1689 5506 loquuntur,
1707 5450 1762 5494 ut
1785 5441 1931 5496 illum
1951 5442 2171 5500 minime

581 5526 842 5595 probent:
889 5531 965 5585 sic
992 5529 1060 5587 de
1090 5533 1354 5588 bonorum
1410 5541 1685 5599 pastorum
1717 5537 1856 5591 uotis
1877 5537 2168 5605 disserunt,

577 5617 731 5688 quasi
755 5633 846 5673 eas
881 5620 1186 5682 desiderent
1218 5629 1269 5683 in
1308 5630 1602 5702 Cypriano;
1637 5629 1714 5686 sic
1741 5628 1970 5700 denique
1995 5629 2171 5701 gregis

577 5709 874 5764 custodiant
906 5712 1051 5769 clero
1072 5714 1891 5790 Carthaginiensicommendant,
1916 5722 2066 5791 quasi
2091 5723 2170 5776 vi-

577 5802 678 5857 dua
701 5813 847 5860 esset
870 5807 1121 5879 episcopo
1151 5813 1397 5869 ecclesia.
1422 5814 1556 5870 Illud
1580 5815 1738 5870 etiam
1765 5815 2032 5888 Cypriano
2057 5833 2171 5872 mo—

581 5896 770 5954 lestum
799 5915 828 5955 e
860 5914 920 5957 sc
948 5911 1153 5973 poterat
1181 5906 1321 5976 quod
1340 5907 1540 5966 clerqu
1561 5907 2031 5981 Carthaginiensem
2065 5909 2168 5970 lle-

2281 497 2424 558 mani
2468 504 2718 568 rogarent
2775 504 2830 551 ut
2879 495 3068 552 harum
3121 495 3418 552 litterarum
3460 493 3795 567 exemplum
3843 493 3916 550 ad

2279 605 2644 662 quoscumque
2677 600 2854 661 posset
2894 590 3280 647 transmitteret
3323 605 3420 662 per
3467 589 3696 646 idoneas
3724 603 3918 645 occa-

2279 685 2481 749 siones,
2507 686 2585 741 vel
2615 701 2740 742 suas
2766 686 2986 743 faceret.

2355 777 2456 832 llas
2469 775 2609 832 Cleri
2641 777 2863 833 Romani
2893 778 3095 835 litteras
3115 779 3255 835 circa
3273 794 3513 835 mensem
3540 777 3753 834 maium
3776 779 3876 833 col
3893 807 3909 819 -

2280 867 2421 923 locat
2448 869 2851 935 'l‘illemontius;
2900 871 2992 925 sed
3034 869 3321 927 verisimile
3363 885 3468 926 non
3516 871 3575 926 ﬁt
3600 870 3906 926 Romanos

2279 958 2347 1014 de
2385 969 2560 1015 morte
2619 959 2805 1024 Fabii,
2834 961 2922 1031 qui
2957 962 3042 1017 die
3087 961 3342 1033 vigesima
3383 962 3611 1032 januarii
3667 973 3894 1033 martyr

2279 1052 2429 1116 obiit,
2457 1061 2563 1107 tam
2595 1067 2717 1108 sero
2739 1053 3064 1126 Cyprianum
3093 1053 3284 1110 fecisse
3317 1054 3623 1110 certiorem.
3655 1054 3897 1109 Etiamsi

2279 1147 2575 1216 persecutio
2603 1145 2904 1203 facultatem
2947 1147 3104 1218 hujus
3133 1148 3211 1204 rei
3243 1147 3623 1220 praeclusisset,
3659 1157 3718 1204 ut
3744 1163 3893 1203 oon-

2273 1238 2390 1309 jicit
2416 1239 2816 1306 Tillemontius,
2852 1241 3072 1296 nimium
3115 1250 3293 1296 tamen
3336 1241 3708 1297 intercedebat
3733 1257 3895 1298 com.

2277 1333 2464 1387 mercii
2495 1332 2876 1390 Romaminter
2897 1342 2948 1388 et
2966 1332 3363 1404 Carthaginem,
3392 1349 3552 1404 quam
3584 1342 3642 1387 ut
3673 1333 3742 1389 de
3777 1342 3890 1388 tam

2278 1423 2470 1493 insigni
2516 1435 2711 1481 eventu
2771 1442 2865 1497 per
2885 1436 3114 1498 quatuor
3133 1442 3344 1484 menses
3371 1447 3390 1480 ι
3426 1428 3890 1485 rumorincertus

2278 1531 2422 1576 esset
2459 1529 2514 1575 ct
2561 1521 2742 1591 opinio
2791 1522 2948 1576 dubia
3001 1531 3244 1586 nutaret,
3292 1542 3310 1576 ι
3358 1531 3420 1578 ιιι
3455 1523 3530 1577 ait
3572 1521 3889 1594 Cyprianus

2281 1612 2381 1684 Ep.
2426 1631 2500 1669 iv.
2534 1615 2737 1672 Deinde
2761 1632 2887 1674 vero
2908 1633 2972 1673 ex
2989 1618 3213 1689 cpistola
3235 1617 3466 1676 Cclerini
3491 1615 3556 1670 ad
3575 1616 3883 1672 Lueianum

2279 1708 2443 1779 (inter
2478 1708 2822 1781 Cyprianieas
2867 1712 2980 1782 ut)
3016 1712 3270 1768 discimus
3313 1713 3593 1784 sexaginta
3639 1714 3892 1785 quinque

2279 1799 2515 1858 fessorcs
2549 1803 2772 1859 Romam
2798 1803 3122 1876 Carthagine
3152 1806 3364 1861 venisse
3399 1806 3552 1875 paulo
3592 1816 3718 1876 post
3749 1806 3890 1862 Pas-

2277 1895 2376 1950 cha
2407 1906 2499 1951 aut
2529 1895 2664 1953 forte
2689 1899 2849 1953 etiam
2871 1907 2995 1956 ante
3021 1898 3248 1967 Pascha,
3281 1900 3422 1972 quod
3446 1900 3549 1956 hoc
3566 1914 3714 1957 anno
3745 1902 3888 1956 inci-

2276 1989 2357 2046 dit
2378 1989 2429 2044 iu
2457 1990 2598 2044 diem
2629 1991 2836 2062 7april.
2877 2008 2942 2048 ex
2982 1993 3133 2064 cyclo
3163 1994 3534 2056 \‘ictorii,aut.
3581 1995 3674 2059 5|,
3720 2006 3886 2050 mart.

2279 2096 2347 2137 ex
2377 2083 2528 2154 ryclo
2551 2083 2852 2156 llyppoliti.
2882 2086 3085 2143 [ndicat
3117 2098 3295 2144 tamen
3309 2089 3498 2146 Clerus
3521 2089 3803 2146 Romanus
3829 2092 3884 2144 in

2280 2174 2477 2230 litteris
2505 2177 2571 2231 de
2623 2178 2817 2248 quibus
2846 2195 2988 2236 nunc
3015 2182 3245 2254 agimus,
3272 2183 3886 2255 nerniuemCarthagine

2280 2269 2492 2324 venisse
2523 2286 2586 2325 ex
2611 2287 2716 2342 quo
2737 2271 2803 2328 de
2823 2257 3036 2330 secessu
3052 2273 3127 2347 Cy
3136 2277 3303 2346 priaui
3321 2277 3518 2332 certior
3534 2278 3647 2333 ﬁeri
3669 2291 3885 2351 posset,

2282 2371 2479 2430 ιιι-ειῖ-ιρι·
2505 2362 2861 2420 Clctucntinm
2878 2366 3284 2423 subdiacontnn.
3305 2369 3467 2424 Multo
3489 2385 3618 2441 ergo
3635 2372 3890 2440 probatu-

2281 2453 2384 2508 lius
2409 2466 2491 2508 est
2523 2453 2659 2511 hanc
2694 2458 2974 2527 epistolam
3003 2475 3192 2516 mense
3219 2462 3413 2516 martio
3439 2461 3657 2516 allatam
3693 2463 3882 2518 fuisse.

2351 2546 2455 2602 Sed
2480 2548 3052 2618 objicit'l‘illemoutins
3073 2552 3398 2626 Cyprianum
3419 2557 3470 2610 in
3505 2555 3752 2627 Epistola
3793 2575 3885 2623 xv,

2279 2654 2438 2709 quam
2467 2651 2652 2696 :L-state
2684 2645 2937 2714 scriptam
2969 2645 3132 2702 fuisse
3161 2657 3396 2710 constat,
3428 2649 3507 2704 sic
3533 2649 3713 2705 dehis
3736 2650 3886 2706 Cleri

2280 2732 2507 2789 Romani
2538 2736 2730 2792 litteris
2752 2737 2918 2809 loqui,
2945 2749 3001 2795 ut
3023 2755 3117 2796 eas
3149 2756 3317 2811 nuper
3343 2743 3536 2798 missas
3562 2758 3688 2800 esse
3717 2744 3883 2801 dicat.

2278 2826 2481 2894 annrit
2509 2827 2704 2885 deinde
2727 2845 2844 2896 cur,
2873 2845 2994 2886 cum
3025 2831 3324 2904 Cyprianus
3350 2835 3432 2889 his
3474 2835 3668 2890 litteris
3701 2839 3886 2896 statim

2281 2923 2639 2992 responderit,
2671 2925 2895 2982 Romani
2925 2935 3031 2983 tam
3061 2943 3186 2984 sero
3207 2931 3616 3000 rescripserint:
3643 2934 3882 2988 nondum

2281 3019 2424 3071 enim
2480 3017 2529 3070 id
2587 3016 2821 3074 fecerant
2853 3035 2972 3075 cum
3005 3021 3300 3094 Epistolam
3353 3041 3424 3080 xv
3467 3025 3733 3082 scriberet
3781 3030 3885 3099 (Ty-

2281 3111 2518 3182 prianus.
2548 3111 2689 3166 Nihil
2718 3115 2906 3182 probat
2936 3114 3086 3181 illud,
3120 3135 3138 3167 ‹
3163 3132 3354 3187 nuper,
3389 3137 3404 3170 ι
3440 3117 3583 3189 quod
3612 3134 3709 3189 pro
3741 3122 3882 3175 varia

2237 3195 2240 3198 ’
2279 3205 2357 3260 rei
2395 3207 2803 3262 consideranda:
2848 3207 3054 3262 ratione
3086 3210 3285 3264 variam
3331 3210 3492 3266 habet
3529 3215 3879 3268 sententiam.

2279 3297 2583 3370 Cyprianus
2628 3300 2678 3356 in
2716 3301 2816 3372 Ep.
2856 3318 2976 3367 va,
3009 3302 3278 3374 quoddam
3319 3314 3728 3360 antecessorum
3755 3321 3884 3360 suo.

2279 3409 2398 3449 rmn
2431 3392 2704 3448 decretum
2732 3393 3050 3465 jampridem
3081 3411 3144 3452 ac
3167 3413 3328 3468 nuper
3349 3395 3550 3453 factum
3584 3413 3708 3453 esse
3729 3399 3880 3454 dicit.

2282 3485 2458 3541 Potuit
2484 3503 2610 3560 ergo
2635 3488 2817 3544 dicere
2844 3506 3005 3560 nuper
3034 3505 3092 3544 se
3127 3491 3398 3562 accepisse
3426 3493 3712 3561 epistolam
3746 3506 3873 3549 ante

2279 3591 2508 3650 quatuor
2537 3595 2750 3636 menses
2787 3592 3081 3652 acceptam,
3113 3597 3236 3637 cum
3278 3585 3572 3654 praesertim
3607 3587 3758 3640 nulla
3787 3588 3880 3640 alia

2283 3687 2376 3741 per
2405 3681 2568 3727 totum
2599 3673 2727 3728 illud
2774 3683 2982 3745 tempus
3024 3676 3248 3744 epistola
3294 3677 3549 3732 \‘t‘lliSSCl.
3595 3677 3795 3735 Facilis
3835 3691 3882 3734 et

2280 3768 2531 3837 expedita
2587 3769 2724 3824 ratio
2765 3777 2848 3824 est
2902 3783 2998 3824 cur
3044 3769 3270 3827 Romani
3324 3771 3560 3826 nondum
3612 3771 3882 3845 Cypriane

2281 3859 2688 3930 respondissent
2713 3861 3045 3933 tuensejulio
3069 3881 3084 3930 ;
3121 3863 3354 3918 nondum
3376 3865 3519 3920 enim
3544 3866 3882 3937 suspiciones

2279 3953 2645 4023 deposuerant
2694 3954 2869 4010 adhuc
2922 3957 3174 4026 patebant
3226 3973 3412 4014 eorum
3457 3973 3616 4013 aures
3685 3959 3882 4031 iniquis

2279 4049 2647 4114 sermonibus,
2678 4058 2736 4104 ut
2762 4049 2945 4105 videre
2964 4059 3044 4104 est
3071 4050 3222 4105 initio
3265 4051 3517 4121 Epistolas
3555 4067 3644 4106 xv.
3677 4052 3880 4120 Quam-

2278 4142 2463 4199 obrem
2525 4159 2629 4196 non
2683 4142 3010 4212 rcSpondere
3079 4153 3411 4207 statuerant;
3491 4145 3616 4200 hinc
3674 4145 3880 4200 litteras

2281 4251 2464 4291 mense
2485 4236 2620 4307 jnlio
2649 4253 2754 4291 non
2780 4237 2877 4306 ipsi
2905 4237 3193 4309 Cypriane,
3217 4237 3311 4291 sed
3338 4238 3455 4306 ejus
3483 4238 3630 4293 clero
3653 4240 3880 4310 inscrip-

2279 4341 2500 4394 serunt;
2548 4331 2790 4400 quamvis
2829 4329 3046 4385 minime
3097 4329 3318 4384 dubium
3367 4330 3437 4385 sit
3481 4327 3610 4401 quin
3653 4331 3878 4402 primam

2277 4423 2529 4496 Cypriani
2557 4424 2837 4494 epistolam
2869 4425 3225 4494 accepissent,
3250 4423 3458 4480 etiamsi
3487 4434 3613 4482 ante
3639 4441 3879 4482 mensem

2281 4519 2479 4573 mainm
2503 4519 2699 4588 scripta
2730 4534 2832 4573 non
2867 4518 3073 4574 fuisset.

2280 4655 2374 4710 lX.
2403 4672 2590 4712 -——'or:
2640 4673 2796 4712 eam
2843 4674 3084 4714 CYPRIANI
3130 4673 3451 4716 uestimenta:
3497 4676 3746 4717 LITTEBIS
3777 4677 3879 4716 ru:-

2351 4765 2652 4806 SI‘ONSIONE.
2681 4782 2751 4791 —
2778 4768 2843 4807 DE
2894 4768 3162 4808 τιιευεοιιι
3195 4769 3435 4809 ιιττειιιε
3451 4769 3876 4810 Ακτεεεευκυιιι

2353 4858 2742 4900 BESPONSIONEM
2789 4861 3024 4901 SCRIPTIS
3073 4861 3141 4901 ΕΤ
3181 4862 3336 4901 ειιιυι.
3384 4861 3490 4901 CUI
3537 4862 3656 4901 ιιωι
3697 4861 3875 4902 BOIIMI

2353 4951 2628 5005 PEBLATIS,
2661 4953 2727 4992 EX
2756 4952 2938 5001 QUIBUS
2965 4953 3171 4994 ιιυιτιιε
3194 4951 3508 4993 θεειυειιιιιιι
3528 4951 3875 4994 OSTENDITITR.

2351 5070 2544 5126 Primis
2574 5072 2762 5127 litteris
2790 5071 2930 5129 Cleri
2967 5074 3191 5131 Romani
3236 5077 3414 5132 statim
3451 5076 3729 5146 reSpondit
3770 5075 3874 5148 Cy-

2281 5164 2519 5233 prianus,
2549 5173 2602 5219 et
2631 5165 2699 5221 de
2731 5168 2970 5236 glorioso
3007 5166 3224 5224 Fabiani
3257 5172 3402 5226 exitu
3434 5172 3733 5242 gratulatus
3758 5185 3833 5226 est
3857 5217 3873 5239 ,

2279 5255 2346 5311 de
2373 5272 2477 5326 quo
2504 5267 2658 5314 antea
2687 5259 3123 5316 rumoriueertus
3150 5273 3287 5317 erat.
3321 5263 3474 5332 Quod
3504 5276 3682 5320 autem
3714 5282 3863 5337 spre-

2282 5350 2448 5403 tatad
2491 5349 2687 5404 alteras
2737 5351 2803 5405 ad
2858 5352 3064 5408 clerum
3109 5351 3587 5426 Carthaginiensem
3627 5358 3872 5428 scriptas,

2278 5457 2392 5497 rem
2427 5441 2716 5510 prudenter
2752 5445 3078 5500 tractandam
3123 5461 3244 5502 esse
3281 5447 3562 5518 judicavit.
3592 5450 3724 5505 Cum
3756 5453 3871 5504 ani-

2279 5536 2653 5592 madvertisset
2685 5538 2734 5592 in
2762 5537 3077 5605 hislitteris,
3117 5559 3135 5591 ι
3173 5542 3414 5610 necquis
3452 5543 3861 5612 scripserit,uec

2278 5628 2344 5684 ad
2375 5644 2509 5700 quos
2538 5631 2792 5701 scriptum
2820 5634 2907 5692 sit,
2939 5631 3305 5702 signiﬁcanter
3333 5649 3648 5703 expressum
3684 5657 3701 5688 ι
3729 5652 3864 5700 esse,

2275 5738 2508 5795 cmnque
2539 5741 2658 5779 eum
2689 5744 2706 5776 ‹
2747 5725 2797 5779 in
2833 5725 3020 5782 iisdem
3067 5727 3260 5782 litteris
3286 5737 3339 5783 et
3384 5728 3646 5798 scriptura
3673 5739 3726 5783 et
3755 5745 3870 5783 seu-

2275 5832 2368 5874 sus
2397 5826 2452 5873 et
2473 5818 2672 5872 chartae
2699 5818 2828 5888 ipsa:
2855 5829 3385 5890 quoquemoverent,
3419 5837 3488 5875 ne
3506 5821 3633 5891 quid
3663 5838 3729 5877 ex
3751 5839 3872 5879 vero

2278 5909 2360 5966 vel
2389 5910 2717 5966 subtractum
2749 5920 2892 5967 esset
2923 5929 2940 5964 ι
2998 5912 3081 5968 vel
3111 5913 3479 5983 immutatum,
3523 5913 3766 5971 eamdem
3807 5917 3867 5972 ad
