4050 6416
168 362 237 423 0*
1353 365 1513 424 γιτΑ
1550 357 1749 422 sxum

1859 361 2168 426 :YPRIANI.
3396 397 3470 456 οε

167 487 286 541 illos
311 485 591 556 epistolam
622 483 984 540 authenticam
1020 504 1038 537 ι
1073 483 1300 548 remisit,
1337 502 1354 536 ι
1388 492 1446 539 ut
1471 492 1757 551 recognos-

164 588 349 636 cerent
386 595 452 633 au
492 579 604 648 ipsa
649 587 794 634 esset
846 592 1006 648 quam
1052 576 1350 633 Clementia
1389 575 1758 647 hypodiacono

162 669 535 742 perferendam
560 688 578 722 ι
599 668 859 726 dederant
887 667 1010 742 (Ep.
1040 666 1137 738 tv).
1161 672 1249 733 At,
1282 668 1371 723 ubi
1405 682 1584 723 veram
1615 663 1758 735 epis-

165 764 325 820 tolam
347 779 468 820 esse
491 764 773 834 comperit,
799 780 906 819 non
944 771 1223 833 expectato
1247 759 1608 816 Rdtuatiorum
1637 773 1756 813 res-

161 872 355 928 pnnso,
377 858 570 913 iterum
586 857 801 927 scripsit
821 856 1077 929 purgandi
1103 856 1182 911 sui
1207 870 1386 922 causa,
1409 865 1463 912 et
1484 854 1754 911 actionum

159 964 379 1006 suarum
406 951 668 1006 rationem
690 947 878 1006 sedato
900 948 1062 1005 corde
1087 947 1364 1019 exposuit,
1396 947 1572 1002 missis
1592 948 1753 1002 etiam

161 1041 228 1097 ad
256 1057 351 1098 eos
379 1041 636 1098 tredecim
661 1040 883 1105 litteris,
914 1055 1033 1111 quae
1063 1038 1131 1093 ab
1154 1039 1272 1108 ipso
1294 1037 1456 1093 variis
1480 1037 1544 1093 de
1571 1037 1751 1102 rebus,

161 1150 227 1193 ex
256 1151 362 1206 quo
383 1143 714 1200 secesserat,
747 1133 981 1204 scriptae,
1011 1133 1209 1187 nullam
1233 1145 1452 1201 prorsus
1482 1132 1756 1203 negligen-

163 1229 248 1284 tiae
290 1229 651 1300 suspicionem
682 1224 1074 1296 relinquebant.
1103 1222 1192 1280 Sic
1216 1233 1394 1278 autem
1427 1222 1523 1278 bas
1550 1224 1756 1280 litteras

159 1334 408 1378 recenset
450 1319 786 1393 Cyprianus:
816 1337 834 1370 ι
871 1318 938 1374 Ει
975 1314 1102 1386 quid
1140 1314 1340 1386 egerim
1366 1356 1382 1382 ,
1425 1332 1444 1366 ι
1481 1314 1650 1385 inquit
1696 1314 1750 1369 in

157 1415 258 1486 Ep.
287 1416 400 1470 xv?
431 1434 450 1468 ι
488 1417 776 1487 loquuntur
806 1415 959 1470 vobis
1007 1411 1250 1486 epistola:
1288 1425 1386 1481 pro
1424 1407 1755 1479 temporibus

157 1507 371 1565 emissa:
414 1521 638 1564 numero
668 1506 923 1562 tredecim
971 1520 1105 1578 quas
1131 1505 1196 1559 ad
1235 1519 1333 1558 vos
1363 1500 1667 1562 transmisi,
1700 1498 1752 1554 in

157 1605 350 1678 quibus
379 1617 481 1660 nec
505 1602 656 1659 clero
675 1599 984 1664 consilium,
1006 1614 1105 1654 nec
1131 1596 1532 1654 confessoribus
1558 1593 1756 1650 exhor-

159 1699 322 1765 tatio,
369 1709 470 1751 nec
515 1693 842 1762 extorribus,
875 1693 1088 1764 quando
1118 1691 1385 1763 oportuit,
1425 1688 1752 1761 obiurgatio,

154 1807 258 1849 nec
284 1791 550 1848 universa:
585 1788 902 1845 fraternitati
929 1787 995 1842 ad
1027 1785 1420 1857 deprecandam
1452 1785 1567 1849 Dei,
1592 1785 1756 1840 mise-

154 1884 447 1940 ricordiam
474 1882 728 1938 allocutio
751 1890 808 1936 et
845 1880 1126 1951 persuasio
1161 1889 1342 1936 nostra
1371 1877 1559 1945 defuit,
1589 1893 1756 1949 quan-

155 1986 269 2034 tum
301 1977 598 2033 secundum
634 1976 804 2048 legem
837 1974 962 2030 fidei
1005 1982 1060 2030 et
1099 1974 1344 2030 timorem
1378 1973 1494 2040 Dei,
1527 1973 1755 2028 Domino

153 2082 498 2146 suggerente,
529 2081 714 2128 nostra
759 2071 1100 2127 mediocritas
1128 2069 1300 2142 potuit
1344 2069 1495 2124 eniti.
1527 2067 1752 2124 Postea-

154 2184 321 2241 quam
349 2182 480 2224 vero
501 2177 554 2223 et
575 2175 836 2222 tormenta
866 2175 1160 2233 venerunt,
1186 2166 1299 2222 sive
1320 2165 1430 2237 jam
1460 2166 1614 2220 tortis
1641 2162 1752 2219 fra-

153 2262 327 2316 tribus
355 2261 573 2326 nostris,
600 2258 717 2315 sive
736 2258 914 2314 adhuc
933 2269 989 2312 ut
1018 2267 1399 2330 torquerentur
1415 2257 1655 2324 inclusis,
1685 2256 1754 2313 ad

151 2354 582 2412 eorroborandos
619 2362 677 2411 et
711 2352 1092 2411 confortandos
1113 2368 1208 2409 eos
1237 2361 1422 2410 uoster
1450 2367 1630 2410 sermo
1655 2367 1752 2424 pe-

153 2449 406 2504 netravit.
455 2449 703 2505 ltem.....
748 2449 954 2505 litteras
1010 2447 1109 2504 feci
1157 2449 1351 2518 quibus
1397 2459 1660 2521 martyres
1703 2456 1754 2504 ct

153 2543 502 2600 confessores
526 2542 752 2599 consilio
782 2557 902 2598 meo
932 2552 1188 2614 quantum
1229 2559 1440 2614 possem
1480 2543 1546 2598 ad
1572 2543 1754 2598 Domi-

154 2639 274 2693 nica
337 2646 600 2708 praecepta
660 2650 989 2692 revocarem.
1039 2635 1169 2691 Item
1198 2635 1525 2706 presbyteris
1549 2645 1604 2690 et
1633 2635 1751 2689 dia-

152 2732 307 2787 eonis
345 2746 452 2786 non
489 2729 658 2787 defuit
704 2729 994 2786 sacerdotii
1033 2730 1304 2800 vigor.....
1349 2729 1498 2786 Plebi
1539 2744 1754 2800 quoque

152 2828 278 2900 ipsi,
313 2841 571 2901 quantum
602 2829 893 2900 potuimus,
927 2829 1163 2883 animmn
1187 2831 1660 2900 composuimus..:
1685 2830 1754 2888 do

153 2925 259 2980 hoc
287 2923 446 2978 etiam
477 2924 558 2980 bis
584 2924 651 2979 ad
679 2923 880 2978 clerum
905 2924 1111 2979 litteras
1130 2923 1248 2990 feci,
1283 2933 1386 2980 etc.
1418 2945 1436 2978 ι
1469 2925 1750 2997 Permagni

151 3025 236 3072 est
269 3016 526 3071 momenti
577 3015 832 3072 tredecim
876 3015 995 3070 illas
1041 3015 1244 3071 litteras
1285 3032 1570 3076 secernere
1613 3019 1753 3075 inter

150 3106 531 3181 Cyprianicas,
569 3124 633 3165 ac
678 3119 856 3165 utrum
898 3122 1090 3168 omnes
1125 3119 1329 3175 extent,
1380 3126 1447 3165 an
1479 3111 1751 3166 nonnulla:

150 3201 411 3274 perierint
432 3201 774 3275 investigare.
806 3200 1015 3256 Nullam
1046 3217 1266 3273 prorsus
1293 3187 1587 3258 desiderari
1610 3203 1748 3274 pati-

153 3309 238 3353 tur
264 3297 622 3366 Pearsonius;
656 3298 774 3363 sed,
803 3307 998 3368 prteter
1045 3297 1334 3366 Epistolam
1388 3297 1628 3368 quintam
1680 3297 1747 3353 ad

151 3389 395 3457 clerum,’
425 3405 619 3446 nonam
671 3389 737 3445 ad
784 3388 1126 3446 confessores
1167 3398 1220 3444 et
1256 3389 1490 3460 quinque
1520 3390 1654 3469 alias
1688 3391 1750 3445 de

150 3481 356 3554 ansis,
409 3499 602 3556 nempe
633 3501 694 3551 x,
759 3501 844 3552 xi,
899 3501 1005 3550 xu,
1055 3501 1183 3552 xm,
1239 3501 1359 3550 xiv,
1421 3500 1539 3555 quae
1569 3483 1748 3540 verbis

149 3576 413 3646 Cypriani
443 3577 601 3632 modo
629 3577 805 3633 citatis
833 3585 1081 3632 accurate
1101 3577 1448 3647 respondent,
1478 3574 1748 3646 Epistolas

149 3687 348 3739 Lxxxt,
413 3689 634 3740 xxxv",
687 3688 880 3739 xxxvi,
951 3687 1076 3738 γιιι,
1136 3687 1245 3738 γιι,
1297 3687 1348 3728 γι
1390 3676 1528 3728 inter
1581 3672 1749 3728 trede-

147 3765 254 3820 cim
285 3766 404 3822 illas
445 3774 690 3822 numerat
733 3782 851 3838 qua:
883 3766 1106 3822 Romam
1135 3767 1312 3823 missa:
1340 3767 1568 3823 fuerunt.
1602 3763 1746 3821 Cou-

151 3868 232 3914 tra
260 3859 637 3916 Tillemontius
689 3869 918 3932 quatuor
945 3861 1212 3932 Epistolas
1249 3878 1314 3918 ex
1347 3862 1450 3918 illis
1489 3861 1744 3918 tredecim

148 3967 270 4023 qua:
297 3951 522 4008 Romam
537 3952 714 4008 missa:
742 3963 888 4022 sunt,
913 3955 1136 4024 periisse
1164 3954 1471 4021 contendit;
1503 3969 1566 4009 ac
1595 3953 1748 4026 Epis-

152 4044 290 4101 tolas
319 4059 430 4112 γιιι,
489 4060 584 4112 γιι,
630 4061 705 4110 γι,
753 4060 919 4100 xxxvi
955 4046 1128 4102 serius
1176 4046 1404 4118 scriptas
1423 4062 1544 4103 esse
1570 4055 1742 4119 putat,

151 4151 350 4207 nempe
391 4135 495 4192 hoc
521 4153 663 4193 anno
711 4137 818 4194 250
867 4147 1115 4194 exeunte.
1151 4137 1403 4206 Quamvis
1427 4139 1650 4196 molesta
1677 4140 1748 4196 sit

149 4227 459 4284 hominibus
483 4228 706 4285 eruditis
734 4229 1080 4300 epistolarum
1108 4228 1357 4302 Cypriani
1379 4231 1586 4302 jactura
1604 4275 1618 4301 ,
1655 4248 1750 4290 co-

149 4336 246 4390 gar
271 4330 445 4378 tamen
471 4335 657 4378 eorum
695 4321 1019 4378 desiderium
1049 4337 1268 4393 augere.
1299 4325 1578 4380 Assentior
1602 4325 1744 4380 enim

151 4414 496 4473 Tillemontio
513 4416 579 4472 de
595 4417 848 4487 Epistolis
865 4434 974 4485 vm,
1001 4434 1093 4483 γιι,
1111 4434 1185 4485 γι,
1215 4434 1396 4484 xxxw;
1429 4429 1484 4474 at
1510 4420 1578 4475 de
1599 4431 1748 4478 octo-

148 4513 349 4585 gesima
373 4513 540 4584 prima
572 4521 626 4568 et
658 4513 926 4585 trigesima
969 4514 1194 4584 septima
1223 4529 1324 4570 nec
1345 4513 1445 4585 ipsi
1467 4530 1564 4570 nec
1586 4515 1748 4572 Pear-

150 4606 305 4662 sonio
325 4604 574 4662 assentiri
594 4620 809 4677 possunt
832 4621 924 4662 eas
952 4605 1051 4661 hoc
1085 4617 1323 4678 tempore
1334 4607 1559 4679 scriptas
1575 4617 1628 4665 et
1649 4609 1747 4665 Ro-

150 4713 292 4753 mam
321 4698 516 4754 missas
543 4698 729 4770 fuisse.
760 4699 943 4771 Itaque
968 4715 1032 4755 ex
1063 4699 1320 4770 Epistolis
1351 4702 1604 4758 tredecim
1636 4703 1746 4759 Ro-

149 4806 292 4847 mam
316 4791 514 4858 missis,
548 4801 751 4864 septem
782 4801 984 4848 tantum
1008 4791 1135 4847 milii
1166 4793 1416 4850 videntur
1438 4810 1740 4866 superesse.

222 4882 354 4938 Illud
404 4883 460 4938 1⁸
524 4893 763 4940 notatum
827 4885 985 4940 velim
1032 4883 1086 4939 in
1139 4887 1451 4943 testimonio
1492 4886 1744 4960 Cypriani

152 4975 293 5046 quod
320 4976 482 5032 modo
505 4976 785 5034 retulimus
811 5017 826 5044 ,
851 4975 1100 5034 undecim
1125 4986 1330 5034 tantum
1361 4979 1617 5050 epistolas
1647 4982 1742 5037 de-

152 5071 372 5143 signari,
407 5074 649 5144 quamvis
672 5072 926 5129 tredecim
948 5072 1126 5128 missa:
1147 5072 1413 5129 dicantur.
1433 5072 1588 5141 Nam,
1621 5089 1744 5131 cum

152 5184 310 5223 unam
327 5167 393 5223 ad
421 5179 685 5240 martyres
715 5180 832 5239 pOSt
860 5178 1145 5233 tormenta,
1175 5177 1230 5224 et
1259 5169 1493 5240 quinque
1518 5169 1652 5224 alias
1675 5169 1744 5226 de

161 5263 324 5334 lapsis
344 5262 572 5334 scriptas
603 5262 918 5319 nominatim
945 5272 1367 5328 commemoret,
1400 5277 1624 5319 necesse
1662 5274 1746 5320 est

151 5367 210 5412 ut
244 5368 447 5429 septem
488 5357 607 5412 alim
644 5356 728 5412 bis
767 5354 944 5410 verbis
985 5354 1540 5422 comprehendantur:
1580 5375 1599 5409 ι
1635 5354 1745 5413 Nec

152 5453 298 5510 clero
331 5451 639 5518 consilium,
683 5464 782 5506 nec
827 5445 1227 5504 confessoribus
1265 5447 1606 5516 exhortatio,
1645 5465 1745 5506 nec

149 5546 462 5603 extorribus
492 5545 707 5616 quando
727 5544 960 5616 oportuit
985 5543 1306 5615 olijurgatio,
1351 5559 1450 5600 nec
1481 5547 1746 5602 universa:

147 5638 471 5696 fraternitati
513 5638 578 5693 ad
602 5637 992 5708 deprecandam
1017 5636 1110 5691 Dei
1153 5635 1580 5692 misericordiam
1610 5637 1746 5693 allo-

149 5735 294 5792 cutio
317 5745 370 5790 et
389 5735 664 5805 persuasio
691 5741 870 5789 nostra
893 5733 1081 5792 defuit.
1104 5753 1123 5787 ι
1149 5733 1208 5788 2⁰
1233 5733 1313 5789 Ex
1341 5733 1424 5788 liis
1446 5743 1590 5804 patet
1611 5748 1743 5790 con-

147 5831 476 5901 jecturarum
495 5844 712 5899 operam
729 5835 785 5884 et
799 5828 976 5884 oleum
1002 5843 1097 5885 eos
1109 5827 1336 5898 perdere
1373 5827 1463 5898 qui
1489 5827 1742 5884 tredecim

152 5924 268 5987 illas
295 5923 501 5986 litteras
529 5924 625 5982 sibi
644 5923 889 5984 videntur
906 5927 1045 5985 inter
1067 5925 1416 6004 Cyprianicas
1440 5926 1739 6002 deprellen-

1871 481 2046 581 disse.—
2064 484 2293 581 Ubinam
2319 489 2462 546 euim
2509 498 2712 564 septem
2744 495 2999 568 epistolas
3039 505 3308 575 reperient
3341 525 3463 581 quae

1873 572 1958 630 his
2005 575 2257 648 Cypriani
2297 582 2472 638 verbis
2522 588 2938 657 respondeant?
2981 595 3069 650 ubi
3104 572 3217 654 illa:
3274 572 3465 659 littera:

1867 682 2000 738 quas
2026 686 2084 726 se
2123 673 2189 727 ad
2228 675 2574 750 presbyteros
2621 689 2677 736 et
2726 681 2982 742 diaconos
3028 707 3045 740 ι
3097 690 3402 763 frequenter
3435 715 3454 749 ι

1867 763 2150 860 scripsisse
2194 777 2418 826 testatur
2453 774 2503 828 in
2559 775 2655 846 Ep.
2690 792 2900 848 xxxv",
2961 790 3018 838 ut
3061 795 3360 860 martyrum
3409 799 3465 847 et

1867 853 2236 914 confessorum
2268 875 2450 918 curam
2494 864 2599 922 illis
2633 872 3079 930 commendaret?
3113 853 3226 934 Una
3258 888 3463 939 tantum

1865 955 2012 1042 extat
2063 960 2189 1006 ante
2260 953 2586 1025 trigesimam
2637 962 2961 1032 septimam,
3008 983 3202 1039 nempe
3254 972 3463 1042 quinta.

1864 1037 2073 1138 Nullam
2123 1059 2344 1115 prorsus
2373 1049 2634 1108 habemus
2663 1058 2969 1115 extorribus
2995 1037 3250 1134 scriptam
3273 1037 3465 1138 objur-

1864 1135 2022 1204 gandi
2068 1152 2232 1195 causa
2257 1183 2272 1209 ,
2304 1144 2513 1200 nullam
2548 1165 2566 1197 ι
2606 1149 2868 1207 universae
2912 1152 3232 1213 fraternitati
3271 1135 3468 1218 ad'dc-

1866 1230 2188 1296 precandam
2213 1233 2304 1290 Dei
2334 1238 2781 1300 misericordiam.
2814 1264 2834 1299 ι
2861 1246 2966 1304 Sed
2994 1251 3108 1308 haec
3123 1257 3466 1325 expressiora

1864 1329 1918 1374 et
1943 1321 2181 1390 planiora
2224 1325 2354 1382 ﬁent
2392 1345 2461 1385 ex
2508 1330 2593 1388 liis
2640 1351 2760 1406 quze
2807 1337 2874 1396 de
2902 1339 3159 1412 Epistolis
3196 1321 3326 1417 Ὶγιιι,
3361 1364 3461 1415 vn,

1863 1429 1933 1517 vi,
1967 1432 2151 1517 xxxvi,
2175 1419 2400 1478 dicenda
2448 1437 2612 1495 sunt;
2656 1445 2776 1486 nam
2819 1432 2889 1490 de
2935 1437 3205 1508 trigesima
3235 1444 3464 1516 septima

1862 1511 1916 1561 in
1969 1511 2143 1607 capite
2199 1517 2445 1585 sequenti
2495 1534 2734 1591 agemus,
2790 1526 2858 1584 de
2909 1534 3233 1603 octogesima
3293 1511 3463 1607 rima

1861 1613 1982 1696 cum
2009 1602 2076 1657 ad
2111 1609 2540 1674 persecutionem
2584 1614 2720 1673 Galli
2748 1630 2801 1676 et
2828 1602 3101 1682 Volusiani
3129 1602 3460 1696 venerimus.

1937 1694 2166 1796 Dubium
2207 1715 2328 1758 esse
2367 1720 2475 1761 non
2511 1715 2836 1784 potestquin
2865 1717 2948 1773 liae
2973 1732 3202 1791 quatuor
3221 1694 3463 1796 epistolze

1863 1791 2077 1862 scriptae
2103 1794 2321 1868 fuerint,
2371 1811 2428 1885 ut
2475 1805 2723 1864 observat
2756 1809 3158 1888 Tillemontius,
3185 1791 3306 1876 eum
3333 1839 3462 1894 spes

1861 1890 2350 1989 appropinquantis
2373 1898 2520 1968 pacis
2549 1899 2872 1974 Cyprianum
2907 1923 3224 1970 recreasset.
3254 1916 3311 1971 ιιι
3339 1890 3463 1989 sep-

1864 1981 1988 2038 tima
2039 1981 2283 2045 hortator
2322 1991 2662 2053 eonfessores
2704 2009 2762 2055 ut
2800 2003 2974 2076 magis
3000 2020 3064 2062 ac
3095 2010 3263 2081 magis
3300 1981 3462 2081 profi-

1860 2076 2002 2132 ciant
2035 2078 2085 2134 in
2119 2081 2380 2152 Domino;
2417 2104 2437 2138 ι
2477 2099 2532 2144 ιιι
2560 2105 2685 2147 cum
2720 2109 2816 2165 pro
2839 2110 2934 2152 sua
2969 2076 3339 2159 misericordia
3369 2119 3463 2176 pa-

1860 2182 1976 2224 cem
2007 2169 2219 2240 fecerit,
2243 2191 2402 2247 quam
2431 2195 2490 2236 se
2517 2181 2780 2242 facturum
2811 2193 3154 2262 repromittit,
3193 2213 3212 2248 ι
3258 2169 3385 2253 novi
3408 2207 3464 2254 et

1861 2275 1997 2332 pene
2019 2266 2208 2321 mutati
2243 2267 2311 2324 ad
2336 2269 2636 2330 Ecclesium
2668 2289 3032 2340 revertantur.
3060 2284 3117 2340 In
3148 2298 3334 2345 octava
3363 2305 3460 2346 au-

1859 2354 2060 2413 divisse
2103 2374 2163 2415 se
2202 2371 2384 2418 narrat
2425 2366 2477 2420 in
2523 2368 2732 2426 visione
2771 2372 3023 2432 divinitus
3055 2379 3279 2436 oblata:
3313 2401 3332 2434 ι
3370 2385 3463 2442 Dic

1860 2445 1936 2544 illi
1980 2463 2204 2544 securus
2229 2454 2319 2522 sit,
2343 2457 2467 2527 quia
2512 2474 2613 2528 pax
2637 2473 2857 2521 ventura
2887 2463 3000 2534 est;
3031 2471 3126 2526 sed
3155 2475 3296 2544 quod
3327 2469 3464 2532 intc-~

1860 2539 1960 2594 rim
1989 2543 2196 2637 merula
2225 2556 2344 2614 est,
2381 2561 2674 2620 supersunt
2712 2556 2887 2612 adhuc
2916 2560 3078 2631 aliqui
3110 2539 3198 2635 qui
3231 2568 3462 2637 proben-

1862 2637 1966 2684 tur.
2000 2650 2020 2684 ι
2046 2630 2105 2688 In
2144 2650 2295 2691 sena
2332 2647 2512 2695 autem
2555 2653 2609 2698 et
2648 2644 2919 2716 trigesima
2951 2630 3099 2707 sexta
3128 2630 3365 2714 liae-una
3403 2677 3462 2718 re

1859 2723 2088 2779 reditum
2119 2741 2277 2785 suum
2313 2729 2642 2805 interpellari
2684 2748 2939 2810 testatur,
2973 2749 3116 2818 quod
3156 2761 3360 2809 metuat
3387 2772 3457 2814 ne

1859 2828 2046 2913 auctor
2069 2821 2138 2876 sit
2166 2828 2476 2896 rumpenda:
2502 2832 2670 2900 pacis.
2700 2835 2805 2893 Sed
2832 2837 3173 2913 Pearsonius,
3197 2856 3253 2903 ut
3278 2865 3336 2906 se
3361 2850 3462 2911 hac

1862 2910 2177 2971 difficultate
2203 2919 2467 2990 exsolvat,
2501 2927 2932 2988 comminiscitur
2959 2951 2972 2989 :
2999 2955 3017 2987 ‹
3047 2910 3456 3015 Proconsulem,

1857 3005 1998 3105 circa
2026 3010 2129 3066 lioc
2155 3021 2385 3085 tempus,
2416 3029 2710 3092 martyrum
2735 3028 2996 3097 sanguine
3015 3033 3288 3105 satiatum,
3325 3005 3460 3096 Car;

1860 3099 2127 3202 tliaginem
2156 3106 2470 3178 reliquisse,
2521 3122 2576 3168 et
2613 3114 2680 3170 ab
2711 3117 2813 3174 hoc
2840 3120 2981 3178 illius
3010 3125 3252 3184 discessu
3273 3099 3458 3202 perse-

1856 3191 2128 3252 cutionem
2159 3199 2327 3256 multo
2359 3201 2543 3259 mitius
2575 3207 2628 3260 in
2673 3208 2787 3265 dies
2817 3227 2916 3282 per
2953 3191 3295 3287 magistratus
3317 3224 3455 3280 Car-

1857 3287 2071 3357 thagine
2128 3290 2421 3347 exercitam
2481 3293 2681 3364 fuisse;
2730 3314 2853 3356 nam
2900 3315 3020 3374 post
3050 3307 3167 3365 ba-c
3217 3322 3459 3385 tempora

1855 3391 1912 3438 ut
1939 3380 2008 3438 de
2038 3386 2385 3453 proconsule,
2415 3390 2486 3443 ita
2531 3391 2600 3447 de
2635 3397 2918 3452 tormentis
2957 3409 3050 3454 aut
3093 3380 3374 3462 vexatione
3403 3409 3456 3466 iu

1853 3493 2075 3536 carcere
2117 3480 2318 3536 nullam
2375 3483 2710 3540 mentionem
2765 3487 2899 3545 ﬁeri.
2940 3510 2960 3543 ι
3005 3491 3113 3550 Sed
3160 3501 3454 3559 notandum

1856 3573 1984 3628 l°in
2013 3574 2254 3645 epistolis
2301 3591 2436 3646 quas
2476 3576 2702 3635 Romam
2749 3581 2943 3639 missas
2992 3584 3156 3644 fuisse
3203 3603 3454 3663 constat,

1853 3680 2094 3737 quasque
2118 3665 2441 3725 Pearsonius
2481 3682 2602 3740 post
2640 3672 2760 3728 illas
2784 3684 3012 3744 quatuor
3037 3678 3309 3751 collocat,
3345 3685 3459 3740 nul~

1855 3761 1963 3816 lum
1994 3761 2216 3819 omnino
2244 3763 2389 3834 pacis
2415 3767 2893 3839 appropinquantis
2940 3781 3124 3831 extare
3147 3779 3454 3848 vestigium.

1860 3872 1878 3905 ι
1914 3855 2074 3911 Acies
2103 3854 2280 3912 adhuc
2307 3858 2548 3928 geritur,
2589 3878 2608 3911 ι
2659 3860 2831 3933 inquit
2864 3861 3166 3936 Cyprianus
3197 3871 3248 3926 in
3277 3871 3452 3944 Epist.

1852 3962 1963 4015 xiv,
1989 3966 2008 3999 ι
2066 3957 2120 4005 et
2163 3963 2302 4022 agon
2342 3953 2584 4023 quotidie
2615 3955 2935 4014 celebratur.
2977 3979 2996 4013 ι
3026 3959 3084 4016 1η
3117 3961 3289 4035 Epist.
3324 3983 3451 4036 xxv,

1852 4043 1922 4099 ad
1947 4043 2163 4117 Moysen
2201 4055 2246 4100 et
2274 4046 2404 4103 alios
2421 4053 2734 4121 confessam
2786 4051 3068 4125 Romanos,
3109 4073 3269 4130 quam
3299 4060 3457 4118 Pear-

1852 4137 2039 4194 sonius
2062 4155 2250 4197 mense
2271 4152 2497 4212 augusto
2539 4145 2757 4202 ineunte
2781 4147 3036 4219 scriptam
3069 4161 3238 4222 putat,
3274 4155 3351 4211 sic
3373 4155 3453 4212 le-

1852 4231 1995 4301 gitur
2023 4230 2074 4286 in
2106 4232 2340 4290 editione
2367 4233 2658 4292 Oxoniensi
2685 4254 2698 4293 ;
2728 4257 2748 4290 ι
2782 4237 3058 4312 Contingit
3102 4243 3188 4300 hic
3213 4261 3308 4317 per
3335 4257 3450 4304 tor-

1853 4331 2033 4377 menta
2078 4327 2331 4397 martyria
2375 4326 2659 4384 celebrari.
2697 4348 2716 4384 ι
2749 4330 2804 4386 In
2841 4331 3088 4404 Epistola
3135 4336 3355 4395 Luciani
3382 4341 3453 4396 ad

1854 4416 2162 4487 Celel‘inum,
2193 4435 2313 4490 qua:
2339 4421 2541 4492 scripta
2578 4432 2661 4480 est
2689 4436 2811 4496 post
2855 4444 3098 4486 mensem
3136 4433 3357 4504 maium,
3388 4451 3452 4494 ac

1853 4518 2040 4566 aestate
2069 4511 2180 4581 jam
2218 4512 2486 4585 incoepta,
2517 4519 2747 4589 perspici
2793 4531 2972 4592 potest
3015 4526 3143 4596 quid
3187 4537 3451 4602 martyres

1852 4612 1979 4658 ante
2001 4617 2198 4673 paucos
2232 4604 2347 4662 dies
2395 4609 2536 4679 passi
2582 4611 2808 4668 fuissent
2861 4634 2878 4668 ι
2922 4631 3041 4672 cum
3070 4618 3210 4676 fame
3235 4629 3289 4676 et
3323 4622 3446 4692 siti,

1854 4697 1946 4753 sed
1969 4704 2019 4752 et
2051 4696 2186 4766 ignis
2219 4713 2418 4768 vapore
2447 4721 2466 4752 ι
2494 4706 2884 4761 cruciarentur.
2927 4709 3008 4763 Ac
3053 4713 3347 4779 generatim
3395 4715 3448 4770 iu

1852 4789 2101 4844 omnibus
2123 4789 2226 4846 illis
2250 4791 2488 4860 epistolis
2531 4809 2648 4862 qua:
2677 4793 2746 4851 de
2771 4796 2934 4868 lapsis
2959 4797 3268 4871 loquuntur,
3298 4804 3446 4860 nulla

1853 4881 2004 4952 pacis
2030 4883 2228 4938 mentio
2259 4897 2364 4938 non
2413 4883 2579 4941 modo
2630 4885 2741 4957 jam
2783 4904 3089 4958 concessae,
3138 4903 3195 4949 ut
3237 4895 3450 4951 videtur

1852 4974 2163 5046 Pearsonio,
2190 4977 2282 5034 sed
2308 4993 2374 5033 ne
2399 4979 2878 5052 appropinquantis
2892 4983 3128 5055 quidem.
3151 4985 3447 5057 Lapsorum

1852 5093 2068 5134 causam
2099 5077 2149 5130 in
2179 5073 2409 5131 reditum
2439 5087 2594 5129 suum
2635 5074 2898 5148 integram
2930 5078 3130 5133 servari
3167 5079 3320 5146 jubet
3344 5079 3448 5151 Cy-

1857 5171 2094 5242 prianus,
2127 5181 2190 5222 ac
2237 5181 2463 5223 necesse
2513 5181 2632 5224 esse
2688 5168 2876 5224 statuit
2909 5180 2964 5224 ut
2994 5169 3230 5226 Ecclesia
3262 5186 3448 5241 pacem

1857 5265 2084 5336 accipiat
2107 5279 2134 5317 a
2166 5261 2395 5320 Domino
2444 5273 2729 5334 antequam
2759 5263 2920 5336 lapsis
2947 5280 3130 5336 pacem
3159 5267 3445 5324 concedat.

1853 5363 1923 5417 At
1953 5375 2212 5430 nusquam
2235 5361 2435 5418 indicat
2455 5376 2516 5417 se
2537 5360 2603 5417 de
2627 5363 3016 5432 persecutionis
3059 5366 3164 5420 line
3193 5365 3449 5425 divinitus

1853 5457 2194 5527 cognovisse,
2227 5457 2470 5528 quamvis
2499 5472 2561 5513 ea
2591 5471 2679 5515 res
2706 5457 2943 5512 maxima
2975 5459 3215 5529 apposita
3257 5461 3448 5521 fuisset

1853 5548 1918 5604 ad
1941 5548 2230 5619 placandos
2261 5548 2530 5619 lapsorum
2551 5549 2784 5618 animos,
2803 5548 2970 5620 quise
2993 5551 3043 5604 in
3075 5550 3290 5622 longum
3311 5565 3451 5611 tem-

1852 5658 1952 5715 pus
2005 5640 2204 5698 differri
2253 5640 2479 5696 moleste
2530 5639 2792 5696 ferebant.
2851 5639 2910 5694 2°
2938 5640 3019 5696 Ex
3072 5643 3293 5714 epistola
3355 5662 3447 5705 γιιι

1853 5738 2172 5810 perspicitur
2216 5735 2640 5808 persecutionem
2669 5735 2760 5790 diu
2805 5737 3093 5795 sreviisse:
3137 5755 3156 5790 ι
3199 5739 3351 5808 Quod
3399 5740 3446 5797 si

1852 5835 1960 5890 duo
2000 5832 2282 5889 unanimes
2333 5839 2536 5886 tantum
2586 5837 2857 5899 possunt,
2929 5831 3100 5903 inquit
3143 5873 3160 5899 ,
3219 5832 3444 5904 quid..si

1856 5927 2176 5988 unanimitas
2220 5923 2359 5998 apud
2395 5936 2584 5982 omnes
2621 5923 2807 5982 esset?
2851 5920 3001 5994 Quod
3049 5925 3116 5997 si,
3148 5925 3441 5990 secundum
