4050 6406
611 335 688 400 99
1798 333 1960 392 VITA
2003 330 2247 392 SANCTI
2284 329 2632 393 CYPRIANI.

611 470 796 528 pacem
841 468 1000 526 quam
1031 451 1184 510 nobis
1216 452 1473 514 Dominus
1497 456 1670 521 dedit,
1709 453 1973 509 universis
2022 451 2196 507 fratri-

611 549 709 604 bus
755 549 1100 614 conveniret,
1143 547 1464 622 jampridem
1505 551 1576 607 de
1612 551 1787 606 divina
1838 550 2203 605 misericordia

610 643 1050 713 impetrassemus
1080 660 1150 715 qu
1167 645 1233 698 ud
1275 645 1524 716 petimus,
1552 660 1649 698 nec
1681 643 1881 698 Iamdiu
1915 645 1964 696 iu
1992 643 2093 697 huc
2116 656 2199 696 sa-

609 735 734 792 lutis
757 748 812 794 et
836 738 957 793 ﬁdei
987 747 1185 794 nostrae
1215 739 1450 808 periculo
1476 737 1876 794 ﬂuctuaremus.
1912 758 1929 789 ›
1962 736 2080 790 Νοιι
2114 754 2207 806 pu-

611 833 709 887 tuit
733 849 865 904 ergo
887 833 1000 888 haec
1022 833 1246 903 epistola
1277 832 1440 888 scribi
1461 847 1646 887 mense
1671 831 1822 899 aprili
1845 834 1969 884 anni
1995 831 2121 886 250.
2148 828 2206 883 In

608 926 794 980 eadem
837 926 1058 996 epistola
1087 927 1202 982 haec
1224 927 1471 998 leguntur
1496 944 1507 979 :
1531 945 1548 978 ι
1581 925 1816 994 Denique
1835 923 1898 977 ad
1927 924 2202 977 minimum

609 1018 864 1074 faiuulum
892 1034 1048 1075 suum
1073 1030 1127 1076 et
1169 1021 1222 1074 in
1252 1019 1476 1075 delectis
1508 1019 1630 1073 licet
1672 1018 1916 1087 plurimis
1946 1016 2207 1071 constitu-

608 1121 741 1177 tum,
772 1122 827 1167 et
849 1113 1160 1185 dignatione
1189 1113 1308 1182 ejus
1330 1113 1630 1183 indignum,
1663 1118 1840 1164 tamen
1871 1111 1959 1164 illc
1984 1124 2080 1180 pro
2109 1125 2204 1164 sua

605 1206 749 1260 circa
787 1220 884 1260 nos
934 1205 1177 1261 bonitate
1207 1203 1462 1259 mandare
1502 1204 1748 1274 dignatus
1781 1211 1903 1257 cst:
1937 1201 2022 1255 die
2080 1201 2152 1255 illi
2186 1243 2200 1265 ,

605 1295 777 1366 inquit
806 1335 823 1362 ,
864 1311 1088 1353 securus
1116 1297 1223 1364 sit,
1255 1296 1378 1366 quia
1409 1310 1509 1365 pax
1541 1302 1764 1348 ventura
1791 1304 1908 1347 cst:
1944 1293 2038 1347 sed
2061 1290 2204 1362 quod

605 1387 820 1444 interim
862 1389 1068 1445 merula
1097 1397 1201 1456 est,
1228 1396 1520 1458 supersunt
1543 1386 1720 1440 adhuc
1757 1385 1918 1455 aliqui
1954 1384 2045 1455 qui
2079 1401 2202 1454 pro.

605 1479 816 1536 uenitur.
855 1501 875 1534 ι
907 1481 962 1536 Si
992 1481 1108 1536 haec
1128 1481 1347 1550 scripsit
1378 1479 1875 1552 Cyprianusmcnse
1899 1478 2052 1547 aprili
2079 1478 2204 1532 anni

603 1574 733 1638 “2‘50,
759 1590 858 1630 cur
880 1574 1055 1630 adlmc
1082 1590 1280 1629 annum
1331 1572 1383 1627 in
1419 1589 1634 1629 secessu
1681 1572 1836 1626 latuit
1863 1572 1932 1624 ob
1956 1586 2207 1642 persecu-

603 1668 828 1724 tionem?
845 1685 941 1725 cur
958 1673 1009 1725 in
1024 1669 1266 1740 Epistula
1285 1685 1480 1733 χχχιιι,
1509 1684 1667 1739 quam
1688 1682 1829 1721 anno
1848 1667 1957 1721 9.30
1973 1677 2202 1722 exeunte

600 1762 854 1832 scriptam
885 1778 1004 1820 esse
1031 1770 1263 1828 constat,
1291 1762 1568 1817 Aurelium
1601 1763 1673 1816 ait
1714 1762 2049 1831 auspicatum
2079 1775 2203 1817 esse

615 1875 631 1908 ι
684 1871 869 1925 pacem
916 1855 1042 1911 dum
1090 1855 1304 1912 dedicat
1338 1855 1657 1911 lectionem?
1695 1874 1713 1908 ι
1757 1855 1812 1911 3°
1846 1855 2079 1924 Epistula
2114 1870 2206 1910 vm

611 1949 866 2020 inscripta
895 1959 972 2005 est
1007 1949 1314 2020 presbyteris
1337 1958 1381 2003 et
1407 1949 1727 2011 diaconibus,
1759 1964 1985 2020 eamque
2006 1949 2063 2004 S.
2093 1952 2205 2004 Αιισ

606 2043 854 2112 gustinus
883 2042 998 2114 (lib.
1035 2059 1086 2098 tv
1133 2043 1196 2096 de
1220 2041 1402 2111 Bapt.,
1427 2058 1475 2096 c.
1500 2041 1581 2111 ἓ),
1614 2041 1678 2096 ad
1719 2042 1924 2098 elerum
1950 2042 2206 2112 scriptam

601 2135 770 2192 fuisse
812 2145 1058 2192 testatur.
1102 2136 1236 2191 Eam
1297 2144 1475 2191 tamen
1516 2135 1835 2190 Pearsonius
1876 2135 2206 2205 respondere

604 2237 753 2297 putat
781 2228 866 2284 his
882 2229 1133 2300 Cypriani
1157 2230 1373 2285 verbis:
1413 2249 1432 2283 ι
1460 2229 1568 2284 Nec
1591 2229 1856 2284 universa:
1885 2227 2205 2284 fraternitati

601 2320 668 2374 ad
695 2320 1090 2392 deprecandam
1134 2322 1224 2378 Dei
1265 2323 1688 2378 misericordiam
1716 2321 1971 2378 allocutio
1996 2330 2052 2377 et
2080 2337 2206 2391 per-

600 2417 782 2474 suasio
811 2427 990 2474 uostra
1022 2417 1210 2473 defuit.
1238 2439 1257 2471 ι
1296 2418 1499 2474 Deinde
1534 2433 1662 2473 vero
1687 2419 1911 2489 epistola
1939 2437 1958 2470 ι
1998 2419 2199 2472 univer-

598 2524 670 2564 sa:
711 2511 1021 2580 fraternitati
1059 2531 1078 2564 ι
1109 2500 1306 2582 scripta
1340 2509 1440 2566 fuit
1480 2522 1606 2567 ante
1634 2521 1934 2577 tormenta,
1964 2520 2022 2566 ut
2059 2519 2204 2581 patet

597 2620 661 2658 ex
694 2605 866 2674 Epist.
900 2621 1008 2670 xv;
1038 2615 1094 2661 at
1133 2605 1246 2675 jam
1291 2612 1558 2662 tormenta
1607 2605 1803 2661 inﬂicta
1873 2603 2202 2660 confessori-

600 2699 699 2752 bus
729 2697 894 2754 fuisse
937 2709 1164 2754 testatur
1208 2699 1517 2772 Cyprianus
1562 2701 1616 2756 in
1653 2701 1846 2756 eadem
1879 2699 2050 2770 Epist.
2083 2716 2200 2755 vui.

600 2790 744 2846 idem
801 2791 1084 2847 dicendum
1132 2792 1200 2848 de
1238 2793 1473 2863 Epistula
1507 2810 1610 2860 vn,
1654 2795 1706 2848 in
1758 2809 1860 2864 qua
1903 2793 2204 2866 Cyprianus

599 2889 942 2944 Confessores
971 2888 1212 2958 pluribus
1238 2889 1481 2942 hortatur
1511 2901 1567 2942 ιιι
1594 2886 1949 2944 confessionis
1977 2888 2201 2958 gloriam

600 2979 853 3038 laudabili
884 2980 989 3034 vita
1009 2991 1278 3046 tueantur,
1305 2995 1602 3050 eorumque
1630 2982 1755 3035 vitia
1788 2995 1890 3036 non
1918 2995 2082 3051 pauca
2112 2995 2201 3034 re-

603 3074 887 3144 prehendit
928 3074 980 3128 in
1002 3073 1254 3144 hisquod
1276 3075 1517 3129 nonnulli
1535 3075 1845 3129 extorresin
1872 3077 2094 3144 patriam
2117 3074 2201 3127 in-

595 3166 731 3236 jussi
780 3166 1086 3224 rediissem.
1120 3167 1248 3236 lude
1312 3182 1496 3222 ansam
1540 3165 1727 3236 arripit
1775 3165 2096 3220 Pearsunius
2147 3175 2201 3220 ut

601 3261 792 3332 probet
833 3261 1157 3334 Cyprianum
1205 3261 1273 3317 de
1329 3261 1428 3316 hac
1465 3261 1701 3332 Epistula
1761 3275 1829 3316 vn
1873 3261 2014 3329 loqui
2078 3275 2199 3315 cum

601 3354 1027 3428 obiurgationem
1077 3356 1380 3411 extorribns
1421 3370 1526 3410 non
1571 3354 1806 3411 defuisse
1842 3354 1991 3409 dicit.
2040 3357 2104 3409 At
2157 3354 2200 3408 si

601 3447 742 3504 hanc
768 3450 1048 3520 epistolam
1091 3459 1572 3506 commemorasset
1601 3447 1898 3521 Cyprianus
1927 3449 1977 3503 in
2007 3449 2202 3504 litteris

599 3540 665 3598 ad
692 3541 908 3599 Clerqu
952 3543 1273 3610 Romanum,
1308 3559 1412 3598 non
1455 3543 1600 3598 illam
1647 3558 1714 3598 ex
1764 3558 1870 3598 uno
1903 3554 1994 3597 aut
2031 3543 2200 3598 altero

599 3635 785 3702 verbo,
818 3637 959 3706 Quod
989 3637 1153 3692 veluti
1179 3638 1446 3693 transiens
1467 3637 1622 3705 dixit,
1653 3637 1747 3692 sed
1776 3651 1838 3692 ex
1866 3637 2029 3691 totius
2059 3637 2201 3706 epis-

601 3730 725 3785 tolae
755 3731 980 3785 consilio
1001 3741 1055 3787 et
1083 3732 1360 3801 proposito
1388 3731 1739 3802 designasset.
1777 3731 1855 3785 Ex
1888 3733 1984 3784 hac
2020 3741 2198 3785 autem

602 3820 874 3876 Pearsonii
913 3823 1170 3890 Opinione
1226 3835 1434 3877 summa
1486 3823 1693 3878 ordinis
1742 3823 2075 3892 perturbatio
2117 3821 2201 3876 iu-

598 3915 756 3970 ducta
775 3926 856 3970 est
887 3915 939 3972 in
971 3916 1242 3987 Epistolas
1267 3916 1541 3990 Cypriani.
1585 3918 1642 3972 ln
1689 3918 1926 3989 Epistula
1972 3934 2046 3973 vtt
2081 3919 2198 3974 edi-

599 4008 760 4064 ti0nis
804 4007 1148 4073 Oxoniensis,
1195 4025 1315 4079 quae
1369 4019 1454 4066 est
1501 4026 1673 4066 xxva
1709 4011 1848 4082 apud
1883 4011 2195 4081 Pamelium,

598 4101 786 4156 metuit
809 4102 1107 4172 Cyprianus
1136 4117 1228 4167 ne,
1261 4102 1304 4156 si
1330 4102 1532 4169 redeat,
1558 4121 1576 4154 ι
1602 4115 1788 4158 auctor
1804 4105 1871 4158 sit
1888 4105 2199 4174 rumpenda:

600 4194 781 4263 pacis;
816 4213 837 4246 ι
883 4197 933 4250 in
965 4196 1202 4266 Epistula
1237 4207 1414 4251 autem
1463 4212 1519 4250 XI
1561 4197 1698 4252 edit.
1731 4197 1932 4266 Oxon.,
1967 4215 2086 4268 qua:
2113 4208 2198 4255 est

598 4303 687 4343 \‘ltl
717 4288 890 4355 Pam.,
921 4299 1186 4345 tormenta
1204 4289 1604 4346 confessuribus
1635 4305 1824 4346 recens
1849 4293 2046 4346 inﬂicta
2071 4308 2186 4347 me-

600 4384 795 4438 morari
822 4373 1463 4442 existimat-Pearsouius.
1516 4385 1572 4440 lu
1631 4384 1884 4454 Epistolis
1915 4403 2010 4441 xm
2036 4396 2089 4442 ct
2109 4403 2198 4441 xtv

598 4477 795 4542 Oxon.,
827 4494 946 4548 qua:
971 4486 1099 4534 sunt
1123 4495 1195 4534 vn
1220 4489 1273 4536 et
1293 4495 1343 4534 γι
1372 4479 1545 4545 Pam.,
1579 4489 1842 4552 martyres
1867 4482 1976 4552 jam
2023 4497 2054 4538 e
2074 4498 2193 4538 car-

597 4585 720 4625 cere
741 4570 944 4626 solutos
973 4586 1095 4628 esse
1126 4575 1468 4643 perapicitur.
1493 4575 1562 4628 At
1592 4574 1642 4627 iu
1686 4573 1861 4644 Epist.
1895 4591 1965 4630 xv
1994 4576 2192 4647 Oxon.,

601 4681 657 4719 ιιι
687 4664 866 4733 Pam.,
893 4665 1070 4722 adhuc
1096 4667 1282 4724 inclusi
1313 4683 1530 4724 eareere
1571 4679 1841 4725 tenentur.

599 4796 752 4854 X.——
777 4815 913 4856 0RDO
942 4818 1311 4858 EPISTOLARUM
1347 4819 1586 4860 CYPRIANI
1615 4821 1754 4861 ANTE
1787 4821 2021 4862 DECIMAM
2043 4823 2196 4872 QUIN-

668 4911 777 4949 ΤᾹΜ
818 4913 885 4951 AD
913 4912 1154 4954 ROMANOS
1185 4913 1479 4967 SCRIPTAM;
1517 4916 1580 4955 AC
1625 4916 1781 4959 PRIMO
1808 4920 1874 4958 DE
1903 4920 2096 4969 QUINTA
2127 4923 2194 4964 ΕΤ

670 5004 1238 5046 NONA.—-REFERENDA
1265 5008 1502 5049 ADALIUD
1541 5011 1747 5053 TEMPUS
1767 5015 2044 5055 TRICESIMA
2075 5015 2193 5056 SEP-

667 5097 820 5138 ΊΊΜΛ.

669 5217 972 5275 Eliminatis
991 5219 1095 5276 illis
1120 5221 1364 5292 epistolis
1390 5237 1459 5278 ex
1493 5223 1612 5280 loco
1634 5240 1741 5281 non
1765 5241 1884 5292 suo,
1906 5227 2017 5298 jam
2044 5229 2193 5284 solu-

599 5311 701 5366 tior
727 5313 831 5366 erit
855 5321 910 5368 et
933 5314 1250 5383 explicatior
1277 5325 1598 5372 camerarum
1623 5318 1756 5373 ordo
1782 5359 1796 5382 ,
1829 5328 1936 5374 tum
1983 5319 2194 5377 illarum

596 5419 718 5476 qua:
746 5405 970 5463 Romam
1003 5408 1184 5463 missae
1205 5407 1440 5476 luerunt,
1461 5418 1570 5465 tum
1594 5425 1729 5480 quas
1759 5421 1946 5481 postea
1974 5411 2193 5483 Cypria-

598 5513 698 5552 nus
726 5498 1126 5569 ingravescente
1149 5501 1422 5572 lapsorum
1463 5503 1690 5559 tumultu
1712 5545 1728 5572 ,
1758 5513 1871 5560 tum
1899 5521 2059 5576 quas,
2095 5522 2195 5576 spe

599 5590 743 5660 pacis
763 5589 943 5646 divino
979 5595 1180 5649 monitu
1204 5602 1464 5662 .osteusa,
1504 5597 1720 5666 scripsit
1759 5597 1860 5653 hoc
1911 5614 2052 5654 anno
2087 5599 2196 5658 “250

597 5693 847 5740 exeunte.
882 5686 1058 5742 Prima
1084 5690 1326 5744 omnium
1369 5689 1422 5744 in
1450 5705 1668 5746 secessu
1721 5695 2042 5762 scriptarum
2074 5697 2194 5750 cxi-

595 5780 844 5835 stimatur
871 5796 932 5836 ea
964 5798 1082 5851 qua:
1111 5783 1253 5852 apud
1283 5785 1574 5838 l’amelium
1609 5798 1656 5839 ei
1695 5786 1745 5838 in
1791 5787 2026 5841 editione
2049 5787 2192 5841 Oxo.

600 5872 774 5934 t—iicnsi
799 5872 1046 5946 quintum
1089 5874 1267 5932 locum
1293 5878 1532 5936 sortitur.
1576 5877 1887 5951 Respondet
1921 5882 2064 5938 enim
2108 5881 2191 5942 his

2326 453 2502 509 verbis
2531 451 2783 524 Epistulae
2809 467 2917 509 xv:
2953 469 2974 506 ι
3008 451 3116 509 Nec
3154 451 3302 509 clero
3344 452 3632 509 consilium
3665 451 3882 509 defuit.
3925 471 3947 506 ι

2320 545 2622 616 Pauperum
2656 561 2839 602 curam
2870 546 3018 602 clero
3045 547 3420 613 commendat,
3458 563 3520 602 ac
3565 546 3701 617 petit
3741 565 3764 598 ι
3812 546 3952 601 nihil

2319 638 2420 691 illis
2468 639 2625 704 desit,
2677 655 2798 694 cum
2850 655 3056 694 summa
3087 641 3263 694 omnis
3287 655 3409 709 quae
3431 639 3649 695 redacta
3673 649 3796 705 est,
3835 640 3952 696 illic

2317 735 2382 786 sit
2431 734 2572 804 apud
2622 736 2851 791 clericos
2884 735 3168 790 distributa
3213 737 3722 806 propterejusmodi
3751 754 3948 805 casus,

2318 836 2376 879 ut
2427 825 2684 882 haberent
2729 829 2908 897 plures
2960 828 3097 883 unde
3126 828 3190 882 ad
3233 829 3584 884 necessitates
3614 839 3671 885 et
3701 845 3949 900 prestat-

2316 932 2402 971 ras
2453 920 2783 989 singulorum
2833 924 3045 990 uperari
3092 920 3318 991 possint.
3375 940 3394 972 ι
3431 919 3693 976 Hortatur
3740 921 3945 989 etiam,

2313 1020 2365 1065 et
2393 1011 2606 1066 invidize
2651 1013 2683 1066 d
2720 1013 2986 1068 clinanda:
3024 1028 3208 1081 causa,
3240 1032 3260 1066 ι
3305 1027 3414 1069 non
3437 1013 3798 1084 glomeratim
3845 1030 3948 1070 nec

2318 1117 2412 1170 per
2466 1104 2861 1159 multitudinem
2927 1105 3083 1160 simul
3132 1103 3372 1175 junctam
3410 1105 3772 1161 confessores
3813 1127 3836 1160 ι
3871 1107 3946 1162 vi-

2317 1209 2506 1255 santur
2525 1243 2540 1268 ,
2567 1215 2628 1255 ac
2666 1221 2684 1252 ι
2720 1201 3016 1273 presbyteri
3039 1216 3254 1273 quoque
3277 1203 3366 1273 qui
3390 1203 3500 1257 illic
3522 1200 3668 1272 apud
3707 1201 3942 1257 confes-

2311 1306 2464 1348 sores
2517 1293 2753 1350 offerunt
2781 1335 2795 1363 ,
2853 1295 3046 1366 singuli
3116 1311 3235 1350 cum
3280 1295 3504 1366 singulis
3539 1296 3810 1350 diaconis
3849 1313 3944 1368 per

2312 1387 2456 1442 vices
2501 1387 2786 1445 alternent.
2831 1406 2851 1441 ι
2886 1387 3146 1456 Equidem
3167 1387 3324 1443 facile
3354 1388 3593 1444 dederim
3633 1403 3706 1444 ex
3729 1389 3945 1458 episto-

2314 1481 2376 1534 lis
2401 1496 2536 1552 quas
2568 1482 2794 1536 Romam
2824 1481 3123 1554 Cyprianus
3152 1481 3300 1536 misit
3330 1481 3587 1553 purgandi
3613 1482 3701 1536 sui
3727 1497 3908 1537 causa
3927 1526 3942 1548 ,

2313 1575 2514 1629 nullam
2566 1575 2724 1628 hodie
2762 1586 2948 1629 extare
2998 1590 3120 1644 qua:
3158 1573 3281 1629 huic
3325 1573 3528 1642 quinta
3554 1576 3942 1646 praeponenda

2312 1667 2401 1720 sit.
2437 1665 2565 1731 Sed,
2594 1665 2736 1735 quod
2766 1665 3091 1721 Pearsonius
3126 1675 3182 1720 et
3223 1664 3404 1720 Fellus
3433 1665 3788 1734 praetendunt
3837 1668 3941 1736 pri-

2313 1776 2454 1816 mam
2495 1762 2736 1814 omnium
2778 1774 2841 1814 ac
2888 1761 3068 1814 statim
3120 1769 3280 1829 atque
3327 1761 3555 1816 secessit
3594 1760 3936 1832 Cyprianus,

2314 1857 2570 1929 Scriptam
2623 1855 2806 1920 fuisse,
2854 1855 2903 1908 id
2954 1853 3082 1908 mihi
3143 1853 3467 1925 persuadere
3514 1869 3621 1910 non
3685 1871 3937 1926 possum.

2312 1948 2465 2015 Nam,
2494 1963 2616 2004 cum
2643 1948 2961 2019 Cyprianus,
2981 1959 3038 2003 ut
3066 1949 3178 2019 jam
3197 1950 3500 2014 observari,
3519 1949 3812 2020 sigillalim
3833 1967 3933 2004 non

2311 2040 2551 2109 designet
2594 2042 2849 2095 tredecim
2884 2040 3004 2095 ilLas
3034 2058 3223 2097 omnes
3273 2043 3505 2107 litteras,
3558 2056 3810 2114 cumque
3848 2058 3936 2111 po-

2314 2133 2422 2203 puli
2449 2133 2883 2202 Cartltaginensis
2914 2149 3094 2200 casus,
3123 2136 3210 2205 qui
3248 2155 3266 2187 ι
3301 2136 3370 2190 ad
3399 2136 3572 2207 prima
3605 2136 3780 2192 verba
3831 2136 3931 2190 mi-

2314 2227 2492 2282 nantis
2545 2229 2744 2286 inimici
2808 2251 2828 2283 ι
2873 2229 3030 2284 fidem
3070 2229 3411 2299 ejurarerat,
3446 2231 3747 2286 maximum
3779 2229 3932 2284 dolo-

2312 2338 2424 2379 rem
2454 2323 2728 2394 Cypriane
2747 2324 3016 2380 attulisset
3039 2367 3054 2390 ,
3079 2325 3167 2378 vix
3192 2324 3412 2378 dubium
3439 2333 3523 2379 cst
3559 2325 3693 2394 quin
3722 2326 3928 2379 clerum

2313 2432 2467 2470 suum
2503 2417 2552 2470 in
2581 2426 2722 2470 tanta
2753 2433 2929 2471 rerum
2960 2416 3276 2473 difﬁcultate
3310 2417 3551 2473 consiliis
3592 2419 3711 2473 suis
3742 2420 3926 2472 ﬁrma-

2310 2511 2471 2573 verit,
2503 2510 2659 2579 eique
2688 2511 2894 2580 aliquas
2923 2510 3134 2566 litteras
3154 2520 3278 2566 ante
3309 2510 3444 2568 hanc
3472 2513 3725 2582 quintam
3748 2513 3924 2581 scrip-

2309 2603 2474 2665 scrit;
2517 2613 2610 2656 aut
2655 2604 2844 2658 saltem
2888 2603 3101 2667 litteris,
3146 2620 3278 2672 quas
3323 2603 3488 2674 hujus
3513 2604 3788 2660 molestia:
3833 2619 3921 2659 ac-

2307 2704 2465 2764 cepto
2492 2697 2678 2749 nuntio
2706 2696 2937 2764 primum
2959 2696 3194 2765 scripsit,
3227 2696 3403 2766 aliqua
3437 2698 3567 2752 tanti
3600 2697 3818 2753 doloris
3851 2698 3918 2750 si-

2307 2790 2581 2860 gnificatio
2611 2790 2789 2844 inesse
2819 2789 3022 2845 debuit.
3049 2791 3228 2857 Quare
3266 2805 3372 2846 non
3421 2789 3754 2846 crediderim
3786 2791 3920 2844 hanc

2308 2883 2590 2951 epistolam
2617 2883 2862 2938 omnium
2896 2885 3123 2953 primam
3156 2882 3322 2940 fuisse
3358 2886 3652 2954 scriptam;
3681 2883 3782 2939 sed
3817 2899 3916 2938 uua

2308 2974 2527 3032 dubium
2549 2977 2676 3047 quin
2708 2977 2906 3049 scripta
2933 2978 3003 3032 sit
3028 2992 3149 3033 cum
3185 2996 3204 3029 ι
3235 2977 3375 3032 circa
3398 2977 3528 3032 eleri
3571 2977 3916 3034 incolumita-

2312 3078 2418 3124 tem
2467 3070 2647 3125 omnia
2700 3071 2900 3141 integra
2941 3090 2960 3123 ι
2987 3079 3204 3135 essent,
3250 3087 3370 3126 cum
3413 3070 3588 3142 aliqua
3612 3071 3800 3128 adhuc
3827 3074 3916 3125 hu-

2255 3157 2263 3164 ’
2309 3162 2960 3219 munitasconfessorihns
2985 3165 3360 3230 exhiberetur,
3393 3180 3454 3218 ac
3500 3165 3736 3234 proinde
3764 3176 3911 3222 ante-

2307 3267 2466 3322 quam
2500 3269 2623 3322 pars
2652 3255 2783 3311 cleri
2821 3255 3112 3311 Ecclesium
3141 3256 3364 3312 occultis
3395 3256 3773 3314 molitionibus
3794 3274 3911 3330 pcr-

2310 3345 2550 3402 turbaret
2598 3357 2689 3402 aut
2739 3347 2928 3404 edictis
2964 3349 3108 3404 Det-ii
3160 3359 3408 3419 pareret,
3463 3350 3570 3406 imo
3626 3363 3761 3409 ante
3805 3365 3911 3408 tor-

2308 3450 2486 3496 menta
2513 3441 2916 3498 cunfcssoribus
2959 3459 3147 3500 mense
3182 3445 3338 3515 aprili
3375 3444 3594 3511 inﬂicta,
3625 3457 3762 3503 ante
3801 3459 3907 3503 tor-

2304 3535 2520 3590 ridioris
2553 3538 2786 3592 carceris
2847 3536 3095 3594 tenebras
3147 3553 3269 3608 qua:
3315 3540 3365 3594 in
3411 3539 3650 3609 Episwla
3692 3540 3909 3596 Luciani

2304 3627 2373 3680 ad
2403 3628 2687 3683 Celer-iitum
2734 3640 3117 3687 memorantur.
3164 3630 3390 3701 Scripttc
3423 3632 3585 3690 etiam
3629 3645 3764 3690 sunt
3795 3647 3912 3691 ante

2305 3720 2552 3775 eumdem
2599 3737 2840 3778 mensem
2870 3734 2979 3779 tres
3008 3725 3126 3780 alia:
3155 3725 3355 3784 littera:
3379 3766 3392 3790 ,
3433 3745 3450 3778 ι
3483 3727 3537 3782 iu
3578 3729 3780 3797 quibus
3819 3745 3909 3786 nec

2308 3815 2708 3872 confcssoribus
2782 3817 3090 3875 exhortatio
3115 3862 3130 3888 ,
3207 3837 3309 3878 nec
3347 3822 3654 3878 extorribus
3697 3825 3911 3895 quando

2307 3913 2543 3982 upurtuit
2611 3913 2930 3984 olijurgatio,
2995 3931 3095 3973 nec
3161 3919 3423 3974 universa:
3469 3918 3797 3974 fraternitati
3847 3920 3908 3974 ad

2305 4007 2698 4079 deprecandam
2760 4010 2850 4066 Dei
2900 4011 3322 4069 misericordiam
3377 4012 3630 4068 allocutio
3677 4024 3736 4069 et
3791 4030 3907 4086 pcr-

2306 4100 2490 4156 suasio
2519 4101 2708 4157 deluit.
2750 4122 2767 4156 ι
2791 4102 2990 4159 Iudicat
3013 4104 3312 4176 Cyprianus
3343 4105 3569 4175 scriptas
3587 4104 3764 4163 fuisse
3792 4120 3908 4164 ante

2306 4202 2592 4262 tormenta,
2625 4196 2716 4250 sed
2744 4213 2836 4252 eas
2856 4198 2923 4252 ad
2947 4214 3044 4253 nos
3077 4215 3179 4255 non
3206 4200 3514 4268 pervenisse
3541 4199 3901 4256 ostendimus.

2375 4288 2662 4344 Tormenta
2691 4291 3092 4349 confessoribus
3116 4294 3314 4348 inﬂicta
3361 4309 3483 4349 esse
3517 4310 3720 4355 mense
3759 4297 3908 4367 aprili

2303 4381 2591 4437 observant
2619 4384 2813 4438 eruditi
2851 4386 2969 4440 viri.
2998 4385 3074 4440 Ma
3086 4386 3322 4456 ppalicus
3353 4387 3401 4440 in
3427 4387 3731 4456 quaestione
3768 4405 3906 4443 mar-

2305 4485 2389 4548 tyr
2428 4477 2680 4532 occubuit
2704 4479 2792 4535 die
2832 4480 3019 4550 aprilis
3061 4481 3150 4548 l7,
3184 4492 3240 4536 ut
3279 4482 3661 4554 martyrulogia
3709 4493 3907 4540 testam

2305 4580 2408 4636 tur,
2452 4587 2573 4627 cum
2607 4575 2777 4643 pridie
2815 4576 3106 4632 acerrimos
3137 4578 3405 4634 cruciatus
3433 4579 3798 4648 pcrtulissset,
3827 4582 3902 4636 in-

2305 4673 2385 4721 ter
2403 4682 2538 4737 quos
2560 4667 2768 4734 dicebat
2794 4671 3098 4740 proconsuli
3124 4688 3137 4726 :
3169 4692 3188 4724 r
3223 4673 3444 4730 Videbis
3462 4689 3583 4730 cras
3599 4690 3856 4746 agonem.
3881 4695 3900 4730 ι

2304 4759 2526 4829 Scripsit
2554 4763 2730 4832 itaque
2752 4755 3054 4834 Cyprianus
3104 4765 3206 4821 hoc
3262 4782 3468 4832 mense,
3509 4777 3570 4823 ut
3611 4770 3907 4826 verisimile

2304 4861 2408 4919 est,
2439 4863 2667 4910 exeunte
2700 4856 2991 4925 Epistulam
3043 4875 3094 4913 rx
3131 4859 3196 4914 ad
3227 4871 3493 4932 martyres
3526 4870 3581 4916 et
3622 4863 3900 4919 confesso-

2302 4962 2412 5025 res,
2444 4947 2497 5002 in
2528 4965 2631 5019 qua
2657 4964 2842 5005 eorum
2871 4951 3058 5008 laudes
3083 4953 3236 5024 plena
3266 4969 3425 5009 manu
3447 4956 3678 5026 extoﬂit,
3703 4973 3900 5030 eosque

2304 5040 2552 5096 hortatur
2582 5052 2638 5097 ut
2684 5061 2701 5094 ι
2758 5044 2916 5099 istum
2949 5046 3316 5103 beatissimum
3344 5057 3640 5120 martyrem
3679 5061 3736 5105 et
3771 5052 3898 5106 alios

2304 5136 2592 5206 participes
2616 5137 2859 5205 ejusdem
2890 5141 3307 5210 congressionis,
3357 5150 3413 5197 et
3434 5141 3662 5198 comites
3690 5143 3746 5198 in
3799 5146 3896 5200 lide

2301 5228 2539 5293 stabiles,
2570 5229 2622 5283 in
2654 5229 2840 5285 dolore
2866 5232 3148 5301 patientes,
3175 5234 3227 5288 in
3268 5233 3568 5304 quaestione
3605 5235 3841 5291 victores
3872 5255 3890 5288 ι

2305 5331 2599 5378 sectentur.
2633 5322 2749 5378 Non
2786 5324 3008 5380 dubium
3045 5325 3172 5397 quin
3228 5325 3345 5382 haec
3391 5328 3504 5396 ipsa
3545 5327 3614 5384 sit
3663 5327 3895 5399 Epistula

2302 5432 2460 5487 quam
2481 5417 2762 5488 scripsisse
2786 5433 2845 5473 se
2860 5419 3245 5490 aitCyprianus
3289 5420 3340 5474 in
3365 5419 3534 5490 Epist.
3569 5436 3660 5488 xv,
3698 5440 3718 5474 ι
3758 5433 3894 5492 post-

2302 5525 2460 5581 quam
2488 5518 2752 5566 tormenta
2776 5522 3055 5567 venerunt.
3092 5531 3112 5564 ι

2364 5600 2480 5656 Νοιι
2518 5604 2683 5657 multo
2731 5614 2871 5674 post,
2916 5603 2967 5659 id
3014 5613 3098 5660 est
3144 5620 3329 5660 incuso
3373 5606 3536 5671 maio,
3580 5605 3897 5668 Pearsonius

2302 5696 2750 5754 ctTillemoutius
2793 5707 2910 5769 post
2940 5700 3229 5757 Baronium
3269 5714 3325 5758 et
3368 5703 3724 5760 Lumbertum
3765 5705 3892 5760 scri-

2305 5800 2448 5861 ptam
2491 5792 2798 5848 existimant
2841 5792 3138 5863 Epistulam
3170 5811 3398 5864 xxxvu,
3448 5798 3500 5852 in
3542 5815 3649 5869 qua
3674 5798 3893 5872 Cypria-

2309 5898 2407 5939 nus
2452 5884 2781 5959 presbyteris
2811 5894 2867 5945 et
2903 5886 3142 5946 diacoais
3187 5906 3479 5965 pauperum
3525 5908 3714 5952 curam
3756 5909 3894 5956 com-

3845 330 3963 391 109
