4050 6440
158 366 255 429 i0!

158 478 396 559 mendat,
436 500 491 550 et
517 492 676 548 etiam
700 497 860 563 atque
898 492 1062 549 etiam
1088 491 1333 549 hortatur
1372 512 1393 546 ι
1428 502 1488 549 ut
1513 492 1756 563 corpori-

161 588 261 644 buus
285 588 444 644 etiam
461 588 700 643 omuuiuum
724 587 836 659 qui,
870 588 970 644 etsi
1002 589 1122 643 torti
1156 603 1258 644 non
1287 598 1412 644 sunt
1435 587 1487 643 in
1514 601 1760 653 carcere,

161 688 338 737 tameuu
366 680 603 751 glorioso
623 681 767 736 exituu
799 681 987 736 mortis
1014 679 1301 745 excedunt,
1335 678 1672 750 iunpertiatuur
1705 686 1763 732 et

163 772 433 842 vigilantia
474 784 529 829 et
553 788 681 830 cura
710 774 1047 845 propensior,
1103 784 1159 830 et
1185 773 1302 831 dies
1331 790 1519 830 coruum
1561 774 1761 845 quibus

163 865 431 929 excedunt
460 884 481 919 ι
514 876 861 934 auuuoteuutur,
909 886 927 920 ι
968 875 1025 923 ut
1072 867 1616 923 counmemorationes
1671 882 1766 921 eo-

162 972 281 1014 rum
326 958 465 1015 inter
525 959 814 1016 memorias
863 969 1156 1031 unartyruun
1198 959 1474 1015 celebrare
1507 978 1526 1011 ι
1561 968 1763 1029 posset.

158 1051 461 1124 Diligenter
488 1053 820 1111 observanda
851 1065 979 1110 sunt
998 1069 1118 1125 qua:
1146 1062 1476 1125 sequuntur:
1518 1071 1537 1106 u
1566 1054 1676 1121 Qua
1689 1068 1770 1108 m-

160 1159 327 1216 quam
383 1146 685 1213 Tertullus,
742 1147 936 1219 inquuit,
993 1146 1340 1204 ﬁdelissimus
1389 1156 1444 1203 et
1486 1146 1769 1203 devotissi-

168 1256 287 1297 unus
312 1241 474 1298 frater
493 1250 698 1312 noster,
729 1257 825 1315 pro
838 1252 1029 1301 ctetera
1044 1241 1409 1299 sollicitudine
1429 1250 1484 1298 et
1512 1257 1639 1297 cura
1673 1258 1769 1299 sua

168 1350 329 1405 quam
356 1335 608 1392 fratribus
639 1339 689 1393 in
717 1337 866 1393 omni
905 1337 1166 1407 obsequio
1210 1335 1540 1408 operationis
1571 1338 1768 1407 impor-

171 1428 255 1496 tit,
299 1428 391 1501 qui
417 1445 519 1486 nec
545 1428 651 1485 illic
694 1431 834 1486 circa
862 1444 1150 1501 corporum
1170 1444 1354 1485 curam
1379 1428 1573 1496 deest,
1601 1429 1774 1499 scrip—

165 1520 301 1577 serit
329 1531 382 1577 et
402 1522 686 1579 scribatac
704 1523 972 1595 signiﬁcet
994 1523 1122 1579 mibi
1167 1525 1285 1580 dies
1327 1523 1521 1595 quibus
1560 1524 1611 1578 in
1653 1539 1773 1578 car-

173 1628 297 1670 cere
324 1613 465 1671 beati
497 1616 689 1672 fratres
718 1618 888 1673 nostri
937 1617 1003 1672 ad
1036 1617 1487 1673 immortalitatem
1525 1617 1772 1688 gloriosa:

170 1708 361 1763 mortis
404 1709 551 1765 exitu
606 1717 908 1775 transeunt,
953 1720 1008 1766 et
1052 1711 1398 1767 celebrantur
1428 1709 1511 1764 luic
1539 1725 1569 1763 a
1620 1708 1772 1763 nobis

171 1801 470 1858 oblationes
499 1811 551 1858 et
578 1803 839 1859 sacriﬁcia
871 1804 942 1860 ob
988 1803 1530 1861 couuumeunorationes
1558 1818 1771 1869 eorum,

172 1912 293 1964 quae
311 1897 418 1951 cito
440 1896 715 1952 Vobiscum
737 1897 960 1953 Domino
982 1906 1294 1968 protegente
1314 1896 1725 1952 celebrabimus.
1749 1914 1769 1948 ι

172 1990 460 2062 Equidem,
503 1992 603 2049 ctsi
636 2002 713 2049 tot
759 1992 1036 2049 hominum
1086 1993 1417 2049 eruditorum
1457 1991 1775 2047 auctoritate

174 2086 463 2158 plurimum
492 2104 733 2151 moveor,
764 2104 870 2143 non
898 2096 1075 2145 tamen
1101 2088 1255 2143 video
1277 2104 1374 2143 cur
1397 2102 1581 2144 mense
1609 2087 1772 2152 maio,

175 2179 230 2235 id
256 2189 338 2235 est
364 2180 418 2236 in
466 2181 702 2236 maximo
750 2181 1136 2251 persecutionis
1180 2181 1449 2249 iuueendio,
1517 2181 1633 2237 luzrc
1669 2179 1777 2253 Cy-

176 2270 420 2342 prianum
448 2274 729 2343 scripsisse
751 2274 935 2339 velint,
965 2280 1088 2330 cum
1117 2274 1229 2345 ipse
1257 2273 1364 2329 cito
1388 2269 1777 2329 commemora-

174 2365 353 2423 tiones
373 2375 665 2439 martyrum
694 2382 821 2423 cum
839 2366 986 2425 clero
1012 2381 1113 2423 suo
1138 2367 1533 2424 celebraturum
1551 2382 1610 2423 se
1639 2381 1778 2422 nun-

178 2460 291 2517 tiet.
324 2461 443 2517 Jam
468 2477 595 2533 ergo
620 2461 976 2533 refrigescens
996 2462 1298 2533 persecutio
1315 2476 1465 2534 spem
1488 2462 1566 2518 illi
1581 2463 1778 2517 maturi

176 2553 385 2610 reditus
408 2554 699 2623 aﬁ‘crcbat;
725 2564 781 2611 ct
803 2571 924 2625 qua:
951 2570 1130 2612 causae
1160 2554 1569 2610 Tillemontium
1594 2568 1780 2609 move-

175 2656 304 2704 runt
364 2658 423 2704 ut
471 2650 737 2721 Epistolas
789 2664 877 2716 rt,
931 2666 1024 2711 vn,
1080 2665 1198 2717 vm,
1243 2665 1378 2705 xxxi
1425 2650 1679 2719 rejiceret
1726 2649 1779 2703 in

176 2743 341 2798 tinem
369 2743 492 2797 anni
543 2742 671 2808 250,
706 2742 910 2799 eadem
943 2758 1161 2797 movere
1190 2742 1493 2798 debuerunt
1516 2751 1573 2796 ut
1597 2742 1665 2797 de
1688 2742 1782 2796 tri-

176 2835 383 2905 gesima
406 2834 634 2905 septima
657 2835 801 2891 idem
822 2835 1083 2905 judicium
1097 2834 1287 2890 ferret.
1302 2835 1569 2890 Prmterea
1597 2849 1783 2891 mense

179 2932 326 2986 maio
366 2943 633 3002 martyres
674 2930 957 2986 horrendis
1007 2930 1332 2986 cruciatibus
1358 2928 1776 2999 torquebantur;

178 3024 304 3091 sed,
336 3040 459 3080 cum
498 3024 736 3096 Epistola
764 3039 971 3080 xxxvnu
1010 3023 1355 3086 scriberetur,
1395 3037 1501 3078 non
1549 3023 1661 3091 jam
1692 3037 1785 3092 per

180 3118 402 3174 vulnera
429 3117 669 3191 martyrii
697 3133 954 3175 coronam
980 3117 1350 3190 acquuirebant,
1377 3117 1494 3184 sed,
1527 3117 1570 3170 si
1611 3117 1703 3188 qui
1729 3116 1783 3172 in

179 3211 379 3269 caelum
419 3212 719 3278 evolarent,
755 3212 806 3266 id
866 3212 1143 3268 moriendo
1172 3210 1227 3265 in
1272 3225 1490 3266 carcere
1518 3209 1636 3265 sine
1671 3196 1813 3264 tor?

178 3308 376 3364 mentis
399 3307 840 3379 assequebantur.
890 3309 959 3362 At
983 3321 1167 3362 mense
1220 3306 1361 3360 maio
1398 3320 1504 3360 non
1547 3306 1786 3360 morien-

181 3399 312 3456 tium
337 3401 389 3455 in
417 3415 635 3458 carcere
656 3401 776 3456 sine
826 3400 1129 3466 tormentis,
1157 3398 1255 3455 sed
1282 3400 1443 3454 vitam
1487 3399 1628 3453 inter
1658 3414 1785 3466 pru-

180 3493 356 3549 ciatus
422 3492 858 3565 pretuundentium
907 3491 1198 3548 annotaudi
1269 3490 1387 3546 dies
1436 3489 1658 3546 inissent
1730 3498 1786 3546 et

179 3588 451 3660 Cypriane
516 3587 818 3643 nuntiandi.
888 3586 1052 3643 Multo
1116 3602 1247 3657 ergo
1293 3585 1640 3641 verisimilius
1702 3591 1788 3640 est

180 3683 547 3740 clucubratam
630 3680 795 3738 fuisse
874 3682 1012 3737 hanc
1065 3680 1359 3752 Epistulam
1433 3695 1596 3735 xxxvu
1661 3693 1784 3743 cum

183 3776 487 3845 persecutio
514 3775 569 3830 in
586 3774 702 3831 dies
727 3774 1148 3847 deouitigaretnr;
1174 3773 1401 3831 necdum
1445 3783 1624 3831 tamen
1648 3788 1749 3829 con
1767 3802 1782 3813 -

182 3872 416 3927 iessores
439 3884 475 3926 e
498 3883 718 3926 carcere
745 3868 907 3925 soluti
931 3879 1134 3926 essent.

183 4079 580 4146 XL-QUINQUE
605 4100 648 4140 s.
670 4098 909 4141 CYPRIANI
932 4095 1176 4138 curruum
1198 4098 1265 4138 ne
1292 4093 1787 4137 Lapsus.-—racuxus

255 4188 703 4232 PRESBYTERORUH
724 4192 809 4243 ρυι
844 4189 1226 4232 COMMUNIONEH
1266 4187 1442 4230 LM‘SIS
1468 4187 1748 4228 DEDEBANT
1769 4212 1783 4236 ,

257 4287 360 4329 NON
388 4286 953 4329 DlSSlMULAVlT.—NON
970 4283 1364 4326 SUSPENSIONEM
1386 4282 1481 4324 εει)
1503 4280 1788 4322 ΕΧΕΟΜΜΟ·

258 4380 582 4421 ΝΚΖᾹΤῙΟΝΕΠ
622 4382 755 4422 ILLIS
780 4379 1035 4430 MINATL’R.

262 4517 561 4579 Plurimum
583 4523 758 4579 solatii
803 4522 1133 4593 percipiebat
1167 4519 1465 4592 Cyprianus
1497 4534 1561 4575 cx
1591 4526 1791 4589 marty-

183 4633 307 4675 rum
340 4616 623 4687 triumphis
651 4634 665 4684 ;
690 4615 787 4673 sed
827 4616 965 4672 hanc
1002 4614 1243 4671 laetitiam
1288 4612 1791 4669 contaminaverunt

185 4712 410 4770 nefariae
435 4713 816 4795 nonnullorum
848 4710 1286 4783 presbyterorum
1332 4706 1639 4774 molitiones
1673 4703 1786 4776 qui,

184 4822 311 4865 cum
339 4806 388 4862 ei
413 4806 482 4862 ab
509 4807 661 4863 initio
687 4806 1031 4877 episcopatus
1047 4817 1260 4872 semper
1280 4801 1634 4863 obstitissent,
1663 4800 1789 4854 abs-

186 4901 299 4957 euuti
339 4902 682 4973 gravissimas
709 4900 997 4956 molestias
1022 4898 1400 4955 exluibuerunt.
1428 4900 1578 4951 Acta
1599 4896 1667 4951 ab
1684 4895 1789 4950 illis

189 4996 467 5067 tragoediae
500 4997 779 5053 materiam
806 4994 955 5051 dedit
987 4995 1203 5065 antiqua
1233 5002 1290 5049 et
1334 4990 1615 5047 lamiabilis
1650 5004 1784 5045 cono

190 5089 442 5155 suetudo,
472 5104 629 5159 quam
644 5089 709 5144 ad
734 5089 1021 5160 perniciem
1044 5089 1334 5145 multorum
1352 5094 1668 5180 cotu‘vertere
1695 5078 1786 5140 co-

192 5184 305 5240 nati
330 5193 477 5240 sunt.
506 5182 619 5238 Mos
644 5191 762 5239 erat
797 5182 851 5238 iuu
892 5182 1134 5238 Ecclesia
1201 5192 1258 5238 ut
1305 5181 1470 5253 lapsis
1516 5181 1606 5252 qui
1633 5179 1789 5235 libel—

188 5278 274 5333 los
323 5292 352 5330 a
407 5277 731 5350 martyribus
794 5276 1193 5347 impetrassent,
1243 5274 1446 5348 aliquid
1487 5274 1557 5331 de
1617 5274 1790 5346 poenis

189 5369 466 5426 canonicis
485 5369 862 5441 episcoporum
890 5367 1091 5438 judicio
1111 5369 1495 5423 remitteretur.
1541 5366 1792 5436 Exagitat

192 5465 296 5519 luoe
324 5465 620 5520 institutum
652 5464 1012 5521 Tertullianus
1050 5463 1150 5518 suub
1196 5462 1357 5518 linem
1384 5462 1505 5517 libri
1536 5462 1599 5516 de
1626 5461 1792 5516 Pndi-

188 5557 312 5610 eitu'a
330 5597 347 5622 ,
376 5557 516 5626 quod
567 5556 696 5611 olim
725 5556 1023 5613 catholicus
1051 5555 1101 5609 in
1130 5554 1265 5609 libro
1291 5554 1357 5609 ad
1378 5553 1635 5627 Martyres
1679 5553 1791 5608 lau—

189 5649 434 5706 daverat.
465 5649 743 5720 Ejusmodi
774 5659 954 5705 autem
1007 5647 1217 5703 libellos
1243 5660 1350 5701 non
1396 5645 1621 5717 quiith
1660 5660 1790 5701 con-

189 5745 430 5799 tessorcs
460 5743 678 5808 dabant,
710 5742 805 5800 sed
838 5743 870 5797 ii
894 5741 983 5813 qui
1009 5741 1183 5811 capite
1232 5739 1469 5794 damnati
1506 5745 1677 5803 erant,
1701 5747 1792 5793 ant

187 5835 382 5891 saltem
411 5834 618 5905 aliquos
643 5836 909 5890 cruciatus
940 5834 1178 5904 perpessi
1211 5831 1446 5897 fuerant.
1477 5829 1610 5885 Hinc
1635 5831 1791 5887 Cele-

188 5931 342 5990 rinus
395 5930 447 5987 tu
498 5929 595 6006 Ep.
651 5931 718 5985 ad
772 5928 1060 5985 Mucianum
1117 5937 1269 6000 rogat
1309 5945 1330 5981 ‹
1364 5935 1422 5983 ut
1466 5926 1787 6001 quicumque

1344 372 1498 433 \‘I'l‘A
1541 366 2178 449 SANC'l‘lﬁYPlttANt.

3357 392 3464 456 102

1876 493 2024 560 prior
2052 512 2071 545 u
2097 508 2163 549 ex
2185 494 2582 555 centessou-ibus
2608 518 2628 553 ‹
2666 504 3166 573 coronatustuuerit,
3204 507 3474 569 Numerue

1871 589 2201 644 t'tCandidun
2221 600 2493 659 peccatum
2530 593 2827 651 remittant.
2872 617 2890 648 ι
2926 598 3303 669 Quamobrem,
3351 621 3473 661 cum

1875 682 2019 737 Decii
2048 684 2434 753 persecutionis
2465 686 2613 742 initia
2655 690 2980 746 cruciatibus
3017 705 3286 762 carerent,
3338 698 3474 755 uuulli

1872 772 2138 829 dabantur
2161 774 2352 844 libelli,
2386 793 2544 833 nemo
2574 793 2640 834 ex
2681 780 2843 853 lapsis
2883 767 3334 857 subterfugiendae
3359 803 3475 859 pm-

1876 866 2117 922 nitentite
2144 883 2330 923 ansam
2388 870 2637 940 luabebat,
2691 872 2957 945 frigebant
2977 878 3167 948 cupidi
3215 894 3473 938 novarum

1873 974 2053 1014 rerum
2088 960 2383 1034 presbyteri
2408 981 2422 1019 :
2438 972 2511 1033 at,
2532 974 2812 1037 postquam
2837 978 3099 1025 tormenta
3114 985 3301 1029 mense
3318 974 3472 1044 aprili

1875 1052 2074 1110 inﬂicta
2109 1066 2256 1122 sunt,
2295 1067 2348 1113 et
2376 1060 2619 1115 nonnulli
2664 1076 2731 1117 ex
2765 1063 3166 1123 confessoribus
3215 1070 3476 1142 martyrio

1876 1149 2144 1216 coronati,
2189 1157 2301 1205 tum
2332 1151 2500 1208 libelli
2526 1153 2794 1224 prodiere,
2831 1157 2923 1213 sed
2958 1167 3135 1215 tamen
3163 1159 3346 1217 debito
3372 1162 3475 1219 luo-

1877 1254 2007 1296 nore
2060 1249 2115 1296 et
2166 1244 2400 1315 episcopi
2451 1244 2695 1317 dignitati
2744 1257 2797 1304 et
2849 1249 3056 1321 legibus
3085 1253 3466 1314 ecclesiasticls

1876 1341 2113 1388 serrato.
2140 1333 2273 1411 Nam
2302 1344 2566 1409 martyres
2581 1339 2647 1394 ad
2668 1339 2995 1413 Cyprianum
3019 1343 3228 1402 litteras
3263 1345 3476 1405 direxe-

1876 1431 2027 1485 runt.
2059 1435 2111 1480 et
2144 1427 2419 1496 petierunt
2443 1446 2464 1482 ι
2503 1440 2627 1487 tunc
2649 1432 2914 1490 desideria
2968 1450 3066 1492 sua
3086 1439 3401 1511 examinari,
3424 1449 3480 1499 et

1879 1533 2063 1588 pacem
2109 1520 2225 1576 dari
2265 1523 2481 1593 quando
2534 1526 2647 1597 ipsa
2684 1536 2808 1584 ante
2841 1539 3012 1587 mater
3031 1532 3269 1590 Ecclesia
3292 1549 3479 1606 pacem

1879 1612 1947 1667 de
1977 1612 2344 1671 misericordia
2373 1616 2581 1672 Domini
2605 1621 2752 1689 prior
2771 1624 3084 1694 sumpserit,
3123 1644 3143 1678 ι
3179 1635 3233 1683 et
3258 1627 3481 1699 Cypria-

1882 1721 2006 1759 num
2036 1724 2055 1756 ι
2087 1706 2263 1762 divina
2286 1710 2547 1777 protectio
2569 1730 2590 1765 ι
2612 1713 2861 1771 reducem
2886 1734 2907 1769 ‹
2932 1716 2999 1771 ad
3022 1718 3304 1775 ecclesiam
3327 1737 3479 1781 suam

1882 1798 2067 1855 fecerit
2092 1801 2287 1874 (Epist.
2316 1803 2398 1877 x).
2423 1804 2688 1862 Praeterea
2718 1811 2899 1878 paucis
2926 1810 3192 1869 dabantur
3218 1814 3401 1883 libelli,
3425 1825 3484 1872 ut

1887 1897 2206 1966 perspicituur
2254 1914 2319 1954 ex
2359 1899 2463 1970 Ep.
2509 1917 2655 1959 xxuuu.
2709 1902 3034 1975 Mappalieus
3081 1919 3286 1982 martyr
3326 1910 3485 1967 matri

1886 1996 2113 2057 tantum,
2163 2006 2287 2059 qua:
2322 1991 2468 2062 lapsa
2508 1992 2703 2059 fuerat.
2752 1996 3046 2054 domestica
3098 2003 3294 2072 pietate
3337 2018 3487 2059 cum-

1883 2092 2063 2138 motus
2111 2084 2368 2152 dederat;
2422 2088 2553 2142 mulli
2583 2104 2801 2157 prorsus
2848 2091 3175 2149 Saturninus
3198 2107 3320 2166 post
3376 2106 3486 2152 tor-

1885 2186 2062 2233 menta
2097 2179 2272 2235 adhuc
2302 2181 2352 2235 in
2378 2196 2598 2239 carcere
2650 2187 3008 2252 constitutus;
3043 2189 3139 2243 sed
3180 2190 3340 2259 paulo
3364 2197 3483 2261 post

1884 2272 2086 2327 servari
2118 2273 2310 2329 modus
2338 2290 2402 2330 ac
2425 2274 2663 2331 delectus
2695 2277 2854 2333 desiit
2886 2296 2901 2334 :
2935 2297 2957 2333 u
2983 2279 3115 2336 Nam
3149 2280 3414 2338 Lueianus
3435 2289 3491 2338 et

1884 2363 2001 2435 ipse
2050 2381 2189 2421 unus
2233 2367 2303 2422 de
2336 2367 2738 2425 eontessoribus
2788 2371 2892 2427 ﬁde
2931 2373 3148 2443 quidem
3178 2375 3383 2430 calidus
3434 2382 3490 2431 et

1887 2459 2088 2516 virtute
2127 2461 2415 2518 robustus:
2459 2484 2476 2516 ι
2510 2472 2569 2518 ut
2621 2465 2693 2518 ait
2742 2465 2938 2521 ibidem
2988 2467 3307 2540 Cyprianus,
3336 2487 3357 2522 ‹
3394 2468 3490 2527 sed

1889 2554 2066 2609 uninuus
2097 2555 2369 2611 Dominiea
2398 2558 2629 2613 lectione
2675 2556 2927 2614 fundatus
2977 2560 3221 2630 quasdam
3264 2571 3491 2620 conatus

1889 2656 1994 2714 est,
2017 2647 2246 2718 imperiti
2254 2648 2576 2720 jampridem
2598 2664 2656 2706 se
2673 2651 2815 2722 vulgi
2830 2662 3104 2708 auctorem
3126 2654 3482 2723 εθηειίιιιρηε,

1890 2750 2126 2796 uutmanuu
2158 2743 2275 2812 ejus
2322 2744 2508 2815 scripti
2555 2742 2723 2798 libelli
2761 2745 3021 2816 gregatim
3050 2745 3233 2802 multis
3274 2747 3491 2804 nomine

1890 2833 2043 2890 Pauli
2072 2834 2351 2891 darentur.
2393 2856 2414 2890 ι
2442 2838 2617 2908 Atque
2672 2837 2787 2894 haec
2836 2837 3065 2895 iaciebat
3094 2859 3113 2893 ε
3147 2854 3253 2895 non
3283 2849 3489 2901 tantum

1890 2927 2057 2983 Paulo
2080 2927 2255 2983 adbuuc
2278 2928 2328 2982 in
2355 2944 2576 2986 carcere
2600 2930 2798 3003 posito,
2831 2932 2927 2988 sed
2942 2943 2995 2988 et
3014 2942 3136 3004 post
3157 2933 3274 3003 ejus
3300 2950 3489 2992 cxces~

1889 3033 2029 3086 sum,
2061 3020 2250 3076 dicens
2281 3019 2382 3077 luoc
2401 3022 2501 3078 sibi
2531 3022 2601 3078 ab
2632 3024 2723 3080 illo
2767 3027 3099 3082 mandatum.
3131 3027 3314 3085 Aureli
3360 3045 3495 3101 quo-

1889 3128 2012 3184 que,
2040 3112 2399 3170 adolescentis
2439 3123 2703 3173 tormenta
2756 3120 3023 3189 perpessi,
3055 3120 3276 3177 nomine
3329 3121 3494 3178 libellt

1892 3207 2043 3262 multi
2066 3207 2174 3262 dati
2204 3210 2595 3278 suutejusdem
2638 3212 2858 3269 Luciani
2905 3228 3071 3270 manu
3093 3215 3301 3286 scripti,
3350 3216 3495 3287 quod

1890 3298 2095 3367 litteras
2125 3300 2213 3355 ille
2244 3316 2349 3355 non
2366 3314 2568 3359 nosset.
2601 3324 2620 3357 ι
2648 3303 2876 3361 Videtur
2898 3308 3040 3364 idem
3085 3306 3351 3364 Luciauuus
3394 3323 3493 3364 au-

1897 3397 2014 3446 ctor
2037 3389 2206 3448 fuisse
2236 3392 2539 3450 libellorum
2567 3398 2787 3466 quesin
2819 3400 2963 3456 hanc
2982 3402 3305 3456 sententiam
3325 3402 3498 3472 scrip—

1892 3489 1975 3538 tos
2000 3480 2166 3540 fuisse
2189 3485 2433 3542 audierat
2455 3487 2755 3559 Cyprianus
2783 3490 2907 3563 (Ep.
2938 3490 3039 3564 xu).
3072 3509 3091 3544 ε
3120 3493 3497 3549 Comuuuuicet

1893 3575 1983 3633 ille
2010 3591 2131 3632 cum
2153 3577 2285 3633 suis.
2324 3596 2343 3630 ι
2375 3577 2676 3635 Nonnullae
2699 3581 2835 3637 alios
2857 3590 3007 3637 notat
3025 3581 3329 3654 Cyprianus
3357 3602 3376 3635 ‹
3406 3583 3498 3655 qui

1894 3685 2156 3742 personas
2194 3673 2523 3744 accipientes
2565 3675 2618 3731 in
2662 3676 2934 3734 beneflciis
2982 3697 3000 3730 ι
3071 3687 3365 3752 martyrum
3405 3686 3499 3739 aut

1890 3763 2352 3835 gratiﬁcabantur,
2381 3784 2401 3818 ε
2433 3775 2528 3823 aut
2553 3766 2749 3824 illicitm
2773 3771 3149 3843 negotiationis
3174 3771 3439 3828 nundinas
3466 3789 3491 3828 ι

1894 3857 2322 3929 aucupabantnr.
2373 3922 2386 3937 η
2726 3880 2730 3884 ·

1967 3951 2087 4011 Non
2114 3952 2393 4024 ignorabat
2412 3953 2714 4028 Cyprianus
2739 3957 2978 4029 quinque
3003 3958 3345 4031 presbyteros
3376 3974 3399 4011 τ
3426 3957 3500 4015 l'o-

1896 4054 2075 4103 menta
2103 4047 2420 4118 quibusdam
2443 4048 2844 4106 couul‘essoribus
2897 4060 2951 4107 et
2982 4051 3317 4108 luortameuta
3347 4072 3365 4105 ι
3403 4053 3502 4108 tri-

1894 4145 2084 4207 buere,
2119 4159 2138 4192 u
2174 4156 2241 4197 ne
2269 4143 2659 4199 concordarent
2688 4158 2808 4198 eum
2832 4144 3106 4215 episcopo,
3136 4159 3207 4200 ne
3236 4145 3496 4201 ecclesia-
3532 4210 3537 4215 ,

1896 4235 2087 4292 sticanu
2118 4234 2453 4306 disciplinam
2476 4237 2721 4292 eumiide
2750 4246 2802 4293 et
2819 4238 3007 4309 quiete"
3033 4237 3184 4309 juuxta
3233 4247 3500 4309 praecepta

1896 4330 2162 4387 dominica
2188 4330 2524 4387 continerent
2548 4328 2673 4402 (Ep.
2700 4329 2853 4395 xu)...
2872 4331 2978 4387 Sed
3008 4340 3207 4398 tamen,
3237 4346 3357 4388 cum
3391 4340 3502 4389 tota

1899 4438 1986 4477 res
2009 4422 2074 4477 ad
2120 4423 2289 4492 ipsius
2341 4420 2573 4477 reditum
2619 4422 2822 4492 integra
2867 4431 3193 4492 servaretur,
3228 4439 3403 4495 neque
3445 4424 3502 4482 in

1900 4517 2000 4571 luac
2021 4515 2326 4571 libellorum
2352 4515 2586 4582 licentia,
2612 4515 2773 4587 lapsis
2788 4518 3076 4589 quidquam
3094 4530 3218 4575 ante
3240 4520 3496 4575 Ecclesia:

1900 4627 2085 4682 pacem
2113 4619 2170 4667 et
2191 4612 2429 4683 episcopi
2466 4610 2729 4682 judicium
2772 4613 3209 4689 promitteretur,
3243 4615 3498 4672 dissimu-

1900 4704 2042 4759 labat
2067 4715 2120 4761 et
2139 4703 2451 4776 patientiam
2483 4704 2719 4772 tenebat,
2742 4705 2892 4777 quasi
2925 4708 3287 4764 verecundum
3324 4709 3493 4765 silem

1904 4797 2032 4852 tium
2090 4797 2375 4866 proliceret
2421 4797 2489 4852 ad
2537 4799 2772 4870 quietem
2811 4798 2932 4874 (Ep.
2986 4799 3061 4872 ιι).
3107 4801 3215 4858 Sed
3264 4804 3502 4874 quinque

1903 4891 2198 4963 presbyteri
2230 4906 2328 4947 uuec
2355 4891 2651 4964 Evangelii,
2685 4908 2785 4950 nec
2831 4894 2931 4949 loci
2965 4895 3047 4949 suui
3079 4909 3366 4963 memores,
3403 4908 3503 4950 nec

1898 4982 2135 5039 futurum
2161 4984 2369 5039 Domini
2395 4984 2684 5055 judicium,
2716 4987 3190 5059 necpra‘pusitum
3218 4986 3318 5042 sibi
3359 4986 3504 5055 epis-

1899 5093 2092 5150 copum
2114 5080 2437 5149 cogitantes,
2468 5094 2667 5135 novum
2692 5089 2749 5136 et
2784 5082 2886 5137 sub
2928 5080 3357 5136 antecessoribus
3387 5078 3497 5151 (ἔγ-α

1901 5174 2072 5245 priani
2094 5174 2393 5231 inauuditum
2425 5174 2632 5232 facinus
2670 5176 2972 5234 ediderunt.
3003 5177 3189 5249 Lapsis
3232 5191 3418 5248 pacem
3446 5184 3502 5233 et

1902 5268 2296 5324 Eucluaristiam
2349 5268 2610 5326 dederant
2666 5288 2686 5322 ι
2716 5278 2841 5326 ante
2888 5280 3058 5325 acta-nu
3110 5269 3496 5339 paenitentiam,

1899 5376 2030 5418 auute
2065 5363 2467 5434 exomologesin
2511 5361 2811 5434 gravissimi
2859 5370 3020 5434 atque
3057 5360 3279 5416 extremi
3310 5359 3492 5417 delicti

1902 5458 2115 5525 factam,
2143 5465 2269 5513 ante
2312 5471 2528 5512 manum
2572 5457 2639 5513 ab
2681 5457 2935 5527 episcopo
2975 5464 3029 5510 et
3054 5454 3201 5510 clero
3243 5453 3299 5509 in
3330 5455 3501 5527 poeni-

1906 5551 2124 5607 tentiam
2156 5552 2481 5621 impositam.
2524 5571 2545 5604 ›
2580 5550 2714 5606 Tum
2744 5562 2873 5607 vero
2891 5548 3207 5621 Cyprianus
3236 5550 3499 5608 intellexit

1903 5643 2341 5699 dissimulandum
2375 5660 2479 5699 uuouu
2509 5659 2629 5699 esse
2660 5642 2712 5697 in
2744 5660 2805 5697 re
2835 5643 2962 5697 tauuti
3005 5645 3281 5710 momenti,
3335 5659 3402 5701 ne
3429 5644 3503 5702 ad‘

1902 5738 2198 5809 periculum
2257 5739 2426 5811 plebis
2457 5738 2658 5809 pariter
2697 5748 2746 5792 et
2781 5752 2932 5791 suum
2965 5737 3295 5794 taciturnitas
3336 5741 3498 5798 nimia

1904 5838 2240 5907 procederet.
2285 5836 2483 5903 Quare,
2517 5845 2572 5888 ut
2604 5833 2727 5887 unali
2758 5848 3073 5905 progressus
3116 5834 3495 5906 supprimcrct,

1902 5940 2011 5991 tres
2031 5930 2287 6008 epistolas
2314 5929 2385 5988 de
2406 5927 2598 5987 eodem
2626 5926 2747 5985 oleo
2775 5938 2829 5987 et
2875 5944 3036 6004 opera
3064 5927 3298 6001 scripsit,
3332 5926 3503 6002 animi
