4050 6410
581 347 686 408 103

575 475 627 520 et
650 464 854 522 doloris
881 465 1102 538 plenas:
1135 477 1293 520 unam
1333 462 1401 519 ad
1431 469 1693 534 martyres
1723 471 1778 517 et
1817 463 2173 526 confessores,

576 559 736 615 aliam
764 561 829 615 ad
863 564 1209 634 presbyteros
1235 569 1288 615 et
1314 558 1590 624 diaconos,
1621 558 1830 614 tertiam
1857 557 1924 612 ad
1945 557 2176 627 plebem.

578 649 672 707 lla:
703 652 894 709 littera:
929 662 1056 708 sunt
1107 651 1248 724 apud
1280 651 1572 707 Patnclium
1627 648 1929 713 undecima,
1969 647 2177 703 decima

575 742 1009 802 etduodecima:
1045 745 1095 800 in
1146 757 1464 815 unaquaque
1512 741 1633 797 dum
1676 741 1794 796 alia:
1844 754 2175 796 commemo-

576 850 783 894 l'illlilll'.

647 929 904 1002 Martyres
931 929 1186 987 admonet
1219 950 1238 983 t
1273 940 1379 986 uta
1409 929 1604 1002 quibus
1635 938 1744 984 tam
1771 928 1962 984 devote
1988 935 2043 982 et
2066 926 2176 982 for-

581 1026 706 1081 titer
731 1034 976 1082 servatur
1021 1026 1153 1083 ﬁdes
1179 1026 1410 1091 Domini,
1452 1026 1521 1081 ab
1544 1025 1734 1080 iisdem
1762 1025 1846 1080 lex
1884 1039 2096 1094 quoque
2125 1032 2178 1078 et

575 1117 856 1190 disciplina
886 1120 1094 1176 Domini
1113 1130 1438 1176 reservetur.
1477 1138 1494 1170 ι
1535 1118 1711 1172 Mirari
1741 1132 1799 1172 se
1843 1116 2179 1172 demonstrat

573 1213 715 1284 qttod
745 1229 873 1276 non,
894 1214 1101 1269 utolim
1129 1213 1243 1268 ﬁeri
1264 1213 1491 1278 solebat,
1523 1228 1552 1264 a
1601 1210 1926 1282 presbyteris
1980 1218 2034 1264 et
2063 1208 2177 1263 dia-

577 1307 728 1363 c0nis
754 1317 1007 1378 regantur
1036 1317 1090 1363 et
1115 1306 1448 1374 erudiantur,
1482 1305 1574 1362 sed
1609 1311 1784 1376 potius
1802 1322 1830 1358 a
1857 1299 2177 1376 quibusdam

575 1399 904 1472 presbyteris
948 1400 1070 1469 jura
1139 1401 1314 1456 omnia
1359 1399 1786 1470 pervertentibus
1836 1399 1938 1469 pia:
1991 1413 2178 1454 eorum

574 1494 877 1550 voluntates
909 1494 1339 1566 interpellentur.
1378 1492 1636 1549 Hortatur
1664 1507 1792 1563 ergo
1822 1492 1991 1562 utipsi
2028 1507 2179 1562 pres-

575 1587 796 1659 byteros
823 1587 1052 1643 doceant
1075 1604 1195 1659 qua:
1220 1604 1284 1643 ex
1308 1587 1644 1658 presbyteris
1672 1601 1768 1642 eos
1799 1585 1984 1640 audire
2020 1599 2178 1656 Opor-

581 1686 760 1734 tuerat
791 1696 803 1733 :
835 1679 1136 1750 praescribit
1161 1688 1238 1748 ut,
1266 1679 1318 1734 in
1337 1676 1529 1734 dandis
1556 1677 1749 1734 libellis
1775 1691 2176 1733 auteccssorunt

573 1786 792 1828 suorum
829 1772 1051 1844 vestigia
1072 1783 1380 1845 sequentes,
1425 1774 1654 1831 sollicite
1699 1782 1751 1830 et
1796 1783 1948 1829 caute
1995 1781 2177 1842 peten-

574 1865 705 1921 tium
745 1865 1011 1923 desideria
1069 1868 1394 1939 penderent,
1448 1868 1737 1938 inSpiciant
1785 1879 1840 1924 et
1896 1878 2072 1922 actum
2125 1877 2180 1922 et

573 1973 738 2030 Opera
765 1970 819 2016 et
845 1959 1036 2016 merita
1066 1962 1426 2032 singulorum,
1457 1961 1695 2031 ipsorum
1726 1977 1938 2032 quoque
1959 1960 2179 2016 delicto-

573 2067 691 2107 rum
719 2067 922 2123 genera
951 2061 1006 2109 et
1030 2054 1317 2124 qualitates
1344 2055 1620 2126 cogitent;
1647 2055 1876 2126 denique
1918 2071 2052 2126 quos
2079 2056 2178 2126 ipsi

574 2144 778 2212 vident,
797 2161 933 2216 quos
955 2155 1173 2214 norunt,
1191 2161 1418 2218 quorum
1441 2148 1810 2219 paenitentiam
1828 2148 2176 2204 satisfactioni

577 2237 878 2307 proximam
927 2237 1286 2310 conspiciunt,
1319 2239 1600 2311 designent
1643 2240 2174 2307 nominatimlibello,

575 2340 630 2386 et
664 2332 743 2388 sic
768 2332 835 2388 ad
873 2332 1185 2405 episcopum
1212 2334 1333 2391 ﬁdei
1389 2350 1453 2392 ac
1498 2335 1794 2406 disciplina:
1821 2348 2178 2407 congruentes

575 2423 780 2480 litteras
835 2423 1090 2497 dirigant.

652 2517 706 2572 In
736 2517 970 2590 Epistola
989 2520 1060 2573 ad
1080 2520 1271 2576 clerum
1305 2521 1480 2578 adhuc
1519 2521 1892 2580 vehementius
1935 2523 2177 2592 indigna-

573 2619 660 2666 tur
684 2611 736 2666 in
762 2611 1108 2684 presbyteros
1157 2615 1246 2685 qui
1271 2626 1515 2672 sanctum
1549 2617 1756 2672 Domini
1787 2633 1984 2689 corpus
1998 2618 2174 2687 profa-

571 2717 703 2758 nare
732 2704 847 2760 ausi
881 2703 1110 2760 fuerant.
1144 2705 1407 2776 Declarat,
1447 2727 1465 2761 t
1500 2711 1544 2764 si
1571 2710 1707 2765 ultra
1738 2711 1788 2765 in
1831 2711 2021 2766 iisdem
2055 2726 2176 2782 per-

571 2798 960 2864 severaverint,
992 2818 1012 2852 D
1045 2815 1266 2862 usurum
1298 2817 1357 2858 se
1381 2819 1443 2858 ca
1475 2803 1840 2859 admonitione
1903 2825 1920 2857 ι
1966 2820 2068 2876 qua
2115 2805 2176 2859 il-

573 2889 682 2945 lttm
716 2891 789 2946 ttti
826 2891 1084 2949 Dominus
1105 2895 1350 2966 jubebat,
1389 2914 1408 2948 ι
1444 2907 1500 2951 ιιι
1535 2898 1748 2953 interim
1793 2899 2178 2967 prohibeantur

575 2983 791 3042 offerre.
814 2985 966 3052 Nam,
990 3000 1186 3058 praeter
1201 2998 1488 3044 nocturnas
1506 2991 1759 3053 visiones,
1792 3007 1885 3061 per
1903 2991 2018 3047 dies
2046 3007 2178 3062 quo-

571 3093 676 3146 que
703 3096 722 3129 ι
758 3079 1080 3148 implebatur
1106 3100 1124 3131 ι
1162 3081 1363 3152 Spiritu
1390 3091 1576 3138 saneto
1601 3098 1886 3152 puerorum
1920 3085 2178 3138 innocens

576 3181 730 3238 tetas,
762 3188 882 3242 qute
905 3174 956 3228 in
987 3175 1186 3230 exstasi
1216 3175 1430 3230 videbat
1457 3176 1627 3231 oculis
1651 3185 1708 3231 et
1737 3176 1988 3231 audiebat
2011 3188 2064 3232 et
2094 3177 2173 3230 lo-

572 3265 840 3335 quebatur
867 3282 929 3323 ea
955 3269 1152 3339 quibus
1186 3288 1205 3322 r
1241 3269 1570 3342 Cyprianum
1599 3289 1617 3322 t
1666 3270 1924 3326 Dominus
1957 3288 2177 3330 monere

570 3368 626 3414 ct
646 3358 929 3418 instituere
967 3381 986 3415 ι
1021 3362 1360 3436 dignabatur.
1394 3365 1450 3421 Ιιι
1479 3365 1717 3438 Epistola
1745 3367 1812 3419 ad
1844 3366 2040 3436 plebem
2083 3368 2178 3424 dc-

569 3449 735 3508 clarat
757 3467 918 3510 nosse
945 3469 1005 3510 se
1031 3456 1200 3526 plebis
1225 3472 1336 3514 suae
1353 3458 1589 3529 quietem
1619 3457 1818 3530 pariter
1831 3467 1884 3513 et
1903 3459 2172 3528 timorem;

567 3560 671 3602 nec
698 3545 910 3603 dubitat
936 3551 1062 3620 quin
1099 3552 1232 3622 lapsi
1266 3553 1318 3608 in
1352 3553 1722 3610 satisfactione
1750 3552 1848 3608 Dei
1904 3563 1959 3609 et
1986 3555 2177 3626 depre-

566 3640 779 3696 catione
803 3641 1114 3712 vigilarent,
1149 3644 1250 3700 nisi
1281 3645 1402 3701 illos
1453 3646 1672 3718 quidam
1727 3648 1796 3704 de
1844 3647 2176 3722 presbyteris

567 3731 931 3801 gratiﬁcantes
977 3734 1336 3806 decepissent.
1384 3737 1643 3794 llortatur
1672 3749 1730 3796 ut
1774 3741 1876 3813 ipsi
1936 3741 2176 3813 singulos

567 3834 777 3895 regant,
823 3837 879 3883 et
935 3828 1167 3885 consilio
1220 3845 1286 3886 ac
1334 3831 1702 3890 moderatione
1737 3849 1833 3890 sua
1881 3834 2174 3892 secundum

567 3913 748 3974 divina
796 3931 1063 3992 prtecepta
1115 3922 1387 3994 lapsorum
1445 3926 1656 3983 animos
1710 3936 2035 4000 temperent.
2068 3929 2174 3986 To-

570 4022 677 4070 tam
707 4029 824 4070 rem
873 4015 926 4071 itt
973 4017 1206 4074 reditum
1252 4035 1410 4075 suum
1455 4020 1722 4094 integram
1749 4025 1954 4081 servari
1997 4025 2170 4096 jubet,

578 4121 598 4158 ί
629 4113 704 4171 ιιι,
739 4121 862 4163 cum
903 4107 968 4163 ad
1022 4125 1118 4165 vos
1176 4127 1272 4181 per
1322 4113 1414 4168 Dei
1464 4114 1907 4183 miscricordiam,
1981 4119 2171 4190 inquit,

569 4201 894 4265 venerimus,
945 4206 1223 4260 convocati
1280 4207 1581 4280 coepiscopi
1639 4209 1820 4280 plures
1873 4212 2166 4268 secundum

571 4291 783 4349 Domini
821 4293 1157 4366 disciplinam
1211 4306 1264 4354 et
1306 4299 1670 4356 confessorum
1735 4304 2072 4374 praesentiam
2113 4315 2168 4360 et

565 4394 799 4441 vestram
827 4403 1038 4458 quoque
1065 4391 1410 4461 sententiam,
1443 4391 1721 4448 beatorum
1750 4407 2043 4468 martyrum
2067 4397 2156 4452 lit-

569 4485 710 4535 teras
730 4489 784 4535 et
806 4479 1072 4537 desideria
1112 4484 1420 4541 examinare
1458 4486 1743 4556 possimus.
1777 4506 1798 4539 ι

639 4570 721 4626 Ex
743 4571 826 4628 bis
856 4572 1108 4644 Epistolte
1129 4576 1198 4630 ad
1224 4576 1438 4642 clerum,
1476 4597 1494 4630 ι
1531 4577 1622 4634 diu
1645 4581 1954 4650 patientiam
1993 4596 2168 4637 meam

575 4663 744 4731 tenui,
776 4683 795 4716 ι
829 4666 1060 4736 perspici
1087 4676 1265 4738 potest
1306 4679 1416 4724 tres
1465 4669 1582 4724 illas
1628 4671 1881 4740 epistolas
1917 4680 2042 4727 ante
2077 4674 2168 4743 ju-

570 4755 720 4811 nium
753 4771 994 4814 mensem
1029 4760 1257 4830 scriptas
1283 4775 1387 4816 non
1430 4760 1612 4819 fuisse.
1655 4762 1760 4820 Sed
1801 4763 1976 4820 minus
2014 4765 2155 4822 belle

565 4848 942 4908 Tillemontius
971 4853 1248 4910 existimat
1286 4855 1610 4926 Cyprianum
1651 4871 1756 4914 non
1778 4859 1950 4914 solum
1993 4859 2150 4916 libel-

565 4943 739 5001 lorum
791 4945 1086 5013 licentiam,
1143 4948 1238 5005 sed
1283 4950 1443 5005 etiam
1471 4950 1823 5008 Eucltaristia:
1871 4954 2160 5024 profanata:

572 5039 781 5096 facinus
815 5039 906 5096 diu
939 5041 1200 5110 patienter
1230 5043 1434 5100 tulisse.
1463 5045 1666 5102 Focum
1697 5046 1937 5103 fecerunt
1956 5048 2156 5104 doctis-

562 5132 700 5188 simo
721 5133 837 5188 viro
859 5133 973 5190 lttce
997 5132 1245 5206 Cypriani
1277 5136 1438 5194 verba
1474 5138 1528 5193 in
1557 5138 1728 5210 Epist.
1763 5156 1826 5194 ιν
1865 5142 2006 5211 (pag.
2035 5141 2148 5210 85):
2197 5168 2209 5211 ι

569 5243 587 5276 t
620 5225 797 5282 Unum
826 5226 957 5283 illud
988 5227 1039 5282 in
1064 5244 1170 5299 quo
1199 5245 1301 5286 non
1332 5246 1451 5287 mea
1481 5248 1580 5289 nec
1617 5233 1892 5289 hominum
1928 5234 2021 5290 sed
2059 5235 2149 5291 Dei
2196 5210 2209 5264 ’ί

565 5331 723 5373 causa
753 5327 856 5386 est,
883 5320 951 5376 de
985 5335 1173 5378 eorum
1203 5323 1437 5382 facinore
1465 5343 1570 5382 non
1600 5336 1727 5398 puto
1775 5343 1896 5383 esse
1917 5330 2148 5385 reticen-
2200 5317 2210 5342 ¹

570 5409 694 5468 dum
747 5413 887 5484 quod
933 5429 964 5470 a
1017 5414 1187 5486 primo
1235 5421 1414 5474 statim
1467 5419 1852 5490 persecutionis
1899 5421 2005 5487 die,
2037 5437 2156 5476 cum

566 5507 800 5561 recentia
847 5507 1270 5584 delinquentium
1301 5512 1536 5570 facinora
1572 5515 1858 5582 ferverent,
1888 5525 1942 5570 et
1978 5515 2146 5570 sacri-

1759 347 1918 406 VITA
1961 343 2207 405 S.-\NCTI
2245 340 2589 406 CYPRIANI.

3795 348 3908 405 1οἱ

2289 462 2374 518 die
2403 479 2506 534 quo
2555 463 2731 534 erupit
2779 462 3098 532 persecutio,
3127 476 3232 518 non
3288 462 3523 520 defuisse
3576 464 3669 536 qui
3729 465 3918 536 lapsis

2285 555 2672 610 Eucltaris'iam
2705 553 2914 611 darent.

2358 650 2588 704 Nimium
2617 651 2861 706 restricte
2912 652 3236 724 Cypriantun
3275 650 3618 708 doctissimus
3666 651 3916 721 scriptor

2287 743 2681 814 interpretatur.
2709 743 2852 799 Illius
2875 750 3033 799 verba
3058 743 3190 799 nihil
3226 744 3372 799 aliud
3405 758 3596 799 sanant
3619 744 3725 799 nisi
3752 759 3913 814 pres-

2286 834 2505 906 byteros
2544 853 2666 891 cum
2742 838 2906 908 lapsis
2955 837 3130 893 adhuc
3180 839 3385 894 recenti
3441 853 3632 893 eorum
3692 838 3914 892 scelere

2285 930 2732 984 communicasse.
2769 929 2995 994 Revera,
3027 931 3072 984 si
3124 930 3495 985 consideretur
3529 942 3741 1000 tempus
3805 931 3915 985 illis

2287 1024 2616 1091 temporibus
2641 1024 2691 1078 in
2725 1025 3034 1093 pmnitentia
3064 1025 3279 1078 solitum
3306 1023 3562 1094 impendi,
3594 1024 3787 1078 dicere
3815 1039 3912 1093 po-

2287 1117 2385 1170 tnit
2415 1115 2710 1186 Cyprianus
2736 1118 2854 1172 sine
2891 1119 3124 1172 absurda
3160 1119 3569 1189 exaggerationc
3618 1117 3911 1188 presbyte-

2287 1223 2377 1265 ros
2407 1226 2526 1266 cmn
2567 1211 2727 1281 lapsis
2762 1231 2782 1264 t
2822 1229 2850 1266 a
2885 1213 3059 1283 primo
3086 1214 3263 1267 statim
3319 1212 3708 1277 persecutionis
3760 1212 3860 1266 die
3885 1230 3906 1264 ι

2291 1304 2736 1360 communicasse.
2758 1305 3043 1369 Pra~terea,
3069 1322 3190 1360 cum
3211 1305 3342 1375 lapsi
3372 1321 3475 1359 non
3499 1304 3689 1359 eodem
3713 1320 3912 1360 omnes

2289 1409 2531 1470 tempore
2559 1400 2908 1472 deliquerint,
2938 1401 3031 1455 sed
3066 1402 3152 1454 alti
3184 1400 3364 1464 cilius,
3394 1399 3482 1453 alii
3523 1400 3698 1454 serius
3720 1441 3735 1465 ,
3787 1398 3909 1454 ﬁeri

2289 1494 2458 1562 potuit
2491 1503 2546 1546 ut
2576 1494 2728 1547 multi
2761 1495 3042 1564 perpaucis
3075 1494 3263 1547 diebus
3292 1503 3410 1563 post
3446 1492 3742 1545 admissum
3776 1505 3908 1546 sce-

2287 1587 2368 1639 lus
2391 1589 2821 1643 communionem
2843 1589 2911 1643 ab
2934 1590 3188 1659 improbis
3218 1587 3547 1660 presbyteris
3565 1587 3908 1656 acciperent.

2284 1679 2373 1734 Sic
2434 1680 2814 1750 interpretandi
2862 1679 3112 1751 Cypriani
3156 1682 3531 1736 necessitatem
3583 1679 3741 1734 affert
3795 1688 3905 1732 tota

2283 1789 2461 1828 rerum
2490 1784 2756 1845 gestarum
2788 1776 2957 1830 series
3005 1786 3057 1830 et
3098 1775 3366 1844 junctura.
3427 1774 3555 1830 Nam
3601 1759 3908 1846 presbyteri

2283 1882 2466 1923 ansam
2494 1868 2741 1922 turbandi
2790 1883 3019 1938 rapuere
3076 1885 3142 1923 ex
3198 1868 3394 1923 libellis
3430 1877 3758 1940 martyrum,
3812 1856 3907 1937 qui

2285 1975 2403 2035 post
2425 1974 2690 2020 tormenta
2709 1964 3137 2034 daricmperttnt;
3161 1965 3534 2036 etCypriattus
3562 1964 3612 2016 itt
3658 1964 3757 2034 Ep.
3809 1978 3902 2028 xv,

2284 2068 2338 2113 ut
2366 2068 2658 2128 martyrum
2685 2056 2896 2111 libellos
2921 2067 3040 2126 post
3064 2056 3265 2113 inllicta
3297 2065 3582 2118 tormenta,
3615 2055 3686 2108 ita
3728 2055 3902 2108 etiam

2285 2164 2404 2223 post
2458 2153 2602 2223 ipsos
2655 2152 2866 2207 libellos
2936 2151 3211 2206 audaciam
3269 2165 3455 2205 eorum
3512 2157 3903 2203 commemorat

2290 2265 2309 2297 t
2345 2248 2432 2317 qui
2455 2261 2577 2301 cum
2605 2246 2766 2316 lapsis
2787 2246 3186 2300 communicare
3203 2243 3310 2313 jam
3344 2253 3641 2314 cmpcrant.
3683 2262 3703 2293 ι
3741 2240 3899 2297 Unde

2284 2338 2444 2394 etiam
2472 2347 2615 2408 patet
2646 2352 2835 2393 recens
2865 2338 3089 2392 omnino
3119 2336 3284 2392 fuisse
3312 2335 3517 2390 facinus
3550 2334 3898 2406 presbytero-

2284 2445 2425 2484 rum.
2458 2429 2605 2485 Idem
2639 2439 2867 2485 testatur
2895 2428 2947 2483 in
2991 2427 3163 2498 Epist.
3211 2444 3304 2494 xu,
3342 2429 3410 2481 ad
3451 2427 3685 2497 plebem:
3727 2444 3747 2476 ‹
3785 2427 3896 2479 Au-

2285 2522 2377 2577 dio
2431 2531 2632 2588 tamcn,
2710 2522 2899 2592 inquit,
2970 2521 3229 2593 quosdam
3256 2520 3323 2576 de
3356 2519 3754 2590 presbyteris...
3781 2517 3892 2586 jam

2282 2632 2402 2672 cum
2436 2615 2599 2685 lapsis
2623 2615 3021 2670 communicare
3059 2613 3310 2684 cmpisse.
3366 2632 3383 2664 ι
3417 2612 3545 2676 Sed,
3579 2608 3724 2681 quod
3776 2625 3891 2663 rem

2281 2723 2608 2778 causamque
2640 2706 2878 2762 maxime
2903 2707 3164 2772 continet,
3205 2705 3443 2761 declarat
3495 2704 3798 2774 Cyprianus
3840 2704 3891 2758 in

2285 2801 2519 2871 Epistola
2551 2800 2619 2853 ad
2667 2801 2857 2854 clerum
2885 2801 3320 2871 presbyterorum
3353 2797 3556 2854 facinus
3593 2815 3657 2853 ex
3691 2814 3759 2853 eo
3798 2814 3891 2868 ge-

2282 2911 2411 2952 nere
2433 2911 2567 2962 esse
2609 2895 2750 2965 quod
2782 2894 2905 2950 ferri
2937 2905 2991 2950 et
3028 2894 3352 2950 dissimulari
3404 2909 3509 2949 non
3544 2895 3714 2965 possit
3747 2911 3762 2948 :
3791 2893 3888 2949 de-

2283 2996 2547 3041 monstrat
2567 3002 2626 3041 se
2644 2986 2732 3040 diu
2764 2987 3072 3056 patientiam
3101 2989 3358 3053 tenuisse;
3385 2987 3500 3053 sed,
3528 3003 3648 3043 cum
3672 2987 3887 3055 quidam

2283 3081 2454 3152 plebis
2482 3082 2915 3150 tranquillitatem
2949 3082 3164 3137 turbare
3195 3091 3462 3138 conentur
3485 3097 3547 3136 ac
3582 3090 3756 3136 totum
3788 3082 3885 3136 sibi

2281 3177 2571 3241 vindicent,
2609 3185 2784 3231 tacere
2816 3176 2951 3230 ultra
2978 3191 3081 3230 non
3112 3187 3363 3246 oportere
3391 3192 3404 3240 ;
3436 3175 3805 3230 dissimulasse
3829 3189 3886 3228 se

2282 3286 2496 3341 semper
2547 3280 2601 3326 ct
2646 3272 2930 3340 pertulisse
2977 3273 3329 3327 contumelias
3361 3271 3706 3342 episcopatus
3733 3310 3748 3334 ,
3791 3267 3884 3323 sed

2282 3380 2422 3419 nunc
2446 3363 2817 3419 dissimulandi
2848 3365 3021 3420 locum
3050 3380 3154 3420 non
3211 3380 3332 3420 esse
3367 3385 3384 3415 ι
3429 3363 3648 3436 quando
3680 3361 3886 3430 decipi-

2281 3465 2368 3512 tur
2423 3455 2727 3513 fraternitas
2771 3473 2800 3512 a
2848 3457 3165 3527 quibusdam
3215 3458 3331 3528 qui,
3361 3455 3631 3510 dumsine
3678 3455 3883 3508 ratione

2280 3549 2625 3605 restituendae
2665 3549 2852 3605 salutis
2905 3549 3208 3621 plausibilcs
3240 3563 3360 3605 esse
3411 3548 3666 3618 cupiunt,
3719 3547 3884 3618 magis

2281 3641 2444 3714 lapsis
2470 3643 2687 3699 obsunt.
2729 3662 2750 3696 ι

2353 3735 2724 3794 Tillemontius
2755 3737 2948 3794 merito
2985 3737 3334 3794 Lombertum
3377 3735 3592 3800 refellit,
3635 3734 3725 3803 qui
3771 3735 3885 3788 lucc

2283 3829 2444 3885 verba
2468 3831 2710 3900 ejusdem
2739 3830 2996 3902 Epistola:
3021 3832 3088 3885 ad
3114 3832 3323 3899 clerum,
3356 3850 3374 3883 t
3413 3839 3472 3886 ut
3505 3828 3719 3885 interim
3762 3842 3886 3898 pro-

2282 3921 2569 3979 ltibeantur
2596 3922 2813 3992 oﬂ'erre,
2850 3943 2868 3975 ι
2903 3923 2980 3979 sic
3008 3924 3392 3995 interpretatur
3443 3922 3595 3993 quasi
3637 3931 3784 3978 vetet
3809 3922 3887 3976 iu-

2281 4015 2437 4070 terim
2459 4013 2766 4087 Cyprianus
2798 4031 2866 4071 ne
2894 4015 3192 4089 presbyteri
3211 4014 3440 4074 offerant
3465 4015 3681 4070 nomina
3705 4014 3886 4084 lapso-

2279 4123 2420 4164 rum.
2450 4107 2741 4164 Contendit
2767 4108 3144 4165 Tillemontius
3175 4108 3430 4180 suspendi
3457 4107 3557 4163 hos
3599 4107 3885 4178 presbyte-

2278 4215 2392 4268 ros,
2420 4210 2512 4257 aut
2562 4204 2751 4258 saltem
2802 4203 3179 4274 suspensionis
3222 4203 3393 4257 minas
3450 4201 3556 4256 illis
3611 4201 3886 4264 intentari,

2281 4307 2380 4349 nec
2408 4307 2504 4350 eos
2526 4302 2704 4350 tamen
2731 4294 2949 4366 deponi.
2983 4294 3144 4351 Addit
3177 4294 3320 4350 idem
3346 4293 3520 4348 visum
3554 4292 3755 4349 [ιιίμεδρ
3787 4292 3886 4346 Ba—

2279 4385 2454 4452 ronio,
2483 4396 2540 4442 et
2576 4395 2700 4442 ante
2725 4402 2848 4442 cum
2881 4387 3137 4451 Pamelio,
3157 4386 3309 4457 cujus
3344 4385 3653 4440 observatio
3684 4386 3734 4439 in
3780 4385 3888 4438 etli-

2280 4478 2454 4534 tiones
2510 4477 2702 4535 Priorii
2745 4488 2802 4535 et
2843 4478 2973 4536 Felli
3015 4479 3288 4535 translata.
3322 4479 3449 4546 Sed,
3475 4478 3618 4549 quod
3644 4494 3776 4549 pace
3817 4489 3888 4534 tot

2279 4570 2557 4626 hominum
2608 4571 3046 4628 doctissimorum
3093 4573 3352 4639 dixerim,
3411 4573 3714 4644 Cyprianus
3809 4573 3886 4628 his

2288 4664 2486 4730 verbis,
2523 4683 2542 4718 ι
2591 4676 2648 4721 ut
2668 4666 2882 4722 interim
2916 4667 3303 4739 prohibeantur
3328 4666 3547 4734 ofl‘errc,
3585 4688 3602 4720 ι
3640 4685 3885 4725 nonsus—

2294 4759 2601 4828 pensionem
2650 4759 2745 4814 sed
2764 4760 3372 4816 excommunicatiouem
3396 4758 3662 4832 designat,
3713 4777 3888 4834 neque

2286 4852 2423 4910 ltanc
2445 4869 2653 4926 paruam
2683 4855 2736 4910 in
2759 4870 2996 4926 praesens
3027 4865 3234 4928 tempus
3283 4855 3496 4928 infligit,
3548 4857 3648 4913 sed
3681 4867 3884 4915 tantum

2277 4947 2531 5003 minatur.
2557 4946 2723 5003 Addit
2757 4957 2968 5004 autem:
3008 4967 3026 5000 t
3065 4949 3250 5005 Acturi
3278 4960 3332 5006 et
3372 4949 3515 5022 apud
3542 4965 3643 5007 nos
3659 4961 3713 5007 et
3746 4952 3886 5023 apud

2275 5040 2614 5096 confessores
2642 5041 2785 5110 ipsos
2815 5052 2871 5095 ct
2896 5040 3038 5110 apud
3070 5041 3278 5111 plebem
3310 5043 3616 5099 universam
3661 5060 3882 5100 causam

2275 5144 2426 5185 suam
2481 5147 2604 5186 cum
2633 5131 2862 5187 Domino
2894 5134 3236 5202 permittente
3264 5134 3316 5190 itt
3348 5137 3522 5190 sinum
3555 5137 3747 5192 matris
3791 5137 3885 5191 Ec-

2279 5226 2456 5282 clesia:
2494 5226 2734 5297 recolligi
2787 5228 3146 5298 coeperimus;
3191 5227 3326 5295 lucc,
3386 5229 3624 5300 inquam,
3713 5230 3881 5296 addit,

2277 5321 2400 5391 quia
2434 5329 2560 5376 tttnc
2587 5321 2916 5378 deliberatus
2953 5333 3090 5388 erat,
3119 5338 3224 5379 non
3272 5333 3449 5380 utrum
3478 5335 3663 5382 essent
3711 5325 3878 5396 depo-

2292 5413 2451 5470 nendi
2492 5429 2660 5472 necne
2711 5415 2762 5470 hi
2831 5416 3148 5488 presbyteri,
3171 5426 3228 5472 ut
3273 5418 3448 5489 placet
3509 5419 3878 5488 Tillemontio,

2290 5510 2387 5564 sed
2441 5518 2616 5566 utrum
2651 5510 2728 5566 eis
2774 5520 2920 5567 esset
2944 5511 3214 5568 reddenda
3259 5528 3432 5572 necne
3457 5517 3792 5582 communio,
3826 5525 3877 5570 ct

564 5594 700 5654 ﬁciis
729 5601 970 5660 nefandis
995 5621 1098 5662 non
1128 5615 1334 5662 tantum
1358 5606 1555 5662 diaboli
1577 5607 1782 5674 altaria,
1830 5607 1924 5664 sed
1982 5608 2159 5664 adhuc
2199 5606 2201 5612 “
2229 5591 2241 5659 l
2283 5619 2385 5674 qua
2412 5604 2739 5676 conditione,
2767 5622 2868 5678 qua
2923 5609 3250 5678 paenitentia:
3290 5609 3407 5681 lege
3435 5611 3730 5668 reddenda.
3775 5611 3880 5684 Cy-

565 5706 755 5749 manus
784 5693 912 5766 ipsa:
941 5698 1212 5770 lapsorum
1238 5711 1398 5772 atque
1423 5717 1516 5757 ora
1542 5701 1824 5771 fumarent,
1857 5706 2152 5760 communi-

561 5797 683 5842 care
698 5801 817 5843 cum
843 5789 1005 5861 lapsis
1030 5803 1086 5848 et
1102 5792 1429 5864 pmnitentite
1450 5795 1670 5867 agenda:
1693 5797 2024 5854 intercedere
2046 5814 2148 5854 non

563 5872 896 5940 destiterunt.
926 5882 1008 5941 Ex
1037 5883 1120 5952 bis
1141 5887 1416 5947 concludit
1435 5886 1804 5949 Tillemontius
1829 5890 1895 5948 ab
1919 5891 2034 5964 ipso
2064 5892 2154 5948 illo

2285 5698 2528 5768 prianum
2557 5699 2711 5756 aliter
2764 5701 3100 5772 interpretari
3156 5719 3261 5758 non
3304 5716 3519 5775 possum
3585 5722 3706 5760 cum
3763 5706 3880 5776 lego

2284 5793 2576 5865 Epistulam
2609 5811 2798 5862 xxvut,
2843 5796 2893 5850 itt
2935 5812 3035 5867 qua
3066 5797 3365 5868 gratulatur
3411 5800 3740 5872 presbyteris
3765 5802 3880 5857 suis

2277 5902 2332 5949 et
2367 5891 2632 5962 diaconis,
2664 5892 2806 5965 quod
2865 5909 2984 5951 cum
3025 5896 3157 5952 Gaio
3205 5897 3455 5957 Diddensi
3487 5899 3712 5974 ejusque
3765 5902 3881 5958 dias
