4050 6416
226 344 356 410 «105

244 487 405 541 cono,
435 472 523 544 qui
550 472 984 530 communionem
1015 473 1189 545 lapsis
1218 471 1499 542 dederam,
1530 474 1837 531 communi-

227 581 369 623 ~care
395 567 712 624 noluissent.
743 567 990 625 Renovat
1012 567 1063 623 in
1092 566 1280 625 eadem
1309 568 1535 639 epistola
1562 567 1840 625 decretum

241 674 421 725 suum,
443 668 501 716 ut
527 676 558 717 a
586 662 970 719 communione
997 676 1091 718 sua
1114 670 1361 719 arceatur
1390 662 1717 735 quicumque
1745 677 1841 718 au-

237 767 332 810 sus
371 753 530 810 fuerit
585 755 986 812 communicare
1037 769 1160 810 cum
1213 755 1401 826 lapsis.
1454 755 1545 812 Sic
1591 755 1839 811 etiamin

236 848 410 919 Epist.
445 864 512 905 LII
562 848 709 923 (pag.
753 850 868 923 67),
900 849 1240 907 severitatem
1270 864 1300 904 a
1344 865 1404 905 se
1454 849 1740 921 aliquando
1785 849 1840 904 in

237 928 419 1013 lapsos
444 942 738 999 adhibitam
767 956 1066 1014 exponens,
1094 942 1402 1000 decrevisse
1441 958 1502 999 se
1543 952 1724 999 narrat
1750 951 1839 1007 ut,

245 1054 267 1090 ι
295 1036 340 1090 si
368 1035 489 1105 quis
518 1045 643 1091 ante
670 1035 955 1092 consilium
987 1044 1254 1104 nostrum,
1293 1054 1312 1088 ι
1347 1034 1540 1106 inquit,
1578 1053 1596 1086 ι
1634 1044 1689 1091 et
1715 1044 1841 1091 ante

234 1128 566 1186 sententiam
594 1128 664 1186 de
695 1129 933 1185 omnium
962 1127 1194 1184 consilio
1224 1130 1502 1196 'statutam,
1552 1126 1715 1198 lapsis
1761 1137 1839 1184 tc-

239 1240 389 1281 mere
411 1224 808 1281 communicare
835 1223 1115 1288 voluisset,
1142 1223 1256 1294 ipse
1276 1236 1306 1277 a
1334 1222 1719 1278 communione
1744 1221 1840 1277 ab-

199 1350 202 1352 ~
244 1320 552 1375 stincrctur.
599 1342 619 1371 ο
675 1316 846 1373 Porro
896 1316 1169 1373 abstinere
1220 1330 1252 1370 a
1306 1315 1685 1371 communione
1731 1328 1838 1369 non

238 1409 380 1466 idem
406 1418 484 1467 est
506 1424 569 1466 ac
609 1408 961 1481 suspendere,
993 1407 1293 1480 praesertim
1327 1406 1466 1479 apud
1488 1405 1836 1480 Cyprianum,

235 1503 326 1575 qui
367 1502 469 1560 hac
518 1519 650 1561 voce
707 1502 1326 1562 excommunicationem
1372 1502 1647 1575 designat,
1693 1502 1841 1559 velut

234 1610 357 1652 cum
384 1596 456 1652 ait
486 1597 792 1654 abstcntum
818 1611 850 1654 a
874 1611 935 1654 se
964 1611 1087 1655 esse
1124 1594 1521 1654 Felicissimum
1563 1596 1617 1652 in
1660 1596 1836 1668 Epist.

236 1703 439 1756 XLVIII;
474 1688 725 1746 Jovinum
756 1698 812 1747 et
852 1689 1141 1747 Maximum
1185 1690 1255 1747 ob
1299 1687 1530 1747 nefanda
1576 1689 1839 1746 sacriﬁcia

240 1782 294 1839 in
328 1785 560 1843 concilio
583 1786 880 1853 abstentos,
911 1786 1008 1858 Ep.
1034 1801 1121 1853 LV;
1144 1783 1496 1842 Novatianum
1526 1799 1622 1855 per
1668 1793 1839 1841 totum

235 1879 424 1936 orbem
474 1896 504 1935 a
536 1879 907 1938 sacerdotibus
958 1880 1052 1937 Dei
1093 1879 1417 1946 abstentum,
1460 1878 1632 1949 Epist.
1672 1894 1836 1935 vau.

238 1971 339 2030 llis
368 1988 499 2046 ergo
527 1974 727 2043 verbis,
764 1994 784 2027 ι
818 1984 878 2031 ιιι
906 1974 1118 2032 interim
1147 1973 1536 2045 prohibeantur
1563 1973 1781 2044 oll'errc,
1811 1993 1832 2027 ι

245 2085 354 2126 non
391 2072 563 2128 solum
590 2069 957 2141 sacerdotalis,
1010 2070 1106 2144 δρᾶ
1159 2072 1319 2127 etiam
1360 2070 1494 2126 laica
1547 2069 1750 2127 oblatio
1784 2080 1839 2126 et

230 2164 543 2219 communio
565 2162 853 2220 auferenda
889 2162 1260 2219 denuntiatur.
1293 2161 1429 2218 illud
1461 2162 1625 2219 etiam
1656 2178 1725 2218 ex
1750 2161 1838 2219 his

233 2270 353 2324 quae
397 2254 628 2312 diximus
668 2256 989 2329 perspicitur
1025 2254 1165 2311 hanc
1195 2270 1410 2326 poenam
1450 2270 1556 2311 non
1597 2255 1778 2311 statim
1806 2270 1835 2309 a

231 2346 501 2419 Cypriano
532 2350 820 2421 irrogatam
851 2348 1037 2417 fuisse,
1067 2348 1163 2406 sed
1201 2350 1379 2404 minas
1424 2347 1794 2406 tantummodo
1819 2390 1834 2415 ,

232 2449 292 2497 ut
315 2442 643 2499 difficillimis
673 2444 1005 2515 temporibus
1025 2458 1088 2500 ac
1113 2458 1321 2500 summa
1353 2444 1634 2515 prudentia
1674 2458 1837 2515 egen-

234 2534 395 2603 tibus,
424 2536 710 2593 intentatas
731 2537 917 2593 fuisse.
936 2536 1113 2607 Atque
1134 2535 1187 2592 id
1201 2541 1364 2592 etiam
1396 2535 1685 2592 conﬁrmat
1708 2550 1835 2591 cum

231 2631 430 2689 eximia
471 2632 725 2705 Cypriani
752 2632 807 2688 in
858 2631 1102 2689 tacendis
1137 2631 1571 2703 presbyterorum
1605 2628 1838 2686 nomini-

235 2723 337 2780 bus
374 2725 591 2796 lenitas,
624 2735 735 2782 tum
775 2725 845 2782 ab
883 2741 950 2781 eo
990 2724 1232 2796 apposita
1257 2723 1514 2791 conditio,
1553 2743 1573 2777 ι
1606 2724 1654 2781 si
1698 2723 1836 2780 ultra

236 2818 292 2876 in
318 2820 508 2877 iisdem
538 2820 1025 2891 perseveraverint.
1063 2839 1083 2873 ι

309 2911 404 2968 His
425 2912 621 2969 litteris
661 2927 771 2969 non
810 2910 1089 2984 respondit
1121 2910 1334 2979 clerus;
1375 2911 1470 2968 sed
1515 2911 1673 2984 paulo
1713 2919 1837 2983 post

232 3004 538 3080 Cyprianus
557 3006 626 3063 ad
652 3006 950 3074 custodiam
985 3003 1161 3078 gregis
1181 3021 1398 3078 semper
1420 3016 1687 3074 attentus,
1710 3023 1833 3066 cum

235 3100 448 3159 videret
489 3102 591 3159 sibi
640 3101 945 3158 facultatem
995 3100 1253 3158 redeundi
1297 3100 1535 3159 nondum
1589 3116 1741 3169 esse,
1780 3112 1836 3160 et

228 3192 343 3265 jam
364 3202 609 3251 restatem
656 3193 923 3265 coepisse,
979 3192 1124 3265 quod
1177 3202 1388 3265 tempus
1431 3192 1835 3251 inﬁrmitatibus

230 3288 467 3345 assiduis
493 3296 550 3346 et
574 3288 839 3361 gravibus
858 3288 1175 3353 infestatur,
1198 3297 1274 3344 -et
1305 3287 1472 3360 lapsis
1501 3298 1557 3345 et
1601 3287 1833 3345 audien-

233 3381 379 3438 tibus
405 3380 801 3453 providendum
830 3380 1179 3442 existimavit.
1221 3379 1450 3450 Scripsit
1488 3381 1670 3452 itaque
1705 3379 1836 3452 Epi-

232 3475 433 3533 Stolam
496 3491 590 3531 xm
632 3474 702 3531 ad
745 3475 985 3542 clerum,
1040 3476 1093 3531 in
1136 3489 1243 3547 qua
1292 3473 1487 3543 edicit,
1540 3482 1603 3530 ut
1668 3474 1833 3546 lapsis

233 3568 448 3627 libellos
488 3578 784 3643 martyrum
825 3568 1182 3638 habentibus,
1227 3567 1275 3626 si
1314 3568 1616 3640 periculose
1662 3583 1833 3640 aegro.

232 3664 484 3732 laverint,
511 3663 649 3736 apud
669 3663 1036 3737 presbyterum
1064 3676 1459 3734 quemcumque
1484 3669 1829 3734 praesentem,

230 3758 326 3815 vel
381 3758 426 3814 si
485 3759 767 3832 presbyter
805 3767 1053 3831 repertus
1107 3772 1215 3815 non
1292 3756 1491 3827 fuerit,
1542 3766 1597 3815 et
1639 3772 1834 3830 urgere

233 3851 411 3908 exitus
440 3852 671 3924 coeperit
690 3894 704 3919 ,
734 3851 875 3924 apud
915 3852 1204 3910 diaconum
1229 3866 1442 3924 quoque
1478 3852 1831 3924 exomologe-

232 3945 318 4001 sin
348 3943 530 4010 delicti
550 3945 633 4002 sui
671 3944 848 4003 facere
877 3945 1273 4016 liceat,,modo
1316 3954 1496 4002 tamen
1536 3955 1832 4019 martyrum

232 4037 584 4109 prterogativa
623 4037 765 4110 apud
811 4038 977 4095 Deum
1004 4037 1247 4110 adjuvari
1290 4039 1519 4110 possint.
1566 4040 1791 4097 Casteris
1814 4082 1830 4108 ,

233 4130 324 4202 qui
364 4146 472 4188 non
512 4141 834 4204 acceperant
858 4132 1104 4202 libellos,
1137 4116 1232 4190 sed
1283 4134 1445 4191 mites
1497 4141 1553 4191 et
1602 4133 1833 4191 humiles

234 4226 606 4296 pmnitentiam
635 4227 885 4301 agebant,
912 4227 1146 4283 futurum
1185 4226 1450 4298 promittit
1476 4234 1536 4283 ut
1564 4226 1669 4283 illis
1700 4242 1835 4300 quo-

233 4334 340 4392 que
368 4319 551 4378 divino
574 4322 816 4380 remedio
857 4321 1187 4378 consulatur.
1232 4321 1491 4379 Similiter
1516 4321 1835 4393 fprtescribit

232 4423 296 4471 ut
342 4415 683 4472 audientibus
726 4415 965 4471 divinam
1005 4418 1233 4487 gratiam
1280 4414 1695 4485 implorantibus
1736 4416 1835 4471 mi-

231 4506 533 4565 sericordia
583 4507 793 4564 Domini
843 4521 951 4563 non
1002 4506 1316 4579 denegctur.
1389 4505 1563 4562 Simili
1614 4505 1835 4564 decreto

235 4598 405 4669 lapsis
428 4600 698 4657 consuluit
742 4600 794 4655 in
840 4599 944 4657 bac
969 4600 1343 4671 persecutione
1383 4598 1670 4672 Dionysius
1708 4600 1834 4658 Ale-

241 4692 556 4751 xandrinus.
588 4694 709 4766 Ipse
733 4694 882 4750 enim
910 4703 1141 4752 testatur
1167 4694 1220 4750 in
1252 4693 1493 4766 Epistola
1518 4694 1587 4749 ad
1612 4694 1836 4750 Fabium

237 4787 612 4844 Antiochenam
648 4800 708 4845 se
736 4788 1057 4861 praecepisse
1091 4807 1110 4841 ι
1144 4795 1205 4844 ut
1241 4788 1549 4858 morituris,
1587 4789 1632 4844 si
1683 4797 1833 4860 pete-

235 4888 393 4947 rent,
439 4889 495 4937 et
526 4879 760 4937 maxime
804 4881 850 4938 si
890 4889 1045 4938 antea
1083 4880 1395 4953 suppliciter
1438 4883 1834 4952 postulassent,

235 4971 394 5029 venia
422 4971 794 5044 indulgeretur
811 5016 828 5043 ,
852 4987 961 5046 quo
982 4972 1139 5030 bona:
1163 4973 1279 5044 spei
1312 4973 1467 5044 plenir
1484 4989 1550 5031 ex
1582 4973 1684 5030 hac
1709 4974 1836 5029 'vita

236 5065 536 5136 migrarent
566 5085 587 5120 ι
617 5066 843 5138 (Euseb.
871 5066 964 5123 lib.
985 5082 1062 5135 vt,
1081 5080 1201 5137 cap.
1220 5064 1341 5138 44).
1366 5066 1661 5123 Discrimen
1687 5066 1838 5137 ponit

236 5156 528 5232 Dionysius
555 5163 699 5217 inter
746 5175 841 5217 eos
864 5159 958 5232 qui
1002 5161 1375 5231 paenitentiam
1419 5169 1643 5232 urgente
1688 5160 1834 5232 peri-

238 5252 364 5309 culo
394 5253 687 5324 petebant,
718 5262 775 5311 et
821 5268 916 5311 eos
945 5254 1037 5325 qui
1081 5263 1206 5310 ante
1244 5253 1490 5311 morbum
1546 5253 1834 5325 petierant.

238 5347 496 5417 Quamvis
539 5357 719 5405 autem
768 5347 823 5404 in
872 5347 978 5404 hoc
1017 5346 1227 5405 delectu
1276 5347 1524 5406 habendo
1570 5364 1679 5405 non
1726 5356 1836 5406 tam

236 5441 484 5499 videatur
531 5451 815 5500 accuratus
866 5455 990 5498 esse
1037 5456 1198 5512 quam
1227 5442 1546 5515 Cyprianus,
1592 5442 1687 5515 qui
1740 5458 1839 5500 no-

239 5535 485 5591 minatim
516 5535 740 5606 requirit
776 5542 832 5589 ut
861 5533 952 5605 qui
992 5532 1201 5590 libellos
1239 5548 1269 5587 a
1327 5532 1656 5606 martyribus
1687 5549 1840 5591 acce-

138 5632 143 5637 ‘
239 5636 452 5699 perant,
482 5643 667 5685 eorum
699 5625 898 5684 auxilio
923 5636 977 5685 et
998 5626 1349 5699 prmrogativa
1378 5626 1521 5699 apud
1553 5626 1838 5685 Dominum

239 5719 482 5791 adjuvari
504 5720 740 5793 possint,
774 5718 1022 5777 eamdem
1064 5727 1243 5775 tamen
1290 5718 1571 5791 utriusque
1614 5731 1838 5778 senten-

244 5813 371 5870 tiam
416 5828 540 5871 esse
585 5813 944 5882 crediderim;
991 5828 1095 5870 nec
1145 5811 1331 5869 dubito
1379 5813 1509 5885 quin
1556 5813 1840 5888 Dionysius

242 5920 427 5981 pacem
453 5923 558 5967 non
603 5909 985 5976 concessisset,
1013 5908 1056 5963 si
1088 5908 1178 5981 qui
1215 5905 1588 5975 paenitentiam
1639 5905 1839 5965 audac-

693 6002 755 6065 S.
800 6001 1140 6084 Cyrnum.
1191 6004 1298 6068 1V.

1432 351 1591 411 VITA
1633 347 1879 412 SANCTI
1918 344 2264 411 CYPRIANI.

3446 368 3551 427 106

1955 483 2036 530 ter
2076 473 2501 545 detrectassent,
2551 473 2605 531 id
2638 474 2779 548 quod
2828 474 2884 532 in
2922 475 3103 535 Africa
3125 480 3476 541 commissum
3514 501 3543 541 a

1946 569 2192 640 pluribus
2214 568 2476 626 videmus.

2018 662 2152 719 Cum
2206 663 2571 736 respondisset
2596 665 2773 723 clerus
2820 665 2943 723 huic
3002 667 3245 739 epistolae
3292 672 3548 743 (questus

1948 757 2091 812 enim
2139 756 2310 813 fuerat
2354 758 2655 831 Cyprianus
2704 759 2848 832 quod
2888 768 2968 818 tot
3004 762 3118 819 suis
3174 763 3369 821 litteris
3409 766 3542 822 nihil

1946 850 2363 923 responderet),
2393 866 2459 909 ac
2501 853 2661 910 simul
2694 855 3054 912 consuluisset
3100 855 3170 913 de
3228 857 3547 929 quibusdam

1949 943 2322 1002 immoderatis
2358 956 2414 1003 et
2451 947 2996 1006 communicationem
3041 950 3408 1023 accipiendam
3439 951 3551 1009 fes-

1948 1036 2180 1094 tinanter
2210 1039 2543 1111 urgentibus,
2568 1040 2755 1097 scribit
2775 1040 3075 1115 Cyprianus
3109 1045 3401 1117 Epistolam
3437 1062 3548 1114 xtv,

1948 1128 2001 1183 in
2031 1144 2134 1201 qua
2157 1130 2443 1187 conﬁrmat
2471 1133 2614 1204 quod
2656 1134 2913 1205 proximis
2949 1135 3143 1196 litteris
3183 1147 3446 1196 statuerat
3482 1139 3552 1196 de

1946 1220 2111 1292 lapsis
2142 1223 2443 1293 periculose
2496 1227 2912 1297 :cgrmantibus;
2969 1228 3320 1288 vehementer
3364 1242 3544 1290 autem

1946 1318 2142 1377 refellit
2176 1331 2231 1378 et
2272 1324 2499 1396 castigat
2529 1324 2867 1394 importunus
2910 1326 3032 1382 illos
3088 1327 3237 1398 pacis
3280 1330 3543 1402 efﬂagita-

1945 1421 2093 1470 tores
2129 1434 2147 1466 ‹
2183 1415 2321 1485 Qui,
2353 1417 2397 1473 si
2446 1417 2670 1475 nimium
2713 1429 3034 1490 properant,
3091 1420 3294 1494 inquit,
3344 1424 3542 1481 habent

1945 1507 1999 1564 in
2027 1523 2122 1565 sua
2159 1518 2425 1582 potestate
2457 1511 2601 1584 quod
2648 1512 2956 1584 postulant,
3003 1524 3245 1587 tempore
3283 1517 3401 1591 ipso
3438 1518 3542 1575 sibi

1944 1601 2228 1673 plusquam
2250 1605 2527 1675 postulant
2563 1605 2844 1679 largiente.
2869 1607 3030 1666 Acies
3055 1608 3231 1667 adhuc
3245 1612 3451 1683 geritur
3486 1622 3542 1669 et

1912 1710 2083 1765 'agon
2133 1696 2372 1768 quotidie
2415 1697 2742 1756 celebratur.
2792 1700 2847 1757 Si
2872 1702 3161 1781 commissi
3192 1718 3325 1760 vere
3361 1715 3416 1761 et
3447 1705 3542 1762 fir-

1944 1787 2107 1845 miter
2159 1790 2384 1861 poenitet
2427 1800 2482 1848 et
2525 1792 2650 1849 ﬁdei
2690 1794 2838 1850 calor
2886 1798 3169 1866 praevalet,
3209 1798 3300 1869 qui
3338 1797 3541 1856 diﬁ‘crri

1944 1894 2053 1937 non
2080 1891 2286 1955 potest,
2315 1891 2498 1955 potest
2535 1887 2805 1942 coronari.
2845 1906 2864 1940 ι
2902 1887 3127 1946 Videtur
3156 1890 3259 1948 hac
3295 1893 3542 1950 oratione

1942 1973 2245 2048 Cyprianus
2272 1976 2437 2049 lapsis
2466 1979 2768 2037 concedere
2797 1990 2855 2037 ut
2884 1983 3092 2053 seipsos
3140 1984 3368 2041 oll‘erant
3398 1987 3544 2058 judi-

1942 2069 2119 2136 cibus;
2148 2085 2323 2143 neque
2345 2071 2488 2129 enim
2507 2116 2522 2141 ,
2547 2072 2592 2129 si
2617 2088 2713 2131 eos
2738 2074 3001 2133 voluisset
3025 2088 3342 2150 exspectare
3360 2124 3374 2150 ,
3406 2082 3556 2137 dum.

1941 2162 2061 2220 dies
2089 2163 2197 2220 illis
2241 2165 2543 2237 diceretur,
2599 2171 2651 2227 in
2679 2185 2871 2228 eorum
2918 2182 3184 2244 potestate
3222 2190 3348 2234 esse
3394 2177 3538 2248 quod

1946 2257 2254 2327 postulant,
2299 2260 2544 2319 dixisset.
2593 2263 2726 2321 Erat
2767 2282 2899 2323 sane
2944 2270 3167 2326 vetitum
3217 2287 3286 2328 ne
3331 2272 3451 2348 quis
3479 2286 3541 2328 se

1944 2348 2086 2405 ultro
2112 2350 2334 2410 oﬁ'erret
2354 2396 2370 2423 ,
2402 2355 2561 2427 idque
2584 2356 2883 2416 declaravit
2900 2360 3199 2434 Cyprianus
3218 2380 3398 2422 coram
3435 2366 3540 2422 Pa-

1943 2444 2099 2500 terno
2122 2450 2481 2518 proconsule;
2513 2453 2607 2509 sed
2638 2453 2899 2524 ejusmodi
2922 2457 3068 2529 leges
3098 2460 3264 2515 variis
3305 2461 3538 2517 cireum-

1940 2540 2157 2596 Stantiis
2201 2542 2470 2600 interdum
2525 2546 2744 2604 cedunt.
2803 2549 2995 2607 Multos
3049 2552 3196 2608 enim
3258 2554 3534 2623 videmus,

1940 2631 2091 2687 velut
2127 2636 2266 2705 apud
2295 2635 2565 2694 Iustinum
2608 2641 2664 2695 in
2702 2641 2911 2699 minore
2952 2644 3239 2717 Apologia,
3296 2657 3345 2703 ct
3392 2626 3538 2719 apud

1942 2722 2234 2782 Eusebium
2262 2727 2357 2785 lib.
2388 2746 2506 2799 vnt,
2531 2731 2675 2789 ultro
2693 2732 2927 2804 judicem
2957 2736 3177 2794 adortos
3202 2754 3324 2797 esse
3344 2783 3359 2809 ,
3393 2749 3449 2798 et
3472 2742 3541 2797 ad

1940 2816 2337 2877 confessionem
2385 2822 2665 2881 invocatos
2694 2826 2945 2884 venisse:
2998 2828 3050 2885 in
3097 2831 3292 2903 quibus
3342 2835 3387 2889 si
3432 2852 3540 2892 non

1939 2911 2274 2983 vituperatur
2297 2912 2414 2971 haec
2434 2914 2674 2986 libertas,
2713 2919 3088 2979 multominus
3113 2925 3167 2981 in
3197 2926 3361 2998 lapsis
3382 2944 3531 2985 sem-

1939 3019 2037 3075 per
2064 3004 2414 3077 vituperanda
2437 3051 2453 3077 ,
2481 3025 2616 3082 quos
2645 3027 2740 3083 par
2764 3023 2882 3070 erat
2913 3015 3117 3072 illatum
3151 3020 3354 3075 nomini
3380 3020 3539 3077 Citri—

1938 3098 2115 3155 stiano
2152 3100 2389 3160 dedecus
2410 3118 2697 3176 reparare,
2738 3121 2804 3163 ac
2854 3107 3129 3166 Christum
3172 3112 3245 3167 ibi
3285 3114 3534 3171 conﬁteri

1939 3190 2032 3246 ubi
2056 3195 2282 3265 turpiter
2320 3208 2670 3267 negaverant.
2717 3197 2932 3257 Laudes
2976 3201 3235 3259 Ecclesiae
3281 3205 3540 3263 Romana:

1938 3282 2097 3353 plena
2126 3301 2287 3343 manu
2325 3289 2627 3362 Cyprianus
2667 3291 2723 3347 in
2775 3293 2975 3349 coelum
3004 3295 3176 3365 tollit,
3228 3297 3330 3369 Ep.
3388 3315 3537 3365 LVII,

1939 3376 2080 3446 quod
2110 3379 2415 3449 prodeunte
2438 3382 2506 3438 ad
2530 3383 2901 3442 conﬁtendum
2928 3385 3180 3446 Cornelio
3199 3433 3213 3459 ,
3244 3394 3543 3449 occurrerit

1940 3481 2296 3540 properanter
2323 3481 2379 3528 et
2419 3475 2624 3530 venerit
2648 3475 2894 3548 quisquis
2920 3479 3155 3547 audivit,
3205 3497 3306 3538 nec
3343 3484 3542 3554 singuli

1940 3561 2156 3633 milites,
2189 3564 2284 3621 sed
2312 3573 2423 3622 tota
2451 3567 2614 3624 simul
2640 3578 2818 3626 castra
2861 3570 2930 3627 ad
2960 3586 3190 3644 pugnam
3219 3574 3535 3645 prodierint,

1938 3655 2222 3729 omnisque
2270 3658 2510 3717 Ecclesia
2549 3658 2791 3720 Romana
2836 3664 3084 3722 confessa
3120 3668 3228 3737 sit,
3287 3684 3352 3727 ac
3401 3670 3538 3743 lapsi

1937 3746 2153 3818 plurimi
2174 3749 2407 3821 gloriosa
2432 3752 2777 3813 confessione
2802 3757 3056 3815 restituti.

1935 3882 2230 3943 Xll.—nr:
2269 3903 2521 3947 EPISTOLA
2557 3906 2627 3946 xv
2654 3906 2700 3949 s.
2735 3907 2978 3951 CYPBIANI
3012 3912 3080 3953 ετ
3113 3913 3366 3957 pLuntnus
3401 3916 3537 3958 aurs

2081 3998 2252 4041 rauco
2288 3999 2419 4042 rosr
2446 4000 2585 4044 novo
2619 3976 2881 4046 ratione
2900 4005 3110 4051 sxorrro
3137 4009 3391 4055 SCRIPTIS.

2013 4117 2112 4174 Tot
2140 4117 2304 4176 rebus
2328 4118 2396 4176 ad
2425 4119 2685 4178 Ecclesia:
2714 4122 3142 4194 paciﬁcationem
3175 4127 3383 4186 fortiter
3404 4145 3535 4203 pru-

1937 4211 2234 4285 denterque
2277 4214 2474 4298 gestis,
2529 4216 2746 4288 scripsit
2786 4216 3088 4291 Cyprianus
3140 4221 3311 4294 Epist.
3348 4239 3420 4279 xv
3464 4225 3534 4280 ad

1937 4305 2155 4363 Clerum
2188 4306 2520 4377 Romanum,
2562 4310 2821 4381 purgandi
2867 4313 2948 4368 sui
2986 4328 3182 4383 causa;
3233 4331 3332 4373 nec
3360 4316 3535 4388 aptius

1938 4399 2227 4471 quidquam
2273 4416 2395 4457 esse
2426 4400 2685 4473 judicavit
2724 4402 2789 4458 ad
2818 4403 3026 4475 iniquas
3070 4408 3405 4479 suspiciones
3448 4428 3534 4468 re-

1939 4491 2247 4564 pellendas,
2306 4508 2467 4564 quam
2518 4503 2575 4550 ut
2620 4493 2849 4551 Romam
2900 4496 3139 4555 mitteret
3187 4503 3425 4575 quinque
3465 4505 3536 4562 de

1942 4584 2107 4658 lapsis
2144 4585 2352 4643 litteras
2380 4601 2503 4643 cum
2529 4595 2653 4644 octo
2678 4587 2796 4643 aliis
2824 4591 3024 4660 pariter
3048 4591 3102 4648 in
3148 4607 3367 4652 secessu
3401 4598 3540 4653 scri-

1941 4681 2065 4750 ptis,
2092 4696 2161 4737 ex
2190 4680 2386 4753 quibus
2404 4680 2536 4738 duas
2567 4691 2770 4738 tantum
2795 4698 3081 4756 superesse
3106 4686 3534 4760 observavimus,

1941 4789 2137 4848 nempe
2161 4775 2402 4847 quintam
2441 4775 2511 4833 ad
2550 4776 2754 4833 clerum
2781 4786 2836 4835 et
2855 4793 3050 4834 nonam
3077 4779 3144 4836 ad
3172 4783 3532 4845 confessores.

1940 4867 2162 4925 Miriﬁce
2189 4876 2368 4925 autem
2394 4868 2569 4926 elucet
2595 4868 2845 4941 Cypriani
2888 4871 3123 4929 charitas
3157 4883 3213 4931 et
3236 4877 3399 4932 animi
3425 4893 3534 4933 mo-

1941 4961 2151 5019 deratio
2193 4962 2249 5018 in
2295 4963 2363 5017 ad
2413 4960 2676 5018 Romanos
2718 4962 2959 5035 Epistola
3005 4970 3134 5035 xy’:
3186 4968 3333 5024 nulla
3385 4973 3530 5028 enim

1942 5055 2083 5113 inest
2108 5055 2274 5112 animi
2313 5054 2504 5112 offensi
2532 5055 2883 5129 signiﬁcatio,
2916 5059 3078 5116 nulla:
3120 5048 3384 5133 querelae;
3434 5066 3533 5122 SCtl

1942 5166 2038 5208 cur
2060 5150 2367 5220 secesserit,
2385 5150 2513 5223 quid
2534 5151 2704 5223 egerit
2720 5151 2772 5208 in
2789 5154 3273 5220 secessu,breviter
3292 5161 3534 5229 exponit;

1943 5251 2000 5301 et
2044 5258 2144 5315 pro
2171 5256 2382 5299 summo
2405 5257 2506 5299 suo
2544 5243 2763 5301 unitatis
2806 5246 2986 5302 studio
3022 5245 3259 5303 declarat
3293 5264 3354 5306 se
3379 5250 3431 5307 in
3473 5252 3537 5309 iis

1942 5351 2064 5409 quae
2088 5335 2253 5408 lapsis
2283 5336 2674 5417 pmnitentibus
2703 5339 3008 5408 concessit,
3040 5338 3289 5398 standum
3317 5353 3535 5416 putasse

1946 5439 2002 5486 et
2050 5445 2174 5487 eum
2220 5426 2451 5486 Romani
2504 5429 2647 5488 Cleri
2693 5431 2995 5497 sententia,
3029 5446 3098 5488 ne
3133 5441 3284 5491 actus
3312 5447 3532 5507 noster,

1945 5522 2137 5595 inquit,
2173 5541 2193 5577 ι
2225 5524 2316 5595 qui
2345 5522 2609 5580 adunatus
2633 5539 2752 5581 esse
2777 5533 2828 5580 et
2850 5524 3155 5581 consentire
3181 5525 3324 5586 circa
3357 5533 3540 5591 omnia

1943 5617 2125 5684 debet,
2166 5636 2186 5670 ι
2213 5616 2267 5673 in
2291 5615 2472 5689 aliquo
2500 5616 2850 5687 discreparet.

2016 5710 2263 5782 Quinque
2287 5709 2480 5766 littera:
2504 5724 2637 5781 quas
2661 5708 2963 5782 Cyprianus
2989 5711 3129 5771 inter
3170 5725 3347 5776 motus
3388 5734 3418 5775 a
3465 5721 3544 5779 la-

1946 5806 2058 5879 psis
2083 5805 2347 5864 excitatos
2384 5804 2712 5877 scripserat,
2741 5820 2849 5862 non
2887 5805 3064 5864 solum
3103 5808 3360 5870 Romanis
3383 5854 3397 5881 ,
3443 5816 3542 5872 sed

1946 5902 2111 5963 etiam
2149 5901 2216 5960 ad
2245 5901 2502 5976 plurimos
2543 5899 2830 5976 episcopos
2855 5902 3034 5961 missae
3058 5904 3301 5977 fuerunt;
3327 5909 3547 5985 jamque

3048 5999 3087 6065 Ιι.
