4050 6420
535 315 640 375 107

540 424 632 499 illi
665 420 1055 495 rescripscrant
1097 419 1366 495 Cypriane
1410 438 1431 475 ι
1476 434 1537 479 se
1584 435 1797 495 quoque
1842 421 1898 479 in
1940 423 2132 481 eodem

538 520 765 577 consilio
817 516 1112 573 secundum
1173 515 1488 573 catholicam
1535 515 1692 575 fidem
1739 526 1920 584 stare,
1960 538 1980 572 ι
2013 532 2134 575 cum

538 612 840 689 Cyprianus
862 609 1121 668 Caldonio
1149 609 1402 685 episcopo
1446 607 1745 681 respondit.
1783 609 2139 667 Consuluerat

536 682 661 768 eum
693 706 986 767 Caldunius
1022 704 1091 763 de
1132 682 1406 763 nonnullis
1440 724 1460 759 ι
1505 705 1619 779 qui,
1672 715 2019 779 posteaquam
2048 682 2160 761 sa;

537 802 947 870 crificaverunt,
994 799 1185 859 iterato
1231 798 1399 868 tenti,
1449 807 1695 857 extorres
1741 808 1866 856 sunt
1909 798 2068 867 facti;
2108 817 2129 853 ι

543 899 684 956 inter
709 912 846 971 quos
869 904 987 953 erat
1014 895 1208 959 mulier
1234 896 1452 953 nomine
1478 894 1646 961 Bona,
1674 909 1795 968 qua:
1820 910 1939 951 cum
1964 901 2133 953 tracta

541 1004 687 1052 esset
720 1008 750 1049 a
792 992 986 1049 marite
1009 989 1077 1046 ad
1102 988 1510 1046 sacrificandum
1533 1029 1548 1055 ,
1570 988 1653 1047 vel
1682 988 1858 1060 potius
1883 1003 1989 1045 non
2018 988 2133 1059 ipsa

534 1087 928 1154 sacrificassct,
984 1085 1078 1141 sed
1123 1083 1210 1156 qui
1248 1098 1439 1141 manus
1485 1083 1799 1140 reluctantis
1839 1083 2129 1147 tenebant;

532 1180 727 1252 quibus
754 1180 869 1251 ipsa
892 1177 1141 1237 dicebat:
1184 1196 1203 1231 ι
1237 1176 1351 1233 Non
1390 1176 1524 1245 feci,
1556 1190 1652 1231 vos
1691 1174 1925 1243 fecistis,
1960 1193 1978 1229 ι
2014 1172 2130 1246 ipsa

530 1278 692 1333 etiam
740 1273 877 1331 facta
937 1281 1023 1329 est
1069 1272 1320 1329 extorris.
1376 1270 1470 1326 llis
1536 1284 1723 1341 pacem
1790 1269 2126 1338 petentibus,

529 1371 776 1446 quamvis
815 1385 925 1429 non
962 1368 1233 1429 dubitaret
1260 1365 1551 1424 Caldonius
1593 1366 1722 1436 quin
1765 1363 1915 1435 prius
1960 1362 2129 1419 delic-

529 1474 642 1522 tum
668 1463 999 1532 abluissent,
1026 1460 1157 1517 nihil
1185 1469 1365 1517 tamen
1391 1467 1629 1515 statuero
1670 1456 1837 1513 voluit
1879 1455 1981 1517 nisi
2027 1455 2128 1529 Cy-

533 1556 706 1632 priani
735 1555 1021 1613 accederet
1062 1553 1375 1613 auctoritas.
1412 1549 1619 1609 Laudat
1643 1548 1945 1623 Cyprianus
1987 1549 2131 1607 illius

529 1650 867 1723 prudentiam
888 1691 903 1717 ,
928 1663 993 1704 ac
1032 1644 1325 1718 respondet
1350 1642 1612 1717 ejusmodi
1641 1641 1911 1708 homines,
1947 1660 1965 1694 ι
2002 1658 2127 1697 cum

528 1745 800 1803 ablucrint
825 1758 986 1800 omne
1006 1742 1279 1807 delictum,
1310 1749 1365 1797 et
1394 1738 1658 1797 maculam
1689 1736 2001 1810 pristinam,
2040 1752 2129 1795 as-

525 1839 749 1895 sistente
767 1837 870 1899 sibi
903 1834 1163 1903 Domino,
1208 1835 1419 1906 petiere
1437 1831 1633 1889 virtute
1674 1830 2004 1896 deleverint,
2045 1830 2129 1900 ja~

527 1948 654 1993 cere
683 1932 821 1989 ultra
849 1930 950 1987 sub
974 1928 1187 1989 diabolo
1207 1927 1357 2000 quasi
1387 1934 1685 1999 prostratos
1716 1938 1821 1980 non
1848 1923 2066 1981 debere.
2101 1941 2121 1975 ι

523 2027 683 2084 Mittit
703 2025 964 2087 Caltlonio
998 2042 1019 2078 ι
1057 2024 1252 2081 librum
1296 2037 1419 2079 cum
1447 2020 1690 2092 epistolis
1716 2034 1944 2076 numero
1973 2018 2128 2090 quin-

533 2110 659 2193 que.
695 2139 714 2172 ι
749 2117 1113 2175 Hunclibrum
1145 2114 1328 2172 Fellus
1353 2114 1738 2183 interpretatur
1763 2110 1938 2183 ipsum
1970 2111 2129 2166 fasci-

536 2213 721 2271 culum
774 2211 1010 2284 quinque
1060 2209 1400 2289 litterarum;
1454 2205 1714 2276 Rigaltius
1769 2213 1825 2260 et
1877 2202 2127 2263 Baluzius

523 2300 828 2379 intelligunt
871 2305 1064 2363 librum
1104 2303 1169 2359 de
1215 2301 1436 2374 Lapsis;
1482 2299 1578 2359 sed
1632 2300 1677 2357 is
1721 2298 1958 2359 nondum
2010 2305 2129 2361 erat

522 2398 875 2473 compositus.
910 2395 1148 2469 Epistula
1175 2393 1420 2455 Caldonii
1462 2404 1518 2451 et
1561 2390 1845 2464 responsio
1871 2388 2126 2464 Cypriani

519 2493 789 2549 decimum
828 2505 1027 2549 nonum
1077 2497 1134 2546 et
1177 2486 1493 2560 vigesimum
1520 2484 1698 2543 locum
1728 2493 1912 2543 tenent
1953 2485 2006 2543 in
2030 2499 2124 2540 or-

517 2590 643 2651 dine
663 2586 905 2645 Pamelii.

586 2685 791 2742 Sanare
815 2680 1114 2741 debuerant
1164 2677 1500 2737 exulceratas
1545 2683 1757 2733 mentes
1784 2674 1977 2733 littera:
2020 2673 2127 2747 Cy-

517 2778 727 2853 priani,
774 2778 828 2835 in
881 2775 1075 2849 quibus
1114 2773 1314 2846 justam
1340 2771 2127 2841 severitatcmlenitastempc—

526 2868 715 2936 rabat;
762 2866 856 2926 sed
897 2863 1198 2934 Lucianus,
1247 2859 1593 2921 incitantibus
1632 2856 1854 2916 nefariis
1903 2858 2128 2931 presby-

526 2963 698 3028 teris,
773 2976 969 3019 novum
1015 2957 1219 3014 facinus
1295 2954 1482 3012 edidit.
1557 2953 1786 3025 Scripsit
1850 2951 2127 3027 Cypriane

519 3058 760 3115 omnium
793 3048 1163 3113 confessorqu
1218 3049 1433 3105 nomine
1463 3066 1482 3101 ε
1520 3046 1790 3105 universis
1811 3061 1906 3103 eos
1936 3061 2124 3117 pacem

521 3150 771 3219 dedisse,
803 3156 859 3205 et
901 3147 1038 3202 hanc
1064 3144 1291 3205 fortnam
1334 3157 1429 3217 per
1458 3140 1800 3217 ﬁyprianum
1843 3140 1962 3197 aliis
2008 3141 2127 3212 epi-

518 3244 700 3316 scopis
721 3243 1057 3298 innotescere
1082 3237 1242 3295 velle.
1282 3256 1301 3291 ›
1331 3234 1483 3307 Quod
1505 3242 1683 3291 autem
1705 3232 1968 3300 addebat,
2005 3252 2025 3287 ι
2058 3232 2127 3290 de

516 3336 713 3409 quibus
757 3333 893 3390 ratio
928 3329 1233 3390 constiterit
1267 3326 1395 3403 quid
1441 3336 1560 3398 post
1599 3325 1949 3383 cntumiSsum
2002 3336 2128 3395 ege-

517 3428 646 3496 rint,
685 3445 706 3481 ο
738 3425 789 3482 id
812 3424 879 3482 ad
909 3422 1162 3480 invidiam
1205 3420 1473 3494 Cypriane
1521 3416 1862 3476 conﬂandam
1909 3425 2123 3491 specta-

518 3521 639 3589 bat,
679 3530 737 3577 ut
778 3519 893 3592 ipse
942 3516 1196 3579 observat
1248 3512 1419 3584 Epist.
1466 3526 1621 3567 xxttt.
1681 3510 1908 3568 Videtur
1961 3510 2125 3567 etiam

516 3613 735 3672 liberior
782 3609 1029 3683 quasdam
1079 3606 1375 3665 admonitio
1440 3604 1704 3662 contineri
1762 3604 1851 3685 bis
1905 3602 2124 3663 verbis:

523 3730 543 3764 ι
571 3710 828 3782 Optamus
849 3716 902 3763 te
917 3720 1041 3763 cum
1058 3704 1259 3761 sanctis
1280 3702 1609 3776 martyribus
1630 3714 1817 3771 pacem
1843 3698 2065 3757 habere.
2098 3717 2120 3752 ι

523 3805 605 3859 Ex
632 3802 733 3858 hac
762 3798 983 3856 Lueiani
1006 3796 1246 3869 Epistula
1270 3839 1285 3861 ,
1328 3807 1452 3866 qua:
1496 3802 1578 3849 est
1613 3808 1722 3848 xvtt
1770 3791 1909 3863 apud
1940 3791 2126 3847 Pantu-

522 3896 675 3962 lium,
706 3903 840 3951 orta:
867 3890 1185 3956 seditiones,
1219 3899 1274 3945 et
1299 3888 1352 3943 in
1379 3887 1650 3958 provincia
1690 3885 1943 3958 Cypriani
1976 3902 1994 3935 ι
2027 3900 2126 3955 per

527 3989 733 4062 aliquot
755 3986 995 4044 civitates
1026 3984 1079 4040 in
1119 3980 1439 4054 prmpositos
1484 3981 1717 4051 impetus
1745 3993 1845 4050 per
1888 3977 2127 4032 multitu-

525 4084 704 4141 dinem
737 4082 926 4148 factus,
965 4086 1021 4136 et
1046 4090 1233 4149 pacem
1269 4071 1556 4133 confestim
1597 4072 1699 4131 sibi
1744 4070 2125 4143 reprmsentari

525 4184 854 4249 coegerunt,
896 4173 1101 4235 territis
1137 4179 1195 4231 et
1218 4168 1454 4229 subactis
1476 4168 1775 4240 prtepusitis
1811 4190 1832 4221 ι
1867 4165 2128 4223 infirmio-

527 4269 694 4325 ribus.
741 4268 796 4324 In
825 4269 940 4338 ipsa
983 4265 1211 4325 ecclesia
1248 4261 1649 4333 Carthaginiensi
1679 4259 1893 4332 quidam
1939 4257 2127 4315 turbu-

526 4360 655 4416 lenti
686 4376 783 4433 per
808 4361 945 4418 bane
975 4357 1257 4430 epistolam
1278 4398 1294 4423 ,
1346 4354 1511 4411 veluti
1555 4353 1873 4425 quibusdam
1922 4350 2126 4408 facibus

526 4457 761 4522 accensi,
790 4453 909 4525 plus
936 4465 1185 4511 exarsere
1227 4448 1353 4520 (Ep.
1403 4445 1581 4520 xxttt).
1609 4445 1834 4518 Scripsit
1865 4459 1928 4500 ea
1971 4442 2039 4501 dc
2065 4458 2126 4501 re

526 4553 827 4627 Cyprianus
869 4549 937 4606 ad
964 4548 1165 4605 elerum
1206 4559 1361 4600 suum
1387 4541 1682 4612 Epistulam
1725 4555 1871 4608 xvu,
1918 4537 1971 4593 in
2018 4550 2122 4608 qua

527 4644 688 4701 docet
714 4641 961 4701 standum
1006 4654 1131 4697 esse
1178 4635 1445 4708 prioribus
1486 4632 1684 4695 litteris
1705 4632 1853 4703 suis;
1902 4637 1959 4687 et
1998 4630 2121 4700 quia

529 4738 776 4797 dixerant
800 4734 1163 4799 confessores,
1197 4750 1217 4783 ι
1256 4730 1325 4789 de
1353 4729 1549 4801 quibus
1573 4728 1713 4785 ratio
1737 4724 1878 4796 apud
1909 4732 1961 4781 te
1986 4739 2121 4779 eon-

524 4832 723 4891 stiterit
748 4829 877 4904 quid
903 4838 1023 4901 post
1049 4826 1398 4884 commissum
1428 4822 1671 4895 egerint,
1706 4839 1726 4875 ι
1753 4819 1878 4876 inde
1906 4816 2124 4879 conclu-

525 4928 604 4984 dit
627 4924 861 4985 voluisse
879 4921 1216 5001 confessurus
1247 4927 1304 4975 ut
1328 4917 1600 4988 lapsorum
1627 4927 1807 4973 causa:
1846 4908 2123 4973 examina-

525 5031 731 5088 rentur,
762 5032 826 5077 ac
850 5012 1130 5088 perinique
1162 5011 1341 5069 facere
1378 5009 1470 5080 qui
1516 5016 1728 5078 tempus
1753 5004 1820 5063 ad
1858 5018 1977 5065 eam
2007 5016 2120 5059 rem

524 5123 837 5186 exspectaro
868 5110 1146 5173 nolebant.
1180 5108 1385 5169 Revera
1436 5102 1773 5165 confessures
1793 5142 1810 5167 ,
1868 5100 1970 5159 etsi
2005 5112 2118 5157 rem

528 5210 664 5264 ultra
687 5207 859 5277 legem
889 5213 944 5267 et
971 5200 1190 5263 modum
1220 5196 1618 5270 perducebant,
1651 5194 1774 5266 quia
1805 5201 1984 5255 tamen
2008 5189 2117 5262 Cy.

526 5301 744 5372 prianus
777 5294 1389 5357 excommunicatiunem
1432 5288 1663 5346 minatus
1697 5286 1872 5363 fuerat
1913 5282 1958 5338 si
1999 5280 2119 5357 quis

525 5410 584 5450 se
611 5390 917 5453 inconsulto
946 5388 1108 5460 lapsis
1145 5383 1578 5447 communionem
1609 5380 1798 5446 daret,
1856 5394 1961 5439 non
1999 5376 2116 5433 ausi

522 5494 647 5542 sunt
668 5492 850 5556 petere
904 5493 964 5539 ut
1006 5489 1129 5539 ante
1152 5477 1409 5539 Ecclesia:
1433 5488 1648 5547 pacem,
1693 5480 1819 5533 ante
1861 5468 2115 5543 Cypriani

515 5578 773 5648 judicium
802 5592 904 5649 pax
932 5574 1169 5631 daretur.
1216 5573 1354 5639 Hinc
1381 5570 1649 5626 Lucianus
1687 5567 1742 5627 in
1780 5564 2021 5637 Epistula
2046 5563 2116 5618 ad

522 5674 808 5731 Cclcrmuut
837 5670 971 5744 petit
996 5680 1052 5727 ut
1072 5670 1254 5740 plures
1278 5666 1533 5725 Romana:
1556 5661 1811 5718 Ecclesia:
1838 5659 2001 5745 lapsi,
2020 5659 2111 5730 qui

516 5767 615 5837 ipsi
646 5765 854 5823 fuerant
873 5762 1264 5827 commendati,
1290 5761 1359 5815 ita
1396 5773 1582 5830 pacem
1621 5756 1883 5823 habeant,
1932 5773 1952 5807 ι
1989 5768 2111 5817 cum

518 5858 776 5920 Dominus
809 5855 1032 5933 cteperit
1057 5854 1158 5931 ipsi
1191 5851 1442 5912 Ecclesia:
1465 5864 1653 5927 paceni
1680 5846 1841 5919 dare,
1868 5854 1923 5907 et
1945 5860 2112 5922 expo-

1714 302 1868 367 \'ITA
1898 306 2142 366 SANC'H
2170 302 2518 369 CYPRUM.

2245 424 2347 481 sita
2389 436 2550 482 causa
2582 422 2723 498 apud
2761 424 3094 498 episcopum.
3132 443 3152 480 ι
3181 423 3324 487 Misit
3351 424 3517 483 etiam
3544 424 3873 499 Cyprianus

2244 518 2313 575 ad
2341 520 2545 577 clerum
2588 533 2746 579 suum
2777 519 3069 593 Epistulam
3108 518 3393 589 Caldonii,
3432 530 3489 579 et
3533 536 3703 593 quam
3744 521 3873 593 ipse

2244 610 2500 671 Caldonia
2526 614 2898 685 rescripserat.

2313 705 2373 763 In
2394 706 2479 762 bis
2498 722 2678 765 rerum
2698 710 2959 780 angustiis
2984 716 3387 780 peropportune
3413 716 3866 780 supervenerunt

2242 799 2434 861 littera:
2460 800 2604 861 Cleri
2637 803 2899 873 Romani,
2942 814 3053 861 tum
3087 804 3248 861 etiam
3278 801 3691 870 confessorem,
3746 818 3865 858 non

2242 893 2348 950 illa:
2367 895 2584 966 quidem
2609 895 2678 953 ad
2721 896 3048 970 Cyprianum
3097 896 3372 972 (nondum
3421 897 3567 953 enim
3594 903 3861 953 aet-orate

2236 985 2309 1043 de
2347 986 2494 1049 illius
2538 988 2704 1046 rebus
2743 991 3174 1065 cognoverant),
3210 990 3308 1049 sed
3345 990 3534 1061 prima:
3566 990 3863 1049 additam

2239 1079 2691 1153 Carthaginensem
2707 1124 2721 1149 ,
2746 1083 2932 1141 altera:
2960 1084 3029 1143 ad
3051 1083 3478 1155 Carthagineum
3502 1087 3859 1155 coniurata.

2236 1170 2465 1243 Scripta:
2490 1172 2710 1230 fuerunt
2734 1185 3022 1248 antequam
3050 1176 3289 1249 Epistula
3319 1191 3392 1232 xv
3434 1174 3698 1248 Cypriani
3747 1174 3859 1232 Bo-

2236 1283 2379 1325 mam
2407 1268 2598 1325 fuisset
2626 1270 2852 1341 perlata.
2885 1270 3081 1329 Neutra
3107 1272 3176 1331 ad
3216 1286 3317 1331 nos
3340 1270 3623 1342 pervenit.
3656 1269 3763 1327 sed
3791 1285 3857 1327 ex

2238 1362 2491 1435 Cypriani
2522 1364 2761 1434 Epistula
2806 1380 2970 1434 xxtu,
3001 1366 3261 1429 discimus
3294 1366 3349 1425 in
3379 1365 3486 1425 illis
3516 1383 3537 1418 ι
3571 1365 3857 1437 Evangelii

2234 1455 2455 1526 plenum
2483 1456 2722 1530 vigorem
2748 1468 2804 1517 et
2827 1458 3166 1529 disciplinam
3195 1458 3472 1517 robustam
3494 1456 3633 1529 legis
3662 1457 3856 1514 Doni.

2237 1550 2373 1606 nica:
2414 1570 2433 1604 ι
2466 1551 2735 1622 viguisse.
2766 1566 2831 1611 ac
2870 1551 3140 1611 laboranti
3168 1551 3437 1625 Cypriane
3458 1559 3516 1609 et
3548 1559 3748 1608 contra
3770 1551 3858 1607 in-

2237 1642 2396 1697 vidia:
2433 1642 2692 1713 impetum
2731 1645 2856 1703 tutis
2878 1642 3003 1700 lidei
3031 1643 3233 1707 viribus
3258 1642 3531 1703 resistenti
3556 1642 3857 1714 plurimum

2235 1736 2470 1807 prwsidii
2497 1737 2763 1795 attulisse.
2796 1736 3027 1795 Easdem
3053 1737 3257 1799 litteras
3300 1746 3698 1797 commemorat
3731 1736 3860 1791 Cie-

2235 1844 2327 1885 rus
2363 1829 2637 1887 ltomanus
2673 1832 2726 1889 in
2785 1831 2884 1903 Ep.
2915 1845 3080 1901 xxxt,
3120 1830 3249 1889 dum
3292 1831 3369 1887 ait
3403 1845 3466 1886 se
3516 1831 3570 1887 in
3594 1830 3859 1898 superio-

2233 1923 2380 1979 ribus
2400 1923 2594 1981 litteris
2618 1926 2940 1993 sententiam
2969 1940 3127 1985 suam
3155 1942 3175 1977 ι
3203 1923 3801 1997 dilucidaexpositionc
3828 1943 3853 1981 ι

2234 2020 2520 2089 protulisse
2546 2018 2805 2075 adversus
2834 2020 3197 2089 Libellaticos,
3238 2035 3449 2083 necnon
3470 2020 3636 2076 etiam
3657 2029 3853 2077 contra

2231 2125 2326 2167 cos
2381 2111 2471 2183 qui
2517 2114 2954 2169 sacrificaverant
3004 2111 3166 2173 fidem
3211 2128 3364 2177 suam
3410 2127 3853 2185 consensumque

2233 2214 2582 2263 monstrasse.
2635 2208 2691 2263 Si
2735 2206 2843 2278 juri
2889 2223 2989 2263 suo
3040 2218 3097 2264 et
3136 2206 3331 2267 honori
3378 2206 3564 2265 debito
3606 2216 3852 2267 attentus

2234 2298 2289 2357 fu
2304 2304 2433 2359 isset
2454 2302 2752 2374 Cyprianus
2770 2344 2787 2371 ,
2815 2302 3087 2361 laesissent
3109 2318 3233 2360 cum
3252 2300 3517 2373 ejusmodi
3545 2301 3742 2358 littera:
3776 2303 3847 2359 ad

2230 2398 2433 2455 elerum
2474 2408 2530 2455 et
2564 2400 2906 2457 confessores
2948 2415 3017 2456 eo
3056 2399 3418 2471 prsetermisso
3452 2398 3693 2470 scripta.
3738 2397 3851 2457 Sed

2230 2492 2493 2563 quidquid
2514 2493 2774 2553 Ecclesia:
2795 2495 3068 2565 proderat,
3092 2504 3304 2566 gratum
3325 2494 3374 2551 ei
3403 2507 3511 2549 non
3537 2493 3712 2565 potuit
3739 2508 3849 2549 me

2228 2586 2510 2654 accidere;
2541 2603 2608 2644 ac
2642 2592 2824 2645 statim
2846 2629 2862 2654 ,
2887 2599 2944 2644 ut
2969 2590 3020 2645 in
3051 2588 3287 2647 maxime
3313 2586 3576 2649 beneﬁcm
3596 2627 3612 2654 ,
3644 2587 3849 2659 gratias

2229 2681 2337 2751 ειη
2358 2679 2519 2741 Clem
2541 2681 2787 2741 Romano
2817 2691 2874 2739 et
2896 2680 3317 2739 confessuribns.
3367 2679 3447 2741 Ac
3474 2680 3682 2743 clerum
3723 2678 3848 2750 φά.

2234 2773 2356 2829 dem
2383 2773 2672 2830 certiorem
2699 2775 2820 2830 facit
2859 2791 2955 2845 per
3006 2774 3105 2847 Ep.
3164 2790 3331 2843 xxttt,
3360 2783 3474 2833 tum
3500 2773 3573 2833 de

2230 2866 2453 2927 Lueiani
2504 2866 2701 2935 acus,
2754 2877 2866 2927 tum
2916 2868 2984 2924 de
3030 2868 3342 2929 novissimis
3392 2867 3628 2931 motibus
3670 2869 3743 2927 ab
3779 2881 3850 2925 eo

2230 2959 2495 3019 excitatis.
2557 2958 2971 3017 Cenfesseribns
3007 2968 3185 3017 autem
3231 2976 3328 3029 per
3358 2959 3457 3032 Ep.
3515 2976 3626 3021 xxv
3661 2970 3851 3033 grato-

2231 3051 2371 3107 latur
2405 3062 2518 3109 tum
2560 3052 2631 3109 ob
2659 3051 3015 3111 confessionis
3041 3053 3290 3125 gloriam,
3320 3062 3432 3109 tum
3452 3052 3617 3112 etiam
3636 3053 3711 3113 ob
3730 3053 3848 3111 exi-

2231 3146 2395 3205 mium
2435 3146 2736 3218 disciplina:
2787 3146 3139 3207 defendenda:
3192 3144 3450 3205 studium.
3504 3146 3600 3203 lla:
3646 3145 3843 3205 littera:

2231 3253 2363 3296 xxttt
2401 3248 2456 3297 et
2501 3255 2607 3295 xxv
2635 3254 2731 3311 per
2771 3239 3024 3297 Saturum
3072 3249 3128 3299 et
3176 3239 3429 3310 Optatum
3468 3239 3690 3311 perlata:
3726 3238 3845 3301 fue-

2231 3344 2377 3402 runt,
2403 3348 2636 3405 quorum
2657 3334 2885 3406 primum
2915 3334 3220 3407 Cyprianus
3267 3334 3523 3391 lectorem
3542 3374 3561 3402 .
3608 3334 3843 3401 alterum

2210 3424 2667 3499 ,liypodiacunum
2697 3427 2903 3484 t'cecrat
2922 3426 2989 3487 ad
3021 3426 3127 3482 boc
3153 3439 3347 3481 munus
3373 3424 3673 3489 litterarum
3714 3441 3842 3501 per-

2230 3516 2593 3574 ferendarum.
2624 3514 2758 3573 Cum
2786 3518 2930 3579 enim
2955 3524 3234 3591 oporteret
3278 3516 3429 3573 illum
3475 3532 3571 3590 per
3605 3517 3841 3581 clericus

2230 3609 2489 3679 scribere,
2521 3607 2687 3666 sciret
2714 3618 2891 3666 autem
2919 3609 3180 3683 plurimus
3194 3623 3262 3665 ex
3286 3608 3400 3665 suis
3418 3608 3669 3671 absentes
3692 3624 3841 3685 esse,

2231 3714 2431 3772 paucos
2445 3716 2574 3761 vero
2593 3701 2683 3773 qui
2710 3712 2864 3759 erant
2890 3702 3236 3773 Carthagine,
3259 3701 3347 3759 vix
3373 3701 3442 3757 ad
3479 3702 3839 3763 ministerium

2230 3793 2526 3865 quotidiani
2552 3795 2733 3867 operis
2759 3793 3008 3853 sufficere
3029 3837 3045 3863 ,
3076 3811 3301 3855 necesse
3326 3795 3511 3857 habuit
3544 3811 3716 3857 novos
3743 3797 3843 3859 ali-

2230 3900 2367 3958 quos
2405 3887 2737 3943 constituere
2766 3888 2855 3959 qui
2897 3889 3265 3949 mitterentur.
3308 3888 3414 3947 Sex
3455 3890 3593 3949 alias
3633 3890 3842 3953 litteras

2232 3994 2327 4050 per
2378 3981 2597 4039 eosdem
2652 3980 2879 4037 clericus
2918 3981 3064 4039 misit
3108 3981 3177 4038 ad
3230 3982 3450 4045 Clerurn
3499 3982 3837 4057 Romanum,

2232 4089 2427 4149 nempe
2480 4075 2747 4149 Epistolas
2810 4090 2941 4143 xvtt,
2987 4091 3145 4145 xvtn,
3203 4092 3293 4137 xix
3340 4086 3515 4145 etxx,
3543 4077 3615 4135 de
3642 4077 3837 4152 quibus

2226 4169 2336 4239 jam
2378 4169 2541 4225 locuti
2574 4184 2796 4240 sumus,
2836 4184 2899 4226 ac
2954 4180 3216 4245 praeterea
3252 4170 3464 4227 litteras
3498 4169 3732 4231 Celerini
3766 4170 3835 4231 ad

2233 4261 2561 4328 Lucianum,
2595 4271 2649 4318 et
2685 4262 2910 4321 Lueiani
2954 4264 3395 4337 responsionem,
3440 4261 3584 4344 apud
3625 4262 3831 4325 Parnel.

2232 4376 2329 4418 χχι
2356 4369 2409 4419 et
2434 4376 2568 4429 xxtt,
2593 4360 2662 4421 de
2688 4360 2880 4432 quibus
2906 4376 3076 4439 pauca
3098 4360 3357 4419 dicemus.
3598 4376 3603 4379 ‘

2232 4497 2372 4553 XIII.
2402 4528 2475 4541 --
2516 4514 2584 4554 ne
2610 4511 2859 4553 srisreu
2892 4511 3139 4554 eameam
3183 4513 3251 4554 AD
3286 4510 3553 4554 LUCIANUI
3594 4511 3664 4553 ετ
3701 4511 3831 4554 nes-

2753 4577 2764 4585 ’
2803 4606 2966 4648 posse
2986 4607 3219 4648 Locum.

2300 4732 2579 4791 Cclerinus
2598 4731 3067 4809 Carthagincnsis,
3101 4748 3222 4793 cum
3262 4731 3447 4793 Roma:
3486 4741 3832 4807 versaretur,

2231 4825 2409 4901 ibique
2439 4828 2490 4884 in
2519 4844 2791 4886 carcerem
2822 4841 2919 4898 pro
2938 4825 3154 4887 Christo
3181 4825 3456 4896 coniectus
3481 4826 3678 4887 eximia
3698 4840 3835 4883 con-

2229 4921 2438 4977 stantiae
2479 4920 2728 4992 exempla
2767 4918 3057 4989 edidisset,
3100 4919 3385 4992 plurimum
3426 4917 3631 4981 doloris
3670 4917 3833 4975 traxit

2226 5027 2291 5069 ex
2327 5013 2479 5084 lapsu
2518 5012 2746 5069 duarum
2790 5010 3111 5077 mulierum,
3143 5009 3411 5067 Numerius
3447 5018 3504 5071 et
3539 5006 3830 5079 Candide,

2227 5120 2348 5174 qua:
2377 5105 2831 5160 sacrificaverunt.
2865 5102 3062 5161 llarunt
3094 5116 3230 5168 uua,
3266 5116 3494 5173 nempe,
3542 5109 3601 5163 ut
3638 5098 3836 5161 verisi-

2227 5200 2351 5254 mile
2387 5208 2507 5266 est,
2541 5198 2787 5255 Nnmeria
2808 5238 2824 5264 ,
2868 5196 3038 5268 ipsius
3062 5210 3219 5257 soror
3257 5202 3402 5259 erat,
3434 5208 3600 5265 seque
3622 5191 3699 5249 ait
3728 5207 3831 5265 pre

2226 5293 2369 5353 illius
2396 5292 2549 5349 factis
2580 5293 2632 5347 in
2664 5290 2767 5349 hac
2790 5290 2880 5347 die
2905 5289 3104 5347 laetitia:
3137 5288 3377 5357 Pasclttc,
3406 5284 3624 5343 flentem
3653 5284 3740 5342 dic
3762 5299 3831 5343 ac

2225 5394 2381 5442 nocte
2432 5384 2486 5440 in
2537 5384 2713 5443 cilicio
2755 5394 2809 5441 ct
2845 5383 3027 5440 cinere
3055 5379 3535 5452 lacrymabundum
3564 5378 3681 5443 dies
3700 5393 3831 5434 exc-

2223 5478 2365 5550 gis-se
2393 5487 2445 5534 et
2473 5475 2690 5551 exigere
2715 5490 2882 5549 usque
2909 5475 2963 5535 in
2991 5473 3331 5537 hodiernum.
3359 5472 3534 5537 Aliam
3564 5479 3829 5545 praetcrea

2223 5573 2503 5629 mulierem
2530 5577 2938 5638 commemorat,
2968 5568 3259 5631 Etecusatn
3291 5565 3540 5633 nomine.
3563 5580 3686 5641 qua:
3714 5581 3824 5625 non

2222 5663 2645 5731 sacrificaverat,
2684 5661 2778 5721 sed
2820 5670 2996 5717 tamen
3033 5659 3352 5717 ascenderat
3390 5673 3561 5731 usque
3603 5656 3671 5713 ad
3697 5655 3824 5712 Tria

2222 5756 2387 5826 Fata,
2430 5766 2484 5814 et
2512 5755 2637 5812 inde
2660 5754 3048 5823 descenderat;
3092 5752 3234 5809 dona
3257 5751 3400 5809 enim
3439 5759 3820 5813 numeraverat

2221 5864 2290 5908 ne
2314 5846 2660 5911 sacrificaret.
2689 5847 2887 5907 Harum
2918 5864 2938 5901 ι
2960 5845 3073 5925 jam
3106 5860 3267 5907 causa
3293 5844 3495 5916 audita,
3533 5856 3814 5925 pmcepev
