4050 6404
234 340 340 403 409

233 466 360 514 runt
382 471 474 516 eas
502 459 775 532 prmpositi
809 458 1068 533 tantisper
1093 461 1172 519 sic
1200 474 1321 519 esse
1349 460 1522 520 donec
1547 463 1831 536 episcopus

235 554 615 609 constituatur.
667 576 686 609 ι
721 555 894 629 Rogat
936 572 1065 629 ergo
1109 556 1407 614 anianum
1454 556 1736 616 Celeriuus
1779 570 1839 616 ut

233 649 444 705 caeteris
468 642 869 707 cenfcssoribus
909 652 1104 708 referat
1132 660 1186 709 et
1211 653 1278 709 ab
1308 654 1386 710 eis
1429 663 1569 725 petat
1605 672 1626 707 ί
1663 662 1718 709 ιιι
1748 654 1836 724 qui

233 740 383 811 prior
407 752 695 799 coronatus
741 742 928 806 fuerit,
973 745 1090 800 istis
1117 746 1391 802 sororibus
1428 747 1532 801 tale
1562 758 1834 818 peccatum

231 833 528 889 remittant.
570 855 591 889 ι
621 837 796 907 Atque
823 836 872 891 id
905 839 1039 908 petit
1074 854 1181 893 non
1208 853 1308 895 suo
1348 848 1550 894 tantum
1585 841 1834 908 nomine,

228 926 326 981 sed
363 926 526 984 etiam
563 930 840 1003 sexaginta
881 931 1115 1003 quinque
1153 930 1558 1001 confessorum,
1591 933 1656 989 ad
1701 950 1835 1006 quos

229 1017 556 1093 Carthagine
583 1022 811 1079 Romam
833 1024 1113 1081 venientes
1143 1025 1259 1081 istm
1287 1026 1543 1084 mulieres
1579 1045 1598 1079 ι
1633 1028 1685 1083 in
1713 1043 1837 1098 por-

228 1124 343 1171 tum
387 1118 785 1177 descenderunt
829 1129 887 1189 et
924 1120 975 1175 in
1025 1119 1211 1179 urbem
1261 1121 1603 1189 levaverunt,
1648 1123 1835 1194 eisque

227 1211 679 1269 ministraveruut
718 1222 775 1269 ct
812 1214 864 1269 iu
906 1213 1158 1271 omnibus
1196 1213 1465 1271 foverunt.
1505 1237 1526 1269 ι
1573 1214 1836 1286 Sperabat

227 1301 510 1360 Celerinus
546 1323 565 1357 ι
599 1304 894 1362 secundum
919 1321 1102 1362 carum
1134 1307 1502 1378 paenitentiam
1531 1318 1585 1365 et
1610 1323 1772 1380 opera
1807 1329 1827 1364 ›

226 1412 347 1468 (μω
410 1413 575 1469 penes
634 1398 975 1458 confessores
1023 1401 1292 1471 fecerant,
1324 1421 1344 1455 ι
1381 1402 1651 1459 Christum
1715 1405 1831 1475 eis,

226 1492 560 1563 martyribus
608 1494 945 1565 petentibus,
998 1495 1350 1552 iudulturum.
1402 1516 1420 1550 ι
1466 1496 1657 1569 Liquet
1692 1496 1833 1557 hanc

223 1584 505 1655 epistolam
549 1585 738 1644 diebus
772 1586 1110 1659 paschalibus
1144 1588 1395 1661 scriptam
1440 1604 1592 1658 esse,
1630 1605 1701 1647 ex
1749 1591 1833 1649 his

224 1678 408 1736 verbis
459 1694 580 1751 qua:
623 1680 872 1738 Baluzius
914 1697 980 1741 ex
1036 1684 1271 1756 antiquis
1325 1683 1600 1742 codicibus
1650 1686 1828 1754 eruit,

228 1789 250 1824 ι
280 1770 338 1827 lu
368 1772 468 1830 hac
488 1773 798 1831 dieltetitite
824 1774 1066 1834 Paschte.
1103 1797 1123 1832 ι
1161 1777 1485 1836 Existimant
1511 1778 1705 1837 eruditi
1730 1780 1831 1837 viri

222 1864 528 1925 Celerinum
567 1868 848 1940 scripsisse
888 1872 1008 1929 aliis
1060 1872 1224 1931 etiam
1258 1873 1690 1941 confessoribus;
1731 1874 1828 1933 sed

229 1957 444 2016 videtur
476 1961 805 2033 probabilius
841 1962 1075 2031 voluisse
1101 1980 1222 2023 cum
1260 1975 1320 2022 ut
1358 1966 1498 2023 hanc
1547 1967 1827 2039 epistolam

225 2052 501 2111 Lucianns
532 2057 652 2113 aliis
678 2056 1076 2125 confessoribus
1112 2060 1340 2131 legeret,
1369 2075 1435 2117 ac
1449 2059 1551 2117 sibi
1581 2075 1828 2128 commu-

222 2162 346 2209 nem
371 2163 496 2205 esse
522 2164 646 2205 cum
671 2149 776 2206 illis
800 2148 1149 2215 existimaret.
1184 2152 1299 2209 Non
1331 2152 1475 2210 enim
1503 2152 1650 2210 aliud
1680 2154 1825 2210 desi-

222 2250 386 2312 gnaut
443 2243 555 2299 haec
588 2228 823 2302 Celerini
866 2246 1024 2303 verba
1061 2265 1075 2301 :
1114 2265 1135 2300 ι
1168 2246 1301 2305 Nam
1347 2248 1448 2305 hoc
1489 2248 1627 2305 scire
1659 2247 1825 2306 debes

223 2348 312 2390 me
337 2342 391 2389 et
416 2333 651 2392 dominis
688 2338 824 2393 meis
846 2336 1100 2395 fratribus
1130 2338 1234 2395 tuis
1270 2338 1552 2411 scripsisse
1579 2340 1823 2408 litteras,

220 2441 356 2503 quas
383 2436 508 2498 p'eto
531 2444 627 2499 pro
656 2428 759 2484 illis
786 2430 864 2486 sic
892 2430 1073 2501 legere
1095 2430 1353 2504 digneris.
1387 2451 1407 2486 ι

292 2519 523 2577 Necesse
556 2536 662 2581 nun
700 2532 817 2578 erat
842 2522 1133 2579 Lucianum
1173 2524 1422 2596 precibus
1449 2524 1699 2597 fatigare,
1730 2528 1823 2597 qui

221 2611 424 2679 nullum
452 2614 504 2669 in
539 2612 643 2671 hoc
669 2629 869 2688 genere
896 2617 1113 2673 modum
1160 2618 1392 2676 tenebat.
1418 2619 1604 2691 itaque
1630 2620 1710 2675 sic
1738 2634 1825 2676 re-

219 2705 451 2776 spondet
476 2706 745 2783 Celerino,
780 2718 840 2765 ut
858 2709 1022 2781 lapsis
1050 2711 1367 2767 mulieribus
1404 2712 1535 2767 nihil
1564 2712 1821 2769 eximium

217 2796 517 2854 concedere
540 2797 819 2866 videatur,
848 2800 944 2861 sed
983 2800 1199 2871 profuso
1232 2800 1284 2856 iu
1323 2802 1603 2861 universos
1644 2803 1822 2873 lapsos

223 2889 488 2947 beneficio
514 2908 608 2950 eas
631 2896 1111 2966 comprehendere.
1139 2896 1332 2953 Narrat
1357 2896 1501 2955 enim
1541 2897 1822 2954 universos

217 2984 557 3043 confessurus
590 3005 611 3039 ς
646 3002 713 3043 ex
751 2997 1032 3059 compacto
1071 2989 1336 3046 universis
1374 3004 1558 3060 pacem
1598 3008 1619 3043 ι
1662 2988 1822 3045 dimi-

217 3076 391 3143 sisse,
427 3092 492 3134 ac
532 3077 754 3137 Paulum
791 3088 1113 3153 martyrem,
1141 3080 1268 3137 dum
1295 3081 1471 3143 adhuc
1510 3083 1563 3138 in
1593 3096 1820 3153 corpore

216 3180 382 3237 esset,
401 3170 500 3231 sibi
522 3170 752 3230 dixisse:
779 3193 796 3226 ι
833 3172 1087 3243 Luciaue,
1114 3172 1532 3247 coramiChristo
1552 3173 1645 3234 tibi
1672 3173 1817 3242 dico,

217 3274 277 3325 ut
303 3265 350 3322 si
371 3267 492 3336 quis
514 3275 636 3338 post
677 3269 1081 3337 arcessitionem
1109 3284 1283 3341 meam
1305 3268 1401 3343 abs
1432 3278 1484 3326 te
1507 3284 1696 3342 pacem
1725 3285 1817 3341 pe-

219 3357 385 3429 tierit,
412 3358 479 3414 da
504 3360 555 3415 iu
577 3360 795 3419 nomine
811 3376 951 3427 meo.
990 3381 1010 3415 ι
1048 3362 1184 3423 llinc
1215 3377 1399 3434 pacem
1437 3376 1545 3418 non
1585 3354 1650 3418 iis
1692 3371 1816 3421 tan—

217 3457 332 3505 tum
384 3453 697 3525 mulieribus
751 3454 999 3512 concedit
1041 3472 1174 3530 quas
1214 3455 1492 3517 Celerinus
1535 3470 1814 3513 commcn-

217 3541 460 3612 daverat,
494 3562 514 3597 ι
552 3546 649 3603 sed
674 3554 730 3603 et
758 3562 891 3620 quas
917 3548 1060 3607 scias
1079 3589 1095 3616 ,
1126 3549 1327 3622 inquit,
1355 3549 1421 3605 ad
1446 3548 1686 3605 animum
1713 3564 1811 3604 no-

214 3643 388 3714 suum
468 3639 784 3710 pervenire,
821 3660 841 3694 ι
877 3640 930 3697 id
991 3651 1108 3708 est,
1170 3654 1394 3714 quarum
1449 3658 1577 3698 cura
1639 3642 1817 3714 aliqua

220 3730 505 3801 tangimur.
533 3730 711 3791 Simili
739 3733 907 3790 utitur
929 3734 1182 3806 loquendi
1219 3735 1427 3791 ratione
1454 3734 1730 3806 'Trajanus
1763 3735 1816 3790 iu

215 3821 392 3894 Epist.
424 3840 628 3894 xxvut,
669 3825 737 3882 ad
783 3827 1016 3884 Plinium
1060 3846 1075 3882 :
1113 3846 1133 3880 ι
1194 3827 1431 3885 Pertinet
1471 3827 1539 3883 ad
1576 3828 1815 3887 animum

216 3930 418 3982 meum,
442 3917 635 3989 inquit,
653 3920 797 3992 quali
826 3921 1016 3978 itinere
1040 3922 1093 3977 in
1117 3906 1444 3994 provinciam
1460 3924 1761 3995 pervenias.
1788 3942 1809 3975 ι

215 4008 480 4066 Steviebat
503 4023 682 4070 autem
706 4030 886 4083 nunc,
934 4025 993 4072 ut
1038 4030 1159 4072 cum
1187 4018 1450 4085 maxime,
1486 4017 1809 4089 persecutio.

213 4099 411 4157 Narrat
434 4104 579 4167 enim
618 4104 887 4163 Lucianns
912 4122 974 4163 se
999 4122 1121 4165 cum
1159 4108 1280 4164 aliis
1311 4107 1708 4166 confessoribus
1748 4107 1817 4165 ab

215 4201 341 4249 octo
370 4193 560 4253 diebus
589 4196 781 4269 iterato
805 4199 1074 4261 reclusum
1102 4216 1222 4257 esse
1240 4242 1257 4269 ,
1289 4216 1353 4257 ac
1373 4216 1594 4273 sperare
1616 4192 1817 4274 martyé

213 4302 335 4344 rum
393 4290 483 4363 qui
511 4289 624 4362 jam
666 4294 908 4349 coronati
961 4294 1204 4361 fuerant,
1256 4296 1458 4352 socium
1496 4295 1649 4352 brevi
1690 4312 1813 4352 cum

214 4379 337 4435 aliis
381 4379 640 4436 futurum.
676 4382 803 4440 llazc
836 4384 1060 4457 epistola
1087 4386 1140 4441 in
1169 4386 1450 4441 Annalibus
1498 4386 1816 4459 Cyprianicis

213 4473 416 4544 scripta
443 4474 636 4549 dicitur
667 4495 686 4529 t
715 4493 901 4541 mense
913 4479 1392 4551 maiojamall‘ecto,
1428 4502 1447 4535 ›
1473 4482 1565 4538 sed
1597 4496 1817 4561 prorsus

214 4565 497 4637 mendose.
532 4567 666 4625 Nam
689 4569 746 4626 in
785 4586 847 4628 ea
891 4572 1160 4647 Lucianns
1188 4572 1387 4631 diserte
1420 4574 1659 4631 declarat
1698 4576 1816 4630 uni-

212 4673 404 4727 versos
445 4658 785 4719 cenfessores
830 4664 1093 4721 universis
1131 4665 1297 4739 lapsis
1334 4682 1521 4740 pacem
1561 4666 1813 4735 dedisse,

213 4751 359 4824 quod
384 4762 561 4827 tamen
580 4752 788 4813 facinus
818 4773 923 4815 non
958 4768 1250 4826 tentarunt,
1279 4760 1381 4837 nisi
1414 4770 1535 4833 post
1555 4763 1813 4834 scriptam

215 4846 468 4918 Cypriani
505 4847 679 4920 Epist.
714 4867 801 4918 xv,
835 4852 902 4923 ad
929 4854 1235 4926 Romanos,
1275 4866 1336 4925 ut
1369 4855 1485 4928 ipse
1513 4853 1816 4930 Cyprianus

219 4945 445 4999 testatur
483 4940 535 4995 iu
558 4941 728 5013 Epist.
753 4959 906 5001 xxnt.

286 5028 345 5085 In
385 5030 467 5086 his
498 5030 732 5091 Celerini
777 5045 831 5093 et
867 5036 1088 5097 Luciaui
1131 5041 1325 5099 litteris
1363 5054 1817 5103 commemoratur

218 5123 539 5183 Saturninus
584 5127 882 5200 confessor,
928 5148 1086 5206 quem
1121 5136 1363 5197 nortnulli
1404 5138 1653 5195 eumdem
1695 5154 1817 5197 csse

219 5218 407 5293 volunt
426 5220 723 5295 Saturnino
745 5223 1150 5298 Carthagiuensi
1169 5270 1186 5294 ,
1214 5245 1374 5301 quem
1403 5220 1704 5305 Cyprianus
1733 5242 1814 5288 te-

221 5323 392 5370 statur
417 5315 593 5389 Epist.
623 5333 756 5374 nul
779 5360 795 5387 ,
826 5329 948 5390 post
992 5329 1256 5380 tormenta
1283 5324 1461 5382 adhuc
1504 5327 1557 5381 in
1598 5341 1817 5389 carcere

219 5408 449 5479 positum
477 5409 652 5477 nullos
691 5410 899 5467 libellos
924 5412 1158 5481 dedisse,
1189 5415 1380 5488 cuique
1404 5432 1508 5473 una
1549 5432 1673 5477 cum
1700 5420 1817 5489 Au-

218 5500 355 5556 relio
374 5499 628 5574 inscripta
644 5512 761 5565 erat
774 5505 1003 5576 epistola
1031 5506 1391 5565 Romanorum
1421 5511 1813 5579 confessorem.

218 5591 292 5647 At
319 5594 557 5663 profante
594 5596 701 5653 duo
734 5597 1098 5671 distinguendi
1112 5609 1246 5668 sunt
1283 5601 1588 5672 Saturnini,
1611 5606 1815 5679 Roma-

220 5699 321 5745 nus
340 5696 397 5745 et
419 5686 873 5771 Carthagineusis.
903 5692 1039 5753 Nam
1059 5693 1380 5765 Saturnipus
1414 5696 1568 5769 cujus
1599 5699 1818 5763 nomine

218 5777 513 5853 Luciauum
538 5783 818 5853 Celerinus
843 5786 1062 5857 salutat,
1082 5788 1196 5862 jam
1226 5789 1298 5847 ibi
1324 5790 1378 5847 in
1415 5810 1433 5844 ι
1463 5806 1620 5863 pinna
1651 5809 1813 5866 ungu-

212 5868 393 5943 larum
438 5874 959 5949 fortitercopfessus
997 5899 1016 5936 ι
1053 5882 1259 5953 fuerat;
1289 5882 1340 5959 id
1367 5892 1543 5957 autem
1571 5883 1638 5957 de
1676 5882 1814 5944 Car-

1441 342 1600 403 \’ITA
1640 338 1885 403 SANCTI
1918 336 2269 405 ,CYPRIANI.

3447 356 3552 416 110

1947 460 2249 534 thagineusi
2280 460 2569 519 Saturnino
2605 463 2826 539 intelligi
2871 481 2976 525 non
3006 478 3201 542 potest.
3240 471 3395 543 Nam,
3422 491 3550 535 cum

1946 554 2062 609 haec
2087 554 2345 611 scriberet
2388 555 2668 613 Celerinus
2704 559 2759 614 in
2787 560 2875 617 die
2909 561 3107 619 laetitia:
3135 565 3381 638 Paschre,
3413 585 3552 625 non-

1945 647 2073 704 dum
2102 646 2423 723 Carthagine
2454 651 2652 709 inflicta
2684 654 2895 712 fuerant
2925 667 3210 726 tormenta,
3239 661 3323 717 vel
3350 664 3545 721 saltem

1945 744 2183 799 nondum
2214 744 2371 816 hujus
2397 746 2474 803 rei
2502 746 2670 816 fama,
2701 749 2897 807 nedum
2934 752 3048 824 ipse
3074 753 3395 812 Saturninus
3427 770 3552 828 post

1946 846 2207 894 tormenta
2235 839 2286 894 in
2313 854 2590 897 carcerem
2621 840 2873 901 reductus
2894 844 3120 901 Romam
3148 847 3426 917 pervenire
3452 864 3550 919 po-

1945 938 2139 986 tuerat.
2169 930 2306 988 Hinc
2342 931 2621 990 Celerinus
2647 935 2922 1005 ignorabat
2948 952 3014 992 au
3044 937 3550 1011 Carthaginiensium

1942 1021 2312 1080 confessorum
2355 1024 2517 1105 aliqui
2560 1024 2671 1096 jam
2723 1028 2861 1097 passi
2891 1038 2984 1083 aut
3027 1031 3267 1089 coronati
3298 1031 3549 1090 fuissent.

1944 1114 2146 1173 Deinde
2190 1132 2319 1175 vero
2369 1120 2507 1177 inter
2554 1122 2829 1178 molestias
2876 1123 3146 1195 Cypriane
3209 1126 3473 1184 exhibitas
3514 1144 3550 1184 a

1941 1204 2200 1277 Luciano,
2230 1223 2653 1280 supervenerunt
2698 1212 2892 1273 littera:
2936 1214 3305 1274 confessorqu
3348 1219 3548 1276 Roma-

1940 1317 2129 1358 norum
2162 1303 2451 1361 Saturnino
2485 1315 2539 1363 et
2567 1308 2786 1365 Aurelio
2826 1308 3096 1382 inscripta:
3121 1330 3135 1368 :
3163 1312 3429 1371 Lucianus
3453 1331 3547 1373 co-

1939 1392 2060 1448 dem
2093 1402 2367 1468 tempore,
2410 1397 2462 1454 id
2507 1408 2590 1455 est
2630 1401 2790 1471 paulo
2820 1412 2941 1474 post
2970 1404 3248 1475 epistolam
3278 1405 3545 1465 decimam

1938 1487 2176 1559 quintam
2217 1489 2505 1563 Cypriani,
2534 1501 2588 1548 et
2638 1509 2950 1552 concessam
2984 1497 3205 1555 licenter
3233 1499 3399 1569 lapsis
3427 1501 3544 1557 uni-

1935 1584 2109 1639 versis
2136 1596 2344 1653 pacem,
2370 1584 2659 1656 respondet
2684 1584 2933 1645 Celerino
2952 1599 3007 1646 et
3026 1591 3371 1651 Saturninum
3399 1595 3546 1651 salu-

1938 1683 2033 1728 tat.
2064 1672 2297 1732 Necesse
2323 1686 2559 1749 estergo
2584 1678 2717 1736 duos
2742 1679 3060 1739 Saturninos
3084 1684 3435 1757 distinguere.
3465 1690 3545 1745 Ac

1935 1767 2411 1844 Carthaginensem
2441 1774 2658 1846 quidem
2681 1777 2793 1848 jam
2824 1789 3141 1839 coronatum
3168 1782 3336 1842 fuisse
3364 1784 3545 1842 credi-

1935 1861 2129 1931 derim,
2162 1880 2283 1921 cum
2318 1865 2512 1935 litterte
2547 1870 2916 1933 confessorum
2956 1863 3320 1935 Romanorum
3363 1879 3462 1949 ipsi
3488 1889 3545 1937 et

1934 1956 2152 2013 Aurelio
2181 1957 2452 2029 inscriptae
2472 1971 2762 2029 venerunt.
2794 1963 2948 2034 Quod
2971 1968 3116 2024 enim
3144 1970 3216 2025 ait
3241 1969 3544 2043 Cyprianus

1931 2063 2052 2105 eum
2108 2059 2229 2122 post
2283 2060 2547 2109 tormenta
2596 2054 2772 2113 adhuc
2815 2058 2868 2114 in
2917 2075 3141 2125 carcere
3192 2064 3542 2121 constitutum

1933 2140 2109 2199 nullos
2136 2144 2347 2202 libellos
2376 2146 2614 2212 dedisse,
2646 2149 2858 2208 videtur
2883 2152 3123 2225 iudicare
3151 2172 3273 2223 eum
3305 2172 3409 2213 non
3434 2157 3541 2213 ali-

1933 2244 2013 2291 ter
2028 2251 2059 2293 e
2075 2252 2314 2307 carcere,
2343 2254 2503 2311 quam
2535 2243 2792 2314 martyrio
2814 2244 3048 2305 solutum
3074 2245 3261 2307 fuisse.
3281 2250 3542 2307 Similiter

1930 2328 2006 2383 ait
2039 2347 2057 2381 ι
2097 2330 2260 2393 I‘aulo
2281 2373 2297 2400 ,
2322 2331 2474 2402 cujus
2505 2348 2786 2391 excessum
2818 2324 3242 2417 commemorat,
3280 2322 3455 2401 adhuc
3484 2346 3541 2402 iu

1860 2425 1877 2437 ‘
1928 2438 2146 2482 carcere
2184 2424 2375 2497 posito,
2405 2427 2697 2486 Lucianum
2729 2432 2947 2509 nomine
2976 2436 3118 2501 illius
3139 2437 3351 2495 libellos
3371 2456 3538 2499 manu

1929 2530 2026 2573 sua
2076 2517 2307 2589 scriptos
2347 2518 2583 2576 dedisse.
2621 2539 2639 2572 ι
2676 2520 2835 2577 Certe
2872 2526 3115 2587 nondum
3159 2530 3320 2585 soluti
3371 2543 3530 2590 erant

1928 2606 2265 2666 confessores
2294 2625 2324 2665 e
2362 2625 2581 2669 carcere
2623 2626 2745 2669 cum
2781 2614 3041 2691 scriberet
3068 2618 3368 2699 Cyprianus
3397 2624 3537 2682 hanc

1929 2699 2223 2773 Epistolam
2281 2719 2434 2759 xxut.
2473 2703 2796 2776 Corruplutu
2824 2710 2875 2767 in
2901 2712 3124 2782 epistola
3146 2715 3376 2774 Celerini
3400 2720 3537 2778 insi-

1926 2810 2085 2867 gnem
2114 2797 2289 2853 locum
2321 2799 2556 2857 conabor
2578 2801 2887 2879 emendare.
2920 2806 3009 2862 Sic
3032 2807 3226 2879 legitur
3254 2812 3313 2867 in'
3332 2813 3489 2871 editis
3514 2831 3535 2876 ς

1933 2905 1953 2940 r
1980 2887 2113 2943 Peto
2133 2895 2332 2956 tamen,
2356 2889 2690 2956 cbarissime,
2713 2909 2744 2948 a
2764 2895 3010 2965 Domino,
3034 2908 3108 2967 ut,
3130 2901 3176 2957 si
3198 2913 3323 2961 ante
3341 2920 3534 2965 cruore

1926 2978 2021 3033 illo
2048 2989 2236 3037 sancto
2263 2981 2476 3050 laveris,
2502 2984 2548 3038 si
2594 2986 2741 3056 prius
2774 3003 2962 3065 passus
2991 2990 3155 3050 fueris
3178 3011 3276 3068 pro
3309 3001 3531 3058 nomine

1927 3070 2137 3157 Domini
2165 3073 2334 3129 nostri
2376 3072 2505 3143 Jesu
2533 3073 2765 3145 Christi,
2811 3096 2970 3153 quam
3007 3083 3199 3148 litterte
3227 3103 3363 3147 meae
3392 3100 3442 3147 te
3471 3092 3529 3148 in

1924 3163 2027 3222 hoc
2073 3166 2274 3224 mundo
2303 3169 2735 3241 apprehendaut,
2766 3175 2849 3231 vel
2894 3191 3037 3233 nunc
3069 3178 3114 3235 si
3150 3182 3530 3253 apprehende-

1922 3263 2051 3327 rint,
2083 3261 2213 3317 mihi
2242 3261 2311 3318 ad
2333 3263 2449 3318 haec
2475 3264 2762 3323 rescribas.
2798 3287 2819 3322 ι
2843 3268 3179 3330 Desudaruut
3208 3275 3442 3336 editores
3472 3281 3551 3338 irr

1923 3354 2009 3410 his
2039 3354 2214 3410 verbs
2235 3396 2251 3424 ,
2283 3370 2383 3415 nec
2407 3357 2695 3429 quidquam
2730 3360 3000 3432 explicare
3025 3375 3330 3436 potuerunt.
3360 3372 3433 3428 At
3466 3374 3524 3430 in

1921 3445 2107 3521 codice
2135 3462 2238 3502 ms.
2267 3447 2396 3502 olim
2422 3447 2648 3515 Baluzii,
2674 3466 2814 3507 nunc
2842 3453 3411 3533 bibliotlteca:_Regia:,
3441 3466 3525 3522 sic

1922 3540 2149 3613 legitur:
2177 3558 2196 3591 ι
2227 3540 2356 3597 Peto
2386 3551 2584 3608 tamen,
2608 3541 2944 3614 charissime,
2970 3564 3001 3604 a
3030 3549 3277 3619 Domino,
3314 3563 3372 3609 ut
3394 3566 3525 3614 ante

1920 3648 2113 3690 cruore
2141 3632 2236 3688 illo
2261 3644 2448 3689 sancto
2474 3634 2670 3692 laveris
2713 3651 2813 3707 pro
2858 3641 3073 3697 nomine
3102 3642 3313 3701 Domini
3355 3649 3527 3705 nostri

1920 3726 2051 3784 Jesu
2075 3725 2297 3793 Christi,
2329 3741 2485 3798 quam
2516 3736 2568 3783 te
2597 3727 2787 3786 littera:
2816 3746 2949 3788 mete
2978 3732 3031 3788 in
3059 3734 3162 3813 hoc
3189 3739 3390 3795 mundo
3422 3755 3524 3811 ap-

1922 3820 2287 3893 prehendant;
2316 3819 2402 3877 vel
2429 3835 2569 3877 nunc
2591 3822 2636 3877 si
2656 3823 3128 3896 apprehenderint,
3157 3830 3287 3886 mihi
3314 3831 3381 3887 ad
3407 3831 3525 3891 lucc

1921 3913 2208 3970 rescribas.
2244 3931 2264 3965 ι
2299 3912 2562 3968 Praeclara
2593 3928 2724 3970 sane
2754 3900 2813 3985 [et
2838 3916 2993 3988 digna
3045 3932 3278 3994 martyre
3306 3930 3525 3980 sentcn-

1922 4008 2013 4089 tia!
2032 4007 2329 4065 Conﬁrmat
2342 4006 2480 4063 hanc
2493 4007 2776 4065 lectionem
2792 4010 2964 4067 codex
2976 4011 3523 4087 Gratianopolitanus,

1919 4102 2007 4177 qui
2036 4101 2235 4159 habet:
2267 4120 2287 4154 ‹
2323 4100 2456 4157 Peto
2483 4109 2681 4170 tamen,
2711 4102 3047 4175 charissitue,
3072 4122 3101 4162 a
3129 4108 3380 4180 Domino,
3404 4121 3519 4168 uta
3609 4183 3617 4192 ,

1920 4209 2008 4250 me
2033 4208 2223 4250 cruore
2250 4193 2361 4261 illo,
2389 4204 2494 4251 etc.
2528 4211 2548 4246 ι

1920 4330 2343 4388 XlV.—scnuur
2373 4346 2420 4387 s.
2443 4346 2729 4389 CYPRIANUS
2760 4348 2829 4390 an
2856 4348 3069 4393 cenauu
3080 4352 3148 4393 ne
3164 4352 3523 4400 onntxutoxu

1991 4439 2183 4482 suum
2203 4441 2272 4481 s'r
2289 4440 2754 4483 orum—vanu:
2784 4445 3057 4486 LAPSORUII
3073 4450 3142 4488 an
3168 4439 3406 4493 sax'cruu
3421 4455 3521 4494 cv-
3558 4417 3569 4424 ’

1991 4533 2221 4574 smmum
2250 4532 2804 4577 LITTER£.—CLERUS
2841 4516 3094 4580 nnlovm'
3121 4542 3153 4582 Α
3177 4543 3522 4588 consumens

1992 4628 2093 4671 80A
2107 4627 2267 4671 CAIUII
2296 4628 2690 4670 DlDDENSEIL—
2705 4629 2812 4681 QUO
2839 4631 3087 4675 TEIPORE
3114 4635 3356 4678 LITTEBE
3386 4640 3520 4682 XXIII

1992 4722 2061 4762 ΕΤ
2084 4722 2214 4761 XXIX
2236 4705 2640 4763 SCRIPTE?—DE
2652 4721 2806 4764 CLERI
2822 4721 3020 4767 ROMANl
3048 4727 3116 4768 ΒΤ
3145 4727 3523 4773 ςοΝῖεεεοιιωι

1992 4815 2257 4857 ιιττειιιε.

1990 4939 2279 5012 Postquam
2312 4935 2561 4994 Saturum
2596 4944 2651 4993 et
2675 4936 2925 5010 Optatum
2969 4940 3195 4999 clericos
3239 4946 3517 5005 constituit

1920 5029 2238 5105 Cyprianus,
2270 5044 2471 5101 eosque
2499 5028 2722 5084 Romam
2754 5045 2875 5086 cum
2906 5032 3096 5090 litteris
3125 5035 3300 5102 misit,
3332 5039 3521 5096 scribit

1920 5125 1988 5180 ad
2016 5124 2220 5181 clerum
2262 5138 2417 5180 suum
2458 5122 2751 5193 Epistulam
2805 5141 2969 5192 xXtv,
3015 5128 3067 5185 in
3110 5145 3212 5199 qua
3253 5131 3519 5190 rationem

1899 5219 2095 5284 .reddit
2124 5236 2220 5276 cur
2241 5233 2408 5276 novos
2428 5218 2678 5286 clericos,
2710 5217 3013 5275 inconsulte
3038 5222 3205 5289 clero,
3238 5234 3474 5282 creasset
3500 5245 3518 5296 ;

1922 5329 2242 5387 quamquam
2273 5330 2361 5383 ,ne
2388 5312 2442 5369 id
2470 5313 2686 5386 quidem
2707 5355 2722 5382 ,
2758 5315 3057 5370 inconsulto
3085 5316 3232 5373 clero
3254 5359 3269 5385 ,
3314 5318 3516 5377 factum

1922 5423 2044 5466 esse
2071 5409 2437 5472 demonstrat;
2463 5405 2724 5476 siquidem
2749 5406 2868 5462 illos
2896 5424 2914 5457 ι
2938 5405 3285 5477 jampridem,
3318 5410 3511 5483 inquit,

1922 5506 2192 5562 communi
2222 5502 2445 5560 consilio
2469 5501 2616 5557 clero
2647 5500 2923 5572 proximos
2953 5500 3274 5572 feceramus,
3299 5508 3515 5578 quando

1922 5606 2016 5654 aut
2065 5580 2261 5653 Saturo
2308 5593 2395 5657 die
2435 5591 2654 5649 Pascha:
2692 5591 2859 5648 semel
2899 5600 3059 5664 atque
3098 5594 3289 5652 iterum
3330 5598 3518 5656 lcetio-

1922 5706 2049 5757 nem
2094 5689 2368 5756 dedimus,
2414 5696 2506 5741 aut
2545 5683 2705 5741 modo
2744 5698 2867 5740 cum
2903 5686 3229 5760 presbyteris
3278 5689 3515 5748 (ιοειοτί-

1922 5787 2022 5849 bus
2051 5786 2278 5843 lectores
2324 5780 2607 5853 diligenter
2645 5778 3031 5851 probaremus,
3087 5781 3338 5857 Optatum
3380 5788 3521 5845 inter

1920 5880 2158 5955 lectores
2182 5878 2460 5945 doctorem
2510 5873 2836 5933 audientium
2886 5876 3291 5961 constituimus,
3320 5880 3524 5938 exami-
