4050 6438
546 358 641 439 ιιι
1233 431 1252 447 ,
1762 381 1919 439 V'lTA
1960 379 2203 441 SANCTI
2235 370 2581 436 tzrrmaut.
3090 378 3091 381 ‘
3742 381 3832 448 lla

546 507 736 556 nantes
777 513 845 555 an
872 505 1223 569 congruerent
1271 495 1377 553 illis
1420 495 1597 553 omnia
1642 510 1758 567 qua:
1786 514 1908 556 esse
1945 499 2143 556 debent

546 594 599 648 in
643 594 725 649 his
751 593 841 665 qui
883 591 948 648 ad
979 592 1182 648 clerum
1216 590 1557 662 parabantur.
1596 610 1615 644 ι
1651 591 2009 663 Sequentibus
2038 609 2143 650 Stc-

546 690 681 745 culis
720 703 826 742 non
879 688 1024 744 clero
1068 686 1240 743 solum
1282 686 1544 758 proximi,
1594 686 1689 743 sed
1740 686 1901 743 etiam
1944 688 2140 744 addicti

547 791 776 839 erantet
797 782 1052 854 adscripti
1088 784 1177 853 qui
1202 780 1380 837 'semel
1414 789 1471 837 et
1496 782 1686 837 iterum
1716 781 1973 853 legerant.
2007 781 2142 838 llinc

544 877 876 950 Augustinus
903 877 1073 950 Epist.
1126 893 1281 941 anr.
1314 877 1698 933 conscientiam
1725 875 1908 935 Severi
1942 876 2139 947 implo-

544 981 627 1026 rat
663 991 681 1025 ι
718 982 893 1028 utrum
936 970 1097 1026 homo
1127 971 1217 1042 qtti
1247 971 1300 1025 in
1343 969 1568 1026 ecclesia
1620 985 1782 1035 mezc,
1820 968 2023 1041 inquit,
2052 968 2137 1023 di-

543 1064 872 1135 Spensationi
902 1063 1102 1120 credita
1125 1062 1238 1135 jam
1271 1063 1447 1134 legere
1498 1072 1765 1134 cmperat,
1798 1071 1853 1118 et
1898 1077 2002 1117 non
2046 1076 2137 1117 se-

543 1159 677 1226 mel,
716 1158 811 1216 sed
844 1159 1036 1216 iterum
1083 1167 1137 1214 ct
1166 1158 1357 1224 tertio,
1414 1173 1519 1214 non
1561 1156 1725 1214 fuisse
1772 1157 1941 1214 lector
1970 1158 2139 1228 possit

538 1260 632 1306 aut
666 1251 858 1307 debeat
898 1251 1146 1322 judicari.
1182 1269 1202 1303 ι
1245 1251 1529 1308 Decretum
1570 1251 1621 1306 in
1664 1250 1895 1307 concilio
1940 1250 2140 1307 Milevi-

539 1356 665 1401 tano
689 1362 777 1401 an.
806 1344 934 1415 402,
960 1354 1017 1401 ut
1044 1346 1366 1418 quicumque
1410 1345 1463 1401 in
1491 1346 1718 1402 ecclesia
1748 1344 1829 1401 vel
1859 1344 2026 1401 semel
2053 1344 2135 1400 le-

538 1440 695 1511 gerit,
733 1440 802 1495 ab
829 1438 930 1493 alia
959 1438 1188 1494 ecclesia
1217 1453 1326 1493 non
1357 1447 1620 1494 teneatur.

609 1533 830 1589 Fatetur
864 1549 925 1590 se
955 1534 1164 1589 nescire
1189 1531 1568 1589 Tillemontius
1598 1548 1731 1605 quas
1758 1532 1961 1589 litteras
1988 1532 2133 1589 desi-

533 1637 661 1697 gnet
688 1625 987 1700 Cyprianus
1026 1626 1176 1681 initio
1220 1625 1378 1697 hujus
1440 1626 1693 1697 Epistolre
1746 1643 1894 1694 xxiv,
1927 1627 2013 1682 ubi
2053 1626 2133 1683 sic

532 1719 807 1791 loquitur:
848 1738 867 1771 ι
915 1719 994 1776 Ne
1029 1720 1157 1791 quid
1197 1721 1578 1777 conscientiam
1627 1732 1855 1778 vestram
1903 1722 2128 1790 lateret,

532 1810 726 1867 fratres
765 1811 1100 1881 charissimi,
1145 1814 1272 1885 quid
1319 1814 1447 1869 mihi
1478 1815 1739 1885 scriptum
1782 1815 1851 1869 sit
1896 1815 2131 1887 quidque

529 1919 630 1974 ego
679 1906 1081 1976 rescripserim,
1126 1907 1402 1977 utriusque
1445 1907 1689 1977 epistolae
1742 1907 1892 1962 vobis
1939 1923 2127 1963 exem-

527 1997 675 2066 plum
722 1998 874 2067 misi,
920 2009 973 2054 et
1015 1997 1180 2055 credo
1207 1999 1360 2054 vobis
1416 1998 1467 2054 id
1527 1999 1668 2070 quod
1727 2000 1977 2071 rescripsi
2023 2015 2127 2055 non

528 2088 835 2159 displicere.
867 2109 886 2143 ι
920 2089 1025 2147 Sed
1050 2133 1065 2158 ,
1110 2106 1234 2146 cum
1271 2090 1569 2162 Cyprianus
1595 2092 1647 2146 in
1670 2091 1909 2163 Epistola
1940 2108 2091 2148 xxvn
2112 2135 2126 2158 ,

527 2197 647 2253 qnzc
678 2182 835 2252 paulo
863 2189 984 2252 post
1012 2181 1151 2238 hanc
1184 2182 1495 2254 vigesimam
1524 2193 1765 2255 quartam
1796 2185 1990 2254 scripta
2021 2194 2125 2253 est,

527 2284 753 2332 testetur
774 2291 943 2347 nuper
961 2275 1061 2332 sibi
1088 2275 1372 2347 scripsisse
1397 2276 1655 2348 quosdam
1693 2296 1711 2328 ι
1747 2275 1997 2347 delapsis
2023 2276 2127 2332 lin-

526 2370 682 2426 miles
709 2378 764 2425 et
787 2369 944 2426 mites
962 2413 975 2435 ,
1003 2380 1058 2426 et
1089 2378 1378 2427 trementes
1417 2378 1472 2426 et
1498 2379 1800 2429 metuentes
1827 2370 2027 2439 Deum,
2071 2379 2126 2428 et

522 2462 615 2534 qui
641 2463 691 2517 in
742 2462 981 2520 Ecclesia
1008 2478 1223 2534 semper
1246 2462 1480 2535 gloriose
1520 2473 1574 2520 et
1601 2464 1876 2535 granditer
1916 2463 2125 2535 Operati

519 2566 681 2623 sunt;
722 2577 741 2609 ι
803 2572 969 2629 seque
1021 2557 1128 2613 illis
1169 2557 1494 2629 gratulatum
1549 2572 1671 2614 esse
1722 2573 1786 2615 ac
1841 2558 2121 2614 Dominum

521 2648 793 2722 dignatum
817 2665 937 2707 esse
963 2668 983 2704 ι
1010 2649 1299 2707 ostendere
1321 2649 1450 2722 quid
1473 2650 1737 2722 ejusmodi
1756 2661 1807 2707 et
1833 2652 1965 2708 tales
1980 2651 2122 2708 servi

520 2743 589 2798 de
635 2744 750 2814 ejus
791 2743 1118 2815 benignitate
1145 2753 1485 2812 mereantur;
1524 2764 1544 2798 ι
1594 2744 1822 2801 libenter
1872 2745 2122 2802 credide-

522 2835 627 2890 rim
655 2836 792 2891 hanc
817 2835 1088 2906 lapsorum
1126 2835 1409 2907 epistolam
1440 2844 1496 2891 et
1522 2835 1773 2909 Cypriani
1808 2838 2122 2907 responsio-

521 2942 645 2984 nem
680 2928 838 2984 simul
864 2927 932 2983 ad
972 2928 1178 2985 clerum
1208 2927 1587 3000 Carthaginem
1612 2930 1805 2986 missas
1841 2945 1961 2986 esse
1998 2946 2119 2987 cum

526 3021 766 3093 Epistola
820 3036 978 3076 xxrv.
1015 3020 1131 3076 Non
1163 3019 1353 3077 eadem
1374 3021 1577 3077 exstitit
1605 3022 1656 3076 in
1681 3021 1930 3078 omnibus
1960 3023 2123 3095 lapsis

521 3115 683 3169 animi
719 3114 1038 3171 moderatio.
1081 3112 1309 3183 Quidam
1348 3112 1494 3170 enim
1524 3113 1591 3170 ad
1621 3113 1944 3187 Cyprianum
1989 3116 2123 3172 seri-

522 3214 743 3277 pscrnnt
774 3224 793 3259 ι
826 3220 1017 3278 pacem
1057 3220 1163 3260 non
1205 3204 1435 3260 dandam
1479 3205 1581 3261 sibi
1620 3206 1982 3278 postulantes,
2026 3206 2122 3263 sed

504 3296 673 3373 'quasi
718 3300 830 3372 jam
873 3299 1051 3356 datam
1103 3298 1204 3353 sibi
1251 3298 1581 3356 vindicantes
1637 3298 1833 3370 (Epist.
1865 3299 2063 3371 χχιι),
2095 3318 2115 3351 ι

521 3402 597 3462 et,
630 3393 774 3465 quod
794 3390 1043 3464 Cypriani
1072 3389 1492 3462 indignationem
1539 3393 1769 3447 maxime
1794 3393 2118 3461 commovit,

519 3488 598 3544 sic
618 3485 925 3544 scribebant
944 3495 998 3542 ttt
1034 3504 1053 3538 ι
1083 3485 1337 3541 Ecclesia:
1360 3484 1576 3541 nomine
1596 3484 1802 3542 litteras
1826 3484 2115 3543 facerent.»

526 3578 752 3651 Seripsit
777 3578 844 3635 ad
885 3592 981 3635 eos
1018 3577 1318 3650 Cyprianus
1349 3576 1645 3648 Epistolam
1683 3594 1830 3635 xxvn
1854 3620 1870 3647 ,
1923 3588 1981 3635 ut
2024 3595 2122 3636 eo-

521 3688 638 3728 rum
666 3669 1022 3727 temeritatem
1049 3669 1386 3740 reprimeret.

595 3765 750 3822 Circa
800 3764 940 3820 idem
994 3773 1209 3834 tempus
1251 3762 1539 3818 certiorem
1592 3763 1740 3819 illum
1779 3763 1904 3820 fecit
1946 3766 2121 3822 clerus

521 3856 961 3928 Carthaginensis
991 3870 1052 3913 se
1084 3871 1152 3911 ex
1178 3854 1408 3911 consilio
1437 3855 1816 3927 episcoporum
1858 3858 1951 3929 qui
1987 3857 2121 3915 ade-

522 3963 663 4019 rant,
693 3968 811 4009 cum
838 3951 974 4009 Gaio
1000 3950 1252 4008 Diddensi
1273 3992 1289 4018 ,
1317 3951 1539 4022 ejusque
1562 3952 1788 4008 diacono
1816 3955 2119 4009 communi-

521 4046 751 4103 caudum
788 4061 895 4102 non
941 4045 1251 4111 censuisse,
1284 4042 1407 4114 quia
1447 4044 1976 4101 communicaverant
1999 4062 2121 4103 cum

526 4141 691 4212 lapsis
717 4154 1012 4210 eorumque
1039 4136 1337 4193 oblationes
1362 4135 1692 4205 obtulerant,
1738 4149 1793 4195 et
1817 4139 1885 4195 ab
1914 4140 2123 4211 episco-

531 4236 613 4304 pis
642 4234 809 4289 semel
851 4242 1012 4303 atque
1060 4231 1254 4286 iterum
1299 4229 1489 4286 moniti
1518 4233 1883 4302 perSIiterant.
1916 4235 2122 4291 Laudat

521 4327 823 4401 Cyprianus
846 4325 977 4383 cleri
1014 4324 1095 4381 sui
1126 4324 1692 4396 constantiam,jubet
1739 4336 1798 4382 ut
1839 4328 2119 4399 epistolam

524 4439 687 4495 quam
713 4420 780 4477 ad
826 4434 920 4476 eos
959 4418 1226 4475 scribebat
1251 4415 1371 4491 (est
1404 4427 1582 4473 autem
1612 4418 1868 4490 vigesima
1895 4421 2119 4496 octava)

527 4517 797 4589 episc0pis
822 4515 1021 4586 legant,
1053 4514 1115 4570 ac
1137 4515 1182 4569 si
1210 4512 1331 4583 quis
1367 4511 1435 4567 de
1462 4512 1789 4584 presbyteris
1816 4524 1908 4569 aut
1935 4515 2119 4573 diaco-

527 4612 687 4667 nibus
712 4609 845 4677 suis,
869 4608 956 4664 vel
981 4606 1142 4664 etiam
1164 4606 1230 4661 de
1255 4604 1552 4677 peregrinis
1572 4608 1970 4663 communicare
1997 4623 2120 4664 cum

529 4704 694 4776 lapsis
720 4702 932 4766 audeat,
962 4715 991 4754 a
1021 4700 1397 4755 communione
1434 4714 1529 4754 sua
1557 4707 1820 4754 arceatur.
1857 4700 1994 4757 Cum
2022 4718 2120 4757 au-

529 4808 638 4854 tem
668 4794 945 4853 consultus
970 4792 1132 4847 etiarn
1163 4806 1190 4843 a
1221 4791 1366 4847 clero
1394 4790 1583 4847 fuisset
1608 4790 1677 4847 de
1722 4790 2034 4849 Philomeno
2067 4802 2123 4851 et

529 4893 823 4949 Fortunato
868 4884 1253 4959 hypodiaconis
1295 4894 1351 4940 et
1389 4883 1654 4940 Favorino
1680 4885 1932 4958 acolytho
1953 4928 1969 4955 ,
1996 4888 2117 4958 qui,

526 5002 649 5043 cum
677 4983 854 5040 medio
891 4992 1133 5052 tempore
1171 4978 1580 5045 discessissent,
1612 4994 1784 5051 nuper
1813 4979 2117 5049 redierant,

529 5090 738 5150 tempus
764 5076 920 5148 hujus
947 5077 1024 5130 rei
1054 5070 1411 5144 dijudicandze
1435 5070 1669 5126 nonduin
1697 5086 1819 5128 esse
1848 5057 2119 5129 existima-

436 5202 437 5205 η
527 5172 635 5238 vit,
659 5185 725 5226 eo
750 5167 893 5240 quod
914 5164 1066 5221 multi
1091 5162 1267 5219 adhuc
1291 5162 1359 5218 de
1383 5161 1529 5219 clero
1549 5162 1818 5233 abessent,
1849 5180 1913 5221 ac
1937 5167 2121 5239 singu-

522 5265 700 5322 lorum
732 5260 1005 5318 tractanda
1051 5266 1197 5315 esset
1233 5265 1289 5313 et
1317 5255 1548 5312 limanda
1596 5259 1804 5328 penitus
1830 5261 1968 5315 ratio
2008 5278 2115 5318 non

526 5364 732 5412 tantum
758 5368 880 5410 eum
907 5351 1148 5424 collegis,
1173 5349 1268 5406 sed
1295 5356 1495 5406 etcum
1524 5348 1678 5420 plebe
1709 5350 1821 5421 ipsa
1845 5352 2114 5410 universa.

521 5447 707 5520 Itaque
743 5446 929 5504 statuit
957 5456 1013 5502 ut
1051 5465 1070 5499 ι
1107 5444 1323 5501 interim
1366 5458 1426 5500 se
1452 5459 1483 5499 a
1512 5442 1777 5501 divisione
1824 5462 2115 5507 mensurna

522 5555 729 5601 tantum
784 5542 1121 5607 contineant,
1175 5556 1283 5595 non
1327 5539 1480 5611 quasi
1519 5554 1551 5594 a
1587 5539 1886 5597 ministerio
1936 5544 2114 5600 eccle-

518 5635 737 5691 siastico
778 5633 970 5704 privati
998 5647 1117 5689 esse
1138 5631 1440 5697 videantur,
1471 5630 1564 5687 sed
1612 5642 1671 5686 ut
1694 5632 1915 5704 integris
1943 5636 2115 5691 omni-

516 5729 616 5784 bus
657 5725 723 5782 ad
752 5737 1029 5788 nostrum,
1082 5722 1288 5794 inquit,
1346 5723 1683 5793 praesentiam
1714 5723 2047 5783 diderantur.
2087 5747 2109 5781 ι

515 5822 655 5879 Tum
678 5821 979 5895 Cyprianus
1004 5817 1088 5874 his
1128 5818 1197 5874 de
1228 5819 1389 5875 rebus
1415 5818 1641 5874 Romam
1671 5820 1858 5877 scribit
1897 5820 2112 5892 Episto-

513 5919 623 5977 larn
678 5934 829 5988 XXII,
862 5930 959 5990 per
999 5912 1347 5977 Fortunatum
1372 5911 1818 5987 hypodiaconum,
1845 5913 2114 5992 simulque

2253 498 2409 554 mittit
2442 504 2493 554 et
2524 496 2794 567 lapsorum
2825 498 3103 568 epistolam
3145 507 3197 556 et
3228 512 3542 572 responsum
3573 516 3759 570 suum,
3786 514 3833 561 ct

2250 608 2385 664 quas
2417 602 2599 663 postea
2628 591 2693 647 ad
2723 592 2924 648 clerum
2957 593 3322 665 rescripserat.

2321 686 2412 742 Sic
2453 698 2630 742 autem
2679 688 2817 743 inter
2855 703 2914 745 se
2959 703 3110 744 nexa:
3151 697 3274 744 sunt
3313 699 3421 745 tres
3462 689 3565 743 illae
3610 690 3828 758 littera),

2251 796 2446 851 nempe
2480 796 2591 847 xv,
2654 797 2820 849 χχιιι,
2877 798 3002 839 xxrx
3029 823 3044 850 ,
3107 798 3237 853 quas
3295 782 3519 838 Romam
3561 782 3703 837 misit
3737 780 3829 856 Cy-

2248 872 2487 943 prianus,
2522 880 2579 927 ut
2608 888 2742 943 pene
2770 875 3110 930 continenter
3138 875 3351 945 scripta:
3394 873 3694 929 videantur.
3728 874 3831 930 Non

2250 964 2472 1020 dubium
2520 974 2603 1020 est
2652 966 2778 1037 quin
2835 966 3074 1038 Epistola
3139 981 3313 1032 χχιιι,
3359 968 3459 1037 per'
3497 964 3744 1023 Saturum
3785 976 3833 1022 et

2246 1057 2498 1130 Optatqu
2538 1059 2700 1116 missa
2732 1060 2836 1125 sit,
2883 1070 3168 1131 antequam
3212 1058 3405 1115 Clerus
3448 1058 3719 1115 Romanus
3761 1076 3836 1115 rc-

2245 1154 2549 1225 spondisset
2580 1153 2835 1225 Epistola:
2868 1169 2969 1220 xv;
3004 1151 3266 1225 siqnidern
3295 1154 3476 1224 utique
3525 1152 3713 1209 Clerus
3741 1152 3835 1209 llo-

2245 1261 2437 1303 manus
2455 1246 2647 1303 eodem
2674 1245 2922 1317 exemplo
2964 1243 3258 1316 respondit.
3302 1244 3605 1312 Quinetiam
3642 1254 3835 1316 postre-

2243 1357 2329 1397 ma
2364 1384 2379 1409 ,
2408 1357 2528 1413 qua:
2581 1358 2675 1413 per
2718 1340 3066 1396 Fortunatutn
3121 1338 3283 1396 missa
3321 1348 3437 1406 est,
3480 1350 3604 1396 ante
3648 1341 3834 1411 scripta

2244 1433 2457 1490 videtur
2497 1449 2655 1505 quam
2690 1434 2987 1505 Cyprianus
3031 1433 3232 1489 litteras
3280 1432 3647 1488 Romanorum
3696 1447 3835 1489 aocc-

2246 1527 2433 1598 pisset.
2466 1526 2598 1582 Nam
2622 1527 2804 1598 procul
2833 1526 2996 1583 dubio
3028 1543 3125 1598 pro
3154 1542 3361 1583 summa
3394 1544 3487 1583 sua
3518 1531 3834 1584 humanitate

2243 1621 2442 1691 gratias
2473 1620 2575 1676 illis
2603 1620 2797 1691 egisset
2833 1619 2975 1692 quod
3014 1620 3114 1676 sibi
3147 1622 3198 1676 in
3251 1621 3647 1677 molestissimis
3685 1621 3865 1695 rebus_

2247 1722 2393 1770 tanto
2408 1715 2599 1770 solatio
2620 1716 2970 1771 exstitissent.
2998 1714 3199 1770 Deinde
3217 1732 3367 1783 vero,
3392 1715 3833 1786 quemadmodum

2249 1806 2548 1881 Cyprianus
2577 1824 2672 1880 per
2696 1809 2944 1865 Saturum
2971 1816 3026 1863 et
3050 1808 3301 1877 Optatum
3331 1809 3573 1864 scribens
3597 1809 3833 1866 diccbat:

2250 1922 2269 1954 ι
2320 1904 2448 1960 Post
2476 1904 2643 1961 factas
2670 1904 2736 1959 ad
2767 1919 2864 1959 vos
2887 1903 3208 1960 litteras.....
3234 1903 3379 1960 aliud
3408 1903 3665 1968 accessit,
3700 1901 3833 1977 quod

2240 2014 2340 2054 nec
2365 1999 2540 2068 ipsum
2590 1999 2757 2056 latere
2794 2014 2891 2054 vos
2927 1998 3146 2066 debuit;
3183 2018 3202 2052 ι
3235 1998 3313 2056 sic
3337 2000 3499 2056 etiam
3527 2000 3576 2054 in
3614 1998 3835 2071 epistola

2242 2106 2336 2160 per
2373 2091 2724 2145 Fortunatum
2769 2092 2928 2145 missa
2965 2091 3140 2146 dixit:
3175 2110 3195 2143 ι
3236 2092 3587 2164 Posteaquam
3633 2092 3703 2147 ad
3747 2107 3836 2147 vos

2241 2184 2444 2239 litteras
2488 2185 2621 2252 feci,
2679 2201 2813 2255 quas
2854 2184 2976 2239 misi
3031 2200 3126 2255 per
3172 2185 3421 2242 Saturum
3487 2186 3741 2242 lectorem
3787 2193 3836 2241 ct

2240 2278 2491 2348 Optatum
2533 2276 3000 2349 hypodiaconnm,
3049 2276 3237 2335 fratres
3279 2281 3445 2335 nostri
3476 2280 3545 2336 de
3584 2295 3838 2351 quorum-

2235 2369 2359 2425 dam
2413 2377 2697 2441 prospecta
2732 2370 3085 2436 demeritate,
3137 2372 3225 2442 qui
3277 2372 3641 2441 pmnitentiam
3681 2385 3838 2443 agere

2236 2473 2292 2519 et
2321 2464 2434 2519 Deo
2470 2462 2778 2519 satisfacere
2815 2462 3151 2527 detrectant,
3199 2464 3401 2520 litteras
3448 2465 3513 2520 ad
3563 2481 3647 2521 me
3700 2466 3839 2523 fece-

2235 2568 2384 2614 runt.
2429 2577 2448 2611 ι
2482 2557 2862 2627 Quamobrem,
2906 2572 3026 2612 cum
3083 2571 3203 2612 sese
3242 2559 3481 2628 proxime
3533 2567 3839 2615 consecuta:

2233 2649 2339 2705 sint
2383 2649 2648 2722 ejusmodi
2702 2650 2896 2706 littera:
2923 2691 2937 2715 ,
3006 2649 3273 2704 immerito
3325 2659 3621 2720 postremas
3664 2651 3841 2722 rejicit

2234 2741 2561 2799 Pearsonius
2589 2745 2640 2798 in
2687 2759 2927 2799 mensem
2973 2743 3280 2809 octobrem;
3321 2758 3499 2815 neque
3537 2745 3682 2799 enim
3736 2755 3839 2800 tatu

2236 2852 2360 2893 sero
2381 2835 2711 2894 collocanda:
2739 2847 2886 2903 sunt,
2915 2846 2973 2892 ut
2991 2852 3110 2908 qua:
3135 2846 3259 2893 ante
3286 2846 3562 2908 acceptum
3595 2839 3841 2909 epistola:

2232 2930 2374 2987 Julio
2396 2932 2615 2988 ineunte
2641 2931 2854 3001 scripta:
2882 2944 3197 3001 responsum
3221 2930 3399 2986 miss:e
3416 2930 3634 2986 fuerint.
3665 2935 3839 3004 Atque

2233 3022 2347 3095 ipsa
2375 3026 2539 3080 etiam
2572 3023 2715 3079 Cleri
2760 3023 2988 3077 Romani
3016 3022 3298 3093 responsio
3328 3023 3487 3079 nimis
3511 3038 3632 3080 sero
3666 3024 3838 3080 collo-

2232 3121 2342 3175 cari
2371 3120 2581 3176 videtur
2609 3134 2795 3176 mense
2842 3119 3154 3190 septembri.
3183 3118 3345 3175 Multa
3374 3120 3514 3175 enim
3543 3134 3836 3176 concurre-

2232 3214 2364 3270 bant
2415 3230 2513 3270 cur
2578 3214 2685 3271 cito
2736 3214 2961 3269 Romani
3008 3214 3397 3285 responderent
3437 3233 3450 3270 :
3504 3214 3837 3287 perturbatio

2232 3308 2475 3364 ecclesia:
2515 3306 2966 3380 Carthaginensis
2988 3308 3219 3364 celerem
3250 3308 3568 3364 medicinam
3595 3308 3835 3379 postula-

2231 3401 2719 3468 bat;‘detrahenda
2766 3410 2882 3457 erat
2920 3400 3190 3473 Cypriane
3231 3402 3509 3471 molestia,
3556 3416 3719 3473 quam
3763 3398 3836 3456 illi

2233 3495 2596 3551 Romanorum
2624 3495 2900 3551 silentium
2938 3504 2994 3551 et
3032 3495 3227 3566 iniqua:
3260 3496 3593 3567 suspiciones
3633 3480 3839 3552 attule-v

2235 3601 2376 3645 rant.
2407 3589 2743 3645 Probabilius
2765 3603 2894 3661 ergo
2925 3597 3007 3645 est
3035 3588 3358 3661 ipsormense
3380 3598 3603 3661 augusto
3626 3589 3837 3645 venisse

2231 3683 2670 3755 praeclarissimas
2726 3683 2844 3739 illas
2887 3682 3030 3739 Cleri
3078 3682 3306 3738 Romani
3349 3693 3405 3740 et
3457 3682 3831 3740 confcssorum

2231 3777 2457 3843 litteras,
2489 3792 2610 3848 qua:
2635 3786 2760 3833 sunt
2786 3776 2927 3846 apud
2955 3776 3105 3832 Pam.
3154 3792 3281 3832 χιιι
3311 3786 3366 3833 et
3398 3792 3552 3846 χιιι,
3609 3793 3675 3834 ac
3724 3788 3830 3834 tum

2231 3870 2486 3941 Epistola:
2528 3885 2620 3938 xv,
2668 3885 2852 3941 .qnam
2900 3868 3199 3941 Cyprianus
3246 3871 3504 3942 purgandi
3543 3873 3627 3928 sui
3671 3886 3833 3929 causa

2232 3966 2551 4037 scripserat,
2581 3976 2689 4020 tum
2716 3966 2877 4021 etiam
2919 3965 2992 4020 illi
3036 3981 3194 4037 quam
3246 3976 3431 4036 postea
3461 3982 3555 4037 per
3577 3966 3831 4024 Saturum

2231 4069 2285 4114 et
2313 4060 2564 4130 Optatum
2605 4059 2769 4126 misit,
2816 4059 3069 4115 eximiam
3100 4051 3504 4130 responsionem
3533 4062 3829 4119 continent.

2230 4152 2587 4222 Novatianus,
2647 4164 2704 4209 nt
2759 4154 3082 4226 perspicitur
3127 4170 3193 4211 ex
3244 4153 3413 4225 Epist.
3467 4172 3537 4211 ur
3577 4155 3831 4228 Cypriani

2233 4246 2311 4317 (p.
2341 4246 2459 4320 67),
2491 4248 2707 4319 scripsit
2743 4248 2883 4304 hanc
2907 4247 3187 4319 epistolam
3208 4263 3355 4316 χχιι,
3386 4264 3611 4319 quacum
3640 4249 3830 4306 Clerus

2231 4340 2504 4396 Romanus
2533 4340 2691 4395 simul
2722 4340 2788 4396 ad
2813 4339 3139 4413 Cyprianum
3169 4341 3313 4396 misit
3340 4340 3544 4398 litteras
3573 4342 3828 4400 Ecclesia:

2229 4433 2487 4489 Romana:
2515 4435 2733 4490 nomine
2761 4433 2816 4488 in
2841 4433 3074 4490 Siciliam
3099 4433 3349 4503 scriptas.

2302 4526 2533 4582 Tantum
2552 4512 2738 4582 rsolatii
2763 4541 2829 4582 ex
2859 4524 2940 4581 his
2956 4524 3096 4582 Cleri
3126 4524 3354 4581 Romani
3381 4534 3435 4581 et
3458 4526 3823 4584 confessorem

2234 4618 2429 4674 litteris
2455 4619 2695 4689 percepit
2722 4617 3043 4689 Cyprianus,
3076 4612 3275 4689 easqbe
3300 4619 3547 4675 omnibus
3571 4619 3709 4677 adeo
3729 4620 3825 4676 uti-

2232 4712 2310 4767 les
2350 4709 2469 4766 fore
2506 4710 2800 4780 judicavit,
2825 4719 2881 4766 ut
2908 4709 3103 4767 Saturo
3124 4752 3139 4780 ,
3170 4711 3261 4782 qui
3292 4726 3383 4767 eas
3421 4711 3631 4768 videtur
3658 4713 3821 4769 Roma

2231 4803 2510 4870 retulisse,
2552 4802 2887 4860 mandaverit
2927 4813 2985 4859 ut
3015 4805 3238 4876 singulis
3273 4804 3701 4863 desiderantibus
3733 4807 3822 4863 dc-

2229 4896 2499 4955 scribeudi
2538 4905 2858 4967 potestatem
2904 4896 3123 4952 faceret.
3169 4896 3294 4952 Illas
3325 4898 3485 4954 etiam
3527 4897 3593 4954 ad
3621 4899 3818 4955 clerum

2229 5004 2383 5045 suum
2424 4989 2569 5045 misit
2609 5004 2732 5045 cum
2771 4990 2836 5045 iis
2878 5004 3011 5061 quas
3054 4988 3282 5045 Romam
3338 4989 3452 5060 ipse
3495 4989 3815 5062 scripserat,

2229 5080 2390 5138 simul
2441 5083 2758 5154 praecipiens
2818 5082 2955 5154 (per
2994 5081 3291 5153 Epistulam
3329 5081 3510 5155 ann)
3550 5094 3607 5139 ut
3645 5094 3701 5140 et
3727 5098 3816 5140 sua

2227 5178 2424 5248 scripta
2475 5185 2529 5232 ct
2576 5176 2791 5233 illorum
2839 5177 3095 5248 rescripta
3136 5176 3390 5232 fratribus
3430 5177 3814 5244 inuotescant;

2227 5268 2323 5325 sed
2347 5278 2431 5336 et,
2483 5270 2528 5324 si
2563 5270 2654 5341 qui
2699 5268 2768 5325 de
2801 5269 3094 5341 peregrinis
3130 5268 3371 5341 episcopi
3396 5268 3482 5324 vel
3521 5269 3815 5344 presbyteri

2225 5358 2313 5416 vel
2348 5359 2604 5417 diacones
2661 5370 2955 5430 praesentes
2999 5359 3195 5416 fuerint
3246 5359 3329 5415 vel
3368 5362 3812 5431 supervenerint,

2226 5452 2342 5508 ha3c
2366 5452 2546 5509 omnia
2576 5453 2825 5522 audiant,
2857 5463 2912 5509 et
2945 5453 2990 5509 si
3020 5453 3266 5525 exempla
3294 5454 3641 5524 epistularum
3668 5466 3811 5511 trano

2224 5544 2464 5602 scribere
2498 5554 2555 5601 et
2596 5545 2665 5601 ad
2714 5560 2841 5602 suos
2890 5545 3128 5618 perferre
3172 5545 3460 5614 voluerint,
3508 5547 3809 5604 facultatem

2224 5641 2652 5712 transcriptionis
2704 5640 2985 5712 accipiant.
3041 5641 3307 5697 Discimus
3343 5655 3410 5696 ex
3454 5640 3689 5713 Epistola
3743 5654 3811 5697 ιιι

2222 5732 2473 5805 Cypriani
2499 5733 2595 5789 has
2609 5732 2755 5791 Cleri
2775 5732 3000 5790 Romani
3023 5734 3227 5790 litteras
3246 5747 3344 5804 per
3361 5742 3528 5788 totum
3557 5732 3807 5790 mundum

2222 5824 2417 5881 miséas
2432 5824 2619 5894 fuisse,
2645 5827 2775 5883 etin
2802 5828 3043 5884 notitiam
3069 5826 3314 5884 ecclesiis
3340 5826 3590 5884 omnibus
3617 5835 3673 5884 et
3695 5827 3809 5881 uui-

2221 5918 2396 5977 versis
2409 5917 2659 5978 fratribus
2673 5919 2907 5993 perlatas
2919 5920 3102 5981 fuisse.
3123 5920 3257 5978 Hinc
3267 5919 3510 5979 declarat
3524 5920 3576 5980 iu
3594 5921 3692 5994 Ep.
3716 5935 3802 5993 ιι,
