  <div class='ocr_page' id='page_1' title='image "/cluster/home/n/w/nwhite01/storage/ocr_20150623/4/hvd.32044015471220/062.png"; bbox 0 0 4050 6408; ppageno 0'>
   <div class='ocr_carea' id='block_1_1' title="bbox 267 381 373 443">
    <p class='ocr_par' dir='ltr' id='par_1_1' title="bbox 267 381 373 443">
     <span class='ocr_line' id='line_1_1' title="bbox 267 381 373 443; baseline -0.019 0"><span class='ocrx_word' id='word_1_1' title='bbox 267 381 373 443; x_wconf 72' lang='grc'><strong>11⁸5</strong></span> 
     </span>
    </p>
   </div>
   <div class='ocr_carea' id='block_1_2' title="bbox 263 501 1860 575">
    <p class='ocr_par' dir='ltr' id='par_1_2' title="bbox 263 501 1860 575">
     <span class='ocr_line' id='line_1_2' title="bbox 263 501 1860 575; baseline 0 -17"><span class='ocrx_word' id='word_1_2' title='bbox 263 517 384 575; x_wconf 76' lang='lat' dir='ltr'><strong>quze</strong></span> <span class='ocrx_word' id='word_1_3' title='bbox 433 502 630 575; x_wconf 89' lang='lat' dir='ltr'><strong>scripta</strong></span> <span class='ocrx_word' id='word_1_4' title='bbox 676 510 761 560; x_wconf 90' lang='lat' dir='ltr'><strong>est</strong></span> <span class='ocrx_word' id='word_1_5' title='bbox 809 502 962 560; x_wconf 91' lang='lat' dir='ltr'><strong>initio</strong></span> <span class='ocrx_word' id='word_1_6' title='bbox 1015 517 1104 559; x_wconf 88' lang='lat' dir='ltr'><strong>an.</strong></span> <span class='ocrx_word' id='word_1_7' title='bbox 1157 502 1305 571; x_wconf 70' lang='grc'><strong>251,</strong></span> <span class='ocrx_word' id='word_1_8' title='bbox 1365 502 1532 560; x_wconf 90' lang='lat' dir='ltr'><strong>semel</strong></span> <span class='ocrx_word' id='word_1_9' title='bbox 1593 501 1860 573; x_wconf 88' lang='lat' dir='ltr'><strong>placuisse</strong></span> 
     </span>
    </p>
   </div>
   <div class='ocr_carea' id='block_1_3' title="bbox 269 595 1861 669">
    <p class='ocr_par' dir='ltr' id='par_1_3' title="bbox 269 595 1861 669">
     <span class='ocr_line' id='line_1_3' title="bbox 269 595 1861 669; baseline 0.001 -21"><span class='ocrx_word' id='word_1_10' title='bbox 269 614 290 647; x_wconf 81' lang='grc' dir='ltr'><strong>ι</strong></span> <span class='ocrx_word' id='word_1_11' title='bbox 339 604 443 651; x_wconf 89' lang='lat' dir='ltr'><strong>tam</strong></span> <span class='ocrx_word' id='word_1_12' title='bbox 475 596 631 652; x_wconf 87' lang='lat' dir='ltr'><strong>nobis</strong></span> <span class='ocrx_word' id='word_1_13' title='bbox 654 638 669 664; x_wconf 93' lang='lat'><strong>,</strong></span> <span class='ocrx_word' id='word_1_14' title='bbox 699 597 868 669; x_wconf 87' lang='lat' dir='ltr'><strong>inqttit</strong></span> <span class='ocrx_word' id='word_1_15' title='bbox 894 640 908 663; x_wconf 95' lang='lat'><strong>,</strong></span> <span class='ocrx_word' id='word_1_16' title='bbox 940 612 1098 669; x_wconf 91' lang='lat' dir='ltr'><strong>quam</strong></span> <span class='ocrx_word' id='word_1_17' title='bbox 1128 596 1529 654; x_wconf 88' lang='lat' dir='ltr'><strong>confessoribns</strong></span> <span class='ocrx_word' id='word_1_18' title='bbox 1568 605 1622 652; x_wconf 91' lang='lat' dir='ltr'><strong>et</strong></span> <span class='ocrx_word' id='word_1_19' title='bbox 1650 595 1861 650; x_wconf 83' lang='lat' dir='ltr'><strong>clericis</strong></span> 
     </span>
    </p>
   </div>
   <div class='ocr_carea' id='block_1_4' title="bbox 263 689 1859 764">
    <p class='ocr_par' dir='ltr' id='par_1_4' title="bbox 263 689 1859 764">
     <span class='ocr_line' id='line_1_4' title="bbox 263 689 1859 764; baseline -0.001 -17"><span class='ocrx_word' id='word_1_20' title='bbox 263 689 495 759; x_wconf 79' lang='lat' dir='ltr'><strong>Urbicis,</strong></span> <span class='ocrx_word' id='word_1_21' title='bbox 550 691 676 747; x_wconf 97' lang='lat' dir='ltr'><strong>item</strong></span> <span class='ocrx_word' id='word_1_22' title='bbox 722 691 986 748; x_wconf 85' lang='lat' dir='ltr'><strong>universis</strong></span> <span class='ocrx_word' id='word_1_23' title='bbox 1028 691 1295 764; x_wconf 75' lang='lat' dir='ltr'><strong>episcopis</strong></span> <span class='ocrx_word' id='word_1_24' title='bbox 1327 690 1410 748; x_wconf 92' lang='lat' dir='ltr'><strong>vel</strong></span> <span class='ocrx_word' id='word_1_25' title='bbox 1442 693 1493 747; x_wconf 93' lang='lat' dir='ltr'><strong>in</strong></span> <span class='ocrx_word' id='word_1_26' title='bbox 1522 698 1701 747; x_wconf 81' lang='lat' dir='ltr'><strong>nostra</strong></span> <span class='ocrx_word' id='word_1_27' title='bbox 1733 705 1859 760; x_wconf 79' lang='lat' dir='ltr'><strong>pro-</strong></span> 
     </span>
    </p>
   </div>
   <div class='ocr_carea' id='block_1_5' title="bbox 262 782 1863 852">
    <p class='ocr_par' dir='ltr' id='par_1_5' title="bbox 262 782 1863 852">
     <span class='ocr_line' id='line_1_5' title="bbox 262 782 1863 852; baseline 0.002 -16"><span class='ocrx_word' id='word_1_28' title='bbox 262 782 434 838; x_wconf 82' lang='lat' dir='ltr'><strong>vincia</strong></span> <span class='ocrx_word' id='word_1_29' title='bbox 480 783 563 840; x_wconf 91' lang='lat' dir='ltr'><strong>vel</strong></span> <span class='ocrx_word' id='word_1_30' title='bbox 592 794 738 841; x_wconf 90' lang='lat' dir='ltr'><strong>trans</strong></span> <span class='ocrx_word' id='word_1_31' title='bbox 763 799 911 840; x_wconf 91' lang='lat' dir='ltr'><strong>mare</strong></span> <span class='ocrx_word' id='word_1_32' title='bbox 955 784 1289 852; x_wconf 91' lang='lat' dir='ltr'><strong>constitutis,</strong></span> <span class='ocrx_word' id='word_1_33' title='bbox 1320 793 1376 840; x_wconf 94' lang='lat' dir='ltr'><strong>ut</strong></span> <span class='ocrx_word' id='word_1_34' title='bbox 1417 784 1551 839; x_wconf 83' lang='lat' dir='ltr'><strong>nihil</strong></span> <span class='ocrx_word' id='word_1_35' title='bbox 1578 785 1863 839; x_wconf 85' lang='lat' dir='ltr'><strong>innovetur</strong></span> 
     </span>
    </p>
   </div>
   <div class='ocr_carea' id='block_1_6' title="bbox 262 876 1859 947">
    <p class='ocr_par' dir='ltr' id='par_1_6' title="bbox 262 876 1859 947">
     <span class='ocr_line' id='line_1_6' title="bbox 262 876 1859 947; baseline -0.001 -16"><span class='ocrx_word' id='word_1_36' title='bbox 262 876 404 931; x_wconf 89' lang='lat' dir='ltr'><strong>circa</strong></span> <span class='ocrx_word' id='word_1_37' title='bbox 444 876 716 947; x_wconf 82' lang='lat' dir='ltr'><strong>lapsorum</strong></span> <span class='ocrx_word' id='word_1_38' title='bbox 747 892 999 942; x_wconf 82' lang='lat' dir='ltr'><strong>causam,</strong></span> <span class='ocrx_word' id='word_1_39' title='bbox 1055 877 1155 933; x_wconf 91' lang='lat' dir='ltr'><strong>nisi</strong></span> <span class='ocrx_word' id='word_1_40' title='bbox 1207 892 1395 934; x_wconf 89' lang='lat' dir='ltr'><strong>omnes</strong></span> <span class='ocrx_word' id='word_1_41' title='bbox 1437 878 1489 932; x_wconf 89' lang='lat' dir='ltr'><strong>in</strong></span> <span class='ocrx_word' id='word_1_42' title='bbox 1534 892 1699 931; x_wconf 91' lang='lat' dir='ltr'><strong>unum</strong></span> <span class='ocrx_word' id='word_1_43' title='bbox 1727 890 1859 931; x_wconf 91' lang='lat' dir='ltr'><strong>eon-</strong></span> 
     </span>
    </p>
   </div>
   <div class='ocr_carea' id='block_1_7' title="bbox 262 967 1860 1040">
    <p class='ocr_par' dir='ltr' id='par_1_7' title="bbox 262 967 1860 1040">
     <span class='ocr_line' id='line_1_7' title="bbox 262 967 1860 1040; baseline 0.001 -19"><span class='ocrx_word' id='word_1_44' title='bbox 262 968 606 1036; x_wconf 88' lang='lat' dir='ltr'><strong>venerimus,</strong></span> <span class='ocrx_word' id='word_1_45' title='bbox 640 978 742 1024; x_wconf 87' lang='lat' dir='ltr'><strong>etc.</strong></span> <span class='ocrx_word' id='word_1_46' title='bbox 784 988 803 1022; x_wconf 83' lang='grc'>›</span> <span class='ocrx_word' id='word_1_47' title='bbox 839 967 954 1024; x_wconf 84' lang='lat' dir='ltr'><strong>Non</strong></span> <span class='ocrx_word' id='word_1_48' title='bbox 984 968 1157 1024; x_wconf 87' lang='lat' dir='ltr'><strong>multo</strong></span> <span class='ocrx_word' id='word_1_49' title='bbox 1193 976 1314 1040; x_wconf 91' lang='lat' dir='ltr'><strong>post</strong></span> <span class='ocrx_word' id='word_1_50' title='bbox 1355 967 1541 1024; x_wconf 91' lang='lat' dir='ltr'><strong>Clerus</strong></span> <span class='ocrx_word' id='word_1_51' title='bbox 1583 967 1860 1022; x_wconf 83' lang='lat' dir='ltr'><strong>Romanus</strong></span> 
     </span>
    </p>
   </div>
   <div class='ocr_carea' id='block_1_8' title="bbox 263 1060 1859 1134">
    <p class='ocr_par' dir='ltr' id='par_1_8' title="bbox 263 1060 1859 1134">
     <span class='ocr_line' id='line_1_8' title="bbox 263 1060 1859 1134; baseline -0.003 -16"><span class='ocrx_word' id='word_1_52' title='bbox 263 1062 319 1118; x_wconf 91' lang='lat' dir='ltr'><strong>in</strong></span> <span class='ocrx_word' id='word_1_53' title='bbox 364 1062 611 1119; x_wconf 91' lang='lat' dir='ltr'><strong>eamdem</strong></span> <span class='ocrx_word' id='word_1_54' title='bbox 653 1063 971 1120; x_wconf 90' lang='lat' dir='ltr'><strong>sententiam</strong></span> <span class='ocrx_word' id='word_1_55' title='bbox 1013 1063 1292 1134; x_wconf 90' lang='lat' dir='ltr'><strong>respondit</strong></span> <span class='ocrx_word' id='word_1_56' title='bbox 1336 1062 1527 1118; x_wconf 87' lang='lat' dir='ltr'><strong>litteris</strong></span> <span class='ocrx_word' id='word_1_57' title='bbox 1570 1060 1859 1133; x_wconf 82' lang='lat' dir='ltr'><strong>Cypriani,</strong></span> 
     </span>
    </p>
   </div>
   <div class='ocr_carea' id='block_1_9' title="bbox 265 1152 1860 1227">
    <p class='ocr_par' dir='ltr' id='par_1_9' title="bbox 265 1152 1860 1227">
     <span class='ocr_line' id='line_1_9' title="bbox 265 1152 1860 1227; baseline -0.002 -18"><span class='ocrx_word' id='word_1_58' title='bbox 265 1171 385 1227; x_wconf 71' lang='lat' dir='ltr'><strong>qua:</strong></span> <span class='ocrx_word' id='word_1_59' title='bbox 412 1156 625 1225; x_wconf 82' lang='lat' dir='ltr'><strong>scripta:</strong></span> <span class='ocrx_word' id='word_1_60' title='bbox 659 1155 897 1227; x_wconf 80' lang='lat' dir='ltr'><strong>quidem,</strong></span> <span class='ocrx_word' id='word_1_61' title='bbox 929 1165 987 1211; x_wconf 92' lang='lat' dir='ltr'><strong>ut</strong></span> <span class='ocrx_word' id='word_1_62' title='bbox 1009 1156 1119 1227; x_wconf 92' lang='lat' dir='ltr'><strong>jam</strong></span> <span class='ocrx_word' id='word_1_63' title='bbox 1147 1154 1411 1219; x_wconf 70' lang='lat' dir='ltr'><strong>diximus,</strong></span> <span class='ocrx_word' id='word_1_64' title='bbox 1443 1164 1729 1224; x_wconf 91' lang='lat' dir='ltr'><strong>antequam</strong></span> <span class='ocrx_word' id='word_1_65' title='bbox 1759 1152 1860 1207; x_wconf 84' lang='lat' dir='ltr'><strong>Sa-</strong></span> 
     </span>
    </p>
   </div>
   <div class='ocr_carea' id='block_1_10' title="bbox 266 1245 1860 1318">
    <p class='ocr_par' dir='ltr' id='par_1_10' title="bbox 266 1245 1860 1318">
     <span class='ocr_line' id='line_1_10' title="bbox 266 1245 1860 1318; baseline -0.004 -13"><span class='ocrx_word' id='word_1_66' title='bbox 266 1258 417 1305; x_wconf 86' lang='lat' dir='ltr'><strong>turus</strong></span> <span class='ocrx_word' id='word_1_67' title='bbox 444 1248 729 1314; x_wconf 85' lang='lat' dir='ltr'><strong>rcdiisset,</strong></span> <span class='ocrx_word' id='word_1_68' title='bbox 759 1248 857 1304; x_wconf 88' lang='lat' dir='ltr'><strong>sed</strong></span> <span class='ocrx_word' id='word_1_69' title='bbox 884 1254 1065 1303; x_wconf 86' lang='lat' dir='ltr'><strong>tamen</strong></span> <span class='ocrx_word' id='word_1_70' title='bbox 1091 1256 1372 1318; x_wconf 87' lang='lat' dir='ltr'><strong>postquam</strong></span> <span class='ocrx_word' id='word_1_71' title='bbox 1404 1247 1494 1301; x_wconf 93' lang='lat' dir='ltr'><strong>ille</strong></span> <span class='ocrx_word' id='word_1_72' title='bbox 1535 1245 1704 1300; x_wconf 82' lang='lat' dir='ltr'><strong>llotna</strong></span> <span class='ocrx_word' id='word_1_73' title='bbox 1735 1258 1860 1314; x_wconf 69' lang='lat' dir='ltr'><strong>pro»</strong></span> 
     </span>
    </p>
   </div>
   <div class='ocr_carea' id='block_1_11' title="bbox 262 1335 1860 1407">
    <p class='ocr_par' dir='ltr' id='par_1_11' title="bbox 262 1335 1860 1407">
     <span class='ocr_line' id='line_1_11' title="bbox 262 1335 1860 1407; baseline -0.005 -9"><span class='ocrx_word' id='word_1_74' title='bbox 262 1342 436 1398; x_wconf 83' lang='lat' dir='ltr'><strong>fectus</strong></span> <span class='ocrx_word' id='word_1_75' title='bbox 462 1342 649 1407; x_wconf 89' lang='lat' dir='ltr'><strong>fuerat,</strong></span> <span class='ocrx_word' id='word_1_76' title='bbox 683 1340 736 1396; x_wconf 91' lang='lat' dir='ltr'><strong>in</strong></span> <span class='ocrx_word' id='word_1_77' title='bbox 770 1340 908 1397; x_wconf 90' lang='lat' dir='ltr'><strong>hanc</strong></span> <span class='ocrx_word' id='word_1_78' title='bbox 936 1340 1121 1396; x_wconf 86' lang='lat' dir='ltr'><strong>urbem</strong></span> <span class='ocrx_word' id='word_1_79' title='bbox 1148 1355 1179 1394; x_wconf 91' lang='lat' dir='ltr'><strong>a</strong></span> <span class='ocrx_word' id='word_1_80' title='bbox 1204 1339 1501 1395; x_wconf 90' lang='lat' dir='ltr'><strong>Fortunato</strong></span> <span class='ocrx_word' id='word_1_81' title='bbox 1529 1335 1860 1393; x_wconf 90' lang='lat' dir='ltr'><strong>subdiacono</strong></span> 
     </span>
    </p>
   </div>
   <div class='ocr_carea' id='block_1_12' title="bbox 262 1428 1863 1508">
    <p class='ocr_par' dir='ltr' id='par_1_12' title="bbox 262 1428 1863 1508">
     <span class='ocr_line' id='line_1_12' title="bbox 262 1428 1863 1508; baseline -0.005 -16"><span class='ocrx_word' id='word_1_82' title='bbox 262 1435 515 1508; x_wconf 69' lang='lat' dir='ltr'><strong>perlatre,</strong></span> <span class='ocrx_word' id='word_1_83' title='bbox 551 1434 924 1491; x_wconf 88' lang='lat' dir='ltr'><strong>necessitatem</strong></span> <span class='ocrx_word' id='word_1_84' title='bbox 952 1432 1112 1490; x_wconf 87' lang='lat' dir='ltr'><strong>Clero</strong></span> <span class='ocrx_word' id='word_1_85' title='bbox 1137 1433 1383 1489; x_wconf 80' lang='lat' dir='ltr'><strong>Romano</strong></span> <span class='ocrx_word' id='word_1_86' title='bbox 1426 1432 1720 1487; x_wconf 91' lang='lat' dir='ltr'><strong>attulerunt</strong></span> <span class='ocrx_word' id='word_1_87' title='bbox 1764 1428 1863 1485; x_wconf 89' lang='lat' dir='ltr'><strong>ite-</strong></span> 
     </span>
    </p>
   </div>
   <div class='ocr_carea' id='block_1_13' title="bbox 260 1526 1857 1598">
    <p class='ocr_par' dir='ltr' id='par_1_13' title="bbox 260 1526 1857 1598">
     <span class='ocr_line' id='line_1_13' title="bbox 260 1526 1857 1598; baseline -0.004 -13"><span class='ocrx_word' id='word_1_88' title='bbox 260 1545 380 1585; x_wconf 92' lang='lat' dir='ltr'><strong>rum</strong></span> <span class='ocrx_word' id='word_1_89' title='bbox 417 1528 706 1584; x_wconf 84' lang='lat' dir='ltr'><strong>scribendi.</strong></span> <span class='ocrx_word' id='word_1_90' title='bbox 738 1527 864 1585; x_wconf 68' lang='lat' dir='ltr'><strong>llmc</strong></span> <span class='ocrx_word' id='word_1_91' title='bbox 910 1527 1148 1598; x_wconf 90' lang='lat' dir='ltr'><strong>Epistola</strong></span> <span class='ocrx_word' id='word_1_92' title='bbox 1175 1526 1316 1598; x_wconf 91' lang='lat' dir='ltr'><strong>apud</strong></span> <span class='ocrx_word' id='word_1_93' title='bbox 1384 1527 1534 1580; x_wconf 85' lang='lat' dir='ltr'><strong>Pam.</strong></span> <span class='ocrx_word' id='word_1_94' title='bbox 1600 1535 1685 1579; x_wconf 85' lang='lat' dir='ltr'><strong>est</strong></span> <span class='ocrx_word' id='word_1_95' title='bbox 1725 1539 1857 1578; x_wconf 84' lang='lat' dir='ltr'><strong>xxx.</strong></span> 
     </span>
    </p>
   </div>
   <div class='ocr_carea' id='block_1_14' title="bbox 206 1617 1862 1694">
    <p class='ocr_par' dir='ltr' id='par_1_14' title="bbox 206 1617 1862 1694">
     <span class='ocr_line' id='line_1_14' title="bbox 206 1617 1862 1694; baseline -0.004 -14"><span class='ocrx_word' id='word_1_96' title='bbox 206 1655 215 1662; x_wconf 67' lang='grc' dir='ltr'><strong><em>ο</em></strong></span> <span class='ocrx_word' id='word_1_97' title='bbox 261 1621 373 1680; x_wconf 87' lang='lat' dir='ltr'><strong>Sub</strong></span> <span class='ocrx_word' id='word_1_98' title='bbox 403 1623 562 1679; x_wconf 83' lang='lat' dir='ltr'><strong>finem</strong></span> <span class='ocrx_word' id='word_1_99' title='bbox 588 1622 828 1693; x_wconf 79' lang='lat' dir='ltr'><strong>epistolae</strong></span> <span class='ocrx_word' id='word_1_100' title='bbox 855 1622 1056 1694; x_wconf 79' lang='lat' dir='ltr'><strong>gratias</strong></span> <span class='ocrx_word' id='word_1_101' title='bbox 1085 1631 1246 1693; x_wconf 86' lang='lat' dir='ltr'><strong>agunt</strong></span> <span class='ocrx_word' id='word_1_102' title='bbox 1278 1620 1544 1693; x_wconf 79' lang='lat' dir='ltr'><strong>Cypriane</strong></span> <span class='ocrx_word' id='word_1_103' title='bbox 1570 1617 1711 1690; x_wconf 89' lang='lat' dir='ltr'><strong>quod</strong></span> <span class='ocrx_word' id='word_1_104' title='bbox 1762 1631 1862 1673; x_wconf 91' lang='lat' dir='ltr'><strong>suo</strong></span> 
     </span>
    </p>
   </div>
   <div class='ocr_carea' id='block_1_15' title="bbox 263 1714 1862 1787">
    <p class='ocr_par' dir='ltr' id='par_1_15' title="bbox 263 1714 1862 1787">
     <span class='ocr_line' id='line_1_15' title="bbox 263 1714 1862 1787; baseline -0.002 -16"><span class='ocrx_word' id='word_1_105' title='bbox 263 1730 415 1772; x_wconf 90' lang='lat' dir='ltr'><strong>more</strong></span> <span class='ocrx_word' id='word_1_106' title='bbox 438 1715 507 1771; x_wconf 87' lang='lat' dir='ltr'><strong>de</strong></span> <span class='ocrx_word' id='word_1_107' title='bbox 532 1716 731 1787; x_wconf 87' lang='lat' dir='ltr'><strong>iisquae</strong></span> <span class='ocrx_word' id='word_1_108' title='bbox 759 1716 825 1770; x_wconf 91' lang='lat' dir='ltr'><strong>ad</strong></span> <span class='ocrx_word' id='word_1_109' title='bbox 855 1714 1123 1771; x_wconf 86' lang='lat' dir='ltr'><strong>Privatum</strong></span> <span class='ocrx_word' id='word_1_110' title='bbox 1149 1714 1586 1770; x_wconf 85' lang='lat' dir='ltr'><strong>Lambcsitanum</strong></span> <span class='ocrx_word' id='word_1_111' title='bbox 1616 1720 1862 1785; x_wconf 76' lang='lat' dir='ltr'><strong>Spectant</strong></span> 
     </span>
    </p>
   </div>
   <div class='ocr_carea' id='block_1_16' title="bbox 210 1805 1859 1866">
    <p class='ocr_par' dir='ltr' id='par_1_16' title="bbox 210 1805 1859 1866">
     <span class='ocr_line' id='line_1_16' title="bbox 210 1805 1859 1866; baseline -0.003 -1"><span class='ocrx_word' id='word_1_112' title='bbox 210 1850 213 1851; x_wconf 47' lang='grc' dir='ltr'><em>ν</em></span> <span class='ocrx_word' id='word_1_113' title='bbox 264 1807 608 1866; x_wconf 88' lang='lat' dir='ltr'><strong>nuntiaverit.</strong></span> <span class='ocrx_word' id='word_1_114' title='bbox 633 1808 1087 1865; x_wconf 88' lang='lat' dir='ltr'><strong>Declarantetiam</strong></span> <span class='ocrx_word' id='word_1_115' title='bbox 1105 1805 1601 1864; x_wconf 90' lang='lat' dir='ltr'><strong>antcilliuslitteras</strong></span> <span class='ocrx_word' id='word_1_116' title='bbox 1619 1806 1859 1862; x_wconf 89' lang='lat' dir='ltr'><strong>fraudem</strong></span> 
     </span>
    </p>
   </div>
   <div class='ocr_carea' id='block_1_17' title="bbox 260 1900 1862 1974">
    <p class='ocr_par' dir='ltr' id='par_1_17' title="bbox 260 1900 1862 1974">
     <span class='ocr_line' id='line_1_17' title="bbox 260 1900 1862 1974; baseline -0.002 -15"><span class='ocrx_word' id='word_1_117' title='bbox 260 1902 439 1960; x_wconf 88' lang='lat' dir='ltr'><strong>callidi</strong></span> <span class='ocrx_word' id='word_1_118' title='bbox 470 1902 700 1960; x_wconf 82' lang='lat' dir='ltr'><strong>hominis</strong></span> <span class='ocrx_word' id='word_1_119' title='bbox 724 1903 892 1961; x_wconf 81' lang='lat' dir='ltr'><strong>latere</strong></span> <span class='ocrx_word' id='word_1_120' title='bbox 923 1919 1029 1961; x_wconf 91' lang='lat' dir='ltr'><strong>non</strong></span> <span class='ocrx_word' id='word_1_121' title='bbox 1054 1905 1312 1974; x_wconf 89' lang='lat' dir='ltr'><strong>potuisse.</strong></span> <span class='ocrx_word' id='word_1_122' title='bbox 1338 1920 1357 1953; x_wconf 74' lang='grc' dir='ltr'><strong>ι</strong></span> <span class='ocrx_word' id='word_1_123' title='bbox 1383 1900 1538 1967; x_wconf 85' lang='lat' dir='ltr'><strong>Nam,</strong></span> <span class='ocrx_word' id='word_1_124' title='bbox 1563 1916 1684 1956; x_wconf 92' lang='lat' dir='ltr'><strong>cum</strong></span> <span class='ocrx_word' id='word_1_125' title='bbox 1710 1909 1862 1956; x_wconf 87' lang='lat' dir='ltr'><strong>ante-</strong></span> 
     </span>
    </p>
   </div>
   <div class='ocr_carea' id='block_1_18' title="bbox 260 1994 1861 2069">
    <p class='ocr_par' dir='ltr' id='par_1_18' title="bbox 260 1994 1861 2069">
     <span class='ocr_line' id='line_1_18' title="bbox 260 1994 1861 2069; baseline 0.001 -18"><span class='ocrx_word' id='word_1_126' title='bbox 260 1995 395 2063; x_wconf 86' lang='lat' dir='ltr'><strong>hac,</strong></span> <span class='ocrx_word' id='word_1_127' title='bbox 446 1998 731 2069; x_wconf 81' lang='lat' dir='ltr'><strong>inquiunt,</strong></span> <span class='ocrx_word' id='word_1_128' title='bbox 780 1997 994 2069; x_wconf 90' lang='lat' dir='ltr'><strong>quidam</strong></span> <span class='ocrx_word' id='word_1_129' title='bbox 1024 2012 1089 2053; x_wconf 88' lang='lat' dir='ltr'><strong>ex</strong></span> <span class='ocrx_word' id='word_1_130' title='bbox 1137 1996 1303 2067; x_wconf 91' lang='lat' dir='ltr'><strong>ipsius</strong></span> <span class='ocrx_word' id='word_1_131' title='bbox 1347 1994 1598 2067; x_wconf 64' lang='lat' dir='ltr'><strong>nequitize</strong></span> <span class='ocrx_word' id='word_1_132' title='bbox 1640 1994 1861 2052; x_wconf 81' lang='lat' dir='ltr'><strong>cohorte</strong></span> 
     </span>
    </p>
   </div>
   <div class='ocr_carea' id='block_1_19' title="bbox 259 2086 1861 2147">
    <p class='ocr_par' dir='ltr' id='par_1_19' title="bbox 259 2086 1861 2147">
     <span class='ocr_line' id='line_1_19' title="bbox 259 2086 1861 2147; baseline -0.001 -2"><span class='ocrx_word' id='word_1_133' title='bbox 259 2089 499 2146; x_wconf 89' lang='lat' dir='ltr'><strong>venisset</strong></span> <span class='ocrx_word' id='word_1_134' title='bbox 537 2091 843 2147; x_wconf 78' lang='lat' dir='ltr'><strong>vexillarius</strong></span> <span class='ocrx_word' id='word_1_135' title='bbox 881 2090 1077 2145; x_wconf 83' lang='lat' dir='ltr'><strong>Privati</strong></span> <span class='ocrx_word' id='word_1_136' title='bbox 1130 2088 1360 2144; x_wconf 83' lang='lat' dir='ltr'><strong>Futurus</strong></span> <span class='ocrx_word' id='word_1_137' title='bbox 1404 2098 1456 2143; x_wconf 93' lang='lat' dir='ltr'><strong>et</strong></span> <span class='ocrx_word' id='word_1_138' title='bbox 1496 2086 1861 2143; x_wconf 89' lang='lat' dir='ltr'><strong>fraudulenter</strong></span> 
     </span>
    </p>
   </div>
   <div class='ocr_carea' id='block_1_20' title="bbox 260 2179 1858 2253">
    <p class='ocr_par' dir='ltr' id='par_1_20' title="bbox 260 2179 1858 2253">
     <span class='ocr_line' id='line_1_20' title="bbox 260 2179 1858 2253; baseline -0.004 -11"><span class='ocrx_word' id='word_1_139' title='bbox 260 2185 463 2243; x_wconf 88' lang='lat' dir='ltr'><strong>litteras</strong></span> <span class='ocrx_word' id='word_1_140' title='bbox 515 2201 546 2241; x_wconf 93' lang='lat' dir='ltr'><strong>a</strong></span> <span class='ocrx_word' id='word_1_141' title='bbox 599 2186 751 2241; x_wconf 86' lang='lat' dir='ltr'><strong>nobis</strong></span> <span class='ocrx_word' id='word_1_142' title='bbox 789 2185 986 2240; x_wconf 90' lang='lat' dir='ltr'><strong>elicere</strong></span> <span class='ocrx_word' id='word_1_143' title='bbox 1028 2193 1275 2252; x_wconf 89' lang='lat' dir='ltr'><strong>curaret,</strong></span> <span class='ocrx_word' id='word_1_144' title='bbox 1311 2197 1410 2239; x_wconf 91' lang='lat' dir='ltr'><strong>nec</strong></span> <span class='ocrx_word' id='word_1_145' title='bbox 1452 2180 1578 2253; x_wconf 86' lang='lat' dir='ltr'><strong>quid</strong></span> <span class='ocrx_word' id='word_1_146' title='bbox 1604 2192 1747 2236; x_wconf 90' lang='lat' dir='ltr'><strong>esset</strong></span> <span class='ocrx_word' id='word_1_147' title='bbox 1777 2179 1858 2235; x_wconf 90' lang='lat' dir='ltr'><strong>la-</strong></span> 
     </span>
    </p>
   </div>
   <div class='ocr_carea' id='block_1_21' title="bbox 260 2272 1861 2349">
    <p class='ocr_par' dir='ltr' id='par_1_21' title="bbox 260 2272 1861 2349">
     <span class='ocr_line' id='line_1_21' title="bbox 260 2272 1861 2349; baseline -0.004 -13"><span class='ocrx_word' id='word_1_148' title='bbox 260 2279 396 2349; x_wconf 87' lang='lat' dir='ltr'><strong>tuit,</strong></span> <span class='ocrx_word' id='word_1_149' title='bbox 448 2295 548 2335; x_wconf 88' lang='lat' dir='ltr'><strong>nec</strong></span> <span class='ocrx_word' id='word_1_150' title='bbox 593 2279 798 2334; x_wconf 87' lang='lat' dir='ltr'><strong>litteras</strong></span> <span class='ocrx_word' id='word_1_151' title='bbox 847 2291 978 2349; x_wconf 88' lang='lat' dir='ltr'><strong>quas</strong></span> <span class='ocrx_word' id='word_1_152' title='bbox 1008 2276 1220 2333; x_wconf 83' lang='lat' dir='ltr'><strong>volebat</strong></span> <span class='ocrx_word' id='word_1_153' title='bbox 1247 2276 1469 2346; x_wconf 89' lang='lat' dir='ltr'><strong>accepit.</strong></span> <span class='ocrx_word' id='word_1_154' title='bbox 1509 2295 1527 2328; x_wconf 75' lang='grc' dir='ltr'><strong>ι</strong></span> <span class='ocrx_word' id='word_1_155' title='bbox 1561 2272 1861 2344; x_wconf 89' lang='lat' dir='ltr'><strong>Scripserat</strong></span> 
     </span>
    </p>
   </div>
   <div class='ocr_carea' id='block_1_22' title="bbox 256 2366 1859 2447">
    <p class='ocr_par' dir='ltr' id='par_1_22' title="bbox 256 2366 1859 2447">
     <span class='ocr_line' id='line_1_22' title="bbox 256 2366 1859 2447; baseline -0.005 -17"><span class='ocrx_word' id='word_1_156' title='bbox 256 2387 389 2443; x_wconf 86' lang='lat' dir='ltr'><strong>ergo</strong></span> <span class='ocrx_word' id='word_1_157' title='bbox 410 2374 709 2447; x_wconf 81' lang='lat' dir='ltr'><strong>Cyprianus</strong></span> <span class='ocrx_word' id='word_1_158' title='bbox 739 2373 967 2442; x_wconf 86' lang='lat' dir='ltr'><strong>aliquam</strong></span> <span class='ocrx_word' id='word_1_159' title='bbox 995 2372 1064 2427; x_wconf 92' lang='lat' dir='ltr'><strong>de</strong></span> <span class='ocrx_word' id='word_1_160' title='bbox 1090 2371 1192 2426; x_wconf 90' lang='lat' dir='ltr'><strong>hoc</strong></span> <span class='ocrx_word' id='word_1_161' title='bbox 1220 2370 1437 2426; x_wconf 83' lang='lat' dir='ltr'><strong>Privato</strong></span> <span class='ocrx_word' id='word_1_162' title='bbox 1459 2368 1763 2441; x_wconf 86' lang='lat' dir='ltr'><strong>epistolam,</strong></span> <span class='ocrx_word' id='word_1_163' title='bbox 1791 2366 1859 2422; x_wconf 90' lang='lat' dir='ltr'><strong>de</strong></span> 
     </span>
    </p>
   </div>
   <div class='ocr_carea' id='block_1_23' title="bbox 259 2465 1856 2539">
    <p class='ocr_par' dir='ltr' id='par_1_23' title="bbox 259 2465 1856 2539">
     <span class='ocr_line' id='line_1_23' title="bbox 259 2465 1856 2539; baseline -0.003 -18"><span class='ocrx_word' id='word_1_164' title='bbox 259 2482 369 2538; x_wconf 88' lang='lat' dir='ltr'><strong>quo</strong></span> <span class='ocrx_word' id='word_1_165' title='bbox 396 2468 522 2523; x_wconf 92' lang='lat' dir='ltr'><strong>nihil</strong></span> <span class='ocrx_word' id='word_1_166' title='bbox 556 2482 773 2539; x_wconf 90' lang='lat' dir='ltr'><strong>prorsus</strong></span> <span class='ocrx_word' id='word_1_167' title='bbox 802 2476 979 2523; x_wconf 76' lang='lat' dir='ltr'><strong>exstat</strong></span> <span class='ocrx_word' id='word_1_168' title='bbox 1017 2467 1070 2521; x_wconf 92' lang='lat' dir='ltr'><strong>in</strong></span> <span class='ocrx_word' id='word_1_169' title='bbox 1114 2466 1282 2523; x_wconf 89' lang='lat' dir='ltr'><strong>tribus</strong></span> <span class='ocrx_word' id='word_1_170' title='bbox 1314 2465 1505 2520; x_wconf 89' lang='lat' dir='ltr'><strong>litteris</strong></span> <span class='ocrx_word' id='word_1_171' title='bbox 1543 2479 1675 2535; x_wconf 90' lang='lat' dir='ltr'><strong>quas</strong></span> <span class='ocrx_word' id='word_1_172' title='bbox 1704 2476 1856 2517; x_wconf 90' lang='lat' dir='ltr'><strong>com-</strong></span> 
     </span>
    </p>
   </div>
   <div class='ocr_carea' id='block_1_24' title="bbox 259 2554 1859 2630">
    <p class='ocr_par' dir='ltr' id='par_1_24' title="bbox 259 2554 1859 2630">
     <span class='ocr_line' id='line_1_24' title="bbox 259 2554 1859 2630; baseline -0.004 -14"><span class='ocrx_word' id='word_1_173' title='bbox 259 2561 674 2616; x_wconf 86' lang='lat' dir='ltr'><strong>memoravimus</strong></span> <span class='ocrx_word' id='word_1_174' title='bbox 700 2577 715 2627; x_wconf 91' lang='lat'><strong>;</strong></span> <span class='ocrx_word' id='word_1_175' title='bbox 749 2559 843 2616; x_wconf 86' lang='lat' dir='ltr'><strong>Sed</strong></span> <span class='ocrx_word' id='word_1_176' title='bbox 865 2559 979 2614; x_wconf 75' lang='lat' dir='ltr'><strong>lucc</strong></span> <span class='ocrx_word' id='word_1_177' title='bbox 1012 2558 1238 2630; x_wconf 85' lang='lat' dir='ltr'><strong>epistula</strong></span> <span class='ocrx_word' id='word_1_178' title='bbox 1267 2573 1388 2613; x_wconf 90' lang='lat' dir='ltr'><strong>cum</strong></span> <span class='ocrx_word' id='word_1_179' title='bbox 1418 2556 1602 2613; x_wconf 87' lang='lat' dir='ltr'><strong>multis</strong></span> <span class='ocrx_word' id='word_1_180' title='bbox 1630 2554 1750 2611; x_wconf 90' lang='lat' dir='ltr'><strong>aliis</strong></span> <span class='ocrx_word' id='word_1_181' title='bbox 1780 2556 1859 2609; x_wconf 87' lang='lat' dir='ltr'><strong>in-</strong></span> 
     </span>
    </p>
   </div>
   <div class='ocr_carea' id='block_1_25' title="bbox 261 2646 1859 2723">
    <p class='ocr_par' dir='ltr' id='par_1_25' title="bbox 261 2646 1859 2723">
     <span class='ocr_line' id='line_1_25' title="bbox 261 2646 1859 2723; baseline -0.004 -13"><span class='ocrx_word' id='word_1_182' title='bbox 261 2654 493 2710; x_wconf 87' lang='lat' dir='ltr'><strong>tercidit.</strong></span> <span class='ocrx_word' id='word_1_183' title='bbox 516 2653 629 2711; x_wconf 87' lang='lat' dir='ltr'><strong>Non</strong></span> <span class='ocrx_word' id='word_1_184' title='bbox 649 2654 867 2711; x_wconf 89' lang='lat' dir='ltr'><strong>dubium</strong></span> <span class='ocrx_word' id='word_1_185' title='bbox 887 2661 969 2709; x_wconf 90' lang='lat' dir='ltr'><strong>est</strong></span> <span class='ocrx_word' id='word_1_186' title='bbox 994 2654 1120 2723; x_wconf 89' lang='lat' dir='ltr'><strong>quin</strong></span> <span class='ocrx_word' id='word_1_187' title='bbox 1142 2653 1223 2706; x_wconf 66' lang='lat' dir='ltr'><strong>ha:</strong></span> <span class='ocrx_word' id='word_1_188' title='bbox 1235 2652 1599 2707; x_wconf 79' lang='lat' dir='ltr'><strong>Romanorum</strong></span> <span class='ocrx_word' id='word_1_189' title='bbox 1620 2646 1859 2719; x_wconf 67' lang='lat' dir='ltr'><strong>epistula).</strong></span> 
     </span>
    </p>
   </div>
   <div class='ocr_carea' id='block_1_26' title="bbox 255 2739 1859 2818">
    <p class='ocr_par' dir='ltr' id='par_1_26' title="bbox 255 2739 1859 2818">
     <span class='ocr_line' id='line_1_26' title="bbox 255 2739 1859 2818; baseline -0.005 -17"><span class='ocrx_word' id='word_1_190' title='bbox 255 2760 451 2817; x_wconf 85' lang='lat' dir='ltr'><strong>magno</strong></span> <span class='ocrx_word' id='word_1_191' title='bbox 480 2747 595 2801; x_wconf 86' lang='lat' dir='ltr'><strong>usui</strong></span> <span class='ocrx_word' id='word_1_192' title='bbox 622 2746 891 2818; x_wconf 84' lang='lat' dir='ltr'><strong>Cypriane</strong></span> <span class='ocrx_word' id='word_1_193' title='bbox 920 2743 1119 2800; x_wconf 83' lang='lat' dir='ltr'><strong>fuerint</strong></span> <span class='ocrx_word' id='word_1_194' title='bbox 1150 2744 1199 2796; x_wconf 89' lang='lat' dir='ltr'><strong>in</strong></span> <span class='ocrx_word' id='word_1_195' title='bbox 1231 2742 1313 2797; x_wconf 84' lang='lat' dir='ltr'><strong>Itis</strong></span> <span class='ocrx_word' id='word_1_196' title='bbox 1359 2757 1541 2796; x_wconf 89' lang='lat' dir='ltr'><strong>rcrttm</strong></span> <span class='ocrx_word' id='word_1_197' title='bbox 1571 2739 1859 2795; x_wconf 78' lang='lat' dir='ltr'><strong>difficulta-</strong></span> 
     </span>
    </p>
   </div>
   <div class='ocr_carea' id='block_1_27' title="bbox 260 2835 1859 2911">
    <p class='ocr_par' dir='ltr' id='par_1_27' title="bbox 260 2835 1859 2911">
     <span class='ocr_line' id='line_1_27' title="bbox 260 2835 1859 2911; baseline -0.003 -15"><span class='ocrx_word' id='word_1_198' title='bbox 260 2840 437 2907; x_wconf 88' lang='lat' dir='ltr'><strong>tibus;</strong></span> <span class='ocrx_word' id='word_1_199' title='bbox 471 2851 633 2911; x_wconf 88' lang='lat' dir='ltr'><strong>atque</strong></span> <span class='ocrx_word' id='word_1_200' title='bbox 665 2841 780 2895; x_wconf 77' lang='lat' dir='ltr'><strong>lure</strong></span> <span class='ocrx_word' id='word_1_201' title='bbox 815 2838 950 2896; x_wconf 85' lang='lat' dir='ltr'><strong>forte</strong></span> <span class='ocrx_word' id='word_1_202' title='bbox 997 2853 1153 2892; x_wconf 84' lang='lat' dir='ltr'><strong>causa</strong></span> <span class='ocrx_word' id='word_1_203' title='bbox 1183 2836 1386 2892; x_wconf 82' lang='lat' dir='ltr'><strong>exSIitit</strong></span> <span class='ocrx_word' id='word_1_204' title='bbox 1411 2852 1506 2891; x_wconf 87' lang='lat' dir='ltr'><strong>cur</strong></span> <span class='ocrx_word' id='word_1_205' title='bbox 1547 2836 1597 2890; x_wconf 91' lang='lat' dir='ltr'><strong>in</strong></span> <span class='ocrx_word' id='word_1_206' title='bbox 1621 2835 1859 2905; x_wconf 89' lang='lat' dir='ltr'><strong>epistolis</strong></span> 
     </span>
    </p>
   </div>
   <div class='ocr_carea' id='block_1_28' title="bbox 260 2928 1859 3005">
    <p class='ocr_par' dir='ltr' id='par_1_28' title="bbox 260 2928 1859 3005">
     <span class='ocr_line' id='line_1_28' title="bbox 260 2928 1859 3005; baseline -0.001 -21"><span class='ocrx_word' id='word_1_207' title='bbox 260 2947 392 3003; x_wconf 86' lang='lat' dir='ltr'><strong>quas</strong></span> <span class='ocrx_word' id='word_1_208' title='bbox 424 2933 632 3005; x_wconf 86' lang='lat' dir='ltr'><strong>reliquo</strong></span> <span class='ocrx_word' id='word_1_209' title='bbox 661 2933 821 3002; x_wconf 76' lang='lat' dir='ltr'><strong>hujus</strong></span> <span class='ocrx_word' id='word_1_210' title='bbox 844 2933 969 2988; x_wconf 88' lang='lat' dir='ltr'><strong>anni</strong></span> <span class='ocrx_word' id='word_1_211' title='bbox 1012 2941 1253 3001; x_wconf 90' lang='lat' dir='ltr'><strong>tempore</strong></span> <span class='ocrx_word' id='word_1_212' title='bbox 1281 2931 1509 3001; x_wconf 89' lang='lat' dir='ltr'><strong>scriptas</strong></span> <span class='ocrx_word' id='word_1_213' title='bbox 1552 2928 1859 2985; x_wconf 88' lang='lat' dir='ltr'><strong>recensebi-</strong></span> 
     </span>
    </p>
   </div>
   <div class='ocr_carea' id='block_1_29' title="bbox 259 3023 1859 3095">
    <p class='ocr_par' dir='ltr' id='par_1_29' title="bbox 259 3023 1859 3095">
     <span class='ocr_line' id='line_1_29' title="bbox 259 3023 1859 3095; baseline -0.003 -13"><span class='ocrx_word' id='word_1_214' title='bbox 259 3042 399 3091; x_wconf 87' lang='lat' dir='ltr'><strong>tnus,</strong></span> <span class='ocrx_word' id='word_1_215' title='bbox 433 3042 539 3081; x_wconf 89' lang='lat' dir='ltr'><strong>non</strong></span> <span class='ocrx_word' id='word_1_216' title='bbox 572 3026 732 3081; x_wconf 89' lang='lat' dir='ltr'><strong>iidem</strong></span> <span class='ocrx_word' id='word_1_217' title='bbox 762 3040 1011 3081; x_wconf 89' lang='lat' dir='ltr'><strong>curarum</strong></span> <span class='ocrx_word' id='word_1_218' title='bbox 1052 3024 1222 3080; x_wconf 90' lang='lat' dir='ltr'><strong>aculei</strong></span> <span class='ocrx_word' id='word_1_219' title='bbox 1270 3023 1591 3095; x_wconf 77' lang='lat' dir='ltr'><strong>Cyprianum</strong></span> <span class='ocrx_word' id='word_1_220' title='bbox 1625 3036 1859 3093; x_wconf 81' lang='lat' dir='ltr'><strong>pungere</strong></span> 
     </span>
    </p>
   </div>
   <div class='ocr_carea' id='block_1_30' title="bbox 258 3115 1859 3189">
    <p class='ocr_par' dir='ltr' id='par_1_30' title="bbox 258 3115 1859 3189">
     <span class='ocr_line' id='line_1_30' title="bbox 258 3115 1859 3189; baseline -0.004 -11"><span class='ocrx_word' id='word_1_221' title='bbox 258 3122 310 3178; x_wconf 91' lang='lat' dir='ltr'><strong>vi</strong></span> <span class='ocrx_word' id='word_1_222' title='bbox 333 3123 560 3186; x_wconf 89' lang='lat' dir='ltr'><strong>lcantnr,</strong></span> <span class='ocrx_word' id='word_1_223' title='bbox 609 3121 935 3189; x_wconf 90' lang='lat' dir='ltr'><strong>compressis</strong></span> <span class='ocrx_word' id='word_1_224' title='bbox 962 3119 1211 3174; x_wconf 88' lang='lat' dir='ltr'><strong>videlicet</strong></span> <span class='ocrx_word' id='word_1_225' title='bbox 1251 3118 1318 3175; x_wconf 89' lang='lat' dir='ltr'><strong>ad</strong></span> <span class='ocrx_word' id='word_1_226' title='bbox 1351 3126 1558 3189; x_wconf 86' lang='lat' dir='ltr'><strong>tempus</strong></span> <span class='ocrx_word' id='word_1_227' title='bbox 1588 3115 1859 3172; x_wconf 89' lang='lat' dir='ltr'><strong>seditiosis</strong></span> 
     </span>
    </p>
   </div>
   <div class='ocr_carea' id='block_1_31' title="bbox 258 3211 1859 3281">
    <p class='ocr_par' dir='ltr' id='par_1_31' title="bbox 258 3211 1859 3281">
     <span class='ocr_line' id='line_1_31' title="bbox 258 3211 1859 3281; baseline -0.004 -9"><span class='ocrx_word' id='word_1_228' title='bbox 258 3227 312 3273; x_wconf 90' lang='lat' dir='ltr'><strong>et</strong></span> <span class='ocrx_word' id='word_1_229' title='bbox 337 3215 536 3271; x_wconf 85' lang='lat' dir='ltr'><strong>nefaria</strong></span> <span class='ocrx_word' id='word_1_230' title='bbox 565 3215 789 3270; x_wconf 90' lang='lat' dir='ltr'><strong>consilia</strong></span> <span class='ocrx_word' id='word_1_231' title='bbox 820 3214 978 3269; x_wconf 88' lang='lat' dir='ltr'><strong>tacite</strong></span> <span class='ocrx_word' id='word_1_232' title='bbox 1010 3211 1431 3279; x_wconf 87' lang='lat' dir='ltr'><strong>intendentibus,</strong></span> <span class='ocrx_word' id='word_1_233' title='bbox 1459 3225 1579 3281; x_wconf 78' lang='lat' dir='ltr'><strong>qua:</strong></span> <span class='ocrx_word' id='word_1_234' title='bbox 1604 3224 1746 3265; x_wconf 88' lang='lat' dir='ltr'><strong>anno</strong></span> <span class='ocrx_word' id='word_1_235' title='bbox 1771 3222 1859 3265; x_wconf 85' lang='lat' dir='ltr'><strong>sc-</strong></span> 
     </span>
    </p>
   </div>
   <div class='ocr_carea' id='block_1_32' title="bbox 260 3307 1348 3383">
    <p class='ocr_par' dir='ltr' id='par_1_32' title="bbox 260 3307 1348 3383">
     <span class='ocr_line' id='line_1_32' title="bbox 260 3307 1348 3383; baseline -0.003 -19"><span class='ocrx_word' id='word_1_236' title='bbox 260 3312 441 3383; x_wconf 87' lang='lat' dir='ltr'><strong>quenti</strong></span> <span class='ocrx_word' id='word_1_237' title='bbox 464 3311 681 3366; x_wconf 91' lang='lat' dir='ltr'><strong>ineunte</strong></span> <span class='ocrx_word' id='word_1_238' title='bbox 710 3308 970 3378; x_wconf 86' lang='lat' dir='ltr'><strong>perficere</strong></span> <span class='ocrx_word' id='word_1_239' title='bbox 996 3307 1174 3364; x_wconf 80' lang='lat' dir='ltr'><strong>conati</strong></span> <span class='ocrx_word' id='word_1_240' title='bbox 1204 3315 1348 3361; x_wconf 91' lang='lat' dir='ltr'><strong>sunt.</strong></span> 
     </span>
    </p>
   </div>
   <div class='ocr_carea' id='block_1_33' title="bbox 260 3446 1859 3503">
    <p class='ocr_par' dir='ltr' id='par_1_33' title="bbox 260 3446 1859 3503">
     <span class='ocr_line' id='line_1_33' title="bbox 260 3446 1859 3503; baseline -0.004 -1"><span class='ocrx_word' id='word_1_241' title='bbox 260 3446 378 3503; x_wconf 72' lang='lat' dir='ltr'><strong>XV.</strong></span> <span class='ocrx_word' id='word_1_242' title='bbox 412 3477 479 3486; x_wconf 90' lang='grc'><strong>·-</strong></span> <span class='ocrx_word' id='word_1_243' title='bbox 500 3460 823 3501; x_wconf 76' lang='lat' dir='ltr'><strong>PERSECUTIO</strong></span> <span class='ocrx_word' id='word_1_244' title='bbox 861 3458 1222 3500; x_wconf 70' lang='lat' dir='ltr'><strong>RECRCDESCIT</strong></span> <span class='ocrx_word' id='word_1_245' title='bbox 1249 3459 1262 3497; x_wconf 71' lang='grc' dir='ltr'>ζ</span> <span class='ocrx_word' id='word_1_246' title='bbox 1292 3457 1394 3497; x_wconf 75' lang='lat' dir='ltr'><strong>PAX</strong></span> <span class='ocrx_word' id='word_1_247' title='bbox 1428 3456 1638 3497; x_wconf 78' lang='lat' dir='ltr'><strong>FUTURA</strong></span> <span class='ocrx_word' id='word_1_248' title='bbox 1681 3455 1727 3495; x_wconf 76' lang='lat' dir='ltr'><strong>S.</strong></span> <span class='ocrx_word' id='word_1_249' title='bbox 1771 3457 1859 3496; x_wconf 69' lang='lat' dir='ltr'><strong>CY-</strong></span> 
     </span>
    </p>
   </div>
   <div class='ocr_carea' id='block_1_34' title="bbox 332 3549 1857 3596">
    <p class='ocr_par' dir='ltr' id='par_1_34' title="bbox 332 3549 1857 3596">
     <span class='ocr_line' id='line_1_34' title="bbox 332 3549 1857 3596; baseline -0.004 0"><span class='ocrx_word' id='word_1_250' title='bbox 332 3556 525 3596; x_wconf 69' lang='grc' dir='ltr'><strong>ΡΒΙΛΝΟ</strong></span> <span class='ocrx_word' id='word_1_251' title='bbox 554 3555 890 3595; x_wconf 73' lang='grc' dir='ltr'><strong>ιιενΕιΛτυιι.</strong></span> <span class='ocrx_word' id='word_1_252' title='bbox 910 3554 1088 3594; x_wconf 75' lang='lat' dir='ltr'><strong>—RES</strong></span> <span class='ocrx_word' id='word_1_253' title='bbox 1118 3552 1338 3594; x_wconf 72' lang='lat' dir='ltr'><strong>INTER“!</strong></span> <span class='ocrx_word' id='word_1_254' title='bbox 1382 3552 1445 3591; x_wconf 75' lang='lat' dir='ltr'><strong>AB</strong></span> <span class='ocrx_word' id='word_1_255' title='bbox 1488 3551 1554 3593; x_wconf 79' lang='lat' dir='ltr'><strong>EO</strong></span> <span class='ocrx_word' id='word_1_256' title='bbox 1579 3549 1759 3591; x_wconf 64' lang='lat' dir='ltr'><strong>GESTAE</strong></span> <span class='ocrx_word' id='word_1_257' title='bbox 1792 3551 1857 3590; x_wconf 84' lang='grc' dir='ltr'><strong>ΕΤ</strong></span> 
     </span>
    </p>
   </div>
   <div class='ocr_carea' id='block_1_35' title="bbox 332 3629 1557 3689">
    <p class='ocr_par' dir='ltr' id='par_1_35' title="bbox 332 3629 1557 3689">
     <span class='ocr_line' id='line_1_35' title="bbox 332 3629 1557 3689; baseline -0.005 0"><span class='ocrx_word' id='word_1_258' title='bbox 332 3647 563 3689; x_wconf 70' lang='lat' dir='ltr'><strong>scelera;</strong></span> <span class='ocrx_word' id='word_1_259' title='bbox 591 3647 730 3689; x_wconf 78' lang='lat' dir='ltr'><strong>ANNO</strong></span> <span class='ocrx_word' id='word_1_260' title='bbox 752 3629 861 3688; x_wconf 74' lang='lat'><strong>250</strong></span> <span class='ocrx_word' id='word_1_261' title='bbox 891 3647 1134 3688; x_wconf 70' lang='lat' dir='ltr'><strong>EXEUNTE</strong></span> <span class='ocrx_word' id='word_1_262' title='bbox 1162 3643 1557 3685; x_wconf 70' lang='lat' dir='ltr'><strong>necessenrun.</strong></span> 
     </span>
    </p>
   </div>
   <div class='ocr_carea' id='block_1_36' title="bbox 331 3763 1854 3837">
    <p class='ocr_par' dir='ltr' id='par_1_36' title="bbox 331 3763 1854 3837">
     <span class='ocr_line' id='line_1_36' title="bbox 331 3763 1854 3837; baseline -0.003 -12"><span class='ocrx_word' id='word_1_263' title='bbox 331 3768 486 3826; x_wconf 88' lang='lat' dir='ltr'><strong>Circa</strong></span> <span class='ocrx_word' id='word_1_264' title='bbox 513 3783 753 3825; x_wconf 89' lang='lat' dir='ltr'><strong>mensem</strong></span> <span class='ocrx_word' id='word_1_265' title='bbox 782 3768 1056 3825; x_wconf 88' lang='lat' dir='ltr'><strong>octobrem</strong></span> <span class='ocrx_word' id='word_1_266' title='bbox 1086 3765 1339 3837; x_wconf 89' lang='lat' dir='ltr'><strong>scriptam</strong></span> <span class='ocrx_word' id='word_1_267' title='bbox 1369 3763 1597 3835; x_wconf 86' lang='lat' dir='ltr'><strong>conjicio</strong></span> <span class='ocrx_word' id='word_1_268' title='bbox 1641 3763 1854 3835; x_wconf 84' lang='lat' dir='ltr'><strong>Episto-</strong></span> 
     </span>
    </p>
   </div>
   <div class='ocr_carea' id='block_1_37' title="bbox 260 3857 1859 3936">
    <p class='ocr_par' dir='ltr' id='par_1_37' title="bbox 260 3857 1859 3936">
     <span class='ocr_line' id='line_1_37' title="bbox 260 3857 1859 3936; baseline -0.005 -15"><span class='ocrx_word' id='word_1_269' title='bbox 260 3863 365 3921; x_wconf 90' lang='lat' dir='ltr'><strong>lam</strong></span> <span class='ocrx_word' id='word_1_270' title='bbox 393 3880 601 3932; x_wconf 86' lang='lat' dir='ltr'><strong>xxxvn,</strong></span> <span class='ocrx_word' id='word_1_271' title='bbox 633 3865 815 3936; x_wconf 77' lang='lat' dir='ltr'><strong>inqua</strong></span> <span class='ocrx_word' id='word_1_272' title='bbox 844 3862 1146 3936; x_wconf 88' lang='lat' dir='ltr'><strong>Cyprianus</strong></span> <span class='ocrx_word' id='word_1_273' title='bbox 1186 3859 1529 3933; x_wconf 83' lang='lat' dir='ltr'><strong>presbyteros</strong></span> <span class='ocrx_word' id='word_1_274' title='bbox 1573 3866 1628 3914; x_wconf 89' lang='lat' dir='ltr'><strong>et</strong></span> <span class='ocrx_word' id='word_1_275' title='bbox 1673 3857 1859 3914; x_wconf 88' lang='lat' dir='ltr'><strong>diaco-</strong></span> 
     </span>
    </p>
   </div>
   <div class='ocr_carea' id='block_1_38' title="bbox 264 3951 1856 4027">
    <p class='ocr_par' dir='ltr' id='par_1_38' title="bbox 264 3951 1856 4027">
     <span class='ocr_line' id='line_1_38' title="bbox 264 3951 1856 4027; baseline -0.004 -14"><span class='ocrx_word' id='word_1_276' title='bbox 264 3973 363 4015; x_wconf 87' lang='lat' dir='ltr'><strong>nos</strong></span> <span class='ocrx_word' id='word_1_277' title='bbox 393 3958 531 4014; x_wconf 89' lang='lat' dir='ltr'><strong>idem</strong></span> <span class='ocrx_word' id='word_1_278' title='bbox 558 3958 809 4013; x_wconf 91' lang='lat' dir='ltr'><strong>admonet</strong></span> <span class='ocrx_word' id='word_1_279' title='bbox 844 3955 983 4027; x_wconf 88' lang='lat' dir='ltr'><strong>quod</strong></span> <span class='ocrx_word' id='word_1_280' title='bbox 1007 3955 1115 4026; x_wconf 86' lang='lat' dir='ltr'><strong>jam</strong></span> <span class='ocrx_word' id='word_1_281' title='bbox 1145 3967 1287 4024; x_wconf 69' lang='lat' dir='ltr'><strong>saepe</strong></span> <span class='ocrx_word' id='word_1_282' title='bbox 1317 3952 1439 4008; x_wconf 92' lang='lat' dir='ltr'><strong>illos</strong></span> <span class='ocrx_word' id='word_1_283' title='bbox 1463 3951 1816 4007; x_wconf 89' lang='lat' dir='ltr'><strong>admonuerat</strong></span> <span class='ocrx_word' id='word_1_284' title='bbox 1840 3993 1856 4021; x_wconf 95' lang='lat'><strong>,</strong></span> 
     </span>
    </p>
   </div>
   <div class='ocr_carea' id='block_1_39' title="bbox 265 4043 1860 4115">
    <p class='ocr_par' dir='ltr' id='par_1_39' title="bbox 265 4043 1860 4115">
     <span class='ocr_line' id='line_1_39' title="bbox 265 4043 1860 4115; baseline -0.006 -8"><span class='ocrx_word' id='word_1_285' title='bbox 265 4058 323 4107; x_wconf 88' lang='lat' dir='ltr'><strong>ut</strong></span> <span class='ocrx_word' id='word_1_286' title='bbox 349 4051 748 4108; x_wconf 86' lang='lat' dir='ltr'><strong>confessoribus</strong></span> <span class='ocrx_word' id='word_1_287' title='bbox 771 4050 823 4105; x_wconf 91' lang='lat' dir='ltr'><strong>in</strong></span> <span class='ocrx_word' id='word_1_288' title='bbox 853 4063 1068 4105; x_wconf 90' lang='lat' dir='ltr'><strong>carcere</strong></span> <span class='ocrx_word' id='word_1_289' title='bbox 1102 4044 1408 4102; x_wconf 92' lang='lat' dir='ltr'><strong>constitutis</strong></span> <span class='ocrx_word' id='word_1_290' title='bbox 1432 4043 1608 4100; x_wconf 89' lang='lat' dir='ltr'><strong>omnis</strong></span> <span class='ocrx_word' id='word_1_291' title='bbox 1637 4043 1860 4115; x_wconf 88' lang='lat' dir='ltr'><strong>diligen-</strong></span> 
     </span>
    </p>
   </div>
   <div class='ocr_carea' id='block_1_40' title="bbox 265 4135 1855 4213">
    <p class='ocr_par' dir='ltr' id='par_1_40' title="bbox 265 4135 1855 4213">
     <span class='ocr_line' id='line_1_40' title="bbox 265 4135 1855 4213; baseline -0.004 -15"><span class='ocrx_word' id='word_1_292' title='bbox 265 4144 337 4198; x_wconf 91' lang='lat' dir='ltr'><strong>tia</strong></span> <span class='ocrx_word' id='word_1_293' title='bbox 382 4143 703 4213; x_wconf 68' lang='lat' dir='ltr'><strong>prrebeatur,</strong></span> <span class='ocrx_word' id='word_1_294' title='bbox 753 4148 809 4198; x_wconf 90' lang='lat' dir='ltr'><strong>et</strong></span> <span class='ocrx_word' id='word_1_295' title='bbox 845 4140 962 4196; x_wconf 89' lang='lat' dir='ltr'><strong>dies</strong></span> <span class='ocrx_word' id='word_1_296' title='bbox 1006 4139 1196 4210; x_wconf 90' lang='lat' dir='ltr'><strong>quibus</strong></span> <span class='ocrx_word' id='word_1_297' title='bbox 1236 4138 1287 4193; x_wconf 90' lang='lat' dir='ltr'><strong>in</strong></span> <span class='ocrx_word' id='word_1_298' title='bbox 1318 4151 1531 4194; x_wconf 88' lang='lat' dir='ltr'><strong>carcere</strong></span> <span class='ocrx_word' id='word_1_299' title='bbox 1556 4135 1855 4203; x_wconf 86' lang='lat' dir='ltr'><strong>excedunt,</strong></span> 
     </span>
    </p>
   </div>
   <div class='ocr_carea' id='block_1_41' title="bbox 265 4229 1861 4303">
    <p class='ocr_par' dir='ltr' id='par_1_41' title="bbox 265 4229 1861 4303">
     <span class='ocr_line' id='line_1_41' title="bbox 265 4229 1861 4303; baseline -0.004 -12"><span class='ocrx_word' id='word_1_300' title='bbox 265 4243 610 4291; x_wconf 89' lang='lat' dir='ltr'><strong>annotentur.</strong></span> <span class='ocrx_word' id='word_1_301' title='bbox 652 4233 857 4290; x_wconf 87' lang='lat' dir='ltr'><strong>Laudat</strong></span> <span class='ocrx_word' id='word_1_302' title='bbox 912 4232 1244 4303; x_wconf 84' lang='lat' dir='ltr'><strong>diligentiam</strong></span> <span class='ocrx_word' id='word_1_303' title='bbox 1287 4230 1508 4285; x_wconf 83' lang='lat' dir='ltr'><strong>Tertulli</strong></span> <span class='ocrx_word' id='word_1_304' title='bbox 1559 4229 1861 4301; x_wconf 87' lang='lat' dir='ltr'><strong>presbyteri</strong></span> 
     </span>
    </p>
   </div>
   <div class='ocr_carea' id='block_1_42' title="bbox 267 4324 1863 4395">
    <p class='ocr_par' dir='ltr' id='par_1_42' title="bbox 267 4324 1863 4395">
     <span class='ocr_line' id='line_1_42' title="bbox 267 4324 1863 4395; baseline -0.004 -10"><span class='ocrx_word' id='word_1_305' title='bbox 267 4345 389 4385; x_wconf 89' lang='lat' dir='ltr'><strong>cum</strong></span> <span class='ocrx_word' id='word_1_306' title='bbox 420 4331 472 4384; x_wconf 92' lang='lat' dir='ltr'><strong>in</strong></span> <span class='ocrx_word' id='word_1_307' title='bbox 502 4328 901 4384; x_wconf 87' lang='lat' dir='ltr'><strong>confcssoribus</strong></span> <span class='ocrx_word' id='word_1_308' title='bbox 922 4328 1066 4384; x_wconf 85' lang='lat' dir='ltr'><strong>omni</strong></span> <span class='ocrx_word' id='word_1_309' title='bbox 1099 4326 1442 4381; x_wconf 84' lang='lat' dir='ltr'><strong>humanitatis</strong></span> <span class='ocrx_word' id='word_1_310' title='bbox 1469 4324 1646 4380; x_wconf 79' lang='lat' dir='ltr'><strong>officio</strong></span> <span class='ocrx_word' id='word_1_311' title='bbox 1670 4325 1863 4395; x_wconf 89' lang='lat' dir='ltr'><strong>juvan-</strong></span> 
     </span>
    </p>
   </div>
   <div class='ocr_carea' id='block_1_43' title="bbox 266 4420 1862 4493">
    <p class='ocr_par' dir='ltr' id='par_1_43' title="bbox 266 4420 1862 4493">
     <span class='ocr_line' id='line_1_43' title="bbox 266 4420 1862 4493; baseline -0.003 -14"><span class='ocrx_word' id='word_1_312' title='bbox 266 4424 382 4489; x_wconf 91' lang='lat' dir='ltr'><strong>dis,</strong></span> <span class='ocrx_word' id='word_1_313' title='bbox 415 4433 523 4477; x_wconf 93' lang='lat' dir='ltr'><strong>tum</strong></span> <span class='ocrx_word' id='word_1_314' title='bbox 555 4424 605 4478; x_wconf 92' lang='lat' dir='ltr'><strong>in</strong></span> <span class='ocrx_word' id='word_1_315' title='bbox 636 4423 826 4478; x_wconf 90' lang='lat' dir='ltr'><strong>diebus</strong></span> <span class='ocrx_word' id='word_1_316' title='bbox 871 4423 1067 4493; x_wconf 85' lang='lat' dir='ltr'><strong>quibus</strong></span> <span class='ocrx_word' id='word_1_317' title='bbox 1095 4421 1146 4476; x_wconf 91' lang='lat' dir='ltr'><strong>in</strong></span> <span class='ocrx_word' id='word_1_318' title='bbox 1173 4435 1390 4476; x_wconf 89' lang='lat' dir='ltr'><strong>carcere</strong></span> <span class='ocrx_word' id='word_1_319' title='bbox 1418 4428 1728 4486; x_wconf 88' lang='lat' dir='ltr'><strong>transeunt,</strong></span> <span class='ocrx_word' id='word_1_320' title='bbox 1762 4420 1862 4475; x_wconf 89' lang='lat' dir='ltr'><strong>sibi</strong></span> 
     </span>
    </p>
   </div>
   <div class='ocr_carea' id='block_1_44' title="bbox 267 4510 1861 4588">
    <p class='ocr_par' dir='ltr' id='par_1_44' title="bbox 267 4510 1861 4588">
     <span class='ocr_line' id='line_1_44' title="bbox 267 4510 1861 4588; baseline -0.004 -14"><span class='ocrx_word' id='word_1_321' title='bbox 267 4514 654 4588; x_wconf 80' lang='lat' dir='ltr'><strong>significandis.</strong></span> <span class='ocrx_word' id='word_1_322' title='bbox 707 4514 857 4570; x_wconf 86' lang='lat' dir='ltr'><strong>llanc</strong></span> <span class='ocrx_word' id='word_1_323' title='bbox 900 4513 1202 4585; x_wconf 89' lang='lat' dir='ltr'><strong>epistolam,</strong></span> <span class='ocrx_word' id='word_1_324' title='bbox 1234 4512 1414 4567; x_wconf 91' lang='lat' dir='ltr'><strong>minus</strong></span> <span class='ocrx_word' id='word_1_325' title='bbox 1462 4510 1746 4567; x_wconf 91' lang='lat' dir='ltr'><strong>commode</strong></span> <span class='ocrx_word' id='word_1_326' title='bbox 1807 4511 1861 4567; x_wconf 88' lang='lat' dir='ltr'><strong>in</strong></span> 
     </span>
    </p>
   </div>
   <div class='ocr_carea' id='block_1_45' title="bbox 269 4588 1858 4679">
    <p class='ocr_par' dir='ltr' id='par_1_45' title="bbox 269 4588 1858 4679">
     <span class='ocr_line' id='line_1_45' title="bbox 269 4588 1858 4679; baseline -0.003 -15"><span class='ocrx_word' id='word_1_327' title='bbox 269 4608 506 4665; x_wconf 85' lang='lat' dir='ltr'><strong>maximo</strong></span> <span class='ocrx_word' id='word_1_328' title='bbox 555 4588 940 4679; x_wconf 62' lang='lat' dir='ltr'><strong>persecutitinis</strong></span> <span class='ocrx_word' id='word_1_329' title='bbox 981 4606 1173 4663; x_wconf 91' lang='lat' dir='ltr'><strong>ardore</strong></span> <span class='ocrx_word' id='word_1_330' title='bbox 1213 4620 1242 4659; x_wconf 91' lang='lat' dir='ltr'><strong>a</strong></span> <span class='ocrx_word' id='word_1_331' title='bbox 1270 4604 1611 4663; x_wconf 87' lang='lat' dir='ltr'><strong>Tillemontio</strong></span> <span class='ocrx_word' id='word_1_332' title='bbox 1649 4612 1703 4660; x_wconf 90' lang='lat' dir='ltr'><strong>et</strong></span> <span class='ocrx_word' id='word_1_333' title='bbox 1738 4604 1858 4660; x_wconf 91' lang='lat' dir='ltr'><strong>aliis</strong></span> 
     </span>
    </p>
   </div>
   <div class='ocr_carea' id='block_1_46' title="bbox 268 4695 1863 4769">
    <p class='ocr_par' dir='ltr' id='par_1_46' title="bbox 268 4695 1863 4769">
     <span class='ocr_line' id='line_1_46' title="bbox 268 4695 1863 4769; baseline -0.002 -13"><span class='ocrx_word' id='word_1_334' title='bbox 268 4700 609 4769; x_wconf 87' lang='lat' dir='ltr'><strong>collocatam,</strong></span> <span class='ocrx_word' id='word_1_335' title='bbox 639 4698 841 4756; x_wconf 82' lang='lat' dir='ltr'><strong>referre</strong></span> <span class='ocrx_word' id='word_1_336' title='bbox 868 4698 1029 4753; x_wconf 90' lang='lat' dir='ltr'><strong>malui</strong></span> <span class='ocrx_word' id='word_1_337' title='bbox 1058 4697 1124 4754; x_wconf 91' lang='lat' dir='ltr'><strong>ad</strong></span> <span class='ocrx_word' id='word_1_338' title='bbox 1147 4698 1271 4754; x_wconf 90' lang='lat' dir='ltr'><strong>illud</strong></span> <span class='ocrx_word' id='word_1_339' title='bbox 1304 4706 1512 4767; x_wconf 90' lang='lat' dir='ltr'><strong>tempus</strong></span> <span class='ocrx_word' id='word_1_340' title='bbox 1539 4712 1666 4765; x_wconf 90' lang='lat' dir='ltr'><strong>quo,</strong></span> <span class='ocrx_word' id='word_1_341' title='bbox 1704 4695 1863 4754; x_wconf 89' lang='lat' dir='ltr'><strong>refri-</strong></span> 
     </span>
    </p>
   </div>
   <div class='ocr_carea' id='block_1_47' title="bbox 268 4789 1865 4865">
    <p class='ocr_par' dir='ltr' id='par_1_47' title="bbox 268 4789 1865 4865">
     <span class='ocr_line' id='line_1_47' title="bbox 268 4789 1865 4865; baseline 0 -18"><span class='ocrx_word' id='word_1_342' title='bbox 268 4802 521 4865; x_wconf 87' lang='lat' dir='ltr'><strong>gescente</strong></span> <span class='ocrx_word' id='word_1_343' title='bbox 541 4791 934 4862; x_wconf 87' lang='lat' dir='ltr'><strong>persecutione,</strong></span> <span class='ocrx_word' id='word_1_344' title='bbox 963 4802 1017 4847; x_wconf 94' lang='lat' dir='ltr'><strong>et</strong></span> <span class='ocrx_word' id='word_1_345' title='bbox 1037 4789 1437 4848; x_wconf 85' lang='lat' dir='ltr'><strong>confessoribus</strong></span> <span class='ocrx_word' id='word_1_346' title='bbox 1464 4791 1635 4863; x_wconf 86' lang='lat' dir='ltr'><strong>magis</strong></span> <span class='ocrx_word' id='word_1_347' title='bbox 1663 4792 1715 4846; x_wconf 89' lang='lat' dir='ltr'><strong>in</strong></span> <span class='ocrx_word' id='word_1_348' title='bbox 1745 4806 1865 4848; x_wconf 89' lang='lat' dir='ltr'><strong>car-</strong></span> 
     </span>
    </p>
   </div>
   <div class='ocr_carea' id='block_1_48' title="bbox 269 4883 1863 4956">
    <p class='ocr_par' dir='ltr' id='par_1_48' title="bbox 269 4883 1863 4956">
     <span class='ocr_line' id='line_1_48' title="bbox 269 4883 1863 4956; baseline 0 -17"><span class='ocrx_word' id='word_1_349' title='bbox 269 4899 394 4940; x_wconf 92' lang='lat' dir='ltr'><strong>cere</strong></span> <span class='ocrx_word' id='word_1_350' title='bbox 422 4901 579 4956; x_wconf 92' lang='lat' dir='ltr'><strong>quam</strong></span> <span class='ocrx_word' id='word_1_351' title='bbox 613 4885 750 4941; x_wconf 87' lang='lat' dir='ltr'><strong>inter</strong></span> <span class='ocrx_word' id='word_1_352' title='bbox 779 4892 1045 4940; x_wconf 88' lang='lat' dir='ltr'><strong>tormenta</strong></span> <span class='ocrx_word' id='word_1_353' title='bbox 1075 4884 1445 4951; x_wconf 88' lang='lat' dir='ltr'><strong>morientibus,</strong></span> <span class='ocrx_word' id='word_1_354' title='bbox 1477 4883 1727 4955; x_wconf 89' lang='lat' dir='ltr'><strong>sperabat</strong></span> <span class='ocrx_word' id='word_1_355' title='bbox 1754 4883 1863 4956; x_wconf 83' lang='lat' dir='ltr'><strong>Cy-</strong></span> 
     </span>
    </p>
   </div>
   <div class='ocr_carea' id='block_1_49' title="bbox 272 4977 1859 5051">
    <p class='ocr_par' dir='ltr' id='par_1_49' title="bbox 272 4977 1859 5051">
     <span class='ocr_line' id='line_1_49' title="bbox 272 4977 1859 5051; baseline -0.001 -16"><span class='ocrx_word' id='word_1_356' title='bbox 272 4980 491 5050; x_wconf 90' lang='lat' dir='ltr'><strong>prianus</strong></span> <span class='ocrx_word' id='word_1_357' title='bbox 528 4994 587 5035; x_wconf 91' lang='lat' dir='ltr'><strong>se</strong></span> <span class='ocrx_word' id='word_1_358' title='bbox 626 4979 733 5035; x_wconf 92' lang='lat' dir='ltr'><strong>cito</strong></span> <span class='ocrx_word' id='word_1_359' title='bbox 762 4977 1024 5034; x_wconf 87' lang='lat' dir='ltr'><strong>sacrificia</strong></span> <span class='ocrx_word' id='word_1_360' title='bbox 1045 5020 1060 5047; x_wconf 90' lang='lat'><strong>,</strong></span> <span class='ocrx_word' id='word_1_361' title='bbox 1096 4978 1320 5035; x_wconf 89' lang='lat' dir='ltr'><strong>Domino</strong></span> <span class='ocrx_word' id='word_1_362' title='bbox 1359 4986 1672 5051; x_wconf 86' lang='lat' dir='ltr'><strong>protegente</strong></span> <span class='ocrx_word' id='word_1_363' title='bbox 1693 5020 1706 5045; x_wconf 92' lang='lat'><strong>,</strong></span> <span class='ocrx_word' id='word_1_364' title='bbox 1736 4992 1859 5034; x_wconf 91' lang='lat' dir='ltr'><strong>cum</strong></span> 
     </span>
    </p>
   </div>
   <div class='ocr_carea' id='block_1_50' title="bbox 272 5054 1755 5129">
    <p class='ocr_par' dir='ltr' id='par_1_50' title="bbox 272 5054 1755 5129">
     <span class='ocr_line' id='line_1_50' title="bbox 272 5054 1755 5129; baseline -0.002 -1"><span class='ocrx_word' id='word_1_365' title='bbox 272 5073 419 5129; x_wconf 92' lang='lat' dir='ltr'><strong>clero</strong></span> <span class='ocrx_word' id='word_1_366' title='bbox 445 5086 542 5128; x_wconf 91' lang='lat' dir='ltr'><strong>suo</strong></span> <span class='ocrx_word' id='word_1_367' title='bbox 570 5072 986 5129; x_wconf 89' lang='lat' dir='ltr'><strong>cclebraturum.</strong></span> <span class='ocrx_word' id='word_1_368' title='bbox 1754 5054 1755 5059; x_wconf 28' lang='grc'><em>“</em></span> 
     </span>
    </p>
   </div>
   <div class='ocr_carea' id='block_1_51' title="bbox 346 5167 1868 5241">
    <p class='ocr_par' dir='ltr' id='par_1_51' title="bbox 346 5167 1868 5241">
     <span class='ocr_line' id='line_1_51' title="bbox 346 5167 1868 5241; baseline -0.001 -17"><span class='ocrx_word' id='word_1_369' title='bbox 346 5167 552 5238; x_wconf 85' lang='lat' dir='ltr'><strong>Scripta</strong></span> <span class='ocrx_word' id='word_1_370' title='bbox 577 5182 680 5221; x_wconf 90' lang='lat' dir='ltr'><strong>nou</strong></span> <span class='ocrx_word' id='word_1_371' title='bbox 713 5168 879 5223; x_wconf 87' lang='lat' dir='ltr'><strong>multo</strong></span> <span class='ocrx_word' id='word_1_372' title='bbox 925 5177 1044 5239; x_wconf 87' lang='lat' dir='ltr'><strong>post</strong></span> <span class='ocrx_word' id='word_1_373' title='bbox 1096 5167 1304 5224; x_wconf 87' lang='lat' dir='ltr'><strong>videtur</strong></span> <span class='ocrx_word' id='word_1_374' title='bbox 1332 5168 1567 5241; x_wconf 89' lang='lat' dir='ltr'><strong>Epistola</strong></span> <span class='ocrx_word' id='word_1_375' title='bbox 1599 5183 1717 5234; x_wconf 84' lang='lat' dir='ltr'><strong>vnt,</strong></span> <span class='ocrx_word' id='word_1_376' title='bbox 1748 5182 1868 5225; x_wconf 90' lang='lat' dir='ltr'><strong>eum</strong></span> 
     </span>
    </p>
   </div>
   <div class='ocr_carea' id='block_1_52' title="bbox 276 5259 1872 5333">
    <p class='ocr_par' dir='ltr' id='par_1_52' title="bbox 276 5259 1872 5333">
     <span class='ocr_line' id='line_1_52' title="bbox 276 5259 1872 5333; baseline 0.001 -17"><span class='ocrx_word' id='word_1_377' title='bbox 276 5261 330 5316; x_wconf 91' lang='lat' dir='ltr'><strong>in</strong></span> <span class='ocrx_word' id='word_1_378' title='bbox 356 5262 560 5315; x_wconf 87' lang='lat' dir='ltr'><strong>visione</strong></span> <span class='ocrx_word' id='word_1_379' title='bbox 579 5259 829 5315; x_wconf 89' lang='lat' dir='ltr'><strong>divinitus</strong></span> <span class='ocrx_word' id='word_1_380' title='bbox 869 5260 1049 5316; x_wconf 91' lang='lat' dir='ltr'><strong>oblata</strong></span> <span class='ocrx_word' id='word_1_381' title='bbox 1066 5261 1362 5333; x_wconf 88' lang='lat' dir='ltr'><strong>Cyprianus</strong></span> <span class='ocrx_word' id='word_1_382' title='bbox 1401 5261 1697 5318; x_wconf 89' lang='lat' dir='ltr'><strong>audiisset:</strong></span> <span class='ocrx_word' id='word_1_383' title='bbox 1732 5282 1750 5315; x_wconf 73' lang='grc' dir='ltr'><strong>ι</strong></span> <span class='ocrx_word' id='word_1_384' title='bbox 1779 5261 1872 5317; x_wconf 89' lang='lat' dir='ltr'><strong>Dic</strong></span> 
     </span>
    </p>
   </div>
   <div class='ocr_carea' id='block_1_53' title="bbox 277 5352 1871 5427">
    <p class='ocr_par' dir='ltr' id='par_1_53' title="bbox 277 5352 1871 5427">
     <span class='ocr_line' id='line_1_53' title="bbox 277 5352 1871 5427; baseline 0.001 -17"><span class='ocrx_word' id='word_1_385' title='bbox 277 5354 354 5410; x_wconf 90' lang='lat' dir='ltr'><strong>illi</strong></span> <span class='ocrx_word' id='word_1_386' title='bbox 381 5368 600 5409; x_wconf 90' lang='lat' dir='ltr'><strong>securus</strong></span> <span class='ocrx_word' id='word_1_387' title='bbox 623 5353 714 5419; x_wconf 88' lang='lat' dir='ltr'><strong>sit,</strong></span> <span class='ocrx_word' id='word_1_388' title='bbox 739 5352 859 5425; x_wconf 89' lang='lat' dir='ltr'><strong>quia</strong></span> <span class='ocrx_word' id='word_1_389' title='bbox 892 5367 994 5424; x_wconf 83' lang='lat' dir='ltr'><strong>pax</strong></span> <span class='ocrx_word' id='word_1_390' title='bbox 1021 5365 1241 5408; x_wconf 84' lang='lat' dir='ltr'><strong>ventura</strong></span> <span class='ocrx_word' id='word_1_391' title='bbox 1277 5363 1374 5409; x_wconf 88' lang='lat' dir='ltr'><strong>est.</strong></span> <span class='ocrx_word' id='word_1_392' title='bbox 1411 5354 1514 5410; x_wconf 87' lang='lat' dir='ltr'><strong>Sed</strong></span> <span class='ocrx_word' id='word_1_393' title='bbox 1564 5354 1706 5427; x_wconf 92' lang='lat' dir='ltr'><strong>quod</strong></span> <span class='ocrx_word' id='word_1_394' title='bbox 1736 5355 1871 5411; x_wconf 87' lang='lat' dir='ltr'><strong>inte-</strong></span> 
     </span>
    </p>
   </div>
   <div class='ocr_carea' id='block_1_54' title="bbox 277 5449 1874 5524">
    <p class='ocr_par' dir='ltr' id='par_1_54' title="bbox 277 5449 1874 5524">
     <span class='ocr_line' id='line_1_54' title="bbox 277 5449 1874 5524; baseline 0.001 -18"><span class='ocrx_word' id='word_1_395' title='bbox 277 5451 382 5507; x_wconf 89' lang='lat' dir='ltr'><strong>rim</strong></span> <span class='ocrx_word' id='word_1_396' title='bbox 410 5450 614 5505; x_wconf 89' lang='lat' dir='ltr'><strong>mornla</strong></span> <span class='ocrx_word' id='word_1_397' title='bbox 643 5458 748 5514; x_wconf 78' lang='lat' dir='ltr'><strong>est,</strong></span> <span class='ocrx_word' id='word_1_398' title='bbox 784 5461 1069 5519; x_wconf 89' lang='lat' dir='ltr'><strong>supersunt</strong></span> <span class='ocrx_word' id='word_1_399' title='bbox 1091 5449 1262 5505; x_wconf 90' lang='lat' dir='ltr'><strong>adlmc</strong></span> <span class='ocrx_word' id='word_1_400' title='bbox 1307 5451 1467 5523; x_wconf 88' lang='lat' dir='ltr'><strong>aliqui</strong></span> <span class='ocrx_word' id='word_1_401' title='bbox 1498 5453 1587 5523; x_wconf 90' lang='lat' dir='ltr'><strong>qui</strong></span> <span class='ocrx_word' id='word_1_402' title='bbox 1637 5452 1874 5524; x_wconf 89' lang='lat' dir='ltr'><strong>proben-</strong></span> 
     </span>
    </p>
   </div>
   <div class='ocr_carea' id='block_1_55' title="bbox 281 5541 1872 5614">
    <p class='ocr_par' dir='ltr' id='par_1_55' title="bbox 281 5541 1872 5614">
     <span class='ocr_line' id='line_1_55' title="bbox 281 5541 1872 5614; baseline 0.003 -18"><span class='ocrx_word' id='word_1_403' title='bbox 281 5552 385 5597; x_wconf 92' lang='lat' dir='ltr'><strong>tur.</strong></span> <span class='ocrx_word' id='word_1_404' title='bbox 423 5561 442 5595; x_wconf 76' lang='grc' dir='ltr'><strong>ι</strong></span> <span class='ocrx_word' id='word_1_405' title='bbox 479 5541 787 5598; x_wconf 85' lang='lat' dir='ltr'><strong>Persecutio</strong></span> <span class='ocrx_word' id='word_1_406' title='bbox 820 5541 994 5597; x_wconf 86' lang='lat' dir='ltr'><strong>adhuc</strong></span> <span class='ocrx_word' id='word_1_407' title='bbox 1024 5557 1237 5614; x_wconf 87' lang='lat' dir='ltr'><strong>gregem</strong></span> <span class='ocrx_word' id='word_1_408' title='bbox 1272 5543 1641 5613; x_wconf 83' lang='lat' dir='ltr'><strong>populabatur,</strong></span> <span class='ocrx_word' id='word_1_409' title='bbox 1675 5554 1732 5600; x_wconf 93' lang='lat' dir='ltr'><strong>ut</strong></span> <span class='ocrx_word' id='word_1_410' title='bbox 1761 5555 1872 5602; x_wconf 82' lang='lat' dir='ltr'><strong>sta-</strong></span> 
     </span>
    </p>
   </div>
   <div class='ocr_carea' id='block_1_56' title="bbox 281 5634 1875 5707">
    <p class='ocr_par' dir='ltr' id='par_1_56' title="bbox 281 5634 1875 5707">
     <span class='ocr_line' id='line_1_56' title="bbox 281 5634 1875 5707; baseline 0.003 -17"><span class='ocrx_word' id='word_1_411' title='bbox 281 5635 375 5691; x_wconf 89' lang='lat' dir='ltr'><strong>tim</strong></span> <span class='ocrx_word' id='word_1_412' title='bbox 396 5634 542 5691; x_wconf 87' lang='lat' dir='ltr'><strong>addit</strong></span> <span class='ocrx_word' id='word_1_413' title='bbox 566 5634 885 5707; x_wconf 83' lang='lat' dir='ltr'><strong>Cyprianus,</strong></span> <span class='ocrx_word' id='word_1_414' title='bbox 917 5645 971 5692; x_wconf 92' lang='lat' dir='ltr'><strong>ct</strong></span> <span class='ocrx_word' id='word_1_415' title='bbox 997 5651 1119 5691; x_wconf 79' lang='lat' dir='ltr'><strong>cum</strong></span> <span class='ocrx_word' id='word_1_416' title='bbox 1166 5636 1431 5691; x_wconf 89' lang='lat' dir='ltr'><strong>interdum</strong></span> <span class='ocrx_word' id='word_1_417' title='bbox 1462 5636 1662 5705; x_wconf 89' lang='lat' dir='ltr'><strong>mitior,</strong></span> <span class='ocrx_word' id='word_1_418' title='bbox 1711 5640 1875 5695; x_wconf 85' lang='lat' dir='ltr'><strong>inter—</strong></span> 
     </span>
    </p>
   </div>
   <div class='ocr_carea' id='block_1_57' title="bbox 282 5727 1876 5801">
    <p class='ocr_par' dir='ltr' id='par_1_57' title="bbox 282 5727 1876 5801">
     <span class='ocr_line' id='line_1_57' title="bbox 282 5727 1876 5801; baseline 0.005 -19"><span class='ocrx_word' id='word_1_419' title='bbox 282 5727 409 5783; x_wconf 92' lang='lat' dir='ltr'><strong>dum</strong></span> <span class='ocrx_word' id='word_1_420' title='bbox 430 5730 671 5797; x_wconf 88' lang='lat' dir='ltr'><strong>asperior</strong></span> <span class='ocrx_word' id='word_1_421' title='bbox 693 5729 918 5798; x_wconf 79' lang='lat' dir='ltr'><strong>fuisset,</strong></span> <span class='ocrx_word' id='word_1_422' title='bbox 947 5729 1162 5785; x_wconf 93' lang='lat' dir='ltr'><strong>videtur</strong></span> <span class='ocrx_word' id='word_1_423' title='bbox 1189 5729 1290 5785; x_wconf 92' lang='lat' dir='ltr'><strong>sub</strong></span> <span class='ocrx_word' id='word_1_424' title='bbox 1336 5730 1508 5801; x_wconf 88' lang='lat' dir='ltr'><strong>ipsum</strong></span> <span class='ocrx_word' id='word_1_425' title='bbox 1559 5732 1714 5788; x_wconf 79' lang='lat' dir='ltr'><strong>tinent</strong></span> <span class='ocrx_word' id='word_1_426' title='bbox 1750 5777 1764 5799; x_wconf 98' lang='lat'><strong>,</strong></span> <span class='ocrx_word' id='word_1_427' title='bbox 1819 5744 1876 5790; x_wconf 88' lang='lat' dir='ltr'><strong>ut</strong></span> 
     </span>
    </p>
   </div>
   <div class='ocr_carea' id='block_1_58' title="bbox 282 5820 1877 5907">
    <p class='ocr_par' dir='ltr' id='par_1_58' title="bbox 282 5820 1877 5907">
     <span class='ocr_line' id='line_1_58' title="bbox 282 5820 1877 5907; baseline 0.004 -33"><span class='ocrx_word' id='word_1_428' title='bbox 282 5820 534 5875; x_wconf 87' lang='lat' dir='ltr'><strong>observat</strong></span> <span class='ocrx_word' id='word_1_429' title='bbox 560 5820 952 5907; x_wconf 77' lang='lat' dir='ltr'><strong>Tillemontins,</strong></span> <span class='ocrx_word' id='word_1_430' title='bbox 996 5823 1261 5878; x_wconf 88' lang='lat' dir='ltr'><strong>violenter</strong></span> <span class='ocrx_word' id='word_1_431' title='bbox 1317 5822 1672 5879; x_wconf 88' lang='lat' dir='ltr'><strong>recruduisse.</strong></span> <span class='ocrx_word' id='word_1_432' title='bbox 1722 5824 1877 5894; x_wconf 81' lang='lat' dir='ltr'><strong>Quod</strong></span> 
     </span>
    </p>
   </div>
   <div class='ocr_carea' id='block_1_59' title="bbox 287 5911 1877 5984">
    <p class='ocr_par' dir='ltr' id='par_1_59' title="bbox 287 5911 1877 5984">
     <span class='ocr_line' id='line_1_59' title="bbox 287 5911 1877 5984; baseline 0.004 -16"><span class='ocrx_word' id='word_1_433' title='bbox 287 5911 431 5969; x_wconf 91' lang='lat' dir='ltr'><strong>enim</strong></span> <span class='ocrx_word' id='word_1_434' title='bbox 462 5912 535 5969; x_wconf 85' lang='lat' dir='ltr'><strong>ait</strong></span> <span class='ocrx_word' id='word_1_435' title='bbox 562 5911 861 5984; x_wconf 84' lang='lat' dir='ltr'><strong>Cyprianus</strong></span> <span class='ocrx_word' id='word_1_436' title='bbox 890 5925 1154 5972; x_wconf 90' lang='lat' dir='ltr'><strong>tormenta</strong></span> <span class='ocrx_word' id='word_1_437' title='bbox 1201 5916 1412 5974; x_wconf 87' lang='lat' dir='ltr'><strong>venisse</strong></span> <span class='ocrx_word' id='word_1_438' title='bbox 1450 5916 1574 5973; x_wconf 87' lang='lat' dir='ltr'><strong>dum</strong></span> <span class='ocrx_word' id='word_1_439' title='bbox 1605 5919 1877 5975; x_wconf 77' lang='lat' dir='ltr'><strong>confesso-</strong></span> 
     </span>
    </p>
   </div>
   <div class='ocr_carea' id='block_1_60' title="bbox 1570 378 2610 457">
    <p class='ocr_par' dir='ltr' id='par_1_60' title="bbox 1570 378 2610 457">
     <span class='ocr_line' id='line_1_60' title="bbox 1570 378 2610 457; baseline -0.007 -17"><span class='ocrx_word' id='word_1_440' title='bbox 1570 382 1725 440; x_wconf 78' lang='lat' dir='ltr'><strong>VITA</strong></span> <span class='ocrx_word' id='word_1_441' title='bbox 1767 379 2012 440; x_wconf 76' lang='lat' dir='ltr'><strong>SANCTI</strong></span> <span class='ocrx_word' id='word_1_442' title='bbox 2050 378 2397 439; x_wconf 77' lang='lat' dir='ltr'><strong>CYPRIANI.</strong></span> <span class='ocrx_word' id='word_1_443' title='bbox 2603 450 2610 457; x_wconf 28' lang='grc' dir='ltr'><strong>Ι</strong></span> 
     </span>
    </p>
   </div>
   <div class='ocr_carea' id='block_1_61' title="bbox 1954 486 3567 572">
    <p class='ocr_par' dir='ltr' id='par_1_61' title="bbox 1954 486 3567 572">
     <span class='ocr_line' id='line_1_61' title="bbox 1954 486 3567 572; baseline 0.006 -16"><span class='ocrx_word' id='word_1_444' title='bbox 1954 486 2191 556; x_wconf 59' lang='grc' dir='ltr'><strong>’τοεηοη</strong></span> <span class='ocrx_word' id='word_1_445' title='bbox 2215 510 2401 558; x_wconf 90' lang='lat' dir='ltr'><strong>tenent</strong></span> <span class='ocrx_word' id='word_1_446' title='bbox 2426 499 2763 572; x_wconf 89' lang='lat' dir='ltr'><strong>disciplinam</strong></span> <span class='ocrx_word' id='word_1_447' title='bbox 2791 542 2807 570; x_wconf 94' lang='lat'><strong>,</strong></span> <span class='ocrx_word' id='word_1_448' title='bbox 2841 516 2948 559; x_wconf 91' lang='lat' dir='ltr'><strong>non</strong></span> <span class='ocrx_word' id='word_1_449' title='bbox 2985 502 3194 562; x_wconf 87' lang='lat' dir='ltr'><strong>videtur</strong></span> <span class='ocrx_word' id='word_1_450' title='bbox 3239 520 3326 563; x_wconf 86' lang='lat' dir='ltr'><strong>res</strong></span> <span class='ocrx_word' id='word_1_451' title='bbox 3379 521 3567 565; x_wconf 87' lang='lat' dir='ltr'><strong>mense</strong></span> 
     </span>
    </p>
   </div>
   <div class='ocr_carea' id='block_1_62' title="bbox 3465 389 3570 449">
    <p class='ocr_par' dir='ltr' id='par_1_62' title="bbox 3465 389 3570 449">
     <span class='ocr_line' id='line_1_62' title="bbox 3465 389 3570 449; baseline -0.01 0"><span class='ocrx_word' id='word_1_452' title='bbox 3465 389 3570 449; x_wconf 68' lang='grc'><strong>114</strong></span> 
     </span>
    </p>
   </div>
   <div class='ocr_carea' id='block_1_63' title="bbox 1970 593 3567 666">
    <p class='ocr_par' dir='ltr' id='par_1_63' title="bbox 1970 593 3567 666">
     <span class='ocr_line' id='line_1_63' title="bbox 1970 593 3567 666; baseline 0.006 -18"><span class='ocrx_word' id='word_1_453' title='bbox 1970 593 2129 663; x_wconf 85' lang='lat' dir='ltr'><strong>aprili</strong></span> <span class='ocrx_word' id='word_1_454' title='bbox 2171 601 2265 648; x_wconf 90' lang='lat' dir='ltr'><strong>aut</strong></span> <span class='ocrx_word' id='word_1_455' title='bbox 2294 593 2436 649; x_wconf 91' lang='lat' dir='ltr'><strong>maio</strong></span> <span class='ocrx_word' id='word_1_456' title='bbox 2457 602 2637 665; x_wconf 79' lang='lat' dir='ltr'><strong>gestas</strong></span> <span class='ocrx_word' id='word_1_457' title='bbox 2686 594 2740 650; x_wconf 91' lang='lat' dir='ltr'><strong>in</strong></span> <span class='ocrx_word' id='word_1_458' title='bbox 2771 595 3088 651; x_wconf 89' lang='lat' dir='ltr'><strong>memoriam</strong></span> <span class='ocrx_word' id='word_1_459' title='bbox 3132 612 3387 655; x_wconf 89' lang='lat' dir='ltr'><strong>revocare</strong></span> <span class='ocrx_word' id='word_1_460' title='bbox 3414 640 3431 666; x_wconf 91' lang='lat'><strong>,</strong></span> <span class='ocrx_word' id='word_1_461' title='bbox 3468 600 3567 657; x_wconf 90' lang='lat' dir='ltr'><strong>sed</strong></span> 
     </span>
    </p>
   </div>
   <div class='ocr_carea' id='block_1_64' title="bbox 1971 685 3567 762">
    <p class='ocr_par' dir='ltr' id='par_1_64' title="bbox 1971 685 3567 762">
     <span class='ocr_line' id='line_1_64' title="bbox 1971 685 3567 762; baseline 0.005 -21"><span class='ocrx_word' id='word_1_462' title='bbox 1971 693 2292 757; x_wconf 77' lang='lat' dir='ltr'><strong>przesentem</strong></span> <span class='ocrx_word' id='word_1_463' title='bbox 2317 701 2497 742; x_wconf 91' lang='lat' dir='ltr'><strong>rerum</strong></span> <span class='ocrx_word' id='word_1_464' title='bbox 2528 695 2725 743; x_wconf 88' lang='lat' dir='ltr'><strong>statum</strong></span> <span class='ocrx_word' id='word_1_465' title='bbox 2753 685 3060 744; x_wconf 73' lang='lat' dir='ltr'><strong>describere</strong></span> <span class='ocrx_word' id='word_1_466' title='bbox 3083 729 3099 753; x_wconf 89' lang='lat'><strong>,</strong></span> <span class='ocrx_word' id='word_1_467' title='bbox 3133 687 3292 760; x_wconf 90' lang='lat' dir='ltr'><strong>idque</strong></span> <span class='ocrx_word' id='word_1_468' title='bbox 3338 706 3403 748; x_wconf 90' lang='lat' dir='ltr'><strong>ex</strong></span> <span class='ocrx_word' id='word_1_469' title='bbox 3447 692 3567 762; x_wconf 85' lang='lat' dir='ltr'><strong>ejus</strong></span> 
     </span>
    </p>
   </div>
   <div class='ocr_carea' id='block_1_65' title="bbox 1969 780 3559 856">
    <p class='ocr_par' dir='ltr' id='par_1_65' title="bbox 1969 780 3559 856">
     <span class='ocr_line' id='line_1_65' title="bbox 1969 780 3559 856; baseline 0.001 -17"><span class='ocrx_word' id='word_1_470' title='bbox 1969 781 2149 839; x_wconf 90' lang='lat' dir='ltr'><strong>verbis</strong></span> <span class='ocrx_word' id='word_1_471' title='bbox 2187 781 2319 838; x_wconf 90' lang='lat' dir='ltr'><strong>satis</strong></span> <span class='ocrx_word' id='word_1_472' title='bbox 2345 782 2680 853; x_wconf 71' lang='lat' dir='ltr'><strong>perSpicitur.</strong></span> <span class='ocrx_word' id='word_1_473' title='bbox 2716 800 2735 835; x_wconf 75' lang='grc' dir='ltr'><strong>ι</strong></span> <span class='ocrx_word' id='word_1_474' title='bbox 2759 780 2903 851; x_wconf 87' lang='lat' dir='ltr'><strong>Quas</strong></span> <span class='ocrx_word' id='word_1_475' title='bbox 2921 790 3100 838; x_wconf 91' lang='lat' dir='ltr'><strong>autem</strong></span> <span class='ocrx_word' id='word_1_476' title='bbox 3130 782 3311 856; x_wconf 81' lang='lat' dir='ltr'><strong>plagas</strong></span> <span class='ocrx_word' id='word_1_477' title='bbox 3329 826 3342 849; x_wconf 92' lang='lat'><strong>,</strong></span> <span class='ocrx_word' id='word_1_478' title='bbox 3370 784 3559 854; x_wconf 88' lang='lat' dir='ltr'><strong>inquit,</strong></span> 
     </span>
    </p>
   </div>
   <div class='ocr_carea' id='block_1_66' title="bbox 1969 876 3561 950">
    <p class='ocr_par' dir='ltr' id='par_1_66' title="bbox 1969 876 3561 950">
     <span class='ocr_line' id='line_1_66' title="bbox 1969 876 3561 950; baseline 0.002 -18"><span class='ocrx_word' id='word_1_479' title='bbox 1969 893 2090 950; x_wconf 80' lang='lat' dir='ltr'><strong>qua:</strong></span> <span class='ocrx_word' id='word_1_480' title='bbox 2117 876 2335 934; x_wconf 88' lang='lat' dir='ltr'><strong>vulnera</strong></span> <span class='ocrx_word' id='word_1_481' title='bbox 2359 894 2468 934; x_wconf 89' lang='lat' dir='ltr'><strong>non</strong></span> <span class='ocrx_word' id='word_1_482' title='bbox 2508 892 2798 946; x_wconf 88' lang='lat' dir='ltr'><strong>meremur,</strong></span> <span class='ocrx_word' id='word_1_483' title='bbox 2829 877 3044 949; x_wconf 87' lang='lat' dir='ltr'><strong>quando</strong></span> <span class='ocrx_word' id='word_1_484' title='bbox 3073 894 3171 937; x_wconf 91' lang='lat' dir='ltr'><strong>nec</strong></span> <span class='ocrx_word' id='word_1_485' title='bbox 3206 881 3561 945; x_wconf 82' lang='lat' dir='ltr'><strong>confessores,</strong></span> 
     </span>
    </p>
   </div>
   <div class='ocr_carea' id='block_1_67' title="bbox 1969 969 3561 1043">
    <p class='ocr_par' dir='ltr' id='par_1_67' title="bbox 1969 969 3561 1043">
     <span class='ocr_line' id='line_1_67' title="bbox 1969 969 3561 1043; baseline 0.004 -23"><span class='ocrx_word' id='word_1_486' title='bbox 1969 972 2058 1043; x_wconf 82' lang='lat' dir='ltr'><strong>qui</strong></span> <span class='ocrx_word' id='word_1_487' title='bbox 2087 971 2335 1042; x_wconf 87' lang='lat' dir='ltr'><strong>exemplo</strong></span> <span class='ocrx_word' id='word_1_488' title='bbox 2355 971 2567 1028; x_wconf 83' lang='lat' dir='ltr'><strong>caeteris</strong></span> <span class='ocrx_word' id='word_1_489' title='bbox 2593 969 2660 1027; x_wconf 92' lang='lat' dir='ltr'><strong>ad</strong></span> <span class='ocrx_word' id='word_1_490' title='bbox 2690 971 2860 1026; x_wconf 89' lang='lat' dir='ltr'><strong>bonos</strong></span> <span class='ocrx_word' id='word_1_491' title='bbox 2887 985 3067 1029; x_wconf 90' lang='lat' dir='ltr'><strong>mores</strong></span> <span class='ocrx_word' id='word_1_492' title='bbox 3103 987 3226 1030; x_wconf 90' lang='lat' dir='ltr'><strong>esse</strong></span> <span class='ocrx_word' id='word_1_493' title='bbox 3245 972 3561 1039; x_wconf 86' lang='lat' dir='ltr'><strong>debuerant,</strong></span> 
     </span>
    </p>
   </div>
   <div class='ocr_carea' id='block_1_68' title="bbox 1969 1064 3565 1138">
    <p class='ocr_par' dir='ltr' id='par_1_68' title="bbox 1969 1064 3565 1138">
     <span class='ocr_line' id='line_1_68' title="bbox 1969 1064 3565 1138; baseline 0.001 -18"><span class='ocrx_word' id='word_1_494' title='bbox 1969 1073 2186 1121; x_wconf 90' lang='lat' dir='ltr'><strong>teneant</strong></span> <span class='ocrx_word' id='word_1_495' title='bbox 2208 1064 2581 1136; x_wconf 83' lang='lat' dir='ltr'><strong>disciplinam?</strong></span> <span class='ocrx_word' id='word_1_496' title='bbox 2608 1064 2812 1136; x_wconf 88' lang='lat' dir='ltr'><strong>Itaque,</strong></span> <span class='ocrx_word' id='word_1_497' title='bbox 2834 1064 2964 1122; x_wconf 90' lang='lat' dir='ltr'><strong>dum</strong></span> <span class='ocrx_word' id='word_1_498' title='bbox 2986 1066 3248 1138; x_wconf 84' lang='lat' dir='ltr'><strong>quosdam</strong></span> <span class='ocrx_word' id='word_1_499' title='bbox 3270 1068 3565 1124; x_wconf 90' lang='lat' dir='ltr'><strong>insolenter</strong></span> 
     </span>
    </p>
   </div>
   <div class='ocr_carea' id='block_1_69' title="bbox 1968 1158 3564 1232">
    <p class='ocr_par' dir='ltr' id='par_1_69' title="bbox 1968 1158 3564 1232">
     <span class='ocr_line' id='line_1_69' title="bbox 1968 1158 3564 1232; baseline 0.002 -20"><span class='ocrx_word' id='word_1_500' title='bbox 1968 1158 2177 1215; x_wconf 81' lang='lat' dir='ltr'><strong>extollit</strong></span> <span class='ocrx_word' id='word_1_501' title='bbox 2204 1158 2559 1214; x_wconf 71' lang='lat' dir='ltr'><strong>confessionis</strong></span> <span class='ocrx_word' id='word_1_502' title='bbox 2584 1172 2697 1214; x_wconf 76' lang='lat' dir='ltr'><strong>sua:</strong></span> <span class='ocrx_word' id='word_1_503' title='bbox 2724 1158 2905 1214; x_wconf 91' lang='lat' dir='ltr'><strong>timida</strong></span> <span class='ocrx_word' id='word_1_504' title='bbox 2930 1168 2985 1214; x_wconf 91' lang='lat' dir='ltr'><strong>et</strong></span> <span class='ocrx_word' id='word_1_505' title='bbox 3014 1160 3370 1217; x_wconf 80' lang='lat' dir='ltr'><strong>inverecunda</strong></span> <span class='ocrx_word' id='word_1_506' title='bbox 3396 1162 3564 1232; x_wconf 87' lang='lat' dir='ltr'><strong>jacta-</strong></span> 
     </span>
    </p>
   </div>
   <div class='ocr_carea' id='block_1_70' title="bbox 1970 1253 3568 1325">
    <p class='ocr_par' dir='ltr' id='par_1_70' title="bbox 1970 1253 3568 1325">
     <span class='ocr_line' id='line_1_70' title="bbox 1970 1253 3568 1325; baseline -0.001 -15"><span class='ocrx_word' id='word_1_507' title='bbox 1970 1254 2065 1320; x_wconf 91' lang='lat' dir='ltr'><strong>tio,</strong></span> <span class='ocrx_word' id='word_1_508' title='bbox 2091 1261 2356 1309; x_wconf 89' lang='lat' dir='ltr'><strong>tormenta</strong></span> <span class='ocrx_word' id='word_1_509' title='bbox 2385 1262 2669 1310; x_wconf 89' lang='lat' dir='ltr'><strong>venerunt.</strong></span> <span class='ocrx_word' id='word_1_510' title='bbox 2704 1253 2828 1310; x_wconf 82' lang='lat' dir='ltr'><strong>llaec</strong></span> <span class='ocrx_word' id='word_1_511' title='bbox 2850 1254 3079 1325; x_wconf 88' lang='lat' dir='ltr'><strong>patimur</strong></span> <span class='ocrx_word' id='word_1_512' title='bbox 3124 1255 3318 1312; x_wconf 90' lang='lat' dir='ltr'><strong>delicto</strong></span> <span class='ocrx_word' id='word_1_513' title='bbox 3364 1267 3420 1310; x_wconf 91' lang='lat' dir='ltr'><strong>et</strong></span> <span class='ocrx_word' id='word_1_514' title='bbox 3450 1270 3568 1309; x_wconf 85' lang='lat' dir='ltr'><strong>me-</strong></span> 
     </span>
    </p>
   </div>
   <div class='ocr_carea' id='block_1_71' title="bbox 1968 1345 3568 1414">
    <p class='ocr_par' dir='ltr' id='par_1_71' title="bbox 1968 1345 3568 1414">
     <span class='ocr_line' id='line_1_71' title="bbox 1968 1345 3568 1414; baseline -0.001 -10"><span class='ocrx_word' id='word_1_515' title='bbox 1968 1348 2073 1404; x_wconf 91' lang='lat' dir='ltr'><strong>rito</strong></span> <span class='ocrx_word' id='word_1_516' title='bbox 2113 1355 2317 1402; x_wconf 92' lang='lat' dir='ltr'><strong>nostro.</strong></span> <span class='ocrx_word' id='word_1_517' title='bbox 2350 1365 2369 1399; x_wconf 72' lang='lat' dir='ltr'><strong>i</strong></span> <span class='ocrx_word' id='word_1_518' title='bbox 2430 1345 2657 1402; x_wconf 82' lang='lat' dir='ltr'><strong>Videtur</strong></span> <span class='ocrx_word' id='word_1_519' title='bbox 2700 1346 2768 1401; x_wconf 92' lang='lat' dir='ltr'><strong>ad</strong></span> <span class='ocrx_word' id='word_1_520' title='bbox 2818 1345 2920 1402; x_wconf 89' lang='lat' dir='ltr'><strong>hoc</strong></span> <span class='ocrx_word' id='word_1_521' title='bbox 2964 1355 3175 1414; x_wconf 87' lang='lat' dir='ltr'><strong>tempus</strong></span> <span class='ocrx_word' id='word_1_522' title='bbox 3223 1345 3568 1403; x_wconf 85' lang='lat' dir='ltr'><strong>referendum</strong></span> 
     </span>
    </p>
   </div>
   <div class='ocr_carea' id='block_1_72' title="bbox 1967 1440 3569 1514">
    <p class='ocr_par' dir='ltr' id='par_1_72' title="bbox 1967 1440 3569 1514">
     <span class='ocr_line' id='line_1_72' title="bbox 1967 1440 3569 1514; baseline 0.001 -19"><span class='ocrx_word' id='word_1_523' title='bbox 1967 1441 2109 1513; x_wconf 92' lang='lat' dir='ltr'><strong>quod</strong></span> <span class='ocrx_word' id='word_1_524' title='bbox 2140 1450 2321 1496; x_wconf 88' lang='lat' dir='ltr'><strong>narrat</strong></span> <span class='ocrx_word' id='word_1_525' title='bbox 2349 1441 2648 1513; x_wconf 86' lang='lat' dir='ltr'><strong>Cyprianus</strong></span> <span class='ocrx_word' id='word_1_526' title='bbox 2673 1441 2725 1497; x_wconf 92' lang='lat' dir='ltr'><strong>iu</strong></span> <span class='ocrx_word' id='word_1_527' title='bbox 2759 1440 2927 1511; x_wconf 83' lang='lat' dir='ltr'><strong>Epist.</strong></span> <span class='ocrx_word' id='word_1_528' title='bbox 2958 1457 3047 1506; x_wconf 65' lang='lat' dir='ltr'><strong>xc,</strong></span> <span class='ocrx_word' id='word_1_529' title='bbox 3071 1441 3140 1498; x_wconf 93' lang='lat' dir='ltr'><strong>de</strong></span> <span class='ocrx_word' id='word_1_530' title='bbox 3178 1441 3414 1514; x_wconf 88' lang='lat' dir='ltr'><strong>quinque</strong></span> <span class='ocrx_word' id='word_1_531' title='bbox 3460 1440 3569 1511; x_wconf 56' lang='lat' dir='ltr'><strong>pri.</strong></span> 
     </span>
    </p>
   </div>
   <div class='ocr_carea' id='block_1_73' title="bbox 1968 1533 3567 1608">
    <p class='ocr_par' dir='ltr' id='par_1_73' title="bbox 1968 1533 3567 1608">
     <span class='ocr_line' id='line_1_73' title="bbox 1968 1533 3567 1608; baseline -0.001 -17"><span class='ocrx_word' id='word_1_532' title='bbox 1968 1535 2209 1591; x_wconf 91' lang='lat' dir='ltr'><strong>moribus</strong></span> <span class='ocrx_word' id='word_1_533' title='bbox 2236 1534 2593 1607; x_wconf 72' lang='lat' dir='ltr'><strong>Carthaginis,</strong></span> <span class='ocrx_word' id='word_1_534' title='bbox 2630 1554 2650 1587; x_wconf 72' lang='grc' dir='ltr'><strong>ι</strong></span> <span class='ocrx_word' id='word_1_535' title='bbox 2687 1535 2778 1605; x_wconf 92' lang='lat' dir='ltr'><strong>qui</strong></span> <span class='ocrx_word' id='word_1_536' title='bbox 2818 1534 2997 1593; x_wconf 86' lang='lat' dir='ltr'><strong>edicto</strong></span> <span class='ocrx_word' id='word_1_537' title='bbox 3023 1550 3193 1606; x_wconf 90' lang='lat' dir='ltr'><strong>nuper</strong></span> <span class='ocrx_word' id='word_1_538' title='bbox 3236 1533 3567 1608; x_wconf 78' lang='lat' dir='ltr'><strong>magistrati-</strong></span> 
     </span>
    </p>
   </div>
   <div class='ocr_carea' id='block_1_74' title="bbox 1968 1627 3565 1699">
    <p class='ocr_par' dir='ltr' id='par_1_74' title="bbox 1968 1627 3565 1699">
     <span class='ocr_line' id='line_1_74' title="bbox 1968 1627 3565 1699; baseline -0.003 -14"><span class='ocrx_word' id='word_1_539' title='bbox 1968 1628 2068 1685; x_wconf 91' lang='lat' dir='ltr'><strong>bus</strong></span> <span class='ocrx_word' id='word_1_540' title='bbox 2095 1629 2301 1685; x_wconf 88' lang='lat' dir='ltr'><strong>fuerant</strong></span> <span class='ocrx_word' id='word_1_541' title='bbox 2325 1629 2580 1699; x_wconf 89' lang='lat' dir='ltr'><strong>copulati,</strong></span> <span class='ocrx_word' id='word_1_542' title='bbox 2615 1636 2674 1684; x_wconf 93' lang='lat' dir='ltr'><strong>ut</strong></span> <span class='ocrx_word' id='word_1_543' title='bbox 2702 1627 2860 1684; x_wconf 86' lang='lat' dir='ltr'><strong>fidem</strong></span> <span class='ocrx_word' id='word_1_544' title='bbox 2896 1627 2914 1699; x_wconf 95' lang='lat'><strong>(</strong></span> <span class='ocrx_word' id='word_1_545' title='bbox 2946 1627 3373 1685; x_wconf 88' lang='lat' dir='ltr'><strong>Christianorum</strong></span> <span class='ocrx_word' id='word_1_546' title='bbox 3402 1629 3421 1699; x_wconf 89' lang='lat'><strong>)</strong></span> <span class='ocrx_word' id='word_1_547' title='bbox 3475 1642 3565 1683; x_wconf 88' lang='lat' dir='ltr'><strong>sn-</strong></span> 
     </span>
    </p>
   </div>
   <div class='ocr_carea' id='block_1_75' title="bbox 1967 1720 3567 1797">
    <p class='ocr_par' dir='ltr' id='par_1_75' title="bbox 1967 1720 3567 1797">
     <span class='ocr_line' id='line_1_75' title="bbox 1967 1720 3567 1797; baseline -0.002 -17"><span class='ocrx_word' id='word_1_548' title='bbox 1967 1722 2243 1780; x_wconf 90' lang='lat' dir='ltr'><strong>bruerent.</strong></span> <span class='ocrx_word' id='word_1_549' title='bbox 2270 1742 2289 1774; x_wconf 76' lang='grc' dir='ltr'><strong>ι</strong></span> <span class='ocrx_word' id='word_1_550' title='bbox 2322 1721 2435 1778; x_wconf 87' lang='grc' dir='ltr'><strong>Νοη</strong></span> <span class='ocrx_word' id='word_1_551' title='bbox 2467 1721 2609 1777; x_wconf 92' lang='lat' dir='ltr'><strong>enim</strong></span> <span class='ocrx_word' id='word_1_552' title='bbox 2632 1720 2722 1777; x_wconf 89' lang='lat' dir='ltr'><strong>hic</strong></span> <span class='ocrx_word' id='word_1_553' title='bbox 2745 1720 3006 1797; x_wconf 86' lang='lat' dir='ltr'><strong>visionem</strong></span> <span class='ocrx_word' id='word_1_554' title='bbox 3034 1722 3217 1786; x_wconf 85' lang='lat' dir='ltr'><strong>refert,</strong></span> <span class='ocrx_word' id='word_1_555' title='bbox 3257 1731 3313 1777; x_wconf 91' lang='lat' dir='ltr'><strong>ut</strong></span> <span class='ocrx_word' id='word_1_556' title='bbox 3335 1721 3567 1777; x_wconf 86' lang='lat' dir='ltr'><strong>nonnul-</strong></span> 
     </span>
    </p>
   </div>
   <div class='ocr_carea' id='block_1_76' title="bbox 1969 1814 3568 1885">
    <p class='ocr_par' dir='ltr' id='par_1_76' title="bbox 1969 1814 3568 1885">
     <span class='ocr_line' id='line_1_76' title="bbox 1969 1814 3568 1885; baseline -0.001 -14"><span class='ocrx_word' id='word_1_557' title='bbox 1969 1814 2002 1871; x_wconf 93' lang='lat' dir='ltr'><strong>li</strong></span> <span class='ocrx_word' id='word_1_558' title='bbox 2044 1815 2435 1881; x_wconf 79' lang='lat' dir='ltr'><strong>existimarunt,</strong></span> <span class='ocrx_word' id='word_1_559' title='bbox 2492 1814 2589 1871; x_wconf 88' lang='lat' dir='ltr'><strong>sed</strong></span> <span class='ocrx_word' id='word_1_560' title='bbox 2637 1829 2749 1870; x_wconf 89' lang='lat' dir='ltr'><strong>rem</strong></span> <span class='ocrx_word' id='word_1_561' title='bbox 2781 1814 3030 1870; x_wconf 88' lang='lat' dir='ltr'><strong>onmibus</strong></span> <span class='ocrx_word' id='word_1_562' title='bbox 3069 1814 3336 1885; x_wconf 79' lang='lat' dir='ltr'><strong>cognitam</strong></span> <span class='ocrx_word' id='word_1_563' title='bbox 3375 1823 3429 1870; x_wconf 92' lang='lat' dir='ltr'><strong>et</strong></span> <span class='ocrx_word' id='word_1_564' title='bbox 3459 1823 3568 1870; x_wconf 85' lang='lat' dir='ltr'><strong>tes-</strong></span> 
     </span>
    </p>
   </div>
   <div class='ocr_carea' id='block_1_77' title="bbox 1967 1906 3567 1978">
    <p class='ocr_par' dir='ltr' id='par_1_77' title="bbox 1967 1906 3567 1978">
     <span class='ocr_line' id='line_1_77' title="bbox 1967 1906 3567 1978; baseline -0.002 -15"><span class='ocrx_word' id='word_1_565' title='bbox 1967 1916 2163 1975; x_wconf 90' lang='lat' dir='ltr'><strong>tatam;</strong></span> <span class='ocrx_word' id='word_1_566' title='bbox 2192 1923 2292 1964; x_wconf 90' lang='lat' dir='ltr'><strong>nec</strong></span> <span class='ocrx_word' id='word_1_567' title='bbox 2311 1907 2529 1964; x_wconf 78' lang='lat' dir='ltr'><strong>difﬁcile</strong></span> <span class='ocrx_word' id='word_1_568' title='bbox 2556 1906 2766 1963; x_wconf 90' lang='lat' dir='ltr'><strong>creditu</strong></span> <span class='ocrx_word' id='word_1_569' title='bbox 2793 1916 2874 1964; x_wconf 79' lang='lat' dir='ltr'><strong>est</strong></span> <span class='ocrx_word' id='word_1_570' title='bbox 2902 1907 3137 1978; x_wconf 88' lang='lat' dir='ltr'><strong>quinque</strong></span> <span class='ocrx_word' id='word_1_571' title='bbox 3182 1906 3328 1963; x_wconf 89' lang='lat' dir='ltr'><strong>urbis</strong></span> <span class='ocrx_word' id='word_1_572' title='bbox 3366 1906 3567 1977; x_wconf 85' lang='lat' dir='ltr'><strong>primo-</strong></span> 
     </span>
    </p>
   </div>
   <div class='ocr_carea' id='block_1_78' title="bbox 1967 1999 3563 2072">
    <p class='ocr_par' dir='ltr' id='par_1_78' title="bbox 1967 1999 3563 2072">
     <span class='ocr_line' id='line_1_78' title="bbox 1967 1999 3563 2072; baseline -0.003 -13"><span class='ocrx_word' id='word_1_573' title='bbox 1967 2016 2055 2060; x_wconf 86' lang='lat' dir='ltr'><strong>res</strong></span> <span class='ocrx_word' id='word_1_574' title='bbox 2083 2001 2413 2072; x_wconf 78' lang='lat' dir='ltr'><strong>magistratui</strong></span> <span class='ocrx_word' id='word_1_575' title='bbox 2441 2001 2494 2056; x_wconf 90' lang='lat' dir='ltr'><strong>in</strong></span> <span class='ocrx_word' id='word_1_576' title='bbox 2522 1999 2699 2057; x_wconf 85' lang='lat' dir='ltr'><strong>edicto</strong></span> <span class='ocrx_word' id='word_1_577' title='bbox 2727 1999 2909 2071; x_wconf 90' lang='lat' dir='ltr'><strong>aliquo</strong></span> <span class='ocrx_word' id='word_1_578' title='bbox 2943 1999 3201 2056; x_wconf 88' lang='lat' dir='ltr'><strong>adversus</strong></span> <span class='ocrx_word' id='word_1_579' title='bbox 3228 1999 3563 2056; x_wconf 90' lang='lat' dir='ltr'><strong>Christianos</strong></span> 
     </span>
    </p>
   </div>
   <div class='ocr_carea' id='block_1_79' title="bbox 1967 2092 3564 2166">
    <p class='ocr_par' dir='ltr' id='par_1_79' title="bbox 1967 2092 3564 2166">
     <span class='ocr_line' id='line_1_79' title="bbox 1967 2092 3564 2166; baseline 0 -18"><span class='ocrx_word' id='word_1_580' title='bbox 1967 2103 2055 2148; x_wconf 89' lang='lat' dir='ltr'><strong>ant</strong></span> <span class='ocrx_word' id='word_1_581' title='bbox 2088 2093 2478 2166; x_wconf 85' lang='lat' dir='ltr'><strong>promulgando</strong></span> <span class='ocrx_word' id='word_1_582' title='bbox 2505 2102 2598 2149; x_wconf 90' lang='lat' dir='ltr'><strong>aut</strong></span> <span class='ocrx_word' id='word_1_583' title='bbox 2649 2092 2994 2165; x_wconf 87' lang='lat' dir='ltr'><strong>exsequendo</strong></span> <span class='ocrx_word' id='word_1_584' title='bbox 3041 2092 3322 2163; x_wconf 89' lang='lat' dir='ltr'><strong>adjunctos</strong></span> <span class='ocrx_word' id='word_1_585' title='bbox 3376 2092 3564 2149; x_wconf 88' lang='lat' dir='ltr'><strong>fuisse.</strong></span> 
     </span>
    </p>
   </div>
   <div class='ocr_carea' id='block_1_80' title="bbox 1966 2184 3565 2260">
    <p class='ocr_par' dir='ltr' id='par_1_80' title="bbox 1966 2184 3565 2260">
     <span class='ocr_line' id='line_1_80' title="bbox 1966 2184 3565 2260; baseline -0.004 -16"><span class='ocrx_word' id='word_1_586' title='bbox 1966 2189 2120 2259; x_wconf 84' lang='lat' dir='ltr'><strong>Quod</strong></span> <span class='ocrx_word' id='word_1_587' title='bbox 2152 2199 2332 2245; x_wconf 89' lang='lat' dir='ltr'><strong>autem</strong></span> <span class='ocrx_word' id='word_1_588' title='bbox 2374 2187 2522 2244; x_wconf 88' lang='lat' dir='ltr'><strong>addit</strong></span> <span class='ocrx_word' id='word_1_589' title='bbox 2568 2184 2896 2260; x_wconf 87' lang='lat' dir='ltr'><strong>Cyprianus,</strong></span> <span class='ocrx_word' id='word_1_590' title='bbox 2933 2205 2953 2240; x_wconf 74' lang='grc' dir='ltr'><strong>ι</strong></span> <span class='ocrx_word' id='word_1_591' title='bbox 2986 2187 3185 2244; x_wconf 87' lang='lat' dir='ltr'><strong>Eadem</strong></span> <span class='ocrx_word' id='word_1_592' title='bbox 3216 2201 3357 2243; x_wconf 92' lang='lat' dir='ltr'><strong>nunc</strong></span> <span class='ocrx_word' id='word_1_593' title='bbox 3384 2188 3518 2243; x_wconf 83' lang='lat' dir='ltr'><strong>ratio</strong></span> <span class='ocrx_word' id='word_1_594' title='bbox 3546 2228 3565 2254; x_wconf 83' lang='lat'><strong>,</strong></span> 
     </span>
    </p>
   </div>
   <div class='ocr_carea' id='block_1_81' title="bbox 1964 2279 3559 2354">
    <p class='ocr_par' dir='ltr' id='par_1_81' title="bbox 1964 2279 3559 2354">
     <span class='ocr_line' id='line_1_81' title="bbox 1964 2279 3559 2354; baseline -0.004 -12"><span class='ocrx_word' id='word_1_595' title='bbox 1964 2284 2153 2342; x_wconf 82' lang='lat' dir='ltr'><strong>eadem</strong></span> <span class='ocrx_word' id='word_1_596' title='bbox 2182 2298 2369 2339; x_wconf 91' lang='lat' dir='ltr'><strong>rursus</strong></span> <span class='ocrx_word' id='word_1_597' title='bbox 2408 2281 2620 2340; x_wconf 88' lang='lat' dir='ltr'><strong>eversio</strong></span> <span class='ocrx_word' id='word_1_598' title='bbox 2649 2295 2744 2351; x_wconf 88' lang='lat' dir='ltr'><strong>per</strong></span> <span class='ocrx_word' id='word_1_599' title='bbox 2766 2281 3003 2352; x_wconf 89' lang='lat' dir='ltr'><strong>quinque</strong></span> <span class='ocrx_word' id='word_1_600' title='bbox 3055 2279 3559 2354; x_wconf 74' lang='lat' dir='ltr'><strong>presbyterosb‘cli-</strong></span> 
     </span>
    </p>
   </div>
   <div class='ocr_carea' id='block_1_82' title="bbox 1965 2372 3564 2447">
    <p class='ocr_par' dir='ltr' id='par_1_82' title="bbox 1965 2372 3564 2447">
     <span class='ocr_line' id='line_1_82' title="bbox 1965 2372 3564 2447; baseline -0.003 -15"><span class='ocrx_word' id='word_1_601' title='bbox 1965 2376 2185 2433; x_wconf 80' lang='lat' dir='ltr'><strong>cissimo</strong></span> <span class='ocrx_word' id='word_1_602' title='bbox 2213 2375 2492 2447; x_wconf 84' lang='lat' dir='ltr'><strong>copulatos</strong></span> <span class='ocrx_word' id='word_1_603' title='bbox 2519 2373 2585 2429; x_wconf 90' lang='lat' dir='ltr'><strong>ad</strong></span> <span class='ocrx_word' id='word_1_604' title='bbox 2615 2372 2823 2429; x_wconf 90' lang='lat' dir='ltr'><strong>ruinam</strong></span> <span class='ocrx_word' id='word_1_605' title='bbox 2844 2372 3039 2429; x_wconf 82' lang='lat' dir='ltr'><strong>salutis</strong></span> <span class='ocrx_word' id='word_1_606' title='bbox 3091 2373 3358 2429; x_wconf 89' lang='lat' dir='ltr'><strong>inducitur</strong></span> <span class='ocrx_word' id='word_1_607' title='bbox 3384 2416 3400 2441; x_wconf 96' lang='lat'><strong>,</strong></span> <span class='ocrx_word' id='word_1_608' title='bbox 3436 2393 3455 2426; x_wconf 77' lang='grc' dir='ltr'><strong>ι</strong></span> <span class='ocrx_word' id='word_1_609' title='bbox 3510 2373 3564 2428; x_wconf 86' lang='lat' dir='ltr'><strong>id</strong></span> 
     </span>
    </p>
   </div>
   <div class='ocr_carea' id='block_1_83' title="bbox 1966 2464 3565 2543">
    <p class='ocr_par' dir='ltr' id='par_1_83' title="bbox 1966 2464 3565 2543">
     <span class='ocr_line' id='line_1_83' title="bbox 1966 2464 3565 2543; baseline -0.003 -17"><span class='ocrx_word' id='word_1_610' title='bbox 1966 2472 2207 2543; x_wconf 87' lang='lat' dir='ltr'><strong>profecto</strong></span> <span class='ocrx_word' id='word_1_611' title='bbox 2255 2485 2360 2527; x_wconf 91' lang='lat' dir='ltr'><strong>non</strong></span> <span class='ocrx_word' id='word_1_612' title='bbox 2407 2467 2616 2523; x_wconf 88' lang='lat' dir='ltr'><strong>facinus</strong></span> <span class='ocrx_word' id='word_1_613' title='bbox 2655 2464 3091 2537; x_wconf 89' lang='lat' dir='ltr'><strong>presbyterorum</strong></span> <span class='ocrx_word' id='word_1_614' title='bbox 3127 2466 3331 2521; x_wconf 80' lang='lat' dir='ltr'><strong>visione</strong></span> <span class='ocrx_word' id='word_1_615' title='bbox 3385 2466 3565 2535; x_wconf 89' lang='lat' dir='ltr'><strong>aliqua</strong></span> 
     </span>
    </p>
   </div>
   <div class='ocr_carea' id='block_1_84' title="bbox 1967 2556 3558 2635">
    <p class='ocr_par' dir='ltr' id='par_1_84' title="bbox 1967 2556 3558 2635">
     <span class='ocr_line' id='line_1_84' title="bbox 1967 2556 3558 2635; baseline -0.004 -16"><span class='ocrx_word' id='word_1_616' title='bbox 1967 2562 2434 2635; x_wconf 72' lang='lat' dir='ltr'><strong>prmsignilicatum</strong></span> <span class='ocrx_word' id='word_1_617' title='bbox 2459 2559 2625 2615; x_wconf 86' lang='lat' dir='ltr'><strong>fuisse</strong></span> <span class='ocrx_word' id='word_1_618' title='bbox 2672 2556 2895 2625; x_wconf 89' lang='lat' dir='ltr'><strong>indicat,</strong></span> <span class='ocrx_word' id='word_1_619' title='bbox 2927 2558 3022 2614; x_wconf 92' lang='lat' dir='ltr'><strong>sed</strong></span> <span class='ocrx_word' id='word_1_620' title='bbox 3053 2557 3228 2628; x_wconf 91' lang='lat' dir='ltr'><strong>potius</strong></span> <span class='ocrx_word' id='word_1_621' title='bbox 3258 2557 3396 2613; x_wconf 90' lang='lat' dir='ltr'><strong>idem</strong></span> <span class='ocrx_word' id='word_1_622' title='bbox 3453 2558 3558 2613; x_wconf 68' lang='lat' dir='ltr'><strong>lic-</strong></span> 
     </span>
    </p>
   </div>
   <div class='ocr_carea' id='block_1_85' title="bbox 1965 2651 3563 2723">
    <p class='ocr_par' dir='ltr' id='par_1_85' title="bbox 1965 2651 3563 2723">
     <span class='ocr_line' id='line_1_85' title="bbox 1965 2651 3563 2723; baseline -0.005 -10"><span class='ocrx_word' id='word_1_623' title='bbox 1965 2656 2147 2713; x_wconf 86' lang='lat' dir='ltr'><strong>clesiae</strong></span> <span class='ocrx_word' id='word_1_624' title='bbox 2182 2655 2249 2709; x_wconf 90' lang='lat' dir='ltr'><strong>ab</strong></span> <span class='ocrx_word' id='word_1_625' title='bbox 2280 2654 2385 2709; x_wconf 90' lang='lat' dir='ltr'><strong>illis</strong></span> <span class='ocrx_word' id='word_1_626' title='bbox 2413 2653 2711 2723; x_wconf 88' lang='lat' dir='ltr'><strong>periculum</strong></span> <span class='ocrx_word' id='word_1_627' title='bbox 2737 2651 2932 2719; x_wconf 88' lang='lat' dir='ltr'><strong>creari,</strong></span> <span class='ocrx_word' id='word_1_628' title='bbox 2964 2651 3105 2722; x_wconf 89' lang='lat' dir='ltr'><strong>quod</strong></span> <span class='ocrx_word' id='word_1_629' title='bbox 3131 2652 3180 2707; x_wconf 94' lang='lat' dir='ltr'><strong>ei</strong></span> <span class='ocrx_word' id='word_1_630' title='bbox 3207 2660 3363 2708; x_wconf 89' lang='lat' dir='ltr'><strong>antea</strong></span> <span class='ocrx_word' id='word_1_631' title='bbox 3393 2667 3420 2706; x_wconf 90' lang='lat' dir='ltr'><strong>a</strong></span> <span class='ocrx_word' id='word_1_632' title='bbox 3445 2666 3529 2706; x_wconf 89' lang='lat' dir='ltr'><strong>ma</strong></span> <span class='ocrx_word' id='word_1_633' title='bbox 3548 2682 3563 2694; x_wconf 86' lang='lat'><strong>-</strong></span> 
     </span>
    </p>
   </div>
   <div class='ocr_carea' id='block_1_86' title="bbox 1966 2743 3562 2820">
    <p class='ocr_par' dir='ltr' id='par_1_86' title="bbox 1966 2743 3562 2820">
     <span class='ocr_line' id='line_1_86' title="bbox 1966 2743 3562 2820; baseline -0.003 -16"><span class='ocrx_word' id='word_1_634' title='bbox 1966 2747 2274 2820; x_wconf 85' lang='lat' dir='ltr'><strong>gistratibus</strong></span> <span class='ocrx_word' id='word_1_635' title='bbox 2325 2755 2381 2803; x_wconf 90' lang='lat' dir='ltr'><strong>et</strong></span> <span class='ocrx_word' id='word_1_636' title='bbox 2422 2746 2658 2818; x_wconf 89' lang='lat' dir='ltr'><strong>quinque</strong></span> <span class='ocrx_word' id='word_1_637' title='bbox 2704 2743 2851 2801; x_wconf 89' lang='lat' dir='ltr'><strong>urbis</strong></span> <span class='ocrx_word' id='word_1_638' title='bbox 2889 2743 3219 2815; x_wconf 86' lang='lat' dir='ltr'><strong>primoribus</strong></span> <span class='ocrx_word' id='word_1_639' title='bbox 3260 2744 3562 2800; x_wconf 78' lang='lat' dir='ltr'><strong>exstiterat.</strong></span> 
     </span>
    </p>
   </div>
   <div class='ocr_carea' id='block_1_87' title="bbox 1968 2835 3564 2909">
    <p class='ocr_par' dir='ltr' id='par_1_87' title="bbox 1968 2835 3564 2909">
     <span class='ocr_line' id='line_1_87' title="bbox 1968 2835 3564 2909; baseline -0.004 -11"><span class='ocrx_word' id='word_1_640' title='bbox 1968 2840 2271 2898; x_wconf 80' lang='lat' dir='ltr'><strong>Violentam</strong></span> <span class='ocrx_word' id='word_1_641' title='bbox 2312 2837 2503 2896; x_wconf 89' lang='lat' dir='ltr'><strong>fuissse</strong></span> <span class='ocrx_word' id='word_1_642' title='bbox 2532 2836 2922 2909; x_wconf 90' lang='lat' dir='ltr'><strong>persecutionis</strong></span> <span class='ocrx_word' id='word_1_643' title='bbox 2980 2835 3379 2893; x_wconf 84' lang='lat' dir='ltr'><strong>conclusionem</strong></span> <span class='ocrx_word' id='word_1_644' title='bbox 3431 2836 3564 2892; x_wconf 88' lang='lat' dir='ltr'><strong>illml</strong></span> 
     </span>
    </p>
   </div>
   <div class='ocr_carea' id='block_1_88' title="bbox 1966 2928 3564 3004">
    <p class='ocr_par' dir='ltr' id='par_1_88' title="bbox 1966 2928 3564 3004">
     <span class='ocr_line' id='line_1_88' title="bbox 1966 2928 3564 3004; baseline -0.004 -12"><span class='ocrx_word' id='word_1_645' title='bbox 1966 2934 2127 2992; x_wconf 89' lang='lat' dir='ltr'><strong>etiam</strong></span> <span class='ocrx_word' id='word_1_646' title='bbox 2153 2940 2468 3004; x_wconf 85' lang='lat' dir='ltr'><strong>argumento</strong></span> <span class='ocrx_word' id='word_1_647' title='bbox 2492 2940 2595 2997; x_wconf 86' lang='lat' dir='ltr'><strong>est,</strong></span> <span class='ocrx_word' id='word_1_648' title='bbox 2617 2931 2783 3002; x_wconf 84' lang='lat' dir='ltr'><strong>quod,</strong></span> <span class='ocrx_word' id='word_1_649' title='bbox 2810 2945 2934 2986; x_wconf 90' lang='lat' dir='ltr'><strong>cum</strong></span> <span class='ocrx_word' id='word_1_650' title='bbox 2961 2930 3137 2986; x_wconf 86' lang='lat' dir='ltr'><strong>clerus</strong></span> <span class='ocrx_word' id='word_1_651' title='bbox 3169 2928 3564 3001; x_wconf 75' lang='lat' dir='ltr'><strong>Carthaginien-</strong></span> 
     </span>
    </p>
   </div>
   <div class='ocr_carea' id='block_1_89' title="bbox 1966 3022 3560 3099">
    <p class='ocr_par' dir='ltr' id='par_1_89' title="bbox 1966 3022 3560 3099">
     <span class='ocr_line' id='line_1_89' title="bbox 1966 3022 3560 3099; baseline -0.006 -14"><span class='ocrx_word' id='word_1_652' title='bbox 1966 3028 2043 3086; x_wconf 92' lang='lat' dir='ltr'><strong>sis</strong></span> <span class='ocrx_word' id='word_1_653' title='bbox 2077 3029 2282 3099; x_wconf 80' lang='lat' dir='ltr'><strong>integer</strong></span> <span class='ocrx_word' id='word_1_654' title='bbox 2307 3025 2567 3081; x_wconf 85' lang='lat' dir='ltr'><strong>hactenus</strong></span> <span class='ocrx_word' id='word_1_655' title='bbox 2615 3033 2670 3080; x_wconf 89' lang='lat' dir='ltr'><strong>et</strong></span> <span class='ocrx_word' id='word_1_656' title='bbox 2722 3039 2883 3094; x_wconf 84' lang='lat' dir='ltr'><strong>purus</strong></span> <span class='ocrx_word' id='word_1_657' title='bbox 2922 3024 3061 3079; x_wconf 89' lang='lat' dir='ltr'><strong>inter</strong></span> <span class='ocrx_word' id='word_1_658' title='bbox 3096 3030 3239 3079; x_wconf 79' lang='lat' dir='ltr'><strong>tanta</strong></span> <span class='ocrx_word' id='word_1_659' title='bbox 3291 3022 3560 3078; x_wconf 90' lang='lat' dir='ltr'><strong>malorum</strong></span> 
     </span>
    </p>
   </div>
   <div class='ocr_carea' id='block_1_90' title="bbox 1965 3115 3561 3192">
    <p class='ocr_par' dir='ltr' id='par_1_90' title="bbox 1965 3115 3561 3192">
     <span class='ocr_line' id='line_1_90' title="bbox 1965 3115 3561 3192; baseline -0.004 -15"><span class='ocrx_word' id='word_1_660' title='bbox 1965 3120 2210 3192; x_wconf 83' lang='lat' dir='ltr'><strong>contagia</strong></span> <span class='ocrx_word' id='word_1_661' title='bbox 2257 3119 2465 3185; x_wconf 85' lang='lat' dir='ltr'><strong>fuisset,</strong></span> <span class='ocrx_word' id='word_1_662' title='bbox 2514 3116 2905 3179; x_wconf 62' lang='lat' dir='ltr'><strong>nonnullorum,</strong></span> <span class='ocrx_word' id='word_1_663' title='bbox 2933 3115 3116 3171; x_wconf 89' lang='lat' dir='ltr'><strong>ruinas</strong></span> <span class='ocrx_word' id='word_1_664' title='bbox 3157 3115 3458 3187; x_wconf 89' lang='lat' dir='ltr'><strong>Cyprianus</strong></span> <span class='ocrx_word' id='word_1_665' title='bbox 3505 3116 3561 3171; x_wconf 92' lang='lat' dir='ltr'><strong>in</strong></span> 
     </span>
    </p>
   </div>
   <div class='ocr_carea' id='block_1_91' title="bbox 1966 3210 3564 3281">
    <p class='ocr_par' dir='ltr' id='par_1_91' title="bbox 1966 3210 3564 3281">
     <span class='ocr_line' id='line_1_91' title="bbox 1966 3210 3564 3281; baseline -0.005 -9"><span class='ocrx_word' id='word_1_666' title='bbox 1966 3216 2156 3272; x_wconf 90' lang='lat' dir='ltr'><strong>litteris</strong></span> <span class='ocrx_word' id='word_1_667' title='bbox 2202 3215 2306 3271; x_wconf 91' lang='lat' dir='ltr'><strong>hoc</strong></span> <span class='ocrx_word' id='word_1_668' title='bbox 2355 3228 2498 3269; x_wconf 88' lang='lat' dir='ltr'><strong>anno</strong></span> <span class='ocrx_word' id='word_1_669' title='bbox 2552 3221 2785 3269; x_wconf 87' lang='lat' dir='ltr'><strong>exeunte</strong></span> <span class='ocrx_word' id='word_1_670' title='bbox 2857 3210 3110 3281; x_wconf 87' lang='lat' dir='ltr'><strong>scriptis,</strong></span> <span class='ocrx_word' id='word_1_671' title='bbox 3164 3224 3357 3281; x_wconf 92' lang='lat' dir='ltr'><strong>nempe</strong></span> <span class='ocrx_word' id='word_1_672' title='bbox 3412 3224 3461 3264; x_wconf 85' lang='lat' dir='ltr'><strong>vt</strong></span> <span class='ocrx_word' id='word_1_673' title='bbox 3507 3217 3564 3264; x_wconf 89' lang='lat' dir='ltr'><strong>et</strong></span> 
     </span>
    </p>
   </div>
   <div class='ocr_carea' id='block_1_92' title="bbox 1966 3304 3559 3379">
    <p class='ocr_par' dir='ltr' id='par_1_92' title="bbox 1966 3304 3559 3379">
     <span class='ocr_line' id='line_1_92' title="bbox 1966 3304 3559 3379; baseline -0.004 -13"><span class='ocrx_word' id='word_1_674' title='bbox 1966 3324 2146 3375; x_wconf 86' lang='lat' dir='ltr'><strong>xxxv,</strong></span> <span class='ocrx_word' id='word_1_675' title='bbox 2197 3307 2463 3379; x_wconf 91' lang='lat' dir='ltr'><strong>deploret.</strong></span> <span class='ocrx_word' id='word_1_676' title='bbox 2511 3307 2616 3363; x_wconf 89' lang='lat' dir='ltr'><strong>Eos</strong></span> <span class='ocrx_word' id='word_1_677' title='bbox 2653 3314 2832 3362; x_wconf 91' lang='lat' dir='ltr'><strong>autem</strong></span> <span class='ocrx_word' id='word_1_678' title='bbox 2863 3306 2954 3377; x_wconf 92' lang='lat' dir='ltr'><strong>qui</strong></span> <span class='ocrx_word' id='word_1_679' title='bbox 2982 3304 3117 3375; x_wconf 86' lang='lat' dir='ltr'><strong>lapsi</strong></span> <span class='ocrx_word' id='word_1_680' title='bbox 3145 3313 3272 3360; x_wconf 89' lang='lat' dir='ltr'><strong>sunt</strong></span> <span class='ocrx_word' id='word_1_681' title='bbox 3307 3320 3371 3361; x_wconf 88' lang='lat' dir='ltr'><strong>ex</strong></span> <span class='ocrx_word' id='word_1_682' title='bbox 3406 3319 3559 3375; x_wconf 88' lang='lat' dir='ltr'><strong>prcs-</strong></span> 
     </span>
    </p>
   </div>
   <div class='ocr_carea' id='block_1_93' title="bbox 1965 3396 3553 3474">
    <p class='ocr_par' dir='ltr' id='par_1_93' title="bbox 1965 3396 3553 3474">
     <span class='ocr_line' id='line_1_93' title="bbox 1965 3396 3553 3474; baseline -0.004 -16"><span class='ocrx_word' id='word_1_683' title='bbox 1965 3402 2177 3474; x_wconf 89' lang='lat' dir='ltr'><strong>byterio</strong></span> <span class='ocrx_word' id='word_1_684' title='bbox 2201 3400 2385 3468; x_wconf 88' lang='lat' dir='ltr'><strong>fuisse,</strong></span> <span class='ocrx_word' id='word_1_685' title='bbox 2404 3416 2510 3455; x_wconf 89' lang='lat' dir='ltr'><strong>non</strong></span> <span class='ocrx_word' id='word_1_686' title='bbox 2540 3414 2604 3455; x_wconf 85' lang='lat' dir='ltr'><strong>ex</strong></span> <span class='ocrx_word' id='word_1_687' title='bbox 2636 3397 2947 3454; x_wconf 88' lang='lat' dir='ltr'><strong>inferiorum</strong></span> <span class='ocrx_word' id='word_1_688' title='bbox 2973 3396 3297 3453; x_wconf 88' lang='lat' dir='ltr'><strong>clericorum</strong></span> <span class='ocrx_word' id='word_1_689' title='bbox 3322 3412 3553 3463; x_wconf 84' lang='lat' dir='ltr'><strong>numero</strong></span> 
     </span>
    </p>
   </div>
   <div class='ocr_carea' id='block_1_94' title="bbox 1966 3489 3555 3566">
    <p class='ocr_par' dir='ltr' id='par_1_94' title="bbox 1966 3489 3555 3566">
     <span class='ocr_line' id='line_1_94' title="bbox 1966 3489 3555 3566; baseline -0.005 -14"><span class='ocrx_word' id='word_1_690' title='bbox 1966 3495 2090 3553; x_wconf 89' lang='lat' dir='ltr'><strong>inde</strong></span> <span class='ocrx_word' id='word_1_691' title='bbox 2116 3496 2308 3566; x_wconf 84' lang='lat' dir='ltr'><strong>conjici</strong></span> <span class='ocrx_word' id='word_1_692' title='bbox 2338 3501 2532 3565; x_wconf 90' lang='lat' dir='ltr'><strong>potest,</strong></span> <span class='ocrx_word' id='word_1_693' title='bbox 2554 3492 2696 3564; x_wconf 92' lang='lat' dir='ltr'><strong>quod</strong></span> <span class='ocrx_word' id='word_1_694' title='bbox 2724 3491 3025 3562; x_wconf 79' lang='lat' dir='ltr'><strong>Cyprianus</strong></span> <span class='ocrx_word' id='word_1_695' title='bbox 3051 3491 3422 3562; x_wconf 87' lang='lat' dir='ltr'><strong>presbyterum</strong></span> <span class='ocrx_word' id='word_1_696' title='bbox 3440 3489 3555 3545; x_wconf 85' lang='lat' dir='ltr'><strong>Nu-</strong></span> 
     </span>
    </p>
   </div>
   <div class='ocr_carea' id='block_1_95' title="bbox 1966 3582 3561 3659">
    <p class='ocr_par' dir='ltr' id='par_1_95' title="bbox 1966 3582 3561 3659">
     <span class='ocr_line' id='line_1_95' title="bbox 1966 3582 3561 3659; baseline -0.004 -15"><span class='ocrx_word' id='word_1_697' title='bbox 1966 3588 2246 3651; x_wconf 88' lang='lat' dir='ltr'><strong>midicmn,</strong></span> <span class='ocrx_word' id='word_1_698' title='bbox 2268 3602 2427 3659; x_wconf 89' lang='lat' dir='ltr'><strong>quem</strong></span> <span class='ocrx_word' id='word_1_699' title='bbox 2458 3584 2959 3655; x_wconf 85' lang='lat' dir='ltr'><strong>Carthaginensium</strong></span> <span class='ocrx_word' id='word_1_700' title='bbox 2990 3582 3429 3655; x_wconf 86' lang='lat' dir='ltr'><strong>presbyterorum</strong></span> <span class='ocrx_word' id='word_1_701' title='bbox 3462 3600 3561 3638; x_wconf 89' lang='lat' dir='ltr'><strong>nn-</strong></span> 
     </span>
    </p>
   </div>
   <div class='ocr_carea' id='block_1_96' title="bbox 1974 3671 3559 3748">
    <p class='ocr_par' dir='ltr' id='par_1_96' title="bbox 1974 3671 3559 3748">
     <span class='ocr_line' id='line_1_96' title="bbox 1974 3671 3559 3748; baseline -0.005 -11"><span class='ocrx_word' id='word_1_702' title='bbox 1974 3696 2126 3737; x_wconf 91' lang='lat' dir='ltr'><strong>mero</strong></span> <span class='ocrx_word' id='word_1_703' title='bbox 2151 3677 2453 3748; x_wconf 89' lang='lat' dir='ltr'><strong>adscripsit,</strong></span> <span class='ocrx_word' id='word_1_704' title='bbox 2480 3675 2794 3732; x_wconf 89' lang='lat' dir='ltr'><strong>mirabiliter</strong></span> <span class='ocrx_word' id='word_1_705' title='bbox 2819 3682 3091 3731; x_wconf 88' lang='lat' dir='ltr'><strong>servatum</strong></span> <span class='ocrx_word' id='word_1_706' title='bbox 3116 3671 3282 3729; x_wconf 90' lang='lat' dir='ltr'><strong>fuisse</strong></span> <span class='ocrx_word' id='word_1_707' title='bbox 3310 3673 3457 3730; x_wconf 89' lang='lat' dir='ltr'><strong>dicat</strong></span> <span class='ocrx_word' id='word_1_708' title='bbox 3505 3674 3559 3729; x_wconf 92' lang='lat' dir='ltr'><strong>in</strong></span> 
     </span>
    </p>
   </div>
   <div class='ocr_carea' id='block_1_97' title="bbox 1968 3765 3561 3845">
    <p class='ocr_par' dir='ltr' id='par_1_97' title="bbox 1968 3765 3561 3845">
     <span class='ocr_line' id='line_1_97' title="bbox 1968 3765 3561 3845; baseline -0.005 -16"><span class='ocrx_word' id='word_1_709' title='bbox 1968 3772 2138 3845; x_wconf 84' lang='lat' dir='ltr'><strong>Epist.</strong></span> <span class='ocrx_word' id='word_1_710' title='bbox 2186 3786 2352 3839; x_wconf 85' lang='lat' dir='ltr'><strong>xxxv,</strong></span> <span class='ocrx_word' id='word_1_711' title='bbox 2412 3777 2469 3825; x_wconf 90' lang='lat' dir='ltr'><strong>ut</strong></span> <span class='ocrx_word' id='word_1_712' title='bbox 2499 3787 2519 3821; x_wconf 71' lang='grc' dir='ltr'><strong>ι</strong></span> <span class='ocrx_word' id='word_1_713' title='bbox 2544 3783 2667 3824; x_wconf 91' lang='lat' dir='ltr'><strong>eum</strong></span> <span class='ocrx_word' id='word_1_714' title='bbox 2704 3767 2851 3824; x_wconf 93' lang='lat' dir='ltr'><strong>clero</strong></span> <span class='ocrx_word' id='word_1_715' title='bbox 2879 3765 3333 3841; x_wconf 87' lang='lat' dir='ltr'><strong>(Carthagineusi)</strong></span> <span class='ocrx_word' id='word_1_716' title='bbox 3373 3765 3561 3821; x_wconf 83' lang='lat' dir='ltr'><strong>Domi-</strong></span> 
     </span>
    </p>
   </div>
   <div class='ocr_carea' id='block_1_98' title="bbox 1968 3858 3557 3935">
    <p class='ocr_par' dir='ltr' id='par_1_98' title="bbox 1968 3858 3557 3935">
     <span class='ocr_line' id='line_1_98' title="bbox 1968 3858 3557 3935; baseline -0.004 -14"><span class='ocrx_word' id='word_1_717' title='bbox 1968 3881 2069 3922; x_wconf 89' lang='lat' dir='ltr'><strong>nus</strong></span> <span class='ocrx_word' id='word_1_718' title='bbox 2088 3864 2403 3935; x_wconf 84' lang='lat' dir='ltr'><strong>adjungeret</strong></span> <span class='ocrx_word' id='word_1_719' title='bbox 2422 3870 2475 3918; x_wconf 92' lang='lat' dir='ltr'><strong>et</strong></span> <span class='ocrx_word' id='word_1_720' title='bbox 2500 3860 2795 3917; x_wconf 80' lang='lat' dir='ltr'><strong>desolatam</strong></span> <span class='ocrx_word' id='word_1_721' title='bbox 2823 3874 2919 3930; x_wconf 87' lang='lat' dir='ltr'><strong>per</strong></span> <span class='ocrx_word' id='word_1_722' title='bbox 2943 3858 3153 3929; x_wconf 86' lang='lat' dir='ltr'><strong>lapsum</strong></span> <span class='ocrx_word' id='word_1_723' title='bbox 3201 3858 3557 3930; x_wconf 90' lang='lat' dir='ltr'><strong>quorumdam</strong></span> 
     </span>
    </p>
   </div>
   <div class='ocr_carea' id='block_1_99' title="bbox 1969 3949 3562 4031">
    <p class='ocr_par' dir='ltr' id='par_1_99' title="bbox 1969 3949 3562 4031">
     <span class='ocr_line' id='line_1_99' title="bbox 1969 3949 3562 4031; baseline -0.006 -17"><span class='ocrx_word' id='word_1_724' title='bbox 1969 3958 2409 4031; x_wconf 90' lang='lat' dir='ltr'><strong>presbyterorum</strong></span> <span class='ocrx_word' id='word_1_725' title='bbox 2438 3954 2644 4025; x_wconf 85' lang='lat' dir='ltr'><strong>copiam</strong></span> <span class='ocrx_word' id='word_1_726' title='bbox 2674 3952 2927 4025; x_wconf 77' lang='lat' dir='ltr'><strong>gloriosis</strong></span> <span class='ocrx_word' id='word_1_727' title='bbox 2941 3949 3309 4013; x_wconf 83' lang='lat' dir='ltr'><strong>sacerdotibus</strong></span> <span class='ocrx_word' id='word_1_728' title='bbox 3326 3949 3562 4006; x_wconf 81' lang='lat' dir='ltr'><strong>adorna-</strong></span> 
     </span>
    </p>
   </div>
   <div class='ocr_carea' id='block_1_100' title="bbox 1966 4046 3556 4118">
    <p class='ocr_par' dir='ltr' id='par_1_100' title="bbox 1966 4046 3556 4118">
     <span class='ocr_line' id='line_1_100' title="bbox 1966 4046 3556 4118; baseline -0.004 -9"><span class='ocrx_word' id='word_1_729' title='bbox 1966 4063 2068 4110; x_wconf 88' lang='lat' dir='ltr'><strong>ret.</strong></span> <span class='ocrx_word' id='word_1_730' title='bbox 2086 4073 2104 4107; x_wconf 70' lang='grc' dir='ltr'><strong>ι</strong></span> <span class='ocrx_word' id='word_1_731' title='bbox 2139 4052 2206 4110; x_wconf 80' lang='lat' dir='ltr'><strong>At</strong></span> <span class='ocrx_word' id='word_1_732' title='bbox 2223 4051 2364 4108; x_wconf 90' lang='lat' dir='ltr'><strong>idem</strong></span> <span class='ocrx_word' id='word_1_733' title='bbox 2390 4066 2495 4106; x_wconf 92' lang='lat' dir='ltr'><strong>non</strong></span> <span class='ocrx_word' id='word_1_734' title='bbox 2519 4050 2647 4106; x_wconf 91' lang='lat' dir='ltr'><strong>dicit</strong></span> <span class='ocrx_word' id='word_1_735' title='bbox 2664 4048 2732 4105; x_wconf 93' lang='lat' dir='ltr'><strong>de</strong></span> <span class='ocrx_word' id='word_1_736' title='bbox 2756 4047 2979 4105; x_wconf 88' lang='lat' dir='ltr'><strong>Aurelio</strong></span> <span class='ocrx_word' id='word_1_737' title='bbox 3004 4057 3059 4103; x_wconf 91' lang='lat' dir='ltr'><strong>et</strong></span> <span class='ocrx_word' id='word_1_738' title='bbox 3076 4046 3329 4104; x_wconf 89' lang='lat' dir='ltr'><strong>Celerino</strong></span> <span class='ocrx_word' id='word_1_739' title='bbox 3355 4047 3556 4118; x_wconf 83' lang='lat' dir='ltr'><strong>glorio-</strong></span> 
     </span>
    </p>
   </div>
   <div class='ocr_carea' id='block_1_101' title="bbox 1966 4130 3563 4213">
    <p class='ocr_par' dir='ltr' id='par_1_101' title="bbox 1966 4130 3563 4213">
     <span class='ocr_line' id='line_1_101' title="bbox 1966 4130 3563 4213; baseline -0.007 -10"><span class='ocrx_word' id='word_1_740' title='bbox 1966 4148 2042 4204; x_wconf 89' lang='lat' dir='ltr'><strong>sis</strong></span> <span class='ocrx_word' id='word_1_741' title='bbox 2072 4130 2490 4210; x_wconf 85' lang='lat' dir='ltr'><strong>confessoribus,</strong></span> <span class='ocrx_word' id='word_1_742' title='bbox 2542 4156 2678 4213; x_wconf 92' lang='lat' dir='ltr'><strong>quos</strong></span> <span class='ocrx_word' id='word_1_743' title='bbox 2714 4141 2856 4197; x_wconf 82' lang='lat' dir='ltr'><strong>circa</strong></span> <span class='ocrx_word' id='word_1_744' title='bbox 2906 4139 3046 4197; x_wconf 91' lang='lat' dir='ltr'><strong>idem</strong></span> <span class='ocrx_word' id='word_1_745' title='bbox 3084 4147 3297 4211; x_wconf 87' lang='lat' dir='ltr'><strong>tempus</strong></span> <span class='ocrx_word' id='word_1_746' title='bbox 3331 4140 3563 4196; x_wconf 82' lang='lat' dir='ltr'><strong>lectores</strong></span> 
     </span>
    </p>
   </div>
   <div class='ocr_carea' id='block_1_102' title="bbox 1968 4230 3566 4308">
    <p class='ocr_par' dir='ltr' id='par_1_102' title="bbox 1968 4230 3566 4308">
     <span class='ocr_line' id='line_1_102' title="bbox 1968 4230 3566 4308; baseline -0.009 -13"><span class='ocrx_word' id='word_1_747' title='bbox 1968 4239 2251 4295; x_wconf 88' lang='lat' dir='ltr'><strong>ordinavit.</strong></span> <span class='ocrx_word' id='word_1_748' title='bbox 2280 4236 2570 4308; x_wconf 86' lang='lat' dir='ltr'><strong>Presbyter</strong></span> <span class='ocrx_word' id='word_1_749' title='bbox 2597 4234 2683 4289; x_wconf 91' lang='lat' dir='ltr'><strong>ille</strong></span> <span class='ocrx_word' id='word_1_750' title='bbox 2699 4230 3011 4288; x_wconf 87' lang='lat' dir='ltr'><strong>Numidicus</strong></span> <span class='ocrx_word' id='word_1_751' title='bbox 3036 4231 3251 4287; x_wconf 88' lang='lat' dir='ltr'><strong>hortatu</strong></span> <span class='ocrx_word' id='word_1_752' title='bbox 3267 4246 3367 4290; x_wconf 85' lang='lat' dir='ltr'><strong>suo</strong></span> <span class='ocrx_word' id='word_1_753' title='bbox 3384 4231 3566 4301; x_wconf 79' lang='lat' dir='ltr'><strong>copio-</strong></span> 
     </span>
    </p>
   </div>
   <div class='ocr_carea' id='block_1_103' title="bbox 1969 4323 3567 4402">
    <p class='ocr_par' dir='ltr' id='par_1_103' title="bbox 1969 4323 3567 4402">
     <span class='ocr_line' id='line_1_103' title="bbox 1969 4323 3567 4402; baseline -0.005 -15"><span class='ocrx_word' id='word_1_754' title='bbox 1969 4347 2089 4388; x_wconf 89' lang='lat' dir='ltr'><strong>sum</strong></span> <span class='ocrx_word' id='word_1_755' title='bbox 2141 4338 2434 4402; x_wconf 85' lang='lat' dir='ltr'><strong>martyrum</strong></span> <span class='ocrx_word' id='word_1_756' title='bbox 2485 4342 2765 4383; x_wconf 88' lang='lat' dir='ltr'><strong>numerum</strong></span> <span class='ocrx_word' id='word_1_757' title='bbox 2814 4324 3081 4397; x_wconf 91' lang='lat' dir='ltr'><strong>lapidibus</strong></span> <span class='ocrx_word' id='word_1_758' title='bbox 3107 4334 3162 4380; x_wconf 93' lang='lat' dir='ltr'><strong>et</strong></span> <span class='ocrx_word' id='word_1_759' title='bbox 3195 4323 3426 4381; x_wconf 85' lang='lat' dir='ltr'><strong>ﬂammis</strong></span> <span class='ocrx_word' id='word_1_760' title='bbox 3466 4340 3567 4379; x_wconf 50' lang='lat' dir='ltr'><strong>ne.</strong></span> 
     </span>
    </p>
   </div>
   <div class='ocr_carea' id='block_1_104' title="bbox 1969 4418 3567 4485">
    <p class='ocr_par' dir='ltr' id='par_1_104' title="bbox 1969 4418 3567 4485">
     <span class='ocr_line' id='line_1_104' title="bbox 1969 4418 3567 4485; baseline -0.005 -4"><span class='ocrx_word' id='word_1_761' title='bbox 1969 4433 2145 4481; x_wconf 90' lang='lat' dir='ltr'><strong>catum</strong></span> <span class='ocrx_word' id='word_1_762' title='bbox 2173 4430 2296 4478; x_wconf 90' lang='lat' dir='ltr'><strong>ante</strong></span> <span class='ocrx_word' id='word_1_763' title='bbox 2320 4436 2380 4478; x_wconf 92' lang='lat' dir='ltr'><strong>se</strong></span> <span class='ocrx_word' id='word_1_764' title='bbox 2427 4420 2663 4485; x_wconf 89' lang='lat' dir='ltr'><strong>miserat,</strong></span> <span class='ocrx_word' id='word_1_765' title='bbox 2704 4434 2925 4475; x_wconf 79' lang='lat' dir='ltr'><strong>uxorem</strong></span> <span class='ocrx_word' id='word_1_766' title='bbox 2962 4418 3114 4475; x_wconf 89' lang='lat' dir='ltr'><strong>lateri</strong></span> <span class='ocrx_word' id='word_1_767' title='bbox 3159 4432 3257 4475; x_wconf 91' lang='lat' dir='ltr'><strong>suo</strong></span> <span class='ocrx_word' id='word_1_768' title='bbox 3283 4418 3567 4474; x_wconf 73' lang='lat' dir='ltr'><strong>adhmren-</strong></span> 
     </span>
    </p>
   </div>
   <div class='ocr_carea' id='block_1_105' title="bbox 1974 4511 3567 4584">
    <p class='ocr_par' dir='ltr' id='par_1_105' title="bbox 1974 4511 3567 4584">
     <span class='ocr_line' id='line_1_105' title="bbox 1974 4511 3567 4584; baseline -0.005 -10"><span class='ocrx_word' id='word_1_769' title='bbox 1974 4527 2081 4574; x_wconf 92' lang='lat' dir='ltr'><strong>tem</strong></span> <span class='ocrx_word' id='word_1_770' title='bbox 2106 4526 2499 4574; x_wconf 91' lang='lat' dir='ltr'><strong>concrematam</strong></span> <span class='ocrx_word' id='word_1_771' title='bbox 2530 4513 2691 4569; x_wconf 89' lang='lat' dir='ltr'><strong>simul</strong></span> <span class='ocrx_word' id='word_1_772' title='bbox 2712 4527 2832 4569; x_wconf 93' lang='lat' dir='ltr'><strong>cum</strong></span> <span class='ocrx_word' id='word_1_773' title='bbox 2863 4511 3246 4568; x_wconf 66' lang='lat' dir='ltr'><strong>cmterislzctus</strong></span> <span class='ocrx_word' id='word_1_774' title='bbox 3262 4520 3567 4584; x_wconf 81' lang='lat' dir='ltr'><strong>aspexerat.</strong></span> 
     </span>
    </p>
   </div>
   <div class='ocr_carea' id='block_1_106' title="bbox 1972 4602 3570 4681">
    <p class='ocr_par' dir='ltr' id='par_1_106' title="bbox 1972 4602 3570 4681">
     <span class='ocr_line' id='line_1_106' title="bbox 1972 4602 3570 4681; baseline -0.004 -14"><span class='ocrx_word' id='word_1_775' title='bbox 1972 4610 2091 4681; x_wconf 89' lang='lat' dir='ltr'><strong>Ipse</strong></span> <span class='ocrx_word' id='word_1_776' title='bbox 2118 4606 2520 4665; x_wconf 87' lang='lat' dir='ltr'><strong>semiustnlatus</strong></span> <span class='ocrx_word' id='word_1_777' title='bbox 2548 4614 2604 4662; x_wconf 90' lang='lat' dir='ltr'><strong>et</strong></span> <span class='ocrx_word' id='word_1_778' title='bbox 2631 4602 2897 4675; x_wconf 88' lang='lat' dir='ltr'><strong>lapidibus</strong></span> <span class='ocrx_word' id='word_1_779' title='bbox 2944 4603 3168 4660; x_wconf 88' lang='lat' dir='ltr'><strong>obrutus</strong></span> <span class='ocrx_word' id='word_1_780' title='bbox 3205 4612 3259 4661; x_wconf 90' lang='lat' dir='ltr'><strong>et</strong></span> <span class='ocrx_word' id='word_1_781' title='bbox 3287 4619 3384 4677; x_wconf 91' lang='lat' dir='ltr'><strong>pro</strong></span> <span class='ocrx_word' id='word_1_782' title='bbox 3432 4620 3570 4661; x_wconf 88' lang='lat' dir='ltr'><strong>mor-</strong></span> 
     </span>
    </p>
   </div>
   <div class='ocr_carea' id='block_1_107' title="bbox 1974 4699 3571 4771">
    <p class='ocr_par' dir='ltr' id='par_1_107' title="bbox 1974 4699 3571 4771">
     <span class='ocr_line' id='line_1_107' title="bbox 1974 4699 3571 4771; baseline -0.004 -9"><span class='ocrx_word' id='word_1_783' title='bbox 1974 4716 2068 4762; x_wconf 89' lang='lat' dir='ltr'><strong>tuo</strong></span> <span class='ocrx_word' id='word_1_784' title='bbox 2093 4703 2402 4768; x_wconf 90' lang='lat' dir='ltr'><strong>derelictus,</strong></span> <span class='ocrx_word' id='word_1_785' title='bbox 2427 4717 2455 4755; x_wconf 89' lang='lat' dir='ltr'><strong>a</strong></span> <span class='ocrx_word' id='word_1_786' title='bbox 2485 4702 2589 4756; x_wconf 87' lang='lat' dir='ltr'><strong>lilia</strong></span> <span class='ocrx_word' id='word_1_787' title='bbox 2616 4699 3175 4771; x_wconf 89' lang='lat' dir='ltr'><strong>sollicite-inquirente</strong></span> <span class='ocrx_word' id='word_1_788' title='bbox 3203 4700 3483 4766; x_wconf 88' lang='lat' dir='ltr'><strong>inventus,</strong></span> <span class='ocrx_word' id='word_1_789' title='bbox 3514 4712 3571 4756; x_wconf 92' lang='lat' dir='ltr'><strong>et</strong></span> 
     </span>
    </p>
   </div>
   <div class='ocr_carea' id='block_1_108' title="bbox 1973 4794 3570 4862">
    <p class='ocr_par' dir='ltr' id='par_1_108' title="bbox 1973 4794 3570 4862">
     <span class='ocr_line' id='line_1_108' title="bbox 1973 4794 3570 4862; baseline -0.003 -6"><span class='ocrx_word' id='word_1_790' title='bbox 1973 4809 2247 4856; x_wconf 88' lang='lat' dir='ltr'><strong>extractus</strong></span> <span class='ocrx_word' id='word_1_791' title='bbox 2266 4794 2714 4862; x_wconf 90' lang='lat' dir='ltr'><strong>ctrefocillatus,</strong></span> <span class='ocrx_word' id='word_1_792' title='bbox 2765 4803 3100 4852; x_wconf 88' lang='lat' dir='ltr'><strong>remanserat</strong></span> <span class='ocrx_word' id='word_1_793' title='bbox 3150 4794 3366 4851; x_wconf 86' lang='lat' dir='ltr'><strong>invitus.</strong></span> <span class='ocrx_word' id='word_1_794' title='bbox 3417 4794 3570 4852; x_wconf 85' lang='lat' dir='ltr'><strong>Hunc</strong></span> 
     </span>
    </p>
   </div>
   <div class='ocr_carea' id='block_1_109' title="bbox 1973 4887 3568 4965">
    <p class='ocr_par' dir='ltr' id='par_1_109' title="bbox 1973 4887 3568 4965">
     <span class='ocr_line' id='line_1_109' title="bbox 1973 4887 3568 4965; baseline -0.004 -16"><span class='ocrx_word' id='word_1_795' title='bbox 1973 4891 2275 4965; x_wconf 89' lang='lat' dir='ltr'><strong>Cyprianus</strong></span> <span class='ocrx_word' id='word_1_796' title='bbox 2304 4887 2370 4944; x_wconf 90' lang='lat' dir='ltr'><strong>ad</strong></span> <span class='ocrx_word' id='word_1_797' title='bbox 2400 4888 2763 4959; x_wconf 90' lang='lat' dir='ltr'><strong>episcopatum</strong></span> <span class='ocrx_word' id='word_1_798' title='bbox 2793 4901 3110 4958; x_wconf 89' lang='lat' dir='ltr'><strong>promovere</strong></span> <span class='ocrx_word' id='word_1_799' title='bbox 3149 4896 3409 4943; x_wconf 90' lang='lat' dir='ltr'><strong>statuerat</strong></span> <span class='ocrx_word' id='word_1_800' title='bbox 3446 4901 3568 4942; x_wconf 91' lang='lat' dir='ltr'><strong>cum</strong></span> 
     </span>
    </p>
   </div>
   <div class='ocr_carea' id='block_1_110' title="bbox 1972 4979 3570 5055">
    <p class='ocr_par' dir='ltr' id='par_1_110' title="bbox 1972 4979 3570 5055">
     <span class='ocr_line' id='line_1_110' title="bbox 1972 4979 3570 5055; baseline -0.004 -13"><span class='ocrx_word' id='word_1_801' title='bbox 1972 4984 2348 5055; x_wconf 81' lang='lat' dir='ltr'><strong>Carthaginem</strong></span> <span class='ocrx_word' id='word_1_802' title='bbox 2375 4982 2660 5047; x_wconf 87' lang='lat' dir='ltr'><strong>rediissct;</strong></span> <span class='ocrx_word' id='word_1_803' title='bbox 2689 4979 2784 5037; x_wconf 92' lang='lat' dir='ltr'><strong>sed</strong></span> <span class='ocrx_word' id='word_1_804' title='bbox 2813 4981 3025 5037; x_wconf 90' lang='lat' dir='ltr'><strong>interim</strong></span> <span class='ocrx_word' id='word_1_805' title='bbox 3053 4980 3361 5036; x_wconf 89' lang='lat' dir='ltr'><strong>admonitus</strong></span> <span class='ocrx_word' id='word_1_806' title='bbox 3397 4990 3452 5035; x_wconf 90' lang='lat' dir='ltr'><strong>et</strong></span> <span class='ocrx_word' id='word_1_807' title='bbox 3490 4982 3570 5036; x_wconf 86' lang='lat' dir='ltr'><strong>in-</strong></span> 
     </span>
    </p>
   </div>
   <div class='ocr_carea' id='block_1_111' title="bbox 1975 5066 3571 5155">
    <p class='ocr_par' dir='ltr' id='par_1_111' title="bbox 1975 5066 3571 5155">
     <span class='ocr_line' id='line_1_111' title="bbox 1975 5066 3571 5155; baseline -0.004 -22"><span class='ocrx_word' id='word_1_808' title='bbox 1975 5084 2210 5133; x_wconf 89' lang='lat' dir='ltr'><strong>structus</strong></span> <span class='ocrx_word' id='word_1_809' title='bbox 2223 5073 2530 5155; x_wconf 82' lang='lat' dir='ltr'><strong>dignatione</strong></span> <span class='ocrx_word' id='word_1_810' title='bbox 2544 5071 2744 5138; x_wconf 89' lang='lat' dir='ltr'><strong>divina,</strong></span> <span class='ocrx_word' id='word_1_811' title='bbox 2756 5066 2881 5129; x_wconf 84' lang='lat' dir='ltr'><strong>eum</strong></span> <span class='ocrx_word' id='word_1_812' title='bbox 2899 5072 3331 5143; x_wconf 89' lang='lat' dir='ltr'><strong>presbyterorum</strong></span> <span class='ocrx_word' id='word_1_813' title='bbox 3348 5070 3571 5127; x_wconf 86' lang='lat' dir='ltr'><strong>Cartha-</strong></span> 
     </span>
    </p>
   </div>
   <div class='ocr_carea' id='block_1_112' title="bbox 1976 5162 3569 5242">
    <p class='ocr_par' dir='ltr' id='par_1_112' title="bbox 1976 5162 3569 5242">
     <span class='ocr_line' id='line_1_112' title="bbox 1976 5162 3569 5242; baseline -0.003 -17"><span class='ocrx_word' id='word_1_814' title='bbox 1976 5169 2276 5242; x_wconf 86' lang='lat' dir='ltr'><strong>ginensium</strong></span> <span class='ocrx_word' id='word_1_815' title='bbox 2309 5180 2533 5222; x_wconf 91' lang='lat' dir='ltr'><strong>numero</strong></span> <span class='ocrx_word' id='word_1_816' title='bbox 2560 5163 2864 5236; x_wconf 85' lang='lat' dir='ltr'><strong>adscripsit,</strong></span> <span class='ocrx_word' id='word_1_817' title='bbox 2903 5179 2967 5220; x_wconf 91' lang='lat' dir='ltr'><strong>ac</strong></span> <span class='ocrx_word' id='word_1_818' title='bbox 3015 5163 3173 5233; x_wconf 87' lang='lat' dir='ltr'><strong>hujus</strong></span> <span class='ocrx_word' id='word_1_819' title='bbox 3205 5162 3405 5219; x_wconf 75' lang='lat' dir='ltr'><strong>lzetitize</strong></span> <span class='ocrx_word' id='word_1_820' title='bbox 3433 5179 3569 5220; x_wconf 86' lang='lat' dir='ltr'><strong>nun-</strong></span> 
     </span>
    </p>
   </div>
   <div class='ocr_carea' id='block_1_113' title="bbox 1980 5256 3564 5335">
    <p class='ocr_par' dir='ltr' id='par_1_113' title="bbox 1980 5256 3564 5335">
     <span class='ocr_line' id='line_1_113' title="bbox 1980 5256 3564 5335; baseline -0.006 -15"><span class='ocrx_word' id='word_1_821' title='bbox 1980 5265 2110 5320; x_wconf 92' lang='lat' dir='ltr'><strong>tium</strong></span> <span class='ocrx_word' id='word_1_822' title='bbox 2132 5261 2196 5318; x_wconf 92' lang='lat' dir='ltr'><strong>ad</strong></span> <span class='ocrx_word' id='word_1_823' title='bbox 2222 5260 2564 5335; x_wconf 89' lang='lat' dir='ltr'><strong>presbyteros</strong></span> <span class='ocrx_word' id='word_1_824' title='bbox 2585 5266 2641 5315; x_wconf 90' lang='lat' dir='ltr'><strong>et</strong></span> <span class='ocrx_word' id='word_1_825' title='bbox 2665 5258 2919 5317; x_wconf 84' lang='lat' dir='ltr'><strong>diaconos</strong></span> <span class='ocrx_word' id='word_1_826' title='bbox 2940 5266 2997 5315; x_wconf 91' lang='lat' dir='ltr'><strong>et</strong></span> <span class='ocrx_word' id='word_1_827' title='bbox 3028 5256 3240 5329; x_wconf 90' lang='lat' dir='ltr'><strong>plebem</strong></span> <span class='ocrx_word' id='word_1_828' title='bbox 3293 5260 3564 5331; x_wconf 80' lang='lat' dir='ltr'><strong>prescrip-</strong></span> 
     </span>
    </p>
   </div>
   <div class='ocr_carea' id='block_1_114' title="bbox 1978 5357 2497 5429">
    <p class='ocr_par' dir='ltr' id='par_1_114' title="bbox 1978 5357 2497 5429">
     <span class='ocr_line' id='line_1_114' title="bbox 1978 5357 2497 5429; baseline -0.008 -14"><span class='ocrx_word' id='word_1_829' title='bbox 1978 5360 2050 5415; x_wconf 86' lang='lat' dir='ltr'><strong>sit</strong></span> <span class='ocrx_word' id='word_1_830' title='bbox 2077 5357 2277 5429; x_wconf 86' lang='lat' dir='ltr'><strong>(Epist.</strong></span> <span class='ocrx_word' id='word_1_831' title='bbox 2305 5357 2497 5428; x_wconf 80' lang='lat' dir='ltr'><strong>xxxv).</strong></span> 
     </span>
    </p>
   </div>
   <div class='ocr_carea' id='block_1_115' title="bbox 2053 5443 3568 5520">
    <p class='ocr_par' dir='ltr' id='par_1_115' title="bbox 2053 5443 3568 5520">
     <span class='ocr_line' id='line_1_115' title="bbox 2053 5443 3568 5520; baseline -0.003 -14"><span class='ocrx_word' id='word_1_832' title='bbox 2053 5448 2205 5506; x_wconf 77' lang='lat' dir='ltr'><strong>Circa</strong></span> <span class='ocrx_word' id='word_1_833' title='bbox 2246 5448 2384 5504; x_wconf 90' lang='lat' dir='ltr'><strong>idem</strong></span> <span class='ocrx_word' id='word_1_834' title='bbox 2415 5457 2626 5518; x_wconf 89' lang='lat' dir='ltr'><strong>tempus</strong></span> <span class='ocrx_word' id='word_1_835' title='bbox 2674 5446 2783 5503; x_wconf 92' lang='lat' dir='ltr'><strong>duo</strong></span> <span class='ocrx_word' id='word_1_836' title='bbox 2820 5444 3002 5502; x_wconf 82' lang='lat' dir='ltr'><strong>eximii</strong></span> <span class='ocrx_word' id='word_1_837' title='bbox 3028 5443 3369 5502; x_wconf 89' lang='lat' dir='ltr'><strong>confessores</strong></span> <span class='ocrx_word' id='word_1_838' title='bbox 3393 5461 3424 5502; x_wconf 88' lang='lat' dir='ltr'><strong>a</strong></span> <span class='ocrx_word' id='word_1_839' title='bbox 3462 5445 3568 5520; x_wconf 76' lang='lat' dir='ltr'><strong>Cy-</strong></span> 
     </span>
    </p>
   </div>
   <div class='ocr_carea' id='block_1_116' title="bbox 1983 5540 3570 5617">
    <p class='ocr_par' dir='ltr' id='par_1_116' title="bbox 1983 5540 3570 5617">
     <span class='ocr_line' id='line_1_116' title="bbox 1983 5540 3570 5617; baseline -0.003 -16"><span class='ocrx_word' id='word_1_840' title='bbox 1983 5547 2172 5617; x_wconf 92' lang='lat' dir='ltr'><strong>priano</strong></span> <span class='ocrx_word' id='word_1_841' title='bbox 2196 5553 2250 5603; x_wconf 82' lang='lat' dir='ltr'><strong>et</strong></span> <span class='ocrx_word' id='word_1_842' title='bbox 2287 5545 2554 5617; x_wconf 90' lang='lat' dir='ltr'><strong>episcopis</strong></span> <span class='ocrx_word' id='word_1_843' title='bbox 2596 5544 2685 5612; x_wconf 87' lang='lat' dir='ltr'><strong>qui</strong></span> <span class='ocrx_word' id='word_1_844' title='bbox 2716 5542 2938 5600; x_wconf 88' lang='lat' dir='ltr'><strong>aderant</strong></span> <span class='ocrx_word' id='word_1_845' title='bbox 2966 5540 3197 5597; x_wconf 88' lang='lat' dir='ltr'><strong>ordinati</strong></span> <span class='ocrx_word' id='word_1_846' title='bbox 3232 5551 3358 5598; x_wconf 90' lang='lat' dir='ltr'><strong>sunt</strong></span> <span class='ocrx_word' id='word_1_847' title='bbox 3401 5542 3570 5599; x_wconf 92' lang='lat' dir='ltr'><strong>lecto-</strong></span> 
     </span>
    </p>
   </div>
   <div class='ocr_carea' id='block_1_117' title="bbox 1984 5636 3572 5709">
    <p class='ocr_par' dir='ltr' id='par_1_117' title="bbox 1984 5636 3572 5709">
     <span class='ocr_line' id='line_1_117' title="bbox 1984 5636 3572 5709; baseline -0.003 -13"><span class='ocrx_word' id='word_1_848' title='bbox 1984 5655 2093 5708; x_wconf 86' lang='lat' dir='ltr'><strong>res,</strong></span> <span class='ocrx_word' id='word_1_849' title='bbox 2121 5639 2365 5696; x_wconf 81' lang='lat' dir='ltr'><strong>Aurelius</strong></span> <span class='ocrx_word' id='word_1_850' title='bbox 2394 5648 2447 5695; x_wconf 85' lang='lat' dir='ltr'><strong>et</strong></span> <span class='ocrx_word' id='word_1_851' title='bbox 2466 5636 2764 5705; x_wconf 89' lang='lat' dir='ltr'><strong>Cclcrinus,</strong></span> <span class='ocrx_word' id='word_1_852' title='bbox 2789 5636 2937 5709; x_wconf 91' lang='lat' dir='ltr'><strong>prior</strong></span> <span class='ocrx_word' id='word_1_853' title='bbox 2962 5636 3176 5707; x_wconf 90' lang='lat' dir='ltr'><strong>quidem</strong></span> <span class='ocrx_word' id='word_1_854' title='bbox 3200 5637 3471 5703; x_wconf 81' lang='lat' dir='ltr'><strong>Aurelius,</strong></span> <span class='ocrx_word' id='word_1_855' title='bbox 3508 5654 3572 5692; x_wconf 85' lang='lat' dir='ltr'><strong>ac</strong></span> 
     </span>
    </p>
   </div>
   <div class='ocr_carea' id='block_1_118' title="bbox 1984 5726 3577 5804">
    <p class='ocr_par' dir='ltr' id='par_1_118' title="bbox 1984 5726 3577 5804">
     <span class='ocr_line' id='line_1_118' title="bbox 1984 5726 3577 5804; baseline -0.002 -16"><span class='ocrx_word' id='word_1_856' title='bbox 1984 5732 2168 5804; x_wconf 90' lang='lat' dir='ltr'><strong>paucis</strong></span> <span class='ocrx_word' id='word_1_857' title='bbox 2195 5740 2314 5803; x_wconf 92' lang='lat' dir='ltr'><strong>post</strong></span> <span class='ocrx_word' id='word_1_858' title='bbox 2339 5732 2531 5788; x_wconf 89' lang='lat' dir='ltr'><strong>diebus</strong></span> <span class='ocrx_word' id='word_1_859' title='bbox 2562 5728 2860 5797; x_wconf 91' lang='lat' dir='ltr'><strong>Celerinus,</strong></span> <span class='ocrx_word' id='word_1_860' title='bbox 2893 5743 3052 5801; x_wconf 91' lang='lat' dir='ltr'><strong>quem</strong></span> <span class='ocrx_word' id='word_1_861' title='bbox 3078 5726 3381 5801; x_wconf 86' lang='lat' dir='ltr'><strong>Cyprianus</strong></span> <span class='ocrx_word' id='word_1_862' title='bbox 3404 5728 3577 5785; x_wconf 87' lang='lat' dir='ltr'><strong>Aure-</strong></span> 
     </span>
    </p>
   </div>
   <div class='ocr_carea' id='block_1_119' title="bbox 1984 5823 3574 5897">
    <p class='ocr_par' dir='ltr' id='par_1_119' title="bbox 1984 5823 3574 5897">
     <span class='ocr_line' id='line_1_119' title="bbox 1984 5823 3574 5897; baseline -0.004 -14"><span class='ocrx_word' id='word_1_863' title='bbox 1984 5827 2057 5883; x_wconf 93' lang='lat' dir='ltr'><strong>lio</strong></span> <span class='ocrx_word' id='word_1_864' title='bbox 2082 5825 2374 5897; x_wconf 83' lang='lat' dir='ltr'><strong>adjungere</strong></span> <span class='ocrx_word' id='word_1_865' title='bbox 2400 5824 2664 5889; x_wconf 88' lang='lat' dir='ltr'><strong>voluerat,</strong></span> <span class='ocrx_word' id='word_1_866' title='bbox 2710 5824 2805 5880; x_wconf 91' lang='lat' dir='ltr'><strong>sed</strong></span> <span class='ocrx_word' id='word_1_867' title='bbox 2850 5824 2895 5879; x_wconf 90' lang='lat' dir='ltr'><strong>is</strong></span> <span class='ocrx_word' id='word_1_868' title='bbox 2951 5823 3210 5880; x_wconf 90' lang='lat' dir='ltr'><strong>honorem</strong></span> <span class='ocrx_word' id='word_1_869' title='bbox 3263 5829 3574 5879; x_wconf 85' lang='lat' dir='ltr'><strong>constanter</strong></span> 
     </span>
    </p>
   </div>
   <div class='ocr_carea' id='block_1_120' title="bbox 1986 5913 3579 5987">
    <p class='ocr_par' dir='ltr' id='par_1_120' title="bbox 1986 5913 3579 5987">
     <span class='ocr_line' id='line_1_120' title="bbox 1986 5913 3579 5987; baseline -0.005 -12"><span class='ocrx_word' id='word_1_870' title='bbox 1986 5918 2275 5987; x_wconf 84' lang='lat' dir='ltr'><strong>recusavit,</strong></span> <span class='ocrx_word' id='word_1_871' title='bbox 2310 5931 2372 5973; x_wconf 90' lang='lat' dir='ltr'><strong>ac</strong></span> <span class='ocrx_word' id='word_1_872' title='bbox 2402 5913 2614 5973; x_wconf 88' lang='lat' dir='ltr'><strong>tandem</strong></span> <span class='ocrx_word' id='word_1_873' title='bbox 2641 5915 2847 5974; x_wconf 84' lang='lat' dir='ltr'><strong>visione</strong></span> <span class='ocrx_word' id='word_1_874' title='bbox 2876 5923 3032 5975; x_wconf 89' lang='lat' dir='ltr'><strong>noctu</strong></span> <span class='ocrx_word' id='word_1_875' title='bbox 3055 5915 3232 5975; x_wconf 83' lang='lat' dir='ltr'><strong>oblata</strong></span> <span class='ocrx_word' id='word_1_876' title='bbox 3257 5920 3477 5971; x_wconf 86' lang='lat' dir='ltr'><strong>coactus</strong></span> <span class='ocrx_word' id='word_1_877' title='bbox 3495 5920 3579 5969; x_wconf 84' lang='lat' dir='ltr'><strong>est</strong></span> 
     </span>
    </p>
   </div>
  </div>
