4050 6410
510 398 617 461 “5

512 515 731 572 cedere.
764 512 842 571 De
869 511 955 570 his
983 509 1412 569 ordinationibus
1435 508 1738 583 Cyprianus
1766 512 2111 582 presbyteros

512 619 570 666 et
603 610 860 666 diaconos
888 623 950 663 ac
991 607 1201 679 plebem
1239 605 1545 661 universam
1577 605 1835 661 certiores
1862 602 1989 660 facit
2023 619 2119 675 per

511 703 690 775 Epist.
722 720 890 759 xxxm
938 711 993 758 et
1039 715 1219 757 xxxiv.
1274 698 1400 755 Haec
1445 708 1624 756 autem
1661 699 1938 771 contigere
1977 699 2119 755 inter

515 796 692 867 prima
718 796 864 865 pacis
889 792 1189 865 aﬂulgentis
1212 791 1424 863 gaudia,
1449 799 1507 845 ιιι
1536 798 1683 861 patet
1712 806 1777 846 ex
1798 788 1879 846 his
1893 790 2119 863 Cypria-

515 888 575 944 ni
596 888 777 944 verbis
797 886 866 942 de
888 885 1136 951 Aurelio,
1171 883 1224 939 in
1268 884 1367 954 Ep.
1416 898 1620 938 xxxtn:
1655 900 1675 935 ι
1711 880 1991 938 Dom‘inieo
2042 882 2119 939 le-

517 978 594 1049 git
621 979 832 1033 interim
862 978 1047 1045 nobis,
1077 977 1130 1032 id
1158 984 1270 1044 est,
1301 977 1605 1046 auspicatus
1641 982 1723 1031 est
1762 989 1955 1046 pacem
1989 976 2116 1032 dum

517 1070 730 1127 dedicat
778 1072 1080 1127 lectionem.
1120 1086 1139 1123 ι
1180 1066 1309 1125 Erat
1352 1069 1601 1125 Aurelius
1642 1069 1864 1126 illustris
1905 1070 2117 1128 adoles-

515 1179 668 1232 cens,
700 1166 750 1220 in
778 1166 932 1220 annis
960 1164 1136 1220 adhuc
1159 1162 1423 1227 novellus,
1454 1162 1548 1218 sed
1571 1163 1622 1217 in
1648 1162 1862 1219 virtutis
1886 1179 1951 1221 ac
1995 1165 2118 1222 fidei

518 1260 681 1316 laude
702 1270 988 1331 provectus
1015 1276 1030 1313 :
1061 1258 1143 1314 bis
1165 1256 1441 1313 confessus
1459 1256 1650 1325 fuerat,
1682 1267 1738 1313 et
1757 1272 1940 1314 coram
1996 1275 2115 1315 ma-

518 1352 850 1424 gistratibus,
878 1353 969 1424 qui
990 1367 1113 1407 eum
1138 1350 1326 1407 exsilio
1347 1349 1687 1417 damnarunt,
1719 1361 1772 1405 et
1788 1364 1968 1406 coram
1992 1362 2118 1423 pro—

518 1444 762 1508 consule,
794 1444 1119 1514 eujusjussu
1148 1442 1410 1498 acerrime
1456 1441 1725 1497 cruciatus
1767 1452 1868 1498 est.
1902 1442 2120 1497 Dubitat

520 1538 822 1610 Cyprianus
847 1547 1023 1593 utrum
1047 1537 1099 1591 in
1124 1550 1191 1593 eo
1221 1534 1339 1605 plus
1367 1534 1623 1605 praedicet
1652 1535 1876 1605 gloriam
1932 1536 2119 1592 vulne-

517 1644 664 1700 rum,
695 1646 761 1686 an
794 1627 1169 1687 verecundiam
1197 1643 1408 1683 morum
1449 1635 1505 1683 et
1547 1627 1799 1682 eximiam
1848 1627 2122 1683 humilita-

510 1732 641 1781 tem.
675 1722 950 1780 Celerinns
972 1734 1185 1793 quoque
1205 1719 1563 1791 gravissimos
1589 1720 1865 1775 cruciatus
1886 1720 2122 1791 pertuli.h

514 1824 627 1884 rat,
651 1830 713 1870 ae
744 1815 917 1886 ipsum
944 1814 1186 1881 Decium,
1219 1811 1373 1881 cujus
1410 1811 1512 1867 sub
1527 1810 1700 1867 oculis
1727 1812 2077 1883 torquebatur
2100 1854 2117 1879 ,

513 1910 767 1965 virtutem
799 1924 951 1965 suam
977 1907 1198 1963 laudare
1225 1910 1282 1964 e‘t
1319 1903 1576 1962 admirari
1592 1915 1861 1977 coegerat.
1896 1907 2125 1964 Demos;

514 2003 619 2060 tica
649 2002 797 2058 illum
821 2001 1069 2073 exempla
1092 2002 1464 2069 hortabantur;
1491 2015 1614 2056 nam
1664 2002 1783 2057 avia
1812 2001 1930 2073 ejus
1964 2003 2122 2060 Cele-

516 2098 659 2164 rina,
691 2104 913 2167 patruus
941 2104 996 2153 et
1040 2094 1341 2152 avunculus
1390 2093 1747 2152 Laurentinus
1768 2104 1823 2151 et
1860 2096 2119 2167 Egnatius

522 2190 768 2262 martyrii
799 2204 1053 2245 coronam
1097 2198 1526 2260 reportaverant.
1556 2188 1841 2260 Egregium
1866 2189 1995 2245 illud
2025 2205 2122 2261 par

517 2283 941 2340 adolescentium
962 2280 1261 2355 Cyprianus
1287 2298 1393 2338 non
1423 2282 1581 2338 altius
1610 2284 1817 2350 evexit,
1862 2297 2024 2353 quam
2051 2284 2121 2338 ad

517 2378 738 2433 lectoris
770 2392 1002 2444 munus,
1041 2376 1143 2433 sed
1190 2377 1504 2450 presbyterii
1554 2375 1813 2434 honorem
1836 2377 1949 2449 jam
2006 2388 2119 2433 tum

518 2472 627 2528 illis
654 2472 969 2542 designavit,
996 2489 1016 2525 ι
1042 2479 1176 2528 utet
1198 2469 1659 2543 Sportnlisiisdcm
1684 2486 1806 2528 cum
1836 2472 2123 2544 presbyte-

516 2563 596 2622 ris
630 2583 649 2618 ι
693 2564 1109 2633 honorarentur,
1144 2583 1163 2617 ι
1209 2574 1264 2621 et
1318 2565 1610 2622 divisiones
1666 2574 1985 2621 mensurnas
2038 2576 2118 2620 ωο·

520 2660 701 2731 quatis
727 2657 1113 2729 qnantitatibus
1137 2678 1156 2712 ι
1189 2659 1539 2731 partirentur.

590 2752 869 2809 Celerinus
909 2748 1075 2810 Roma
1105 2752 1155 2807 in
1186 2748 1421 2808 Africam
1458 2751 1775 2818 adveniens,
1818 2766 1940 2808 cum
1968 2752 2030 2807 se
2052 2750 2123 2807 ad

519 2846 844 2921 Cyprianum
879 2846 1211 2913 contulisset,
1249 2845 1639 2903 demonstravit
1667 2846 1715 2901 ei
1756 2846 1940 2916 quanti
1970 2846 2121 2902 illum

518 2941 775 3005 facerent,
800 2944 1164 3011 Quantumque
1192 2939 1470 3011 diligerent
1505 2938 1731 2993 Romani
1758 2939 2120 2995 confessores.

518 3031 672 3101 lianc
708 3046 925 3088 causam
970 3033 1155 3088 habuit
1198 3031 1500 3104 Cyprianus
1543 3032 1845 3087 scribenda:
1890 3032 1956 3087 ad
2001 3034 2125 3089 illos

522 3125 776 3196 Epistolas
823 3124 933 3193 Xi’l,
955 3124 1007 3180 in
1025 3138 1125 3196 qua
1144 3122 1358 3196 quidem
1378 3125 1455 3180 sic
1475 3121 1730 3179 describit
1746 3132 1975 3193 quatuOr
1997 3126 2125 3180 anni

522 3227 888 3290 tempestates,
914 3232 1045 3290 quas
1066 3219 1118 3274 in
1145 3224 1365 3274 carcere
1391 3216 1729 3273 confessores
1757 3217 2123 3285 traduxerant,

524 3321 720 3369 utnon
750 3308 969 3370 dubium
1010 3308 1081 3368 sit
1120 3310 1249 3384 quin
1294 3309 1411 3367 haec
1448 3312 1672 3383 epistola
1704 3311 1806 3368 hoc
1835 3328 1979 3368 anno
2017 3312 2127 3371 250

524 3418 717 3463 exacto
746 3415 838 3463 aut
884 3404 1072 3462 saltem
1102 3413 1334 3461 exeunte
1351 3407 1549 3477 scripta
1576 3406 1666 3462 sit.
1702 3406 1992 3477 Postquam
2019 3423 2128 3462 mo-

524 3501 642 3557 rula
674 3512 835 3572 quam
886 3499 1207 3572 prtedixerat
1242 3497 1576 3572 Cyprianus,
1623 3499 1865 3569 effluxit,
1913 3500 2124 3558 initium

527 3594 745 3666 aliquod
779 3595 924 3664 pacis
952 3593 1255 3664 degustarit
1283 3593 1511 3649 ecclesia
1554 3594 2015 3665 Carthaginensis,
2063 3606 2127 3649 ac

528 3684 871 3743 confessurus
888 3701 917 3740 e
937 3692 1152 3741 carcere
1178 3684 1339 3740 soluti
1362 3696 1503 3740 sunt.
1527 3685 1727 3741 [lorum
1756 3686 1985 3740 maxima
2006 3698 2129 3756 pars

530 3775 887 3832 confessionis
914 3775 1136 3846 gloriam
1179 3774 1396 3845 optimis
1448 3776 1689 3830 moribus
1721 3776 2000 3844 tuebatur;
2032 3777 2131 3834 sed

530 3866 777 3924 nonnulli
810 3872 970 3923 tanta:
1000 3867 1141 3921 laudi
1172 3866 1467 3923 dedecores
1497 3864 1731 3937 fuerunt,
1780 3870 1973 3939 quibus
2021 3869 2128 3943 Cy-

529 3965 751 4035 prianus
773 3961 1086 4017 ebrietatem
1111 3969 1165 4015 et
1189 3959 1479 4026 lasciviam,
1508 3960 1889 4032 arrogantiam,
1918 3973 2134 4020 conten-

528 4059 730 4114 tionem
750 4060 801 4111 et
818 4057 1118 4128 promiscua
1146 4069 1266 4109 cum
1294 4053 1606 4109 mulieribus
1631 4054 1823 4111 eubilia
1845 4059 2134 4128 exprobrat

532 4155 586 4209 in
613 4150 850 4223 Epistula
894 4165 985 4205 vn.
1006 4148 1151 4204 Idem
1176 4148 1337 4204 etiam
1370 4146 1535 4220 tangit
1556 4148 1607 4202 in
1626 4147 1863 4220 Epistula
1882 4160 2132 4224 vt,quam

532 4246 674 4302 circa
702 4244 840 4300 idem
875 4248 1106 4312 templis,
1140 4256 1259 4296 emn
1287 4240 1462 4296 adhuc
1487 4242 1685 4299 invitus
1717 4243 1768 4298 in
1798 4258 2014 4301 secessu
2049 4256 2131 4304 te-

534 4350 775 4407 neretur,
830 4334 893 4394 ad
928 4336 1272 4410 presbyteros
1300 4346 1352 4391 et
1404 4335 1659 4395 diaconos
1686 4339 1921 4410 scripsit,
1974 4353 2030 4397 ut
2056 4344 2134 4402 eis

532 4444 828 4507 pauperum
853 4443 909 4490 et
929 4435 1161 4491 maxime
1181 4433 1549 4491 confessorum
1576 4451 1758 4491 curam
1787 4438 2133 4495 commenda-

532 4538 637 4584 ret.
667 4529 923 4599 Quamvis
942 4529 1086 4584 enim
1109 4526 1453 4584 confessores
1472 4527 1680 4585 dimissi
1711 4526 1963 4599 fuissent,
1997 4542 2135 4587 non-

537 4622 665 4678 dum
694 4626 871 4677 tamen
899 4621 1053 4693 plena
1083 4629 1135 4676 et
1166 4620 1318 4675 firma
1348 4635 1449 4692 pax
1480 4620 1749 4678 illuxerat.
1772 4623 2134 4691 Quamobrem

536 4716 860 4787 Cyprianus,
890 4714 991 4771 etsi
1031 4712 1409 4786 Carthaginem
1437 4724 1617 4772 mente
1642 4724 1696 4772 et
1720 4716 1901 4773 animo
1928 4716 2136 4774 fereba-

534 4821 645 4880 tur;
678 4820 790 4867 tum
818 4816 875 4867 ιιι
904 4824 1030 4867 suos
1057 4809 1337 4875 reviseret,
1369 4819 1480 4866 tum
1510 4820 1569 4866 ut
1597 4825 1686 4867 res
1712 4810 1955 4868 ecclesia:
1985 4828 2138 4868 eom-

533 4912 782 4976 poneret,
816 4910 993 4960 tamen
1022 4902 1245 4975 obsequi
1287 4911 1508 4960 coactus
1528 4913 1609 4959 εει
1649 4904 1874 4974 sapienti
1912 4905 2136 4978 presby-

538 5001 641 5057 teri
672 4999 896 5057 Terttﬂli
925 4997 1170 5065 consilio,
1198 4997 1289 5068 qui
1318 5007 1503 5053 auctor
1532 4996 1582 5053 ei
1619 4995 1789 5052 fuerat
1816 5010 1883 5052 ne
1908 4998 1960 5053 in
2010 5014 2135 5055 cum

537 5094 715 5151 locum
746 5094 834 5150 ubi
869 5093 1030 5151 toties
1061 5092 1359 5165 postulatus
1380 5089 1585 5157 fuerat,
1612 5100 1716 5148 tam
1742 5083 1847 5148 cito
1876 5091 2132 5163 prodiret.

535 5187 787 5244 Nondum
817 5196 1064 5244 extorres
1091 5182 1351 5244 redeundi
1378 5186 1650 5241 licentiam
1679 5185 2094 5256 impetraverant
2122 5231 2135 5255 ,

540 5292 596 5339 et
630 5296 751 5337 cum
783 5281 1070 5336 llODllllllOS
1103 5278 1440 5350 tranquillior
1464 5294 1641 5334 rerum
1666 5278 2139 5339 statusinvitasset

545 5385 604 5431 ut
650 5375 836 5446 injussi
878 5374 1135 5441 redirent,
1160 5373 1506 5429 Vehementer
1536 5388 1630 5428 eos
1668 5372 2008 5443 reprehendit
2033 5376 2134 5445 Cy-

541 5471 760 5542 prianus
798 5470 850 5524 in
892 5471 1077 5526 eadem
1115 5468 1341 5540 epistola
1362 5484 1455 5524 vn.
1486 5468 1787 5538 Quinetiam
1826 5469 1983 5541 paulo
2011 5480 2137 5530 ante

546 5563 744 5617 festmn
771 5556 989 5615 Pascbze
1016 5560 1189 5615 adhuc
1241 5559 1429 5616 orabat
1487 5578 1505 5610 ι
1543 5562 1726 5630 pacein
1773 5554 2135 5629 plenissimam

544 5654 696 5726 prius
722 5651 900 5718 matri,
930 5660 1040 5707 tum
1071 5651 1192 5708 filiis
1216 5652 1351 5724 ejus.
1393 5671 1411 5706 ι
1441 5652 1457 5723 (
1484 5652 1583 5723 Ep.
1612 5651 1711 5721 xi.)

544 5744 684 5806 XVI.
714 5778 787 5788 —
809 5759 1051 5803 νιειιιιιοε
1091 5761 1191 5804 ιδιιο
1245 5762 1307 5804 SE
1340 5754 1539 5803 ’ΜΙΤἸΊΤ
1566 5761 1870 5805 οιιιιιιιιιιυε.
1898 5743 2136 5808 η-ἨΙΝΕ

1256 5848 1585 5896 γπιιοιεειιιι.

550 5947 560 5958 ·
616 5934 753 5996 Dum
779 5934 1152 6011 Cyprianusin
1183 5947 1399 5994 secessu
1426 5945 1683 6011 moratur,
1708 5945 1975 5999 neauctor
1992 5949 2137 6004 esset

1800 392 1961 452 Vl’l‘A
1998 388 2246 452 SANCTI
2283 390 2635 451 CYPRIANI.

3713 378 3818 450 HO

2232 509 2544 581 rumpenda:
2589 507 2768 579 pacis,
2817 506 2907 578 qui
2945 506 3229 563 consulere
3266 505 3518 563 omnibus
3558 504 3815 575 debebat;

2227 604 2443 660 interim
2485 602 2672 659 scribit
2691 601 2763 659 ad
2790 590 3151 675 presbyteros
3167 612 3223 658 et
3248 601 3505 657 diaconos
3530 615 3658 657 suos
3688 602 3815 673 Epi:

2226 698 2419 753 stolam
2447 702 2631 765 xx’xvr,
2661 697 2712 753 in
2734 710 2837 768 qua
2866 697 2940 752 ait
2967 695 3127 753 se‘ad
3154 709 3248 752 eos
3294 707 3575 751 venturum
3606 697 3817 769 quando

2223 796 2556 867 scripserint,
2591 814 2611 847 ‹
2637 794 2799 851 rebus
2817 794 3151 867 compositis,
3184 793 3360 866 ipsum
3386 794 3572 850 venire
3594 793 3811 862 debere,

2223 898 2314 944 ant
2365 888 2409 944 si
2463 898 2588 945 ante
2629 887 2877 959 dignatus
2924 884 3088 943 fuerit
3130 886 3388 942 Dominus
3439 885 3747 943 ostendere.
3792 906 3811 940 ι

2246 979 2450 1036 Deinde
2475 978 2723 1037 hortatur
2750 986 2808 1036 ut
2836 996 2857 1033 r
2890 978 3171 1034 viduarum
3202 988 3257 1033 et
3284 978 3685 1034 inllrmorumet
3708 992 3822 1033 om-

2230 1073 2377 1128 nimn
2411 1087 2707 1145 pauperum
2750 1085 2934 1128 curam
2982 1069 3269 1141 diligenter
3294 1084 3315 1122 ι
3360 1068 3632 1136 habeant,
3671 1088 3693 1121 ς
3727 1069 3821 1125 sed

2233 1179 2287 1225 et
2333 1168 2662 1241 peregrinis,
2708 1168 2755 1223 si
2797 1167 2885 1239 qui
2930 1166 3229 1239 indigentes
3267 1164 3486 1230 fuerint,
3529 1172 3814 1237 sumptus:

2229 1273 2520 1335 suggerant
2564 1282 2584 1316 ‹
2622 1262 2689 1319 de
2710 1261 3004 1334 quantitate
3028 1275 3148 1316 mea
3179 1260 3413 1331 propria,
3444 1258 3635 1329 inquit,
3662 1264 3823 1329 qnam

2226 1356 2369 1429 apud
2396 1354 2747 1429 Rogatianum
2785 1353 3283 1426 compresbyterum
3325 1361 3566 1408 nostrum
3595 1351 3777 1408 dimisi
3804 1368 3821 1419 ;

2228 1467 2347 1521 qua:
2375 1451 2642 1522 quantitas
2669 1454 2739 1506 ne‘
2760 1449 2895 1504 forte
2918 1447 3030 1519 jam
3048 1446 3297 1503 universa
3328 1455 3543 1518 erogata
3565 1446 3668 1513 sit,
3702 1445 3823 1502 misi
3906 1505 3920 1521 ,

2224 1544 2400 1600 eidem
2429 1560 2524 1615 per
2565 1543 2814 1600 Naricum
2844 1540 3152 1615 acolytbum
3197 1540 3357 1597 aliam
3402 1545 3729 1612 portionem,
3763 1548 3819 1596 ut

2226 1636 2423 1709 largius
2465 1646 2520 1694 et
2571 1637 2869 1709 promptius
2916 1636 3059 1693 circa
3117 1634 3425 1691 laborantes
3478 1634 3572 1689 ﬁat
3624 1646 3825 1706 opera;

2226 1734 2320 1787 tio.
2357 1750 2377 1785 ι
2420 1730 2683 1790 Observat
2731 1727 3110 1786 Tilletnontius
3158 1726 3328 1784 videri
3375 1741 3444 1783 ex
3507 1727 3590 1783 his
3644 1724 3825 1782 verbis

2224 1824 2572 1900 Cyprianum,
2602 1842 2722 1883 cum
2740 1824 3058 1898 Carthagine
3073 1820 3391 1890 discederet,
3418 1822 3657 1894 pecunite
3679 1836 3826 1878 sum-

2226 1939 2368 1979 mam
2412 1921 2551 1993 apud
2596 1921 2950 1992 Rogatianum
2994 1919 3297 1990 reliquisse.
3351 1916 3408 1973 lu
3448 1933 3555 1990 quo
3604 1915 3827 1988 quidem

2227 2016 2470 2091 plurimis
2498 2032 2558 2073 se
2585 2012 3269 2085 diftlcultatibusimplicari
3299 2010 3516 2069 fatetur.
3548 2010 3681 2067 Nam
3709 2009 3825 2082 pri-‘

2227 2125 2316 2167 mo
2344 2109 2675 2182 Rogatianus
2705 2116 2829 2164 ante
2850 2121 3124 2163 secessum
3156 2105 3405 2179 Cypriani
3421 2101 3697 2162 eorilessus
3717 2108 3824 2169 est,

2226 2204 2304 2260 sic
2328 2204 2470 2260 enim
2496 2203 2765 2259 existimat
2782 2202 2862 2256 vir
2887 2199 3146 2256 eruditus.
3192 2199 3394 2256 Deinde
3422 2214 3580 2267 vero,
3615 2198 3829 2255 etiamsi

2232 2295 2378 2366 prius
2402 2295 2741 2350 discessisset
2765 2291 3066 2365 Cyprianus
3084 2335 3098 2358 ,
3126 2307 3249 2347 cum
3280 2292 3608 2364 Rogatianus
3625 2288 3829 2347 tamdiu

2227 2387 2280 2443 in
2310 2403 2530 2444 carcere
2554 2385 2805 2457 jacuerit,
2838 2401 2947 2441 non
2976 2385 3193 2441 videtur
3236 2386 3483 2457 pecunia}
3531 2401 3743 2442 summa
3776 2385 3833 2440 in

2228 2489 2343 2536 tuto
2372 2479 2511 2551 apud
2566 2494 2688 2535 eum
2728 2478 2910 2534 fuisse.
2956 2477 3225 2549 Denique,
3256 2493 3378 2534 eum
3427 2480 3542 2534 haec
3583 2476 3829 2549 Epistola

2225 2588 2407 2641 xxxvr,
2450 2587 2592 2627 anno
2649 2570 2758 2629 250
2805 2580 3036 2637 exeunte
3065 2579 3159 2627 aut
3196 2570 3298 2627 ‘25l
3354 2572 3574 2627 ineunte
3623 2571 3831 2642 scripta

2224 2669 2319 2737 sit,
2362 2684 2459 2725 cur
2507 2666 2716 2723 dubitat
2751 2666 3046 2739 Cyprianus
3088 2682 3155 2721 an
3188 2663 3412 2736 pecunia
3469 2678 3629 2735 quam
3677 2673 3835 2721 tanto

2227 2773 2352 2823 alte
2380 2760 2621 2827 dederat,
2646 2759 2893 2815 universa
2922 2767 3138 2829 erogata
3163 2756 3365 2811 fuerit?
3405 2755 3498 2811 His
3528 2755 3835 2810 incommo-

2226 2855 2313 2911 dis
2341 2861 2612 2925 permotus
2632 2850 3028 2916 Tilletnontius,
3050 2863 3146 2920 pro
3169 2848 3253 2903 his
3280 2847 3481 2912 verbis,
3519 2865 3538 2900 ι
3568 2846 3709 2917 apud
3730 2846 3833 2903 Ro-

2226 2947 2495 3020 gatianum
2550 2944 2773 3012 dimisi,
2811 2962 2830 2997 ι
2883 2941 3169 3013 legendum
3197 2939 3443 3010 conjlcit,
3487 2957 3507 2992 σ
3541 2937 3608 2993 ad
3654 2936 3834 3009 Roga-

2229 3050 2427 3096 tianum
2457 3037 2579 3093 misi
2617 3055 2634 3093 :
2666 3055 2686 3090 ι
2724 3034 2819 3091 sed
2862 3048 3088 3090 necesse
3132 3047 3238 3088 non
3290 3031 3499 3088 videtur
3545 3032 3832 3087 immutare

2228 3136 2575 3190 contextum;
2622 3140 2796 3197 neque
2837 3125 2981 3181 enim
3032 3124 3147 3181 haec
3178 3125 3339 3181 Verba
3381 3126 3689 3180 necessario
3739 3124 3828 3180 dc-

2230 3231 2534 3281 monstrant
2553 3221 2882 3295 Cyprianum
2898 3218 3219 3291 Carthagine
3243 3218 3609 3275 discedentem
3654 3217 3833 3289 Roga-

2233 3322 2379 3377 tiano
2404 3320 2689 3391 pecuniam
2722 3318 3091 3383 commisisse,
3131 3317 3224 3373 sed
3267 3315 3568 3388 significare
3609 3316 3832 3387 possunt

2231 3414 2291 3471 S.
2312 3413 2620 3486 Martyrem,
2651 3428 2772 3468 enm
2804 3412 2869 3468 ad
2896 3427 3019 3468 eum
3047 3414 3098 3466 in
3123 3426 3342 3467 secessu
3388 3410 3642 3466 latentem
3699 3425 3826 3479 ριίιδ

2233 3507 2350 3578 pria
2372 3507 2541 3577 ipsius
2569 3507 2840 3576 quantitas
2863 3505 3005 3560 mitti
3036 3504 3256 3571 soleret,
3297 3503 3531 3559 noluisse
3592 3513 3649 3556 ut
3708 3504 3823 3556 haec

2200 3628 2206 3636 ’
2234 3602 2475 3672 pecunia:
2504 3616 2711 3656 summa
2736 3599 2805 3654 de
2834 3615 2983 3654 more
3009 3597 3075 3651 ad
3098 3613 3157 3653 se
3178 3597 3504 3669 perferretur
3525 3634 3542 3662 ,
3599 3610 3826 3666 eamque

2234 3692 2371 3765 apud
2407 3693 2755 3763 Rogatianum
2775 3689 3075 3761 reliquisse.
3107 3689 3295 3756 Porro,
3328 3704 3449 3743 cum
3481 3704 3665 3758 parum
3688 3696 3825 3742 tem-

2236 3787 2381 3858 poris
2408 3785 2707 3842 efﬂuxisset
2734 3801 2795 3841 ex
2826 3794 2929 3856 quo
2963 3783 3289 3854 Rogatianns
3319 3792 3381 3838 ac
3409 3782 3589 3838 creteri
3615 3783 3829 3837 confes-

2235 3892 2387 3933 sores
2409 3893 2440 3933 e
2466 3890 2681 3933 carcere
2710 3876 2973 3938 exierant,
2997 3892 3100 3930 non
3132 3875 3399 3932 immerito
3424 3870 3701 3931 dubltabat
3739 3876 3833 3946 (ῖ-

2238 3969 2455 4040 priantts
2482 3985 2547 4025 an
2579 3966 2827 4025 universa
2856 3964 2971 4023 tunc
2998 3968 3220 4038 pecunia
3242 3966 3387 4024 esset
3413 3975 3649 4037 erogata.

2308 4062 2511 4117 Praeter
2540 4060 2919 4133 Ro‘gatiannm,
2962 4058 3097 4116 duos
3119 4059 3401 4131 episcopos
3441 4057 3758 4114 Caldoniutn
3786 4064 3834 4111 et

2240 4152 2599 4211 llerculantnn
2624 4169 2685 4209 ac
2714 4153 3084 4226 presbyterum
3118 4152 3451 4207 Numidicum
3480 4160 3575 4223 pro
3607 4167 3664 4206 se
3693 4156 3829 4206 viea.

2240 4248 2347 4304 rios
2378 4250 2597 4303 miserat
2624 4240 2944 4319 Cyprianus,
2979 4255 3034 4301 ut
3079 4254 3452 4316 expungerent
3486 4260 3504 4296 t
3545 4245 3831 4299 nece-sita.

2241 4350 2320 4397 tes
2348 4341 2568 4396 fratruin
2600 4341 2936 4411 sumptibus,
2977 4339 3021 4394 si
3048 4341 3135 4409 qui
3172 4338 3331 4394 etiam
3365 4337 3562 4394 vellent
3588 4352 3711 4394 snas
3746 4353 3825 4393 ar-

2241 4445 2319 4493 tes
2359 4450 2644 4501 exercere,
2682 4434 3045 4490 additamenta
3073 4444 3329 4505 quantum
3354 4433 3485 4489 satis
3524 4441 3705 4500 esset,
3747 4432 3828 4487 tle-

2239 4530 2435 4588 sideria
2480 4546 2664 4588 eorum
2704 4528 3001 4600 juvarent;
3044 4527 3203 4583 simul
3229 4527 3391 4595 etiam
3433 4536 3488 4585 et
3532 4536 3719 4583 :etates
3745 4532 3827 4583 eo-

2241 4641 2359 4681 rum
2413 4634 2468 4681 et
2517 4623 2851 4680 conditiones
2904 4628 2958 4680 et
3008 4623 3197 4679 merita
3235 4641 3254 4675 ι
3313 4622 3722 4688 discernerent,
3778 4628 3827 4675 ut

2240 4732 2429 4774 omnes
2456 4716 2657 4789 optime
2685 4724 2871 4773 nosset
2897 4715 3214 4789 Cyprianus,
3244 4733 3264 4769 ι
3301 4724 3356 4772 et
3381 4712 3568 4787 dignos
3595 4727 3826 4787 quosque

2242 4819 2297 4867 et
2341 4809 2575 4867 humiles
2616 4820 2671 4864 et
2700 4809 2857 4865 mites
2895 4808 2961 4864 ad
3000 4802 3378 4865 ecclesiasticae
3417 4806 3827 4863 administratio-

2242 4903 2328 4961 nis
2365 4902 2541 4959 ol'ftcia
2574 4922 2594 4957 ι
2629 4910 2988 4974 promoveret.
3031 4900 3171 4970 Sed,
3211 4908 3335 4957 cum
3382 4901 3621 4973 episcopi
3667 4902 3739 4957 illi
3779 4902 3826 4955 e't

2245 4996 2544 5069 presbyteri
2575 4995 2823 5052 mandata
2855 4995 3107 5068 Cypriani
3132 4995 3481 5063 facesserent,
3517 4996 3825 5067 supervenit

2242 5088 2629 5155 Felicissimus,
2659 5090 2741 5145 vir
2756 5089 2989 5160 projeeta
3015 5090 3319 5146 temeritate
3345 5098 3400 5146 et
3432 5105 3640 5146 summa
3669 5086 3824 5145 anda-

2242 5182 2347 5250 cia,
2378 5195 2442 5237 ac
2468 5181 2773 5238 intercessit
2807 5201 2825 5235 ι
2864 5197 2931 5239 ne
2960 5182 3080 5253 quis
3112 5183 3284 5254 possit
3315 5184 3585 5256 expungi,
3614 5196 3747 5239 neve
3768 5195 3823 5237 ea

2243 5292 2364 5348 qua:
2403 5294 2420 5327 ι
2474 5273 2871 5332 desideraverat
2917 5275 3249 5349 Cyprianus,
3282 5295 3300 5329 ι
3336 5285 3557 5349 possent
3594 5273 3821 5347 diligenti

2244 5369 2638 5426 examinatione
2666 5369 2941 5437 discerni;
2981 5371 3337 5426 comminatus
3377 5371 3538 5426 etiam
3588 5366 3823 5425 fratribus

2243 5465 2334 5537 qui
2384 5463 2538 5535 primi
2587 5464 2815 5535 expungi
2855 5474 3212 5533 accesserant,
3270 5472 3544 5537 potentatu
3592 5456 3822 5534 improbo

2243 5567 2298 5616 et
2357 5543 2560 5614 terrore
2617 5556 2892 5626 violento,
2952 5559 3093 5629 quod
3145 5570 3328 5616 secum
3398 5560 3451 5615 in
3507 5564 3679 5617 morte
3727 5573 3820 5614 non

2244 5652 2718 5709 communicarent.
2760 5670 2779 5705 ι
2826 5638 3338 5725 Ροειρει’ρισι·ἰριιίι
3380 5668 3441 5710 se
3491 5670 3512 5706 ι
3546 5662 3668 5709 enm
3714 5648 3819 5723 plu-

2244 5750 2395 5807 rimis
2422 5748 2613 5805 dueem
2642 5762 2701 5805 se
2737 5746 2983 5805 lactionis
3020 5754 3077 5806 et
3097 5748 3373 5804 seditionis
3411 5747 3705 5819 principem
3745 5755 3818 5799 te-

2244 5843 2476 5900 merario
2504 5843 2684 5901 furore
2727 5852 3054 5901 contestans.
3095 5862 3115 5896 ι
3173 5842 3380 5901 Certior
3419 5840 3593 5898 factus
3641 5839 3723 5896 his
3759 5835 3819 5893 de

2244 5934 2732 6020 rebusprprianus
2758 5948 2789 5997 a‘
2814 5932 3077 6000 Caldonio
3122 5945 3174 5997 et
3232 5932 3534 5999 llerculatto
3568 5929 3816 6008 episcopis
