4050 6402
216 393 324 463 il?

215 522 269 575 ct
289 515 590 589 Rogatiano
617 526 681 574 ac
702 508 984 573 Ntnnltlien
1010 510 1355 590 presbyteris,
1377 519 1589 589 scrip<it
1616 518 1682 573 ad
1715 528 1812 575 eos

215 610 507 681 Epistulam
536 608 869 681 trigesimum
896 620 1139 667 octavam
1158 653 1171 675 ,
1202 613 1254 667 in
1281 626 1383 681 qua
1416 611 1812 670 Felicissimum
1847 674 1850 677 ,

214 701 679 768 cxcommunicat,
712 711 824 757 tum
850 700 1193 758 obnefarium
1222 701 1477 769 schisma,
1511 710 1621 759 tum
1666 703 1811 775 quod

223 810 243 848 ι
277 793 346 850 ad
385 792 598 850 fraudes
627 790 747 865 ejus
787 801 843 849 et
869 793 1113 865 rapinas,
1145 804 1308 864 quas,
1345 795 1551 866 inquit,
1582 794 1812 852 dilucida

213 886 440 944 veritate
488 886 836 958 cognorimus
883 901 899 942 :
946 886 1193 943 adulterii
1245 886 1408 943 etiam
1458 888 1663 943 crimen
1718 902 1810 943 ac-

214 979 389 1047 cedit,
439 978 581 1050 quod
626 976 818 1034 fratres
865 978 1056 1047 nostri,
1094 991 1287 1050 graves
1335 978 1469 1048 viri,
1511 979 1812 1050 deprehen-

214 1071 363 1129 disse
409 1084 470 1125 se
516 1070 897 1126 nuntiaverunt
926 1111 943 1136 ,
997 1080 1053 1126 ct
1102 1070 1419 1142 probaturos
1486 1086 1608 1128 sese
1659 1087 1810 1129 asse-

214 1174 559 1225 veravcrunt.
615 1181 636 1217 ι
672 1163 930 1237 Augendo
980 1173 1193 1233 autem,
1233 1166 1325 1237 qui
1371 1180 1432 1223 se
1479 1165 1816 1223 Felicissimo

180 1286 185 1290 ·
214 1259 551 1324 sociaverat,
580 1256 724 1314 idem
752 1258 987 1313 minatur
1008 1256 1312 1330 Cyprianus
1343 1257 1391 1315 si
1427 1258 1565 1314 ultra
1595 1273 1717 1315 cum
1745 1272 1814 1314 eo

217 1350 668 1425 perseveraverit.
716 1347 836 1405 Non
866 1347 1024 1405 facile
1049 1350 1348 1422 explicatur
1372 1349 1500 1423 quid
1526 1350 1629 1407 sibi
1654 1349 1815 1407 vellet

210 1442 579 1502 Felicissimus
601 1455 734 1498 cum
762 1460 782 1495 ι
820 1450 1097 1512 potentatu
1121 1444 1367 1515 improbo
1392 1452 1448 1501 et
1474 1450 1682 1500 terrore
1702 1444 1815 1499 vio-

210 1537 362 1595 lento
393 1552 415 1589 ι
445 1535 740 1592 minaretur
776 1549 959 1592 secum
1005 1536 1059 1591 in
1099 1544 1275 1610 morte
1302 1551 1414 1601 non
1440 1536 1811 1593 communica-

209 1636 369 1687 turos
416 1628 510 1700 qui
559 1624 834 1700 Cypriane
877 1627 1361 1701 obtemperassent.
1414 1628 1522 1684 Pro
1565 1643 1631 1684 eo
1674 1626 1817 1700 quod

210 1720 471 1777 Baluzius
494 1720 671 1793 posuit
700 1737 721 1773 ι
755 1721 809 1776 in
839 1729 1033 1790 morte,
1056 1739 1076 1775 ι
1105 1729 1342 1778 veterum
1364 1720 1609 1778 codicum
1638 1733 1814 1777 aucto-

208 1813 375 1871 ritate
397 1811 576 1881 aixus,
607 1810 807 1869 habent
830 1812 951 1869 alite
979 1813 1247 1870 editiones
1276 1828 1297 1866 ο
1327 1813 1382 1869 in
1405 1824 1614 1882 monte,
1654 1830 1675 1867 ι
1720 1813 1816 1870 sed

206 1905 332 1964 sive
351 1905 562 1978 legatur
587 1924 608 1960 ι
631 1905 685 1961 in
702 1914 904 1973 monte,
918 1924 939 1961 ι
961 1906 1076 1963 sive
1096 1924 1116 1959 ς
1142 1908 1194 1962 in
1210 1916 1406 1974 morte,
1436 1924 1456 1960 ι
1473 1921 1542 1961 an
1556 1906 1817 1963 intentata

208 2003 284 2062 ab
312 2002 579 2076 ejusmodi
604 2002 825 2061 homine
853 2001 1339 2061 escommunieatio
1366 2001 1659 2059 violentum
1703 2011 1816 2059 ter-

209 2112 397 2154 rorem
424 2097 665 2154 incutere
695 2097 904 2169 potuit?
948 2112 1131 2154 nonne
1169 2104 1298 2153 tunc
1325 2097 1505 2168 potius
1535 2098 1818 2154 terruisset

209 2184 263 2246 si
291 2189 528 2246 minatus
554 2198 699 2246 esset
734 2203 858 2246 sese
881 2188 1183 2246 Catliolicos
1210 2199 1524 2246 coacturum
1551 2199 1608 2246 ut
1631 2204 1817 2247 secum

207 2283 713 2342 communicarent?
760 2297 830 2339 an
854 2282 1161 2341 hominibus
1207 2284 1462 2355 episcopo
1506 2297 1607 2339 suo
1629 2282 1808 2340 afflxis

210 2386 271 2435 et
300 2377 698 2435 Felicissimum
744 2375 1137 2434 detestantibus
1182 2391 1349 2448 grave
1412 2376 1815 2434 incommodum

212 2470 392 2527 videri
418 2467 611 2543 potuit,
660 2471 1043 2528 communione
1080 2469 1314 2537 hominis
1358 2469 1673 2541 nequissimi
1722 2483 1816 2525 ca-

208 2563 394 2622 rere?
436 2562 719 2636 Equidem,
750 2571 1008 2637 quantum
1036 2563 1091 2618 in
1116 2576 1177 2619 re
1200 2561 1525 2634 perobscura
1551 2560 1819 2631 conjicere

211 2673 461 2730 possum,
491 2657 738 2729 suspicor
781 2656 1177 2715 Felicissimum
1228 2670 1337 2711 non
1376 2653 1816 2710 excommunica-

214 2751 419 2807 tionem
436 2751 630 2817 solum,
651 2749 748 2807 sed
760 2750 921 2806 etiam
948 2759 1174 2804 mortem
1198 2748 1372 2818 ipsam
1392 2746 1650 2801 minatum
1674 2760 1813 2814 esse,

211 2844 292 2901 ita
317 2852 375 2900 ut
414 2857 600 2899 secum
621 2841 677 2898 in
700 2851 894 2909 morte,
927 2855 1085 2913 quam
1104 2839 1416 2908 intentabat,
1444 2854 1550 2894 non
1577 2854 1819 2896 cominuo

213 2937 493 2994 nicaturos
519 2936 723 2994 diceret
760 2935 851 3007 qui
877 2932 1147 3007 Cypriane
1171 2933 1650 3005 obtemperassent.
1682 2932 1819 2988 Cum

211 3029 501 3087 Cornelius
521 3028 740 3086 territus
766 3026 933 3084 fuisse
960 3025 1235 3083 videretur
1263 3044 1283 3079 ι
1325 3025 1487 3082 minis
1517 3025 1818 3098 parricida-

211 3121 358 3178 libus
390 3138 411 3174 ι
462 3120 818 3187 Felicissimi,
866 3119 1110 3177 declarat
1153 3118 1457 3191 Cyprianus
1486 3118 1541 3173 in
1593 3117 1693 3189 Ep.
1725 3134 1814 3185 ιν,

210 3227 312 3269 sua
342 3212 476 3269 nihil
500 3212 762 3271 interesse
788 3230 808 3266 ‹
840 3222 929 3268 aut
950 3228 981 3266 a
1002 3225 1108 3282 quo
1131 3220 1225 3268 aut
1257 3208 1473 3282 quando
1495 3210 1816 3281 perimatur,

212 3312 406 3363 mortis
452 3317 508 3362 et
563 3304 842 3380 sanguinis
880 3306 1160 3378 praemium
1208 3304 1278 3361 de
1306 3303 1537 3360 Domino
1567 3313 1815 3375 receptu-

220 3416 337 3458 rus.
372 3419 392 3453 ι
422 3400 574 3469 Quod
606 3402 651 3457 si
679 3400 732 3457 in
780 3399 1091 3457 Cornelium
1122 3411 1177 3457 et
1219 3399 1546 3472 Cyprianum
1596 3397 1819 3470 parricio

212 3497 368 3553 dalcs
384 3497 540 3553 mina:
560 3496 876 3553 Felicissimi
896 3504 1286 3568 proruperunt,
1312 3496 1432 3568 quis
1453 3496 1679 3551 miretur
1699 3494 1817 3567 ple-

214 3589 464 3647 heculam
489 3589 753 3661 ejusmodi
778 3589 937 3646 minis
955 3589 1025 3646 ab
1045 3604 1110 3646 eo
1126 3590 1436 3646 exterritam
1469 3588 1633 3645 fuisse
1658 3589 1682 3644 ‘i

292 3683 561 3755 Cypriane
602 3682 886 3754 diligenter
925 3694 1216 3752 paruerunt
1239 3680 1479 3752 episcopi
1509 3692 1564 3737 et
1591 3678 1819 3752 presbyé

216 3777 321 3832 teri
363 3788 591 3847 quorum
622 3774 815 3831 vicaria
841 3790 1004 3847 opera
1034 3776 1232 3831 absens
1276 3774 1542 3841 utebatur,
1572 3784 1627 3830 et
1671 3770 1817 3829 Feli-

214 3870 493 3926 cissimum
513 3869 736 3941 ejusque
754 3871 1051 3942 praecipuos
1066 3878 1362 3926 sectatores
1387 3869 1820 3925 cxcetnmunica-

215 3978 368 4036 runt,
396 3980 455 4026 ut
476 3978 620 4041 patet
646 3984 712 4025 ex
739 3968 976 4039 Epistula
1025 3969 1166 4025 inter
1208 3965 1556 4040 Cyprianicas
1604 3980 1768 4019 xxxix
1799 4002 1816 4030 ,

214 4077 341 4135 qua:
369 4070 548 4118 tamen
575 4076 679 4116 non
704 4071 808 4117 tam
833 4060 1044 4116 videtur
1066 4074 1187 4116 esse
1200 4058 1452 4130 epistola,
1482 4072 1640 4128 quam
1669 4055 1821 4113 libel-

216 4158 303 4213 lus
344 4154 914 4211 cxcommuuicationis
944 4154 1156 4227 publice
1188 4153 1511 4224 propositus.

215 4293 461 4351 XVll.—
480 4310 698 4352 scmsua
728 4303 1041 4353 FELICISSIMI
1084 4309 1222 4351 suae
1258 4292 1357 4349 251
1395 4306 1820 4348 lNEUNTB—NO-

289 4404 463 4444 VATUS
486 4402 618 4443 UNUS
652 4386 724 4443 EX
772 4404 999 4453 QUINQUE
1040 4400 1399 4441 SCIIISMATICIS
1445 4398 1818 4440 PRESBYTERIS.

291 4511 364 4522 -—-
404 4498 470 4536 DE
503 4497 752 4536 EPISTOLA
788 4496 860 4536 x1.
889 4494 1148 4535 creatam.
1784 4472 1793 4477 ”

293 4640 411 4699 Non
436 4647 519 4698 est
543 4631 720 4711 operai
740 4639 968 4711 pretium
992 4638 1243 4696 refellere
1270 4652 1389 4711 qum
1412 4636 1481 4693 de
1506 4635 1824 4693 Felicissimi

217 4735 523 4793 sacerdotio
555 4736 731 4792 minus
765 4732 906 4790 belle
956 4733 1204 4802 opinatus
1232 4741 1315 4789 est
1353 4731 1635 4788 Baronins.
1671 4729 1825 4787 Hunc

217 4833 362 4887 enim
403 4827 595 4885 laicnm
645 4827 810 4886 fuisse
835 4843 957 4884 cum
987 4825 1215 4883 SCilistlla
1245 4826 1494 4883 conflavit
1514 4870 1528 4894 ,
1563 4824 1714 4881 testis
1741 4830 1845 4881 cst‘

219 4922 464 4994 locuples
487 4921 810 4995 Cyprianus,
842 4921 930 4993 qui
961 4918 1222 4977 Novatum
1256 4920 1333 4975 illi
1355 4919 1701 4976 diaconatum
1735 4919 1825 4975 iis-

221 5016 349 5073 dem
393 5012 874 5072 machinationibus
917 5012 1108 5086 quibus
1138 5024 1191 5070 ct
1220 5010 1516 5069 Novatiano
1544 5014 1826 5085 episcopa-

222 5118 356 5174 tum,
381 5109 697 5167 conciliasse
715 5108 950 5164 declarat
978 5125 993 5164 :
1031 5126 1050 5162 ι
1084 5108 1201 5179 ipse
1222 5114 1322 5172 est,
1354 5107 1521 5178 inquit
1542 5106 1644 5178 Ep.
1676 5122 1819 5175 xuv,

220 5202 310 5272 qui
369 5200 760 5257 Felicissimum
803 5198 1085 5256 satellitem
1133 5214 1286 5256 suum
1338 5197 1669 5264 diaconum,
1727 5210 1827 5252 nec

222 5292 567 5365 permittente
597 5307 716 5362 me,
756 5306 855 5349 nec
880 5292 1085 5349 sciente
1106 5332 1122 5359 ,
1177 5304 1274 5348 sua
1302 5293 1526 5347 factione
1550 5301 1607 5347 et
1657 5289 1827 5345 ambi-

232 5385 375 5441 tione
403 5385 803 5443 censtituit.....
832 5383 933 5452 Qui
965 5383 1082 5439 istic
1105 5382 1363 5441 adversus
1405 5384 1686 5440 ecclesiam
1707 5384 1825 5440 dia-

234 5491 428 5534 conum
479 5476 708 5545 fccerat,
758 5475 869 5533 illic
897 5475 1206 5547 episc0pum
1246 5476 1553 5532 constituit.
1594 5493 1615 5529 ι
1659 5475 1828 5533 Porro

142 5564 145 5565 ⁷
234 5569 347 5626 lucc
393 5568 659 5627 ordinatio
703 5567 821 5627 fieri
877 5583 983 5622 non
1033 5566 1203 5639 potuit
1259 5568 1360 5622 nisi
1408 5577 1530 5639 post
1582 5576 1826 5639 apertum

201 5661 493 5729 ‘scltiszna;
540 5677 642 5721 nec
684 5661 788 5718 ulla
837 5673 1059 5733 prorsus
1103 5659 1308 5717 ratione
1356 5672 1476 5716 eam
1509 5660 1830 5719 Pearsonius

228 5766 354 5811 ante
395 5753 625 5812 schisma
655 5754 914 5824 collocat,
960 5768 1082 5811 cum
1133 5751 1455 5825 Cyprianus,
1495 5762 1553 5809 ut
1579 5753 1832 5812 observat

236 5844 633 5918 'l‘iilcmontius,
685 5846 786 5904 hoc
832 5846 1040 5903 facinus
1091 5861 1198 5902 non
1237 5852 1517 5902 recenseat
1542 5844 1683 5902 inter
1708 5861 1830 5903 scc-

234 5936 342 5997 lera
365 5938 677 6002 Felicissimi
708 5940 785 6014 (in
813 5939 1199 6013 Ep.‘sxvvtu).~
1233 5937 1351 6012 Ipse
1384 5938 1545 5997 etiam
1572 5936 1831 6014 Novatus,

1394 390 1555 454 VlTA
1592 392 1840 455 SANCTI
1876 346 2227 456 CYPNIANI.

3425 412 3529 473 H8

1930 518 2032 575 etsi
2072 517 2158 574 fax
2188 524 2303 575 erat
2346 517 2487 575 illius
2517 518 2783 589 incendii,
2816 532 2968 577 suam
3001 529 3177 583 tamen
3230 527 3520 599 nequitiam

1926 610 2079 667 initio
2106 611 2410 668 schismatis
2435 611 2663 669 obscure
2693 611 2916 681 ferebat,
2947 630 3047 674 nec
3066 631 3186 674 sese
3214 632 3335 675 cum
3367 620 3513 679 Feli-

1922 706 2139 762 cissimo
2168 707 2341 777 palam
2372 715 2428 763 et
2459 714 2643 778 aperte
2668 706 3049 780 conjun‘gebat.
3080 710 3233 780 Quod
3261 712 3305 767 si
3332 711 3384 768 id
3414 728 3479 768 au
3499 745 3516 758 ο

1922 813 2016 855 sus
2058 798 2275 865 fuisset,
2333 798 2576 855 eamdem
2610 799 2865 855 subiissct
2911 803 3517 861 cxcommunicationem

1921 907 1986 950 ac
2012 893 2103 949 alii
2134 891 2450 948 Felicissimi
2499 896 2815 949 sectatores.
2871 893 2979 950 Nec
3023 894 3181 952 citius
3223 908 3368 951 anim
3411 896 3520 952 251

1922 987 2163 1055 ineunte,
2183 1000 2281 1041 nec
2298 984 2469 1041 serius
2488 984 2743 1041 collocari
2767 996 2941 1058 potest
2963 986 3064 1044 hoc
3083 988 3338 1045 schisma.
3358 988 3512 1059 Natu,

1924 1088 1983 1136 ut
2010 1079 2342 1136 demonstrat
2375 1078 2754 1135 Tillemontius
2777 1081 3045 1137 adversus
3063 1080 3407 1139 Pcarseniutn
3432 1083 3526 1155 qui

1924 1176 2055 1234 illud
2096 1175 2263 1234 refert
2305 1175 2371 1233 ad
2424 1188 2620 1233 annum
2663 1176 2793 1248 258,
2848 1178 3051 1235 nullum
3104 1194 3323 1251 prorsus
3354 1189 3527 1243 exstat

1923 1268 2228 1327 schismatis
2260 1270 2537 1344 vestigium
2578 1268 2630 1327 in
2675 1272 2920 1346 epistolis
2950 1289 3093 1329 anno
3122 1273 3230 1330 250
3277 1274 3523 1346 scriptis;

1924 1378 2025 1420 nec
2074 1356 2232 1436 hujus
2286 1364 2362 1421 rei
2414 1365 2657 1421 nuntium
2714 1364 2878 1421 ullum
2906 1364 3207 1439 Cyprianus
3247 1370 3528 1440 acceperat

1923 1470 2046 1513 cum
2093 1457 2354 1513 scriberet
2398 1456 2691 1528 Epistulam
2739 1470 2899 1514 xxxvi
2927 1499 2941 1525 ,
2986 1475 3105 1528 qua:
3162 1440 3528 1516 scitismaticis

1924 1551 2237 1624 erumpendi
2266 1554 2606 1609 occasionem
2634 1551 2798 1609 dedit.
2832 1537 3017 1625 Neque
3069 1532 3231 1609 etiam
3258 1556 3432 1611 serius
3459 1556 3527 1611 ab

1925 1647 2165 1703 Ecclesia
2195 1646 2390 1704 defecit
2431 1646 2831 1713 Felicissimus;
2866 1663 2991 1704 nam
3039 1648 3272 1720 quinque
3304 1648 3530 1720 presby-

1925 1739 2047 1805 teri,
2076 1738 2167 1811 qui
2197 1740 2338 1795 circa
2367 1740 2568 1795 Pascha
2595 1755 2715 1797 sese
2741 1740 3029 1807 nudarunt,
3048 1741 3158 1812 jam
3188 1741 3328 1797 illius
3350 1750 3530 1814 partes

1922 1828 2248 1903 aliquamdiu
2269 1831 2476 1889 occulte
2498 1828 2759 1890 foverant.

1996 1927 2264 1985 Statuerat
2324 1925 2625 2000 Cyprianus
2673 1927 2890 1988 Pascha
2924 1927 3081 2000 hujus
3134 1928 3258 1985 anni
3310 1927 3411 1985 251
3477 1929 3529 1984 in

1925 2020 2149 2077 ecclesia
2189 2034 2283 2076 sua
2328 2018 2607 2077 celebrare
2637 2036 2650 2075 :
2678 2021 2945 2093 pungebat
2981 2021 3123 2078 enim
3154 2021 3305 2079 illum
3340 2041 3361 2076 ‹
3387 2021 3533 2079 exsi-

1925 2110 2054 2165 lium
2073 2110 2181 2181 jam
2212 2110 2413 2168 biennii
2432 2154 2448 2181 ,
2480 2118 2535 2168 ct
2561 2126 2593 2169 a
2621 2111 2857 2168 vultibus
2883 2121 3042 2183 atque
3071 2113 3239 2169 oculis
3264 2112 3530 2185 (suorum)

1925 2204 2163 2278 lugubris
2192 2206 2480 2278 separatio,
2506 2204 2663 2263 dolor
2682 2204 2825 2279 jugis
2850 2215 2904 2262 et
2928 2207 3158 2278 gemitus
3177 2206 3270 2280 qui
3294 2222 3417 2264 eum
3443 2220 3534 2262 so-

1925 2297 2034 2353 lum
2081 2299 2332 2355 continua
2390 2298 2771 2356 lamentatiOnc
2819 2296 3217 2367 discruciahat,
3277 2298 3530 2372 lacrymzu

1924 2390 2112 2447 diebus
2134 2406 2195 2448 ac
2216 2388 2461 2448 noctibus
2482 2391 2828 2463 profluentes,
2853 2392 2994 2463 quod
3013 2390 3275 2448 sacerdoti
3299 2392 3528 2450 necdum

1923 2485 2290 2557 complexibus
2317 2485 2578 2559 (suorum)
2613 2483 2876 2541 inhaerere
2924 2502 2942 2537 ι
2999 2485 3335 2557 contingeret
3393 2484 3530 2558 (Ep.

1923 2576 2024 2651 XI).
2054 2578 2160 2635 Sed
2209 2577 2332 2634 huic
2352 2575 2559 2643 dolori,
2579 2593 2736 2649 quem
2759 2592 2882 2647 spes
2911 2577 3100 2632 maturi
3140 2578 3344 2634 reditus
3364 2578 3533 2635 lenic-

1924 2670 2035 2734 bat,
2068 2669 2313 2725 cumulus
2339 2668 2568 2726 accessit
2604 2668 2839 2741 quinque
2886 2669 3318 2742 presbyterorum
3363 2669 3531 2741 perfi-

1925 2763 2032 2831 dia,
2064 2763 2154 2835 qui
2186 2762 2240 2818 in
2278 2771 2522 2833 apertum
2561 2760 2814 2830 schisma,
2850 2761 2994 2834 quod
3041 2761 3241 2819 dudum
3270 2760 3531 2835 improbis

1925 2856 2118 2911 animis
2149 2852 2539 2925 parturiebant,
2571 2853 2788 2913 tandem
2814 2864 2939 2911 ante
2983 2854 3189 2911 Pascha
3220 2855 3378 2927 hujus
3400 2855 3529 2918 anni

1925 2955 2235 3020 eruperunt,
2266 2956 2323 3005 et
2345 2947 2670 3020 Cyprianum
2706 2946 2869 3003 minis
2897 2955 2952 3003 et
2979 2945 3189 3003 insidiis
3215 2947 3327 3004 suis
3351 2960 3418 3004 co
3439 2962 3529 3003 re.

1924 3040 2187 3113 degerunt
2218 3048 2275 3097 ut
2301 3040 2478 3097 redire
2503 3047 2629 3097 ante
2666 3037 2871 3095 Pascha
2902 3053 3007 3093 non
3034 3039 3275 3105 auderet,
3307 3054 3375 3095 ne
3415 3038 3532 3110 ipso

1924 3133 2244 3190 adveniente
2268 3152 2287 3187 ι
2316 3134 2572 3189 tumultus
2594 3132 2702 3188 illic
2726 3132 2900 3203 major
2926 3130 3176 3199 oriretur,
3208 3140 3407 3187 etcum
3440 3146 3533 3201 pa-

1923 3227 1973 3282 ci
2003 3236 2056 3284 et
2094 3226 2463 3298 tranquillitati
2512 3224 2795 3298 cpiscopus
2844 3223 3131 3296 providere
3176 3223 3231 3280 in
3279 3223 3529 3279 omnibus

1924 3320 2135 3389 debeat,
2190 3321 2306 3392 ipse
2335 3320 2614 3376 materiam
2640 3317 2887 3375 seditioni
2918 3315 3135 3373 dedisse
3178 3323 3235 3372 et
3280 3329 3533 3386 [lCI‘SCClh

1926 3415 2124 3471 tionem
2151 3414 2328 3470 denuo
2357 3413 2710 3469 cxacerbasse
2730 3410 3026 3467 videretur.
3066 3429 3086 3464 ι
3123 3408 3313 3483 (llud)

2000 3508 2245 3580 Quinque
2274 3507 2348 3564 illi
2403 3506 2725 3581 presbyteri,
2755 3521 2877 3562 cum
2905 3506 3015 3576 jatn
3062 3512 3219 3560 antea
3245 3502 3528 3574 conjuras-

1923 3610 2047 3658 sent
2091 3610 2276 3657 contra
2302 3600 2668 3672 episcopatum
2698 3597 2990 3672 Cypriani,
3032 3595 3370 3653 confessores
3398 3609 3532 3650 non-

1925 3693 2102 3751 nullos
2127 3710 2157 3749 a
2185 3694 2364 3751 debita
2395 3694 2650 3764 episcopo
2692 3689 2991 3748 reverentia
3034 3695 3352 3745 avocasscnt
3389 3694 3443 3742 et
3474 3686 3526 3740 in

1896 3768 2051 3843 'vitia
2104 3785 2453 3857 impegissent
2501 3780 2719 3855 prorsus
2766 3782 3071 3846 inhonesta,
3101 3778 3278 3851 palam
3318 3796 3339 3833 ι
3374 3791 3434 3835 se
3459 3776 3528 3832 ad

1923 3881 2195 3952 lapsorum
2228 3876 2519 3951 perniciem
2559 3884 2822 3934 venenata
2867 3890 2965 3932 sua
3005 3874 3323 3946 deceptione
3359 3883 3537 3930 verto-

1924 3979 2070 4041 runt,
2101 3985 2304 4043 eosque
2331 3986 2362 4027 a
2389 3970 2599 4027 medela
2643 3967 2880 4026 vulneris
2906 3966 2990 4023 sui
3036 3985 3057 4021 ι
3113 3973 3424 4035 avocarent,
3476 3976 3532 4021 ct

1876 4082 1879 4085 λ
1931 4083 1951 4119 α
1987 4063 2305 4122 intermissis
2333 4063 2581 4135 precibus
2595 4071 2651 4120 et
2672 4060 3022 4127 oratioiiibus,
3048 4058 3242 4132 quibus
3268 4058 3528 4114 Dominus

1924 4161 2081 4234 longa
2114 4170 2170 4218 et
2195 4163 2449 4218 continua
2491 4158 2851 4216 satisfactione
2878 4154 3205 4227 placandus,
3236 4152 3305 4210 ad
3331 4152 3525 4210 exitio-

1926 4268 2041 4309 sam
2085 4254 2440 4310 temeritatem
2484 4249 2766 4307 mendacio
2809 4247 3063 4320 captiosae
3084 4246 3231 4318 pacis
3268 4263 3289 4299 ι
3338 4245 3530 4303 ἰιινὶιιιο

1925 4354 2070 4405 runt.
2117 4346 2213 4403 llis
2253 4346 2415 4403 etiam
2457 4344 2756 4417 Cyprianus
2798 4341 3119 4400 Felicissimi
3160 4339 3416 4408 scitisma,
3470 4350 3531 4396 ut

1927 4436 2152 4497 occultis
2194 4438 2523 4503 auctoribus,
2556 4435 2820 4493 attribuit.
2871 4432 3128 4503 Quamvis
3164 4441 3244 4489 tot
3282 4431 3424 4489 mala
3460 4430 3530 4487 ab

1928 4531 2194 4606 ejusmodi
2218 4529 2522 4587 hominibus
2541 4540 2659 4586 orta
2688 4537 2899 4597 essent,
2936 4544 3044 4587 non
3089 4526 3310 4601 optabat
3352 4532 3530 4583 tamen

1928 4626 2248 4700 Cyprianus,
2304 4633 2364 4680 ut
2414 4638 2475 4681 sc
2526 4623 2669 4680 ultro
2712 4624 3005 4695 cjicercnt,
3047 4622 3146 4680 sed
3186 4621 3528 4688 sententiam,

1930 4740 2087 4798 quam
2113 4724 2258 4781 illius
2285 4720 2612 4794 indulgentia
2634 4719 2950 4792 effugerant,
2973 4719 3041 4775 de
3061 4732 3121 4776 se
3140 4719 3243 4790 ipsi
3269 4717 3527 4784 tulerunt,

1929 4828 1984 4874 et
2011 4818 2109 4874 «de
2135 4816 2231 4874 Dei
2259 4814 2652 4888 providentia»,
2685 4812 2788 4869 hoc
2816 4824 2918 4869 nec
2943 4812 3156 4868 volente
3185 4825 3286 4868 nec
3310 4816 3531 4881 cptante

1929 4911 2219 4983 Cypriane,
2267 4911 2434 4965 lmtno
2470 4916 2526 4965 et
2564 4907 2873 4978 ignoscentc
2918 4915 2971 4962 et
3002 4913 3229 4973 tacente,
3289 4922 3309 4956 ι
3345 4915 3530 4974 pinnas

1930 5016 2064 5075 quas
2107 5010 2422 5059 meruerant
2459 4998 2842 5071 rependeruut.
2876 5015 2897 5051 ι
2943 4997 3151 5071 (Ιόὶά.)
3183 4994 3345 5053 Miror
3397 5009 3531 5051 sane

1930 5094 2194 5153 Novatum
2232 5094 2288 5150 in
2333 5091 2618 5148 Annalibus
2660 5091 3077 5163 Cyprianiciscx
3108 5102 3334 5145 numero
3372 5087 3532 5157 quin—

1931 5204 2036 5261 que
2063 5187 2499 5261 prcshyterorum
2524 5184 2721 5256 eximi,
2748 5200 2870 5242 cum
2908 5183 3210 5259 Cyprianus
3254 5180 3323 5237 de
3367 5195 3434 5237 eo
3472 5180 3528 5236 in

1932 5281 2035 5353 Ep.
2082 5294 2207 5338 am
2239 5320 2255 5347 ,
2307 5278 2388 5335 sic
2451 5279 2734 5351 loquatur:
2778 5277 2967 5337 «idem
3010 5284 3095 5334 est
3144 5273 3378 5331 Novatus
3437 5275 3530 5345 qui

1933 5373 2072 5446 apud
2101 5387 2201 5430 nos
2227 5372 2453 5444 primum
2481 5370 2767 5430 discordia:
2798 5380 2855 5428 et
2893 5366 3195 5427 schismatis
3223 5364 3527 5422 incendium

1934 5465 2239 5534 seminavit,
2264 5465 2353 5537 qui
2375 5464 2636 5536 quosdam
2665 5465 2784 5521 istic
2802 5478 2870 5520 ex
2906 5458 3157 5517 fratribus
3180 5457 3248 5514 ab
3275 5457 3529 5530 episcopo
3592 5449 3597 5453 ’

1934 5544 2251 5631 segregavit,
2283 5556 2377 5628 qui
2414 5558 2469 5612 in
2512 5556 2629 5628 ipsa
2677 5550 3048 5626 persecutione
3091 5548 3160 5606 ad
3212 5549 3530 5607 evertendas

1935 5650 2157 5707 fratrum
2185 5658 2395 5707 mentes
2434 5648 2536 5703 alia
2566 5646 2809 5720 quaedam
2856 5641 3158 5714 persecutio
3180 5643 3382 5700 nostris
3405 5642 3527 5698 fuit.

1935 5743 2056 5816 Ipse
2079 5751 2165 5800 est
2186 5742 2277 5815 qui
2308 5740 2698 5798 FCliCiSeimum
2725 5736 3011 5793 satellitem
3036 5750 3193 5794 suum
3221 5735 3529 5804 diaconum,

1916 5852 2041 5895 nec
2065 5838 2408 5908 permittente
2436 5851 2523 5891 mc
2554 5849 2655 5891 nec
2679 5830 2916 5902 sciente,
2947 5845 3043 5889 sua
3075 5830 3306 5903 factione
3332 5836 3387 5886 et
3410 5843 3530 5884 am-

1946 5931 2150 5992 hitioue
2166 5929 2460 6003 constituit,
2482 5937 2589 5989 etc.
2615 5947 2636 5987 ι
2663 5926 2792 5991 Erat
2813 5926 2974 5992 etiam
2992 5942 3060 5991 es
3078 5924 3272 5988 eodem
3290 5938 3536 5998 numero,
