4050 6406
538 363 642 421 119

535 497 595 541 ιιι
623 494 846 544 testatur
867 486 1161 560 Cyprianus
1184 488 1235 544 in
1266 487 1438 560 Epist.
1472 503 1558 556 Lv,
1606 487 1949 558 Fortunatus,
1977 505 2138 561 quem

535 577 863 636 schismatiei
905 580 1420 653 pseudoepiscepum
1456 580 1926 654 Carthaginiensem
1954 591 2139 653 postea

539 679 808 726 crearunt.
847 671 961 726 Duo
987 671 1076 726 alii
1102 688 1220 726 non-
1239 673 1659 742 itnprobabiliter
1687 675 1736 728 in
1765 674 2012 728 eumdem
2043 692 2139 728 nu-

536 779 743 820 merum
770 766 989 820 veniunt
1031 765 1268 822 Donatus
1287 775 1342 821 et
1361 765 1593 822 Gordius
1616 809 1631 833 ,
1656 766 1723 822 de
1749 767 1942 837 quibus
1964 767 2138 838 agitur

536 857 590 912 in
618 857 788 928 Epist.
840 874 913 924 vi,
963 874 1025 913 ac
1067 859 1204 913 forte
1246 859 1407 914 etiam
1436 859 1621 929 quinto
1661 859 1779 913 loco
1817 857 1980 914 Gaius
2007 858 2134 914 Did-

536 948 738 1016 densis,
771 964 930 1020 quem
974 950 1271 1022 Cyprianus
1313 965 1342 1004 a
1373 950 1750 1006 communione
1773 965 1866 1005 sua
1893 961 2136 1007 removet

535 1058 633 1114 per
685 1043 977 1113 Epistulam
1025 1060 1211 1100 xxvm.
1263 1043 1503 1112 Quatuor
1545 1045 1864 1117 presbyteri,
1895 1045 2134 1101 Donatus

533 1147 588 1192 ct
639 1137 985 1202 Fortunatus,
1019 1137 1255 1193 Novatus
1290 1146 1344 1193 et
1390 1137 1643 1204 Gordius,
1690 1138 2018 1209 scripserant
2066 1139 2135 1195 ad

533 1229 858 1301 Cyprianmn
912 1231 1068 1299 paulo
1103 1239 1226 1284 ante
1273 1229 1506 1285 schisma
1549 1229 1867 1285 Felicissimi
1895 1249 1908 1286 :
1936 1246 2038 1302 qua
2065 1231 2133 1286 de

533 1339 594 1379 re
623 1323 934 1394 scripserint
963 1339 1066 1378 non
1099 1323 1296 1378 indicat
1322 1322 1653 1394 Cyprianus,
1685 1324 1782 1379 sed
1807 1323 2044 1380 declarat
2077 1341 2135 1382 sc

535 1415 641 1470 illis
688 1416 986 1471 rescribere
1035 1416 1210 1471 solum
1264 1431 1370 1470 non
1415 1416 1686 1488 potuisse,
1717 1417 1988 1486 quandoa
2027 1420 2136 1488 pri-

535 1507 744 1562 mordio
771 1507 1111 1578 episcopatus
1141 1517 1398 1564 statuerat
1438 1509 1568 1564 nihil
1598 1509 1714 1564 sine
1739 1510 1963 1564 consilio
2001 1512 2132 1567 clcri

535 1609 590 1656 et
609 1600 724 1656 sine
747 1617 1010 1656 consensu
1039 1601 1209 1672 plebis
1237 1616 1332 1658 sua
1358 1603 1605 1674 privatim
1631 1604 1892 1660 sententia
1920 1619 2130 1675 gerere.

533 1690 660 1764 (Ep.
688 1694 790 1765 Vl.)

606 1785 895 1858 Postquam
922 1787 987 1843 de
1013 1789 1245 1860 quinque
1267 1791 1704 1862 presbyterorum
1726 1792 1928 1849 scelere
1949 1792 2136 1850 didicit

531 1877 848 1951 Cyprianus,
880 1881 1095 1952 scripsit
1125 1881 1386 1938 universa:
1418 1884 1558 1954 plebi
1603 1885 1897 1955 Epistolam
1948 1903 2048 1953 ιι,
2079 1890 2133 1944 ἱη

533 1985 636 2042 qua
677 1973 1138 2030 schismaticorum
1183 1977 1472 2049 nequitiam
1505 1980 1699 2036 nativis
1734 1980 2003 2037 coloribus
2033 1981 2133 2038 de—

530 2063 738 2132 scribit,
773 2068 1028 2122 unitatem
1064 2067 1316 2124 Ecclesia:
1363 2070 1730 2140 demonstrat,
1759 2083 1811 2128 et
1847 2083 2050 2130 Stantes
2078 2083 2133 2130 et

529 2155 707 2226 lapsos
727 2156 996 2224 hortatur,
1043 2161 1172 2216 istos
1201 2163 1414 2232 quidem
1457 2173 1513 2218 ut
1538 2175 1900 2236 comparatam
1932 2167 1983 2221 in
2008 2183 2129 2238 per-

529 2249 808 2304 secutione
835 2250 1045 2306 laudem
1076 2263 1346 2322 tueantur,
1378 2255 1478 2310 hos
1507 2272 1634 2311 vero
1671 2267 1727 2312 ut
1762 2276 1780 2308 ι
1810 2260 1861 2312 in
1896 2260 2128 2316 secunda

529 2342 630 2397 hac
658 2345 949 2401 tentatiene
979 2347 1091 2418 Spei
1118 2356 1173 2402 et
1201 2351 1315 2418 paci
1355 2365 1466 2405 sua:
1497 2351 1724 2407 ﬁdeliter
1753 2371 1772 2405 ›
1804 2354 2084 2409 consu!ant
2112 2372 2126 2421 ;

528 2439 744 2494 tandem
777 2439 1011 2496 declarat
1046 2445 1430 2513 persecutionis
1474 2447 1816 2502 novissimam
1846 2449 1985 2504 hanc
2009 2466 2130 2507 esse

525 2543 581 2588 et
607 2545 900 2591 extremam
935 2539 1301 2608 tentationem,
1331 2559 1348 2590 ι
1379 2556 1497 2611 qua:
1534 2550 1590 2596 et
1625 2543 1738 2613 ipsa
1775 2544 1900 2609 cito,
1935 2546 2126 2617 inquit,

534 2629 759 2684 Domine
810 2640 1124 2701 protegente
1175 2633 1440 2700 transibit,
1491 2644 1546 2688 ut
1593 2646 1954 2708 reprazsenter
1979 2638 2130 2695 vobis

531 2733 651 2790 post
681 2723 899 2779 Pascha:
931 2726 1072 2781 diem
1104 2741 1224 2781 cum
1257 2727 1478 2800 collegis
1501 2730 1652 2788 meis.
1677 2751 1696 2784 ι
1719 2733 1981 2791 Observat
2021 2737 2131 2793 Til-

528 2815 815 2898 lemuntius
870 2820 1150 2889 scripsisse
1197 2823 1359 2877 etiam
1385 2839 1447 2878 ea
1478 2823 1547 2878 de
1586 2841 1646 2880 re
1687 2825 2015 2898 Cypriamtm
2060 2832 2128 2888 ad

527 2892 751 2977 clerum,
783 2913 875 2968 sed
913 2915 1189 2985 epistolam
1217 2918 1284 2972 ad
1310 2934 1408 2974 nos
1449 2933 1554 2974 non
1603 2923 1926 2991 pervenisse.
1967 2925 2129 2981 Com-

528 3019 792 3063 memorat
834 3009 978 3066 enim
1008 3009 1305 3082 Cyprianus
1347 3013 1398 3068 in
1444 3013 1616 3084 Epist.
1648 3032 1759 3070 xw
1814 3017 2018 3074 litteras
2058 3021 2128 3076 ad

528 3102 732 3159 clerum
764 3113 816 3159 et
841 3105 907 3159 ad
940 3105 1147 3175 plebem
1172 3105 1240 3160 de
1274 3105 1608 3162 Felicissimo
1652 3123 1715 3162 ac
1754 3107 1820 3164 de
1855 3111 1969 3178 ejus
1999 3126 2126 3179 pre-

527 3196 763 3268 sbyterio
784 3213 812 3250 a
835 3214 894 3254 se
923 3201 1170 3271 scriptas,
1201 3217 1320 3273 quae
1348 3209 1406 3258 et
1447 3201 1836 3259 ordinationem
1866 3217 1922 3262 et
1961 3209 2127 3264 ratio-

524 3308 647 3347 nem
681 3295 756 3348 rei
786 3305 950 3366 gesta:
979 3296 1352 3368 loquebantur.

523 3427 946 3490 XVlll.——nr.ntr
975 3452 1256 3493 cvrmaxus
1278 3453 1673 3495 rcnsscunoxc
1697 3453 1902 3505 sema,
1921 3454 1989 3493 ET
2016 3453 2124 3494 cunt

593 3541 845 3584 COLLEGIS
880 3546 1182 3586 DELIBERAT
1227 3549 1294 3588 DE
1321 3548 1488 3589 CAUSA
1517 3549 1787 3591 LAPSORUM
1813 3551 1826 3600 ;
1857 3551 1955 3591 SED
1985 3551 2122 3590 ANTE

592 3635 873 3678 CONCILIUM
901 3637 1103 3680 SCRIBIT
1125 3621 1317 3681 LIBRUM
1346 3643 1412 3681 DE
1444 3642 1640 3683 LAPSIS.

595 3760 704 3814 Pax
752 3761 1006 3817 divinitus
1063 3764 1323 3833 promissa
1373 3779 1497 3819 cum
1551 3766 1795 3822 ecclesia:
1860 3766 2124 3824 Africana:

521 3852 736 3908 tandem
767 3855 1052 3926 aliquando
1078 3855 1384 3921 aﬁ‘ulsisset,
1415 3857 1612 3926 prodiit
1640 3869 1759 3929 post
1787 3859 1989 3916 Pascha
2018 3861 2124 3933 Cy-

520 3948 740 4018 prianus
767 3963 796 4002 e
820 3964 1055 4016 secessu,
1095 3951 1146 4004 in
1175 3966 1280 4021 quo
1309 3965 1507 4004 annum
1533 3952 1643 4022 jam
1674 3964 1728 4008 et
1760 3963 1988 4024 quatuor
2013 3956 2123 4011 eir-

523 4041 658 4096 eitcr
703 4058 915 4096 menses
964 4043 1178 4098 latebat.
1232 4043 1663 4100 Persecutiouem
1713 4049 1942 4118 sepitam
1994 4059 2121 4105 tunc

525 4136 690 4191 fuisse
716 4137 790 4190 ait
838 4135 891 4190 in
919 4136 1085 4207 Epist.
1135 4151 1228 4203 LII,
1274 4137 1496 4193 omnino
1525 4139 1766 4195 sedatam
1805 4141 1970 4198 fuisse
2013 4160 2119 4200 non

524 4232 672 4288 dicit.
707 4233 936 4296 Revera,
973 4235 1228 4302 quamdiu
1259 4234 1392 4291 vixit
1422 4230 1636 4302 Decius,
1667 4236 1786 4305 ejus
1831 4236 2122 4295 crudelitas

524 4339 738 4398 semper
797 4329 1082 4384 metuenda
1123 4329 1222 4385 fuit
1259 4330 1601 4388 Christianis.
1652 4332 1786 4388 Hinc
1836 4333 2123 4389 Cornelius

523 4435 682 4490 papa,
724 4435 912 4476 mense
959 4421 1117 4477 Junio
1168 4422 1391 4490 electus,
1439 4425 1659 4480 sedebat
1694 4443 1714 4477 ι
1750 4424 2048 4495 intrepidus
2073 4445 2118 4493 ι,

522 4522 663 4571 teste
714 4513 981 4586 Cypriane
1034 4514 1136 4587 Ep.
1169 4531 1238 4572 ιιι
1287 4516 1513 4588 (p.69),
1562 4536 1580 4569 ι
1617 4518 1802 4574 Romae
1855 4519 1907 4574 in
1945 4533 2122 4574 sacer-

524 4607 689 4663 dotali
734 4607 1009 4674 cathedra,
1061 4623 1126 4663 eo
1160 4618 1400 4681 tempore
1442 4625 1564 4666 cum
1605 4620 1863 4683 tyrannus
1893 4611 2122 4668 infestus

522 4697 890 4754 sacerdotibus
949 4699 1043 4756 Dei
1095 4698 1251 4756 fanda
1294 4710 1455 4772 atque
1505 4701 1720 4758 infanda
1767 4705 2122 4760 comminare-

525 4802 630 4847 tur.
665 4809 684 4842 ι
717 4790 835 4846 Non
870 4791 1080 4848 videtur
1127 4807 1256 4863 ergo
1282 4792 1420 4850 hanc
1450 4808 1634 4864 pacem
1673 4793 1776 4849 alia
1813 4811 1899 4850 res
1936 4796 2120 4850 conci-

522 4889 701 4956 liasse,
731 4903 890 4960 quam
916 4889 1144 4960 injectus
1175 4890 1335 4946 Decio
1358 4899 1531 4947 metus
1551 4906 1583 4947 a
1609 4891 1775 4948 Lucio
1799 4891 2001 4958 Prisco,
2031 4891 2122 4962 qui

524 4999 646 5039 cum
693 4983 1020 5040 Macedonia:
1058 4993 1342 5053 praeesset,
1373 4984 1654 5055 imperium
1683 4993 2041 5057 occupaverat
2065 4987 2120 5040 in

521 5075 625 5131 hac
665 5076 972 5146 provincia,
1021 5085 1079 5132 et
1105 5077 1246 5132 vires
1285 5091 1410 5132 suas
1453 5093 1574 5132 cum
1614 5076 1804 5134 Gothis
1863 5076 2122 5135 adversus

523 5170 743 5227 Decium
771 5171 1141 5241 cenjunxerat.
1173 5169 1436 5226 Redeunti
1465 5169 1734 5242 Cypriane
1784 5171 2119 5227 lzetissimum

524 5263 885 5334 spectaculum
920 5262 1039 5329 fuit,
1069 5272 1124 5318 et
1153 5261 1411 5332 plurimos
1455 5261 1816 5330 confessores,
1843 5263 1899 5317 in
1929 5264 2120 5333 quibus

527 5367 584 5411 et
611 5355 846 5412 ﬁemina:
874 5366 930 5412 et
957 5355 1256 5427 virgineset
1283 5355 1432 5426 pueri
1456 5353 1760 5420 enitebant,
1791 5365 1841 5411 et
1869 5364 2117 5411 eceteram

431 5436 438 5440 ”
525 5449 782 5504 stantium
821 5449 1251 5515 multitudinem,
1293 5448 1484 5519 quibus
1523 5448 1654 5503 nihil
1683 5448 1812 5504 tanti
1844 5448 2015 5505 fuerat
2061 5460 2120 5506 ut

526 5543 868 5612 imperatoris
896 5544 1085 5600 edictis
1114 5550 1383 5614 parerent,
1428 5543 1480 5596 in
1513 5541 1740 5598 ecclesia
1769 5552 2118 5614 congregatos

523 5634 738 5689 intueri.
771 5633 876 5689 Sed
903 5651 1026 5690 eum
1048 5635 1405 5691 sollicitudine
1424 5634 1806 5705 distringebant
1828 5635 1982 5705 lapsi,
2011 5652 2116 5693 non

525 5728 601 5782 illi
631 5726 851 5798 quidem
891 5729 981 5799 qui
1029 5745 1155 5784 vere
1183 5738 1239 5785 et
1280 5743 1347 5785 ex
1377 5729 1556 5784 animo
1606 5729 1969 5798 ptenitentiam
1999 5745 2117 5786 am-

525 5818 667 5889 plexi
696 5818 936 5886 fuerant,
975 5835 1098 5875 nam
1133 5820 1248 5876 istis
1271 5819 1469 5875 mirum
1495 5820 1550 5875 in
1581 5819 1796 5876 modum
1824 5821 2118 5892 gratulatus

511 5920 691 5981 uerat,
725 5911 882 5985 eique
922 5913 1234 5972 ostenderat
1263 5915 1524 5977 Dominus
1558 5935 1576 5972 ι
1606 5915 1734 5989 quid
1760 5915 2031 5987 ejusmodi
2057 5926 2114 5974 et

1787 365 1947 422 Vl’l‘A
1989 364 2237 423 SARCTI
2275 366 2620 426 CYPRIANI.

3737 376 3858 446 120;

2249 491 2381 550 tales
2433 495 2571 550 servi
2625 494 2694 550 de
2746 494 2861 566 ejus
2919 494 3244 566 benignitate
3296 503 3686 565 mereantur»;
3742 497 3833 554 sed

2243 586 2330 657 qui
2360 601 2418 643 se
2445 589 2703 658 apostatis
2731 599 2785 645 et
2827 589 3046 662 perﬁdis
3090 589 3380 661 jnnxerant
3399 632 3414 658 ,
3438 600 3531 646 aut
3558 602 3830 662 peccatum

2241 695 2395 734 suum
2437 679 2578 736 furto
2606 681 2834 751 quedam
2863 682 3214 750 abscondere,
3243 693 3333 739 aut
3361 669 3634 755 cognit'um
3665 687 3835 756 pomi-

2243 776 2422 830 lClllltc
2473 773 2676 844 legibus
2713 775 3012 831 subducere
3067 777 3364 833 tentabant.
3409 777 3575 834 Paulo
3605 791 3723 849 post
3754 795 3835 835 re-

2240 866 2406 923 ditum
2430 869 2700 940 Cypriani.
2732 870 2895 925 multa
2922 871 3062 928 Deus
3082 872 3325 942 exempla
3356 871 3408 927 in
3439 887 3533 928 cos
3562 873 3835 928 constituit

2239 959 2349 1030 qui,
2381 975 2500 1014 eum
2537 971 2751 1031 peccata
2776 963 3147 1019 sacerdotibus
3171 963 3400 1020 confessi
3443 979 3548 1019 non
3576 963 3830 1032 fuissent,

2237 1051 2306 1107 ad
2332 1055 2762 1110 communionem
2787 1057 3046 1113 accedere
3073 1058 3187 1114 ausi
3219 1057 3458 1114 fuerant:
3489 1076 3508 1111 ι
3535 1059 3680 1114 Multi
3701 1075 3836 1130 quo-

2240 1146 2367 1202 tidie
2415 1149 2781 1218 pmnitentiam
2833 1166 2937 1206 non
2966 1162 3217 1221 agentes,
3250 1167 3350 1208 nec
3377 1153 3555 1209 delicﬁ
3586 1154 3666 1209 sui
3700 1168 3833 1209 con-

2238 1242 2516 1297 scientiam
2583 1244 2939 1311 conﬁtcntes,
2996 1247 3286 1301 immundis
3347 1247 3619 1319 Spiritibus
3669 1248 3836 1302 adimc

2241 1332 2542 1404 plebantur,
2587 1338 2739 1392 multi
2765 1353 2934 1409 usque
2959 1338 3026 1393 ad
3057 1339 3315 1396 insaniam
3352 1341 3547 1396 mentis
3574 1342 3834 1397 excordes

2236 1423 2522 1482 dementia:
2573 1425 2756 1484 furore
2793 1449 2811 1480 ι
2860 1430 3254 1501 quatiebantur.
3317 1430 3492 1486 Mult'c
3542 1432 3662 1488 alia:
3726 1435 3833 1488 ira-

2237 1519 2445 1576 cundia:
2491 1520 2686 1577 divina:
2722 1523 3062 1580 ostensiones
3103 1525 3155 1580 in
3183 1525 3445 1596 ejusmodi
3475 1525 3754 1593 homines,
3784 1535 3837 1582 ut

2237 1613 2491 1686 discimus
2521 1631 2588 1671 ex
2613 1616 2752 1672 libro
2772 1618 2836 1672 de
2862 1618 3066 1689 Leptis,
3086 1628 3195 1674 tmn
3213 1620 3423 1692 vigente
3441 1623 3832 1692 persecutione,

2237 1713 2346 1760 ttun
2376 1707 2538 1762 etiam
2568 1719 2688 1778 post
2725 1709 2976 1782 Cypriani
3015 1712 3276 1780 reditum,
3325 1715 3491 1770 edita:
3532 1717 3776 1781 fitertnit;
3806 1732 3834 1769 a

2235 1796 2428 1867 quibus
2455 1798 2750 1856 immunem
2779 1817 2884 1858 non
2900 1801 3061 1859 fuisse
3074 1806 3499 1876 narratpuellam
3522 1807 3831 1878 quamdam,

2235 1904 2415 1959 quam,
2445 1905 2476 1944 a
2499 1892 2704 1949 nutrice
2733 1893 2799 1950 ad
2816 1895 3098 1951 simulacra
3123 1896 3424 1965 deductam,
3450 1898 3766 1970 imprudens
3785 1909 3836 1954 ct

2235 1981 2472 2039 insciens
2512 1985 2667 2056 hujus
2716 1987 2793 2044 rei
2842 1999 3034 2058 mater,
3067 1991 3404 2048 sacrificante
3432 1993 3725 2066 Cypriane,
3783 1997 3832 2049 in

2233 2079 2513 2134 ecclesiam
2547 2081 2819 2139 intulerat.

2307 2173 2636 2230 Promiserat
2677 2177 2974 2249 Cyprianus
3004 2195 3063 2236 se
3093 2181 3161 2236 de
3198 2183 3468 2252 lapsorum
3497 2198 3654 2240 causa
3686 2228 3696 2249 ,
3728 2193 3838 2237 sta-

2234 2267 2326 2320 tim
2351 2281 2414 2322 ac
2443 2267 2710 2336 rediisset,
2743 2285 2866 2324 cum
2894 2273 3116 2344 collegis
3144 2274 3256 2329 suis
3297 2275 3425 2330 inita
3475 2277 3843 2346 subductaque

2233 2361 2440 2416 ratione
2467 2362 2828 2432 judicaturum
2849 2405 2864 2428 ,
2916 2384 2936 2418 ‹
2970 2377 3028 2421 ut
3057 2369 3330 2438 praepositi
3361 2373 3484 2439 cum
3529 2371 3678 2425 clero
3707 2386 3841 2424 eon-

2232 2456 2506 2511 venientes
2526 2498 2538 2521 ,
2583 2468 2848 2528 prtcseute
2877 2461 3130 2516 stantium
3168 2463 3322 2532 plebe
3347 2504 3362 2529 ,
3404 2465 3598 2535 quibus
3630 2475 3686 2519 ct
3713 2464 3844 2534 ipsis

2231 2562 2330 2618 pro
2371 2547 2474 2603 ﬁde
2515 2559 2569 2604 et
2613 2551 2806 2606 timore
2844 2567 2944 2607 suo
2987 2553 3160 2608 honor
3195 2555 3502 2622 habendus,
3550 2557 3844 2628 disponere

2231 2641 2407 2695 omnia
2445 2643 2654 2698 consilii
2703 2646 3001 2700 communis
3040 2646 3341 2717 religione»
3381 2658 3599 2719 possent
3636 2650 3842 2720 (Epist.

2230 2735 2366 2809 xw).
2420 2734 2534 2790 Non
2562 2734 2732 2792 defuit
2760 2738 3074 2808 Promissis;
3117 2739 3213 2794 sed
3263 2739 3494 2804 videtur,
3544 2748 3840 2810 antequam

2230 2829 2515 2886 concilium
2548 2830 2869 2898 haberetur,
2902 2832 3093 2888 librum
3126 2832 3190 2886 de
3218 2831 3405 2902 Lapsis
3431 2833 3715 2902 scripsisse
3735 2876 3751 2899 ,
3789 2844 3841 2888 ut

2233 2925 2507 2995 lapsorum
2537 2929 2751 2983 animos
2771 2928 2839 2982 ad
2868 2928 3080 2984 concilii
3102 2927 3340 2996 decreta,
3367 2938 3426 2982 ut
3449 2942 3546 2998 par
3559 2937 3696 2993 erat,
3723 2943 3843 2984 sus-

2229 3018 2476 3088 cipienda
2517 3029 2865 3089 prtepararet.
2900 3019 3053 3074 Hunc
3075 3028 3259 3076 tamen
3295 3020 3489 3075 librum
3515 3020 3841 3076 Pearsonius

2229 3118 2352 3179 post
2380 3110 2522 3165 Decii
2556 3121 2780 3167 mortem
2809 3121 2864 3166 et
2891 3120 3077 3166 auctor
3108 3110 3529 3167 Observationum
3559 3114 3610 3168 in
3640 3112 3839 3166 Biblio-

2232 3204 2429 3257 thecam
2470 3203 2664 3273 Dupim‘
2709 3215 2830 3274 post
2853 3206 3144 3261 concilium
3172 3205 3596 3278 Carthaginiense
3619 3224 3839 3278 compe-

2229 3295 2390 3349 situm
2437 3296 2765 3352 existimant.
2797 3297 2967 3368 Negat
2996 3293 3286 3370 utrumque
3312 3300 3687 3358 Tillemontius
3717 3319 3837 3372 gra-

2231 3389 2466 3445 vissimis
2495 3390 2563 3446 de
2592 3391 2788 3448 causis.
2821 3391 2900 3447 Ac
2943 3393 3116 3463 primo
3145 3393 3359 3462 quidem
3393 3393 3497 3450 hoc
3524 3405 3838 3466 argumento

2228 3482 2394 3537 utitur
2417 3483 2676 3538 adversus
2702 3483 3070 3550 Pearsonium,
3099 3485 3262 3555 quod,
3295 3501 3416 3541 cum
3446 3487 3671 3541 Romani
3704 3502 3833 3541 con-

2227 3577 2462 3635 fesseres
2491 3577 2683 3635 eodem
2721 3592 2909 3634 mense
2936 3594 3044 3645 quo
3084 3589 3259 3634 caesus
3287 3589 3371 3635 est
3410 3580 3601 3636 Decius
3621 3623 3637 3648 ,
3665 3580 3724 3634 in
3750 3594 3835 3634 ec-

2227 3673 2448 3729 clesiam
2481 3672 2758 3738 redierint,
2791 3671 2927 3728 liber
2954 3673 3054 3728 iste
3084 3674 3147 3728 de
3175 3673 3379 3746 Lapsis,
3404 3675 3492 3746 qui
3513 3674 3580 3730 ad
3593 3689 3689 3730 eos
3717 3683 3834 3729 ante

2232 3768 2461 3824 reditum
2493 3769 2546 3823 in
2579 3768 2877 3824 Ecclesiam
2915 3767 3070 3823 simul
3099 3783 3218 3823 cum
3246 3769 3382 3824 libro
3409 3771 3471 3823 de
3500 3769 3706 3824 Unitate
3734 3768 3833 3822 Ec-

2227 3861 2396 3916 cleaia:
2423 3861 2621 3916 missus
2662 3870 2780 3925 est,
2808 3870 2930 3930 post
2955 3870 3183 3916 mortem
3230 3862 3372 3916 Decii
3403 3861 3551 3932 rejici
3583 3877 3687 3916 non
3717 3876 3834 3932 pose

2227 3956 2316 4010 sit.
2353 3956 2632 4025 Repugnat
2660 3957 2804 4010 enim
2837 3966 2893 4010 ut
2929 3957 2981 4010 in
3014 3971 3176 4010 unum
3215 3965 3270 4011 et
3297 3957 3546 4012 eumdem
3592 3971 3829 4012 mensem

2227 4060 2305 4106 tot
2333 4050 2566 4121 insignes
2591 4060 2817 4105 eventus
2858 4049 3230 4119 conjiciantur,
3273 4049 3449 4104 caedes
3485 4041 3668 4116 Decii,
3699 4065 3831 4104 nun-

2229 4145 2330 4200 tius
2361 4145 2520 4214 hujus
2547 4146 2624 4199 rei
2655 4145 2708 4198 in
2734 4158 2922 4198 omnes
2947 4143 3271 4213 provincias,
3298 4157 3396 4212 pax
3423 4142 3701 4206 Ecclesiae,
3730 4142 3829 4196 duo

2228 4238 2346 4294 libri
2375 4253 2404 4292 a
2435 4237 2548 4308 Cyp
2566 4237 2716 4292 riano
2745 4236 2928 4307 scripti
2956 4245 3012 4291 et
3048 4236 3276 4291 Romam
3306 4235 3494 4303 missi,
3526 4250 3589 4291 ac
3617 4235 3824 4290 confes-

2227 4347 2413 4388 sorum
2461 4331 2671 4387 reditus
2724 4332 2776 4386 in
2841 4330 3139 4386 Ecclesiam
3209 4329 3294 4384 his
3350 4328 3498 4384 libris
3559 4328 3823 4399 perlectis.

2226 4425 2576 4480 Pearsonium
2605 4431 2889 4478 moverunt
2914 4437 3033 4493 qua:
3063 4420 3354 4476 initiolibri
3386 4421 3651 4491 leguntur,
3679 4440 3696 4472 ι
3717 4421 3824 4492 Ope

2225 4524 2384 4586 atque
2411 4516 2612 4570 ultione
2659 4513 2843 4569 divina
2884 4513 3145 4570 securitas
3189 4522 3369 4567 nostra
3397 4523 3644 4582 reparata
3680 4523 3777 4569 est.
3801 4531 3816 4561 ι

2227 4607 2306 4664 Ex
2336 4609 2529 4678 quibus
2561 4607 2833 4663 concludit
2851 4606 2964 4676 jam
2992 4617 3102 4661 tum
3135 4605 3354 4661 Decium
3385 4616 3590 4661 vexatae
3612 4606 3819 4675 religie-

2226 4686 2650 4756 nis'christiana:
2680 4712 2867 4768 pteuas
2892 4696 3129 4753 dedisse.
3161 4695 3423 4753 Observat
3459 4696 3819 4752 Tillemnntius

2227 4791 2445 4850 Decium
2473 4791 2622 4846 Lucii
2652 4789 2823 4846 Prisci
2849 4789 3150 4846 defectione
3180 4798 3234 4846 et
3255 4788 3554 4844 Gothorum
3587 4803 3819 4859 progres-

2225 4887 2376 4943 sibus
2395 4885 2473 4940 sic
2500 4883 2814 4956 impeditum
2845 4883 3011 4938 fuisse
3031 4924 3046 4950 ,
3077 4892 3135 4937 ut
3161 4881 3270 4952 jam
3303 4891 3414 4936 tum
3445 4882 3583 4936 Deus
3609 4881 3814 4952 sangui-

2225 4995 2348 5035 nem
2375 4977 2804 5034 Christianorum
2853 4975 3139 5032 manifeste
3165 4975 3530 5040 ulcisceretur,
3561 4985 3616 5030 et
3643 4988 3814 5045 pacem

2226 5072 2278 5128 in
2304 5073 2531 5130 ecclesia
2556 5073 2746 5128 saltem
2771 5071 3020 5128 Africana
3045 5071 3424 5126 constitueret.
3458 5069 3656 5125 Verum
3687 5069 3814 5124 indi-

2224 5185 2385 5240 gnum
2413 5169 2686 5227 existimat
2721 5167 3013 5239 Cypriane,
3041 5165 3200 5236 utqui
3226 5179 3322 5236 pro
3349 5165 3672 5236 imperatore
3692 5176 3812 5235 quo-

2226 5265 2353 5322 tidie
2378 5264 2713 5337 precabatur,
2733 5264 2784 5318 in
2808 5261 2949 5316 illius
2969 5260 3274 5316 calamitate
3300 5259 3612 5315 exsultarct.
3644 5257 3809 5324 Quare

2225 5359 2342 5415 hmo
2366 5359 2527 5414 verba
2557 5365 2650 5412 aut
2678 5372 2707 5410 a
2748 5354 3015 5428 Cypriane
3043 5361 3162 5424 post
3192 5350 3339 5408 Decii
3366 5359 3592 5406 mortem
3618 5349 3806 5413 addita,

2223 5462 2315 5509 aut
2357 5452 2423 5507 ad
2461 5450 2800 5522 proconsulis
2842 5447 3196 5519 supplicium,
3241 5455 3335 5502 aut
3365 5447 3527 5501 alium
3578 5443 3808 5516 quemvis

2223 5555 2471 5602 eventqu
2526 5542 2808 5599 referenda
2859 5541 3178 5611 suspicatur.
3223 5535 3330 5594 Sed
3374 5554 3479 5593 non
3523 5537 3676 5593 video
3723 5547 3807 5590 cur

2221 5639 2471 5712 Cypriani
2510 5636 2673 5692 verba
2702 5636 2768 5692 de
2797 5637 2914 5706 ipso
2943 5635 3102 5690 Decio
3130 5632 3367 5688 nondum
3392 5633 3616 5704 imperio
3631 5642 3687 5688 et
3710 5632 3802 5686 vita

2221 5732 2468 5803 spoliato,
2493 5729 2586 5785 sed
2611 5729 2720 5799 jam
2757 5737 3064 5798 Oppugnato
3111 5725 3449 5796 interpretari
3493 5733 3799 5779 metuamus.

2223 5824 2363 5881 Nihil
2383 5823 2595 5879 vetabat
2621 5822 2905 5892 quominus
2935 5819 3265 5892 Cyprianus,
3306 5819 3406 5874 etsi
3436 5832 3533 5888 pro
3579 5817 3800 5887 impera-

2225 5927 2340 5977 tore
2364 5915 2601 5988 quotidie
2632 5915 2966 5985 precabatur,
2994 5913 3132 5969 illius
3156 5923 3331 5968 tamen
3365 5909 3717 5969 ealamit-item
3740 5919 3795 5962 cx
