4050 6402
191 376 301 434 121

196 495 403 552 ultione
430 492 608 550 divina
639 501 946 565 repeteret,
992 507 1112 549 cum
1154 494 1451 565 prtesertim
1491 495 1665 567 ipsum
1702 495 1802 552 De-

195 588 342 646 cium
382 604 488 646 non
526 588 782 661 appellet,
806 603 907 645 nec
930 588 985 645 in
1010 604 1133 645 eum
1162 589 1449 661 quidquam
1480 588 1623 646 dieat
1650 604 1805 661 aspe—

198 682 334 738 rius.
362 682 569 739 Mortuo
591 679 753 739 Decio
773 681 933 753 longe
974 680 1343 760 vehementior
1370 680 1486 748 fuit,
1516 690 1571 736 ut
1621 680 1807 738 videre

197 778 357 833 estin
396 776 635 849 Epistola
672 775 742 830 ad
781 776 1160 844 Antonianum,
1205 774 1293 830 ubi
1335 785 1609 847 tyrannum
1654 774 1802 831 illum

197 878 357 926 vocat
400 869 623 942 ejusque
668 868 1036 925 crudelitatem
1081 867 1356 940 depingit,
1394 867 1530 924 adeo
1561 875 1619 923 ut
1664 869 1805 938 quod

197 978 307 1019 una
334 963 521 1019 vocula
550 964 600 1019 in
627 962 764 1018 libro
792 962 855 1017 de
898 961 1083 1034 Δαρεῖε
1116 971 1402 1019 contentus
1457 962 1575 1030 fuit,
1628 976 1802 1034 eaque

196 1064 314 1113 tam
368 1057 496 1126 leni,
542 1056 596 1113 id
635 1066 951 1129 argumento
992 1071 1111 1114 esse
1154 1056 1348 1123 debeat
1382 1056 1600 1114 Decium
1629 1055 1805 1114 adhuc

200 1169 477 1226 regnasse.

274 1247 393 1304 Non
419 1247 687 1306 difficilius
716 1246 971 1318 probatur
1001 1246 1195 1303 librum
1224 1248 1288 1302 de
1312 1245 1499 1319 Lapsis
1524 1256 1649 1303 ante
1676 1262 1804 1304 con-

198 1343 382 1399 cilium
408 1342 830 1414 Cartbaginense
859 1340 1117 1412 scriptum
1145 1339 1331 1397 fuisse.
1366 1339 1588 1397 Concilii
1615 1339 1806 1396 decre-

199 1443 255 1490 ta
308 1449 567 1506 nusquam
618 1433 673 1491 in
715 1433 980 1491 hoclibro
1022 1440 1421 1491 memorantur:
1474 1432 1802 1489 Libcilaticis

197 1540 456 1582 concessa
488 1541 589 1598 pax
628 1526 683 1609 in
710 1526 956 1582 concilio.
1004 1525 1075 1581 At
1107 1539 1212 1581 non
1248 1524 1424 1581 solum
1457 1523 1803 1583 Libellaticos

196 1622 499 1695 Cyprianus
531 1621 585 1677 in
634 1620 739 1677 hoc
777 1620 936 1687 libro,
974 1620 1067 1676 sed
1094 1634 1189 1677 eos
1212 1619 1374 1676 etiam
1408 1638 1428 1673 ι
1464 1619 1556 1691 qui
1597 1619 1666 1676 de
1696 1619 1802 1677 hoc

196 1715 287 1771 vel
311 1714 706 1787 cogitaverunt,
736 1713 1015 1770 ihortatur
1044 1721 1098 1767 ut
1125 1727 1234 1770 non
1263 1724 1476 1771 cessent
1504 1713 1559 1769 in
1593 1732 1610 1766 ι
1632 1728 1800 1785 agen-

194 1810 266 1866 da
308 1809 618 1881 paenitentia
646 1817 807 1879 atque
846 1808 902 1865 in
949 1808 1161 1864 Domini
1201 1808 1571 1865 misericordia
1605 1807 1803 1880 depre-

191 1903 367 1959 canda
389 1945 404 1970 ,
437 1917 504 1958 ne
529 1901 671 1974 quod
700 1902 876 1958 minus
915 1916 1036 1958 esse
1064 1901 1118 1957 in
1161 1896 1417 1973 qualitate
1443 1900 1621 1958 delicti
1653 1901 1800 1958 vide-

191 2004 306 2062 tur,
339 1995 393 2050 in
421 1994 659 2066 neglecta
713 1994 1079 2051 satisfactione
1123 1993 1443 2053 cumuletur.
1471 2012 1492 2046 ι
1524 1992 1793 2065 Scriptum

184 2104 317 2147 esse
342 2089 535 2145 librum
560 2089 701 2145 inter
722 2088 889 2160 prima
916 2087 1139 2145 reddita:
1159 2087 1307 2159 pacis
1334 2086 1526 2159 gaudia
1552 2104 1619 2145 ex
1648 2088 1800 2145 initio

188 2191 344 2254 patet
370 2200 382 2237 :
418 2202 437 2235 ι
464 2182 573 2238 Pax
597 2196 746 2249 ecce,
776 2181 1108 2238 dileCtissimi
1137 2178 1357 2249 fratres,
1386 2179 1644 2238 Ecclesia:
1675 2180 1797 2237 red-

180 2275 305 2331 dita
334 2285 448 2343 est,
479 2284 535 2331 ct
572 2275 714 2347 quod
754 2264 970 2331 difficile
1002 2288 1175 2345 nuper
1208 2272 1498 2330 incredulis
1547 2282 1604 2329 et
1633 2274 1796 2345 perfi-

179 2368 279 2423 dis
320 2368 650 2440 impossibilc
680 2367 979 2436 videbatur,
1012 2382 1122 2438 ope
1169 2375 1329 2439 atque
1369 2365 1571 2422 ultione
1615 2366 1794 2423 divina

175 2464 452 2521 securitas
497 2474 680 2521 nostra
746 2476 989 2537 reparata
1046 2473 1199 2521 est...
1250 2482 1263 2519 :
1322 2473 1607 2535 exoptatus
1657 2463 1795 2520 votis

176 2563 428 2619 omnium
484 2560 602 2617 dies
652 2560 890 2636 venit....
940 2559 1313 2627 Confessores,
1343 2559 1615 2631 praeconio
1667 2560 1795 2615 boni

178 2656 423 2713 nominis
460 2654 636 2710 claros
665 2662 717 2710 et
746 2654 962 2709 virtutis
986 2668 1050 2709 ac
1084 2653 1205 2708 fidei
1235 2652 1480 2707 laudibus
1506 2651 1793 2722 gloriosos,

180 2749 326 2804 lattis
354 2748 734 2819 conspectibus
772 2746 1061 2811 intuemur,
1109 2745 1310 2801 sanctis
1357 2744 1555 2800 osculis
1607 2744 1792 2800 adhae-

173 2851 402 2904 rentes,
448 2841 781 2897 desideratas
830 2839 920 2895 ditt
973 2838 1282 2910 inexplebili
1312 2838 1601 2910 cupiditate
1641 2853 1792 2894 com-

176 2934 495 3007 plectimur.
517 2932 682 2990 Adest
712 2933 940 2989 militum
957 2931 1362 2990 Christicohors
1381 2932 1627 3003 candida,
1647 2942 1787 2989 etc.»

179 3027 414 3083 Videtur
458 3043 585 3097 ergo
624 3028 760 3083 liber
804 3027 868 3081 de
906 3026 1091 3099 Lapsis
1129 3028 1270 3084 viam
1315 3028 1571 3085 srravisse
1607 3028 1791 3085 conci-

173 3121 256 3177 lio
283 3120 689 3192 Carthaginiensi
710 3162 727 3189 ,
759 3119 901 3193 quod
927 3121 1090 3193 paulo
1118 3131 1237 3193 post
1263 3120 1497 3178 reditum
1534 3122 1788 3195 Cypriani

169 3216 420 3272 habitum
451 3223 552 3271 est.
591 3215 774 3271 Mense
803 3214 944 3270 maio
972 3212 1130 3286 hujus
1154 3216 1279 3271 anni
1303 3216 1403 3272 9.51
1434 3216 1729 3273 collocatur
1756 3232 1787 3273 a

169 3310 494 3379 Pearsonio,
528 3310 686 3382 idque
711 3325 833 3367 cum
863 3310 1041 3367 verbis
1069 3311 1316 3383 Cypriani
1349 3311 1573 3383 quadrat
1598 3329 1613 3367 :
1642 3331 1662 3365 ι
1690 3312 1787 3370 Se-

173 3401 419 3458 cundum
445 3403 586 3475 quod
617 3412 791 3460 tamen
822 3412 946 3460 ante
992 3402 1164 3461 fuerat
1207 3404 1567 3471 destinatum,
1615 3406 1789 3478 inquit

175 3497 359 3568 Epist.
410 3514 481 3555 ιιι
533 3498 611 3571 (p.
659 3496 771 3571 67),
831 3498 1203 3567 persecutione
1245 3499 1451 3571 sopita,
1492 3514 1614 3555 cum
1661 3498 1785 3555 data

170 3600 327 3648 esset
373 3590 593 3646 facultas
636 3591 687 3646 in
728 3606 888 3646 unum
929 3590 1318 3658 conveniendi,
1372 3593 1624 3664 copiosus
1666 3593 1785 3663 epi-

166 3700 464 3756 scopornm
519 3699 804 3753 numerals,
862 3700 999 3754 quos
1072 3685 1307 3756 integros
1372 3693 1428 3741 et
1488 3684 1782 3742 incolumes

168 3781 310 3837 fides
356 3796 451 3836 sua
499 3789 555 3836 ct
596 3779 804 3836 Domini
835 3779 999 3836 tutela
1040 3779 1302 3852 protexit,
1354 3779 1407 3836 in
1438 3796 1600 3836 unum
1647 3795 1780 3836 con-

170 3874 445 3931 venimus.
488 3894 507 3927 ι
543 3873 792 3931 Adfuisse
838 3874 1181 3948 presbyteros
1232 3883 1287 3931 et
1330 3873 1586 3930 diaconos
1637 3882 1783 3945 patet
1838 3940 1854 3955 θ

165 3985 237 4025 ex
262 3968 571 4039 oEpist.Lv.
597 3968 749 4036 Quod
791 3969 868 4025 ait
916 3968 1218 4041 Cyprianus
1258 3968 1311 4023 in
1365 3968 1552 4025 eadem
1601 3968 1777 4039 Epist.

163 4078 243 4118 ιιι
273 4071 328 4117 et
375 4062 429 4117 in
483 4061 655 4133 Epist.
685 4077 770 4127 ιν,
801 4061 1086 4132 episc0pos
1124 4060 1408 4132 scripsisse
1457 4060 1525 4116 ad
1577 4060 1782 4117 Corne-

161 4156 300 4210 lium
324 4164 378 4211 et
402 4154 471 4217 de
496 4155 661 4226 lapsis
693 4174 712 4207 ι
738 4155 1058 4225 participato
1098 4155 1327 4210 invicem
1368 4154 1595 4211 consilio
1616 4173 1635 4207 ι
1666 4161 1779 4232 sta-

162 4255 345 4301 tutum
393 4245 578 4315 fuisse,
614 4246 664 4302 id
700 4247 870 4319 prima
903 4246 1082 4316 specie
1122 4246 1331 4302 videtur
1377 4245 1664 4301 concilium
1690 4259 1779 4301 se-

170 4339 294 4395 rius
335 4337 574 4394 habitum
630 4338 886 4408 probare;
932 4354 1054 4393 nam
1084 4335 1361 4393 Cornelius
1398 4352 1585 4394 mense
1627 4338 1779 4407 junio

164 4431 514 4499 electnsest,
548 4445 650 4486 nec
678 4431 856 4485 statim
896 4430 1103 4485 litteras
1147 4430 1355 4496 accepit
1400 4429 1470 4485 ab
1509 4431 1777 4500 episcopis

167 4522 463 4588 Africanis,
490 4521 585 4592 qui
626 4536 732 4576 non
758 4521 825 4578 ad
852 4537 975 4594 eum
1004 4520 1331 4593 aliquamdiu
1353 4562 1368 4588 ,
1392 4521 1485 4578 sed
1516 4521 1582 4577 ad
1611 4522 1777 4593 ipsius

168 4615 460 4671 ecclesiam
488 4614 696 4671 litteras
734 4628 860 4675 suas
907 4614 1222 4682 mittebant,
1251 4615 1424 4671 donec
1455 4615 1611 4687 legati
1641 4630 1777 4686 quos

166 4707 403 4763 Romam
432 4708 937 4773 miscrant,cerlum
983 4706 1050 4763 de
1096 4706 1431 4765 dissensione
1471 4708 1542 4764 ibi
1587 4717 1773 4765 exorta

165 4801 417 4856 nuntium
463 4800 744 4857 referrent.
799 4799 926 4869 Sed,
959 4809 1017 4855 ut
1070 4800 1320 4857 observat
1374 4800 1771 4869 Tillemontins,

168 4892 286 4947 fieri
318 4892 485 4962 potuit
513 4901 570 4947 ut
599 4907 667 4948 ex
689 4892 959 4964 episcopis
996 4894 1086 4964 qui
1133 4893 1364 4949 concilio
1393 4893 1770 4966 interfuerant,

168 4986 325 5042 multi
355 4985 528 5042 adhuc
552 4986 874 5065 Carthagine
897 4997 1242 5044 versarentur
1270 5003 1392 5046 cum
1423 4988 1492 5046 de
1534 4990 1771 5062 legitima

169 5080 406 5135 Cornelii
449 5080 714 5137 electione
738 5082 1018 5149 constitit;
1049 5082 1167 5154 qui,
1203 5098 1324 5140 cum
1350 5083 1417 5140 ad
1459 5082 1769 5143 Cornelium

167 5185 270 5226 suo
293 5180 349 5228 et
370 5172 596 5228 aliorum
625 5173 843 5228 nomine
872 5174 1210 5245 scripserint,
1241 5191 1348 5232 non
1372 5176 1645 5234 immerito
1668 5176 1771 5233 visi

169 5276 296 5321 sunt
315 5265 615 5337 conjunctis
644 5280 766 5321 cum
805 5266 1054 5323 Cornelio
1076 5270 1317 5325 consiliis
1344 5271 1597 5326 statuisse
1618 5270 1773 5342 quid-

167 5359 294 5430 quid
321 5359 574 5430 delapsis
600 5368 919 5416 statuerunt.
957 5360 1083 5418 Haec
1123 5372 1300 5420 autem
1347 5366 1511 5421 verba
1550 5380 1615 5422 ex
1642 5365 1771 5437 Epi-

170 5453 306 5507 stola
338 5470 422 5522 ιγ,
462 5472 481 5506 ι
514 5454 744 5517 concilio
782 5454 1091 5526 frequenter
1115 5465 1257 5524 aeto,
1293 5476 1315 5509 ι
1350 5452 1427 5513 sic
1460 5467 1580 5528 post
1609 5459 1771 5514 Pear-

171 5547 382 5603 sonium
434 5549 813 5620 interpretatur
841 5547 1239 5614 Tillemontins,
1287 5551 1439 5620 quasi
1481 5538 1765 5606 concilium

176 5652 320 5708 smne
366 5641 649 5709 repetitum
681 5640 860 5706 fuerit,
914 5641 987 5697 ita
1034 5650 1091 5697 ιιι
1140 5641 1461 5713 quibusdam
1501 5642 1768 5713 episcopis

179 5732 498 5805 Carthagine
547 5735 866 5793 abeuntibus
895 5779 911 5804 ,
973 5736 1293 5807 quibusdam
1334 5734 1763 5807 succedentibus,

177 5827 537 5884 continuatum
565 5829 958 5903 quodammodo
987 5831 1153 5887 videri
1179 5840 1379 5902 posset.

193 5981 208 5993 ,
251 5919 521 5995 Prmeipua
552 5923 763 5981 concilii
788 5923 1101 5983 deliberatio
1124 5926 1174 5983 iu
1198 5925 1472 5997 lapsorum
1491 5923 1667 5982 causis
1686 5923 1766 5982 di-

1471 374 1632 443 VITA
1659 373 1906 434 SANCTI
1944 374 2290 436 CYPRIANI.

3405 386 3512 448 ιςη

1914 494 2215 567 iudicandis
2242 503 2451 553 versata
2478 504 2596 564 cst;
2625 506 2678 554 et
2721 513 2843 556 cum
2870 513 3079 557 summa
3107 510 3252 571 esset
3277 506 3515 562 circinus

1911 589 2231 644 stantiarum
2261 588 2515 654 varietas,
2544 591 2725 647 omnia
2763 592 3019 663 singulari
3043 594 3344 665 prudentia,
3377 607 3514 655 tam~

1910 698 2069 753 quam
2118 683 2354 740 aurificis
2398 691 2620 752 statera,
2675 687 2977 741 cxatninata
3019 697 3161 743 sunt.
3210 691 3314 746 Alii
3368 694 3513 750 enim

1911 775 2141 832 nefando
2172 778 2458 847 sacrificio,
2483 779 2573 834 alii
2611 779 2740 835 solis
2790 780 2988 837 libellis
3023 783 3401 853 contaminati,
3426 787 3512 843 vel

1910 871 2071 928 etiam
2119 873 2323 929 crimen
2389 874 2503 930 sola
2573 874 2895 946 cogitatione
2951 887 3320 948 susceperant.
3395 878 3512 937 Non

1908 964 2155 1035 mquandi
2181 975 2357 1033 erant,
2385 966 2458 1021 ait
2500 966 2800 1040 Cyprianus
2844 967 2944 1039 Ep.
2975 985 3043 1024 ιιι
3088 968 3162 1043 (p.
3197 969 3324 1044 70),
3361 990 3381 1023 ι
3423 972 3511 1027 ille

1909 1057 1999 1127 qui
2039 1060 2107 1113 ad
2136 1058 2457 1114 sacrificium
2488 1057 2778 1116 nefandum
2806 1061 2989 1116 statim
3020 1062 3294 1120 voluntate
3332 1066 3511 1135 prosi.

1908 1147 2023 1203 livit
2048 1191 2064 1216 ,
2099 1159 2153 1205 et
2190 1150 2279 1220 qui
2313 1150 2605 1207 reluctatus
2632 1160 2689 1208 et
2720 1166 3043 1224 congressus
3071 1155 3163 1211 diu
3188 1156 3254 1212 ad
3280 1155 3385 1213 hoc
3420 1158 3510 1214 fu-

1911 1261 2121 1306 nestum
2175 1266 2311 1322 opus
2364 1244 2686 1308 necessitate
2728 1252 3019 1324 pervenit,
3079 1254 3168 1311 ille
3209 1256 3300 1327 qui
3347 1265 3403 1312 et
3451 1272 3511 1316 se

1909 1351 1965 1399 et
1991 1357 2181 1399 omnes
2211 1359 2338 1400 suos
2370 1344 2633 1414 prodidit,
2677 1354 2734 1401 et
2772 1347 2859 1418 qui
2904 1348 3019 1418 ipse
3058 1362 3155 1419 pro
3186 1351 3395 1406 cunctis
3443 1353 3508 1407 ad

1906 1436 2195 1494 discrimen
2240 1438 2540 1506 accedens,
2579 1454 2800 1495 uxorem
2845 1451 2899 1497 et
2943 1440 3147 1497 liberos
3187 1440 3263 1499 et‘
3286 1441 3506 1499 domum

1909 1538 2072 1584 totam
2130 1530 2350 1601 periculi
2399 1530 2481 1585 sui
2545 1530 2916 1601 perfunCtione
2965 1533 3234 1603 protexit;
3282 1534 3371 1590 ille
3419 1535 3508 1607 qui

1907 1620 2199 1693 inquilinos
2228 1622 2314 1678 vel
2349 1621 2554 1680 amicus
2582 1638 2709 1680 suos
2757 1624 2826 1680 ad
2867 1624 3073 1682 facinus
3120 1626 3410 1698 compulit,
3456 1635 3511 1683 ct

1907 1715 1999 1788 qui
2027 1716 2302 1788 inquilinis
2325 1724 2381 1772 et
2404 1716 2610 1773 colonis
2639 1718 2904 1790 pepercit,
2953 1717 3150 1775 fratres
3190 1720 3352 1777 etiam
3394 1720 3510 1792 plu-

1906 1802 2091 1864 rimosi
2110 1810 2199 1881 qui
2248 1818 2494 1867 extorres
2539 1819 2597 1868 et
2635 1810 3246 1885 profugi‘recedebant,
3305 1814 3357 1869 in
3411 1830 3507 1871 sua

1915 1910 2051 1958 tecta
2103 1911 2158 1959 et
2209 1902 2442 1975 hospitia
2509 1905 2745 1977 recepit,
2815 1906 3108 1964 ostendens
3169 1917 3225 1963 et
3277 1908 3510 1965 offerens

1905 1995 2134 2053 Domino
2158 1997 2355 2052 multas
2394 1997 2604 2054 animas
2648 2002 2891 2057 viventes
2929 2010 2984 2057 et
3013 2000 3344 2069 incolumes,
3387 2021 3507 2075 qua:

1907 2106 2003 2162 pro
2056 2106 2160 2146 una
2205 2092 2807 2164 sauciadeprecentur.
2848 2114 2867 2148 ι
2911 2094 3014 2151 Alii
3046 2095 3278 2168 denique
3331 2099 3506 2155 serius

1903 2183 2039 2256 lapsi
2066 2184 2297 2251 fuerant,
2340 2186 2430 2242 alii
2452 2186 2647 2255 citius;
2678 2187 2767 2243 alii
2798 2187 2866 2243 ad
2912 2189 3283 2260 paenitentiam
3323 2192 3504 2247 statim

1872 2334 1875 2335 ν
1907 2279 2281 2351 confugerant,
2323 2279 2437 2347 alii,
2470 2280 2631 2336 nimia
2664 2280 2966 2337 libellorum
3002 2296 3033 2336 a
3068 2281 3391 2352 martyribus
3418 2299 3508 2337 ac-

1902 2380 2179 2442 ceptorum
2208 2370 2423 2438 fiducia,
2456 2370 2557 2426 hoc
2590 2372 2886 2428 remedium
2919 2371 3155 2444 effugere
3183 2374 3359 2429 conati
3391 2372 3510 2429 fue-

1903 2473 2044 2520 rant.
2078 2463 2259 2536 Itaque
2284 2465 2604 2520 examinata:
2629 2467 2828 2521 suntin
2850 2466 3079 2522 concilio
3098 2466 3506 2539 Carthagiucnsi

1907 2576 1927 2610 ι
1960 2572 2138 2614 causae
2163 2568 2215 2613 et
2246 2558 2551 2613 voluntates
2578 2567 2634 2613 et
2676 2559 3025 2615 necessitates
3067 2559 3418 2631 singulorum,
3455 2572 3510 2617 et

1903 2651 1954 2704 in
1986 2649 2168 2705 libello
2196 2649 2523 2721 singulorum
2559 2651 2750 2722 placita
2776 2652 3078 2723 conscripta
3108 2661 3286 2710 sunt.»
3314 2653 3506 2728 (Ibid.)

1902 2743 2307 2800 llunclibellnm
2331 2759 2435 2799 non
2457 2744 2757 2800 absimilem
2794 2746 2957 2802 fuisse
2999 2747 3294 2804 canonibus
3335 2749 3507 2820 poeni-

1869 2887 1875 2893 .
1902 2838 2210 2895 tentialibus
2236 2837 2431 2894 merito
2455 2838 2762 2895 observavit
2790 2839 3070 2907 Baronius,
3097 2857 3197 2897 nec
3222 2842 3326 2897 ulla
3358 2857 3507 2912 pror-

1897 2948 1990 2991 sus
2009 2935 2219 2992 ratione
2247 2934 2441 2990 librum
2464 2934 2527 2988 de
2542 2933 2726 3003 Ιιαρεὶε
2753 2934 3001 3008 intelligit
3027 2935 3209 2992 editor
3237 2936 3507 2992 Oxonien—

1895 3027 1972 3084 sis
2026 3029 2079 3082 in
2131 3025 2274 3085 notis
2308 3026 2375 3082 ad
2410 3026 2553 3083 huuc
2592 3027 2790 3083 locum.
2826 3028 3010 3084 Vidcri
3042 3040 3263 3101 possunt
3290 3046 3411 3102 qua:
3440 3030 3507 3089 de

1894 3121 2111 3178 concilii
2139 3121 2372 3178 decretis
2399 3121 2450 3176 in
2482 3120 2797 3193 praefatione
2817 3121 3071 3180 diximus.

1966 3214 2282 3288 Suspicatur
2311 3215 2693 3271 Tillemontius
2733 3214 3011 3272 decretum
3065 3217 3119 3273 in
3145 3217 3335 3275 eodem
3377 3233 3507 3275 cono

1892 3309 2018 3366 eilio
2064 3309 2227 3365 fuisse
2254 3319 2310 3364 ut
2331 3352 2346 3377 ,
2379 3309 2423 3364 si
2450 3325 2552 3380 qua
2581 3310 2804 3364 instaret
2831 3310 3155 3380 persecutio,
3189 3310 3353 3382 lapsis
3378 3323 3504 3368 ante

1893 3400 2265 3472 praescriptum
2308 3410 2517 3473 tempus
2546 3401 2858 3458 communio
2893 3401 3135 3457 daretur.
3181 3402 3238 3457 lu
3272 3402 3411 3459 hanc
3442 3403 3504 3459 il-

1893 3493 2004 3549 lum
2032 3494 2391 3564 suspicionem
2444 3492 2774 3550 induxerunt
2820 3492 2936 3548 haec
2958 3492 3209 3565 Cypriani
3240 3495 3399 3550 verba
3431 3512 3499 3551 ex

1891 3585 2062 3657 Epist.
2107 3601 2181 3642 ιιι
2213 3586 2358 3659 (pag.
2401 3587 2491 3658 7f)
2526 3605 2540 3643 :
2577 3604 2596 3638 ι
2643 3584 2754 3641 Nec
2794 3585 2862 3640 ad
2918 3585 3284 3656 pmnitentiant
3314 3589 3431 3659 quis
3470 3605 3499 3643 a

1894 3677 2050 3735 nobis
2077 3677 2325 3748 compelli
2357 3686 2566 3750 potest,
2600 3677 2808 3749 inquit,
2850 3677 2894 3733 si
2925 3663 3254 3749 pmnitentia:
3301 3679 3502 3736 fructus

1889 3769 2257 3826 subtrahatur.
2284 3769 2340 3826 Si
2369 3770 2614 3840 prtulium
2662 3769 2812 3841 prius
2850 3770 3077 3836 venerit,
3121 3769 3500 3828 corroboratus

1888 3876 1916 3917 a
1971 3862 2125 3919 nobis
2178 3862 2476 3919 invenietur
2527 3871 2764 3920 armatus
2817 3862 2885 3918 ad
2939 3862 3202 3932 prmlium.
3263 3863 3318 3920 Si
3368 3882 3500 3923 vero

1886 3963 2010 4013 ante
2053 3957 2291 4028 prrelium
2331 3956 2612 4012 infirmitas
2669 3956 2901 4023 urserit,
2944 3970 3067 4011 cum
3118 3957 3312 4013 solatio
3353 3960 3498 4029 pacis

1885 4060 1936 4108 et
1994 4052 2491 4109 communicationis
2547 4048 2808 4106 abscedit.
2864 4068 2882 4101 ι
2931 4048 3035 4105 Sed
3092 4050 3248 4119 hujus
3289 4050 3389 4106 loci
3435 4067 3496 4107 ea

1884 4143 2096 4199 videtur
2122 4158 2243 4200 esse
2268 4144 2535 4202 sententia
2559 4185 2572 4209 ,
2602 4157 2753 4213 spem
2787 4141 2933 4212 pacis
2975 4153 3095 4216 post
3122 4142 3495 4214 ptenitentiam

1885 4239 2283 4311 consequenda:
2312 4240 2363 4296 id
2406 4239 2604 4294 habere
2650 4238 2943 4302 commodi,
2972 4247 3029 4293 ut
3065 4237 3334 4309 lapsorum
3378 4237 3496 4291 ani-

1885 4348 2002 4389 mos
2031 4333 2199 4404 erigat
2223 4340 2278 4387 et
2315 4330 2379 4387 ad
2423 4331 2600 4387 aerius
2641 4329 3014 4401 pugnandum,
3063 4331 3106 4385 si
3138 4345 3240 4400 qua
3272 4328 3498 4385 redierit

1883 4428 2114 4495 occasio,
2144 4425 2457 4484 corroboret
2480 4467 2495 4493 ,
2524 4425 2669 4495 quia,
2701 4433 2758 4479 ut
2801 4424 2958 4496 paulo
2996 4433 3121 4481 ante
3156 4423 3364 4480 dixerat
3385 4422 3494 4495 Cy-

1885 4521 2125 4595 prianus,
2160 4541 2180 4574 ι
2215 4520 2281 4576 ad
2310 4519 2470 4576 fidem
2503 4530 2556 4576 et
2604 4519 2858 4575 virtutem
2884 4518 2951 4574 de
2978 4518 3290 4590 ptcnitentia
3334 4516 3497 4573 robur

1882 4626 2154 4682 armatur;
2195 4613 2337 4687 quod
2364 4612 2566 4669 armari
2613 4628 2719 4669 non
2773 4613 2967 4683 poterit
3011 4612 3055 4668 si
3086 4611 3205 4683 quis
3235 4612 3493 4682 despera-

1881 4709 2030 4766 tione
2076 4708 2326 4778 deficiat,
2366 4708 2413 4764 si
2442 4707 2509 4762 ab
2556 4706 2794 4762 Ecclesia
2834 4706 2966 4763 dure
2994 4715 3048 4763 et
3088 4705 3374 4762 crudeliter
3401 4721 3492 4760 se-

1880 4811 2129 4875 gregatus
2188 4801 2254 4858 ad
2308 4800 2539 4873 gentiles
2598 4814 2658 4856 se
2724 4799 2836 4854 vias
2885 4808 2945 4854 et
2998 4798 3271 4857 smeularia
3330 4812 3492 4867 opera

1879 4903 2189 4960 convertat,
2236 4894 2321 4951 vel
2353 4893 2420 4950 ad
2452 4892 2732 4949 lim-retices
2760 4900 2815 4948 et
2842 4891 3213 4948 schismaticos
3258 4889 3491 4957 rejectus

1878 4989 1949 5044 ab
1994 4987 2231 5044 Ecclesia
2288 4994 2541 5042 transeat.
2575 5005 2594 5038 ι
2647 4985 2948 5050 Praeterea,
3009 4985 3054 5039 si
3108 4983 3382 5039 decretqu
3436 4981 3487 5034 in

1880 5084 1982 5140 hoc
2023 5084 2252 5141 concilio
2292 5082 2480 5139 fuisset
2522 5088 2579 5136 ιιι
2619 5080 2782 5151 lapsis
2831 5087 3056 5152 urgente
3109 5075 3484 5149 persecutione

1877 5177 2184 5233 communio
2231 5176 2481 5242 daretur,
2531 5187 2637 5230 non
2680 5174 2731 5228 id
2776 5173 3085 5228 omisissent
3109 5168 3406 5243 Cyprianus
3435 5177 3490 5227 el

1877 5270 1964 5325 alii
2005 5270 2238 5341 episcopi
2264 5270 2317 5325 in
2348 5269 2517 5339 Epist.
2554 5283 2661 5335 LIV,
2696 5267 2746 5321 in
2785 5280 2889 5338 qua
2955 5263 3096 5336 quod
3138 5262 3490 5317 decreverant

1877 5362 1945 5419 de
1976 5362 2138 5434 lapsis
2164 5363 2236 5418 ob
2280 5361 2567 5417 instantem
2611 5360 3041 5432 persecutionem
3092 5358 3144 5411 in
3191 5355 3487 5412 Ecclesiant

1876 5459 2219 5530 colligendis,
2250 5458 2303 5515 id
2327 5457 2579 5513 Cornelio
2613 5455 2912 5528 approbare
2957 5467 3065 5508 non
3107 5460 3373 5507 conantur
3417 5466 3486 5510 ex

1876 5553 2086 5610 concilii
2114 5553 2309 5625 prioris
2340 5550 2663 5608 auctoritate
2685 5594 2699 5617 ,
2742 5548 2839 5604 sed
2875 5565 2893 5599 ι
2917 5546 3115 5618 Spiritu
3150 5555 3334 5602 sancto
3357 5560 3487 5616 sug-

1874 5655 2097 5719 gerente
2142 5667 2161 5700 ι
2211 5647 2281 5702 ita
2331 5659 2389 5701 se
2437 5644 2687 5700 statuisse
2737 5640 3032 5697 declarant.
3075 5640 3331 5697 Memorat
3375 5641 3483 5713 Cy-

1875 5741 2094 5811 prianus
2125 5739 2177 5794 in
2208 5738 2442 5810 Epistola
2501 5754 2589 5805 LV,
2614 5735 2756 5790 aliud
2783 5734 2850 5790 de
2871 5735 3134 5808 cpisc0pis
3152 5735 3316 5806 lapsis
3335 5737 3479 5803 ejus-

1876 5833 1996 5889 dem
2029 5832 2240 5890 concilii
2261 5831 2576 5894 decretum;
2609 5826 2869 5898 ejusmodi
2913 5826 3159 5885 homines
3188 5827 3252 5881 ad
3298 5825 3474 5891 pinni-

1876 5925 2096 5984 tentiam
2149 5943 2168 5977 ι
2211 5923 2426 5996 quidem
2472 5920 2731 5996 agendam
2774 5936 2933 5995 posse
2979 5921 3229 5990 admitti,
3285 5919 3352 5974 ab
3397 5932 3486 5973 or-
