4050 6424
580 382 690 453 125

575 509 851 570 dinarione
900 518 1078 569 autem
1128 508 1256 570 cieri
1288 555 1304 582 ,
1369 516 1529 585 atque
1589 508 1907 570 sacerdotali
1967 510 2173 570 honore

575 606 871 679 prohiberi.
914 626 933 661 ι
989 605 1191 663 Prodiit
1243 620 1423 662 coram
1489 602 1754 678 episcopis
1829 606 1883 661 in
1949 604 2177 663 concilio

580 703 923 775 Congregatis
954 701 1317 758 Felicissimus
1346 716 1466 757 cum
1494 700 1820 773 presbyteris
1851 701 1950 773 ipsi
1980 699 2174 768 affixis,

580 804 640 851 ut
666 794 984 867 perspicitur
1005 809 1072 851 ex
1109 795 1212 867 Ep.
1259 808 1395 864 nar;
1429 793 1523 850 sed
1553 809 1648 851 cos
1680 792 1891 850 auditos
1935 794 2175 865 episcopi

578 882 1003 945 condemnarunt
1048 897 1101 943 et
1150 888 1547 946 abstinuerunt.
1609 887 1753 945 «Sed
1793 896 1846 944 et
1873 886 2094 945 Jorinus
2123 897 2179 945 et

579 983 838 1041 Maximus
885 983 1156 1055 episcopi,
1199 983 1268 1040 ob
1298 978 1525 1041 nefanda
1561 983 1819 1041 sacrificia
1867 991 1921 1040 ct
1955 983 2178 1041 crimina

580 1077 632 1133 in
684 1091 744 1133 se
796 1076 1019 1149 probata
1060 1076 1324 1134 sententia
1369 1090 1561 1133 novem
1613 1075 1988 1147 episcoporum
2042 1090 2175 1133 con-

580 1170 860 1239 demnati,
918 1170 1111 1227 iterato
1165 1170 1219 1227 in
1269 1168 1501 1227 concilio
1546 1166 1777 1228 absterrti
1817 1188 1837 1222 ι
1893 1180 2054 1240 sunt,
2105 1169 2181 1226 ait

580 1263 884 1337 Cyprianus
905 1263 957 1320 in
984 1262 1156 1334 Epist.
1190 1279 1256 1321 Lv
1290 1263 1368 1338 (p.
1398 1262 1518 1336 84).

654 1354 1114 1425 Quemadmodum
1139 1356 1193 1411 in
1223 1354 1328 1414 hoc
1348 1356 1577 1413 concilio
1605 1374 1625 1409 ι
1646 1371 1752 1412 ιιοιι
1775 1354 2130 1413 consensione
2152 1375 2170 1409 ι

584 1457 792 1504 tantum
814 1448 1188 1520 episc0porum
1224 1466 1244 1501 ε
1281 1447 1377 1506 sed
1401 1458 1455 1505 et
1481 1448 1899 1506 comminatione
1933 1467 1979 1517 r,
2013 1456 2070 1503 ιιι
2105 1449 2182 1505 ait

586 1543 883 1615 Cyprianus
922 1556 1010 1612 ep.
1043 1554 1108 1598 ιν
1147 1543 1233 1614 (p.
1264 1542 1383 1612 85),
1416 1540 1689 1598 decretum
1739 1548 1823 1597 cSt
1865 1560 1885 1595 ι
1921 1551 1980 1597 ιιι
2006 1540 2181 1612 parui-

586 1638 805 1691 tentiam
837 1651 943 1691 non
974 1626 1259 1707 agentibus
1284 1650 1444 1693 neruo
1470 1644 1673 1693 temere
1702 1650 1888 1709 pacem
1915 1636 2070 1693 daret
2100 1653 2113 1691 :
2155 1654 2174 1689 ι

587 1728 657 1785 ita
708 1728 870 1800 justis
929 1737 1224 1802 martyrum
1289 1727 1637 1801 petitionibus
1703 1726 1904 1802 aliquid
1961 1724 2183 1787 honoris

587 1838 781 1892 causa,
829 1832 888 1882 ut
944 1824 1152 1883 ferebat
1208 1824 1466 1882 Ecclesia
1517 1820 1893 1893 consuetudo,
1946 1821 2183 1879 delatum

587 1916 753 1975 fuisse
773 1912 1123 1976 crediderim.
1148 1917 1279 1974 Nam
1323 1919 1375 1973 in
1403 1915 1543 1974 libro
1572 1918 1635 1973 de
1663 1914 1866 1988 Lapsr's,
1896 1930 2053 1988 quem
2071 1912 2177 1988 Cy-

587 2013 806 2084 prianus
829 2013 881 2068 in
905 2012 1001 2084 Ep.
1027 2024 1098 2076 Li,
1117 2024 1288 2084 nuper
1304 2010 1498 2083 legisse
1510 2024 1571 2069 se
1591 2008 1910 2082 Carthagine
1929 2016 2178 2078 testatur,

588 2106 733 2163 unde
765 2106 927 2162 etiam
972 2105 1214 2165 nonnulli
1260 2106 1312 2163 in
1355 2104 1474 2178 ipso
1513 2104 1743 2162 concilio
1778 2104 1974 2162 lectum
2021 2101 2187 2162 fuisse

588 2199 882 2271 colligunt;
912 2200 965 2255 in
996 2199 1121 2269 hoc,
1163 2198 1400 2273 inquam,
1429 2198 1586 2267 libro,
1617 2207 1677 2256 ut
1710 2198 1928 2255 nimiam
1969 2205 2173 2269 martyr-

590 2307 711 2347 rurn
739 2293 1117 2351 nonnullorum
1152 2313 1172 2347 ι
1206 2292 1260 2350 in
1295 2292 1633 2351 remittendis
1659 2295 1859 2366 passim
1884 2290 2177 2350 donandis-

592 2400 695 2456 que
725 2387 959 2457 peccatis
992 2407 1011 2439 ι
1048 2386 1317 2444 licentiam
1357 2387 1551 2445 refellit
1594 2384 1933 2461 Cyprianus,
1978 2389 2047 2442 ita
2090 2401 2186 2443 eo-

593 2495 711 2536 rrrm
766 2481 1033 2538 mandatis
1081 2478 1283 2554 aliqrrid
1327 2481 1525 2539 fatetur
1577 2497 1735 2553 posse
1790 2479 2055 2548 concedi,
2090 2498 2108 2533 ‹
2141 2478 2187 2537 sl

585 2570 764 2642 jnsta,
797 2572 842 2629 si
875 2572 1053 2642 licita,
1080 2572 1124 2630 si
1157 2588 1262 2629 non
1290 2574 1475 2631 contra
1517 2574 1691 2645 ipsum
1736 2572 2071 2628 Dominuma
2095 2570 2188 2630 Dei

595 2665 877 2723 sacerdote
913 2664 1155 2723 facienda
1175 2708 1190 2730 ,
1221 2666 1267 2722 si
1294 2665 1714 2738 obtemperantis
1741 2664 1911 2722 facilis
1938 2674 1992 2722 et
2019 2679 2185 2737 prona

594 2758 916 2825 consensio,
963 2758 1007 2814 si
1045 2757 1276 2830 petentis
1326 2757 1485 2816 fuerit
1535 2756 1783 2830 religiosa
1834 2757 2130 2814 moderatio
2161 2776 2182 2812 ι

598 2852 743 2926 (pag.
774 2851 927 2923 187).
957 2852 1174 2909 Fatetur
1200 2853 1360 2909 etiam
1390 2850 1468 2926 (p.
1495 2852 1619 2925 195)
1635 2852 1799 2908 Deum
1829 2849 1880 2907 in
1910 2858 2186 2921 acceptum

595 2945 801 3001 referre
848 2958 1007 3017 posse
1050 2943 1305 3016 quidquid
1347 2958 1444 3014 pro
1476 2943 1617 3007 veris
1662 2940 2045 3014 paenitentibus
2076 2958 2094 2994 r
2134 2948 2190 2996 et

595 3038 850 3111 petierint
897 3047 1163 3111 martyres
1222 3046 1277 3093 et
1317 3037 1544 3094 fecerint
1588 3037 1920 3094 sacerdotes.
1963 3057 1982 3091 r
2010 3036 2190 3106 Quare

597 3134 887 3188 verisimile
923 3142 1007 3190 est
1049 3130 1346 3204 Mappalico
1368 3134 1623 3208 martyri,
1651 3132 1741 3206 qni
1780 3140 2006 3190 matrem
2035 3148 2186 3189 suam

594 3238 776 3299 atque,
807 3236 865 3283 ut
908 3227 961 3283 in
991 3224 1266 3285 nonnullis
1311 3228 1643 3284 editionibus
1688 3227 1900 3300 legitur,
1948 3240 2188 3283 sororem

594 3320 887 3376 domestica
938 3321 1135 3392 pietate
1182 3330 1487 3377 commotus
1539 3319 2045 3389 commendaverat,
2086 3320 2188 3377 ali-

593 3414 719 3487 quid
753 3428 1072 3471 conccssurn
1111 3412 1294 3478 fuisse,
1340 3423 1393 3471 et
1435 3414 1557 3470 aliis
1584 3413 1745 3471 ctiam
1776 3414 1865 3485 qui
1893 3412 2188 3470 anianuur

595 3507 781 3563 imitati
816 3522 920 3563 non
958 3506 1200 3573 fuerant,
1232 3507 1346 3573 sed,
1385 3518 1441 3563 ut
1488 3507 1731 3578 praecipit
1759 3506 2056 3578 Cyprianus
2086 3506 2187 3578 Ep.

592 3617 665 3665 χι,
695 3600 975 3672 diligenter
1014 3601 1393 3672 inSpexerauti
1429 3609 1483 3656 et
1507 3612 1683 3656 actum
1716 3611 1770 3656 et
1798 3614 1959 3670 Opera
1980 3612 2034 3657 et
2074 3616 2189 3657 me-

591 3696 692 3748 rita
722 3694 1056 3765 singulorum
1078 3737 1094 3763 ,
1122 3693 1357 3766 ipsorum
1389 3710 1602 3767 quoque
1634 3692 1959 3751 delictorum
1987 3711 2191 3765 genera

594 3796 647 3840 et
676 3785 958 3855 qualitates
987 3806 1034 3854 ι,
1061 3794 1116 3842 et
1139 3786 1393 3858 quosipsi
1422 3796 1723 3854 noverant,
1759 3804 1778 3839 ι
1816 3802 2041 3859 quorum
2072 3802 2188 3859 pna-

595 3877 870 3932 niterztiam
899 3876 1249 3935 satisfactioni
1284 3877 1583 3950 proximam
1612 3898 1632 3933 ι
1659 3881 2080 3954 conspiciebant,
2099 3896 2193 3939 eos

594 3971 908 4029 norrrinatinr
938 3971 1116 4031 libello
1141 3972 1573 4046 designaverunt.

597 4108 738 4176 XIX.
769 4138 842 4150 —-
870 4125 1165 4168 rnunenrra
1213 4126 1400 4169 ssnon
1442 4128 1687 4171 CYPBIANI
1717 4130 1770 4171 IN
1822 4130 2201 4175 COIPRIIENDO-

665 4216 957 4258 .‘ClllSIA'ﬂ-I
1017 4218 1330 4275 NOVATIANI,
1354 4222 1422 4264 ΕΤ
1453 4222 1828 4267 CONFIBIANDO
1870 4225 2189 4269 EPISCOPATU

668 4310 713 4351 8.
740 4311 1006 4353 CORNELII.

673 4435 933 4493 Defuncto
979 4436 1314 4510 gravissimis
1354 4438 1616 4496 molestiis
1643 4438 1915 4514 Cypriano
1937 4486 1952 4511 ,
1986 4459 2119 4517 quas
2146 4444 2197 4502 ei

600 4529 981 4585 nonnullorum
1062 4541 1356 4604 martyrum
1425 4530 1787 4605 intemperans
1864 4536 2198 4610 indulgentia

610 4630 663 4676 ct
718 4621 877 4691 impia
926 4623 1389 4681 schismaticorunr
1463 4628 1738 4683 temeritas
1785 4628 2141 4688 cxhibuerant
2173 4674 2188 4700 ,

608 4728 762 4768 novae
784 4714 1130 4772 difﬁcultates
1158 4725 1629 4789 supervenerunt,
1669 4731 1852 4777 exorta
1878 4720 2066 4779 Roma:
2089 4722 2199 4781 dis-

602 4806 885 4873 sensione,
931 4823 993 4862 ac
1021 4808 1298 4865 Novatiani
1350 4809 1542 4864 haeresi
1587 4810 1787 4866 aditum
1817 4814 1870 4869 in
1906 4814 2083 4870 varias
2111 4830 2200 4871 cc-

599 4898 792 4954 clesias
814 4905 1072 4956 tentante.
1102 4900 1228 4957 Post
1270 4899 1589 4973 Fabianum,
1625 4904 1712 4975 qui
1742 4905 1829 4963 die
1853 4905 1923 4962 20
1948 4902 2199 4976 januarii,

600 5004 745 5046 anno
766 4989 898 5056 250,
941 4997 1143 5064 martyr
1169 4992 1299 5051 obiit
1322 5034 1336 5060 ,
1370 4993 1624 5067 episcopo
1673 5007 1921 5055 caruerat
1963 4998 2202 5057 Ecclesia

608 5080 869 5146 Romana,
899 5098 998 5138 nec
1026 5087 1257 5156 pastoris
1286 5086 1515 5159 eligendi
1544 5089 1718 5147 locum
1741 5091 2034 5164 reliquerat
2057 5093 2204 5151 Decii

614 5175 924 5233 crudelitas.
957 5178 1061 5236 Sed
1090 5178 1324 5247 tandem,
1355 5190 1581 5251 tyranno
1623 5183 1869 5255 absente,
1904 5187 2127 5257 imperio
2150 5187 2202 5245 in

612 5269 748 5328 urbe
791 5271 934 5329 Julio
958 5271 1172 5329 Valenti
1213 5273 1412 5342 delato,
1440 5288 1561 5331 cum
1590 5286 1801 5348 tempus
1835 5278 2205 5347 comnmdissie

611 5377 757 5419 mum
780 5365 1019 5421 oblatum
1042 5374 1206 5433 esset,
1235 5367 1438 5425 electus
1466 5376 1550 5425 est
1577 5386 1596 5422 ι
1633 5368 1700 5426 de
1724 5370 2039 5429 clericorum
2068 5388 2206 5446 pene

613 5455 849 5511 omnium
881 5458 1207 5527 testimonio,
1233 5460 1300 5515 de
1325 5459 1492 5531 plebis
1519 5475 1639 5532 qua:
1666 5470 1791 5519 tunc
1811 5463 1980 5520 adfuit
2009 5464 2204 5521 satira-

615 5548 704 5619 gio
731 5549 871 5605 etde
896 5552 1235 5610 sacerdotum
1274 5554 1616 5626 antiquorum
1660 5560 1715 5612 et
1758 5556 2020 5615 bonorum
2056 5559 2205 5615 viro-

618 5658 737 5701 rum
779 5645 1022 5719 collegio,
1059 5668 1079 5702 ι
1113 5648 1171 5705 S.
1203 5649 1508 5719 Cornelius,
1532 5649 1613 5707 vir
1636 5653 1784 5709 omni
1825 5653 1982 5711 laude
2021 5672 2211 5712 cumn-

618 5737 864 5809 .atus,de
887 5756 991 5809 quo
1022 5752 1216 5812 quanta
1240 5743 1443 5815 judicia
1465 5744 1655 5801 fecerit
1672 5746 1976 5818 Cyprianus
2005 5762 2067 5804 ex
2094 5749 2209 5819 plu-

633 5840 781 5897 ribus
824 5838 971 5896 illius
1012 5840 1249 5911 epistolis
1292 5845 1640 5916 perspicitur,
1674 5845 1971 5915 praesertim
2013 5862 2075 5903 ex
2109 5848 2209 5920 Ep.

623 5950 711 5991 ..n.
741 5934 964 5991 Constat
991 5932 1130 5991 hanc
1168 5934 1483 5995 electionem
1522 5938 1713 5997 lactant
1741 5938 1905 6001 fuisse
1933 5950 2053 6014 post
2075 5941 2204 6001 Pas-

1788 392 1950 454 VITA
1987 390 2231 455 SANCTI
2270 392 2616 455 CYPRIANI.
2638 429 2651 441 ο
3785 394 3876 457 125

2286 513 2384 569 ειειι
2419 513 2576 585 hujus
2613 512 2737 570 anui
2762 511 2862 571 25!
2896 556 2910 580 ,
2959 511 3004 569 si
3035 510 3250 585 quidem
3277 508 3592 588 Cyprianus,
3622 511 3719 586 qui
3751 510 3880 569 Car.

2288 608 2578 681 thaginem,
2612 607 2811 680 elapsis
2836 607 3023 665 diebus
3054 607 3223 679 festis,
3256 604 3433 677 rediit,
3465 606 3756 665 concilium
3793 608 3878 662 ira-

2286 698 2446 759 hebat
2470 718 2591 759 cum
2635 702 2854 776 collegis
2896 718 3018 759 cum
3058 700 3215 776 htrjus
3245 700 3521 762 electionis
3559 700 3784 759 nuntius
3808 706 3877 758 al-

2295 794 2436 851 latus
2473 804 2574 853 est.
2605 796 2908 866 Quinetiam
2952 808 3123 870 usque
3166 792 3237 854 ad
3283 795 3427 854 diem
3474 806 3725 869 quartum
3753 796 3877 868 junii

2299 888 2492 947 electio
2518 890 2811 949 differenda
2839 900 2941 960 est,
2966 890 3011 947 si
3043 891 3316 948 Pcarsonii
3335 891 3674 963 conjecturas
3700 906 3880 961 sequa-

2293 999 2433 1053 mur,
2462 1002 2582 1058 (huc
2637 985 2940 1057 probabiles
2970 982 3316 1041 Tillcmonlio
3358 982 3484 1040 vism
3535 989 3682 1039 srrnt.
3731 982 3874 1051 Nam,

2288 1094 2408 1135 cum
2440 1094 2504 1135 ex
2535 1074 2742 1135 duobus
2783 1076 3196 1151 pontificalibus,
3229 1077 3365 1134 alter
3402 1092 3433 1133 a
3465 1077 3733 1133 Bneherio
3764 1092 3880 1147 pro-

2289 1172 2558 1244 mulgatus
2585 1172 2895 1228 Cornelium
2926 1171 3061 1228 duos
3088 1187 3280 1238 annos,
3319 1181 3430 1226 tres
3475 1184 3693 1226 menses
3715 1176 3771 1224 et
3800 1166 3879 1224 dc-

2300 1280 2418 1322 cem
2435 1264 2552 1322 dies
2576 1264 2782 1322 sedisse
2820 1265 2981 1332 dicat,
3014 1264 3150 1320 alter
3169 1276 3197 1318 a
3228 1260 3486 1320 Bollando
3528 1260 3709 1320 editus
3732 1276 3880 1316 unum

2299 1359 2358 1417 S.
2377 1358 2618 1416 Pontifici
2639 1376 2859 1428 annum,
2883 1361 3016 1416 duos
3034 1372 3248 1416 menses
3270 1364 3325 1415 ct
3349 1366 3457 1414 tres
3479 1354 3595 1414 dies
3617 1356 3879 1423 attribuat,

2289 1449 2635 1521 Pearsonius,
2661 1466 2727 1508 ex
2750 1461 2980 1526 utroque
3006 1462 3302 1525 excerpens
3326 1466 3446 1524 qua:
3467 1450 3763 1509 convenire
3780 1451 3880 1506 vis:

2292 1554 2439 1611 sunt,
2468 1555 2524 1602 et
2563 1558 2682 1617 quae
2733 1544 2911 1603 minus
2939 1542 3276 1617 quadrabarrt
3328 1540 3648 1611 emcndans,
3692 1540 3881 1599 Corne-

2294 1634 2423 1694 liurrr
2463 1635 2668 1694 sedisse
2708 1652 2910 1695 annum
2960 1654 3160 1707 unum,
3210 1646 3315 1694 tres
3349 1648 3560 1693 menses
3605 1644 3663 1694 et
3711 1632 3881 1691 decem

2292 1729 2407 1787 dies
2452 1732 2758 1800 existimat,
2818 1730 3001 1802 sicque
3057 1730 3374 1788 electionem
3437 1728 3602 1787 refert
3647 1728 3719 1785 ad
3756 1726 3880 1784 diem

2292 1834 2542 1896 quartum
2567 1822 2705 1895 junii
2749 1824 2875 1880 anni
2920 1824 3048 1892 25!,
3083 1834 3140 1881 ut
3182 1836 3300 1883 eam
3347 1836 3471 1879 eum
3512 1822 3685 1896 ipsius
3717 1830 3875 1877 morte

2293 1916 2558 1984 conciliet,
2578 1933 2736 1990 quam
2753 1917 2926 1974 idibus
2942 1917 3281 1990 septembris,
3299 1932 3441 1974 anno
3456 1916 3585 1987 252,
3604 1912 3881 1988 contigisse

2295 2010 2481 2068 multis
2498 2012 2815 2083 magnisque
2842 2009 3055 2068 indiciis
3084 2018 3245 2084 patet.

2366 2101 2619 2171 Novatus,
2648 2105 2736 2176 qui
2760 2105 2811 2160 in
2831 2103 3008 2160 Africa
3029 2122 3048 2157 ‹
3074 2102 3306 2176 primum
3330 2100 3614 2161 discordia:
3641 2110 3706 2161 et
3727 2101 3880 2161 schis-

2296 2199 2453 2254 matis
2480 2197 2786 2255 incendium
2833 2199 3218 2267 seminaverat,
3252 2214 3272 2252 ι
3299 2208 3355 2257 ιιι
3391 2198 3465 2256 ait
3505 2196 3810 2273 Cyprianus
3834 2198 3878 2252 in

2295 2290 2468 2363 Epist.
2499 2306 2653 2360 xm,
2699 2310 2717 2345 ι
2756 2288 2982 2349 Romam
3035 2304 3249 2365 quoque
3294 2293 3362 2350 ad
3404 2293 3754 2352 evertendam
3793 2288 3879 2349 Ec-

2296 2380 2514 2442 clesiam
2543 2384 2818 2457 navigans,
2840 2384 3031 2440 similia
3070 2385 3180 2442 illic
3204 2390 3260 2443 et
3295 2384 3440 2458 paria
3486 2386 3708 2444 molitus
3732 2397 3830 2443 est.
3859 2405 3873 2437 ι

2296 2474 2454 2532 Dedit
2481 2490 2541 2533 se
2569 2475 2884 2545 Novatlano,
2908 2476 3063 2548 eique
3089 2490 3213 2534 suas
3234 2488 3378 2536 artes
3396 2488 3451 2535 et
3473 2478 3786 2536 fceeundum
3815 2481 3879 2534 in-

2296 2570 2509 2642 genium
2547 2568 2764 2628 dicavit.
2803 2568 3129 2628 Novatianns
3158 2571 3261 2628 hoc
3296 2572 3611 2629 administro
3632 2572 3877 2638 confisus,

2296 2665 2533 2736 quinque
2570 2662 2935 2738 presbyteros,
2961 2662 3245 2721 nonnullos
3294 2662 3631 2720 confessurcs
3670 2678 3742 2721 ac
3773 2681 3876 2736 par-

2297 2764 2404 2816 tem
2429 2759 2602 2831 plebis
2638 2756 2706 2815 ad
2738 2774 2866 2815 usus
2896 2774 3023 2815 suos
3060 2756 3335 2831 adiunxit,
3369 2772 3432 2814 ac
3458 2756 3700 2814 Cornelii
3730 2756 3876 2814 inter-

2296 2852 2459 2910 cessit
2487 2851 2732 2909 electiorri
2754 2894 2771 2920 ,
2806 2851 2967 2907 variis
2998 2850 3151 2907 illum
3176 2849 3489 2907 criminibus
3528 2863 3815 2918 accusans,
3841 2850 3877 2902 in

2296 2946 2381 3003 bis
2398 2946 2538 3019 quod
2575 2942 2755 3003 libello
2779 2961 2897 3002 scsc
2915 2946 3356 3002 contaminasset.
3376 2943 3511 3001 Cum
3530 2954 3759 3014 utraque
3776 2957 3877 3015 pars

2296 3040 2608 3112 scripsisset
2629 3040 2682 3095 in
2710 3038 2945 3097 Africam
2965 3082 2978 3104 ,
3009 3040 3307 3111 Cyprianus
3330 3049 3385 3094 et
3417 3037 3632 3110 plurimi
3661 3036 3753 3094 alii
3783 3037 3877 3108 epi-

2296 3130 2444 3205 scopi
2467 3134 2558 3205 qui
2588 3132 2655 3189 ad
2683 3146 2803 3189 eum
2834 3140 3127 3205 venerant,
3160 3144 3273 3187 rem
3307 3133 3435 3187 tanti
3470 3131 3728 3186 momenti
3756 3129 3875 3185 omni

2298 3225 2462 3283 animi
2533 3224 2843 3298 provisione
2889 3222 3222 3281 tractandam
3268 3222 3667 3281 intellexerunt.
3720 3220 3878 3293 itaque

2296 3319 2596 3392 Cyprianus
2636 3317 2893 3390 prmecpit
2936 3326 2994 3374 ut
3020 3314 3169 3374 eiero
3210 3327 3265 3374 et
3292 3316 3435 3389 plebi
3486 3316 3791 3389 legerentur
3811 3314 3878 3369 lit‘

2299 3423 2430 3469 tera:
2469 3411 2705 3470 Cornelii
2738 3429 2758 3465 ι
2793 3426 2912 3484 qua:
2957 3409 3264 3484 religiosam
3304 3408 3704 3483 simplicitatem
3746 3422 3878 3465 sona-

2298 3507 2427 3563 bant
2460 3525 2479 3560 ι
2509 3504 2761 3576 illiusque
2793 3520 2813 3559 ι
2846 3503 3185 3576 episcopatus
3225 3503 3614 3560 ordinationem
3665 3500 3876 3573 singulm

2300 3616 2417 3658 rum
2466 3600 2683 3655 auribus
2714 3599 3012 3666 lntimavit;
3053 3618 3073 3653 ι
3115 3612 3234 3671 qum
3265 3614 3395 3655 vero
3430 3612 3496 3655 ex
3548 3596 3763 3656 diverso
3802 3594 3875 3649 atl-

2299 3707 2489 3752 versus
2537 3694 2843 3751 Cornelium
2900 3694 3125 3767 ejuSque
3176 3693 3525 3768 presbyteros
3582 3694 3635 3748 in
3710 3691 3873 3748 librant

2300 3789 2679 3860 Carthaginem
2712 3807 2733 3841 ι
2770 3792 3147 3845 transmissum
3190 3798 3443 3859 congesta
3496 3787 3710 3844 fuerant
3753 3800 3875 3842 acer-

2246 3928 2257 3937 .
2301 3880 2609 3941 batiunibus
2629 3882 2965 3947 criminosis,
2989 3898 3008 3935 r
3039 3896 3101 3937 ea
3129 3878 3339 3951 penitus
3372 3881 3576 3952 respuit
3619 3879 3723 3952 Ep.
3752 3891 3872 3939 nn;

2305 3977 2399 4034 sed
2445 3987 2628 4033 tamen
2677 3992 2800 4033 cum
2842 3976 3111 4047 episcopis
3139 3973 3509 4046 compluribus
3536 3974 3626 4046 qui
3653 3972 3710 4028 in
3740 3968 3874 4026 uultur

2302 4080 2706 4139 convenerant,
2753 4070 2941 4126 statuit
2969 4079 3024 4125 ut
3055 4086 3074 4123 ι
3114 4068 3302 4140 legatis
3346 4068 3687 4140 coepiscopis
3714 4064 3874 4125 Caldo-

2302 4166 2394 4223 nio
2434 4170 2490 4222 ct
2536 4163 2830 4221 Fortunato
2876 4154 3101 4219 Romani
3130 4160 3307 4218 missis
3330 4204 3344 4229 ,
3378 4161 3557 4217 omnia
3587 4156 3875 4237 interimin-

2305 4268 2454 4329 tegra
2507 4254 2945 4329 suspenderetur,
2997 4252 3170 4311 donec
3218 4253 3380 4313 iideut
3441 4252 3699 4325 collegar,
3744 4249 3871 4309 rebus

2309 4350 2421 4408 illic
2469 4359 2563 4407 aut
2611 4349 2678 4407 ad
2727 4364 2913 4421 pacenr
2954 4347 3186 4405 redactis
3234 4356 3327 4404 aut
3363 4362 3459 4420 pro
3499 4348 3725 4404 veritate
3750 4358 3872 4402 cura.

2305 4442 2495 4516 pcrtis,
2526 4443 2782 4500 redirent.
2819 4460 2837 4495 ι
2872 4440 2989 4499 Νοιι
3031 4440 3351 4513 ignorabant
3398 4437 3637 4511 episcopi
3670 4432 3870 4496 Africani

2307 4534 2438 4592 satis
2465 4533 2650 4603 fuisse,
2683 4550 2745 4592 cx
2777 4532 2946 4590 veteri
2997 4544 3170 4598 more,
3202 4539 3261 4587 ut
3287 4546 3348 4588 se
3374 4528 3656 4587 Cornelius
3701 4527 3871 4602 episeo-

2306 4644 2433 4701 purrr
2463 4629 2659 4686 factum
2693 4643 2788 4700 per
2826 4627 3033 4684 litteras
3065 4628 3378 4692 nuntiaret;
3412 4624 3530 4690 sed,
3561 4632 3622 4680 ut
3654 4623 3785 4680 illius
3801 4615 3871 4672 ad-

2308 4719 2563 4777 versariis
2587 4734 2803 4777 orrnrenr
2832 4717 3208 4789 perturbandae
3242 4716 3496 4773 Ecclesia:
3524 4730 3738 4771 causam
3764 4724 3870 4785 pne-

2310 4812 2628 4883 cludercnt,
2675 4812 2881 4868 litteras
2928 4810 3303 4883 episcoporum
3346 4826 3377 4865 a
3406 4808 3597 4882 quibus
3634 4807 3871 4864 ordinatus

2295 4907 2487 4964 fuerat
2516 4905 2924 4973 desiderarum,
2960 4915 3014 4961 et
3047 4905 3255 4976 legatos
3285 4902 3549 4960 nriserunt
3574 4902 3664 4973 qui
3694 4901 3778 4956 ltas
3813 4893 3870 4947 lit-

2311 5010 2455 5058 teras
2496 5001 2794 5067 rcferrent,
2819 5009 2869 5055 et
2917 5006 3081 5053 lotam
3114 5011 3229 5052 rem
3270 4994 3554 5068 diligenter
3578 4990 3869 5065 exploratam

2311 5101 2625 5162 narrarent,
2657 5112 2676 5146 ι
2711 5101 2768 5148 ιιι
2797 5100 2906 5147 tum
2950 5087 3192 5157 demum,
3223 5086 3476 5160 scrupulo
3518 5086 3663 5142 ornni
3705 5082 3764 5139 de
3788 5077 3868 5134 sin-

2310 5187 2556 5260 gulorum
2584 5184 2894 5259 pectoribus
2922 5197 3150 5241 excusso
3170 5224 3186 5251 ,
3233 5196 3330 5255 per
3372 5196 3565 5239 omnes
3596 5178 3800 5236 omnino
3831 5170 3868 5224 in

2314 5280 2493 5339 Africa
2538 5280 2742 5354 positos
2775 5277 3062 5351 episcopos
3102 5277 3295 5335 littera:
3344 5275 3567 5342 fierent,
3617 5282 3673 5331 et
3712 5273 3868 5328 Corne-

2315 5379 2445 5435 liurn
2495 5376 2732 5434 universi
2759 5370 3012 5446 collegm,
3063 5374 3309 5447 illiusque
3339 5372 3866 5432 communicationem.

2314 5471 2367 5529 id
2407 5481 2488 5527 est
2519 5469 2797 5527 catholica:
2838 5466 3094 5525 ECt‘leSiiB
3132 5469 3388 5526 unitaterrr
3439 5468 3640 5541 pariter
3681 5475 3733 5524 et
3771 5460 3866 5517 cha-

2312 5566 2526 5624 ritatcnr
2579 5565 2869 5637 probarent
2915 5561 3141 5620 firmiter
3165 5579 3229 5621 ac
3266 5572 3531 5621 tenerent.
3558 5581 3579 5616 ι
3614 5546 3868 5633 (Ερυιισισ)

2316 5662 2443 5720 ιιωε
2491 5673 2670 5720 arrlem
2720 5677 2751 5717 a
2783 5662 3052 5736 Cypriano
3099 5676 3163 5718 ea
3209 5669 3391 5716 mente
3431 5658 3651 5730 ejusque
3696 5642 3868 5715 ωιιυείε

2318 5757 2526 5829 provisa
2556 5772 2697 5823 esse,
2733 5769 2788 5811 ut
2814 5754 3049 5812 Cornelii
3083 5753 3401 5810 eiectionem
3439 5746 3765 5814 stabilirent,
3788 5748 3865 5829 uti“

2318 5851 2458 5923 quod
2476 5867 2595 5906 eam
2615 5852 2667 5906 in
2689 5849 3052 5921 suspicionem
3090 5855 3365 5917 vocarent,
3388 5843 3513 5902 inde
3532 5844 3690 5901 etiam
3709 5827 3866 5924 pchl'i‘

2318 5945 2477 6017 citur,
2492 5944 2634 6018 quod
2650 5942 2950 6017 Cyprianus
2985 5960 3005 5996 r
3033 5940 3257 6014 singulis
3274 5937 3665 6013 navigantibus,
3690 5933 3865 6008 necum
