1925 3060
543 251 1069 325 TYPOGRAPHUS
1106 265 1435 324 LECTORI.

753 377 806 408 (Ex
819 379 879 404 edit.
892 378 982 404 Venet.
994 379 1050 403 anni
1064 378 1133 408 1755,
1147 377 1164 402 ι.
1178 380 1221 409 It.)

219 543 316 572 Paucis
331 552 360 571 ac
373 544 521 571 brevissime
535 549 558 571 te
571 540 598 571 in
610 544 698 571 limine
707 543 786 578 hujus
801 543 908 571 secundi
919 553 950 571 ac
964 546 1089 576 postremi
1102 539 1469 580 OperumAreopagiticorum
1486 547 1550 573 tomi
1560 546 1673 580 detineo,
1689 548 1797 584 benigne

181 589 505 625 Lector:quandoquidem
515 591 542 617 in
552 589 652 617 Manilo
667 590 701 616 ad
712 590 824 624 priorem
838 596 936 618 tomum
947 593 1056 627 prwﬁxo
1066 591 1125 626 jam
1134 596 1157 618 te
1164 591 1299 618 certiorem
1311 585 1360 625 feci
1368 591 1399 618 de
1410 599 1511 618 summa
1521 601 1577 619 mea
1585 594 1611 619 in
1624 593 1674 620 hac
1685 593 1798 625 editione

181 636 341 671 conficienda
356 641 380 663 et
394 637 547 663 exornanda
559 645 622 663 cura
634 645 664 663 ac
677 636 827 664 sedulitate.
842 637 928 670 Quam
940 643 1030 664 exacte
1043 637 1121 672 [idem
1134 645 1218 663 meam
1233 635 1397 663 liberaverim
1411 637 1438 664 in
1449 639 1585 665 enuntiato
1600 643 1713 673 tempore
1721 645 1799 667 utro-

179 690 228 716 que
242 687 311 709 tomo
328 681 424 716 publici
439 681 510 716 juris
525 680 661 716 faciundo,
678 689 729 707 non
741 686 780 708 est
796 689 843 707 cur
856 685 933 708 verba
948 677 1056 716 faciam,
1072 689 1131 707 cum
1151 689 1215 715 opus
1225 679 1312 715 ipsum
1327 690 1372 716 per
1387 690 1442 709 sese
1458 682 1590 717 loquatur.
1605 683 1696 710 Pauca
1707 688 1795 710 tamen

179 727 243 754 mihi
263 727 374 754 dicenda
398 732 459 754 sunt
483 727 514 754 de
536 727 569 754 iis
592 735 650 761 qua:
663 726 722 753 huic
736 730 806 753 tomo
823 735 963 758 accessere,
980 721 1091 762 quidque
1109 727 1136 754 in
1155 736 1196 758 eo,
1212 731 1241 753 ut
1253 728 1371 754 ornatior
1381 728 1473 759 exiret,
1490 729 1668 762 prtestiterim.
1687 729 1798 759 Scholia

179 771 272 799 Graeca
282 773 309 799 in
325 772 411 807 Opera
425 771 608 806 Areopagitica
622 780 682 798 cum
696 771 854 798 nitidissima
877 771 906 799 S.
933 771 1020 798 Marci
1040 771 1128 798 codice
1150 772 1351 806 diligentissime
1370 771 1529 806 conferenda
1553 774 1643 800 curavi
1655 794 1662 805 ,
1683 774 1796 802 selectae

179 819 267 845 varias
289 818 429 852 lectiones,
447 823 492 844 aut
513 818 695 849 correctiones.
709 817 834 844 breviores
846 817 959 852 quidem,
979 818 1013 844 ad
1029 819 1173 853 marginem
1188 813 1323 850 adnotavi,
1333 818 1444 852 fusiores
1461 827 1529 852 vero,
1542 827 1600 853 qua:
1613 820 1699 854 potius
1714 822 1796 850 Addi-

179 867 299 892 tamenta
309 869 430 901 quantam
445 865 555 892 dicenda
566 870 641 898 sunt,
655 866 748 900 quibus
771 865 944 899 prazcedentes
966 863 1090 892 editiones
1106 874 1194 893 omnes
1213 873 1339 897 caruere,
1361 865 1396 892 ad
1413 867 1516 901 paginae
1529 867 1638 900 calcem,
1660 876 1714 894 una
1734 876 1795 895 cum

178 913 294 939 versione
308 911 414 946 Latina,
427 913 536 948 apposui
551 912 600 947 (l).
614 911 700 938 Exhis
707 910 777 937 haud
791 916 854 938 sane
868 919 953 945 pauca
966 911 1091 943 invenies,
1103 911 1249 945 pra‘sertim
1261 911 1289 937 in
1303 910 1370 938 libro
1385 911 1421 939 De
1436 912 1534 939 divinis
1550 913 1714 940 nominibus.
1738 912 1796 940 Lit-

179 961 249 984 teras
267 956 352 984 Grteci
366 957 508 992 alphabeti,
524 964 569 984 seu
581 961 657 984 notas
669 956 829 988 numerales,
853 957 947 991 quibus
966 956 1065 983 scholia
1081 956 1205 983 Germani
1225 957 1384 991 patriarcha:
1399 967 1415 984 a
1425 958 1531 985 scholiis
1547 957 1662 985 Maximi
1676 957 1798 985 monachi

177 1003 248 1031 dicto
264 1005 292 1031 in
305 1005 394 1032 codice
408 1004 536 1039 distingui
551 1003 684 1034 dicuntur.
701 1007 833 1034 accurate,
847 1007 874 1029 ut
889 1003 916 1029 in
930 1003 986 1037 ipso
1002 1002 1088 1029 codice
1102 1002 1241 1035 habentur,
1264 999 1386 1038 adjunxi.
1408 1003 1496 1031 Labor
1512 1005 1600 1038 major
1621 1005 1794 1032 insumendus

177 1049 228 1084 fuit
242 1051 276 1077 ad
290 1051 491 1078 Lansseliantzm
506 1051 650 1077 versionem
662 1048 821 1077 scholiorum
833 1049 861 1077 S.
874 1045 987 1076 Maximi
998 1048 1059 1074 huic
1070 1048 1179 1075 editioni
1190 1049 1345 1083 optandam,
1361 1058 1419 1084 qua:
1429 1058 1522 1084 parum
1539 1051 1675 1078 commoda
1688 1050 1793 1078 videba-

177 1099 232 1123 tur.
249 1095 285 1122 Et
299 1103 363 1122 sane
381 1095 451 1122 haud
475 1096 540 1122 satis
559 1095 662 1130 assequi
685 1095 738 1130 ipse
760 1102 864 1129 possum
891 1094 952 1128 quid
968 1093 1052 1120 editor
1068 1093 1228 1121 Parisiensis
1242 1102 1297 1128 pra!
1311 1095 1394 1122 oculis
1415 1095 1545 1128 habuerit,
1566 1101 1605 1128 ut,
1622 1105 1680 1124 cum
1699 1098 1789 1124 omnia

180 1140 365 1176 Areopagitica
383 1142 468 1176 Opera
484 1150 542 1168 cum
557 1141 591 1168 cl.
608 1141 657 1168 viri
671 1141 839 1168 Balthasaris
858 1139 978 1168 Corderii
992 1138 1090 1166 Latina
1103 1140 1219 1167 versione
1237 1141 1359 1174 ediderit,
1380 1141 1409 1169 S.
1431 1141 1544 1169 Maximi
1559 1143 1586 1170 in
1599 1143 1690 1170 eadem
1706 1144 1793 1180 Opera

179 1186 288 1214 sclwliis
296 1186 428 1214 Lansselii
439 1188 582 1215 versionem
594 1195 721 1222 apponere
735 1187 870 1218 maluerit,
887 1195 946 1213 cum
957 1192 1045 1213 tamen
1059 1191 1156 1221 prazsto
1175 1187 1217 1214 illi
1231 1188 1460 1215 esset'eorumdem
1475 1190 1559 1216 versio
1582 1189 1613 1216 ab
1628 1190 1684 1224 ipso
1698 1187 1797 1219 Cordee

177 1234 219 1260 rio
232 1234 315 1268 facta,
329 1239 352 1261 et
367 1233 475 1261 editioni
489 1234 671 1268 Antuerpiensi
687 1242 731 1261 an.
748 1233 816 1260 i654
834 1233 952 1264 inserta,
967 1240 1048 1268 eaque
1058 1233 1151 1264 procul
1168 1232 1248 1260 dubio
1262 1234 1372 1260 nitidior
1383 1240 1407 1261 et
1422 1232 1570 1262 accuratior
1589 1232 1634 1269 sit,
1650 1246 1730 1273 quam
1745 1238 1795 1266 illa

179 1280 365 1312 tumultuaria,
382 1285 411 1306 ut
426 1287 482 1307 eam
497 1283 572 1307 vocat
592 1279 745 1306 Lansselius
760 1279 826 1314 ipse,
842 1283 930 1313 utpote
949 1286 1028 1313 quam
1045 1286 1149 1305 summa
1165 1286 1224 1305 cum
1236 1278 1403 1313 festinatione
1414 1279 1500 1314 facere
1513 1276 1662 1309 aliquorum
1673 1283 1793 1318 precibus

175 1327 326 1361 compulsus
338 1327 399 1360 fuit,
412 1335 470 1353 cum
482 1327 596 1360 primum
610 1325 699 1353 Graece
711 1331 813 1353 tantum
825 1325 974 1352 Maximum
989 1325 1109 1353 exhibere
1123 1326 1318 1358 constituisset,
1335 1331 1363 1353 ut
1379 1327 1500 1354 idemmet
1516 1333 1637 1356 testatur.
1656 1330 1745 1363 Quare
1756 1326 1797 1358 nil

175 1373 240 1399 vitio
255 1371 404 1399 vertendum
421 1373 487 1403 viro,
506 1371 613 1399 aliunde
626 1371 796 1406 peritissimo,
815 1371 838 1397 si
857 1370 988 1405 ejusmodi
1002 1370 1084 1397 versio
1099 1369 1179 1404 paulo
1196 1370 1343 1404 obscurior,
1359 1376 1383 1398 et
1402 1370 1584 1407 inele‘gautiur,
1600 1379 1624 1400 et
1646 1375 1673 1401 in
1687 1375 1797 1410 quibus-

179 1419 242 1445 dam
262 1418 344 1445 etiam
363 1418 439 1450 locis,
454 1418 540 1445 minus
553 1422 679 1444 accurata
694 1417 831 1452 prodierit.
848 1417 899 1444 Sed
921 1426 971 1444 non
996 1418 1035 1444 ita
1055 1417 1150 1444 editori
1172 1417 1319 1445 Parisiensi
1334 1418 1535 1446 condonandum
1552 1420 1663 1453 videtur.
1683 1423 1726 1456 qui
1738 1431 1796 1450 eam

175 1465 287 1492 versioni
298 1464 468 1492 (Iorderiana:
481 1465 639 1499 praetulerit,
652 1464 749 1500 illaque
762 1465 868 1499 rejecta.
880 1465 908 1491 in
918 1465 1060 1492 editionem
1071 1473 1147 1491 suam
1162 1465 1284 1492 asciverit
1293 1484 1301 1498 ,
1316 1466 1462 1500 prazsertim
1473 1486 1480 1497 ,
1496 1475 1555 1493 cum
1575 1471 1599 1494 et
1612 1467 1682 1494 illud
1693 1469 1796 1496 incum-

176 1510 247 1537 modi
263 1509 404 1543 accederet,
420 1510 500 1546 quod,
516 1518 575 1537 cum
589 1510 666 1537 verba
681 1514 766 1537 textus
779 1509 808 1537 S.
827 1509 945 1544 Dionysii
959 1511 1030 1536 circa
1045 1519 1103 1545 quae
1118 1510 1222 1538 scholia
1233 1515 1381 1543 versantur,
1396 1512 1475 1544 plane
1497 1512 1584 1543 aliter.
1611 1514 1794 1547 utplurimum,

178 1564 205 1583 η
219 1556 331 1584 habeant
347 1558 374 1584 in
388 1557 466 1583 hacce
479 1557 596 1583 versione
608 1555 795 1587 Lansseliana,
810 1564 889 1591 quam
902 1556 929 1582 in
944 1555 1118 1588 Corderiana,
1133 1558 1185 1584 imo
1196 1562 1221 1584 et
1234 1565 1420 1592 nonnunquam
1436 1557 1566 1584 diversum
1581 1560 1687 1586 omnino
1700 1561 1796 1594 praefe.

176 1610 219 1630 rat
234 1611 358 1634 sensum;
371 1603 478 1631 nonnisi
495 1603 647 1638 difficillime
668 1612 684 1630 a
701 1603 796 1630 lectore
808 1602 906 1630 Gra'ca!
925 1603 1022 1638 linguae
1036 1604 1129 1638 ignaro
1141 1602 1298 1637 deprehendi
1315 1608 1410 1638 potest,
1424 1603 1459 1630 ad
1474 1613 1552 1639 quam
1566 1609 1668 1639 partem
1679 1605 1796 1640 ejusdem

177 1655 261 1678 textus
277 1651 382 1685 singula
396 1649 496 1677 scholia
511 1650 679 1684 pertineant:
694 1655 757 1677 eteo
772 1650 810 1677 vel
829 1650 942 1677 maxime
956 1649 1024 1684 quod
1041 1650 1269 1684 paragraphorum
1288 1649 1314 1675 in
1327 1653 1391 1684 quas
1405 1650 1493 1684 capita
1507 1650 1592 1676 divisa
1606 1655 1667 1677 sunt
1683 1652 1710 1678 in
1726 1651 1795 1679 Cor-7

175 1698 287 1725 dcriana
303 1702 388 1724 textus
402 1697 432 1725 S.
448 1697 571 1731 Dionysii
587 1697 713 1729 versione,
726 1705 850 1724 numerus
861 1698 890 1724 in
900 1696 1076 1724 Lansseliana
1088 1696 1248 1723 scholiorum
1259 1696 1386 1727 versione,
1407 1700 1483 1730 atque
1497 1697 1525 1722 in
1540 1695 1689 1724 Parisiensi
1699 1698 1795 1726 editio~

177 1754 209 1773 ne
218 1745 297 1781 plane
308 1746 421 1772 omissus
433 1745 467 1771 sit
479 1752 488 1771 :
501 1744 668 1779 quamobrem
679 1744 830 1771 eorumdem
844 1744 1004 1771 scholiorum
1021 1752 1085 1771 usus
1097 1743 1204 1770 nonnisi
1217 1743 1432 1777 impeditissimus
1443 1750 1498 1770 esse
1512 1747 1607 1778 potest.
1628 1743 1649 1769 Η
1654 1752 1690 1770 ccc
1701 1745 1740 1770 ita
1755 1751 1796 1770 me

175 1794 368 1826 permoverant,
383 1794 412 1816 ut
425 1797 519 1824 parum
535 1789 648 1824 abfuerit
659 1789 722 1824 quin
736 1789 800 1823 ipse,
811 1788 908 1823 rejecta
923 1789 995 1816 dicta
1006 1785 1137 1815 Lansselii
1151 1784 1310 1816 scholiorum
1333 1787 1362 1815 S.
1380 1787 1493 1814 Maximi
1510 1789 1636 1820 versione,
1652 1788 1795 1817 Corderia-r

175 1845 237 1863 nam
249 1837 399 1864 eorumdem
413 1836 557 1863 versionem
564 1835 644 1870 juxta
655 1834 795 1861 editionem
808 1834 1024 1869 Antuerpiensem
1034 1833 1144 1861 editioni
1157 1842 1221 1861 mea:
1241 1834 1390 1861 insererem.
1403 1832 1458 1860 Nec
1472 1833 1561 1861 deerat
1576 1835 1615 1862 vir
1630 1835 1734 1866 doctus,
1750 1836 1796 1870 qui

175 1882 252 1909 hocce
268 1882 331 1909 mihi
344 1882 482 1909 consilium
497 1880 588 1912 daret;
603 1881 697 1916 quique
714 1884 840 1908 arwterea
855 1879 978 1913 addebat,
994 1881 1042 1908 hoc
1053 1880 1185 1915 postulari
1212 1879 1243 1906 ab
1263 1879 1453 1914 uniformitatis
1468 1880 1570 1908 ratione
1584 1880 1652 1916 (qua:
1668 1881 1695 1908 in
1708 1881 1796 1916 quoli‘

177 1929 218 1955 bet
231 1936 314 1962 opere,
331 1936 390 1955 cum
406 1928 464 1962 ﬁeri
478 1931 573 1963 potest,
588 1923 716 1954 servanda
727 1927 787 1962 est),
801 1931 829 1954 ut
844 1927 959 1962 ejusdem
974 1928 1090 1954 auctoris
1104 1931 1170 1954 esset
1192 1931 1247 1952 tum
1261 1926 1343 1953 versio
1355 1931 1441 1954 textus
1454 1926 1638 1961 Areopagitici,
1649 1932 1704 1954 tum
1719 1928 1795 1954 scho-

177 1975 274 2001 liorum
289 1983 346 2009 qua:
360 1976 387 2002 in
397 1975 482 2009 ipsum
494 1975 644 2009 conscripta
656 1978 727 2002 sunt.
744 1971 833 2007 Quare
847 1978 872 2001 et
883 1975 990 2010 rejicere
1001 1974 1128 2001 suaaebat
1141 1973 1354 2001 Tilmannianam
1370 1973 1538 2009 Pachymerte
1550 1974 1749 2008 Paraphraseos
1766 1975 1794 2002 is

177 2022 313 2057 Epistolas
329 2021 358 2049 S.
371 2021 494 2056 Dionysii
507 2021 650 2048 versionem
669 2026 717 2054 pro
733 2020 897 2047 Corderiana
912 2021 1041 2052 ascitum,
1061 2028 1120 2047 cum
1137 2019 1314 2054 Paraphrases
1336 2019 1452 2054 ejusdem
1473 2020 1643 2055 Pachymerce
1667 2022 1694 2047 in
1712 2021 1794 2048 libros

177 2069 207 2097 S.
221 2068 352 2103 Dionysii,
367 2068 419 2094 imo
434 2073 460 2095 et
470 2067 570 2095 scholia
584 2064 614 2095 S.
628 2066 740 2094 Maximi
755 2067 783 2094 in
796 2068 901 2094 easdem
915 2067 1061 2102 Epistolas.
1081 2067 1134 2094 sint
1145 2074 1178 2094 ea:
1189 2065 1310 2094 Corderii
1331 2068 1457 2095 versione.
1471 2067 1618 2100 Quominus
1635 2073 1721 2095 tamen
1732 2068 1793 2094 huic

177 2114 289 2141 consilio
305 2114 493 2149 acquiescerent
506 2115 551 2148 (an
562 2119 642 2145 recte,
659 2113 782 2148 benignus
797 2113 890 2140 Lector
898 2113 1029 2147 judicium
1043 2113 1119 2148 feret)
1134 2112 1185 2139 duo
1199 2112 1366 2147 potissimum
1381 2113 1407 2139 in
1427 2121 1508 2140 causa
1522 2114 1604 2148 fuere.
1628 2113 1748 2140 Primum
1763 2121 1795 2141 ne

176 2161 278 2189 viderer
292 2160 363 2187 datm
378 2160 481 2194 publica
495 2160 558 2195 ﬁdei
568 2160 658 2195 aliqua
671 2160 696 2186 in
713 2165 787 2194 parte
798 2160 903 2192 deesse;
917 2161 1044 2196 siquidem
1058 2161 1085 2187 in
1100 2168 1140 2187 me
1153 2165 1310 2193 receperam,
1326 2160 1410 2194 Opera
1426 2160 1455 2189 S.
1468 2159 1589 2195 Dionysii
1603 2160 1680 2194 juxta
1693 2164 1794 2193 postre-

181 2216 252 2234 mam
267 2206 447 2234 Parisiensem
459 2206 610 2236 editionem.
626 2214 704 2241 quam
716 2206 818 2232 cteteris
831 2205 979 2240 pra'cellere
990 2207 1135 2233 communis
1152 2208 1288 2240 persuasio
1303 2212 1352 2239 est,
1365 2204 1504 2237 recuderc;
1519 2206 1641 2233 alterum.
1656 2205 1725 2240 quod
1745 2204 1793 2231 ade

177 2253 283 2280 modum
298 2253 421 2280 credibile
431 2252 494 2279 mihi
506 2251 645 2283 videretur,
661 2250 839 2278 Parisiensem
851 2251 987 2283 editorem,
1000 2260 1058 2278 cum
1072 2260 1105 2279 ea;
1117 2253 1216 2287 duplici
1232 2254 1354 2286 editione,
1381 2252 1556 2280 Lansseliana
1571 2252 1670 2279 scilicet
1685 2256 1709 2278 et
1726 2251 1794 2278 Cora

177 2299 298 2330 deriana,
311 2307 386 2326 suam
401 2298 516 2333 conﬂare
529 2298 604 2325 vellet
614 2318 621 2330 ,
639 2298 747 2325 meliora
764 2305 796 2324 ac
809 2298 914 2332 potiora
928 2298 1049 2333 selegisse
1059 2319 1065 2330 ,
1080 2307 1231 2333 quanquam
1245 2300 1323 2326 aliter
1336 2300 1416 2326 alicui
1428 2298 1568 2325 videretur.
1591 2296 1694 2324 Idcirco
1713 2305 1793 2332 neque

178 2344 335 2371 omittendas
351 2345 438 2371 censui
449 2348 524 2371 notas
541 2343 671 2370 Lansselii
686 2347 741 2369 tum
752 2343 779 2369 in
792 2342 891 2369 dictam
908 2342 1074 2378 Pachymera
1085 2344 1282 2379 Paraphrasim,
1298 2350 1353 2372 tum
1366 2345 1394 2372 in
1406 2345 1438 2372 Β.
1453 2345 1574 2379 Dionysii
1597 2344 1685 2372 Vitam
1700 2342 1794 2380 aSyn-

176 2391 234 2426 gelo
249 2391 434 2424 conscriptam,
448 2394 472 2417 et
487 2390 515 2416 in
528 2389 646 2423 ejusdem
659 2387 821 2423 Martyrium
835 2396 844 2415 :
858 2396 1008 2424 quanquam
1022 2389 1077 2416 htec
1093 2390 1182 2416 omnia
1196 2391 1277 2417 videri
1296 2391 1378 2418 alicui
1391 2395 1496 2425 possent
1510 2392 1618 2418 minime
1632 2393 1793 2423 necessaria,

177 2445 209 2464 ac
220 2437 332 2471 fortasse
345 2445 390 2462 nec
403 2436 480 2462 utilia
511 2436 551 2470 (ut
564 2435 630 2462 talia
645 2435 701 2461 visa
716 2434 788 2469 fuere
801 2433 938 2466 Corderio,
963 2435 1018 2470 qui,
1042 2443 1101 2461 cum
1118 2436 1208 2470 viginti
1222 2437 1325 2463 circiter
1339 2437 1415 2464 annis
1429 2441 1488 2471 post
1507 2436 1682 2469 Lansselium,
1697 2438 1793 2465 editio-

177 2491 236 2509 nem
252 2491 329 2509 suam
341 2482 559 2516 Antuerpiensem
573 2485 694 2513 curaret,
715 2489 746 2507 ea
756 2480 846 2507 omnia
858 2478 1155 2512 omisit).Nihilominus
1176 2481 1230 2515 ipse
1246 2482 1329 2508 satius
1343 2482 1419 2514 duxi,
1435 2482 1629 2518 aliquantulum
1647 2483 1791 2514 abundare.

178 2537 256 2564 quam
274 2529 302 2555 in
316 2528 373 2555 ulla
390 2536 428 2559 re.
444 2536 501 2563 quia
515 2537 531 2554 a
542 2535 671 2563 quoquam
687 2526 834 2554 desiderari
853 2531 950 2561 posset,
975 2526 1072 2554 deesse.
1098 2527 1222 2554 Attamen
1235 2535 1293 2554 cum
1315 2536 1446 2555 summum
1458 2537 1497 2556 me
1510 2528 1668 2556 desiderium
1685 2533 1792 2563 teneret,

176 2575 349 2610 perfectioris.
365 2580 492 2611 quantum
510 2575 569 2610 fieri
585 2579 682 2609 posset,
697 2573 835 2601 reddenda:
851 2573 929 2607 hujus
940 2573 1062 2600 editionis
1074 2582 1147 2605 meat,
1159 2573 1257 2601 idcirco
1272 2575 1357 2601 uirum
1366 2574 1484 2607 doctum,
1499 2576 1543 2610 qui
1558 2584 1598 2602 me
1611 2575 1643 2603 de
1655 2575 1695 2603 his
1708 2576 1792 2603 omni-

177 2619 224 2648 bus
239 2625 386 2651 monuerat,
401 2621 504 2656 rogavi,
530 2625 559 2646 ut
589 2619 702 2654 defectui
713 2640 720 2652 ,
737 2627 813 2655 quem
834 2619 869 2655 in.
883 2618 1058 2646 Lansseliana
1073 2620 1233 2647 scholiorum
1248 2619 1277 2648 S.
1294 2620 1408 2647 Maximi
1427 2621 1542 2648 versione
1558 2621 1792 2653 animadverterat,

176 2669 231 2702 ipse
242 2667 386 2695 mederetur
397 2674 406 2694 :
417 2666 485 2702 quod
499 2672 628 2701 utcunque
638 2666 790 2700 impetravi:
806 2674 868 2693 nam
879 2664 957 2692 verba
971 2670 1056 2693 textus
1068 2665 1098 2693 S.
1116 2665 1248 2702 Dionysii,
1261 2667 1333 2694 circa
1346 2675 1404 2702 quia
1417 2667 1518 2694 scholia
1531 2672 1677 2701 versantur,
1689 2667 1724 2694 ad
1733 2675 1791 2694 vers

213 2757 252 2793 (Ι)
265 2757 453 2820 ἓιιάὶταίξιεηω
470 2764 486 2784 a
499 2757 714 2785 correctionibus
730 2761 757 2786 et
771 2756 855 2784 variis
866 2755 1029 2784 lectionibus
1044 2746 1219 2786 distinximus
1233 2761 1260 2786 et
1276 2758 1346 2787 inter
1360 2766 1445 2787 uncos
1462 2759 1550 2794 posita
1565 2758 1651 2786 textui
1674 2756 1787 2785 inserui

215 2800 248 2820 is.
287 2801 344 2820 nn.
383 2801 446 2820 nn.

175 2800 248 2820 mus.
265 2800 344 2821 LI)”.
361 2800 446 2820 l’ATR.

334 2851 471 2882 PATROL.
485 2852 544 2882 Gn.
566 2850 627 2899 [γε
642 2842 669 2899 (κη

1618 2851 1632 2879 1
