1925 3060
141 169 174 196 15
526 165 697 193 APPENDIX
713 164 758 192 AD
775 163 889 193 OPILEA
904 164 935 193 Β.
953 163 1102 192 NONVS“
1121 163 1365 192 AREOPAGITA‘I.
1727 165 1759 193 η

159 239 1754 256 m

261 308 523 414 ΤΟΥ
568 307 970 412 ΑΓΙΟΥ
1015 303 1635 414 ΜΑΞΙΜΟΥ
1712 255 1736 362 ί

712 483 1184 551 ΠΡΟΛΟΓΟΣ

507 630 592 674 ΕΙΣ
624 630 695 672 ΤΑ
721 628 833 671 ΤΟΥ
865 627 1032 670 ΑΓΙΟΥ
1065 625 1378 670 ΔΙΟΝΥΣΙΟΥ.

569 787 910 868 SANCTI
930 723 1303 865 —MAXIMI

756 931 1127 991 PROLOGUS

505 1054 566 1100 IN
604 1053 802 1100 OPEBA
837 1052 1044 1098 SANCTI
1084 1051 1360 1098 DIONYSII

691 1151 869 1191 luterprete
886 1150 979 1181 Petro
996 1148 1174 1180 Lansselio.

164 1301 337 1330 Nobilitatem
345 1299 564 1337 magniDionysii
574 1304 655 1337 atque
669 1300 697 1328 in
711 1298 814 1328 divitiis
826 1299 917 1334 splen—

1002 1298 1058 1333 Τὴν
1072 1298 1121 1333 μὲν
1135 1297 1287 1332 εὐγένειαν,
1301 1298 1331 1324 τό
1341 1307 1370 1324 τε
1382 1297 1528 1333 περιφανὲς
1542 1298 1571 1325 ὲν
1584 1298 1692 1335 πλούτῳ
1706 1308 1756 1336 με.

129 1348 234 1380 dorem,
249 1347 325 1376 solus
338 1347 396 1382 ipse
410 1346 618 1374 Atheniensium
630 1349 755 1378 senatus,
771 1346 799 1372 in
816 1352 870 1380 quo
887 1348 917 1372 ut

129 1393 274 1421 consilium
286 1392 363 1420 daret
379 1392 484 1419 electus
499 1395 551 1424 est,
564 1395 741 1427 repraesentat
757 1401 764 1419 :
781 1391 917 1426 siquidcm

128 1439 355 1475 Areopagitarum
368 1446 439 1466 unus
449 1438 494 1465 hic
509 1441 577 1470 erat,
590 1439 662 1466 sicut
677 1438 786 1465 divinus
794 1437 916 1464 declara-

129 1485 166 1512 vit
197 1484 306 1517 Lucas,
331 1484 395 1511 dum
421 1487 517 1511 sancta
546 1488 703 1511 sanctorum
729 1482 916 1518 apostolorum

126 1535 203 1566 gesta
225 1533 352 1561 enarrat;
372 1536 434 1556 cum
461 1529 534 1556 enim
561 1528 675 1556 dixisset
710 1527 915 1555 sanctissimum

128 1576 285 1612 apostolum
302 1575 414 1602 Paulum
426 1574 540 1602 Athenis
556 1578 692 1610 agentem,
706 1581 738 1601 ac
749 1573 840 1601 verbis
852 1579 915 1600 cum

128 1622 292 1658 quibusdam
319 1620 650 1657 philosophisEpicureis,
674 1627 725 1648 nec
741 1628 795 1647 non
815 1618 915 1647 Stoicis

125 1669 331 1705 conﬂigentem,
354 1672 436 1703 atque
466 1667 546 1695 ﬁdem
579 1667 607 1694 in
621 1666 767 1694 Dominum
788 1669 914 1693 nostrum

124 1714 218 1743 Jesum
246 1713 398 1745 Christum,
428 1717 599 1740 mortuorum
620 1711 862 1743 resurrectionem,
887 1713 914 1738 ct

124 1760 258 1796 judicium
272 1759 428 1787 universale
454 1758 674 1789 annuntiantem,
699 1765 715 1784 a
736 1757 914 1792 philosophiae

123 1807 282 1842 expertibus
313 1805 385 1838 (nec
407 1805 479 1832 enim
502 1811 597 1832 revera
627 1808 705 1831 erant
736 1802 912 1838 philosophi)

123 1852 368 1887 comprehensum,
396 1854 478 1885 atque
508 1849 543 1877 ad
573 1849 745 1884 Areopagum
766 1849 912 1876 deductum

123 1899 218 1929 fuisse,
235 1905 267 1925 ac
282 1897 474 1925 concionatum
487 1904 502 1923 e
517 1895 632 1931 vestigio
648 1895 781 1931 quosdam
795 1896 910 1930 cepisse,

123 1947 205 1978 atque
221 1943 254 1970 ad
273 1942 395 1969 veritatis
410 1942 502 1968 lumen
520 1941 734 1976 trausposuisse,
752 1941 826 1968 addit
843 1951 849 1967 :
867 1940 912 1968 Sic

123 1989 226 2015 Paulus
246 1989 326 2016 exivit
352 1987 384 2015 de
406 1987 490 2014 medio
513 1995 624 2019 eorum;
655 1986 762 2022 quidam
777 1995 835 2013 vero
849 1987 909 2020 viri,

122 2034 285 2061 adluerentes
306 2035 340 2066 ei,
356 2033 542 2060 crediderunt:
560 2034 587 2060 in
606 2033 699 2068 quibus
713 2037 739 2059 et
767 2032 908 2067 Dionysius

121 2081 292 2114 Areopagita,
318 2084 343 2107 et
360 2079 455 2106 mulier
469 2080 574 2106 nomine
590 2079 727 2112 Damaris,
744 2083 768 2106 et
788 2079 836 2106 alii
850 2087 909 2106 cum

122 2127 160 2154 eis
177 2132 200 2152 ιι.

158 2170 214 2206 Ego
229 2179 294 2198 sane
308 2177 361 2197 non
372 2169 475 2197 frustra
491 2169 583 2201 audio,
595 2169 667 2197 inter
678 2177 774 2198 omnes
790 2170 836 2205 qui
851 2173 909 2197 tum

122 2217 254 2252 temporis
272 2224 322 2252 per
340 2216 462 2244 divinum
481 2215 595 2243 Paulum
616 2216 800 2248 crediderunt,
821 2219 909 2245 solum

122 2262 381 2298 praestantissimum
406 2261 565 2298 Dionysium
581 2263 704 2298 apposita
720 2263 801 2290 etiam
823 2262 911 2298 ipsius

121 2309 277 2344 dignitatea
289 2308 392 2336 deifero
402 2309 590 2343 conscriptore
603 2309 772 2336 nominatum
784 2316 861 2342 esse;
873 2308 911 2335 ait

121 2355 195 2382 enim
209 2355 382 2389 Areopagita,
401 2354 500 2389 adjicio
516 2358 605 2382 autem
627 2354 754 2389 amplius,
780 2354 909 2382 nimirum

121 2406 232 2438 propter
243 2402 384 2437 sapientiae
392 2401 498 2437 copiam
509 2404 535 2429 et
543 2401 731 2428 excellentiam
741 2401 911 2436 irreprehen-

121 2447 211 2475 sibilis
221 2447 292 2475 inter
306 2447 487 2475 Athenienses
501 2447 563 2475 vita:
578 2446 704 2479 instituti,
722 2447 782 2481 ejus
794 2454 855 2474 cum
870 2448 911 2473 fa-

967 1344 1049 1379 γάλου
1064 1344 1200 1370 Διονυσίου
1214 1344 1262 1371 καὶ
1281 1344 1360 1380 μόνον
1376 1345 1442 1372 αὐτὸ
1456 1345 1487 1372 τὸ
1503 1346 1572 1373 κατὰ
1595 1345 1754 1382 Ἀθηναίους

968 1390 1166 1425 βουλευτήριον,
1191 1390 1251 1417 καθ’
1273 1390 1287 1416 ὂ
1313 1390 1448 1425 βουλεύειν
1468 1391 1563 1427 ᾑρέθη,
1591 1392 1751 1428 παρίστησι.

967 1436 1026 1462 Τῶν
1040 1435 1095 1471 γὰρ
1117 1436 1317 1471 ’Δρεοπαγιτῶν
1332 1434 1372 1468 εἷς
1392 1437 1540 1473 ἐτύγχανεν
1569 1435 1655 1470 οὗτος,
1686 1439 1724 1471 ὡς
1739 1440 1754 1466 ὁ

967 1481 1037 1513 θεῖος
1053 1481 1170 1517 ἐδήλωσε
1185 1483 1301 1514 Λουκᾶς,
1319 1483 1434 1519 ἱστορῶν
1450 1483 1499 1515 τὰς
1519 1484 1573 1510 τῶν
1597 1485 1676 1520 ἱερῶν
1686 1485 1754 1512 ἁπο-

967 1528 1066 1555 στόλων
1093 1528 1168 1564 ἱερὰς
1200 1529 1328 1565 πράξεις·
1357 1529 1442 1557 εἰπὼν
1461 1530 1515 1566 γὰρ
1538 1530 1583 1558 τὸν
1605 1531 1753 1566 ἁγιώτατον
1807 1554 1810 1556 .

965 1574 1110 1602 ἀπόστολον
1120 1575 1225 1602 Παῦλον
1235 1575 1378 1611 γενόμενον
1393 1577 1421 1602 ὲν
1436 1576 1570 1612 Ἀθήναις,
1584 1577 1753 1612 συμϐαλόντα

965 1621 995 1647 τέ
1012 1630 1082 1648 τισιν
1100 1622 1140 1653 είς
1163 1621 1258 1656 λόγους
1272 1621 1325 1648 τῶν
1350 1621 1379 1655 ἐξ
1412 1622 1573 1659 Ἐπικούρου
1590 1622 1754 1658 φιλοσόφων,

965 1666 1075 1693 καὶτῶν
1091 1675 1122 1701 γε
1136 1667 1190 1704 μὴν
1209 1667 1262 1694 ἀπὸ
1280 1667 1330 1703 τῆς
1352 1669 1447 1700 στοᾶςο
1473 1670 1520 1696 καὶ
1532 1669 1688 1706 κηρύξαντα
1703 1671 1753 1706 τὴν

964 1714 1004 1744 εἰς
1015 1713 1060 1740 τὸν
1075 1713 1176 1749 Κύριον
1191 1713 1268 1748 ὴμῶν
1291 1713 1394 1749 Ἰησοῦν
1408 1714 1524 1749 Χριστὸν
1537 1716 1640 1748 πίστιν,
1656 1717 1705 1752 τήν
1722 1726 1752 1744 τε

964 1758 1017 1785 τῶν
1043 1759 1146 1795 νεκρῶν
1161 1759 1324 1792 ἀνάστασιν,
1340 1762 1387 1788 καὶ¹
1406 1762 1455 1797 τὴν
1483 1762 1626 1798 καθολικὴν
1650 1763 1751 1799 κρίσιν,

965 1804 1147 1840 συλληφθῆναι
1164 1806 1239 1842 παρὰ
1253 1806 1306 1832 τῶν
1322 1807 1491 1841 ἀφιλοσόφων
1516 1807 1556 1842 (οὐ
1573 1808 1626 1843 γὰρ
1645 1809 1752 1844 ἀληθῶς

965 1850 1125 1887 φιλοσόφων)
1137 1851 1253 1887 ἀχθῆναί
1268 1861 1298 1878 τε
1315 1852 1386 1879 κατὰ
1399 1853 1443 1878 τὸν
1464 1853 1571 1888 Ἀρειον
1593 1854 1693 1888 πάγον,
1705 1856 1752 1881 καὶ

963 1895 1199 1932 δημηγορήσαντα,
1212 1898 1382 1934 παραχρῆμά
1396 1907 1472 1930 τινας
1486 1899 1565 1932 ἑλεῖν,
1582 1900 1630 1925 καὶ
1643 1900 1711 1936 πρὸς
1720 1900 1751 1928 τὸ

962 1943 1011 1978 τῆς
1027 1943 1154 1979 ἀληθείας
1171 1944 1325 1979 μεταθεῖναι
1337 1944 1405 1979 φῶς,
1425 1945 1520 1979 ἐπάγει
1537 1953 1543 1959 “
1558 1945 1612 1972 Καὶ
1629 1946 1720 1980 οὓτως
1734 1947 1752 1974 ό

926 1973 948 2000 Β
961 1973 1081 2021 nimo;
1094 1973 1222 2023 έξῆλὸεν
1230 1989 1264 2016 ἐκ
1271 1973 1368 2024 μέσιέυ
1382 1973 1491 2017 (inter:
1505 1990 1583 2023 τινὲς
1593 1991 1626 2017 δὲ
1633 1973 1752 2026 ἀνδρὲς,

968 2035 1169 2069 κολληθέντες
1183 2036 1264 2069 αὐτῷ
1275 2056 1282 2068 ,
1298 2036 1500 2064 ἐπίστευσαν·
1515 2037 1550 2064 ἐν
1563 2038 1605 2071 οἷς
1622 2039 1670 2065 καὶ
1686 2041 1751 2066 Διο-

961 2081 1067 2113 νύσιος
1086 2083 1103 2108 ὀ
1127 2082 1345 2116 Ἀρεοπαγίτης,
1362 2082 1410 2109 καὶ
1429 2083 1505 2118 γυνὴ
1519 2084 1640 2118 ὀνόματι
1654 2084 1751 2120 Δάμα-

958 2136 1016 2161 ρις,
1032 2127 1080 2154 καὶ
1095 2127 1187 2161 ἕτεροι
1198 2128 1258 2155 σὺν
1270 2128 1381 2162 αὐτοῖς.

1004 2172 1073 2207 Ἐγὼ
1092 2173 1140 2208 μὲν
1161 2172 1207 2200 οὖν
1222 2174 1253 2200 οὐ
1275 2174 1362 2210 μάτην
1384 2174 1474 2201 ἀκούω
1487 2174 1534 2201 τοῦ
1558 2175 1632 2211 παρὰ
1646 2176 1752 2209 πάντας

961 2219 1024 2250 τοὺς
1038 2219 1250 2251 πεπιστευκότας
1264 2220 1324 2246 τότε
1340 2220 1384 2247 διὰ
1406 2221 1453 2247 τοῦ
1469 2220 1539 2247 θείου
1560 2222 1677 2254 Παύλου,
1700 2223 1749 2258 μό-

961 2272 1005 2291 νον
1016 2264 1062 2291 τδν
1078 2264 1187 2300 ἄριστον
1212 2265 1350 2292 Διονύσιον
1375 2266 1586 2303 ἐξονομασθῆναι
1612 2269 1687 2305 παρὰ
1702 2269 1751 2296 τοῦ

962 2308 1090 2346 θεοφόρου
1118 2311 1306 2346 συγγραφέως,
1328 2311 1521 2347 προστεθείσης
1536 2313 1619 2340 αὐτοῦ
1637 2315 1683 2341 καὶ
1700 2314 1751 2350 τῆς

962 2355 1058 2388 ὰξίας’
1075 2357 1143 2390 φασὶ
1163 2356 1217 2392 γὰρ
1237 2356 1456 2390 Ἀρεοπαγίτης,
1476 2357 1613 2385 ἐπιϐάλλω
1638 2360 1666 2386 δὲ
1682 2360 1750 2396 μᾶλ-

962 2401 1017 2433 λον,
1032 2402 1073 2428 ὅτι
1088 2402 1132 2428 διά
1144 2411 1174 2428 τε
1191 2402 1221 2428 τὸ
1232 2401 1302 2428 κατὰ
1322 2402 1416 2436 σοφίαν
1433 2403 1569 2438 περιττὸν,
1586 2405 1632 2431 καὶ
1647 2404 1691 2431 διὰ
1718 2405 1749 2431 τὺ

962 2447 992 2474 ὲν
1013 2447 1166 2483 Ἀθηναίοις
1176 2447 1359 2483 ἀνεπιλήπτου
1371 2447 1507 2480 πολιτείας
1530 2448 1663 2484 ἔκκριτον,
1680 2458 1749 2484 μνη-

120 2494 196 2521 milia
203 2494 367 2521 mentionem
377 2493 474 2520 factam
482 2491 702 2520 esse.Sciendum
708 2492 909 2525 enimest,sicut
922 2507 923 2510 η

964 2493 1124 2530 μονευθῆναι
1140 2493 1209 2528 μετὰ
1222 2494 1271 2530 τῆς
1286 2493 1374 2525 οἰκίας
1401 2494 1492 2521 αὐτοῦ.
1509 2495 1569 2530 Χρὴ
1596 2495 1623 2520 δὲ
1638 2495 1748 2527 εἰδέναι,

121 2544 201 2568 antea
209 2540 313 2572 monui,
320 2549 375 2568 non
384 2539 504 2575 cujusvis
513 2539 631 2566 hominis
640 2539 733 2572 fuisse,
741 2539 908 2574 inAreopagi

121 2591 218 2616 senatu
237 2586 394 2622 dignitatem
408 2586 499 2620 obire;
513 2586 561 2613 sed
576 2593 669 2613 eorum
682 2586 727 2620 qui
743 2585 814 2620 apud
824 2585 908 2613 Athe-

120 2634 240 2665 nienses,
252 2641 360 2669 genere,
369 2633 472 2661 divitiis
488 2640 519 2659 ac
531 2632 593 2660 vitae
607 2632 741 2667 probitate
755 2632 857 2667 primas
867 2635 908 2659 tc—

119 2672 219 2707 nebant
230 2689 237 2713 ;
248 2684 275 2708 et
285 2680 331 2715 qui
350 2681 378 2707 in
388 2679 440 2706 hoc
451 2679 571 2706 illustres
585 2679 780 2712 censebantur,
795 2683 906 2707 senten-

120 2726 186 2752 tiam
202 2726 229 2752 in
247 2726 387 2761 Areopago
399 2725 539 2757 ferebant;
557 2724 691 2760 siquidem
703 2733 734 2752 ex
746 2733 842 2752 novem
857 2725 904 2760 qui

119 2772 233 2800 Athenis
241 2771 386 2800 archontes
394 2771 535 2800 constituti
541 2775 628 2806 erant,
637 2771 813 2808 Areopagitas
824 2771 906 2807 (sicut

175 2888 187 2902 ι
203 2881 263 2911 Act,
280 2889 346 2916 xvu,
361 2881 408 2916 33,
425 2884 469 2913 δι.

958 2539 1033 2567 καθὰ
1049 2539 1183 2575 προέφην,
1198 2539 1236 2571 ὡς
1249 2540 1279 2566 οὑ
1297 2539 1397 2572 παντὸς
1414 2540 1509 2576 ἀνδρὸς
1521 2538 1565 2575 ἦν,
1589 2541 1629 2572 εἰς
1644 2541 1692 2575 τὴν
1718 2541 1748 2573 ἐξ

964 2586 1067 2622 Ἀρείου
1079 2586 1166 2620 πάγου
1182 2585 1280 2622 βουλὴν
1294 2586 1394 2612 τελεῖν·
1412 2586 1469 2612 ἀλλ’
1478 2587 1502 2612 οἱ
1519 2587 1583 2622 παρ’
1596 2585 1748 2622 Ἀθηναίοις

955 2631 1138 2668 πρωτεύοντες
1152 2631 1180 2658 ἐν
1191 2640 1220 2658 τε
1229 2632 1301 2666 γένει
1316 2623 1480 2667 καὶίπλούτῳ
1495 2632 1541 2659 καὶ
1555 2631 1604 2667 βίῳ
1619 2632 1728 2668 χρηστῷ
1738 2642 1744 2647 ·

956 2678 1003 2705 καλ⁵
1030 2677 1101 2704 κατὰ
1120 2678 1193 2705 τοῦθ’
1216 2679 1240 2704 οἱ
1264 2679 1394 2714 ἐπίσημοι
1419 2674 1588 2709 καθεστῶτες
1607 2677 1746 2704 ἐϐούλευον

957 2726 998 2757 εἰς
1011 2726 1059 2761 τὴν
1074 2724 1104 2757 ἐξ
1124 2725 1228 2761 Ἀρείου
1247 2725 1334 2760 πάγου
1356 2725 1467 2760 βουλήν·
1483 2725 1516 2751 ἐκ
1528 2723 1583 2760 γὰρ
1598 2724 1651 2751 τῶν
1668 2724 1746 2751 ἐννέα

959 2773 1165 2808 καθισταμένων
1181 2772 1317 2809 ἀρχόντων
1333 2771 1489 2807 Ἀθήνῃσιν,
1506 2769 1570 2802 τοῦς
1584 2770 1745 2806 Ἀρεοπαγί-
