1925 3060
198 174 231 201 Π

620 171 650 198 S.
665 168 788 198 MAXIMI
809 165 991 196 PROLOGUS
1004 166 1038 193 IN
1053 166 1166 195 OPERA
1183 166 1212 195 S.
1231 165 1389 195 DIONYSII.

1769 164 1802 192 i8

195 239 245 263 τας
254 230 307 257 ἔδει
322 229 478 256 συνεστάναι
492 228 629 262 δικαστὰς,
646 228 684 260 ὥς
702 236 783 263 φησιν
817 227 971 263 Ἀνδροτίων
986 249 989 255 .

1030 224 1172 253 ληᾱτοῑῑοο
1195 225 1224 253 in
1246 225 1365 253 secunda
1388 224 1448 252 τῶν
1466 222 1604 252 Ἀτθίδων
1615 223 1663 259 ait)
1678 226 1805 251 constare

196 277 225 303 ὲν
235 275 346 312 δευτέρα
356 275 410 302 τῶν
426 275 575 302 Ἀτθίδων·
587 275 697 309 ὕστερον
710 273 738 300 δὲ
753 273 882 300 πλειόνων
897 273 976 307 γέγο-

195 331 239 349 νεν
254 323 270 358 ή
284 322 313 354 ἐξ
335 322 436 357 ’Δρείου
446 321 531 355 πάγου
548 320 638 356 βουλὴ,
650 320 786 346 τουτέστιν
800 320 816 354 ἡ
828 318 857 351 ἐξ
872 318 974 354 ἀνδρῶν

165 367 167 370 ’
196 368 430 404 περιφανεστὲρων
445 367 609 402 πεντήκοντα
623 366 668 392 καὶ
679 366 747 397 ἐνὸς,
765 365 834 401 πλὴν
850 364 879 397 ἐξ
892 365 976 391 εὐπα-

195 414 302 450 τριδῶν,
316 413 353 445 ὡς
367 413 480 448 ἔφημεν⁷
494 412 542 439 καὶ
552 412 660 447 πλούτῳ
671 412 718 438 καὶ
734 411 781 446 βίῳ
792 410 908 446 σώφρονι
919 410 976 437 δια-

196 459 341 495 φερόντων,
363 459 401 490 ὼς
414 460 516 494 ἱστορεῖ
538 458 678 493 Φιλόχορος
691 457 735 484 διὰ
748 458 797 492 τῆς
815 458 910 493 τρίτης
923 457 976 483 τῶν

196 505 285 532 αὐτῶν
307 504 453 531 Ἀτθίδων.
476 504 549 536 Ἐξω
575 504 602 530 δὲ
618 504 667 539 τῆς
681 503 783 535 πόλεως
795 500 831 540 ἦν
848 503 878 529 τὸ
906 501 977 529 κατά

199 551 305 586 Ἀρειον
324 550 408 584 πάγον
422 550 601 586 δικαστήριον,
613 549 710 584 κληθὲν
725 548 880 588 οὗτω,(ιιαθ’
893 548 911 575 ὃ.
927 557 977 583 μυ-

197 596 349 630 θολογοῦσιν
370 596 556 631 Ἀθηναῖοι)ὲκ
569 595 617 622 τοῦ
636 595 695 621 κατ’
712 595 794 630 αὐτὴν
818 595 867 629 τὴν
881 594 976 630 ἐξοχὴν

195 642 242 668 τοῦ
259 641 328 668 κατὰ
341 642 390 678 τὴν
405 642 481 668 πόλιν
493 642 574 677 ὅρους
589 641 734 673 συστάντος
745 641 918 677 δικαστηρίου
934 650 978 677 με-

195 687 261 721 ταξὺ
272 687 435 719 Ποσειδῶνος
453 688 500 714 καὶ
518 688 638 723 Ἀρεως”
653 687 667 713 6
681 687 734 722 γάρ
749 687 881 713 Ποσειδῶν
901 686 977 722 δίκην

197 732 256 760 εἷπε
271 734 338 769 πρὸς
353 734 439 769 ’Ἄρεα
456 733 525 760 κατά
554 734 616 765 τοὺς
646 733 775 768 ἀρχαίους
793 733 892 768 μύθους
913 734 977 768 παρ’

204 779 353 815 Ἀθηναίοις
367 779 396 806 ὲν
412 779 450 814 τῷ
467 779 541 814 τόπῳ
557 779 645 814 τούτῳ
656 799 664 811 ,
682 778 791 813 φάσκων
806 779 978 814 ἀναιρεθῆναι

197 825 243 852 τὸν
259 825 321 852 ίδιον
342 825 398 852 υἱδν
419 825 584 862 Ἁλιρρόθιον
606 826 651 852 ὑπ’
668 827 787 862 Ἄρεως·
808 825 934 852 κάκεῖθεν
949 825 979 858 ἐξ

200 872 304 907 Ἀρεως
323 873 336 899 6
352 872 438 907 πάγος
457 873 559 904 ἐκεῖνος
580 872 687 907 Ἀρειος
707 872 818 908 ἐκλήθη.
842 871 980 904 Ἐδίκαζον

197 916 244 945 οὖν
258 919 449 954 Ἀρεοπαγῖται
458 919 522 954 περὶ
533 919 642 946 πάντων
653 918 744 954 σχεδὸν
753 918 806 945 τῶν
817 918 979 953 σφαλμάτων

198 963 244 991 καὶ
272 964 448 1000 παρανομιῶν
463 983 470 996 ,
494 964 532 996 ὡς
558 964 665 991 ἅπαντά.
712 973 792 1000 φησιν
824 964 980 1001 Ἀνδροτίων

198 1009 227 1036 ὲν
255 1010 361 1046 πρώτῃ,
382 1010 429 1037 καὶ
441 1010 583 1045 Φιλόχορος
595 1011 623 1037 ὲν
643 1010 756 1046 δευτέρᾳ
773 1011 820 1038 καὶ
833 1011 911 1046 τοίτῃ
926 1010 981 1038 τῶν

204 1055 353 1083 Ἀτθίδων.

233 1100 284 1127 Διὰ
297 1101 327 1127 δὲ
347 1100 427 1128 τοῦτο
449 1101 497 1128 ᾱτε
521 1101 621 1129 καινῶν
639 1102 783 1138 δαιμονίων
812 1103 981 1137 καταγγελέα

198 1145 244 1173 τὸν
262 1146 397 1173 θειότατον
419 1146 542 1179 Παῦλον,
565 1147 602 1180 ὡς
625 1149 764 1184 ιστόρησεν
791 1150 806 1175 6
833 1149 983 1185 φιλαλήθης

199 1192 343 1225 Ammiqu
352 1193 400 1228 τῆς
411 1193 462 1220 ὑπὸ
478 1193 545 1220 Θεοῦ
560 1194 747 1230 μωρανθείσης
757 1195 853 1230 σοφίας
866 1195 981 1232 ἐρασταὶ

200 1238 268 1274 πρὸς
284 1238 332 1274 τὴν
349 1238 378 1271 ἐξ
407 1239 512 1275 Ἀρείου
529 1240 616 1274 πάγου
635 1240 731 1277 βουλὴν
753 1241 885 1270 ἕλκουσιν.
913 1242 981 1269 Ἀλλ’

199 1285 297 1316 ἐντοῖς
321 1284 525 1320 Ἀρεοπαγίταις
547 1286 695 1322 τηνικαῦτα
713 1287 809 1323 χρόνου
831 1287 981 1322 βουλεύων,

199 1330 246 1357 ἆτε
256 1330 385 1366 δικαστὴς
411 1331 617 1364 ἀκλινέστατος,
637 1333 651 1359 6
673 1332 820 1368 πάμμεγας
836 1334 981 1368 Διονύσιος,

198 1376 345 1403 ἀδέκαστον
360 1377 490 1413 ἀπένειμε
504 1379 537 1414 τῇ
552 1378 621 1405 κατὰ
629 1379 675 1405 τὸν
684 1380 902 1416 πνευματοφόρον
910 1380 983 1408 Παῦ-

199 1423 244 1449 λον
263 1422 375 1459 ἀληθείᾳ
399 1423 447 1459 τὴν
463 1423 560 1459 ψῆφον,
572 1424 708 1460 ὲρῥῶσθαί
721 1434 751 1452 τε
774 1426 858 1453 πολλὰ
876 1427 983 1462 φράσας

199 1471 232 1504 τῇ
247 1469 301 1496 τῶν
322 1469 520 1505 Ἀρεοπαγιτῶν
534 1470 638 1506 ἀνοήτῳ
652 1471 661 1486 ¹
670 1472 823 1508 σεμνότητι,
839 1473 884 1499 τὸν
897 1473 982 1509 ἀληθῆ

200 1517 248 1541 καὶ
265 1515 466 1542 πανεπίσκοπον
496 1515 590 1552 κριτὴν
606 1517 710 1549 ἐννοίας
729 1519 847 1554 Χριστὸν
868 1519 980 1554 Ἰησοῦν,

1024 272 1181 307 oportebat;
1195 275 1288 308 postea
1303 271 1425 306 pluribus
1439 278 1587 299 concessus
1603 269 1655 297 fuit
1669 269 1804 304 Areopagi

1025 321 1146 350 senatus,
1166 317 1194 345 id
1209 322 1249 345 est
1263 325 1297 345 ex
1314 317 1380 345 viris
1396 316 1591 345 illustrioribus
1607 315 1805 351 quinquaginta

1024 368 1051 392 et
1065 364 1122 396 uni,
1139 363 1336 397 sedjnobilibus
1348 366 1448 397 tamen,
1462 367 1493 391 ut
1515 363 1644 394 diximus,
1657 369 1688 389 ac
1702 361 1806 388 divitiis

1024 410 1139 445 vitaeque
1161 409 1294 437 modestia
1313 409 1520 442 excellentibus,
1536 409 1608 436 sicut
1626 407 1806 435 Philochorus

1026 458 1053 485 in
1069 457 1148 485 tertia
1164 457 1224 484 τῶν
1242 456 1381 484 Ἀτθίδων
1405 456 1561 483 earumdem
1588 458 1690 482 narrat.
1720 452 1807 480 Porro

1025 507 1102 531 extra
1113 503 1250 530 civitatem
1260 506 1319 530 erat
1330 501 1556 537 Areopagitarum
1568 500 1698 532 tribunal,
1707 499 1747 527 sic
1758 506 1807 526 no-

1026 550 1159 576 minatum
1185 548 1276 585 (prout
1305 547 1461 575 fabulantur
1482 545 1674 581 Athenienses)
1696 549 1807 580 propter

1027 594 1149 622 eamdem
1165 593 1352 621 excellentiam
1369 601 1403 621 ex
1415 592 1518 628 judicio
1533 593 1604 628 quod
1617 593 1689 619 inter
1706 591 1808 626 Neptu-

1027 649 1092 668 num
1106 644 1132 668 et
1150 640 1263 668 Martem
1274 640 1303 667 in
1314 639 1434 667 civitatis
1444 642 1536 666 monte
1547 639 1726 667 constitutum
1738 638 1789 665 fuit
1800 646 1806 663 :

1026 687 1169 723 Neptunus
1192 687 1264 714 enim
1279 686 1441 722 (secundum
1454 685 1581 720 antiquas
1600 684 1808 712 Atheniensium

1028 733 1144 767 fabulas)
1159 733 1187 760 in
1198 733 1251 760 hoc
1266 733 1326 760 loco
1340 737 1436 759 contra
1461 731 1574 759 Martem
1593 738 1704 759 causam
1727 730 1807 761 dixit,

1028 785 1154 807 asserens
1169 778 1254 805 ﬁlium
1271 786 1350 806 suum
1365 776 1578 804 Halirrhothium
1599 783 1614 802 a
1638 775 1722 803 Marte
1736 775 1810 802 occi—

1029 832 1101 858 sum,
1116 827 1143 852 et
1156 824 1219 851 inde
1232 823 1310 851 collis
1326 823 1371 850 ille
1391 830 1425 850 ex
1441 822 1528 850 Marte
1543 823 1652 858 Ἀρειος
1674 829 1722 849 seu
1736 821 1809 848 Mar-

1030 872 1084 899 tius
1094 875 1207 898 vocatus
1218 875 1268 898 est.
1294 869 1456 897 Judicabant
1476 868 1559 904 igitur
1571 868 1741 903 Areopagitae
1755 867 1811 894 fere

995 902 1016 929 Β
1031 916 1064 944 de
1071 917 1198 944 omnibus
1206 916 1326 952 peccatis
1334 919 1360 943 et
1372 902 1572 950 iniquitatibus,
1579 913 1650 941 sicut
1659 902 1810 940 Androtion

1031 963 1059 990 in
1072 962 1168 997 prima,
1187 967 1215 989 et
1232 961 1412 989 Philochorus
1429 961 1459 989 in
1471 960 1591 989 secunda
1609 963 1636 987 et
1661 959 1740 987 tertia
1753 959 1809 985 τῶν

1037 1009 1175 1037 Ἀτθίδων
1198 1008 1284 1036 aiunt.

1064 1097 1211 1133 Propterea
1227 1097 1348 1125 divinum
1372 1095 1486 1124 Paulum
1502 1096 1587 1124 veluti
1602 1102 1735 1123 novorum
1757 1095 1814 1122 da:-

1031 1145 1183 1171 moniorum
1200 1144 1420 1170 annuntiatorem
1437 1142 1518 1174 (sicut
1538 1148 1632 1169 amans
1647 1141 1704 1168 veri
1723 1139 1813 1168 Lucas

1031 1190 1152 1218 narravit
1164 1189 1196 1226 b)
1222 1190 1310 1217 stultae
1334 1188 1406 1224 apud
1419 1188 1502 1216 Deum
1516 1187 1655 1223 sapientiae
1665 1190 1811 1218 amatores,

1032 1236 1065 1263 ad
1077 1235 1298 1271 Areopagitarum
1312 1234 1446 1270 judicium
1476 1234 1599 1267 trahunt,
1621 1240 1715 1261 verum
1741 1232 1813 1259 inter

1031 1281 1207 1316 Areopagitas
1217 1284 1273 1308 tum
1284 1280 1422 1315 temporis,
1434 1285 1463 1307 ut
1471 1279 1712 1308 constantissimus
1718 1278 1813 1314 judex,

1031 1328 1166 1355 maximus
1185 1327 1342 1362 Dionysius,
1367 1326 1502 1354 calculum
1524 1326 1598 1352 nullo
1614 1332 1727 1352 munere
1753 1331 1814 1352 cor-

1032 1376 1141 1408 ruptum
1157 1373 1265 1401 veritati
1277 1380 1327 1408 pro
1338 1371 1486 1407 spiritifero
1500 1371 1584 1398 Paulo
1595 1371 1717 1403 tradidit,
1733 1374 1814 1405 atque

1032 1419 1399 1455 insipientiAreopagitarum
1414 1417 1542 1453 gravitati
1556 1424 1588 1444 ac
1602 1416 1816 1445 severitatimul—

1033 1470 1090 1494 tum
1102 1466 1264 1498 valedicens,
1281 1471 1375 1492 verum
1388 1471 1420 1491 ac
1436 1463 1560 1492 omnium
1571 1463 1752 1497 inspectorem
1770 1461 1815 1496 ju-

1033 1513 1122 1541 dicem
1144 1511 1238 1540 Iesum
1265 1510 1405 1539 Christum
1419 1509 1588 1544 unigenitum
1606 1508 1659 1536 Dei.
1673 1511 1700 1535 et
1725 1507 1817 1534 Patris

200 1560 245 1587 τὸν
257 1561 302 1588 τοῦ
320 1561 386 1588 Θεοῦ
399 1562 447 1588 καὶ
466 1562 571 1598 [ἰατρὸς
592 1562 655 1590 Υἰὺν
675 1552 805 1600 μονογενῆ
822 1564 874 1592 κώ
885 1552 979 1599 Λόγον,

1033 1559 1230 1592 Filium,quem
1246 1556 1346 1583 Paulus
1359 1554 1530 1591 praedicarat,
1540 1554 1631 1580 animo
1646 1552 1814 1587 concipiens,

201 1606 229 1633 δν
252 1607 266 1633 6
289 1607 393 1639 Παῦλος
416 1607 566 1643 ἐκήρυξεν,
595 1609 674 1641 εὐθὺς
700 1609 788 1644 εἴχετο
805 1610 852 1637 τοῦ
870 1612 958 1645 φωτός
972 1618 979 1625 ⁸

202 1651 252 1678 κᾶν
266 1651 321 1688 γὰρ
333 1653 358 1678 οἱ
386 1652 514 1688 Ῥωμαῖοι
530 1653 590 1680 τότε
609 1653 749 1689 ἐκράτουν,
767 1654 824 1682 ἀλλ’
846 1654 892 1682 οὖν
902 1657 981 1682 αὐτο-

202 1697 300 1732 νόμους
313 1697 420 1732 ἀφῆκαν
427 1697 539 1732 Ἀθήνας
558 1698 604 1724 καὶ
619 1699 848 1734 Λακεδαιμονίαν·
866 1701 926 1728 ὅθεν
942 1701 981 1728 ἔτι

202 1742 277 1778 παρὰ
307 1743 456 1778 Ἀθηναίοις
476 1742 574 1770 καὶτὰ
601 1743 671 1771 κατὰ
692 1745 755 1776 τοὺς
790 1745 983 1782 Ἀρεοπαγίτας

202 1788 381 1814 ἐπολιτεύετο.
399 1789 454 1815 Καὶ
471 1788 585 1815 τελεῖται
595 1789 644 1824 μὲν
665 1789 772 1817 ἅπαντα
783 1791 833 1827 τῆς
848 1793 983 1828 σωτηρίας

202 1833 236 1860 τά
245 1833 366 1868 δόγματα
376 1833 419 1860 διὰ
430 1833 535 1861 Παύλου
545 1834 592 1861 τοῦ
605 1835 761 1871 κρατίστου,
772 1837 984 1872 παιδαγωγεῖται

202 1879 231 1906 δὲ
248 1879 442 1911 διδασκαλικῶς
455 1881 469 1906 6
492 1879 628 1912 Διονύσιος
646 1881 698 1907 ὑπὸ
715 1881 836 1917 Ἱεροθέῳ
849 1883 888 1919 τῷ
904 1885 981 1919 μεγί-

204 1933 268 1960 στῳ,
286 1925 357 1952 καθά
366 1934 447 1960 φησιν
460 1926 474 1952 6
491 1926 572 1957 αὑτός
584 1934 590 1941 ·
611 1924 670 1953 εἶτα
686 1927 845 1955 καθίσταται
868 1929 938 1956 κατὰ
953 1929 984 1956 τὸ

204 1971 350 2006 φερόμενον
374 1972 403 1998 ὲν
428 1971 533 2007 ἑϐδόμῳ
558 1972 650 2008 βιϐλίῳ
676 1973 736 2000 τῶν
765 1974 985 2002 Ἀποστολικῶν

204 2017 406 2051 διαταγμάτων
434 2018 449 2044 6
485 2017 620 2050 Διονύσιος
645 2019 794 2051 ἐπίσκοπος
827 2021 879 2047 ὑπὸ
911 2022 984 2048 Παύ-

204 2061 249 2089 λου
264 2061 309 2088 τοῦ
326 2062 501 2097 χριστοφόρου
515 2063 568 2090 τῶν
583 2065 611 2091 ἐν
631 2064 756 2101 Ἀθήνῃσι
772 2067 982 2095 πιστευσάντων.

240 2107 411 2143 Μνημονεύει
433 2108 461 2134 δὲ
481 2109 528 2136 τοῦ
551 2110 755 2146 ’Δρειοπαγίτου
779 2113 826 2139 καὶ
847 2114 984 2147 Διονύσιος

205 2153 318 2188 ἀρχαῖος
331 2153 479 2188 Κορινθίων
491 2154 647 2189 ἐπίσκοπος,
660 2157 707 2184 καὶ
717 2158 895 2194 Πολύκαρπος
907 2161 935 2187 ἐν
950 2163 984 2197 τῇ

207 2197 274 2235 πρὸς
305 2198 460 2234 Ἀθηναίους
476 2201 602 2237 ἐπιστολῇ
619 2202 711 2230 αὑτοῦ.
733 2204 810 2231 Ἔστι
821 2205 849 2232 δὲ
871 2206 921 2242 τὴν
937 2207 983 2243 ὀρι-

207 2245 304 2281 θότητα
325 2246 372 2272 καὶ
401 2246 585 2282 πολυμάθειαν
609 2249 800 2284 ἀποθαυμάσαι
830 2251 876 2278 τοῦ
899 2240 984 2287 ’ἁγίου
1000 2240 1023 2267 D

205 2291 298 2317 τούτου
311 2292 457 2326 Διονυσίου,
468 2293 513 2320 τὸν
525 2293 631 2329 ἀληθῶς
641 2295 686 2322 διὰ
696 2296 794 2332 πολλῆς
803 2298 920 2333 ἠγμένον
931 2300 986 2326 ἐπι-

207 2338 312 2373 στήμης
333 2337 386 2364 τῶν
414 2339 602 2375 ἀνεπιλήπτων
621 2341 670 2377 τῆς
692 2342 850 2378 Ἐκκλησίας
870 2346 986 2380 παραδό-

207 2391 285 2416 σεων,
302 2383 447 2411 θεάσασθαί
457 2393 487 2411 τε
505 2385 539 2411 τὰ
555 2385 630 2422 παρά
646 2388 702 2419 τοῖς
715 2388 769 2415 τῶν
789 2389 919 2425 Ἐλλήνων
941 2399 987 2425 φι-

207 2430 327 2464 Λοσόφοις
342 2430 404 2456 νόθα
413 2431 532 2466 δόγματα
542 2431 609 2466 πρὸς
622 2432 670 2468 τὴν
685 2433 812 2469 ἀλήθειαν
827 2444 987 2471 μετενηνεγ-

207 2476 286 2512 μένα.
323 2476 446 2511 Ἑλεῆσαι
463 2477 518 2512 γὰρ
541 2478 598 2504 ἐστι
620 2479 718 2513 μᾶλλον
746 2481 794 2507 καὶ
824 2481 989 2518 συναλγῆσαι

207 2522 256 2557 τῆς
272 2522 437 2558 ἀπροσεξίας
459 2524 522 2555 τοὺς
542 2524 689 2560 ὀλιγώρους
708 2526 758 2562 τῆς
780 2528 988 2562 εὐπαιδευσίαςί

209 2567 363 2600 ἐξεταστὰς,
378 2569 419 2595 ὅτι
432 2570 466 2604 τῇ
481 2569 554 2603 σφῶν
564 2570 668 2606 ἀμαθίᾳ
679 2573 863 2608 συμμετροῦσι
880 2575 926 2602 καὶ
939 2576 989 2608 τὰς

209 2613 263 2641 τῶν
281 2614 343 2650 ἑξῆς
365 2614 515 2650 ἀνθρώπων
534 2615 690 2651 φιλομαθεῖς
716 2618 912 2654 εὐθημοσύνας.
932 2622 988 2649 Ἐν-

670 2716 785 2746 ἾΔΒΙᾸΕ
802 2719 993 2751 LECTIONES

256 2760 270 2780 ιι
282 2759 343 2787 Act.
373 2767 441 2794 xvu,
458 2761 502 2788 18.

263 2815 271 2831 ¹
287 2816 416 2852 ἀνονήτῳ.
463 2818 473 2832 ¹
489 2817 672 2849 ἀπαιδευσίας.

246 2874 253 2883 ‘
275 2873 311 2900 Ex
327 2874 421 2902 codice
438 2875 467 2902 S.
483 2874 565 2902 Marci
581 2874 688 2902 Vrueti.

1033 1604 1126 1633 statim
1143 1603 1240 1630 lumini
1255 1602 1383 1635 adhaesit;
1402 1601 1453 1629 etsi
1463 1601 1536 1628 enim
1554 1599 1670 1626 Romani
1683 1602 1750 1625 tunc
1767 1597 1816 1625 do-

1033 1651 1213 1681 minarentur,
1225 1651 1314 1675 tamen
1328 1647 1448 1674 Athenas
1462 1650 1490 1673 et
1511 1644 1743 1674 Lacedmmouiam
1753 1651 1816 1680 pre-

1033 1696 1101 1731 priis
1125 1695 1163 1722 uti
1178 1694 1284 1730 legibus
1300 1693 1444 1726 sinebant;
1458 1692 1531 1719 unde
1545 1691 1634 1719 adhuc
1651 1691 1724 1726 apud
1733 1690 1817 1718 Athe-

1033 1741 1142 1768 nienses
1169 1739 1354 1775 magistratus}
1370 1737 1593 1773 Areopagitarum
1621 1743 1735 1763 munere
1766 1743 1816 1763 suo

1034 1786 1217 1822 fungebantur
1233 1795 1239 1813 :
1257 1793 1289 1812 ac
1303 1784 1430 1812 omnibus
1445 1783 1554 1818 quidem
1571 1782 1667 1810 salutis
1683 1781 1817 1816 dogmati-

1033 1833 1085 1861 bus
1100 1840 1115 1860 a
1129 1832 1353 1868 pmstantissimo
1367 1830 1452 1858 Paulo
1466 1830 1606 1862 initiatur;
1628 1828 1750 1863 magistri
1766 1835 1816 1854 au-

1033 1883 1088 1906 tem
1103 1885 1179 1906 more
1192 1877 1338 1913 Dionysius
1362 1885 1376 1903 a
1402 1875 1520 1902 maximo
1535 1874 1680 1902 Hierotheo
1696 1873 1818 1901 institui-

1033 1929 1088 1957 tur,
1103 1924 1174 1952 sicut
1188 1924 1246 1958 ipse
1261 1924 1316 1957 ait;
1330 1925 1425 1958 postea
1438 1921 1688 1962 Dionysiusjprout
1700 1920 1818 1947 habetur

1034 1972 1062 1999 in
1075 1971 1189 2006 septimo
1203 1970 1273 1997 libro
1283 1968 1496 2004 Apostolicarum
1511 1966 1736 2002 constitutianum)
1752 1974 1818 1994 con-

1034 2018 1157 2046 stituitur
1172 2024 1188 2044 a
1208 2015 1364 2044 Christifero
1378 2014 1463 2043 Paulo
1477 2012 1683 2041 Atheniensium
1699 2012 1818 2040 ﬁdelium

1033 2065 1187 2100 episcopus.

1068 2111 1189 2139 Meminit
1213 2117 1277 2138 vero
1298 2110 1380 2137 etiam
1401 2108 1570 2143 Areopagum
1586 2107 1731 2143 Dionysius
1747 2107 1818 2134 anti-

1034 2156 1319 2192 quusCorinthiorum
1332 2155 1488 2190 episcopus,
1502 2154 1708 2189 et.Polycarpus
1722 2154 1750 2181 in
1769 2161 1818 2181 sua

1036 2203 1069 2230 ad
1083 2202 1263 2231 Athenienses
1277 2202 1401 2237 epistola.
1415 2201 1502 2229 Porro
1515 2201 1603 2229 sancti
1619 2200 1701 2235 hujus
1718 2199 1820 2236 Diony-

1037 2251 1071 2278 sii
1082 2251 1144 2278 vita:
1152 2250 1313 2285 probitatem
1328 2255 1361 2276 ac
1376 2247 1498 2276 scientiae
1511 2247 1619 2282 copiam
1634 2246 1728 2274 mirari
1744 2246 1815 2277 licet,

1037 2301 1064 2325 et
1079 2305 1141 2324 eum
1164 2296 1210 2331 qui
1226 2303 1289 2323 vere
1307 2302 1354 2330 per
1370 2294 1516 2322 multarum
1538 2292 1816 2328 irreprchensibilium

1037 2342 1164 2370 Ecclesiae
1178 2342 1354 2369 traditionum
1368 2340 1551 2376 cognitionem
1566 2339 1698 2366 deductus
1710 2338 1770 2376 fuit,
1786 2346 1817 2365 ac

1039 2387 1138 2415 intueri
1160 2387 1311 2414 adulterina
1333 2374 1504 2414 ethnicorum
1528 2374 1751 2420 philosophorum
1771 2383 1819 2410 de-

1037 2438 1111 2463 creta
1125 2435 1158 2463 ad
1171 2434 1312 2462 veritatem
1327 2433 1468 2466 traducta;
1489 2432 1566 2460 decet
1580 2432 1651 2460 enim
1666 2431 1758 2466 potius
1768 2430 1819 2456 mi-

1039 2481 1122 2508 sereri
1137 2487 1170 2507 ac
1184 2479 1336 2510 condolere,
1353 2479 1387 2506 ob
1402 2478 1542 2514 segnitiem
1554 2484 1655 2512 paucos
1666 2484 1728 2504 esse
1741 2476 1820 2502 bona:

1039 2527 1171 2555 doctrinae
1185 2526 1393 2557 examinatores,
1411 2524 1483 2561 quod
1503 2532 1552 2552 sua
1577 2523 1683 2550 inscitia
1697 2521 1819 2556 reliquo-

1039 2579 1099 2599 rum
1113 2572 1193 2599 etiam
1207 2570 1347 2598 hominum
1368 2569 1488 2597 scientiae
1501 2567 1626 2603 cupidam
1642 2561 1821 2594 commetian-

1039 2623 1084 2646 tur
1096 2617 1178 2646 animi
1190 2624 1223 2644 ac
1237 2616 1336 2652 ingenii
1354 2614 1603 2652 promptitudiucm.
1619 2613 1699 2643 Tales
1710 2610 1819 2646 quidem

1011 2723 1056 2751 ET
1072 2721 1333 2751 COBRECTIONES
1341 2722 1360 2747 '.
