1914 3063
107 172 139 200 ID
505 172 680 200 APPENDIX
697 173 742 199 AD
759 172 872 200 OPERA
893 173 922 201 S.
943 171 1091 200 DlONYSll
1110 171 1352 199 AREOPAGITJE.
1697 171 1732 198 20

104 232 132 259 in
148 231 330 267 quorumdam
346 231 448 267 scripta
464 233 626 265 incidentes,
643 240 674 260 ac
694 233 762 261 forte
783 233 876 260 minim

944 231 1124 267 τυγχάνοντες
1133 232 1158 258 οὶ
1171 231 1286 258 τοιοῦτοι
1299 231 1510 267 συγγράμμασιν
1529 231 1616 264 ἐνίων,
1632 233 1681 259 καὶ
1691 242 1732 259 τυ-

102 286 198 306 eorum
209 285 270 313 quae
284 277 413 305 dicuntur
429 286 538 306 sensum
555 279 663 314 assequi
679 279 811 311 valentes,
827 287 890 306 mox

103 324 136 351 ad
153 324 328 352 indiscretam
345 324 488 359 scriptoris
503 325 702 353 ca'villationem
718 324 867 352 efferuntur
881 334 888 356 ;

102 370 176 405 atqui
192 377 254 397 cum
271 377 385 404 prorsus
400 374 537 405 nequeant
555 378 587 398 ea
600 378 660 405 quae
675 371 774 398 acerbe
798 379 890 406 repre-

103 416 235 447 hendunt,
252 416 390 451 corrigere
417 420 465 443 aut
489 423 616 452 arguere,
627 421 743 452 oportet,
760 421 790 444 ut
815 418 844 444 in
860 425 889 445 se

101 462 169 489 iram
177 466 348 495 convertant,
359 466 385 490 ﬂ
400 463 490 497 potius
505 463 629 490 molestia
643 463 805 495 adiciantur,
815 463 888 498 quod

101 515 150 534 sua
165 507 269 536 desidia
286 509 412 543 ignorent
425 509 506 536 etiam
522 509 574 544 ipsi
588 516 620 536 ea
635 517 695 545 quae
709 509 743 536 ad
754 509 888 545 cognitio-

101 561 163 581 nem
181 554 314 589 perducta
327 558 402 587 sunt,
420 559 467 582 aut
480 563 585 588 revera,
601 556 675 590 quod
690 556 802 583 minime
815 556 888 591 apud

100 600 212 629 idoneos
238 608 300 629 cum
326 601 462 629 desiderio
492 601 650 629 addiscendi
679 606 884 634 conversantes,

99 646 156 675 suis
179 646 271 674 dubiis
297 647 456 674 liberentur.
479 647 531 675 Sed
559 648 660 675 audent
686 648 770 683 aliqui
794 648 886 676 divino

99 692 230 727 Dionysio
244 693 362 720 convicii
378 694 439 722 loco
453 694 572 722 haereses
588 694 717 729 objiccre,
732 702 794 721 cum
809 702 886 729 pror-

98 746 145 766 sus
161 746 270 767 errores
285 738 476 767 haereticorum
492 741 635 776 ignorent;
654 740 778 776 profecto
800 741 884 774 enim,

97 786 120 812 si
133 793 166 813 ex
183 793 347 821 unoquoque
366 793 461 814 eorum
476 794 537 822 qua:
550 786 578 813 in
598 787 734 815 haereticis
756 787 886 815 condem-

96 836 159 858 nata
173 836 247 865 sunt,
263 832 345 867 hujus
360 833 469 861 decreta
482 833 676 868 dijudicarent,
700 833 786 861 multo
799 834 885 869 magis

95 877 198 905 distare
211 878 245 905 ab
259 877 393 913 improbis
409 879 464 907 illis
477 880 681 914 cognovissent,
695 888 777 916 quam
788 887 884 907 verum

96 925 185 952 iumen
198 931 214 950 a
230 925 363 953 tenebris.
378 924 450 957 Quid
464 926 537 953 enim
552 925 672 953 dixerint
688 927 715 953 in
731 926 764 954 iis
780 934 841 961 quae
851 927 884 953 de

95 970 152 997 sola
166 970 306 998 adoranda
323 969 456 998 Trinitate
470 971 506 998 ab
520 971 580 1006 ipso
594 971 685 999 divine
699 972 885 1006 exponuntur?

93 1015 163 1048 Quid
176 1016 209 1043 de
225 1024 279 1043 uno
293 1016 459 1044 beatissima:
469 1017 551 1052 hujus
569 1017 712 1045 Trinitatis
725 1017 791 1046 Jesu
803 1017 883 1045 Chri—

94 1067 135 1089 sto
151 1062 291 1097 unigenito
304 1062 352 1090 Dei
367 1063 461 1095 verbo,
474 1063 520 1098 qui
538 1063 656 1098 perfecte
672 1064 790 1091 humana
806 1064 882 1091 indui

92 1112 191 1136 natura
204 1109 306 1142 voluit;
321 1109 445 1145 nunquid
457 1110 575 1137 animam
587 1116 676 1138 mente
688 1111 838 1146 praeditam,
850 1118 883 1137 ac

91 1162 192 1189 corpus
205 1154 274 1182 sicut
289 1159 413 1183 nostrum
427 1160 565 1188 terrestre,
577 1161 604 1184 et
616 1156 721 1192 reliqua
732 1165 793 1192 quae
807 1165 821 1184 a
836 1165 882 1184 re-

91 1201 143 1229 ctis
157 1201 307 1229 constituta
330 1202 469 1237 magistris
485 1202 728 1238 explicavitiQuid
744 1207 835 1230 autem
849 1204 882 1230 de

91 1247 309 1283 intelligibilihus
324 1251 371 1275 aut
388 1252 479 1276 mente
495 1249 616 1283 praaditis
630 1253 712 1284 atque
733 1249 882 1277 sensilibus

91 1294 152 1328 quis
168 1294 265 1321 merito
278 1294 477 1330 reprehendat;
501 1299 548 1322 aut
568 1295 602 1322 de
617 1295 763 1323 universali
787 1300 881 1324 nostra

90 1347 152 1366 cum
169 1347 284 1375 corpore
299 1344 396 1368 nostro
410 1345 437 1368 et
455 1341 546 1368 anima
569 1344 663 1368 nostra
679 1341 771 1368 futura
789 1349 881 1369 resur-

90 1385 222 1419 rectione,
237 1389 264 1413 et
279 1385 312 1413 de
329 1380 452 1420 judiciis,
471 1395 532 1422 qua:
546 1391 603 1414 tum
621 1387 686 1415 ﬁent
699 1388 837 1422 justorum
853 1393 881 1416 et

91 1431 273 1466 injustorum‘?
292 1438 357 1458 nam
370 1432 445 1460 salus
467 1436 562 1460 nostra
576 1433 709 1462 adversus
727 1434 783 1462 haec
797 1435 880 1462 colle-

89 1477 154 1504 ctim
171 1477 263 1505 dicere
284 1477 402 1505 intendit
422 1486 484 1514 quae
503 1479 628 1514 pluribus
644 1480 780 1514 explicare
791 1480 878 1512 nefas,

88 1530 150 1550 cum
161 1523 297 1558 expositio
309 1524 337 1551 in
350 1523 464 1552 scholiis
479 1530 578 1552 cuncta
590 1530 742 1561 opportune
749 1526 876 1554 declaret.

122 1652 161 1681 Ita
177 1659 229 1685 est,
253 1655 389 1691 inquiunt.
404 1657 457 1686 Sed
479 1666 567 1694 neque
582 1657 716 1686 Eusebius
729 1657 873 1694 Pamphili,

89 1699 150 1733 quin
168 1707 217 1727 nec
237 1699 367 1738 Origenes
380 1703 462 1739 hujus
479 1704 563 1732 libros
576 1705 685 1740 scriptis
698 1704 872 1732 mandarunt.

121 1790 259 1820 Adversus
274 1800 344 1828 quos
369 1793 515 1822 dicendum
532 1795 677 1824 Eusebium
693 1806 773 1833 quam
789 1801 875 1835 pluri-

87 1846 130 1864 ma
143 1839 269 1867 omisisse
282 1847 343 1874 quae
357 1840 391 1867 ad
407 1841 468 1875 ejus
483 1849 581 1870 manus
599 1851 653 1870 non
672 1851 872 1881 pervenerunt;

87 1883 188 1915 ctenim
209 1891 260 1912 nec
286 1892 399 1920 prorsus
414 1887 506 1913 omnia
522 1888 664 1923 collegisse
679 1891 727 1920 ait.
748 1891 804 1919 imo
816 1900 874 1919 ma-

85 1929 128 1964 gis
141 1929 243 1959 fatetur
254 1930 340 1961 libros
354 1931 400 1967 qui
415 1932 450 1960 ad
463 1933 553 1967 ipsum
564 1941 618 1961 non
633 1935 801 1964 devenerunt
812 1945 874 1966 esse

87 1984 201 2004 numero
216 1978 385 2012 superiores,
403 1984 429 2006 et
454 1986 519 2007 sane
542 1980 691 2008 multorum
717 1984 874 2012 meminisse

87 2030 194 2056 possem
209 2031 279 2058 quos
290 2025 402 2054 minime
418 2025 522 2057 habuit,
534 2030 562 2053 et
575 2026 625 2054 hos
640 2027 749 2062 quidem
763 2037 819 2057 suae.
834 2039 875 2058 re-
891 2050 896 2054 .

85 2069 186 2104 gionis,
201 2073 231 2097 ut
246 2069 383 2106 Hymenwi
400 2075 427 2099 et
438 2071 570 2104 Narcissi,
584 2073 630 2107 qui
643 2074 799 2103 sacerdotes
814 2075 874 2104 Hie~

85 2116 230 2152 rosolymis
245 2116 338 2150 fuere;
352 2125 402 2152 ego
424 2125 490 2145 sane
509 2118 536 2145 in
552 2119 657 2153 aliquos
677 2119 815 2155 Hymenaei
840 2122 873 2149 li-

85 2159 150 2188 bros
170 2160 263 2188 incidi.
282 2160 350 2188 Item
371 2169 460 2197 neque
474 2161 596 2189 Pantzeni
611 2171 694 2200 opera
714 2164 871 2201 descripsit,

85 2212 173 2240 neque
188 2205 335 2234 Clementis
348 2205 475 2240 Romani,
491 2207 544 2235 nisi
559 2208 675 2236 duarum
688 2214 793 2238 tantum
808 2211 872 2247 Epi-

944 278 991 314 χὺν
1005 278 1034 304 οὑ
1051 277 1318 313 παρακολουθοῦντες
1329 278 1361 312 τῇ
1377 277 1431 304 τῶν
1449 277 1601 312 λεγομένων
1616 278 1730 314 διανοίᾳ,

942 324 1011 359 πρὸς
1027 324 1181 359 ἀδιάκριτον
1201 323 1280 355 εὐθὺς
1304 323 1464 359 ἐκφέρονται
1489 323 1535 350 τοῦ
1554 325 1731 360 συγγραφέως

942 369 1077 406 διαϐολήν·
1101 370 1190 396 καίτοι
1214 370 1353 402 παντελῶς
1369 370 1399 396 οὐ
1421 370 1564 406 δυνάμενοι
1588 370 1621 397 τὰ
1639 371 1731 407 σκώμ-

942 425 1015 452 ματα
1024 416 1171 443 διευθύνειν
1186 425 1215 443 τε
1227 417 1274 444 καὶ
1288 416 1434 451 διελέγχειν
1448 416 1465 442 ἆ
1476 425 1557 450 φασιν
1571 417 1657 448 αὐτοὶ,
1671 417 1730 443 δέον

940 463 986 489 ἐπὶ
999 464 1068 497 σφᾶς
1077 463 1176 494 αὐτοὺς
1185 463 1295 498 τρέπειν
1305 462 1354 498 τὴν
1362 462 1456 498 ὀργὴν,
1465 463 1511 489 καὶ
1524 462 1621 497 μᾶλλον
1635 463 1731 498 ἀσχάλ-

939 509 1006 541 λειν,
1023 510 1064 536 ὅτι
1083 509 1120 545 μὴ
1147 509 1345 540 σπουδάσαντες
1370 508 1491 542 ἔγνωσαν
1525 509 1571 536 καὶ
1595 510 1671 535 αὐτοὶ
1695 509 1730 536 τὰ

941 556 1004 592 περὶ
1020 556 1030 572 ³
1044 555 1143 589 γνῶσιν
1159 555 1298 591 ἁνηγμένα
1310 564 1316 570 ·
1336 555 1352 590 ἢ
1379 555 1504 591 τάληθὲς,
1529 555 1571 581 ὅτι
1593 555 1630 590 μὴ
1661 554 1729 589 πρὸς

937 602 1001 633 τοὺς
1017 601 1124 632 ἱκανοὺς
1151 601 1214 636 περὶ
1227 601 1261 627 τὰ
1280 601 1389 628 τοιαῦτα
1405 601 1560 636 φιλομαθὼς
1576 601 1727 635 γεγονότες,

938 647 992 674 τῶν
1009 647 1195 682 ἀπορημάτων
1209 647 1392 683 ἀπελύθησαν.
1415 647 1495 674 Ἀλλὰ
1510 647 1629 682 τολμῶσί
1655 655 1728 678 τινες

937 693 1066 729 λοιδορεῖν
1079 694 1120 724 εἰς
1138 693 1257 729 αἱρέσεις
1278 694 1322 720 τὸν
1339 693 1410 720 θεῖον
1434 693 1579 726 Διονύσιον,
1602 692 1728 725 καθάπαξ

937 739 982 767 καὶ
995 739 1029 766 τὰ
1042 739 1095 766 τῶν
1111 740 1254 775 αἱρετικῶν
1270 739 1427 774 ἀγνοοῦντες
1439 749 1445 756 ·
1491 740 1546 775 γὰρ
1557 739 1599 772 ἂν,
1614 738 1644 772 ἐξ
1661 739 1726 766 ἐκά-

937 794 1000 812 οτου
1017 785 1071 812 τῶν
1087 786 1327 822 κατακεκριμένων
1348 787 1377 813 ὲν
1397 787 1453 818 τοῖς
1476 786 1639 822 αἱρετίζουσι
1660 794 1724 819 συγ-

936 831 1082 866 κρίνοντες,
1093 831 1127 858 τὰ
1138 831 1212 867 παρὰ
1224 832 1324 858 τούτων
1339 832 1461 867 δόγματα
1478 831 1566 867 πολλῷ
1579 831 1632 858 τῶν
1646 831 1726 866 φλαύ-

937 885 990 912 ρων
1020 878 1191 912 ἀφεστηκότα
1215 877 1400 912 διεγίνωσκον,
1423 877 1537 905 καθόσον
1554 877 1610 912 φῶς
1627 877 1726 913 ἀληθὲς

936 922 983 949 καὶ
1003 923 1106 954 σκότος.
1121 923 1153 949 Τί
1171 924 1226 959 γὰρ
1244 923 1346 950 εἴποιεν
1375 925 1403 950 ἐν
1414 926 1470 956 τοῖς
1493 925 1557 960 περὶ
1571 925 1620 960 τῆς
1641 925 1724 960 μόνης

936 969 1126 1004 προηυνητῆς
1153 969 1269 1005 Τριάδος
1298 969 1515 1005 θεολογουμένοις
1539 972 1604 1006 παρ’
1623 970 1722 1006 αὒτῷ;

933 1015 959 1041 τί
975 1014 997 1041 δ’
1009 1014 1042 1041 ἂν
1056 1015 1120 1050 περὶ
1136 1015 1182 1042 τοῦ
1199 1016 1249 1051 τῆς
1270 1016 1469 1052 παμμακαρίας
1488 1016 1588 1052 ταύτης
1611 1015 1724 1052 Τριάδος

934 1061 993 1092 ἐνὸς
1011 1061 1098 1096 Ἰησοῦ
1116 1061 1244 1096 Χριστοῦ,
1255 1062 1302 1088 τοῦ
1319 1063 1478 1097 μονογενοῦς
1493 1063 1560 1089 Θεοῦ
1578 1063 1664 1098 Λόγου
1683 1071 1723 1089 τε-

933 1106 1011 1138 λείως
1026 1107 1233 1142 ὲνανθρωπῆσαι
1249 1107 1408 1143 θελήσαντος
1421 1117 1427 1141 ;
1445 1109 1505 1143 οἱ)χί
1518 1108 1606 1144 ψυχὴν
1618 1108 1720 1141 ἔννουν,

933 1153 978 1179 καὶ
995 1152 1074 1188 σῶμα
1089 1153 1120 1179 τὸ
1137 1153 1197 1180 καθ’
1209 1155 1282 1189 ἡμᾶς
1304 1155 1395 1189 γήϊνον
1411 1154 1541 1189 διεξῆλθε,
1558 1155 1603 1181 καὶ
1619 1155 1653 1182 τὰ
1666 1154 1721 1181 λοι-

933 1199 991 1225 πὰδ
1010 1199 1044 1226 τὰ
1067 1200 1116 1226 ὅσα
1130 1202 1188 1232 τοῖς
1200 1200 1289 1236 ὀρθοῖς
1311 1201 1468 1228 ὲντέτακται
1483 1201 1670 1234 διδασκάλοις;
1689 1201 1721 1228 Τί

932 1244 959 1271 δὲ
974 1245 1037 1280 περὶ
1052 1245 1154 1280 νοητῶν
1176 1246 1223 1272 καὶ
1247 1246 1348 1282 νοερῶν
1363 1247 1410 1274 καὶ⁸
1425 1247 1479 1273 τῶν
1495 1247 1631 1283 αἰσθητῶν
1649 1247 1720 1283 μέμ-

931 1289 1002 1324 ψαιτ’
1018 1291 1050 1318 ἄν
1064 1299 1106 1323 τις
1121 1291 1234 1323 εἰκότως
1246 1300 1252 1306 '
1266 1292 1282 1327 ἢ
1307 1293 1372 1328 περὶ
1397 1293 1446 1328 τῆς
1475 1292 1621 1328 καθολικῆς
1643 1293 1720 1329 ἡμῶν

931 1337 1106 1369 ἀναστάσεως
1119 1339 1168 1373 τῆς
1186 1337 1256 1373 μετὰ
1280 1337 1406 1373 σώματος
1426 1339 1473 1364 τοῦ
1497 1339 1557 1365 καθ’
1575 1339 1648 1373 ἡμᾶς
1674 1340 1722 1366 καὶ

930 1383 979 1418 τῆς
1007 1383 1083 1418 ἡμῶν
1099 1383 1187 1419 ψυχῆς
1202 1384 1388 1419 γενησομένης
1403 1393 1408 1399 ·
1428 1385 1475 1413 καὶ
1496 1385 1561 1420 περὶ
1577 1384 1631 1410 τῶν
1660 1385 1719 1412 τότε

930 1427 1139 1464 δικαιωτηρίων,
1157 1429 1268 1456 δικαίων
1283 1438 1313 1456 τε
1324 1430 1437 1456 καὶτῶν
1455 1430 1492 1466 μὴ
1515 1430 1642 1457 τοιούτων
1656 1438 1662 1462 ;
1680 1431 1720 1461 εἰς

929 1475 966 1501 τὰ
976 1475 986 1490 ⁸
1000 1475 1064 1511 γὰρ,
1083 1475 1231 1512 συλλήϐδην
1246 1477 1344 1508 εἰπεῖν,
1361 1476 1378 1511 ὴ
1395 1476 1454 1503 καθ’
1470 1477 1543 1511 ἡμᾶς
1558 1476 1648 1511 ἀφορᾷ
1665 1484 1719 1502 σω-

929 1521 1020 1556 τηρία,
1037 1523 1115 1549 ἂτινα
1130 1522 1253 1554 πλατέως
1269 1522 1412 1555 διεξελθεῖν
1429 1523 1459 1549 οὐ
1475 1522 1588 1554 δίκαιον,
1608 1522 1658 1558 τῆς
1672 1522 1718 1548 ἐπὶ

892 1577 912 1606 c
931 1568 1042 1602 σχώιίων
1058 1568 1214 1604 ἐξηγήσεως
1235 1569 1343 1595 ἅπαντα
1363 1568 1433 1596 κατὰ
1454 1568 1548 1604 καιρὸν
1569 1569 1711 1604 ἐπισημαι-

927 1614 1051 1650 νομένης.

965 1660 1042 1692 Ναὶ,
1071 1661 1151 1694 φασίν
1174 1661 1184 1676 ⁸
1201 1669 1208 1675 ·
1228 1661 1285 1687 ἀλλ’
1321 1661 1372 1687 οὐκ
1404 1660 1522 1696 ἔγραψεν
1555 1661 1638 1688 αὐτοῦ
1669 1661 1719 1692 τὰς

927 1706 1066 1740 συντάξεις
1081 1706 1220 1738 Εὐσέϐιος
1233 1708 1247 1733 ὁ
1267 1707 1425 1742 Παμφίλουν
1444 1707 1491 1735 καὶ
1507 1707 1561 1743 μὴν
1575 1707 1629 1733 οὐδ’
1649 1706 1719 1743 Ὠρι-

925 1753 1018 1788 γένης.

960 1799 1032 1835 Πρὸς
1037 1799 1083 1831 οὓς
1089 1799 1206 1833 λεκτέον,
1213 1799 1250 1831 ὡς
1256 1799 1401 1835 πάμπολλα
1406 1799 1529 1835 παρῆκεν
1536 1799 1664 1830 Εὐσέϐιος
1669 1799 1719 1826 οὐκ

925 1845 1034 1872 ἐλθόντα
1041 1854 1074 1872 πε
1079 1846 1104 1881 pi
1112 1847 1206 1882 χεῖρας
1214 1846 1327 1877 οἰκείας⁸
1336 1847 1382 1872 καὶ
1391 1846 1445 1882 γὰρ
1451 1845 1512 1872 οὔτε
1520 1846 1601 1881 φησὶν
1610 1846 1717 1871 ἅπαντα

925 1893 1052 1927 καθάπαξ
1067 1894 1264 1929 συναγηοχέναι
1275 1903 1281 1909 ·
1298 1893 1395 1929 μᾶλλόν
1414 1902 1445 1927 γε
1461 1894 1513 1930 μὴν
1524 1893 1649 1928 ὁμολογεῖ
1671 1893 1718 1919 καὶ

924 1939 1040 1974 ἀριθμοῦ
1067 1939 1208 1975 κρείττονα
1233 1939 1320 1974 βιϐλία
1341 1938 1502 1967 καθεστάναι
1519 1938 1650 1974 μηδαμῶς
1677 1939 1717 1970 εἰς

924 1985 1004 2011 αὐτὸν
1021 1985 1166 2019 ἐληλυθότα
1182 1993 1189 2001 ⁸
1206 1986 1252 2011 καὶ
1269 1985 1372 2013 πολλῶν
1386 1984 1521 2020 ἐδυνάμην
1535 1984 1716 2020 μνημονεῦσαι

926 2031 962 2066 μὴ
974 2031 1126 2067 κτηθέντων
1136 2031 1210 2067 αὐτῷ
1219 2053 1228 2066 ,
1259 2032 1305 2059 καὶ
1318 2031 1403 2058 ταῦτα
1414 2031 1462 2067 τῆς
1476 2030 1558 2057 αὑτοῦ
1573 2030 1716 2066 χώρας,ὠς

930 2076 1073 2112 Ύμεναίου
1104 2078 1151 2104 καὶ
1167 2077 1324 2113 Ναρκίσσου
1341 2077 1394 2104 τῶν
1409 2077 1596 2113 ἱερασαμένων
1615 2076 1644 2102 ὲν
1665 2076 1714 2102 Ίε-

925 2123 1092 2158 ροσολύμοις.
1115 2123 1185 2157 Ἐγὼ
1199 2123 1262 2157 γοῦν
1277 2123 1402 2158 ἐνέτυχόν
1413 2131 1468 2149 τισι
1484 2123 1538 2149 τῶν
1558 2122 1712 2157 ’Υμεναίου.

923 2169 978 2195 Καὶ
1005 2169 1056 2204 μὴν
1070 2169 1131 2196 οὒτε
1154 2169 1303 2199 Πανταίνου
1332 2171 1395 2201 τοὺς
1422 2169 1521 2200 πόνους
1550 2169 1712 2204 ἀνέγραψεν,

923 2213 985 2241 οὔτε
1005 2215 1053 2241 τοῦ
1075 2215 1208 2251 Ῥωμαίου
1229 2216 1394 2251 Κλήμεντος,
1420 2215 1489 2251 πλὴν
1503 2215 1549 2241 δύο
1562 2215 1608 2241 καὶ
1627 2214 1713 2249 μόνων

85 2253 227 2284 stolarum,
243 2252 292 2279 sed
304 2261 392 2288 neque
407 2254 585 2288 plurimorum
600 2255 728 2284 aliorum.
741 2255 873 2293 Origenes

933 2260 1075 2287 επιπολῶν
1086 2269 1093 2276 ⁸
1121 2249 1178 2287 ἀλλ’
1196 2261 1257 2290 οὔτε
1273 2249 1405 2288 πλείστων
1419 2249 1529 2296 ἑτέρων.
1560 2261 1587 2287 '0
1597 2259 1652 2296 γὰρ
1669 2260 1713 2285 Ὠ-

85 2297 167 2329 enim,
185 2298 277 2325 nescio
291 2306 326 2326 an
341 2300 473 2332 omnium,
487 2300 531 2328 vix
545 2305 635 2328 autem
649 2306 767 2338 quatuor
778 2305 872 2332 memi-

84 2342 134 2370 nit.
147 2341 282 2372 Diaconus
293 2352 357 2372 vero
367 2345 477 2380 quidam
485 2345 635 2380 Romanus,
645 2349 754 2376 nomine
761 2349 870 2383 Petrus,

84 2389 205 2416 narravit
220 2389 297 2422 mihi,
313 2391 405 2417 omnia
420 2391 505 2419 divini
518 2392 641 2429 Dionysii
665 2402 759 2429 opera,
779 2395 873 2424 Romae

84 2434 112 2460 in
126 2442 267 2463 sacrorum
288 2433 453 2471 scriptorum
477 2437 644 2466 bibliotheca
668 2440 788 2475 reposita
813 2449 871 2469 ser-

82 2487 149 2507 νοω.

118 2525 220 2553 Scribit
246 2530 336 2554 autem
365 2528 480 2562 plurima
505 2529 538 2556 ad
564 2530 751 2559 beatissimum
778 2532 870 2561 TimoL

82 2573 186 2605 theum,
201 2574 290 2601 sancti
312 2573 389 2601 Pauli
412 2575 529 2609 apostoli
545 2576 720 2612 discipulum,
737 2578 870 2614 Ephesio-

81 2627 143 2648 rum
168 2620 338 2656 episcopum.
363 2629 379 2648 a
404 2622 543 2656 primariis
566 2622 667 2651 Jonica'.
693 2625 871 2661 philosophia:

82 2667 265 2694 sectatoribus
280 2666 378 2701 Ephesi
395 2668 570 2696 versantibus
584 2670 736 2704 molestias,
750 2675 779 2699 ut
794 2672 870 2699 vide-

81 2716 135 2745 tur,
149 2713 341 2745 sustinentem,
358 2721 390 2740 ac
414 2714 629 2750 interrogantem
655 2717 729 2745 velut
750 2719 871 2753 profanm

81 2757 260 2795 philosophia:
282 2759 412 2794 peritum,
429 2765 459 2787 ut
483 2762 570 2795 magis
594 2766 732 2791 certaret:
749 2764 871 2801 nihilque

928 2307 1046 2342 ριγένης,
1062 2307 1110 2334 οὐκ
1127 2305 1186 2334 οἶδα
1209 2309 1233 2334 εἰ
1256 2308 1374 2339 πάντων,
1394 2307 1468 2342 μόλις
1480 2307 1509 2333 δὲ
1535 2307 1672 2342 τεττάρων
1689 2307 1713 2331 ὲ-

927 2353 1043 2389 μνήσθη.
1064 2354 1191 2385 Διάκονος
1209 2354 1287 2386 δέτις
1318 2355 1461 2388 Ῥωμαῖος,
1482 2354 1584 2388 Πέτρος
1611 2353 1711 2388 ὄνομα,

923 2399 1072 2435 διηγήσατό
1088 2409 1142 2435 μοι,
1159 2401 1248 2427 πάντα
1261 2400 1295 2426 τὰ
1313 2400 1359 2427 τοῦ
1383 2400 1454 2427 θείου
1478 2400 1613 2426 Διονυσίου
1629 2398 1712 2430 σώζε-

925 2445 986 2472 σθαι
996 2446 1066 2473 κατὰ
1079 2447 1128 2481 τὴν
1146 2447 1176 2472 ὲν
1198 2446 1290 2482 Ῥώμῃ
1300 2447 1354 2474 τῶν
1365 2446 1445 2482 ἱερῶν
1461 2446 1633 2481 βιὸλιοθήκην
1646 2446 1711 2471 ἀνα-

923 2491 994 2518 τεθει
998 2492 1074 2527 μένα.

960 2538 1062 2573 Γράφει
1072 2538 1100 2564 δὲ
1116 2538 1150 2565 τὰ
1165 2539 1278 2565 πλεῖστα
1304 2538 1372 2574 πρὸς
1390 2539 1435 2565 τὸν
1451 2537 1648 2573 τρισμακάριον
1664 2536 1710 2562 Τι-

926 2584 1030 2618 μόθεον,
1045 2584 1090 2610 τὸν
1106 2584 1152 2611 τοῦ
1172 2585 1250 2618 ἁγίου
1280 2585 1428 2611 ἀποστόλου
1445 2584 1551 2611 Παύλου
1568 2581 1707 2618 φοιτητὴν,

931 2630 1059 2664 Ἐφεσίων
1073 2631 1230 2664 ἐπίσκοπον,
1242 2632 1295 2658 ὑπὸ
1311 2632 1364 2658 τῶν
1379 2631 1448 2658 κατὰ
1460 2631 1510 2666 τὴν
1526 2631 1639 2664 Ἔφεσον
1658 2629 1708 2663 τῆς

929 2675 1050 2711 Ἰωνικῆς
1065 2677 1221 2712 φιλοσοφίας
1233 2677 1421 2713 προεστώτων,
1430 2677 1468 2708 ὡς
1481 2675 1708 2709 εἰκὸς,πάσχοντα

924 2722 1082 2757 πράγματα,
1101 2724 1147 2750 καὶ
1160 2723 1369 2759 πυνθανόμενον,
1380 2724 1418 2755 ὡς
1431 2724 1485 2758 εἰδή
1491 2731 1568 2758 μονος
1583 2722 1632 2756 τῆς
1646 2720 1708 2754 ἐξω-

922 2770 1033 2805 τερικῆς
1045 2770 1210 2805 φιλοσοφίας,
1224 2771 1268 2798 ἵνα
1293 2772 1339 2799 καὶ
1357 2772 1456 2808 μᾶλλον
1470 2770 1642 2806 ἀγωνίζοιτο·
1659 2768 1706 2796 καὶ

547 2840 664 2868 unum
683 2830 877 2873 Lacriouss
894 2845 937 2874 ET
953 2846 1229 2879 CORRECTIONES.

128 2906 138 2921 '
155 2906 232 2942 πρός.
279 2906 290 2922 ⁸
308 2907 406 2939 πάντα,
453 2909 463 2924 ⁵
481 2908 574 2939 ταῦτα,
625 2911 634 2925 ⁸
652 2912 726 2946 φησί.
