1914 3063
164 208 197 234 21
607 209 636 236 S.
656 208 778 236 MAXIM!
794 207 977 237 PROLOGUS
997 208 1029 235 IN
1047 208 1159 236 OPEBA
1178 208 1207 235 Β.
1227 207 1381 239 DIONYSIL
1747 210 1782 238 22

164 265 240 294 οὐδὲν
255 266 368 298 ἀπεικός
380 275 386 281 ·
407 266 467 293 ἐπεὶ
481 267 526 294 καὶ
544 267 558 294 ὁ
573 267 699 304 θεοφιλὴς
721 267 867 300 ἀπόστολος
878 268 948 295 Παῦ-

1003 276 1014 295 a
1030 268 1219 304 probabilitate
1233 269 1362 302 alienum,
1373 269 1593 305 quandoquidem
1612 272 1717 300 amicus
1734 271 1781 300 Dei

167 312 212 344 λος
226 313 285 344 ταῖς
305 312 438 349 Ἐλλήνων
455 314 590 349 ἐχρήσατο
606 314 710 350 ρήσεσι,
728 314 829 346 ταύτας
845 314 950 342 ἀκούων

165 358 245 393 τυχὸν
259 357 335 393 παρὰ
344 358 397 385 τῶν
412 359 544 386 συνόντων
557 360 640 395 αὐτῷ,
660 361 709 396 τῆς
721 360 861 396 ὲλληνικῆς
877 361 951 395 φιλο-

166 406 260 439 σοφίας
278 405 429 441 ἐμπείρων.
458 405 601 442 Συνίστησι
616 406 643 432 δὲ
657 407 704 433 καὶ
713 406 801 440 τοῦτο,
813 407 950 433 Διονυσίου

164 451 250 477 ταῦτα
266 451 421 487 φιλαλήθως
440 451 474 478 τὰ
497 453 699 488 συγγράμματα
715 452 877 480 καθεστάναι
889 461 896 468 ο
920 453 951 479 τὸ

167 496 222 532 γὰρ
238 497 455 533 ἀνεπιτηδεύτως
476 499 655 534 μνημονεύειν
680 500 761 527 αὐτὸν
777 501 881 536 ῥήσεων
896 501 951 527 τῶν

164 544 396 578 συνακμασάντων
404 544 476 580 αὐτῷ
490 545 603 580 ἀνδρῶν,
610 543 647 572 ὦν
660 546 690 572 αἴ
700 554 729 572 τε
740 546 810 573 θεῖαι
824 546 877 573 τῶν
885 547 951 573 ἀπο-

166 590 265 616 στόλων
283 590 481 626 μνημονεύουσι
497 591 624 627 Πράξεις,
649 593 694 618 καὶ
705 592 811 619 Παύλου
830 592 876 619 τοῦ
892 593 951 620 θεο-

164 635 258 670 φιλοῦς
271 637 299 663 αι
313 636 493 672 πλυωφελείς
513 638 663 672 ἐπιστολαὶ,
682 639 713 665 τὸ
739 639 793 665 τῶν
809 647 950 675 συγγραμ-

167 681 258 716 μάτων
272 682 462 719 ἁσκευώρητον
471 684 664 718 άποφαίνουσν
672 685 788 719 μάλιστα
802 685 829 711 δὲ
843 686 950 712 πάντων

165 728 195 754 τὸ
207 727 260 754 τῶν
278 728 419 764 δογμάτων
433 730 644 764 ἀσφαλέστατον.

207 774 314 810 Ἐπειδὴ
329 775 357 801 δέ
369 776 442 808 τινές
456 785 533 811 φασι,
552 777 589 812 μὴ
601 775 670 804 εῐναι
684 777 731 804 τοῦ
750 778 827 812 άγίου
841 779 871 805 τὸ
885 778 950 813 σύγ-

165 829 281 856 γραμμα
292 822 317 854 ⁷,
332 821 399 849 ἀλλά
417 831 489 854 τινος
509 823 562 849 τῶν
579 825 823 859 μεταγενεστέρων,
844 825 948 861 ἀνάγκη

165 866 264 898 αὐτοὺς
275 867 322 893 καὶ
330 867 384 893 τῶν
391 868 621 904 ἀπηγορευμένων
628 869 688 896 τινὰ
694 871 740 897 καὶ
750 870 857 897 ἀτόπων
869 871 949 897 αὐτὸν

165 912 277 946 τιθέναι,
298 913 533 949 καταψευδόμενον
547 915 659 942 τοιαῦτα
683 915 789 948 ἑαυτοῦ,
809 916 846 948 ὡς
867 917 949 952 συνῆν

165 960 222 990 τοῖς
234 959 400 993 ἀποστόλοις,
413 961 459 988 καὶ
474 961 632 988 ἐπέστελλεν
650 959 691 994 οἷς
708 962 767 989 οὐδὲ
794 963 948 998 συνεγένετό

166 1013 230 1030 ποτε
256 1006 315 1031 κατ’
334 1006 442 1040 αὑτοὺς,
469 1008 529 1034 οὐδὲ
559 1009 708 1035 ἐπέστειλε.

201 1049 236 1076 Τὸ
248 1051 276 1077 δὲ
304 1053 349 1078 καὶ
380 1052 533 1081 πλάσασθαι
553 1056 721 1091 προφητείαν
742 1056 809 1093 πρὸς
824 1057 870 1083 τὸν
882 1058 948 1084 ἀπό-

165 1095 257 1122 στολον
276 1096 400 1134 Ἰωάννην
415 1100 443 1125 ὲν
462 1099 552 1136 ὲξορίᾳ
566 1101 639 1134 ὄντα,
667 1102 704 1134 ὡς
720 1103 846 1138 ἐπανήξει
868 1104 948 1131 πάλιν

163 1140 258 1176 είςνὴν
271 1141 406 1171 Ἀσιήτιδα
423 1145 485 1180 γῆν,
507 1147 553 1173 καὶ
575 1147 609 1174 τὰ
629 1147 729 1184 συνήθη
747 1149 855 1183 διδάξει,
870 1150 948 1177 τοῦτο

163 1187 340 1223 τερατολόγου
369 1191 466 1227 ἀνδρὸς
478 1192 524 1219 καὶ
552 1194 693 1229 προφήτου
721 1194 799 1227 δόξαν
823 1196 948 1231 ἐκμανῶς

164 1231 197 1267 θη
202 1233 331 1267 ρωμένου.

199 1278 236 1304 Τὸ
319 1281 365 1307 καὶ
383 1281 471 1316 λέγειν
491 1284 572 1311 αὐτὸν
588 1286 617 1312 ὲν
646 1286 720 1323 αὐτῷ
735 1292 775 1327 τῷ
801 1289 888 1325 καιρῷ
900 1290 947 1316 τοῦ

163 1325 297 1360 σωτηρίου
316 1326 418 1359 πάθους
447 1330 476 1356 ὲν
497 1329 662 1358 Ἡλιουπόλει
686 1325 797 1360 συνόντα
828 1334 948 1362 Ἀπολλο-

116 1405 119 1408 π
163 1371 253 1405 φάνει,
271 1371 382 1409 θεωρεῖν
395 1375 442 1402 καὶ
451 1376 659 1412 συμφιλοσοφεῖν
689 1379 753 1415 περὶ
771 1379 820 1414 τῆς
835 1380 948 1416 ἡλιακῆς

163 1417 318 1453 ἐκλείψεως,
333 1420 371 1452 ὡς
384 1421 414 1447 οὑ
428 1422 497 1448 κατὰ
510 1422 590 1457 φύσιν
604 1424 663 1451 οὐδὲ
687 1425 759 1452 κατά
768 1425 798 1452 τδ
813 1426 872 1458 ἔθος
886 1427 947 1454 τότε

162 1465 350 1502 γεγενημένης
361 1474 367 1481 ·
390 1467 478 1501 λέγειν
489 1467 517 1495 δὲ
532 1469 612 1497 αὐτὸν
628 1472 673 1497 καὶ
685 1474 811 1507 παρεῖναι
829 1474 877 1500 σὺν
891 1475 948 1507 τοῖς

162 1509 321 1556 ἀποστόλοις
334 1513 367 1547 τῇ
385 1514 535 1550 προκομιδῇ
550 1515 597 1542 τοῦ
616 1515 741 1551 λειψάνου
754 1518 801 1545 τοῦ
813 1518 884 1546 θείου
899 1520 947 1556 τῆς

163 1554 243 1601 ἁγίας
259 1555 383 1585 θεοτόκου
404 1559 512 1594 Μαρίας
524 1569 530 1575 ·
549 1562 596 1588 καὶ
608 1563 718 1598 χρήσεις
735 1565 881 1601 προφέρειν
899 1554 947 1593 Ἱε-

1000 315 1100 343 Paulus
1115 316 1264 350 apostolus,
1281 316 1423 345 sententiis
1447 317 1589 352 gentilium
1610 325 1676 345 usus
1691 318 1782 352 fuerit,

1000 371 1061 390 cum
1087 363 1156 390 forte
1179 371 1226 390 eas
1250 371 1265 390 a
1281 363 1462 391 familiaribus
1475 364 1531 392 suis
1547 364 1647 392 Graecae.
1662 365 1783 400 philoso-

1000 409 1069 444 phia:
1084 409 1178 444 peritis
1188 409 1344 437 audivisset.
1358 410 1442 438 Porro
1456 410 1522 438 illud
1533 411 1614 438 etiam
1626 412 1782 445 confirmat,

1000 455 1057 482 hazc
1071 463 1134 482 vere
1146 454 1268 491 Dionysii
1284 456 1385 491 scripta
1398 457 1607 491 constitui;eum
1617 466 1713 494 nempe
1724 458 1784 486 sine

1001 502 1054 529 ulla
1080 501 1249 530 affectatione
1273 503 1431 531 meminisse
1450 504 1646 531 sententiarum
1662 505 1783 532 virorum

1001 548 1046 583 qui
1062 556 1124 576 cum
1146 549 1205 584 ipso
1225 548 1384 581 ﬂoruerunt,
1402 557 1517 584 quorum
1534 550 1627 578 divina
1646 551 1783 586 apostolo-

1001 602 1061 622 rum
1082 595 1147 622 Acta
1163 596 1329 623 mentionem
1353 596 1466 628 faciunt.
1479 602 1506 626 et
1533 598 1685 626 utilissimae
1704 597 1782 626 Pauli

1000 639 1048 668 Dei
1072 641 1252 669 amantissimi
1266 641 1394 677 Epistolas:
1420 643 1584 678 scriptorum
1600 644 1783 679 integritatem

1000 686 1148 720 declarant,
1179 689 1295 717 maxime
1321 697 1385 717 vero
1411 690 1532 717 omnium
1557 691 1710 718 certissima
1734 691 1785 718 do-

999 733 1097 760 ctrina.

1034 779 1168 813 Quoniam
1181 788 1246 808 vero
1259 781 1343 816 aliqui
1357 781 1452 809 dicunt
1463 781 1515 809 hoc
1526 782 1657 817 scriptum
1672 782 1783 810 minime

1001 830 1095 853 sancto
1116 826 1303 860 tribuendum,
1319 826 1367 855 sed
1393 828 1500 856 cuidam
1525 829 1718 863 posteriorum,
1736 836 1783 856 ne-

1000 879 1087 904 cesse,
1103 872 1177 907 ipsos
1191 877 1218 901 et
1231 873 1380 908 desperatae,
1399 874 1545 909 quemdam
1563 875 1670 906 salutis,
1686 882 1718 901 ac
1735 875 1783 902 ab-

1000 919 1113 946 surdum
1134 920 1207 947 hunc
1231 920 1398 952 existimare,
1414 921 1479 948 talia
1493 921 1526 948 de
1540 921 1631 956 seipso
1646 921 1782 948 mentien-

999 967 1065 997 tem,
1082 965 1154 1000 quod
1177 966 1306 1001 apostolis
1321 967 1472 994 convixerit
1499 974 1531 994 ac
1547 968 1652 995 litteras
1666 967 1780 999 miserit,

999 1012 1098 1046 quibus
1110 1021 1250 1048 nunquam
1264 1013 1351 1042 adfuit
1366 1022 1454 1049 neque
1468 1015 1588 1049 scripsit.

1032 1058 1119 1087 Porro
1133 1059 1215 1087 etiam
1226 1060 1385 1088 vaticinium
1400 1060 1500 1095 fingere
1520 1059 1554 1087 ad
1569 1059 1700 1087 Joannem
1716 1067 1782 1095 apo-

999 1105 1098 1133 stolum
1118 1106 1145 1133 in
1160 1106 1257 1134 exsilio
1272 1110 1436 1140 versantem,
1452 1106 1525 1142 quod
1539 1106 1636 1134 iterum
1660 1107 1687 1134 in
1703 1106 1782 1134 Asia-

999 1158 1062 1178 nam
1087 1155 1187 1179 terram
1212 1157 1372 1185 revertetur,
1389 1156 1416 1180 et
1442 1157 1573 1181 consueta
1597 1152 1716 1185 docebit,
1731 1153 1782 1180 hoc

998 1200 1050 1228 est,
1062 1198 1267 1232 prmstigiatoris
1282 1198 1399 1226 hominis
1424 1202 1451 1226 et
1474 1199 1611 1234 propheta:
1626 1198 1781 1233 opinionem

999 1243 1095 1271 insane
1108 1244 1244 1272 venantis.

1034 1287 1124 1323 Ipsum
1138 1293 1227 1317 autem
1248 1290 1340 1318 dicere
1354 1298 1382 1319 se
1397 1294 1518 1326 tempore
1533 1290 1662 1319 salutaris
1676 1290 1783 1325 passio-

999 1335 1043 1363 nis
1063 1335 1197 1371 Heliopoli
1211 1344 1272 1364 cum
1295 1337 1483 1372 Apollophane
1503 1341 1638 1372 agentem,
1657 1336 1782 1371 specula-

999 1385 1056 1408 tum
1071 1389 1103 1409 ac
1116 1382 1196 1410 simul
1212 1382 1430 1418 philosophatum
1445 1382 1479 1410 de
1493 1383 1576 1410 solari
1591 1382 1696 1417 eclipsi,
1709 1383 1781 1418 quod

999 1435 1054 1455 non
1068 1429 1217 1456 secundum
1233 1433 1359 1456 naturam
1374 1436 1462 1464 neque
1476 1429 1627 1457 secundum
1639 1432 1784 1457 consuetu-

998 1475 1089 1503 dinem
1113 1480 1171 1503 tum
1194 1475 1353 1509 accidisset;
1370 1475 1461 1503 dicere
1485 1479 1575 1503 autem
1598 1483 1628 1504 se
1648 1483 1704 1503 una
1721 1483 1783 1505 cum

999 1522 1128 1556 apostolis
1147 1521 1306 1550 interfuisse
1325 1529 1388 1549 cum
1411 1521 1534 1549 divinum
1559 1529 1660 1556 corpus
1681 1525 1784 1549 sancta:

997 1566 1120 1603 Deiparaa
1143 1567 1234 1595 Mariae
1258 1571 1421 1603 gestaretur,
1447 1575 1479 1595 ac
1503 1568 1651 1595 sententias
1678 1568 1782 1603 proprii

164 1600 256 1635 ροθέου
277 1603 323 1629 τοῦ
340 1603 404 1631 ίδίου
426 1605 585 1634 διδασκάλου
602 1608 634 1635 ὲκ
647 1609 700 1636 τῶν
720 1611 760 1642 είς
777 1600 860 1647 αὐτὴν
887 1613 946 1639 ὲπι-

1003 1600 1119 1649 ωοέίειιὶ
1130 1600 1270 1642 Hierothei
1282 1621 1314 1641 ex
1326 1614 1385 1649 ejus
1402 1613 1560 1641 funebribus
1578 1613 1612 1641 ad
1627 1600 1713 1648 ipsam
1725 1600 1784 1641 ser-

161 1648 265 1681 ταφίων
279 1649 365 1684 λόγων
376 1659 383 1666 ·
400 1651 563 1680 πλάττεσθαι
575 1655 603 1681 δὲ
613 1656 659 1682 καὶ
671 1657 815 1689 ἐπιστολὰς
839 1659 886 1685 καὶ
901 1659 945 1686 λό-

162 1700 227 1740 γους
238 1693 275 1725 ὡς
292 1695 359 1730 πρὸς
372 1696 435 1728 τοὺς
452 1697 575 1734 μαθητὰς
589 1699 645 1727 τῶν
662 1701 816 1730 ἀποστόλων
827 1704 947 1740 ἐκφωνη-

163 1735 273 1786 θέντας,
292 1740 378 1776 πόσης
403 1742 517 1776 ἀτοπίας
544 1746 591 1772 καὶ
615 1747 823 1783 καταγνώσεως,
842 1735 889 1777 καὶ
907 1735 946 1786 τῷ

162 1785 268 1832 τυχόντι
284 1787 428 1824 ἀνθρώπῳ,
448 1790 511 1826 μήτι
530 1800 562 1825 γε
576 1791 606 1826 δὴ
617 1793 694 1829 ἀνδρὶ
716 1794 841 1823 τοσοῦτον
864 1785 948 1832 ἀνηγέ

164 1831 237 1878 μένῳ
268 1833 339 1878 κατά
363 1842 393 1860 τε
406 1832 473 1870 ἦθος
499 1837 545 1863 καὶ¹
560 1838 669 1872 γνῶσιν,
685 1840 733 1866 καὶ
746 1840 776 1866 τὸ
790 1841 948 1878 ὑπεραίρειν

161 1875 195 1902 τά
218 1877 335 1913 αἰσθητά
364 1880 462 1913 πάντα,
483 1883 530 1909 καὶ
555 1885 611 1915 τοῖς
635 1887 739 1921 νοεροῖς
766 1875 947 1915 συνάπτεσθαι

162 1921 283 1955 κάλλεσι,
304 1924 351 1950 καὶ
365 1925 398 1951 δι’
414 1926 502 1954 αὐτῶν
517 1928 555 1959 ὼς
571 1930 681 1964 ἐφικτὸν
702 1930 761 1966 Θεῷ
775 1930 782 1956 i

203 1967 389 2005 Ἑξηγητικῶν
398 1972 447 2007 μὲν
456 1972 502 2000 οὖν
517 1975 719 2011 ὑπομνημάτων
729 1977 766 2009 ὡς
776 1978 816 2005 ὅτι
831 1979 947 2014 μάλιστα

160 2013 389 2047 διεξοδικιυτάτων
417 2019 502 2046 ἐδεῖτο
524 2021 591 2056 πρὸς
623 2022 770 2058 ἑρμηνείαν
792 2013 841 2059 τῆς
864 2025 946 2052 αὐτοῦ

162 2059 358 2096 πολυμαθείας·
374 2063 444 2099 πλὴν
469 2065 744 2103 κεφαλαιωδέστερον,
771 2069 839 2105 ὡςή
857 2069 947 2104 βίϐλος

162 2105 296 2142 ἐχώρησε,
325 2108 369 2134 διὰ
384 2110 506 2145 σχολίων,
518 2112 553 2138 τὰ
577 2113 695 2147 φανέντα
711 2123 765 2150 μοι,
783 2115 836 2151 θεῷ
850 2125 946 2143 πεποι-

162 2152 228 2184 θὼς,
256 2155 441 2188 παρατέθεικα
460 2158 530 2185 κατά
552 2159 616 2190 τοὺς
643 2159 706 2195 ἑξῆς
731 2161 948 2197 παρακειμένους

163 2197 277 2232 λόγους,
298 2200 344 2232 οὓς
358 2202 426 2235 τέως
447 2205 486 2236 είς
512 2204 561 2238 τάς
583 2206 653 2242 ἐμὰς
679 2207 766 2234 ἐλθεῖν
793 2208 948 2244 συμϐέϐηκε

162 2245 256 2280 χεῖρας
268 2246 289 2272 ⁸.

999 1659 1126 1687 monibus
1140 1659 1271 1695 proferre,
1285 1659 1385 1695 ﬁngere
1407 1659 1487 1687 etiam
1511 1659 1640 1694 epistolas
1658 1662 1686 1686 et
1701 1659 1783 1687 verba

999 1708 1130 1739 tanquam
1157 1704 1192 1731 ab
1214 1705 1399 1739 apostolorum
1424 1704 1566 1740 discipulis
1590 1704 1781 1739 pronuntiata,

1000 1752 1109 1785 quantae
1119 1750 1307 1782 absurditatis,
1317 1753 1344 1777 et
1355 1750 1592 1777 condemnationis
1603 1749 1691 1778 cuivis
1702 1750 1782 1777 etiam

999 1804 1014 1824 e
1038 1796 1116 1831 plebe
1142 1796 1260 1828 homini,
1291 1804 1325 1824 ne
1345 1797 1434 1824 dicam
1456 1797 1515 1824 viro
1535 1796 1603 1824 adeo
1619 1796 1741 1824 moribus
1756 1800 1783 1824 et

999 1841 1112 1870 scientia
1141 1843 1255 1875 elevato,
1279 1847 1306 1870 et
1330 1847 1428 1870 cuncta
1452 1843 1563 1871 sensilia
1586 1843 1735 1878 superanti,
1751 1850 1783 1869 ac

999 1888 1247 1924 pulchritudinibus
1262 1892 1352 1916 mente
1373 1889 1494 1924 praeditis
1516 1889 1675 1924 conjuncto,
1701 1892 1784 1924 atque

999 1943 1048 1970 per
1065 1942 1112 1963 eas
1130 1939 1262 1971 quantum
1276 1936 1339 1963 licet
1351 1935 1407 1963 Deo
1420 1937 1426 1963 ί

1035 1981 1244 2009 Commentariis
1270 1981 1380 2017 quidem
1395 1981 1571 2016 amplissimis
1588 1980 1622 2007 ad
1646 1981 1783 2015 interpre»

1002 2027 1130 2056 tationem
1146 2028 1262 2063 copiosae
1277 2028 1345 2055 adeo
1360 2027 1484 2056 scientia:
1510 2035 1578 2062 opus
1593 2030 1671 2060 erat;
1688 2030 1783 2053 tamen

1001 2074 1123 2105 brevius.
1140 2077 1272 2109 quantum
1292 2081 1385 2109 margo
1398 2073 1462 2101 libri
1484 2073 1617 2108 capiebat,
1639 2071 1687 2100 Dei
1697 2071 1782 2099 fretus

1001 2121 1114 2153 auxilio,
1127 2128 1159 2148 ea
1174 2128 1234 2155 quae
1250 2120 1316 2147 mihi
1331 2121 1389 2148 visa
1405 2123 1469 2148 sunt
1480 2119 1590 2147 scholiis
1600 2119 1627 2146 in
1638 2123 1783 2153 sequentes

1001 2166 1097 2198 libros,
1122 2175 1191 2202 quos
1222 2166 1256 2193 ad
1285 2174 1358 2194 meas
1383 2166 1515 2194 hactenus
1527 2165 1669 2200 pervenire
1686 2172 1784 2192 manus

1002 2213 1123 2247 contigit,
1138 2213 1263 2247 apposui.

669 2298 711 2324 Ea;
725 2299 832 2326 scholiis
847 2299 1046 2335 diligentissimi
1060 2302 1200 2336 cujusdam
1215 2303 1274 2330 viri.

206 2347 302 2397 ’ίστέον
316 2348 353 2381 ὥς
366 2359 438 2383 τινες
456 2352 510 2379 τῶν
530 2353 581 2387 ἔξω
595 2355 757 2390 φιλοσόφων,
773 2357 819 2383 καὶ
835 2358 948 2392 μάλιστα

1039 2360 1185 2388 Sciendum
1214 2361 1320 2395 aliquos
1348 2359 1524 2396 profanorum
1546 2361 1781 2397 philosophorum,

164 2393 294 2428 Πρόκλος,
315 2395 473 2432 θεωρήμασι
501 2399 630 2432 πολλάκις
643 2401 690 2427 τοῦ
703 2403 838 2438 μακαρίου
857 2405 949 2431 Διονυ-

164 2438 221 2465 σίου
233 2439 374 2476 κέχρηται,
405 2443 451 2469 καὶ
475 2444 569 2477 αὑταῖς
594 2446 623 2473 δὲ
647 2447 741 2483 ξηραῖς
762 2450 822 2481 ταῖς
845 2450 946 2484 λέξεσι·

163 2485 212 2510 καὶ
227 2484 300 2513 ἐστιν
315 2487 441 2516 ὑπόνοιαν
456 2491 488 2517 ὲκ
497 2491 591 2518 τούτου
617 2493 708 2520 λαϐεῖν
724 2495 762 2526 ὡς
784 2496 808 2521 ot
823 2497 852 2522 ἐν
871 2496 949 2532 ’Λθή-

162 2539 223 2562 ναις
240 2533 410 2570 παλαιότεροι
424 2537 478 2563 τῶν
490 2538 650 2573 φιλοσόφων,
666 2542 888 2577 σφετερισάμενοι
900 2543 949 2575 τὰς

163 2577 245 2604 αὑτοῦ
268 2582 467 2616 πραγματείας,
482 2584 520 2615 ὡς
544 2585 572 2610 ὲν
596 2587 629 2621 τῇ
650 2586 773 2622 παρούσῃ
789 2588 949 2623 ἀπομνημο-

163 2624 237 2651 νεύει
249 2626 342 2662 βίϐλῳ,
367 2628 539 2665 ἀπέκρυψαν,
557 2631 600 2658 ἵνα
619 2633 737 2668 πατέρες
751 2633 827 2659 αὐτοὶ
848 2633 949 2668 ὀφθῶσι

163 2670 218 2696 τῶν
231 2671 311 2699 θείων
332 2675 415 2701 αὑτοῦ
436 2675 551 2710 λογίωψ
567 2679 613 2704 καὶ
635 2680 694 2705 κατ’
710 2680 865 2715 οἰκονομίαν
881 2679 948 2706 Θεοῦ

163 2716 212 2743 νῦν
226 2718 346 2756 ἀνεφάνη
368 2722 385 2756 ή
411 2722 537 2758 παροῦσα
550 2725 727 2760 πραγματεία
749 2725 817 2761 πρὸς
840 2725 949 2761 ἔλεγχον

162 2763 213 2798 τῆς
227 2765 316 2793 αὐτῶν
330 2768 483 2801 κενοδοξίας
494 2770 541 2796 καὶ
552 2771 733 2807 ῥᾳδιουργίας.
743 2773 798 2799 Καὶ
812 2773 853 2800 ὅτι
870 2773 950 2808 σύνη-

1001 2409 1028 2433 et
1041 2406 1159 2433 maxime
1187 2405 1324 2438 Proclum,
1353 2414 1424 2441 szepe
1442 2414 1522 2434 usum
1549 2408 1783 2441 speculationibus

1002 2451 1075 2478 beati
1111 2451 1250 2486 Dionysii;
1277 2452 1331 2478 imo
1355 2451 1422 2486 ipsis
1451 2452 1533 2479 etiam
1560 2453 1641 2481 nudis
1656 2452 1785 2482 dictioni-

1002 2497 1067 2531 bus;
1094 2496 1166 2524 unde
1203 2505 1236 2524 ex
1265 2497 1318 2524 hoc
1346 2498 1481 2532 suspicari
1509 2498 1582 2530 licet,
1614 2500 1784 2534 antiquiores

1001 2543 1114 2570 Athenis
1137 2543 1326 2578 philosophos,
1341 2543 1423 2578 hujus
1437 2551 1519 2579 opera
1535 2545 1586 2572 sibi
1602 2545 1782 2577 vindicantes,

1003 2591 1074 2617 sicut
1103 2590 1131 2617 in
1153 2589 1281 2624 praesenti
1306 2590 1377 2617 libro
1408 2590 1546 2622 admonet,
1561 2592 1725 2625 occultasse,
1755 2597 1785 2619 ιιι

1000 2634 1052 2669 ipsi
1081 2634 1235 2661 divinorum
1260 2634 1319 2668 eius
1350 2635 1480 2662 librorum
1498 2639 1623 2664 auctores
1646 2644 1677 2664 ac
1692 2640 1784 2672 patres

1000 2681 1175 2713 viderentur;
1203 2684 1231 2708 et
1254 2680 1300 2708 Dei
1334 2681 1538 2716 dispensatione
1564 2690 1638 2710 nunc
1663 2690 1784 2717 praesens

1001 2734 1069 2761 opus
1082 2727 1296 2755 demonstratum
1317 2731 1371 2759 est,
1402 2727 1435 2754 ad
1464 2727 1584 2762 ipsorum
1596 2728 1742 2755 vanitatem
1758 2733 1785 2754 et

1003 2773 1150 2807 nequitiam
1177 2772 1404 2808 redarguendam.
1430 2772 1575 2801 Familiare
1603 2777 1693 2800 autem
1717 2773 1784 2808 ipsis

629 2837 746 2866 VARle
764 2839 956 2868 LECTIONES
972 2840 1015 2867 ET
1034 2840 1307 2869 CORRECTIONES.

207 2894 216 2909 ⁷
235 2894 390 2937 σύνταγμα..
426 2898 436 2913 ⁸
447 2897 646 2937 Dionysiorum"
658 2908 707 2927 ms.
721 2900 896 2937 minyaqrercle
914 2909 970 2928 meo
986 2901 1087 2935 judicio
1110 2902 1183 2935 ponit
1207 2905 1255 2930 hoc
1271 2903 1331 2930 loco
1352 2911 1381 2929 ea
1397 2910 1454 2937 qua:
1468 2902 1493 2928 in
1510 2900 1620 2927 editione
1636 2899 1784 2927 Marelimm

167 2935 367 2965 provenerant,
383 2933 476 2969 ἐπειδὴ
487 2933 515 2960 δέ
530 2942 610 2967 τινες,
633 2943 709 2970 quam
726 2935 834 2971 proinde
848 2936 890 2963 hic
908 2945 948 2972 seq

1003 2933 1145 2965 ualuimus.
