1925 3060
166 171 197 198 51
558 172 733 202 ΑΡΡΕΝΒΙΧ
748 175 794 201 AD
810 175 924 203 OPERA
943 178 946 203 τ

1008 175 1144 204 δΙΟΝῩὸΙῙ
1161 175 1393 204 ΑΠΕΟΡΑΕΙΤΛΕ
1756 174 1791 203 32

165 228 238 255 enim
272 227 324 255 ista
353 229 530 267 scripturaj),
564 235 679 268 tumque
713 232 814 260 editam
852 233 946 263 fuisse.

1008 236 1062 271 \txﬁ
1083 233 1210 271 ἐπιστολῇ
1222 234 1342 261 ’ἐκεῖθεν
1355 233 1410 269 γάρ
1428 233 1486 260 ἐστι
1507 232 1538 259 τὸ
1561 231 1659 268 ρητόνσ
1682 229 1730 258 καὶ
1749 231 1790 258 Mt

203 316 306 345 Etenim
318 326 350 345 ea:
364 319 432 354 ipso.
447 319 511 348 Haec
531 320 566 349 de
583 321 664 354 Filio,
681 325 812 358 tanquam
829 323 896 357 Deo,
912 324 952 352 lo-

165 364 267 399 quitur.

201 408 216 446 5
231 409 262 437 ll.
279 410 299 436 Α
309 409 434 439 Pati-ibus
448 411 572 439 traditas.
588 412 684 442 Patres
696 414 741 441 hic
752 415 888 450 signiﬁcat
902 423 950 444 eos

163 454 211 487 qui
226 454 278 488 ipsi
299 456 451 483 doctrinam
473 458 654 491 tradiderunt,
675 467 731 487 non
752 468 817 487 vero
835 465 949 489 natura-

163 498 221 532 les;
238 508 271 527 ex
289 501 437 536 gentilibus
449 503 521 530 enim
542 507 600 531 erat
617 513 623 530 :
642 505 714 532 sicut
729 506 870 534 declarant
884 507 950 535 Acta

163 549 321 574 sanctorum
342 549 537 583 apostolorum,
558 554 641 586 atque
658 551 717 586 ipse
731 552 759 579 in
777 553 893 588 epistola
916 553 950 580 ad

162 594 290 619 sanctum
309 591 500 628 Polycarpum,
516 598 543 622 et
566 596 594 622 in
624 597 714 631 capite
732 605 805 625 nono
830 598 949 626 (linteatis

161 635 328 665 hieran/tiae.

195 682 354 717 Symbalice.
370 683 463 720 Neque
481 687 553 713 enim
572 695 699 715 sermone
721 689 884 717 naturaliter
904 697 950 717 ac-

161 734 238 764 cepto
253 729 318 757 dicit
332 739 339 763 ;
354 731 402 758 sed
416 739 465 766 per
485 732 564 768 signa
578 733 703 768 quaedam
716 739 744 762 et
760 735 904 771 imagines.

196 773 337 808 Metilium,
362 775 408 803 Gr.
425 777 504 806 νοῶν.
529 778 600 810 Νόας
615 784 715 807 vocant
738 781 820 808 etiam
836 782 956 816 gentiles

160 821 325 857 philosophi.
349 822 545 858 intelligentes,
574 833 623 852 seu
648 826 787 861 angelicas
807 827 947 861 virtutes;

159 869 380 905 quandoquidem
400 871 513 898 omnino
553 873 744 909 unusquisque
766 874 888 909 ipsorum
913 876 949 903 sit

160 922 254 948 mens;
268 919 295 943 et
307 917 464 945 universam
476 918 659 946 substantiam
672 924 789 948 mentem
800 922 946 955 viventem,
964 916 986 946 Β

159 961 188 987 in
201 962 319 995 speciem
334 970 411 990 suam
427 964 636 992 substantialem
651 965 766 999 habeat;
784 966 844 998 νόες
857 973 948 995 autem

158 1010 292 1033 vocantur
311 1011 423 1042 propter
440 1009 580 1037 meliorem
596 1009 791 1039 declinationis
807 1012 887 1040 facta:
902 1021 948 1039 5)-

157 1059 235 1084 num,
259 1053 480 1088 quandoquidem
501 1055 644 1090 oportebat
667 1063 682 1083 a
704 1056 824 1085 dictione
845 1059 860 1085 ὁ
874 1057 947 1090 νοῦς,

157 1097 204 1125 τοῦ
216 1098 261 1125 νοῦ
278 1099 382 1134 plurale
396 1100 421 1126 οἱ
437 1102 477 1127 νοῖ
490 1109 564 1135 esse;
581 1101 629 1129 sed
644 1106 756 1138 propter
770 1103 946 1138 euphoniam,

157 1150 192 1169 ex
214 1143 269 1170 aiio
290 1148 366 1171 recto
390 1145 534 1180 singulari,
557 1145 660 1173 factum
675 1151 718 1175 est
741 1148 765 1174 oi.
789 1148 858 1181 νόες.
885 1149 948 1176 Haec

157 1188 230 1215 enim
255 1190 423 1218 consuetudo
443 1191 543 1219 Atticis
565 1192 613 1227 qui
635 1192 731 1220 dicunt
758 1193 948 1230 ’Δριστοφάναι

157 1238 185 1260 et
206 1234 350 1270 Σωκράται
373 1244 423 1271 pro
454 1238 479 1263 oi.
511 1237 715 1273 Ἀριστοφάνεις
737 1243 764 1267 et
787 1241 811 1266 oi
835 1240 947 1276 Σωκρά-

156 1288 224 1311 τεις.
243 1279 314 1307 Sunt
324 1289 389 1309 vero
403 1282 485 1309 etiam
499 1282 546 1318 qui
568 1283 661 1311 dicant
676 1286 700 1311 ot
716 1284 770 1312 νόοι
787 1289 916 1320 tanquam
932 1294 948 1313 ι

157 1326 226 1358 νόος,
244 1326 291 1353 τοῦ
309 1328 386 1361 νόσος
403 1332 483 1356 vocat
503 1333 594 1357 autem
609 1330 691 1358 etiam
710 1331 852 1367 Scriptura
874 1333 947 1367 ipsas

157 1372 211 1400 hoc
231 1373 350 1406 nomine,
373 1374 446 1402 sicut
467 1376 496 1402 in
516 1375 596 1410 Isaia,
619 1385 691 1404 mens
714 1386 810 1414 magna
828 1380 948 1415 princeps

158 1417 313 1454 Babylonis,
330 1420 381 1447 hoc
396 1424 438 1448 est
456 1420 592 1450 diabolus.
617 1422 773 1451 Secundum
794 1425 873 1453 lones
894 1426 946 1461 igi-

158 1467 218 1497 tur,
236 1464 308 1498 νοῦς,
324 1466 393 1498 νοὸς,
409 1466 478 1499 νόες,
497 1467 569 1495 sicut
591 1468 685 1505 χροῦς,
700 1470 790 1508 χροὸς,
814 1472 838 1498 οε
851 1471 944 1507 χρόεςν

157 1509 250 1538 Ionica
264 1512 337 1539 enim
352 1512 510 1541 declinatio.

193 1567 470 1604 Superprincipialem,
486 1570 532 1598 Gr.
562 1572 738 1608 ὑπεράρχιον.
767 1574 948 1611 Ὑπεράρχιος

157 1612 231 1642 Deus
242 1618 285 1642 est
303 1615 386 1643 veluti
410 1624 495 1651 supra
511 1624 593 1645 omne
613 1619 791 1654 principium,
806 1624 834 1648 et
854 1621 946 1649 lumen

157 1660 231 1695 quod
245 1668 260 1688 a
273 1661 329 1689 Deo
341 1662 508 1698 principium
522 1663 620 1698 habet;
635 1669 765 1700 tanquam
781 1667 946 1703 principium

157 1714 252 1734 eorum
278 1708 325 1743 qui
353 1708 483 1737 dicuntur
505 1709 554 1744 dii,
578 1711 749 1746 angelorum,
766 1712 898 1748 inquam,
920 1717 947 1741 et

155 1753 294 1788 iustorum
308 1755 459 1783 hominum.

195 1799 354 1832 Intimitate,
372 1800 419 1828 Gr.
436 1801 585 1838 ὲνδότητος.
608 1803 751 1840 Ἐνδότητα
766 1804 833 1832 dicit
852 1806 946 1833 occul-

157 1845 308 1879 tationem;
331 1846 443 1882 ignolus
457 1847 532 1875 enim
547 1853 588 1876 est
602 1850 731 1878 omnibus
747 1851 790 1882 iis,
806 1851 853 1886 qui
869 1855 947 1879 extra

157 1890 248 1925 ipsum
264 1895 338 1921 sunt.

192 1936 473 1972 Contemperationem.
504 1939 573 1966 Nota
600 1942 886 1977 contemperationem,
920 1949 948 1971 et

157 1983 398 2018 quarerdivinitas,
414 1992 475 2012 cum
489 1993 543 2012 una
557 1987 603 2019 sit,
617 1987 821 2022 multiplicetur.

193 2029 220 2064 3
236 2028 473 2064 Operimentorum,
495 2030 543 2059 Gr.
565 2033 832 2069 παραπετασμάτων.
854 2035 948 2071 Παρα-

1003 280 1140 307 ὲκδοθεῖσα
1154 278 1188 316 ἦν
1202 280 1263 316 ἤδη.

1010 344 1012 346 -
1037 327 1093 353 Καὶ
1114 325 1170 361 γὰρ
1191 326 1226 358 ἐξ
1249 326 1353 353 αὐτοῦ.
1378 326 1470 353 Ταῦτα
1491 325 1555 362 περὶ
1575 324 1623 352 τοῦ
1646 325 1716 354 Υἱοῦ,
1733 325 1791 352 θεο-

1002 372 1086 407 λογεῖ.

1039 418 1053 454 §
1072 419 1106 445 Il.
1129 418 1405 453 Πατροπαραδότου.
1430 417 1555 454 Πατέρας
1580 416 1698 444 ἐνταῦθα
1717 416 1790 452 δηλοῖ

1002 465 1023 480 ’ί
1032 466 1094 496 τοὺς
1108 465 1276 501 παραδόντας
1285 464 1358 500 αὐτῷ
1366 464 1396 490 τὸ
1409 464 1506 500 δόγμα,
1523 464 1554 490 οὐ
1571 463 1623 499 μὴν
1632 464 1695 494 τοὺς
1711 471 1790 498 φυσι-

1001 511 1066 542 κούς
1081 519 1087 525 ·
1103 509 1133 543 ἐξ
1152 510 1284 546 Ἑλλήνων
1297 510 1351 546 γὰρ
1374 508 1418 546 ἦν,
1433 510 1470 542 ὡς
1484 509 1609 545 δηλοῦσιν
1629 509 1657 535 αἱ
1674 508 1790 544 Πράξεις

1001 557 1055 583 τῶν
1070 557 1155 591 ἁγίων
1177 557 1342 589 ἀποστόλων,
1359 557 1407 584 καὶ
1428 556 1508 588 αὐτὸς
1526 556 1616 593 μέντοι
1631 556 1659 582 ὲν
1673 557 1706 591 τῇ
1721 555 1790 590 πρὸς

1000 603 1046 630 τὸν
1061 604 1137 638 ἅγιον
1158 603 1337 638 Πολύκαρπον
1359 601 1497 637 ἐπιστολῇ,
1520 601 1567 628 καλ¹
1589 602 1618 628 ἐν
1632 601 1671 636 τῷ
1690 600 1712 627 θ’
1741 609 1788 627 κε-

1001 649 1106 684 φαλαίῳ
1121 649 1159 684 τῷ
1173 648 1245 682 Περὶ
1261 647 1317 682 τῆς
1330 647 1471 682 οὐρανίου
1487 647 1646 682 ιεραρχίας.

1035 693 1236 730 Συμϐολικῶς.
1256 694 1294 720 Οὐ
1309 693 1363 729 γὰρ
1382 693 1578 728 φυσιολογικῶς
1602 701 1693 728 φησιν,
1721 691 1788 719 ἀλλὰ

999 740 1043 766 διὰ
1058 740 1198 775 συμϐόλων
1214 739 1293 766 τινῶν
1307 740 1353 766 καὶ
1368 739 1487 765 εἰκόνων.

1035 785 1083 821 [α’]
1098 785 1193 812 Νοῶν.
1208 785 1280 817 Νόας
1297 784 1409 812 καλοῦσι
1432 785 1478 811 καὶ
1491 784 1515 810 οι
1537 785 1602 820 παρ’
1619 784 1730 820 Ἕλλησι
1745 793 1788 819 φι-

999 831 1107 866 λόσοφοι
1121 831 1170 863 τὰς
1183 831 1290 867 νοερὰς,
1301 831 1359 867 ἢτοι
1373 830 1520 865 ἀγγελικὰς
1533 830 1661 866 δυνάμεις
1672 839 1678 845 ·
1695 831 1788 866 ἐπειδὴ

998 877 1029 904 τὸ
1051 878 1104 904 πᾶν
1122 877 1184 909 νοῠς
1203 878 1276 904 ἐστιν
1299 877 1412 909 ἕκαστος
1432 876 1531 908 αὐτῶν,
1553 877 1600 903 καὶ
1627 876 1675 912 τὴν
1693 877 1788 903 οὐσίαν

1000 923 1108 950 ἃπασαν
1128 923 1189 950 νοῦν
1206 923 1293 955 ζῶντα
1311 924 1350 955 είς
1364 923 1394 949 τὸ
1407 920 1476 954 εἶδος
1493 922 1523 949 τὸ
1538 922 1642 949 ἑαυτῶν
1656 923 1788 958 οὐσιωμέ-

998 978 1042 996 νον
1057 969 1126 1004 ἔχει’
1151 967 1211 1002 νιὲς
1235 968 1377 996 καλοῦνται
1392 969 1461 1005 πρὸς
1482 968 1512 995 τὺ
1533 968 1717 1004 εὐφωνότερον
1738 968 1788 1004 τῆς

998 1014 1112 1047 κλίσεως
1125 1015 1291 1051 γενομένης·
1314 1015 1406 1051 ἐπειδὴ
1424 1014 1507 1050 ἐχρῆν
1523 1014 1578 1041 ἀπὸ
1597 1014 1644 1040 τοῦ
1669 1015 1685 1041 ό
1705 1014 1786 1046 νοῦς,

997 1061 1050 1088 τοῦ
1069 1060 1135 1093 νοῦ,
1152 1061 1183 1088 τὸ
1198 1061 1377 1097 πληθυντικὸν
1391 1062 1417 1088 οἱ
1431 1060 1478 1088 νοῖ
1491 1058 1560 1088 εἶναι
1569 1069 1577 1076 ·
1591 1060 1659 1087 ἀλλὰ
1672 1060 1717 1087 διὰ
1737 1060 1787 1097 τὴν

997 1108 1132 1142 εὐφωνίαν
1146 1107 1176 1140 ἐξ
1189 1108 1271 1143 ἄλλης
1284 1107 1391 1140 εὐθείας
1412 1107 1504 1143 ἐνικῆς
1517 1107 1628 1141 γέγονεν
1650 1108 1677 1134 ol
1696 1107 1766 1140 νόες
1777 1115 1784 1122 ·

997 1152 1057 1185 ἔθος
1074 1154 1128 1190 γὰρ
1147 1153 1227 1180 τοῦτο
1247 1153 1388 1185 Ἀττικοῖς,
1410 1153 1438 1180 οἵ
1460 1161 1552 1188 φασιν,
1573 1152 1785 1188 Ἀριστοφάναι

998 1200 1044 1226 καὶ
1066 1200 1228 1234 Σωκράται,
1251 1200 1312 1227 ἀντὶ
1325 1199 1371 1226 τοῦ
1388 1201 1415 1227 οἱ
1443 1199 1665 1234 Ἀριστοφάνεις
1690 1199 1738 1226 καὶ
1758 1200 1786 1225 οἱ

997 1245 1172 1280 Σωκράτεις.
1193 1246 1254 1272 Εἰσὶ
1267 1245 1295 1272 δὲ
1314 1245 1361 1272 καὶ
1377 1244 1502 1280 λέγοντες
1524 1247 1552 1272 ol
1573 1245 1647 1277 νόοι,
1671 1245 1709 1277 ὡς
1731 1245 1785 1271 ὰπδ

996 1291 1044 1318 τοῦ
1070 1293 1086 1319 ό
1108 1292 1193 1324 νόος,
1220 1291 1274 1318 τοῦ
1298 1291 1387 1318 νόου·
1412 1291 1490 1317 καλεῖ
1512 1290 1540 1317 δὲ
1570 1291 1671 1323 αὐτοὺς
1700 1291 1748 1317 καὶ
1767 1292 1783 1325 ἡ

997 1337 1093 1373 Γραφὴ
1106 1337 1146 1373 τῷ
1159 1337 1271 1373 ὀνόματι
1279 1336 1376 1372 τούτῳ,
1387 1337 1424 1369 ὡς
1439 1337 1468 1364 ὲν
1482 1333 1591 1371 Ἦσαῖᾳ·
1603 1336 1682 1370 Νοῦς
1689 1336 1785 1371 μέγας

997 1385 1013 1410 ό
1026 1383 1126 1418 ἅρχων
1139 1383 1328 1416 Βαϐυλῶνος,
1349 1382 1420 1410 τοῦτ’
1437 1382 1510 1409 ἐστιν
1525 1383 1539 1409 ό
1552 1382 1688 1414 διάὸολος·
1714 1382 1785 1409 κατὰ

999 1429 1095 1461 Ἴωνας
1108 1429 1196 1456 τοίνυν
1211 1429 1296 1462 νοῦς,
1311 1429 1391 1462 νοὸς,
1405 1429 1483 1462 νόες,
1499 1429 1536 1461 ὡς
1548 1429 1640 1465 χροῦς,
1655 1428 1745 1464 χροὸς,
1759 1428 1784 1454 οἱ

997 1477 1090 1512 χρόες’
1114 1475 1220 1511 Ἰωνικὴ
1233 1475 1288 1511 γὰρ
1304 1476 1320 1511 ἡ
1337 1475 1433 1507 κλίσις.

1040 1587 1244 1622 ’Υπεράρχιον.
1261 1586 1440 1622 Ὑπεράρχιος
1448 1587 1462 1612 ὁ
1474 1586 1549 1618 Θεὸς,
1560 1586 1598 1617 ὡς
1612 1585 1681 1621 ὑπὲρ
1695 1586 1784 1612 πᾶσαν

997 1632 1083 1668 ἀρχὴν
1097 1635 1145 1660 καὶ
1159 1632 1302 1668 θεαρχικὺν
1326 1633 1393 1667 φῶς,
1416 1632 1453 1664 ὡς
1467 1632 1538 1668 ἀρχὴ
1556 1632 1609 1659 τῶν
1632 1631 1784 1667 λεγομένων

999 1679 1078 1712 θεῶν,
1095 1679 1218 1714 ἀγγέλων
1233 1688 1270 1715 φη
1274 1679 1304 1715 μὶ
1317 1679 1363 1706 καὶ
1376 1677 1527 1715 ἀνθρώπων
1540 1678 1662 1705 δικαίων.

1033 1810 1092 1847 [β’.]
1110 1810 1289 1845 Ἐνδότητος.
1305 1810 1446 1846 Ἐνδότητᾱ
1457 1819 1523 1846 φησι
1536 1810 1585 1846 τὴν
1600 1812 1783 1847 κρυφιότηταο

997 1858 1064 1884 πᾶσι
1077 1857 1131 1893 γὰρ
1145 1858 1201 1888 τοῖς
1215 1856 1267 1889 ἔξω
1280 1857 1365 1892 αὐτῆς
1384 1857 1521 1891 ἄγνωστός
1540 1858 1607 1884 ἐστι.

1032 1946 1067 1982 [γ’
1072 1946 1092 1982 .]
1106 1947 1285 1981 Σύγκρασιν.
1300 1945 1455 1980 Σημείωσαι
1469 1944 1527 1979 τὴν
1538 1945 1721 1980 σύγκρασιν·
1738 1946 1785 1974 καὶ

995 1993 1039 2020 διὰ
1054 1993 1080 2019 τί
1093 1993 1124 2019 τὺ
1138 1993 1214 2019 Θεῖον
1229 1991 1258 2018 ἓν
1272 1991 1302 2018 ὃν
1317 1990 1490 2026 πληθύνεται.

1030 2037 1319 2073 Παραπετιισμάτων.
1339 2036 1581 2072 Παραπετάσματά
1596 2045 1661 2072 φησι
1676 2037 1710 2064 τὰ
1732 2046 1785 2064 σω-

157 2074 322 2110 πετάσματα
344 2083 393 2104 seu
409 2077 469 2104 vela
487 2077 554 2104 dicit
578 2086 610 2106 ea
628 2086 690 2114 qua:
712 2079 794 2106 modo
813 2087 946 2116 corporeo

1008 2085 1119 2117 ιατικῶς
1133 2085 1196 2120 περὶ
1219 2083 1285 2110 θεοῦ
1304 2083 1435 2119 λεγόμενα
1450 2084 1479 2110 ὲν
1499 2085 1559 2115 ταῖς
1569 2084 1702 2120 Γραφαῖς,
1725 2082 1784 2111 οἷον

157 2120 287 2149 dicuntur
304 2122 338 2150 de
356 2122 410 2150 Deo
430 2123 459 2149 in
476 2122 637 2158 Seripturis,
654 2125 736 2152 veluti
761 2126 946 2154 membrorum

1008 2132 1084 2159 tam»;
1105 2130 1292 2166 ἀνθρωπίνων,
1315 2129 1331 2165 ἢ
1356 2128 1496 2164 δυνάμεών
1517 2138 1597 2155 τινων
1624 2130 1782 2174 ὀνομασίας.

158 2168 353 2202 humanorum,
376 2174 403 2197 et
419 2170 550 2198 virtutum
567 2172 720 2207 aliquarum
738 2173 943 2208 appellationes.

1008 2178 1150 2213 ἒημείωσαι
1169 2177 1206 2208 δὲ,
1227 2177 1267 2202 ὅτι
1281 2176 1342 2211 δίχα
1356 2175 1448 2202 τύπων
1462 2175 1565 2211 [τινῶν]
1582 2176 1629 2202 καὶ
1644 2168 1784 2211 συμὸὄλων

156 2213 226 2242 Nota
245 2220 347 2249 autem,
363 2217 438 2252 quod
452 2218 512 2246 sine
527 2218 621 2254 ﬁguris
635 2219 797 2256 [aliquibus]
816 2225 843 2248 et
859 2222 946 2257 signis

1008 2225 1026 2250 ηὐ
1049 2223 1160 2250 δυνατὸν
1174 2223 1248 2258 ἡμᾶς
1271 2222 1300 2248 ἐν
1333 2222 1415 2257 σαρκὶ
1439 2221 1523 2254 ὄντας
1545 2222 1729 2249 κατοπτεῦσαι
1750 2222 1785 2249 τὰ

157 2262 216 2288 ﬁeri
242 2266 358 2297 nequeat
381 2271 431 2291 nos
454 2264 481 2291 in
506 2273 589 2292 carne
598 2267 762 2295 exsistentes
778 2267 879 2294 intueri
900 2276 944 2295 res

1008 2270 1063 2296 ιῡλα
1078 2270 1124 2296 καὶ
1140 2268 1273 2304 ἀσώματα
1284 2276 1290 2283 ·
1313 2269 1359 2294 καὶ
1382 2267 1460 2294 τοῦτο
1483 2268 1581 2303 μᾶλλον
1596 2268 1689 2303 ἐδήλου
1707 2269 1742 2295 τὰ
1756 2270 1785 2295 ὲν

157 2308 279 2335 materiae
293 2313 320 2336 et
340 2311 463 2345 corporis
480 2315 615 2346 expertes.
637 2313 725 2348 Atque
740 2314 792 2341 hoc
807 2315 893 2350 magis
908 2318 946 2342 si-

1008 2317 1030 2351 τῇ
1046 2317 1130 2351 σκηνῇ
1147 2314 1397 2350 παραπετάσματα,
1413 2314 1450 2345 ὡς
1465 2314 1581 2341 ἐνταῦθα
1596 2315 1752 2342 αἰνίττεται.

157 2353 321 2388 gniﬁcabant
336 2355 396 2382 vela
411 2364 472 2391 quae
485 2361 564 2385 erant
578 2359 606 2386 in
619 2359 805 2392 tabernaculo,
817 2360 889 2388 sicut
900 2361 945 2388 hic

157 2398 292 2428 insinuat.

192 2444 419 2480 Connaturaliter,
434 2446 481 2476 Gr.
499 2449 630 2484 συμφυῶς
647 2457 696 2485 pro
709 2451 845 2486 ὁμοφυῶς.
864 2451 944 2486 Ejus-

157 2491 218 2519 dem
231 2497 346 2526 "NUNC,
362 2493 441 2521 modo
456 2495 535 2523 nobis
549 2496 631 2528 aliini,
646 2504 678 2524 ac
689 2502 764 2525 noto.

195 2537 209 2574 ς
223 2537 263 2566 Ill.
277 2538 384 2566 Rituum
396 2548 502 2574 prwses.
515 2542 614 2578 Τελετή
628 2550 674 2570 seu
687 2544 850 2579 mysterium,
863 2544 942 2577 ritus,

1034 2547 1048 2583 §
1063 2548 1108 2573 Ill.
1135 2547 1169 2573 ’11
1186 2545 1368 2580 τελετάρχις.
1386 2545 1493 2579 Τελετὴ
1509 2544 1617 2580 λέγεται
1632 2544 1702 2571 κατὰ
1721 2546 1782 2578 τοὺς

156 2585 258 2613 dicitur
279 2586 430 2614 secundum
447 2589 562 2623 gentiles
577 2589 765 2625 philosophos,
787 2591 942 2618 communi-

1009 2593 1046 2619 ὧν
1073 2592 1205 2628 Ἐλλήνων
1227 2591 1418 2626 φιλοσύφουςὴ
1446 2591 1588 2627 μετάδοσις
1610 2591 1664 2618 τῶν
1682 2600 1786 2627 μυστη-

156 2632 230 2658 catio
245 2633 439 2668 mysteriorum
451 2638 581 2670 tanquam
593 2637 737 2671 periiciens
752 2645 814 2664 eum
827 2637 874 2671 qui
891 2637 943 2663 ini-

1008 2639 1070 2670 »ίων,
1087 2638 1135 2665 ἆτε
1157 2637 1297 2664 τελειοῦσα
1313 2637 1359 2663 τὸν
1384 2637 1544 2672 μυούμενον,
1562 2637 1608 2664 καὶ
1628 2637 1785 2673 τελειωτικὴ

156 2677 253 2710 tiatur,
277 2683 303 2706 et
324 2679 616 2714 perfectivaexsistens
638 2690 733 2710 eorum
755 2682 802 2717 qui
820 2682 854 2709 ad
877 2682 942 2709 talia

1011 2684 1165 2719 υγχάνουσα
1189 2683 1243 2710 τῶν
1269 2683 1435 2719 προσιόντων
1450 2684 1506 2714 τοῖς
1528 2682 1668 2714 τοιούτοις.
1687 2683 1785 2709 Τελετ-

157 2725 302 2753 accedunt.
317 2725 388 2762 Ergo
413 2727 513 2755 rituum
535 2737 636 2764 praeses
651 2737 793 2757 sacrorum
809 2729 943 2756 constitu-

1008 2739 1074 2766 ιρχις
1092 2728 1138 2757 οὖν
1161 2729 1327 2765 ἱεροθεσίαή
1354 2729 1412 2755 θεία
1428 2729 1479 2764 τῆς
1499 2728 1553 2755 τῶν
1577 2728 1657 2764 ἱερῶν
1681 2737 1785 2764 μυστη-

158 2771 206 2804 tio,
221 2775 263 2800 est
278 2772 371 2801 divina
386 2781 529 2802 sacrorum
543 2776 738 2812 mysteriorum
754 2775 943 2810 dispositionis

1008 2774 1062 2802 ›ίων
1075 2775 1153 2810 ἡμῶν
1167 2773 1372 2809 διακοσμήσεως
1385 2773 1459 2806 θέσις
1475 2773 1521 2800 καὶ
1537 2773 1696 2810 παράθεσις,
1713 2773 1785 2810 ἀρχὴ

640 2845 758 2875 νΑΒιᾸτι
775 2845 968 2878 LECTIONES
983 2845 1027 2874 ET
1045 2842 1319 2875 COBRECTIONES.

1033 2456 1189 2490 Συμφυῶς.
1207 2455 1278 2482 Ἀντὶ
1292 2454 1338 2481 τοῦ
1353 2455 1490 2491 όμοφυῶς,
1511 2456 1659 2490 συγγενῶς.

221 2914 242 2932 ³⁸
258 2913 340 2950 λέγει.
