1925 3060
138 166 173 194 55
478 159 506 187 8.
526 157 650 186 MAXIMI
667 154 815 184 SCHOLIA
832 153 866 181 lN
881 151 947 180 LIB.
968 150 1012 178 DE
1028 147 1192 178 CCELESTI
1209 144 1432 174 HIERARCHIA.
1735 144 1771 172 δι

134 223 268 260 γενομένη
290 222 323 248 ὲκ
337 219 406 248 Θεοῦ
423 219 466 246 διά
485 218 540 245 τῶν
556 215 711 244 ἀποστόλων
724 213 779 241 τῶν
793 213 929 240 τελειωτι-

994 208 1080 236 ιοείιίο
1103 210 1132 234 et
1154 203 1328 241 compositio,
1351 202 1517 239 principium
1543 205 1637 230 natum
1661 210 1693 230 ex
1715 201 1773 231 Deo

1078 259 1081 260 ν
1106 251 1172 260 .ν1λκ
1191 251 1324 260 ιξ-...ημΔ
1343 249 1439 260 LA-..“
1464 247 1631 260 ---Γηημηνιμ
1650 257 1656 260 .
1678 248 1755 260 ε-ε.ε..

135 271 191 299 κῶν
201 259 301 297 τούτων
309 267 427 302 ἀγαθῶν·
439 265 509 298 τοὺς
522 263 576 299 γὰρ
588 261 797 298 μεμυημένους
810 259 927 290 τελείους

137 316 214 344 καλεῖ
229 316 243 342 ὁ
257 315 327 346 θεῖος
342 311 488 342 ἀπόστολος
504 309 610 340 Παῦλος
633 307 720 342 λέγων
731 314 738 322 ·
765 305 853 332 ’Ὅσοι
871 305 927 331 οὖν

137 363 255 395 τέλειοι,
271 361 360 388 τοῦτο
375 356 540 393 φρονῶμεν.

179 447 406 484 ’Υπερκοσμίου.
419 446 454 473 Τὸ
465 445 493 472 δὲ
507 442 712 478 ὑπερκοσμιου
726 440 777 467 οὐκ
792 437 928 473 αἰσθητῶς

138 498 257 533 νοητέον,
275 495 342 522 ἀλλά
356 492 457 528 νοητῶς
473 491 520 518 καὶ
536 490 606 525 ὑπὲρ
628 488 674 514 τὸν
701 486 762 514 καθ’
786 485 861 533 ἡμᾶς
881 484 927 533 κο-

139 530 217 580 σμον.
233 542 386 578 Σημεεωσαι
402 539 440 571 δὲ,
455 538 515 565 τινα
529 536 602 570 λέγει
617 534 651 562 τά
670 534 796 580 σχήματα
818 530 928 580 nat-5?;

141 575 315 626 μορφωτιιιάς
330 586 477 617 συνθέσεις,
488 584 571 619 ἢγουν
581 580 768 615 εἰκονίσματα,
783 577 855 613 ἀπερ
865 575 928 612 ἑξῆς

139 636 328 672 παρατίθεται.

173 667 328 708 indecem.
343 677 509 713 Σημείωσαι,
526 675 567 701 ὅτι
581 670 787 708 πλασματώδεις
798 667 865 704 φησὶ
880 668 929 700 τὰς

139 727 255 755 ἐνταῦθα
283 723 414 761 μυστικὰς
433 721 607 758 παραδόσεις,
627 719 661 751 ἃς
680 719 709 744 ὲν
727 716 766 752 τῷ
787 714 856 749 Περὶ

139 759 392 807 ἐκκλησιαστικῆς
410 770 489 803 ἱεραρ
493 768 560 802 χίας
578 766 650 801 λόγῳ
663 763 839 791 ἀναπτύσσει·
851 759 930 787 τοῦτο

139 821 168 848 δὲ
183 817 342 855 θεοπρεπῶς
362 815 511 851 ὲκληπτέον
523 823 529 829 ·
552 811 620 848 πρὸς
638 811 686 847 μὲν
702 807 748 836 οὖν
768 808 799 835 τὸ
813 815 931 855 μορφω-

140 865 234 900 τικαῖς
245 853 276 892 τὸ
289 863 431 891 addimur
453 860 595 889 ἀποδοτέον
604 867 610 875 ·
629 858 698 894 πρὸς
710 857 739 884 δὲ
752 855 782 882 τὸ
790 853 932 882 συνθέσει

142 914 164 928 ¹¹
180 914 210 940 τὸ
223 911 324 944 ἁπλᾶς
341 910 388 937 καὶ
403 906 588 940 ἀτυπώτους.

185 1002 297 1035 Ὑλαίᾳ⁸
329 999 439 1026 Ὑλαιαν
459 995 644 1033 χειραγωγιαν
667 993 734 1029 φησὶ
756 993 787 1019 τὸ
809 991 853 1019 διὰ
874 991 930 1018 τῶν

143 1047 242 1075 ὑλικῶν
262 1045 416 1081 λεγομένων
439 1043 508 1079 πρὸς
522 1041 572 1077 τὴν
592 1040 696 1067 ἔννοιαν
716 1037 863 1073 ἀνάγεσθαι
876 1037 930 1064 τῶν

144 1094 214 1130 ὑπὲρ
228 1092 364 1128 αἴσθησιν.

178 1140 356 1174 Φαινόμενα.
374 1136 524 1172 Φαινὸμενα
540 1135 568 1162 δὲ
591 1133 677 1168 κάλλη
697 1131 748 1163 τὰς
772 1129 827 1157 τῶν
851 1129 932 1165 ἱερῶν

142 1187 224 1214 οἴκων
249 1184 442 1220 διακοσμήσεις
467 1182 556 1216 λέγει·
581 1181 628 1208 καὶ
652 1177 819 1211 διεξοδικὰς
838 1177 934 1211 μαθη-

143 1232 224 1264 τειας
232 1230 282 1262 τὰς
291 1230 346 1256 τῶν
357 1229 440 1263 ἁγίων
449 1227 566 1263 Γραφῶν
576 1224 742 1259 ἀναγνώσεις
751 1232 757 1238 ·
772 1221 934 1256 διακοσμή-

143 1286 223 1305 (ream
237 1277 265 1303 δὲ
278 1275 378 1309 τάξεις
392 1274 478 1311 [τοὺς]
494 1274 547 1300 τῶν
563 1273 656 1308 ἱερέων
672 1269 802 1306 βαθμούς.
811 1268 934 1304 Σημείω-

144 1323 235 1354 σαιδὲ,
243 1323 284 1349 ὄτι
292 1322 327 1348 τὰ
336 1320 460 1357 ὁρώμενα
470 1319 555 1354 κάλλη
566 1317 668 1349 εἰκόνες
676 1317 729 1343 εἰσὶ
743 1315 796 1342 τῶν
811 1313 934 1350 ἀοράτων

143 1369 307 1404 διακύσμων,
333 1367 371 1399 ὡς
386 1366 461 1402 δηλοῖ
475 1365 523 1392 καὶ
536 1365 550 1391 ὁ
571 1361 731 1394 Ἀπόστολος
751 1362 780 1388 ὲν
804 1362 837 1396 τῇ
867 1359 936 1396 πρὸς

150 1414 301 1450 Ἑϐραίους,
312 1413 346 1440 τὰ
359 1413 424 1448 περὶ
436 1412 486 1447 τῆς
501 1410 603 1446 σκηνῆς
617 1408 727 1445 θεωρῶν
739 1416 746 1423 ·
759 1407 806 1434 καὶ
815 1406 937 1441 Μωῡσῆς

144 1460 264 1489 ἀκούων·
291 1458 416 1496 [Πάντα]
431 1457 506 1485 κατὰ
523 1456 577 1483 τὸν
590 1455 685 1483 τύπον
704 1454 757 1481 τὸν
776 1451 937 1487 δειχθέντα

145 1515 195 1535 σοι
209 1507 244 1534 ἐν
261 1505 301 1539 τῷ
319 1505 381 1540 ὄρει
395 1504 534 1538 ποίησον.

184 1597 240 1630 Τὰς
254 1595 433 1629 διεξοδικὰς.
454 1593 603 1627 Διεξοδικαι
618 1593 671 1619 εἰσι
690 1591 833 1628 μαθητεῖαι
848 1590 878 1617 αἱ
893 1589 937 1616 διὰ
949 1568 972 1598 C

146 1643 200 1671 τῶν
214 1643 361 1679 ὁρωμένων
376 1642 422 1668 καὶ
436 1640 480 1668 διά
493 1639 664 1676 πραγμάτων
686 1637 852 1673 πλατύτεραι
868 1637 937 1664 ἀπο-

146 1688 242 1722 δείξεις
254 1688 308 1714 τῶν
322 1686 425 1722 νοητῶν
440 1686 537 1717 ἐναιως
552 1685 574 1700 ¹³
589 1685 637 1712 καὶ
650 1683 756 1719 ἁθρόως
769 1684 828 1715 ταῖς
843 1683 939 1718 νοήσε-

149 1744 192 1763 σιν
205 1733 416 1762 ἐπιϐαλλόντων.

185 1783 306 1816 Ἔξεως.
336 1781 410 1807 Ἐκεῖ
427 1779 498 1812 ἕξεις
518 1779 572 1805 εἰσὶ
592 1777 627 1804 τὰ
650 1777 710 1804 θεῖα
732 1775 937 1802 διατάττουσαι·

148 1829 204 1862 Ξξις
218 1829 246 1856 δέ
260 1828 319 1854 ἐστι
329 1825 439 1861 ποιότης
453 1824 580 1860 ἐμμονος.
600 1821 732 1849 Ἐνταῦθα
742 1821 770 1848 δὲ
784 1821 830 1848 καὶ
841 1820 940 1855 ἐκκλη-

150 1873 289 1901 σιαστικαὶ
309 1871 400 1904 τάξεις
425 1870 475 1901 τὰς
504 1870 561 1896 ἐκεῖ
594 1866 663 1900 ἔξεις
690 1867 737 1894 ire
767 1865 938 1901 ἀσωμάτους,

150 1918 372 1953 ὲξεικονίζουσιν·
394 1916 422 1943 αἱ
445 1915 499 1951 γὰρ
524 1914 605 1946 ἕξεις,
631 1912 784 1948 ἀσωμάτων
803 1912 865 1938 εἰσί.
887 1912 941 1947 Ση-

153 1963 282 1999 μειωτέον
299 1962 331 1994 ³⁵,
348 1962 389 1988 ὅτι
401 1962 418 1997 ἡ
439 1960 504 1996 παρ’
523 1960 590 1996 ἡμῖν
605 1960 661 1990 τοῖς
677 1957 830 1994 ἀνθρώποις
847 1957 940 1983 τὶλου-

153 2010 221 2046 μένη
236 2007 358 2043 ἱερατικὴ
370 2006 546 2043 μυσταγωγία
558 2005 673 2041 μίμησίς
686 2005 744 2031 ἐστι
754 2003 803 2039 τῆς
816 2003 940 2039 οὐρανίου

153 2056 303 2093 ιεραρχίας.

193 2179 424 2214 ’Υπερκοσμιωᾳ
451 2178 488 2205 Τὸ
500 2177 707 2212 ὺπερκοσμίως
732 2176 782 2203 οὐκ
807 2175 942 2212 αἰσθητῶς

153 2226 280 2262 νοητέον,
308 2225 376 2253 ἀλλὰ
402 2225 505 2261 ventio;
532 2224 580 2251 καὶ
609 2224 680 2259 ὑπὲρ
702 2223 748 2250 τὸν
777 2222 838 2250 καθ’
867 2223 942 2258 ἡμᾶς
956 2243 981 2273 D

154 2271 267 2298 κόσμον.

196 2280 204 2297 r
227 2280 267 2298 ον.

196 2280 432 2351 ’ἓρογραφικαῖφ
448 2315 592 2342 Τουτέστιν
606 2315 635 2341 ὲν
649 2315 706 2346 τοῖς
723 2313 802 2349 ἱερῶς
817 2313 881 2349 περὶ
894 2314 944 2340 αὺ-

154 2361 209 2388 τῶν
227 2362 375 2388 συντεθεῖσι
391 2361 479 2396 λόγοις
496 2363 525 2388 ὲν
541 2363 601 2392 ταῖς
616 2361 738 2397 Γραφαῖς
755 2361 787 2387 ¹⁸.

198 2453 289 2488 Ἠμᾶς
302 2452 416 2488 ἀγάγοι.
439 2453 619 2489 Σημειωτὲον,
643 2453 702 2485 πῶς
724 2453 880 2489 ἀναγόμεθα
903 2455 943 2486 εἰς

157 2499 306 2534 θεολογίας,
322 2501 369 2526 καὶ
384 2500 424 2526 ὅτι
441 2500 455 2526 ὁ
470 2500 586 2535 Χριστὸς
601 2501 674 2536 ἡμᾶς
688 2499 796 2534 ἀνάγει.

198 2546 385 2580 Ἀκρότητας.
408 2546 489 2574 Οὐδὲν
512 2546 550 2578 ὡς
572 2546 664 2582 ἔτυχεν
687 2546 844 2582 ὠνόμασται
868 2546 944 2583 παρά

189 2651 202 2671 τι
218 2650 336 2686 Philipp.
367 2658 412 2684 ιιι,
430 2650 474 2678 l5.
523 2654 535 2669 ⁸
551 2647 635 2677 Hebr.
649 2656 718 2681 vm,
736 2649 762 2677 5.

976 261 1026 288 per
1037 251 1177 288 apostolos
1191 251 1326 277 bonorum
1343 249 1441 275 horum
1464 247 1632 283 perfecturos
1650 257 1656 275 :
1677 248 1773 275 initia-

976 302 1021 326 tos
1032 299 1117 329 enim,
1137 296 1275 332 perfectos
1289 298 1370 322 vocat
1386 294 1497 321 divinus
1512 294 1654 329 apostolus
1668 293 1769 322 Paulus

976 345 1075 371 dicens
1092 352 1098 370 :
1121 342 1275 376 Quicunque
1295 348 1357 376 ergo
1372 339 1482 375 perfecti
1498 348 1601 372 sumus,
1615 335 1758 366 haerentia

977 398 1035 416 mus
1049 388 1075 416 ἀ.

1013 433 1243 470 Supermundana.
1259 433 1319 461 Vox
1338 433 1396 461 haec
1418 431 1633 467 supermundana
1653 439 1708 459 non
1729 437 1772 460 est

977 482 1059 509 modo
1074 480 1198 508 sensibili
1212 479 1398 515 intelligenda,
1415 479 1464 506 sed
1479 479 1561 506 modo
1580 479 1770 512 intellectuali,

978 529 1004 555 et
1019 533 1102 561 super
1117 528 1244 552 nostrum
1266 524 1410 551 mundum.
1430 523 1500 551 Nota
1524 532 1590 552 vero
1605 531 1675 559 quas
1696 524 1773 551 dicat

979 572 1083 606 ﬁguras
1099 574 1126 598 et
1146 569 1306 597 formativas
1321 569 1546 605 compositiones,
1569 577 1619 597 seu
1637 569 1772 605 imagines

979 624 1048 652 quas
1063 616 1194 650 deinceps
1210 615 1347 650 proponit.

1014 662 1193 690 Fictionibus.
1221 660 1291 688 Nota
1316 661 1390 696 quod
1408 660 1518 689 ﬁctitias
1543 661 1618 688 dicat
1641 661 1774 697 mysticae

979 717 1039 744 quae
1059 709 1103 735 hic
1125 711 1200 740 sunt,
1219 707 1393 739 traditiones,
1414 714 1482 742 quas
1498 707 1526 733 in
1543 707 1614 734 libro
1636 706 1675 733 De
1689 707 1774 734 eccle-

980 754 1091 781 siastica
1106 752 1259 780 hierarchia
1278 753 1406 788 explicat.
1429 752 1487 780 Hoc
1502 755 1592 779 autem
1613 752 1695 780 modo
1718 752 1773 781 Deo

981 799 1155 827 convenienti
1181 799 1373 834 accipiendum
1393 802 1453 832 est;
1478 806 1545 834 ergo
1568 799 1601 825 ad
1623 798 1773 827 dictionem

984 847 1170 883 μορφωτικαῖς
1200 845 1285 874 dictio
1311 845 1437 872 πλάσεων
1467 845 1611 873 relerenda
1645 849 1707 878 est;
1738 846 1774 873 ad

948 897 970 925 Β
984 891 1132 919 dictionem
1151 894 1243 918 autem
1268 890 1390 917 συνθέσει
1406 891 1490 918 dictio
1511 891 1600 922 ἁπλᾶς
1616 894 1643 918 et
1662 890 1773 918 ἀτυιαῦ-

981 946 1027 964 του
1031 946 1054 969 ς.

1017 982 1168 1011 Materiali.
1189 982 1358 1010 Materialem
1378 983 1621 1011 mauuductionem
1642 983 1709 1011 dicit
1725 991 1775 1019 per

981 1036 1015 1057 ea
1039 1036 1100 1065 quae
1118 1028 1271 1057 materialia
1291 1028 1443 1062 dicuntur,
1465 1029 1500 1056 ad
1524 1029 1774 1057 considerationem

981 1083 1078 1104 eorum
1094 1083 1155 1111 quae
1168 1083 1253 1111 supra
1268 1083 1379 1104 sensum
1395 1079 1460 1103 sunt
1475 1076 1588 1104 elevari.

1018 1122 1194 1157 Apparentes.
1206 1122 1375 1157 Apparentes
1391 1125 1483 1149 autem
1497 1121 1716 1157 pulchritudines
1729 1129 1776 1150 sa-

984 1176 1094 1196 crarum
1106 1168 1206 1196 mdium
1223 1168 1437 1204 descriptionem
1451 1168 1517 1196 dicit
1531 1175 1539 1194 :
1550 1173 1578 1198 et
1587 1169 1641 1197 late
1652 1173 1776 1205 patentes

984 1215 1156 1250 disciplinas,
1172 1222 1312 1242 sacrarum
1329 1214 1533 1250 Scripturarum
1557 1214 1709 1248 lectiones;
1726 1214 1776 1242 de-

985 1262 1167 1298 scriptionum
1192 1265 1283 1289 autem
1305 1261 1428 1294 ordines,
1456 1261 1630 1289 sacerdotum
1663 1260 1776 1296 gradus.

985 1307 1054 1336 Nota
1069 1316 1135 1336 vero
1159 1307 1388 1344 pulchritudines,
1409 1315 1470 1343 qua;
1490 1307 1629 1340 videntur,
1643 1307 1778 1342 imagines

986 1362 1048 1382 esse
1077 1354 1257 1382 invisibilium
1282 1353 1518 1388 descriptionum,
1547 1352 1779 1388 quemadmodum

987 1400 1110 1428 declarat
1130 1400 1279 1435 Apostolus
1302 1400 1331 1427 in
1347 1399 1470 1435 Epistula
1495 1399 1529 1426 ad
1552 1399 1680 1427 Hebraeos
1705 1404 1728 1431 ο,
1746 1405 1779 1426 ea

987 1454 1049 1482 qua:
1066 1452 1131 1475 sunt
1145 1447 1178 1474 de
1194 1446 1375 1474 tabernaculo
1397 1445 1602 1480 considerans;
1624 1449 1652 1473 et
1671 1445 1780 1481 Moyses

987 1492 1230 1522 audiens:0mnia
1254 1493 1297 1525 [ac
1319 1491 1462 1520 secundum
1484 1491 1619 1526 exentplar
1638 1490 1708 1527 quod
1733 1490 1781 1517 tibi

988 1538 1016 1566 in
1028 1543 1116 1566 monte
1126 1543 1305 1566 monstratum
1322 1542 1362 1565 est
1377 1538 1401 1566 ί.

1022 1584 1155 1619 Diﬂ'usas.
1179 1583 1300 1616 Dill‘usze,
1321 1591 1371 1612 seu
1394 1584 1514 1619 cepiosae
1535 1583 1688 1618 disciplinae
1715 1587 1781 1610 sunt

987 1631 1126 1666 planiores
1140 1637 1190 1666 per
1203 1637 1246 1662 ea,
1259 1637 1321 1665 qua:
1333 1630 1462 1658 videntur
1482 1634 1509 1658 et
1529 1637 1578 1665 per
1593 1629 1716 1656 actiones
1733 1629 1781 1656 de-

987 1675 1204 1703 monstrationes
1222 1674 1436 1709 intelligibilium
1457 1682 1519 1710 quae
1537 1673 1615 1702 unite
1629 1677 1656 1701 et
1672 1673 1782 1702 confer-

988 1720 1036 1748 tim
1052 1719 1266 1755 cogitationibus
1284 1719 1460 1746 incumbunt.

1023 1765 1051 1802 ἧ,
1069 1765 1234 1800 A/I'ectionic.
1251 1764 1309 1792 Hoc
1323 1765 1384 1792 loco
1399 1764 1558 1792 all‘ectiones
1574 1767 1640 1792 sunt
1654 1763 1782 1800 quaedam

989 1812 1088 1840 divinae
1103 1811 1315 1846 dispositiones;
1334 1811 1445 1839 habitus
1460 1811 1534 1838 enim
1547 1814 1590 1839 est
1604 1811 1723 1846 qualitas
1738 1811 1782 1838 in—

990 1858 1106 1885 haerens.
1120 1857 1177 1884 Hoc
1189 1861 1279 1884 autem
1292 1857 1352 1884 loco
1364 1857 1446 1884 etiam
1462 1857 1643 1884 ecclesiastici
1658 1856 1780 1890 ordines,

989 1903 1102 1931 habitus
1116 1902 1163 1938 qui
1190 1902 1246 1930 illic
1273 1906 1338 1930 sunt
1362 1906 1492 1938 tanquam
1508 1902 1633 1938 corporis
1654 1906 1782 1937 expertes

990 1957 1024 1977 ex
1050 1948 1199 1984 exemplari
1223 1948 1364 1984 efﬁngunt.
1393 1947 1510 1976 Habitus
1531 1949 1604 1975 enim
1629 1948 1782 1983 expertium

991 1994 1116 2030 corporis
1133 1998 1207 2022 sunt.
1217 1993 1372 2021 Notandum
1384 1997 1485 2026 autem,
1497 2001 1556 2021 eam
1572 2000 1633 2028 quae
1647 1992 1719 2028 apud
1731 2000 1783 2020 nos

991 2040 1118 2068 homines
1134 2040 1275 2076 perficitur
1298 2040 1476 2068 sacerdotalis
1491 2039 1671 2074 mystagogia,
1688 2046 1735 2066 seu
1754 2038 1783 2065 in

992 2087 1080 2116 sacris
1103 2086 1233 2119 initiatio,
1254 2094 1317 2116 esse
1337 2086 1518 2114 imitationem
1537 2085 1658 2113 caelestis
1678 2085 1783 2113 hierar—

992 2133 1071 2161 chia.

1030 2178 1297 2213 Supermundialiter.
1315 2177 1583 2213 Supermundialiter
1598 2184 1652 2204 non
1666 2179 1708 2204 est
1721 2184 1785 2204 sen-

995 2224 1111 2253 sibiliter
1132 2224 1214 2252 modo
1231 2223 1457 2259 intelligendum;
1477 2223 1525 2251 sed
1549 2222 1782 2255 intellectualiter,

993 2276 1022 2299 et
1034 2277 1118 2306 supra
1132 2273 1259 2298 n0strum
1275 2270 1418 2298 mundum.

1033 2318 1333 2353 Sacroscripturisticis,
1353 2317 1401 2345 Gr.
1428 2318 1643 2353 ἱερογραφικαῖς.
1665 2315 1723 2344 Hoc
1742 2319 1785 2344 est

996 2365 1025 2392 in
1045 2364 1218 2392 sermonibus
1241 2371 1320 2392 sact‘e
1340 2363 1374 2391 de
1395 2363 1463 2398 ipsis
1479 2362 1640 2398 compositis
1660 2363 1688 2389 in
1710 2361 1786 2390 Scri-

996 2410 1096 2445 pturis.

1034 2455 1092 2483 Nos
1117 2455 1269 2484 adduceret.
1310 2454 1465 2483 Notandum
1490 2455 1628 2490 quomodo
1647 2454 1786 2482 elevemur

998 2502 1032 2529 ad
1048 2502 1225 2537 theologiam,
1240 2505 1268 2529 et
1281 2500 1423 2534 Christum
1437 2509 1489 2529 nos
1503 2502 1621 2529 elevare.

1034 2547 1140 2583 Apicec.
1169 2547 1243 2575 Nihil
1269 2546 1383 2576 fortuito
1408 2548 1572 2582 appellatum
1602 2550 1645 2574 est
1674 2547 1708 2574 ab
1733 2545 1786 2574 hoc

813 2649 823 2668 ί
843 2648 929 2676 Exod.
948 2656 1012 2681 xxv,
1029 2649 1075 2676 40.

648 2748 766 2776 ἾΛΒΙᾸΕ
782 2747 973 2776 LECTIONES
989 2747 1033 2774 ET
1049 2747 1324 2776 CORRECTIONES.

198 2831 219 2846 "
237 2830 387 2857 συνθέσεσι.
437 2830 460 2845 ¹³
476 2829 594 2861 ἐνιαίως.

643 2829 849 2866 ¹⁸7Σημεῑωσαμ
884 2830 906 2866 1?
928 2829 1147 2866 Ἰεροῃοαφικίις
1168 2829 1202 2856 δὲ
1224 2829 1284 2856 τῶν
1304 2827 1391 2866 θείων
1412 2829 1517 2866 Ιογίων
1532 2824 1785 2866 συνθερειςιςῖῇσξ

163 2865 232 2898 τοὺς
248 2866 331 2900 ἰερῶς
347 2865 412 2899 περὶ
428 2864 527 2892 αὐτῶν
551 2860 750 2898 σὺντεθέντᾶς
765 2865 875 2899 λόγους
890 2865 925 2891 ἐν

994 2860 1162 2899 prensam}.
1187 2864 1392 2900 'lepoypacptxﬁ;
1419 2860 1786 2900 seuASncrosgrioturisticm

169 2896 326 2928 divinor'um'
348 2896 510 2935 eloquiorum
533 2896 1016 2935 compositiones'appéllat'Sermones
1033 2896 1108 2927 {acre
1118 2896 1150 2927 de
1165 2896 1229 2934 ipsis
1245 2896 1403 2933 compositus
1419 2899 1444 2925 in
1466 2896 1623 2932 Scripturis.
