1914 3063
146 125 181 152 55
521 121 697 150 APPENDIX
713 120 760 149 AD
777 121 892 149 OPEBA
910 120 938 148 ιτ).
959 120 1106 149 DlONYSll
1122 121 1369 150 AREOPAGITJE.
1736 122 1771 150 36

144 183 242 213 beato;
258 181 304 209 sed
320 181 425 208 erudite
437 184 464 208 et
474 181 584 216 proprie
599 188 661 208 cum
677 181 797 216 pietate;
813 179 928 215 quando-

985 179 1032 207 τοῦ
1049 181 1184 216 μακαρίου
1205 180 1310 212 τούτου,
1331 179 1400 206 ἀλλά
1415 179 1578 215 πολυμαθῶς
1599 181 1646 207 καὶ
1668 179 1773 215 κυρίως

145 228 254 263 quidem
275 228 357 262 igitur
373 227 484 259 dixerit,
507 230 629 254 nostram
653 234 759 253 sacram
775 226 934 261 dispositio-

145 282 218 305 nem.
235 282 283 309 per
299 274 375 309 signa
397 273 547 300 matcrialia
561 278 588 300 et
608 273 729 308 copiosa,
755 273 934 308 ﬁctionesque

144 327 195 354 pro
210 323 306 347 nostro
329 323 410 353 captu
430 319 536 354 perﬁci,
560 326 622 346 cum
646 324 735 346 tamen
757 319 792 346 sit
809 323 889 354 typus
907 321 934 346 et

146 366 261 393 imitatio
273 373 359 393 sacrae
371 366 530 400 angelorum
542 366 750 400 descriptionis;
763 366 859 393 merito
873 374 934 401 qua:

146 413 174 438 in
189 411 244 438 illis
258 415 299 439 est
316 411 445 438 antistitis
461 418 602 438 sacrorum
618 411 735 446 dignitas
752 410 866 445 apicem,
885 418 933 437 seu

145 457 329 484 summitatem
350 457 514 492 appellavit;
535 456 718 483 summitatem
745 457 818 483 enim
840 457 934 491 appel-

143 505 201 531 lare
215 508 383 531 consuerunt
398 505 444 539 qui
459 504 532 530 circa
552 503 609 530 lucc
626 507 733 535 vacant,
754 503 933 537 uniuscujus-

143 557 196 585 que
215 550 342 577 essentiae
363 550 540 584 purissimum
562 553 589 577 et
612 558 645 577 ex
660 557 715 584 quo
733 550 832 585 pendet
848 558 933 585 προσ-

143 597 213 630 εχῶς
236 595 298 631 (hoc
318 599 360 623 est
382 596 522 630 continuo)
543 596 673 627 essentia,
689 600 718 622 ut
742 596 816 624 verbi
833 597 930 631 gratia,

142 641 286 669 summitas
302 642 408 672 animae,
424 649 501 668 mens
513 642 599 676 ipsius
610 642 774 677 purissima;
789 646 815 668 et
830 643 932 669 amoris

143 687 297 718 summitas,
314 694 408 713 eorum
423 687 468 722 qui
487 688 716 715 transcenderunt
730 693 756 714 et
767 687 931 714 divinissimi

143 737 217 762 sunt,
233 733 335 767 ignitus
350 740 445 766 amor;
462 737 563 760 nostra:
578 733 661 769 igitur
673 733 756 760 etiam
770 733 932 760 hierarchize

142 781 169 804 ct
185 785 292 805 arcana:
305 777 498 813 descriptionis
517 779 671 811 summitas,
696 779 872 814 purissimum
891 779 932 813 ip-

143 824 211 855 sius,
235 832 268 851 ex
291 832 346 859 quo
369 829 480 860 accepta
495 829 547 858 est,
573 825 688 860 etquod
704 832 789 860 prope
811 825 931 852 materiae

141 869 320 904 privationem
340 870 498 903 contendit;
515 870 694 905 purissimum
710 877 775 904 ergo
798 869 826 896 in
850 869 930 898 nobis

140 916 248 951 signum
263 919 305 944 est
323 917 467 944 summitas
479 917 671 952 mysteriorum
683 924 739 944 non
753 915 930 950 ﬁguraturqu

139 966 165 989 cl
178 962 341 997 simplicium
356 966 382 990 et
399 963 633 998 incorporeorum,
644 962 687 989 cui
700 961 852 988 hierarchia
864 969 930 988 con-

138 1009 235 1044 juncta
251 1009 354 1037 insistit
369 1013 498 1044 tanquam
512 1009 566 1036 illis
580 1017 639 1044 qum
661 1009 733 1035 inter
748 1008 874 1036 homines
889 1012 931 1036 est

139 1054 272 1081 antistitis
298 1061 441 1081 sacrorum
458 1055 588 1089 dignitas,
605 1058 632 1081 et
650 1062 698 1089 per
713 1053 860 1080 simulacra
875 1054 930 1082 ele-

140 1104 184 1127 vat
200 1107 285 1135 puras
303 1100 424 1127 visiones
435 1100 627 1128 intellectualis
640 1100 721 1130 ritus.
734 1099 781 1134 (lui
801 1099 931 1134 probabi-

139 1145 202 1172 liter
210 1146 356 1173 summitas
377 1146 532 1181 appellatur
550 1153 645 1173 eorum
661 1146 708 1180 qui
727 1145 771 1173 hic
788 1150 852 1173 sunt
868 1153 930 1172 cor-

139 1198 284 1225 poreorum
299 1196 326 1218 et
342 1191 538 1218 matcrialium.

438 1236 471 1262 IN
490 1236 566 1264 CAP.
589 1236 621 1263 ll.

174 1282 189 1318 ξ
208 1282 229 1310 1.
250 1281 483 1317 Explanationem,
505 1282 553 1310 Gr.
568 1283 760 1318 ὲκφαντορίαν.
783 1283 930 1317 Ἔκφαντο-

139 1327 198 1364 ρίαν
213 1328 279 1355 dicit
293 1329 520 1356 enuntiationem.
542 1328 716 1356 Manifestum
738 1333 840 1363 autem,
857 1337 928 1362 eam,

137 1380 198 1408 quae
213 1381 261 1408 per
273 1372 298 1408 5
308 1373 383 1409 signa
394 1377 421 1400 et
431 1373 532 1408 ﬁguras
546 1381 607 1409 quae
622 1373 702 1400 etiam
715 1374 839 1401 ﬁctiones
850 1381 931 1401 voca-

137 1420 187 1451 vit,
204 1419 359 1454 perﬁcitur;
376 1420 573 1454 simplicitatem
587 1426 664 1451 vero,
678 1420 858 1454 privationem
872 1427 931 1446 man

142 1465 217 1492 teriaz
237 1465 264 1491 in
283 1470 397 1499 natura;
422 1465 527 1493 sciebat
548 1465 620 1493 enim
636 1466 708 1501 quod
724 1465 868 1493 celebrans
883 1473 930 1493 sa-

985 226 1054 261 μετά
1067 227 1118 262 τῆς
1132 227 1270 258 εὐσεϐείας
1282 235 1288 241 ·
1305 225 1398 262 ἐπειδὴ
1410 224 1454 253 οὖν
1471 226 1519 261 τὴν
1535 226 1599 261 παρ’
1613 227 1678 261 ἡμῖν
1696 225 1771 261 ἱερὰν

983 271 1102 304 διάταξιν
1115 272 1158 300 διὰ
1183 272 1323 308 συμϐόλων
1347 272 1446 299 ὑλαίων
1463 273 1510 299 καὶ
1530 272 1656 304 ἐξοδικών
1682 273 1703 288 ιθ
1725 274 1772 299 καὶ

983 318 1107 345 πλάσεων
1124 317 1183 345 εἷπε
1196 318 1329 345 τελεῖσθαι
1347 318 1413 354 πρὸς
1429 319 1459 345 τὸ
1482 319 1545 354 ἡμῖν
1560 318 1669 353 ἐφικτὸν
1685 318 1782 350 τύπον,

983 362 1064 391 οὖσαν
1074 364 1120 390 καὶ
1134 364 1243 400 μίμημα
1253 364 1302 399 τῆς
1316 364 1380 400 παρ’
1392 363 1518 398 ἀγγέλοις
1532 365 1606 399 ἱερᾶς
1619 364 1771 399 διακοσμή-

984 418 1062 441 σεως,
1078 409 1189 441 εἰκότως
1211 409 1259 445 τὴν
1281 409 1346 445 παρ’
1366 409 1479 441 ἐκείνοις
1503 409 1674 444 ἱεροφαντίαν
1688 408 1766 444 ἀκρό-

982 464 1051 490 τητα
1075 456 1225 491 κέκληκεν·
1250 456 1389 491 ἀκρότητα
1414 456 1469 491 γὰρ
1494 454 1605 482 εἰώθασι
1628 454 1720 481 καλεῖν
1745 454 1771 480 οι

983 502 1045 537 περὶ
1060 501 1146 528 ταῦτα
1163 502 1342 537 σχολάσαντες
1361 502 1480 537 ἑκάστης
1493 501 1587 533 οὐσίας
1601 498 1630 527 τὸ
1645 500 1774 536 καθαρώ-

982 556 1073 580 τατον,
1088 549 1135 575 καὶ
1151 548 1180 580 ἐξ
1195 544 1225 574 οῦ
1246 549 1361 583 ἤρτηται
1376 547 1542 582 προσεχῶς,
1559 547 1696 574 τουτέστιν
1711 547 1773 582 ὲχοι

984 595 1080 630 μένως,
1099 595 1222 630 ήούσία’
1245 595 1282 627 ὡς
1297 595 1361 630 φέρε
1383 596 1480 626 εἰπεῖν,
1502 594 1591 629 ψυχῆς
1615 594 1734 630 ἀκρότης
1757 593 1773 620 ὁ

981 641 1044 673 νοῦς
1059 641 1144 676 αὐτῆς
1161 642 1175 667 ὁ
1199 641 1406 677 καθαρώτατος·
1427 641 1474 667 καὶ
1497 641 1597 676 ἔρωτος
1618 640 1736 676 ἀκρότης
1758 640 1775 666 ὁ

981 688 1035 714 τῶν
1049 687 1256 723 ἀναϐεϐηκότων
1272 685 1319 714 καὶ
1337 687 1480 714 θειοτάτων
1501 687 1631 722 διάπυρος
1647 686 1715 722 ἔρως
1731 686 1752 701 ¹⁷
1764 693 1771 700 ·

982 734 1029 760 καὶ
1041 734 1099 770 ¹τῆς
1113 733 1165 760 καθ
1175 734 1181 743 '
1197 735 1269 769 ἡμᾶς
1284 731 1330 760 οὖν
1351 733 1492 769 ίεραρχίας
1506 732 1554 759 καὶ
1569 732 1775 768 μυστηριὼὃους

981 780 1187 815 διακοσμήσεως
1204 780 1323 816 ἀκρότης
1335 778 1365 806 τὸ
1380 778 1570 814 καθαρώτατον
1584 778 1680 813 αὐτῆς,
1695 777 1725 809 ἐξ
1739 776 1774 803 οὗ

983 827 1111 862 ἀνῆπται,
1135 827 1182 854 καὶ
1211 827 1242 853 τὸ
1269 827 1352 861 ὲγγὺς
1378 828 1512 852 συντεῖνον
1539 825 1645 856 ἀῦλίας·
1672 824 1701 850 τὸ
1724 822 1775 850 οὖν

981 873 1213 909 ἀκραιφνέστατον
1234 873 1262 899 ἐν
1284 874 1349 908 ἡμῖν
1375 871 1518 907 σύμϐολον,
1542 871 1559 906 ἡ
1582 870 1701 906 ἀκρότης
1716 869 1776 897 τῶν

980 919 1129 945 ἀτυπώτων
1144 919 1190 946 καὶ
1201 919 1293 945 ἁπλῶν
1310 919 1357 945 καὶ
1367 918 1519 953 ἀσωμάτων
1538 913 1734 953 μυστηρίων,ᾖ
1755 917 1773 952 ὴ

982 965 1107 1001 ίεραρχία
1131 965 1320 1001 συναπτομένη
1343 963 1509 994 ὲπιϐατεύει,
1534 963 1614 989 οἱονεὶ
1636 963 1669 997 τῇ
1695 961 1776 996 παρὰ
1808 985 1814 988 ,

980 1011 1133 1047 ἀνθρώποις
1152 1011 1325 1047 ἱεροφαντίᾳ·
1350 1011 1397 1037 καὶ
1418 1010 1462 1036 διὰ
1476 1009 1529 1036 τῶν
1549 1009 1659 1035 εἰκόνων
1675 1008 1775 1042 ἀνάγει

981 1057 1027 1084 ἐπὶ
1042 1057 1077 1084 τὰ
1091 1057 1198 1093 καθαρὰ
1214 1057 1337 1093 θεάματα
1351 1057 1401 1092 τῆς
1415 1056 1513 1092 νοητῆς
1528 1055 1639 1090 τελετῆς
1655 1055 1776 1091 ἀκρότη-

980 1111 1026 1135 τος
1039 1103 1189 1139 λεγομένης
1203 1104 1315 1135 εἰκότως
1329 1103 1383 1130 τῶν
1397 1103 1491 1130 ἐνθάδε
1503 1101 1665 1138 σωματικῶν
1678 1110 1708 1128 τε
1723 1104 1774 1129 καὶ

981 1148 1115 1175 ὑλοειδῶν.

1211 1247 1265 1273 ΕΙΣ
1284 1247 1327 1273 ΤΟ
1346 1246 1471 1272 ΚΕΦΑΛι
1493 1246 1530 1272 B’.

1015 1293 1029 1329 §
1046 1294 1065 1320 l.
1082 1292 1142 1329 [aC]
1160 1293 1382 1327 Ἐκφαντοριαν.
1406 1291 1620 1325 Ἐκφαντορίαν
1636 1290 1708 1324 λέγει
1722 1289 1773 1326 τὴν

981 1339 1139 1374 ὲξάγγελσιν
1149 1347 1155 1353 ·
1173 1338 1305 1375 πρόδηλον
1319 1338 1358 1370 δὲ,
1376 1338 1417 1364 ὅτι
1437 1337 1486 1372 τὴν
1501 1336 1544 1363 διὰ
1568 1336 1708 1371 συμόόλων
1723 1337 1774 1362 καὶ

980 1386 1085 1418 τύπων,
1114 1386 1192 1412 ἅτινα
1216 1383 1263 1412 καὶ
1285 1384 1431 1420 πλάσματα
1453 1381 1542 1409 εἶπεν·
1563 1382 1717 1415 ἁπλότητα
1740 1381 1772 1408 δὲ

981 1433 1011 1460 τὺ
1026 1433 1075 1468 τῆς
1090 1432 1197 1467 φύσεως
1211 1431 1308 1459 ἄῡλονο
1325 1431 1385 1467 [βα]
1402 1431 1536 1466 ἠπίστατο
1553 1430 1619 1465 γὰρ,
1642 1429 1682 1455 ὁτι
1719 1429 1770 1455 ἀν-

983 1479 1074 1513 υμνῶν
1083 1478 1146 1510 τοὺς
1157 1478 1186 1503 ὲν
1201 1478 1257 1508 τοῖς
1280 1477 1404 1511 οὐρανοῖς
1426 1476 1514 1510 ἱεροὺς
1535 1474 1608 1505 νόας,
1632 1474 1670 1505 ὡς
1690 1473 1776 1506 αὑτός

136 1519 199 1539 cras
219 1512 247 1538 in
270 1512 347 1539 cadis
373 1517 477 1538 mentes
504 1511 575 1539 sicut
603 1511 662 1547 ipse
685 1511 752 1539 dicit
775 1511 926 1539 secundum

983 1511 1044 1559 φησι
1067 1523 1138 1550 κατά
1151 1523 1199 1558 τὴν
1216 1521 1336 1558 Γραφὴν,
1366 1521 1487 1556 ἀνάγκην
1508 1518 1579 1556 εἶχεν
1601 1521 1686 1546 εἰπεῖν
1707 1520 1776 1555 περὶ

137 1557 319 1593 Scripturam,
336 1565 449 1585 necesse
466 1557 593 1585 [tabuerit
608 1558 698 1585 dicere
714 1558 746 1585 dc
762 1557 927 1585 animalibus

136 1602 239 1631 formas
254 1602 374 1630 ferarum
396 1603 573 1636 habentibus,
589 1608 616 1631 et
630 1605 730 1639 aquilis
748 1610 775 1631 et
791 1604 853 1632 aliis
868 1605 930 1640 qui-

135 1649 186 1677 bus
202 1649 300 1677 divinse
322 1649 471 1685 Scriptura:
485 1650 641 1678 assimilant
655 1651 860 1686 archangelicas
873 1651 929 1678 vir-

136 1701 228 1730 tutes;
244 1697 310 1725 dicit
326 1697 400 1725 enim
414 1707 420 1725 :
437 1697 469 1724 Ut
485 1706 537 1724 non
556 1699 636 1725 etiam
655 1707 712 1731 nos,
734 1700 802 1726 sicut
823 1700 927 1735 vulgus,

135 1743 245 1778 profane
267 1743 436 1776 arbitremur,
452 1743 564 1771 minime
591 1744 690 1772 habere
705 1745 915 1780 explicationem

135 1789 247 1817 ordines
262 1797 356 1817 eorum
371 1790 418 1825 qui
434 1791 536 1818 multas
561 1790 644 1818 facies
659 1791 760 1819 habent
778 1796 805 1819 et
826 1793 928 1822 multos

135 1837 220 1871 pedes
235 1836 262 1862 in
283 1837 362 1864 caelis
383 1844 390 1862 :
410 1836 459 1864 hos
474 1837 558 1872 igitur
572 1837 718 1872 explanare
737 1838 816 1873 juxta
832 1847 927 1867 sacro-

135 1889 196 1908 rum
213 1882 387 1909 oraculorum
403 1882 613 1917 explicationem
629 1883 777 1918 praeelegit.

171 1928 280 1959 Palam.
296 1927 344 1956 Gr.
358 1928 488 1963 ἀτεχνῶς.
501 1927 693 1962 Vehementer,
717 1934 765 1956 aut
789 1930 926 1958 omnimo-

136 1974 181 2007 do,
199 1977 246 2001 aut
265 1981 338 2004 vere.
356 1979 402 2001 aut
417 1974 587 2009 simpliciter.

174 2019 298 2047 Poeticis.
324 2020 496 2055 Scripturam
522 2028 631 2055 quoque
652 2021 768 2055 poeticis
792 2030 870 2050 usam
896 2023 927 2050 ﬁ-

137 2066 287 2098 ctionibus,
305 2066 339 2093 ad
363 2067 607 2099 mauuductionem
631 2067 785 2096 intellectus
801 2068 925 2104 humani,

135 2122 189 2141 non
205 2114 321 2141 valentis
342 2121 433 2140 rerum
455 2113 590 2148 majorum
606 2113 762 2141 doctrinam
778 2116 923 2150 accipere;

135 2160 236 2188 similia
250 2160 323 2187 e'nim
342 2163 406 2187 sunt
430 2159 552 2186 cmlestia
575 2160 652 2195 signa
676 2160 710 2187 iis
727 2169 788 2196 quae
807 2169 822 2188 a
837 2162 925 2197 poetis

981 1570 1057 1602 ζώων
1078 1569 1279 1606 Θηριομόρφων,
1302 1569 1348 1595 καὶ
1368 1567 1464 1599 ἀετῶν,
1486 1566 1602 1594 καὶτῶν
1627 1566 1713 1593 ἄλλων
1731 1564 1776 1597 οἷς

982 1615 1176 1647 ἀπεικάζουσιν
1191 1615 1220 1640 αἱ
1235 1614 1305 1641 θεῖαι
1326 1614 1433 1649 Γραφαὶ
1446 1613 1495 1644 τὰς
1509 1611 1712 1648 ἀρχαγγελικάς
1727 1611 1775 1637 δυ-

978 1662 1089 1696 νάμεις·
1106 1661 1178 1695 λέγει
1193 1661 1247 1695 γάρ
1258 1669 1264 1675 ”
1282 1661 1349 1687 Ἵνα
1360 1660 1403 1694 μὴ
1419 1659 1469 1686 καὶ
1490 1658 1585 1693 ἡμεῖς,
1601 1658 1641 1690 ὡς
1654 1659 1680 1684 οἱ
1695 1659 1774 1684 πονι-

978 1707 1037 1740 λοὶ,
1056 1706 1216 1742 νομίζωμεν
1231 1706 1354 1740 ἀνιέρως
1371 1705 1407 1741 μὴ
1423 1705 1494 1740 ἔχειν
1511 1704 1640 1740 ἐξήγησιν
1653 1703 1702 1734 τὰς
1716 1703 1775 1730 τῶν

979 1752 1201 1789 πολυπροσώπων
1225 1752 1272 1779 καὶ
1295 1751 1450 1779 πολυπόδων
1473 1750 1563 1784 τάξεις
1583 1751 1612 1777 ὲν
1627 1749 1772 1785 οὐρανοῖςυ

978 1800 1079 1831 ταύτας
1101 1797 1147 1826 οὖν
1171 1799 1337 1834 διασαφῆσαι
1365 1799 1520 1834 προῄρηται
1547 1797 1618 1824 κατά
1643 1797 1693 1832 τὴν
1715 1796 1773 1823 τῶν

979 1846 1058 1882 ἱερῶν
1073 1845 1170 1880 λογίων
1189 1846 1380 1881 ὲκφαντορίαν.

1021 1936 1174 1971 Ἀτεχνῶς,
1198 1935 1348 1970 Μεγάλως,
1369 1934 1549 1969 ἦπαντοίως,
1571 1932 1588 1968 ἦ
1611 1932 1735 1968 ἀληθῶς,
1753 1932 1770 1968 ἢ

983 1984 1086 2016 ἁπλῶς.

1017 2030 1053 2066 [γ’
1068 2030 1078 2065 1
1093 2029 1272 2062 Ποιητικαῖς.
1289 2028 1349 2053 ’Ὁτι
1366 2027 1412 2053 καὶ
1431 2026 1585 2061 ποιητικαῖς
1605 2024 1682 2061 [τισι]
1701 2025 1774 2052 πλά-

978 2085 1051 2104 σεσιν
1066 2077 1200 2111 ἐχρήσατο
1214 2075 1230 2110 ἡ
1244 2073 1339 2110 Γραφὴ
1355 2072 1423 2107 πρὸς
1444 2071 1628 2107 χειραγωγίαν
1650 2071 1700 2106 τῆς
1721 2071 1772 2097 ἀν-

978 2122 1117 2159 θρωπίνης
1138 2121 1267 2152 διανοίας,
1291 2119 1347 2146 ἀλλ’
1364 2118 1401 2150 ὡς
1416 2119 1446 2144 οὐ
1469 2117 1620 2153 δυναμένης
1644 2116 1692 2152 τὴν
1714 2117 1771 2144 τῶν

980 2167 1109 2202 μειζόνων
1128 2165 1296 2202 παραλαϐεῖν
1313 2163 1502 2190 διδασκαλίαν⁸
1525 2162 1642 2189 ἑοικέναι
1661 2162 1715 2198 γὰρ
1735 2163 1771 2190 τὰ

136 2211 226 2234 mente
252 2206 401 2241 ﬁnguntur,
430 2207 502 2234 sicut
518 2213 596 2234 sacer
618 2206 663 2234 hic
679 2207 721 2234 vir
737 2208 803 2235 dicit
818 2208 923 2243 (poetas

983 2213 1090 2248 ῖύράνια
1108 2211 1228 2247 σύμϐολα
1245 2211 1302 2241 τοῖς
1316 2209 1393 2245 παρά
1407 2211 1530 2243 ποιηταῖς
1545 2208 1768 2243 φανταζομένοις,

135 2256 225 2279 autem
242 2252 361 2287 intellige
380 2256 426 2278 aut
442 2252 503 2280 illos
519 2253 565 2287 qui
582 2253 653 2288 apud
665 2254 780 2288 gentiles
796 2254 823 2282 in
834 2255 922 2282 admi-

135 2298 241 2324 ratione
258 2297 378 2330 l'uerunt,
402 2298 474 2325 sicut
489 2298 648 2332 Homerum,
675 2299 824 2328 Hesiodum
836 2305 863 2328 et
880 2309 924 2329 re-

135 2342 254 2377 liquos),
268 2346 314 2368 aut
325 2342 438 2377 poeticis
449 2343 529 2377 quasi
547 2343 649 2372 ﬁclitiis
671 2345 924 2381 informationibus,

136 2395 184 2415 seu
199 2387 440 2415 dciineationibus.
454 2389 521 2416 t‘um
544 2389 616 2416 enim
632 2394 725 2417 nosset
750 2391 860 2425 sapiens
876 2391 924 2419 Dei

135 2433 333 2461 condescensio
357 2437 480 2461 nostram
495 2439 615 2462 mentem
629 2436 776 2469 inﬁrmam,
790 2441 817 2464 et
829 2437 861 2464 ad
877 2446 925 2465 su-

135 2480 288 2507 blimiorem
320 2481 578 2516 contemplationem
609 2483 747 2519 ineptam,
773 2485 924 2513 elevatione

136 2527 186 2561 ipsi
202 2527 374 2554 connaturali
390 2527 489 2559 cﬁicta,
507 2529 547 2556 sic
562 2529 767 2564 archangelicas
784 2531 811 2558 in
825 2540 923 2566 propa-

136 2572 191 2599 tulo
205 2571 270 2599 fecit
290 2573 499 2607 descriptiones,
517 2581 570 2601 non
588 2575 725 2609 quomodo
738 2583 832 2604 revera
848 2580 923 2609 sunt,

136 2617 182 2644 sed
195 2622 275 2653 prout
290 2625 341 2646 nos
360 2619 592 2653 comprehendere
608 2621 737 2655 quimus;
753 2622 822 2649 nihil
841 2622 925 2658 igitur

135 2663 293 2692 cmlestibus
307 2665 487 2700 improprium
504 2666 665 2702 imaginare.

976 2257 1013 2288 ὠς
1029 2258 1043 2283 ὁ
1063 2256 1133 2292 ἱερὸς
1158 2255 1228 2291 ἀνὴρ
1250 2252 1326 2285 οὗτός
1349 2261 1424 2288 φησι,
1450 2251 1576 2287 (ποιητὰς
1599 2251 1625 2278 δὲ
1640 2251 1767 2287 νόησονῆ

976 2304 1038 2335 τοὺς
1063 2304 1127 2338 παρ’
1153 2302 1265 2337 Ἕλλησι
1298 2300 1528 2336 θαυμαζομένους,
1553 2296 1608 2325 οἷον
1633 2299 1767 2334 Ὅμηρον,

983 2349 1113 2379 Ἡσίοδον,
1128 2349 1175 2374 καὶ
1190 2349 1252 2379 τοὺς
1271 2347 1359 2382 ὲξῆς,)
1378 2347 1394 2381 ἢ
1411 2347 1563 2380 ποιητικαῖς
1586 2345 1684 2372 ὡσανεὶ
1699 2345 1766 2371 πλα-

979 2396 1083 2426 στικαῖς
1106 2393 1320 2420 ὑποτυπώσεσιν.
1336 2392 1426 2419 Εἰδυῖα
1442 2391 1496 2427 γὰρ
1514 2392 1530 2426 ἡ
1552 2391 1599 2418 τοῦ
1614 2391 1679 2417 Θεοῦ
1697 2390 1765 2425 copi;

980 2439 1180 2473 συγκαταϐασις
1194 2438 1238 2464 τὸν
1260 2438 1392 2473 ἡμέτερον
1417 2436 1478 2463 νοῦν
1507 2436 1605 2471 ἀσθενῆ
1628 2436 1675 2462 καὶ
1698 2435 1765 2470 πρὸς

978 2485 1146 2520 ὑψηλοτέραν
1161 2484 1276 2520 θεωρίαν
1292 2483 1483 2519 ἀνεπιτηδείως
1500 2483 1605 2518 ἔχοντα,
1621 2481 1765 2515 ἀναγωγὴν

973 2530 1047 2565 αὐτῷ
1063 2530 1172 2565 συμφυῆ
1182 2530 1352 2565 πλασαμένη,
1367 2529 1438 2556 οὕτω
1452 2528 1501 2560 τὰς
1516 2525 1716 2563 ἀρχαγγελικὰς
1726 2527 1764 2556 εἰς

975 2577 1088 2611 φανερὸν
1112 2576 1198 2611 ἤγαγε
1221 2576 1428 2611 διακοσμήσεις,
1457 2575 1506 2609 οὐχ
1525 2574 1598 2604 ὅπως
1622 2571 1711 2606 έχουσι
1730 2571 1763 2605 τῇ

974 2623 1088 2658 ἀληθείᾳ
1109 2623 1310 2658 διασαφήσασα,
1347 2622 1403 2648 ἀλλ’
1427 2622 1500 2651 ὅπως
1520 2620 1599 2654 ἡμεῖς
1626 2615 1763 2651 δυνάμεθα

974 2668 1151 2695 καταλαϐεῖν·
1173 2668 1255 2704 μηδὲν
1269 2666 1315 2694 οὖν
1341 2667 1474 2694 ἀνοίκειον
1496 2664 1632 2700 φαντάζου
1647 2662 1700 2689 τῶν
1717 2662 1762 2688 οὑ-

977 2714 1088 2750 ρανίων.

624 2791 737 2821 ΥΛΠΙΛΕ
759 2794 951 2823 LECTIONES
967 2795 1011 2823 ET
1027 2795 1303 2823 COlillEtlTlONES.

173 2859 193 2874 “
210 2859 373 2892 διεξοδικῶν.
415 2861 434 2875 ’⁷
453 2860 546 2892 πόθος.
