1925 3060
149 125 181 152 37
483 124 511 152 S.
529 123 653 153 MAXIM]
671 124 816 154 SCHOLIA
835 125 868 154 ΙΝ
883 126 924 154 Lll

985 127 1010 154 ‘E
1027 126 1189 156 C(ELESTI
1206 126 1429 157 HIERABCIIIA.
1731 133 1767 162 38

181 181 195 216 ᾗ
211 182 244 208 ll.
266 181 436 215 Evraéo'slc.
466 182 606 215 Συνθέσεις
629 183 696 219 φησὶ
716 184 766 216 τὰς
785 185 924 221 εἰρημένας

1020 185 1034 221 §
1052 185 1084 213 ll.
1106 186 1322 220 Compositionea.
1347 185 1567 221 Compositiones
1591 187 1658 216 dicit
1678 189 1767 219 dictas

147 227 258 259 πλάσεις
273 228 319 254 καὶ
334 228 557 263 σχηματοποιίας.

187 273 248 308 Ἐφ’
263 274 384 301 ἑαυτῶν.
409 275 464 308 Ἐφ’
488 275 602 306 ἑαυτῶν,
625 276 763 303 τουτέστιν
786 276 823 309 ὼς
839 277 929 312 ἔχουσι

147 319 262 353 φύσεως,
278 319 408 353 ἄγνωστοι
423 321 498 355 ἡμῖν,
514 321 592 356 φησὶ,
610 321 657 348 καὶ
679 322 929 359 ἀΘεώρητοι”ὐπάρ-

148 373 248 399 χουσιν.

190 411 352 445 Ἀπότομον
383 411 530 447 Ἀπότομον
540 410 616 447 οἶμαι
632 413 721 447 λέγειν
735 414 815 441 αὑτὸν
829 414 878 450 τὴν
889 413 931 447 ξέ-

147 466 205 492 νην,
222 458 269 484 καὶ
284 455 338 484 οἷον
352 458 405 485 τῶν
428 451 548 495 συνήθων
571 461 798 496 ἀποτετμημένην
812 461 869 488 ὁδὸν
884 463 930 489 καὶ

148 504 259 531 πλάσιν·
275 505 314 531 διὸ
329 506 375 532 καὶ
399 505 500 542 σκηνὴν
522 506 605 543 αὐτὴν
621 507 758 542 ὀνομάζει,
777 508 930 544 σαφηνίζων

147 550 197 577 οὐκ
211 550 319 586 ἀληθεῖς
345 549 413 577 εἶναι
439 551 488 583 τὰς
514 553 759 588 ἀναγεγραμμένας
775 554 828 580 τῶν
847 554 930 588 ἁγίων

147 597 269 631 ἀγγέλων
285 598 390 633 μορφάς
400 607 406 613 ·
418 599 478 625 οὔτε
488 599 542 635 γὰρ
556 601 588 635 τῇ
603 600 715 636 ἀληθείᾳ
724 601 836 628 τοιοῦτοί
852 603 930 634 είσιν,

147 643 218 674 οἵους
241 644 338 676 αὐτοὺς
364 645 380 680 ἡ
410 645 470 681 ἱερὰ
495 646 660 682 παραδίδωσι
684 647 792 682 Γραφή·
808 648 865 674 ἀλλ’
888 648 930 674 ἵνα

147 688 250 725 [ἡμεῖς]
264 690 423 726 ὲφικώμεθα
432 692 482 727 τῆς
498 693 703 728 μεγαλειότητος
725 693 822 720 αὐτῶν.
845 694 930 727 Αὐτὸς

146 735 173 761 δὲ
187 736 201 761 ὁ
215 735 308 772 [θεῖος]
325 736 459 769 Διονύσιος
475 739 603 774 πειρᾶται
626 739 790 774 συμϐάλλειν
806 739 840 766 τὰ
854 741 930 775 εἰρη-

149 781 215 816 μένα
231 783 292 818 περὶ
303 783 401 814 αὐτῶν,
417 785 463 811 καὶ
481 784 621 817 δεικνύειν,
635 786 675 812 ὅτι
691 786 802 813 δυνατὸν
818 787 851 813 δι’
866 788 930 814 ἀνα-

148 827 268 860 πτύξεως
281 829 350 856 οὕτω
369 831 438 857 νοεῖν
451 830 500 862 τὰς
519 832 666 866 ἀγγελικὰς
680 832 881 869 διακοσμήσεις,
893 833 930 866 ὡς
945 855 967 884 Β

147 873 262 901 εἴρηται.

209 883 262 901 ται.

173 882 301 948 ρἶλῦλων
321 923 432 956 ποσῶς.
454 924 558 957 Ποσῶς
575 925 686 957 ἀῢλων,
703 926 823 952 τουτέστι
851 933 928 962 μερι-

146 966 215 998 κῶς·
231 967 260 994 οὐ
276 967 330 1004 γὰρ
347 969 433 1005 πάντη
451 969 553 997 ἀῦλων·
577 971 778 1007 ὑπερκειμένας
793 972 820 999 δὲ
835 972 929 1004 οὐσίας

90 1016 96 1021 ⁷
147 1012 259 1048 οὐρανὸν
270 1015 316 1040 καὶ
328 1014 362 1041 τὰ
378 1016 438 1042 κατ’
454 1016 566 1052 οὐρανὸν
577 1017 660 1051 λέγει,
679 1015 734 1044 οἷον
748 1018 864 1054 ἀστέρας
874 1027 881 1033 ·
899 1019 929 1045 τὸ

146 1058 201 1094 γὰρ
221 1058 469 1096 λεπτομερέστατον
493 1062 582 1089 αὐτῶν
602 1064 649 1090 καὶ
679 1063 832 1099 μονοούσιον
846 1064 928 1099 ἐγγύς

147 1104 206 1132 ἔστι
220 1114 278 1137 πως
291 1107 396 1139 ἀῡλίας.

183 1227 356 1255 θεοειὸἐσιν.
378 1229 508 1262 Θεοειδεῖς
520 1231 672 1267 ἁπλῶητάς
686 1241 751 1268 φησι
767 1233 816 1265 τὰς
830 1235 928 1270 νοητὰς

146 1271 252 1304 οὐσίας·
275 1274 351 1301 άῦλοι
366 1275 420 1311 γὰρ
440 1276 528 1304 οὐσίαι
545 1278 592 1304 καὶ
607 1278 747 1306 ἀσύνθετοι
767 1280 875 1313 πάντως
891 1283 929 1308 εί-

147 1318 197 1350 σὶν,
212 1317 345 1346 οὐκοῦσαι
361 1322 454 1357 κρᾶμα
476 1323 524 1349 καὶ
540 1323 677 1360 σύγκριμα
699 1325 753 1352 τῶν
773 1327 926 1362 στοιχείων·

144 1364 178 1390 τὰ
186 1365 248 1401 ,γὰρ
265 1365 377 1401 σώματα
391 1367 423 1394 ἐκ
443 1368 555 1399 τούτων.
565 1370 662 1397 ἐκεῖνοι
681 1371 702 1387 ’⁸
715 1371 742 1398 δὲ
758 1372 907 1408 ἀσώματοι.

185 1455 343 1486 Ἐνιζάνον.
372 1457 545 1493 Ἐγκαθίζον,
563 1461 610 1487 καὶ
632 1462 806 1497 ὲναπομένειν
824 1464 926 1492 ποιοῦν,

179 1549 349 1576 Acerra/ur.
361 1546 445 1577 Αὖται
456 1551 484 1577 al
501 1553 602 1587 μορφαὶ
616 1553 670 1580 τῶν
686 1553 765 1581 θείων
781 1556 828 1582 καὶ
841 1556 926 1590 ἁγίων

144 1595 273 1631 χερουσὶμ
300 1596 347 1622 καὶ
372 1597 447 1632 παρὰ
465 1597 505 1633 τῷ
527 1597 614 1634 [θείῳ]
642 1598 769 1636 Ἰεζεκιὴλ
789 1601 836 1628 καὶ
850 1602 926 1638 παρὰ

142 1640 182 1676 τῷ
195 1641 329 1678 θεσπεσίῳ
357 1643 465 1680 Ἰωάννῃ
486 1645 515 1670 ὲν
538 1646 571 1680 τῇ
604 1645 783 1682 ’Λποκαλύψει
810 1649 926 1685 ἀνεγρά-

143 1695 242 1722 φησαν.

184 1734 312 1769 Ἑσμῶν.
351 1736 460 1770 Ἐσμός
489 1737 547 1763 ἐστι
583 1737 613 1764 τὸ
655 1741 925 1777 συμπεπληρωμένον

142 1779 253 1815 πλῆθος.

177 1825 233 1852 Kal
247 1826 279 1853 τὸ
294 1827 450 1860 ὀρνιθείας.
468 1825 530 1855 Οἷον
556 1828 735 1864 όρνιθοειδοῦς
758 1833 864 1868 μορφῆς
879 1835 925 1860 καὶ

141 1871 171 1904 ἐξ
180 1872 303 1908 ὀρνίθων.

175 1919 271 1946 Ζώων.
288 1920 351 1946 Ζῶα
358 1920 424 1947 ἄλλα
435 1922 525 1956 φησὶν,
534 1919 589 1949 οἷον
605 1922 714 1955 ἵππους,
724 1923 861 1959 ἡμιόνους,
878 1926 925 1952 καὶ

140 1964 174 1992 τὰ
189 1965 300 1992 τοιαῦτα
315 1967 350 1982 "-
367 1966 432 1999 ὕλας
451 1967 479 1993 δὲ
500 1968 673 2004 ἀτιμοτέρας,
693 1966 749 1996 οἷον
764 1969 873 2005 θρόνους
887 1971 925 2004 ὡς

139 2013 173 2038 ὲκ
189 2011 283 2044 ξύλων,
305 2013 352 2039 καὶ
369 2014 491 2048 τροχοὺς,
519 2014 566 2041 καὶ
589 2014 725 2050 ῥομφαίας
742 2016 775 2042 ἐκ
804 2016 923 2052 σιδήρου,

140 2057 177 2089 ὡς
191 2057 240 2093 τὴν
255 2059 389 2094 ῥομφαίαν
403 2059 451 2095 τὴν
466 2060 671 2096 ὲξεσπασμένην
678 2061 724 2088 ἐπὶ
736 2061 783 2088 τὸν
797 2061 923 2098 Βαλαάμθ

140 2103 186 2129 καὶ
199 2103 232 2138 ἢν
245 2102 313 2131 εἶδεν
325 2106 340 2132 ό
352 2105 441 2138 Δαυὶδ,
462 2106 498 2137 ὡς
514 2107 543 2132 ἐν
563 2108 621 2139 ταῖς
643 2107 795 2140 Βασιλείαις
817 2108 924 2144 εἴρηται

140 2147 234 2183 βιϐλίῳ
249 2148 284 2184 β’·
301 2150 348 2176 καὶ
363 2150 472 2185 ἅρματα
486 2151 524 2183 ὡς
538 2151 639 2184 ξύλινα.

981 229 1106 257 ﬁctiones
1117 234 1144 257 et
1159 230 1306 265 ﬁgurarum
1317 229 1476 259 el‘ﬁctiones.

1019 276 1050 302 In
1062 277 1164 311 seipsis.
1181 276 1210 303 ln
1225 277 1333 312 seipsis,
1347 277 1399 304 hoc
1414 281 1466 308 est.
1487 278 1559 305 sicut
1585 282 1681 307 natura
1694 282 1768 309 exsi-

981 326 1056 349 stunt
1069 331 1078 356 ;
1092 322 1177 358 ignoti
1193 323 1282 355 nobis,
1295 323 1394 358 inquit,
1410 327 1437 350 et
1454 323 1605 352 invisibiles
1620 330 1696 354 sunt.

1016 410 1126 442 Rudem,
1144 410 1192 438 Gr.
1205 411 1350 446 ἀπότομον.
1381 412 1528 448 ’Δπότομον
1543 414 1662 442 arbitror
1676 415 1765 450 ipsum

981 455 1072 483 dicere
1087 456 1257 491 peregrinam
1275 460 1302 484 et
1317 458 1400 484 veluti
1413 465 1427 484 a
1438 460 1637 488 consuetudine
1659 462 1767 489 abscis-

981 511 1039 530 sam
1051 503 1122 530 viam
1136 509 1163 531 et
1176 504 1323 535 ﬁctionem,
1335 504 1450 539 ideoque
1461 506 1667 534 tabernaculum
1679 508 1767 543 ipsam

981 548 1116 583 appellat:
1134 548 1278 577 declarans
1295 549 1405 577 minime
1428 558 1506 578 veras
1530 559 1592 579 esse
1613 552 1767 588 descriptas

982 594 1138 628 angelorum
1164 594 1289 629 formas;
1307 603 1361 622 non
1385 596 1457 623 enim
1482 605 1576 625 revera
1601 599 1668 627 tales
1690 605 1765 633 sunt,

981 640 1075 675 quales
1091 640 1167 675 ipsos
1190 647 1268 667 sacra
1287 641 1368 667 tradit
1385 639 1542 676 Scriptura:
1559 643 1607 670 sed
1623 648 1653 670 ut
1670 652 1766 679 perve-

981 686 1089 713 niamus
1103 686 1135 712 ad
1147 686 1360 721 magnitudinem
1377 687 1509 721 ipsorum.
1527 688 1586 723 lpse
1599 693 1689 718 autem
1706 690 1768 719 Dio-

981 732 1076 767 nysius
1086 736 1202 759 conatur
1214 733 1384 761 committere
1399 734 1471 761 dicta
1488 733 1521 761 de
1532 734 1610 769 ipsis,
1627 740 1654 763 et
1673 741 1767 764 osten-

981 777 1045 805 dere
1068 777 1126 805 ﬁeri
1152 785 1243 812 posse,
1269 782 1299 805 ut
1315 787 1362 814 per
1377 779 1587 814 explicationem
1615 782 1651 808 ita
1667 781 1766 810 intelli-

981 828 1080 860 gantur
1094 824 1223 860 angelica).
1237 824 1445 860 descriptiones,
1463 825 1536 853 sicut
1551 826 1653 854 dictum
1664 833 1716 856 est.

1016 913 1058 941 E3
1073 919 1148 948 parte
1167 914 1396 948 immaterialium,
1415 914 1462 943 Gr.
1481 915 1569 943 ἀΰλων
1590 917 1690 950 ποσῶς,
1712 918 1766 946 Πυε

981 959 1035 992 σῶς
1056 960 1155 992 ἀθλων,
1178 960 1230 988 hoc
1246 964 1288 988 est
1313 961 1423 996 partim,
1448 969 1537 997 neque
1554 963 1627 991 enim
1653 965 1765 994 omnino

979 1007 1200 1034 lmmaterialium
1213 1016 1220 1041 ;
1235 1008 1263 1043 6
1278 1009 1465 1043 superpositas
1490 1013 1580 1037 autem
1596 1011 1766 1040 substantias

979 1053 1079 1080 coelum
1105 1056 1132 1080 et
1164 1061 1223 1088 qua:
1253 1053 1323 1080 infra
1352 1054 1450 1081 caalum
1478 1059 1543 1082 sunt
1571 1055 1656 1089 dicit,
1681 1057 1764 1084 veluti

979 1102 1070 1126 astra:
1085 1097 1143 1133 ipsa
1159 1099 1232 1126 enim
1256 1099 1425 1127 tenuissimis
1447 1105 1574 1128 constare
1587 1102 1723 1136 partibus,
1739 1107 1766 1131 et

979 1145 1037 1173 sola
1049 1145 1203 1172 substantia
1235 1153 1318 1181 prope
1338 1146 1431 1180 aliquo
1449 1146 1529 1174 modo
1544 1147 1649 1175 accedit
1661 1147 1694 1175 ad
1709 1148 1759 1175 im-

979 1191 1209 1219 materialitatem.

1014 1235 1204 1271 Deiformibus.
1228 1236 1378 1266 Deiformes
1396 1238 1585 1274 simplicitates
1606 1239 1672 1266 dicit
1685 1240 1762 1268 intel-

979 1282 1111 1311 lectuales
1127 1283 1314 1317 substantias;
1331 1284 1525 1312 immateriales
1548 1286 1620 1313 enim
1637 1286 1765 1314 Substau-

979 1328 1024 1356 tia!
1038 1333 1065 1356 et
1085 1329 1274 1364 incompositae
1291 1330 1404 1357 omnino
1431 1337 1506 1363 sunt,
1533 1339 1588 1359 non
1601 1332 1764 1361 exsistentes

979 1375 1136 1402 commistio
1151 1381 1177 1404 et
1192 1380 1436 1412 temperamentum
1466 1378 1676 1410 elementorum;
1702 1385 1767 1407 cor-

979 1427 1046 1454 pora
1064 1420 1136 1448 enim
1151 1428 1184 1448 ex
1198 1421 1252 1453 his,
1270 1421 1322 1449 illae
1337 1428 1428 1450 autem
1440 1421 1618 1456 incorporea.

1016 1467 1162 1501 Inhaerens,
1178 1468 1225 1496 Gr.
1241 1468 1370 1501 ὲνιζάνον.
1384 1468 1508 1497 Insidens
1521 1464 1709 1499 et'immanere
1723 1469 1764 1498 ia-

941 1522 961 1550 C
979 1514 1066 1542 ciens.

1016 1560 1149 1588 Leoninis.
1174 1560 1222 1588 llze
1249 1561 1342 1588 forma:
1373 1561 1528 1588 divinorum
1555 1565 1582 1588 et
1603 1565 1763 1589 sanctorum

977 1607 1130 1638 cherubim,
1145 1611 1173 1634 et
1186 1606 1220 1634 ab
1234 1606 1376 1634 Ezechiele
1391 1610 1418 1634 et
1432 1606 1603 1641 diviniloquo
1613 1605 1718 1634 Joanne.
1734 1607 1764 1635 in

976 1649 1140 1686 Apocalypsi
1155 1651 1299 1686 descriptae
1313 1655 1387 1678 sunt.

1012 1737 1197 1771 luminibus,
1210 1737 1258 1767 Gr.
1271 1739 1373 1773 ἐσμῶν.
1390 1739 1489 1774 Ἐσμός
1498 1742 1540 1767 est
1553 1739 1688 1775 completa
1696 1740 1764 1767 mul-

976 1784 1066 1812 titudo

1011 1830 1045 1856 Et
1058 1828 1201 1866 όρνιθείας,
1223 1829 1307 1857 veluti
1322 1829 1427 1857 volucri
1449 1829 1547 1858 similis
1574 1829 1668 1858 forma
1681 1834 1709 1859 et
1723 1839 1757 1859 ex

976 1875 1084 1903 avibus.

1011 1922 1186 1949 Animalium.
1203 1921 1338 1949 Animalia
1353 1921 1407 1948 alia
1421 1921 1498 1954 dicit,
1518 1925 1549 1949 ut
1561 1930 1656 1957 equos,
1672 1924 1765 1951 mulos

974 1972 1002 1996 et
1016 1962 1117 1996 similia
1129 1976 1137 2001 ;
1149 1967 1280 1995 materias
1301 1972 1392 1994 autem
1414 1967 1538 1999 viliores,
1557 1971 1587 1995 ut
1607 1969 1686 1996 sedes
1699 1973 1762 1996 tan-

973 2022 1056 2049 quam
1071 2022 1103 2042 ex
1115 2014 1208 2050 lignis,
1225 2017 1252 2041 et
1267 2019 1341 2042 rotas
1354 2017 1381 2041 et
1397 2014 1550 2049 romphaeas
1565 2022 1598 2043 ex
1615 2014 1688 2043 ferro
1704 2024 1712 2049 ;
1729 2019 1759 2043 ut

974 2060 1139 2096 romphaeam
1155 2063 1306 2087 extractam
1322 2059 1349 2086 in
1362 2058 1471 2086 Balaam
1486 2062 1513 2087 et
1527 2067 1608 2094 quam
1621 2059 1706 2088 David
1721 2060 1763 2087 vi-

973 2106 1028 2134 dit:
1045 2106 1116 2133 sicut
1131 2104 1236 2132 dictum
1252 2108 1294 2131 est
1307 2103 1334 2130 in
1356 2103 1426 2131 libro
1447 2103 1569 2131 secundo
1595 2103 1761 2140 Regum;et

974 2159 1073 2179 currus
1087 2150 1171 2179 veluti
1183 2150 1299 2186 ligneos.

180 2194 334 2228 Ἐμπαθές.
360 2196 496 2230 Ἑμπαθὲς
506 2197 590 2231 λέγει,
611 2198 704 2234 ἐπειδὴ
717 2199 747 2225 τὺ
761 2198 921 2236 λεοντόμορ-

1011 2195 1210 2223 Panionalum.
1240 2194 1389 2222 Aﬁ‘ectibus
1415 2194 1561 2222 obnoxium
1584 2194 1666 2226 dicit,
1690 2202 1762 2230 quo-

139 2249 187 2275 φον
200 2241 312 2277 θυμικόν
326 2250 352 2268 τι
369 2243 494 2278 σημαίνει
504 2252 510 2259 ’
527 2245 574 2270 καὶ
587 2245 618 2271 τὸ
633 2245 758 2280 μόσχειον
774 2244 843 2278 emet;
859 2247 921 2273 ἑπι-

139 2287 300 2323 θυμητικόν·
325 2288 402 2315 ἅτινα
429 2289 503 2324 πάθη
526 2290 573 2316 καὶ
607 2290 712 2325 μεγάλα
739 2291 918 2327 ὑπάρχουσιν.

144 2333 327 2367 Ὁμοιότητας
340 2333 369 2360 δέ
380 2342 446 2369 φησι
459 2335 508 2367 τὰς
521 2335 685 2370 ὁμοιωτικὰς
707 2337 832 2369 ὑπονοίας
842 2346 848 2352 ·
865 2346 919 2365 τοι-

137 2376 238 2414 γαροῦν
250 2379 323 2414 λέγει
337 2380 352 2405 ό
364 2381 387 2396 ³⁸
408 2380 547 2417 Ίεζεκιὴλ,
563 2381 601 2413 ὼς
623 2382 750 2418 ὁμοίωμα
765 2383 917 2418 ἑωρακέναι

136 2425 183 2452 τοῦ
207 2425 316 2460 θρόνου·
339 2427 385 2453 καὶ
401 2427 525 2462 ὁμοίωμα
549 2427 663 2460 λέοντος,
686 2428 754 2463 ὅπερ
775 2428 850 2463 δηλοῖ
869 2429 919 2465 τὴν

136 2472 319 2507 πλασματώδη
333 2473 385 2499 τῶν
404 2473 552 2500 δοκούντων
567 2474 715 2508 φαντασίαν
725 2483 731 2489 ·
748 2474 787 2501 διὸ
803 2474 920 2501 κάνταῦ-

135 2517 169 2543 θα
182 2517 301 2553 εἴρηται·
321 2518 463 2554 ’Λνόμοιοι
492 2520 673 2554 ὁμοιότητες·
694 2520 724 2546 οὺ
746 2520 800 2556 γὰρ
816 2520 919 2552 πάντας

133 2564 241 2598 ὁμοίους
254 2566 305 2600 ὁρᾷ
319 2566 333 2591 ό
344 2566 494 2601 προφήτης,
505 2566 572 2593 ἀλλὰ
586 2568 648 2598 τοὺς
664 2567 711 2602 μὲν
726 2567 917 2600 τοιώσδε,τοὺς

133 2608 161 2635 δὲ
174 2609 282 2636 τοιὼσδε
292 2619 298 2625 ·
310 2611 377 2637 ἀλλὰ
396 2612 443 2638 καὶ
460 2612 579 2647 ἀνόμοιοι
589 2613 641 2639 εἰσι
656 2613 802 2645 παντελῶς,
815 2610 855 2644 οἷς
872 2613 916 2639 δο-

134 2653 225 2680 κοῦσιν
241 2653 308 2681 εἶναι
322 2656 426 2690 ὅμοιοι·
443 2656 518 2682 οὐδὲν
541 2657 595 2692 γὰρ
609 2657 723 2689 λέοντος,
739 2658 755 2694 ἢ
772 2658 882 2694 μόσχου,
899 2658 916 2694 ἢ

975 2242 1049 2270 niam
1076 2242 1164 2269 forma
1183 2241 1292 2269 leonina
1317 2240 1421 2276 aliquid
1442 2240 1580 2268 irascibile
1604 2240 1717 2274 indicat,
1733 2246 1762 2270 et

974 2289 1080 2324 species
1099 2287 1215 2315 vitulina
1237 2286 1462 2322 concupiscihile,
1478 2293 1539 2321 quae
1558 2286 1713 2321 passiones,
1732 2291 1760 2315 et

973 2333 1083 2369 quidem
1114 2340 1229 2368 magna},
1255 2336 1330 2360 sunt.
1355 2331 1554 2359 Similitudines
1570 2337 1659 2359 autem
1680 2331 1758 2365 dicit,

973 2387 1072 2407 sensus
1087 2378 1246 2407 reconditos
1259 2379 1312 2406 vim
1329 2377 1502 2406 assimilandi
1521 2377 1655 2406 habentes
1669 2388 1675 2406 :
1691 2378 1758 2406 dicit

974 2425 1056 2461 igitur
1076 2424 1212 2457 Ezechiel,
1237 2428 1368 2460 tanquam
1392 2423 1597 2452 similitudinem
1611 2424 1701 2451 throni
1717 2425 1759 2452 vi—

973 2471 1059 2503 disse,
1075 2475 1104 2498 et
1118 2471 1326 2498 similitudinem
1342 2470 1447 2503 leonis;
1462 2470 1535 2505 quod
1551 2470 1673 2498 declarat
1686 2470 1758 2497 ﬁcti-

971 2519 1038 2546 tiam
1063 2517 1234 2554 opinantium
1258 2515 1500 2552 imaginationem:
1520 2516 1580 2544 ideo
1594 2515 1639 2543 hic
1652 2515 1756 2543 dictum

972 2568 1024 2596 est,
1041 2563 1185 2591 dissimiles
1202 2562 1408 2591 similitudines:
1423 2569 1512 2597 neque
1527 2562 1598 2589 enim
1614 2568 1708 2589 omnes
1719 2560 1757 2588 si-

971 2609 1049 2637 miles
1059 2609 1194 2644 propheta
1208 2607 1282 2635 videt
1296 2617 1304 2642 ;
1321 2608 1368 2636 sed
1383 2607 1434 2636 hos
1447 2608 1557 2644 quidem
1571 2608 1622 2640 sic,
1635 2607 1696 2635 illos
1706 2615 1755 2632 Iu-

970 2661 1026 2683 tem
1037 2656 1095 2683 sic:
1112 2662 1206 2683 verum
1222 2654 1372 2682 dissimiles
1386 2654 1498 2682 omnino
1521 2658 1584 2682 sunt
1596 2654 1640 2686 iis,
1655 2652 1754 2688 quibus

612 2777 730 2806 NABLE
746 2778 937 2807 LECTIONES
955 2779 999 2807 ET
1015 2777 1290 2808 CORRECTIONES.

169 2857 189 2872 "
206 2857 439 2889 ἐκεῖναιιτρίοτιιιι·
452 2857 525 2885 enim
543 2857 575 2885 ad
591 2858 688 2885 οὐσίαι.

748 2859 768 2875 ¹’
786 2858 885 2892 ἵππων,
904 2859 1022 2895 ἡμιόνων
1039 2859 1084 2885 καὶ
1100 2858 1153 2885 τῶν
1169 2857 1305 2885 τοιούτων.

1356 2855 1379 2871 ’θ
1395 2855 1468 2888 λέγει
1489 2861 1544 2890 γαρ
1560 2854 1582 2880 6.
