1914 3063
130 127 167 155 39
519 116 691 147 APPENDIX
709 116 756 145 AD
771 114 884 144 OPERA
909 114 938 142 S.
959 112 1107 141 DlONYSIl
1126 110 1371 141 AREOPAGITIE.
1723 105 1759 135 ιο

131 182 261 211 videntur
280 188 343 209 esse
366 178 471 208 similes
484 188 492 206 :
505 178 576 206 nihil
590 177 664 206 enim
679 175 767 204 leonis
778 178 826 202 aut
839 173 920 200 vituli

991 172 1025 198 ὦν
1042 171 1105 208 ἑξῆς
1120 170 1227 207 ἀληθῶς
1243 170 1349 206 ἔχουσι·
1361 169 1388 195 τί
1401 167 1429 194 δὲ
1438 167 1514 204 δηλοῖ
1525 166 1556 193 τὸ
1575 166 1710 202 ἀνόμοιον.
1731 165 1762 192 ἑν

132 234 180 257 aut
203 229 372 264 reliquorum
392 234 457 254 vere
470 226 588 259 habent;
604 223 670 260 quid
685 229 769 259 porro
787 221 922 258 signiﬁcet

131 275 268 311 ἀνόμοιον.
281 275 309 302 in
325 272 506 309 sequentibus
519 271 655 299 invenies.

173 321 369 352 Verumtamen,
393 318 441 346 Gr.
456 317 513 345 ἀλλ’
532 319 561 353 ἡ.
592 316 644 344 Per
666 314 779 343 modum
806 321 922 350 respon—

133 366 232 394 sionis.

171 412 205 440 Ut
215 419 295 448 neque
309 410 416 438 divinw.
439 409 589 436 Pollicetur
612 415 661 442 per
680 407 819 443 propriam
838 406 924 434 inter-

132 459 313 495 pretationem
329 461 476 491 utrumque
490 454 634 483 ostendere
648 462 655 487 ;
671 457 702 480 ut
713 460 803 488 neque
814 452 924 480 videan-

133 510 179 533 tur
193 505 316 532 ccelestia
339 503 441 538 injuria
452 502 539 536 allici,
553 508 642 536 neque
655 508 706 528 nos
727 500 754 527 in
774 499 922 535 humipetis

132 551 284 579 vilitatibus
300 550 375 578 inﬁxi
397 557 469 581 esse,
492 548 556 575 dum
578 548 652 575 circa
670 547 799 574 animalia
813 554 874 582 qua:
887 546 922 574 de

133 599 238 633 angelis
253 597 396 629 dicuntur,
409 602 566 623 versamur.

169 643 266 671 Merita
278 643 401 670 obducta.
418 641 474 669 Cur
497 641 575 676 signa
594 647 688 668 eorum
702 647 763 675 qua:
777 639 862 675 figura
877 647 924 666 ex-

133 690 214 726 primi
229 692 378 724 nequeunt,
399 688 455 715 sint
471 687 574 722 ﬁgurae,
590 690 617 714 et
632 693 727 714 eorum
750 693 810 721 qua:
836 685 924 712 forma

134 740 241 768 carent,
257 736 361 767 formae,
372 735 424 762 hoc
437 734 498 762 loco
508 733 586 761 dicit.

170 784 195 818 7
215 781 383 818 Inﬁguratis,
399 780 447 808 Gr.
463 780 683 816 ἀσχηματίστων.
700 778 753 817 Pro
769 779 862 814 forma:
877 787 923 806 ea;-

133 830 256 864 pertium.

971 219 1027 250 τοῖς
1043 218 1106 253 ἑξῆς
1122 217 1259 252 εὑρήσεις.

1014 309 1096 336 Ἀλλ’
1110 308 1140 342 ἠ.
1161 306 1389 343 Ἀπολογητιχῶς.

1008 405 1068 442 [α’.]
1095 405 1142 438 Ὠς
1153 404 1229 439 μήτε
1243 404 1287 436 είς
1298 403 1352 435 τὰς
1373 401 1463 434 θείας.
1487 399 1698 434 Ἐπαγγέλλεται
1718 399 1762 427 διὰ

971 452 1023 487 τῆς
1047 452 1115 484 ἰδίας
1144 450 1293 487 ἑρμηνείας
1318 448 1449 475 δεικνύειν
1475 447 1614 482 ἑκάτερον,
1641 447 1678 478 ὡς
1695 447 1766 482 μήτε

973 496 1046 530 δόξαι
1061 496 1221 534 ὑϐρίζεσθαι
1243 495 1278 522 τὰ
1293 494 1417 530 οὐράνια,
1435 493 1501 529 μήτε
1519 492 1593 528 ἡμᾶς
1609 492 1648 522 εἰς
1662 499 1764 526 χαμαι-

974 545 1072 580 ζήλους
1098 542 1292 577 ταπεινότητας
1316 540 1473 576 ἐμπαγῆναι
1498 538 1629 574 περὶτῶν
1643 537 1671 563 ἐν
1682 536 1763 569 ἀγγέ-

973 591 1029 623 λοις
1049 589 1203 625 λεγομένων
1217 587 1303 620 ζώων.

1011 637 1056 673 [β’.
1072 635 1214 672 ]Εὶκότως
1231 633 1455 668 προϐέϐληνται.
1472 631 1521 658 Διὰ
1534 631 1560 657 τί
1574 630 1604 657 σύ
1610 630 1695 665 μϐολα
1709 628 1763 655 τῶν

974 681 1126 709 ὰτυπώτων
1144 680 1168 706 οἱ
1183 680 1262 706 τύποι
1277 679 1325 706 καὶ
1342 677 1396 704 τῶν
1410 675 1592 712 ἀμορφώτων
1606 675 1634 701 αἱ
1650 673 1762 710 μορφαὶ,

975 727 1094 755 ἐνταῦθά
1108 735 1200 762 φησιν.

1017 773 1273 809 Ἀσχηματίστων.
1293 771 1367 798 Ἀντὶ
1379 770 1425 797 τοῦ
1436 768 1628 804 ἀμορφώτων.

170 875 338 903 Immcdiate.
356 874 413 902 l-Ioc
429 879 470 902 est
490 881 544 901 non
560 881 609 908 per
623 872 727 901 medias
744 871 855 907 ﬁguras,
876 872 924 899 sed

1011 868 1070 906 [γ¹.]
1095 867 1235 903 ’Ᾱμέσωςκ
1259 866 1388 893 Τουτέστι
1415 865 1451 900 μὴ
1477 864 1521 891 διὰ
1547 863 1635 899 μέσων
1648 862 1702 889 τῶν
1715 860 1764 888 τύ-

133 922 278 950 confestim
297 925 326 949 et
347 921 436 956 primo
452 920 536 954 nisu;
554 920 619 947 illud
642 923 734 946 autem
759 917 925 954 prmtendunt

134 968 205 997 idem
221 973 264 996 est
275 975 338 995 cum
352 971 508 1002 praeponam
521 969 548 994 et
558 965 737 1001 prwstituunt.

170 1047 369 1076 Formationes.
394 1045 462 1074 Nota
477 1045 550 1080 quod
565 1043 722 1079 incorporei
742 1048 770 1071 et
795 1043 927 1072 informes

134 1095 208 1123 sint:
223 1093 334 1130 quando
356 1092 440 1128 igitur
456 1091 577 1119 audieris
597 1091 632 1118 de
654 1089 925 1126 supersubstantiali,

135 1141 183 1176 qui
197 1147 257 1167 cum
268 1140 295 1166 in
312 1139 401 1174 forma
418 1138 467 1165 Dei
478 1142 545 1165 esset
558 1139 582 1170 δ,
597 1136 847 1164 immutabilitatem
862 1143 927 1171 erga

134 1186 244 1214 Patrem
269 1185 410 1220 intellige;
425 1184 477 1212 hoc
493 1184 566 1212 enim
583 1183 704 1211 declarat
726 1186 754 1210 et
773 1183 861 1217 imago
879 1182 929 1209 Dei

135 1232 275 1260 invisibilis
300 1231 327 1264 ιι,
339 1235 367 1259 et
379 1231 460 1258 illud:
474 1230 528 1264 Qui
544 1230 608 1257 vidit
619 1229 735 1262 me,vidit
745 1233 770 1256 et
785 1228 894 1256 Patrem
903 1229 926 1256 ί.

138 1277 186 1307 Sic
199 1279 284 1307 etiam
299 1282 412 1306 sanctus
428 1277 544 1306 Basilius
567 1277 762 1312 interpretatur
778 1275 805 1303 in
823 1283 929 1304 sermo-

136 1334 172 1354 ne
186 1325 220 1353 ad
235 1325 376 1361 proprium
402 1324 516 1352 fratrem
530 1323 564 1351 de
587 1322 743 1351 diﬁerentia
768 1321 930 1350 substantiae

136 1376 165 1401 et
179 1371 378 1400 subsistentia.

173 1418 188 1455 ᾗ
208 1418 252 1446 [Η.
273 1411 409 1453 Duplicem
423 1425 479 1445 esse
495 1424 590 1444 sacrit.
618 1415 796 1443 Divinitatem
822 1414 930 1443 duobus

137 1465 227 1493 modis
243 1464 350 1493 laudari
366 1474 372 1492 :
396 1468 443 1492 aut
459 1463 577 1492 similem
589 1462 728 1495 omnibus,
747 1461 838 1489 omnia
856 1461 930 1489 enim

138 1511 167 1539 in
183 1512 242 1547 ipsa
251 1511 424 1545 consistunt;
437 1514 485 1538 aut
499 1511 572 1538 sicut
582 1509 744 1538 dissimilem
755 1529 764 1542 ,
779 1508 847 1535 nihil
856 1508 929 1536 enim

137 1561 180 1586 est
195 1558 397 1585 universorum.

173 1604 228 1631 Per
238 1603 393 1631 dissimilia.
411 1602 490 1636 Quod
513 1602 607 1638 ﬁguras
624 1609 674 1638 per
687 1601 791 1630 similia
806 1605 833 1629 et
847 1600 933 1628 dissi-

139 1650 216 1678 milia
243 1650 393 1686 ﬁngantur,
410 1653 437 1678 et
461 1649 600 1685 quomodo
621 1649 772 1685 ﬁngantur,
799 1648 852 1676 hoc
870 1648 931 1675 loco

138 1699 252 1724 tractat.

176 1742 328 1778 Aliquando
342 1741 449 1778 quidem
465 1745 495 1769 ut
509 1741 626 1769 verbum.
645 1740 802 1769 Secundum
813 1740 880 1776 quid
891 1740 933 1768 di-

139 1790 214 1817 citur
236 1789 351 1817 verbum
375 1793 402 1816 et
417 1796 506 1820 mens,
523 1788 612 1816 Deus:
628 1788 656 1815 in
668 1795 718 1816 eo:
731 1788 797 1821 Quis
813 1787 933 1823 cognovit

141 1843 246 1863 sensum
273 1835 380 1862 Domini
393 1835 425 1861 k?
439 1838 466 1862 et
482 1834 509 1861 in
523 1842 556 1862 eo
570 1845 576 1861 :
595 1833 630 1860 Et
652 1834 752 1869 factum
767 1839 805 1861 est
828 1833 934 1860 verbum

142 1881 250 1908 Domini
272 1881 306 1907 ad
332 1889 371 1908 me
385 1880 474 1907 dicens
489 1880 511 1913 ι,
528 1885 555 1908 et
574 1887 635 1915 qua:
650 1880 797 1915 deinceps:
811 1880 935 1907 rationa-

142 1927 276 1955 bilitatem
293 1930 385 1954 autem
405 1926 473 1954 dicit
488 1927 516 1953 in
531 1926 597 1959 Deo,
612 1934 667 1953 non
679 1927 752 1961 quod
768 1926 833 1953 velit
846 1926 935 1953 decla—

142 1981 206 2001 rare
229 1973 314 2001 Deum
326 1981 388 2000 esse
404 1972 576 2005 rationalem,
596 1976 726 2008 tanquam
741 1971 856 2000 rationis
870 1979 935 2007 par-

147 2020 277 2055 ticipem;
294 2019 349 2046 hoe
370 2019 444 2046 enim
465 2018 640 2046 manilestum
660 2021 715 2049 est;
731 2018 778 2045 sed
795 2017 868 2052 quod
900 2017 936 2045 sit

144 2065 484 2101 ipsametrationabilitas,
502 2072 564 2092 cum
582 2068 656 2093 totus
664 2065 779 2093 exsistat
789 2065 876 2098 ratio;
891 2072 936 2092 es-

145 2112 262 2140 sentiam
277 2115 367 2139 autem
393 2111 488 2139 dicunt
505 2111 533 2138 in
544 2110 610 2144 Deo,
623 2119 686 2138 cum
708 2111 856 2138 dixerunt:
881 2109 935 2146 Ego

146 2166 205 2185 sum
217 2158 262 2193 qui
272 2166 341 2190 sum,
352 2161 391 2190 et,
404 2157 457 2190 Qui
471 2161 521 2190 est,
532 2158 650 2184 misitme
660 2162 698 2189 ¹“;
711 2156 751 2184 Tu
763 2161 852 2183 autem
865 2156 933 2184 idem

976 924 1045 947 πων,
1067 915 1125 941 ἀλλ’
1148 913 1253 949 ἀθρόως
1275 912 1322 939 καὶ
1346 910 1415 938 κατὰ
1438 909 1548 946 πρώτην
1572 908 1713 944 ἐπιϐολήν·
1733 907 1766 934 τὸ

975 961 1004 988 δὲ
1020 960 1211 994 προτείνουσι
1225 958 1322 985 ταύτόν
1333 958 1390 984 ἐστι
1405 956 1443 991 τῲ
1454 954 1635 989 προτιθέασι,
1646 953 1693 980 καὶ
1700 960 1764 987 προ-

977 1006 1147 1034 ϐάλλονται.

1013 1052 1071 1090 [δ’.]
1096 1051 1282 1086 Μορφὼσεις.
1308 1048 1481 1085 Σημειωσαι,
1503 1047 1544 1073 ὅτι
1571 1046 1605 1073 τὰ
1633 1045 1767 1081 ἀσώματα

977 1097 1128 1134 ἀμόρφωτά.
1143 1098 1226 1123 εἰσιν·
1243 1096 1305 1122 ὅταν
1318 1093 1363 1121 οὖν
1379 1093 1499 1128 ἀκούσῃς
1510 1093 1574 1127 περὶ
1589 1091 1636 1118 τοῦ
1652 1091 1768 1126 ὑπερου-

980 1145 1047 1176 σίου,
1058 1144 1088 1176 ὃς
1104 1143 1138 1170 ἐν
1145 1142 1246 1178 μορφῇ
1263 1141 1336 1168 Θεοῦ
1349 1141 1502 1175 ὑπάρχων,
1513 1138 1544 1165 τὸ
1558 1138 1768 1174 ἀπαράλλακτον

979 1191 1047 1227 πρὸς
1063 1190 1108 1217 τὸν
1125 1189 1221 1216 ἑαυτοῦ
1235 1188 1346 1224 Πατέρα
1357 1187 1452 1222 νόησον
1462 1194 1468 1201 ·
1477 1185 1556 1212 τοῦτο
1568 1185 1621 1220 γὰρ
1636 1184 1711 1220 δηλοῖ
1721 1183 1769 1210 xui.

979 1237 998 1271 ἡ
1013 1236 1102 1263 εἰκὼν
1115 1234 1168 1261 τοῦ
1184 1233 1257 1260 Θεοῦ
1271 1232 1324 1259 τοῦ
1346 1230 1486 1265 ἀοράτου,
1502 1230 1549 1257 καὶ
1565 1229 1610 1256 τό·
1633 1229 1663 1255 '0
1678 1229 1768 1262 ἑωριι-

979 1280 1039 1313 κὼς
1065 1278 1127 1314 ἐμὲ,
1150 1278 1259 1312 ἑώρακε
1288 1277 1341 1303 τὸν
1364 1275 1488 1309 Πατέρα.
1514 1275 1591 1301 Οὕτω
1607 1274 1770 1307 meam;

975 1325 1119 1357 ’Βασίλειος
1135 1323 1282 1361 ἑρμηνεύει
1293 1323 1321 1349 ὲν
1337 1322 1377 1357 τῷ
1395 1322 1463 1357 πρὸς
1477 1321 1521 1348 τὸν
1536 1322 1634 1347 οἰκεῖον
1657 1318 1770 1354 ἀδελφὸν

979 1372 1060 1407 λόγῳ,
1071 1370 1110 1406 τῷ
1125 1369 1188 1405 περὶ
1204 1368 1334 1404 διαφορᾶς
1350 1366 1443 1397 οὐσίας
1457 1367 1503 1392 καὶ
1513 1366 1698 1396 ὑποστάσεως.

1016 1417 1030 1454 §
1047 1417 1095 1444 Ill.
1119 1417 1167 1449 Ὡς
1183 1415 1281 1447 διττός
1295 1413 1362 1439 ἐστι
1376 1412 1430 1446 τῆς
1445 1411 1534 1445 ἱερᾶς.
1558 1411 1619 1436 Ὅτι
1641 1409 1710 1436 κατὰ
1724 1409 1770 1437 δύο

980 1463 1098 1500 τρόπους
1110 1461 1234 1496 ὑμνεῖται
1243 1458 1273 1485 τὺ
1284 1459 1360 1485 Θεῖον
1372 1466 1378 1472 ·
1397 1456 1413 1493 ἢ
1426 1454 1463 1489 ὡς
1478 1457 1569 1492 ὅμοιον
1582 1457 1648 1483 πᾶσι
1658 1461 1666 1470 ⁸
1683 1455 1771 1482 πάντα

943 1524 965 1554 α
981 1509 1035 1546 γὰρ
1050 1509 1078 1535 ἐν
1092 1506 1165 1542 αὐτῷ
1186 1506 1341 1533 συνίσταται
1352 1513 1358 1519 ⁸
1377 1503 1394 1540 ἢ
1408 1504 1445 1535 ὡς
1461 1503 1585 1539 ἀνόμοιον
1595 1511 1601 1517 ·
1619 1501 1695 1528 οὐδὲν
1717 1502 1771 1538 γάρ

984 1559 1042 1584 ἔστι
1055 1556 1108 1582 τῶν
1120 1554 1196 1581 ὅλων.

1019 1602 1070 1630 Διὰ
1084 1601 1143 1628 τῶν
1157 1598 1315 1634 ἀνομοίων.
1334 1598 1396 1624 Ὅτι
1407 1597 1441 1624 δι’
1460 1594 1560 1632 ὁμοίων
1575 1595 1622 1622 καὶ
1637 1593 1772 1630 ἀνομοίων

984 1649 1146 1676 πλάττονται
1170 1645 1194 1672 ot
1224 1643 1324 1670 τύπου
1352 1642 1400 1670 καὶ
1424 1642 1482 1674 πῶς
1509 1641 1689 1672 πλάττονται,
1718 1635 1771 1667 ὧδέ

984 1703 1051 1729 φησι
1068 1694 1102 1719 ²¹.

1008 1704 1158 1774 ηὗοτὲιμὲν
1171 1737 1212 1770 ὼς
1236 1736 1338 1770 λόγον.
1367 1734 1447 1760 Κατά
1460 1742 1486 1760 τι
1509 1733 1618 1767 λέγεται
1634 1732 1712 1767 λόγος
1726 1731 1775 1758 καὶ

984 1784 1046 1816 νοῦς
1061 1785 1075 1810 ὁ
1089 1782 1170 1814 Θεός⁸
1187 1782 1215 1807 ὲν
1226 1779 1266 1815 τῷ
1277 1789 1283 1795 ·
1301 1779 1348 1812 Τις
1365 1779 1439 1813 ἔγνω
1452 1777 1527 1804 νοῦν
1542 1776 1670 1810 Κυρίου;
1686 1775 1732 1801 καὶ
1746 1775 1775 1801 ἐν

984 1830 1024 1866 τῷ
1038 1838 1045 1845 ·
1065 1828 1120 1856 Καὶ
1144 1823 1263 1862 ἐγένετο
1284 1825 1375 1859 λόγος
1396 1822 1507 1856 Κιιρίου
1527 1821 1601 1854 πρὸς
1612 1819 1652 1853 μὲ
1666 1818 1773 1852 λέγων,

984 1865 1032 1905 καὶ
1048 1876 1081 1903 τὰ
1094 1876 1166 1911 ἑξῆς.
1184 1873 1334 1907 Λογιότητα
1347 1870 1376 1897 δέ
1389 1877 1468 1904 φησιν
1491 1868 1537 1894 ἐπὶ
1562 1866 1608 1893 τοῦ
1632 1865 1710 1897 Θεοῦ,
1727 1865 1776 1900 οὺχ

985 1925 1026 1952 ὅτι
1040 1922 1148 1957 λογικὸν
1173 1920 1244 1947 θέλει
1265 1917 1385 1954 δηλῶσαι
1409 1916 1455 1942 τὸν
1475 1914 1551 1945 Θεὸν,
1575 1913 1613 1944 ὡς
1629 1911 1777 1948 μετέχοντα

984 1970 1079 2004 λόγου·
1095 1967 1174 1994 τοῦτο
1196 1965 1251 2000 γὰρ
1278 1962 1420 1999 ἐμφαίνει·
1442 1960 1498 1987 ἁλλ’
1523 1959 1564 1985 ὅτι
1585 1957 1776 1993 αὐτολογιότης

986 2002 1070 2046 ἐστὶν,
1088 2013 1147 2043 ὅλος
1162 2011 1240 2045 λόγος
1255 2008 1307 2035 ὤν’
1324 2007 1416 2034 οὐσίαν
1438 2006 1466 2032 δὲ
1488 2005 1611 2039 λέγουσιν
1628 2003 1673 2030 ὲπὶ
1697 2002 1775 2033 Θεοῦ,

986 2063 1049 2089 ὅταν
1062 2059 1188 2086 εἴπωσινο
1212 2055 1287 2091 Ἐλβώ
1300 2055 1357 2089 εὶμι
1373 2055 1389 2080 ό
1403 2052 1454 2083 ὢν,
1474 2052 1520 2078 καὶ
1538 2052 1554 2078 ὁ
1567 2050 1609 2076 ὢν
1626 2049 1778 2077 ἀπέσταλ-

987 2109 1021 2136 κέ
1033 2101 1144 2143 μείσὺ
1159 2105 1192 2132 δὲ
1209 2106 1225 2132 ό
1241 2102 1332 2135 αὐτὸς
1364 2101 1405 2127 εἴ·
1427 2099 1481 2126 ἀπὸ
1504 2098 1558 2134 γὰρ
1573 2097 1620 2124 τοῦ
1635 2097 1712 2124 εἶναι
1731 2096 1779 2123 καὶ

987 2142 1039 2183 τοῦ
1060 2155 1148 2186 ὄντος
1175 2153 1192 2188 ἡ
1214 2150 1301 2182 οὖσα,
1326 2147 1373 2175 καὶ
1397 2146 1428 2173 τὸ
1457 2144 1622 2180 παράγωγον
1647 2142 1738 2170 οὐσία
1761 2143 1778 2178 ἡ

145 2204 202 2238 ipse
216 2212 244 2231 es
257 2209 282 2232 ιι.
295 2204 362 2231 Nam
379 2205 414 2232 ab
428 2201 496 2231 εἶναι
513 2208 540 2231 et
554 2203 631 2236 δντος
646 2203 677 2231 ﬁt
690 2200 758 2230 οὖσα
772 2206 799 2231 et
815 2203 878 2230 inde
893 2203 931 2231 de

993 2201 1120 2237 ὓπαρξις.

146 2250 258 2277 ducitur
272 2250 532 2281 obsimsubstantia.

183 2295 217 2322 Et
229 2296 321 2323 vitam.
338 2296 420 2330 Quod
435 2296 507 2324 Deus
524 2304 614 2332 neque
635 2296 702 2328 vita,
725 2300 814 2331 neque
835 2294 939 2327 lumen,

148 2350 237 2378 neque
260 2343 381 2371 essentia
408 2343 519 2378 proprie
548 2342 676 2376 dicatur;
693 2341 741 2369 sed
766 2347 814 2377 per
828 2341 939 2368 modum

148 2396 255 2416 causae:
274 2392 316 2416 est
331 2389 403 2416 enim
420 2397 503 2424 supra
521 2389 590 2421 haec,
603 2397 692 2424 neque
707 2388 780 2416 sicut
793 2387 860 2415 haec.

187 2434 454 2469 Invisibilemipsam.
469 2434 546 2468 Quod
562 2443 611 2470 per
633 2434 806 2470 negationem
822 2433 895 2460 dicta
906 2431 940 2460 de

149 2481 216 2515 Deo,
240 2482 313 2509 sicut
335 2480 486 2514 invisibilis,
500 2482 633 2517 infinitus,
653 2486 680 2508 et
695 2481 772 2513 talia,
796 2478 942 2508 dissimilia

151 2532 240 2562 sunt;
269 2528 411 2556 declarant
433 2528 518 2560 enim,
545 2536 599 2555 non
627 2527 701 2563 quod
727 2531 780 2559 est,
806 2526 854 2554 sed
877 2524 944 2552 illud

150 2573 223 2608 quod
240 2572 310 2600 Deus
324 2581 380 2600 non
392 2578 452 2606 est;
464 2572 501 2599 ita
519 2572 600 2600 etiam
613 2571 760 2608 Gregorius
773 2570 942 2604 Theologus.

187 2618 428 2655 Inintelligibilem,
444 2617 492 2646 Gr.
512 2619 636 2655 ἀνόητον.
654 2618 765 2645 Minime
786 2614 945 2651 intelligibi-

224 2699 237 2718 σ
251 2697 371 2732 Philipp.
389 2705 420 2731 ιι,
435 2697 463 2726 6.
495 2697 510 2717 ¹ι
523 2696 659 2728 Οοιοεεοι,
675 2695 718 2724 l5.

152 2737 167 2752 ιι
179 2732 252 2761 Psal.
267 2740 306 2765 cr,
324 2733 370 2760 28.

771 2694 779 2714 ί
798 2693 879 2721 Joan.
897 2699 954 2724 xiv,
972 2691 999 2718 9.
1047 2688 1059 2708 ὶι
1076 2687 1087 2715 l
1103 2687 1168 2715 Cor.
1181 2693 1212 2719 ιι,
1226 2684 1270 2711 16.

1025 2233 1081 2274 καί
1105 2243 1190 2278 ζωήν.
1218 2243 1280 2268 ’Ότι
1296 2239 1357 2267 οὔτε
1377 2238 1444 2273 ζωὴ,
1465 2236 1525 2263 οὔτε
1540 2235 1607 2270 φῶς,
1628 2234 1690 2261 οὕτε
1705 2233 1778 2266 νοῦς,

989 2293 1051 2320 οὕτε
1071 2291 1149 2318 οὐσία
1169 2288 1271 2325 κυρίως
1290 2287 1398 2320 λέγεται
1412 2286 1426 2311 ὁ
1440 2283 1524 2315 Θεός·
1549 2282 1605 2309 ἀλλ’
1632 2280 1779 2314 αἰτιολογι-

991 2340 1061 2372 κῶς·
1079 2336 1201 2372 ἔστιγὰρ
1212 2335 1258 2361 καὶ⁵
1274 2333 1344 2368 ὑπὲρ
1358 2330 1454 2362 ταῦτα,
1472 2330 1518 2356 καὶ
1528 2329 1576 2364 οὺχ
1589 2326 1632 2354 οἶα
1647 2327 1743 2354 ταῦτα.

1031 2385 1170 2418 Ἀόρατον
1183 2371 1288 2412 αὑτήν.
1301 2378 1361 2404 Ὅτι
1374 2376 1409 2403 τὰ
1418 2375 1487 2403 κατὰ
1500 2375 1635 2409 ἀπόφασιν
1648 2371 1780 2408 λεγόμενα

992 2432 1038 2459 ἐπὶ
1061 2429 1139 2461 Θεοῦ,
1156 2426 1211 2454 οἷον
1227 2426 1362 2460 ἀόρατος,
1381 2423 1518 2457 ἄπειρος,
1541 2421 1587 2448 καὶ
1604 2419 1639 2446 τὰ
1657 2419 1779 2450 τοιαῦτα,

994 2475 1108 2512 ἀνόμοιά
1135 2475 1201 2500 εἰσι·
1229 2470 1338 2507 δηλοῦσι
1369 2469 1422 2505 γὰρ
1449 2468 1479 2494 οὑ
1507 2467 1533 2493 τί
1558 2468 1643 2497 ἔστιν,
1666 2463 1734 2491 ἀλλὰ
1754 2463 1780 2489 τί

994 2511 1050 2550 οὐκί
1064 2521 1160 2548 ἐστινὸ
1177 2517 1254 2549 Θεός“
1270 2515 1341 2543 οὕτω
1355 2515 1402 2542 καὶ
1419 2514 1433 2540 ὁ
1448 2512 1570 2547 θεολόγος
1586 2511 1742 2546 Γρηγόριος.

1038 2610 1190 2643 Ἀνόητον.
1213 2604 1336 2641 ’Λνόητόν
1353 2610 1434 2640 φησιν
1450 2600 1481 2628 οὐ
1501 2600 1531 2627 τὸ
1543 2598 1654 2634 ἠλίθιον,
1675 2595 1742 2622 ἀλλὰ
1752 2595 1782 2621 τὸ

1322 2680 1400 2709 1Jer.
1420 2688 1441 2714 ι,
1456 2679 1484 2707 4.
1533 2682 1552 2694 ¹“
1569 2675 1654 2704 Exod.
1673 2683 1720 2709 Ill,
1738 2673 1781 2701 Η.

645 2793 762 2822 VARUS
780 2790 971 2821 LECTIONES
988 2789 1033 2819 ΕΤ
1051 2784 1329 2818 CORRECTIONES.

207 2867 228 2883 "
246 2865 330 2900 λέγει.
