1914 3063
158 179 188 207 ιι
493 178 523 207 S.
544 177 668 208 MAXIM]
687 177 835 207 SCHOLIA
853 177 887 206 IN
903 177 968 206 LIB.
986 176 1030 204 DE
1045 175 1208 205 C(ELESTI
1225 175 1446 204 HIERARCHIA.
1746 178 1783 206 42

157 235 196 272 μὴ
205 234 350 270 νοούμενον
360 234 413 262 ὑπό
431 243 518 267 τινος⁶
535 235 660 272 ἀόριστος
675 235 704 263 δὲ
720 236 736 263 ό
751 235 827 268 Θεὸς,
842 235 880 268 ὡς
891 235 943 272 ὅρῳ

998 233 1052 262 lem
1067 233 1144 267 dicit,
1159 233 1349 268 nomstultum,
1360 234 1409 262 sed
1418 241 1435 261 ι
1447 232 1523 261 nullo
1539 233 1724 262 intellectum:
1740 235 1783 263 in-

158 281 252 318 μηδενὶ
268 280 440 313 ὑποπίπτων,
459 281 516 308 ἀλλ’
538 282 618 314 αὐτὸς
644 282 752 309 πάντων
767 282 830 318 ὅρος
846 282 884 309 ὢν
898 282 946 309 καὶ

156 327 192 354 τὰ
205 326 295 353 πάντα
307 326 338 353 ἑν
353 326 441 362 ἑαυτῷ
457 326 565 363 ὁρίζων,
579 327 636 363 ὅρῳ
657 327 687 354 δὲ
709 327 759 363 οὐχ
778 327 926 355 ὑποπίπτει
936 336 943 343 ι

156 372 224 399 διότι
251 373 276 399 οἱ
294 372 344 408 μὲν
354 372 411 409 ὅροι
425 373 457 400 ὲκ
467 373 521 400 τῶν
536 373 715 408 καταφάσεων
729 373 886 408 σύγκεινται
895 381 902 389 ·
916 373 945 400 αἱ

156 418 185 445 δὲ
206 419 376 454 καταφάσεις
404 417 450 446 ἐπὶ
477 418 545 446 Θεοῦ
570 419 745 456 ἀνάρμοστοι,
759 419 797 452 ὡς
812 419 945 455 ψευδόμε-

156 474 216 492 ναι·
244 465 315 501 ὑπὲρ
340 464 394 501 γὰρ
415 464 516 498 ταύτας
535 465 550 493 ό
570 465 647 499 Θεὸς,
670 466 708 498 ὡς
729 466 780 493 οὐκ
804 466 842 493 ὢν
855 465 944 499 οὐσία,

157 510 214 538 ἀλλ’
228 511 298 547 ὑπὲρ
311 510 416 538 οὐσίαν.

192 602 228 629 At
241 601 418 636 ἀποφάσεις.
432 601 471 628 οὗ
484 600 563 637 μόνον
582 601 629 628 ἐπὶ
653 601 730 635 Θεοῦ,
747 601 816 630 ἀλλὰ
835 602 882 629 καὶ
897 602 945 630 ἐπὶ

158 646 214 673 τῶν
232 646 311 673 θείων
334 646 473 678 ἁπάντων,
497 646 636 674 τουτέστιν
653 647 700 674 ἐπὶ
722 647 776 674 τῶν
796 648 865 683 μετὰ
878 647 944 675 Θεὸν

157 693 260 728 νοητῶν
288 692 406 725 πάντων,
429 692 478 719 καὶ
496 693 549 726 τὰς
561 693 729 729 ἀποφάσεις
742 693 864 728 ἀληθεῖς
874 690 944 721 εἶναι

157 748 235 775 φησι,
250 740 297 767 καὶ
312 740 365 773 τὰς
383 738 566 774 καταφάσεῑς
589 739 796 774 ἀναρμοδίους.
815 740 944 776 Ἀναρμό-

157 786 212 813 διοι
229 786 277 822 μὲν
288 783 333 813 οὖν
345 786 412 813 είσιν
430 785 458 812 αἱ
473 784 650 820 καταφάσεις,
661 786 725 813 ὅταν
738 785 883 822 εῐπωμενῆ
898 785 944 813 τὸν

157 831 263 868 Θεδν,ἢ
277 831 327 864 τὰς
337 831 430 868 νοερὰς
441 832 578 868 δυνάμεις,
600 831 673 868 ζωὴν
691 832 708 867 ἢ
724 832 797 866 φῶς·
812 831 873 859 οὔτε
889 832 944 868 γὰρ

157 877 215 913 ζωὴ
224 877 341 913 ,τοιαύτη
359 878 402 909 τίς
424 877 508 910 ἐστιν,
533 878 572 910 ὡς
596 877 641 905 διὰ
662 878 801 910 ιῑσπνοίας
822 878 869 905 καὶ
895 879 943 905 ὲκ-

158 923 254 955 πνοίας
270 922 333 959 ζῇν·
346 922 407 949 οὕτε
418 922 476 958 φῶς
487 923 518 950 τὸ
531 923 691 959 φαινόμενον
705 923 752 950 καὶ
767 922 861 950 ποιοῦν
875 923 942 960 ὁρᾶ·
957 916 978 944 Β

159 968 220 996 σθαι
235 968 269 996 τὰ
283 969 464 1005 προκείμενα·
480 969 548 996 ἀλλὰ
558 969 693 1005 ἀνώτερόν
708 978 735 997 τι
747 969 858 997 τούτων.
871 969 903 996 Δί
914 969 943 997 δὲ

158 1015 310 1049 ἀποφάσεις
322 1016 350 1042 αἱ
363 1015 407 1042 διὰ
420 1015 561 1051 ἀρνήσεων
592 1015 684 1047 ποσῶς
703 1015 749 1042 ἐπὶ
765 1015 820 1042 τῶν
840 1015 943 1051 νοητῶν

158 1060 334 1096 οῑκειότεραι·
352 1061 468 1097 λέγομεν
485 1061 549 1098 γὰρ,
564 1062 606 1089 ἅτι
628 1061 748 1097 ἀόρατοι,
770 1062 817 1089 καὶ
834 1063 875 1089 ὃτι
893 1062 942 1098 οὐχ

157 1106 340 1134 ὑποπίπτουσι
359 1105 418 1142 θέᾳ,
434 1106 562 1142 νοοῦμεν·
577 1107 603 1134 τί
615 1107 645 1135 δέ
665 1109 739 1135 ἐστιν
758 1108 831 1136 αὐτὸ
846 1108 880 1135 τὸ
898 1107 942 1143 μὴ

157 1152 348 1187 φαινόμενον,
366 1152 429 1180 οὗτε
450 1152 696 1189 πολυπραγμονεῖν,
719 1153 781 1181 οὒτε
807 1155 942 1190 παριστᾷν

158 1197 257 1225 δοκεῐό
279 1197 371 1233 λόγος·
402 1199 491 1226 καίτοι
518 1198 550 1226 τὸ
576 1198 633 1235 ζωὴ
660 1199 708 1227 καὶ
723 1200 781 1235 φῶς
805 1200 878 1227 δοκεῖ
892 1208 942 1236 ση-

160 1244 264 1279 μαίνειν
281 1244 308 1271 τί
323 1245 392 1277 ἐστι,
408 1244 456 1272 καὶ
473 1243 560 1272 ταῦτα
580 1245 702 1282 μηδόλως
717 1245 813 1282 δηλοῦν
833 1246 861 1273 τί
883 1245 942 1273 ἐστι

158 1288 233 1322 Θεός.

196 1379 303 1414 Τιμῶσι
320 1379 486 1415 τοιγαροῦν.
499 1379 569 1416 Ὅρα
589 1379 648 1412 πῶς
663 1379 753 1412 καλῶς
772 1379 942 1416 ἀπελογήσα-

158 1432 198 1455 το,
214 1424 260 1452 διὰ
273 1425 301 1452 τί
315 1425 392 1458 ζώων
408 1426 517 1462 μνήμην
532 1426 589 1462 ἔχει
609 1425 644 1453 τὰ
664 1425 787 1461 οὐράνια,
803 1426 862 1461 ἢτοι
872 1427 943 1453 εικό-

159 1477 221 1501 νας·
234 1469 330 1507 ὥσπερ
342 1470 397 1506 γὰρ
409 1471 424 1497 ό
437 1470 484 1497 ἐπὶ
498 1471 605 1498 πάντων
620 1470 686 1502 Θεὸς
697 1470 772 1498 οὐδὲν
785 1471 814 1497 ὲν
829 1471 886 1502 τοῖς
895 1471 944 1498 ne

159 1523 201 1542 σιν
215 1514 272 1551 ἔχει
289 1515 428 1551 ὁμογενὲς,
451 1515 499 1543 καὶ
521 1516 566 1543 διὰ
578 1515 657 1543 τοῦτο
674 1516 785 1548 εἰκότως
797 1516 872 1542 οὐδὲν
888 1515 943 1543 τῶν

158 1561 267 1589 πάντων
282 1560 364 1589 αὐτοῦ
376 1563 433 1588 ἐστι
446 1562 608 1598 δηλωτικόν·
631 1561 698 1589 ἀλλὰ
713 1562 803 1589 λοιπὸν
817 1561 885 1599 ἄλλῃ
895 1569 943 1592 με·

158 1605 227 1643 θόδιρ
245 1607 433 1644 θεολογοῦμεν,
450 1608 585 1643 λέγοντες,
601 1609 628 1636 τί
641 1609 692 1636 οὐκ
709 1607 767 1635 ἔστι
788 1609 864 1643 Θεὸς,
874 1609 943 1644 ὕπερ

159 1653 237 1681 καλεῖ
248 1654 298 1682 διὰ
309 1654 369 1682 τῶν
381 1655 541 1690 ἀνομοίων·
566 1655 638 1682 οὕτω
659 1656 706 1683 καὶ
725 1655 772 1682 ἐπὶ
792 1655 846 1683 τῶν
861 1655 944 1692 οὐρα-

157 1699 223 1726 νίων
240 1700 391 1736 δυνάμεων,
405 1701 434 1728 αἳ
450 1701 518 1737 μετὰ
536 1701 602 1728 Θεόν
621 1702 685 1734 εἰσι,
701 1702 834 1738 τεχνικῶς
848 1703 943 1738 ἐποίη-

159 1753 209 1772 σαν
225 1746 249 1772 οἱ
261 1746 394 1781 θεολόγοι,
422 1747 514 1783 μηδενὶ
538 1747 592 1774 τῶν
617 1747 719 1783 νοητῶν
745 1747 830 1779 αὑτὰς
842 1747 943 1784 ὁμοιώ-

159 1797 255 1822 σαντες
265 1799 272 1806 ·
289 1791 346 1818 ἀλλ’
362 1792 396 1818 ὲκ
410 1791 464 1820 τῶν
486 1791 632 1828 αἰσθητῶν,
659 1792 730 1828 ᾇπερ
752 1792 830 1820 καλεί
843 1792 941 1827 ἄτιμα,

157 1835 209 1871 τήν
229 1836 331 1864 τούτων
354 1837 480 1870 λαόόντες
502 1838 660 1874 ἐμφέρειαν,
675 1837 754 1865 τοῦτο
770 1838 839 1874 πρὸς
860 1838 944 1874 τιμὴν

158 1881 248 1910 αὐτῶν
266 1883 454 1919 πεποιηκότες,
471 1883 515 1911 ἵνα
530 1884 739 1920 πλασματώδης,
756 1884 803 1911 καὶ
814 1883 864 1911 οὐκ
878 1884 943 1919 άλη-

159 1927 208 1964 θὴς
221 1928 333 1964 γένηται
353 1927 455 1956 τούτων
470 1930 487 1965 ὴ
509 1929 636 1966 μίμησις·
650 1930 674 1956 εί
686 1929 741 1966 γὰρ
757 1930 772 1956 ό
783 1929 943 1966 λεοντόμορ-

159 1983 208 2009 φος
221 1974 376 2010 λεγόμενος,
392 1975 439 2002 ml
462 1975 611 2008 πολύπους,
630 1976 677 2002 καὶ
700 1975 870 2012 πολύπτερός
886 1976 943 2003 ἐστι

159 2021 206 2047 καὶ
221 2020 347 2056 λογικὸς,
370 2021 418 2048 καὶ
437 2021 534 2054 ἇῦλος,
562 2021 621 2053 πῶς
640 2021 671 2049 οὑ
687 2021 775 2058 δῆλον,
795 2022 836 2049 ὅτι
859 2022 943 2057 ὑπερ-

160 2066 280 2102 κοσμίως
294 2066 465 2103 ὑπερϐέϐηκε
483 2067 517 2094 τὰ
534 2067 625 2100 ὑλικὰ,
641 2068 688 2094 καὶ
705 2068 769 2104 παρ’
788 2068 854 2104 ἡμῖν
869 2067 943 2095 νοού-

161 2120 248 2148 iuva;

194 2219 245 2252 Είς
254 2219 314 2254 μὲν
326 2218 381 2253 γὰρ
394 2218 448 2252 τὰς
460 2218 637 2254 τιμιωτέρας.
655 2218 720 2245 Ἰδοὺ
734 2217 781 2245 καὶ
795 2217 887 2253 ἕτερος
898 2217 942 2244 λο-

995 279 1123 307 deﬁnitus
1138 280 1210 307 enim
1224 283 1267 308 est
1279 278 1351 308 Deus
1362 284 1493 315 tanquam
1505 278 1574 307 nulli
1588 280 1706 308 termino
1717 281 1783 309 sub-

993 325 1095 361 jectus,
1121 325 1169 354 sed
1191 327 1251 361 ipse
1276 326 1411 354 terminus
1435 325 1557 353 omnium
1578 325 1725 358 exsistens,
1754 331 1783 355 et

995 374 1095 399 cuncta
1116 370 1146 398 in
1166 371 1258 406 seipse
1284 371 1453 404 tenuimus;
1468 370 1585 399 termino
1612 375 1703 399 autem
1726 379 1782 400 non

996 417 1152 453 subjicitur,
1167 418 1231 453 quia
1246 417 1355 446 termini
1372 425 1406 446 ex
1425 417 1650 446 aliirmationibus
1671 425 1783 454 compo-

994 467 1116 496 nuntur;
1130 462 1324 491 aﬂirmationes
1350 467 1441 492 autem
1467 464 1495 492 in
1525 463 1581 492 Deo
1600 464 1713 493 minime
1734 473 1783 494 co-

994 510 1083 544 aptari
1109 513 1234 545 possunt,
1246 513 1376 545 tanquam
1400 508 1495 542 falsae;
1511 518 1573 538 nam
1595 510 1645 539 has
1670 516 1782 547 superat

994 553 1076 588 Deus,
1092 560 1122 583 ut
1131 556 1178 591 qui
1197 563 1252 583 non
1264 556 1300 584 sit
1313 555 1442 590 essentia,
1453 556 1501 584 sed
1513 564 1598 592 supra
1617 558 1778 586 essentiam.

1029 601 1058 636 8
1077 601 1239 637 Negationes
1259 601 1373 637 quidem.
1399 600 1460 629 Non
1485 604 1592 629 tantum
1607 602 1635 630 in
1650 602 1716 633 Deo.
1732 603 1781 631 sed

994 647 1074 674 etiam
1089 647 1118 674 in
1133 647 1234 675 divinis
1249 647 1389 680 omnibus,
1403 646 1457 674 hoc
1473 650 1515 675 est
1530 647 1559 675 in
1573 648 1702 676 omnibus
1717 653 1781 684 post

995 692 1082 721 Deum
1108 693 1336 729 intelligibilibus,
1351 697 1378 721 et
1397 693 1546 729 negationes
1564 702 1640 722 eam
1657 701 1720 723 esse
1736 695 1781 722 in-

993 739 1062 775 quit,
1077 743 1100 767 et
1117 740 1301 775 afﬁrmatione:
1326 740 1434 767 minime
1458 743 1546 774 aptas.
1570 739 1669 776 Inepta!
1694 741 1779 777 igitur

993 783 1102 819 quidem
1125 788 1190 812 sunt
1214 783 1420 818 aiﬁrmationes,
1443 785 1552 820 quando
1567 786 1717 814 dixerimus
1731 793 1782 816 aut

993 831 1089 865 Deum,
1119 835 1166 859 aut
1189 831 1387 859 intellectuales
1414 831 1539 865 virtutes,
1555 832 1639 860 vitam
1662 837 1709 860 aut
1736 834 1779 861 lu-

993 884 1068 909 men;
1082 883 1172 912 neque
1184 876 1258 904 enim
1273 876 1327 904 vita
1347 876 1411 905 talis
1432 877 1555 912 quaedam
1566 881 1619 910 est,
1630 882 1660 905 ut
1672 886 1721 914 per
1735 879 1778 907 in-

993 923 1171 959 spirationcm
1199 926 1227 951 et
1241 923 1454 958 exspirationem
1476 924 1566 957 vivat;
1581 931 1670 960 neque
1684 925 1777 954 lumen

993 968 1066 1004 quod
1081 972 1202 1004 apparet,
1214 971 1242 996 et
1251 968 1325 1004 quod
1342 967 1407 996 facit
1423 968 1529 1004 objecta
1539 969 1625 998 videri
1637 979 1645 1003 ;
1660 970 1709 999 sed
1723 971 1776 998 ali-

992 1013 1059 1048 quid
1075 1013 1119 1041 his
1133 1013 1269 1048 superius.
1286 1012 1450 1049 Negationes
1474 1018 1576 1048 autem,
1589 1023 1651 1051 quae
1669 1024 1718 1051 per
1732 1017 1777 1044 in-

993 1059 1144 1088 ficiationes
1159 1059 1237 1092 ﬁunt,
1254 1063 1387 1095 quantum
1404 1060 1433 1087 in
1458 1060 1676 1097 intelligibilihus
1690 1063 1777 1097 magis

992 1105 1110 1141 propriae
1126 1109 1205 1138 sunt;
1221 1105 1338 1133 dicimus
1352 1105 1435 1138 enim,
1453 1105 1615 1137 invisibiles.
1630 1115 1720 1143 neque
1731 1116 1777 1136 ca-

992 1151 1058 1180 dere
1079 1151 1132 1179 sub
1157 1155 1298 1187 aspectum
1323 1152 1518 1189 intelligimus;
1535 1153 1603 1189 quid
1626 1161 1711 1189 porro
1737 1154 1776 1182 sit

992 1197 1078 1232 ipsum
1089 1205 1142 1225 non
1157 1205 1297 1232 apparens,
1312 1206 1402 1234 neque
1414 1199 1523 1227 curiose
1538 1207 1670 1235 quau-ere,
1687 1207 1777 1236 nomne

992 1242 1121 1271 exhibere
1137 1243 1259 1276 videtur;
1275 1244 1402 1280 quamvis
1416 1244 1482 1278 vita,
1502 1248 1529 1272 et
1544 1245 1646 1278 lumen,
1666 1245 1776 1274 videtur

991 1288 1158 1325 significare,
1174 1289 1240 1325 quid
1257 1290 1304 1323 sit,
1326 1293 1354 1318 et
1381 1290 1440 1318 haec
1458 1289 1527 1318 nihil
1554 1291 1666 1323 omnino
1683 1291 1777 1320 decla-

1007 1342 1065 1367 are,
1076 1334 1143 1370 quid
1158 1334 1196 1363 sit
1211 1334 1295 1363 Deus.

1027 1379 1209 1408 Condecorant
1225 1381 1314 1416 igitur.
1333 1380 1402 1409 Vide
1413 1381 1551 1417 quomodo
1563 1381 1677 1418 pulchre
1690 1383 1776 1411 rat-io-

992 1433 1054 1453 nem
1068 1425 1168 1454 dixerit
1190 1429 1301 1462 propter
1323 1427 1389 1462 quid
1409 1427 1532 1456 cmlestia
1555 1429 1715 1457 memoriam
1726 1429 1776 1458 ha-

992 1472 1073 1499 beant
1095 1472 1264 1505 animalium,
1298 1480 1348 1501 seu
1378 1473 1529 1509 imagines;
1543 1474 1774 1509 quemadmodum

992 1518 1075 1551 enim,
1091 1518 1163 1547 Deus
1182 1519 1319 1547 exsistens
1333 1520 1362 1547 in
1376 1519 1513 1553 omnibus,
1525 1520 1595 1548 nihil
1610 1520 1638 1548 in
1648 1522 1777 1550 omnibus

993 1563 1075 1591 habet
1085 1563 1208 1599 ejusdem
1225 1571 1318 1592 secum
1329 1563 1438 1600 generis
1448 1572 1457 1598 ;
1468 1563 1584 1600 ideoque
1593 1565 1692 1592 merito
1707 1565 1777 1593 nihil

993 1619 1082 1641 rerum
1098 1611 1232 1644 omnium,
1256 1614 1300 1639 est
1326 1610 1413 1646 ipsius
1433 1609 1637 1642 declarativum;
1645 1611 1693 1640 sed
1703 1615 1777 1647 post-

997 1664 1031 1685 ea
1054 1657 1107 1684 alia
1132 1656 1260 1685 methodo
1278 1655 1312 1684 de
1328 1655 1384 1684 Deo
1398 1655 1546 1691 loquimur.
1561 1656 1696 1689 dicentes,
1710 1656 1777 1691 quid

992 1709 1047 1730 non
1065 1702 1101 1730 sit
1115 1701 1204 1735 Deus;
1217 1702 1292 1737 quod
1315 1701 1443 1736 appellat,
1467 1709 1512 1735 per
1531 1701 1693 1734 dissimilia,-
1715 1709 1779 1737 quae

993 1751 1055 1783 post
1077 1746 1162 1774 Deum
1186 1750 1262 1778 sunt,
1286 1746 1394 1774 erudite
1418 1745 1542 1774 fecerunt
1557 1746 1688 1783 theologi,
1712 1754 1777 1778 cum

993 1793 1060 1821 nulli
1075 1792 1284 1828 intelligibilium
1297 1792 1371 1827 ipsas
1385 1792 1574 1820 assimilarunt
1584 1800 1592 1826 ;
1603 1792 1651 1821 sed
1665 1800 1699 1821 ex
1713 1800 1777 1821 sen-

992 1838 1129 1870 sibilibus,
1142 1845 1203 1872 qua
1216 1840 1295 1864 vocat
1306 1837 1380 1871 cilia,
1395 1836 1494 1865 harum
1514 1841 1656 1866 sumentes
1678 1838 1777 1867 simili-

993 1884 1124 1917 tudinem,
1137 1883 1189 1910 hoc
1200 1883 1233 1910 ad
1245 1883 1354 1910 illarum
1366 1882 1500 1912 .honorem
1511 1882 1646 1917 fecerunt,
1662 1889 1693 1912 ut
1704 1883 1777 1912 ﬁcti-

992 1931 1041 1964 tia,
1056 1933 1150 1968 etnon
1166 1936 1230 1957 vera
1242 1932 1316 1957 esset
1330 1929 1427 1957 horum
1451 1929 1582 1963 imitatio;
1598 1929 1623 1957 si
1637 1929 1711 1958 enim
1728 1931 1776 1966 qui

992 1976 1080 2004 leonis
1093 1975 1207 2004 formam
1228 1975 1332 2003 referre
1353 1975 1455 2003 dicitur
1469 1979 1496 2004 et
1509 1976 1647 2012 multipes,
1663 1981 1691 2005 et
1703 1978 1777 2005 mul-

993 2026 1035 2050 tas
1051 2029 1148 2057 gerens
1164 2021 1234 2053 alas,
1259 2025 1303 2049 est
1327 2021 1411 2050 etiam
1433 2021 1576 2049 rationalis
1594 2025 1623 2050 et
1651 2022 1777 2051 immate-

992 2069 1084 2102 rialis;
1098 2067 1235 2104 quomodo
1261 2075 1317 2095 non
1334 2071 1377 2095 est
1393 2066 1580 2100 manifestum,
1595 2075 1659 2096 eum
1682 2068 1774 2101 modo,

992 2115 1039 2150 qui
1050 2114 1152 2142 mundo
1166 2114 1227 2149 capi
1243 2118 1370 2149 nequeat,
1395 2113 1591 2141 transcendere
1609 2113 1773 2146 materialia.

992 2165 1020 2189 et
1029 2168 1061 2188 ea
1075 2168 1135 2196 qua:
1149 2167 1164 2187 a
1180 2159 1260 2187 nobis
1274 2159 1482 2194 intelliguntur?

1029 2205 1063 2233 In
1074 2205 1247 2233 nobilioribus
1257 2206 1337 2232 enim.
1359 2204 1428 2232 Ecce
1444 2204 1524 2231 aliam
1545 2211 1654 2239 quoque
1667 2204 1776 2232 ratioci-

158 2249 266 2300 ytopog,
275 2264 309 2291 δι’
320 2249 349 2290 έν
360 2249 501 2296 τοιαῦταις
509 2249 664 2299 ὁμοιότησιν
679 2264 696 2300 ἠ
706 2263 801 2299 Γραφὴ
815 2249 942 2299 περὶτῶν

996 2251 1142 2283 nationem,
1152 2254 1261 2286 propter
1276 2257 1357 2285 quam
1378 2249 1520 2284 Scriptura
1531 2250 1631 2279 talibus
1647 2250 1776 2279 similitu-

158 2308 291 2345 οὐρανίων
314 2309 462 2345 ἐχρήσατο·
485 2310 510 2336 εί
534 2308 588 2344 γὰρ
612 2308 783 2344 τιμιωτέροις
808 2307 944 2344 ἐχρήσατο

159 2354 326 2390 πλάσμασιν,
349 2352 404 2381 οἷον
415 2355 590 2391 χρυσοειδεϊς,
606 2353 624 2390 ἢ
640 2353 874 2389 ὲξαστράπτοντας
899 2352 942 2380 λέ-

159 2409 245 2435 γουσα
260 2398 329 2428 εἶναι
344 2400 394 2433 τὰς
410 2400 484 2432 θείας
499 2400 637 2436 δυνάμεις,
652 2400 761 2432 πάντως
774 2399 807 2427 ἂν
822 2399 944 2435 ἐπείσθη-

160 2455 209 2473 σαν
219 2447 244 2473 οί
256 2446 400 2478 ἀκούοντες
407 2447 439 2473 ὲκ
447 2446 501 2473 τῶν
514 2445 589 2482 παρὰ
603 2445 755 2481 ἀνθρώποις
775 2445 944 2481 τιμιωτέρων

158 2492 189 2518 τὸ
202 2492 296 2519 πιστὸν
308 2492 504 2528 λαμᾱξνοντες·
520 2492 567 2519 νῦν
583 2492 612 2519 δὲ
629 2491 664 2519 τὰ
677 2491 882 2527 ἀπεμφαίνοντα
897 2491 944 2518 καὶ

160 2539 275 2575 αἰσχρὰς
290 2538 396 2571 εἰκόνας
411 2538 602 2575 ¹ιιςαριενιέλαιὸεν,
620 2538 673 2571 Eva,
696 2537 817 2574 ἀκριϐῶς
833 2537 942 2568 ειδότες,

159 2585 200 2612 ὃτι
209 2585 259 2612 οὐκ
272 2585 325 2612 εἰσὶ
332 2584 368 2612 τὰ
379 2585 502 2618 τοιαῦτα,
513 2584 674 2621 ζητήσωμεν
685 2583 736 2620 τὴν
751 2583 880 2620 ἀλήθειαν
890 2582 943 2609 τῶν

159 2629 253 2658 ὅντων.

203 2720 357 2754 nemo
375 2722 407 2748 Ai
421 2721 475 2757 γὰρ
492 2721 636 2758 λεγόμεναι
654 2722 738 2758 πυρὸς
763 2720 860 2756 φλόγες
874 2719 943 2747 θεῖαι

158 2766 249 2793 οὐσίαι
264 2766 295 2793 οὐ
314 2768 469 2800 καυστικαὶ,
481 2767 549 2795 ἀλλὰ
560 2767 671 2800 ζωτικαί
686 2767 765 2795 εἰσιν.
813 2765 816 2768 ’

195 2857 338 2891 Alcm.
355 2856 418 2888 Πῶς
435 2856 489 2892 γὰρ
502 2857 553 2883 οὐκ
566 2856 679 2893 αἰσχρὸν
698 2855 730 2884 τὸ
743 2855 773 2889 ἐξ
788 2854 889 2883 ὗλικῶν
902 2852 944 2882 εἴ·

161 2910 205 2928 ναι
217 2901 252 2929 τὰ
266 2901 387 2938 σύμϐολα
400 2900 466 2937 [τῶν
484 2900 615 2937 νοητῶν];

320 2947 457 2979 Panos.
476 2947 535 2979 Gn.
560 2947 614 2979 iV.

994 2297 1104 2325 dinibus
1129 2296 1159 2324 in
1179 2296 1337 2324 coelestibus
1352 2303 1402 2324 usa
1419 2295 1518 2329 fuerit;
1539 2297 1562 2323 si
1573 2296 1675 2325 etenim
1697 2298 1776 2326 nobi-

993 2343 1109 2371 lioribus
1124 2350 1173 2370 usa
1191 2342 1289 2370 fuisset
1304 2341 1471 2376 ﬁctionibus,
1488 2342 1570 2375 sicut,
1584 2341 1646 2370 auri
1656 2343 1776 2378 speciem

993 2389 1153 2422 referentes,
1183 2394 1230 2416 aut
1250 2388 1411 2425 eﬂulgentes
1430 2388 1556 2417 homines
1570 2389 1720 2417 asserendo
1734 2389 1777 2418 di-

992 2436 1071 2464 vinas
1088 2435 1393 2469 virtutes;audientes,
1419 2442 1534 2470 prorsus
1560 2435 1685 2470 persuasi
1707 2435 1779 2465 fuis-

993 2486 1064 2514 sent,
1080 2481 1269 2510 credulitatem
1283 2489 1316 2510 ει
1331 2481 1366 2510 iis
1380 2488 1442 2517 quae
1455 2481 1527 2509 inter
1538 2481 1665 2512 homines
1689 2482 1779 2508 maxio

993 2527 1031 2555 mi
1047 2531 1112 2556 sunt
1132 2527 1225 2563 pretii,
1252 2527 1440 2562 accipientes;
1456 2534 1531 2555 nunc
1556 2530 1658 2559 autem,
1671 2533 1704 2554 ea
1716 2534 1778 2562 quae

993 2573 1106 2602 minime
1121 2577 1329 2609 repraesentant,
1343 2577 1371 2601 et
1394 2576 1489 2608 turpes
1512 2573 1645 2608 imagines
1666 2572 1776 2608 adjecit,

993 2623 1024 2647 ut
1038 2621 1156 2654 perfecte
1164 2619 1293 2654 scientes,
1308 2619 1382 2655 quod
1403 2627 1459 2647 non
1472 2619 1529 2647 sint
1540 2619 1616 2651 talia,
1628 2625 1721 2647 rerum
1736 2625 1776 2645 ve-

994 2666 1101 2694 ritatem
1115 2666 1284 2702 indagemus.

1029 2712 1150 2740 Innoatie.
1171 2713 1237 2746 Quae
1259 2711 1333 2740 enim
1358 2711 1487 2740 dicuntur
1501 2711 1572 2748 ignis
1589 2711 1715 2742 ﬂammae,
1734 2708 1776 2736 di-

993 2760 1065 2789 vinas
1086 2759 1255 2793 substantiae,
1283 2765 1340 2787 non
1363 2758 1565 2791 combustivae.
1591 2758 1639 2786 sed
1662 2756 1776 2785 viviﬁcae

993 2808 1068 2833 sunt.

1027 2850 1056 2887 9
1070 2850 1213 2879 Indecoria.
1228 2851 1371 2886 Quomodo
1388 2851 1461 2879 enim
1481 2857 1534 2877 non
1554 2853 1644 2884 turpe,
1664 2856 1697 2876 ex
1716 2855 1777 2875 ma-

995 2897 1134 2927 terialibus
1148 2902 1275 2927 constare
1291 2898 1368 2932 signa
1384 2897 1487 2930 [rerum
1503 2894 1731 2924 intellectiliuml?

1690 2978 1711 2986 -,
