  <div class='ocr_page' id='page_1' title='image "/cluster/home/n/w/nwhite01/storage/ocr_20150623/4/njp.32101010944526/029.png"; bbox 0 0 1925 3060; ppageno 0'>
   <div class='ocr_carea' id='block_1_1' title="bbox 159 2120 163 2134">
    <p class='ocr_par' dir='ltr' id='par_1_1' title="bbox 159 2120 163 2134">
     <span class='ocr_line' id='line_1_1' title="bbox 159 2120 163 2134; baseline 0 0"><span class='ocrx_word' id='word_1_1' title='bbox 159 2120 163 2134; x_wconf 78' lang='lat' dir='ltr'><strong>i</strong></span> 
     </span>
    </p>
   </div>
   <div class='ocr_carea' id='block_1_2' title="bbox 189 132 225 160">
    <p class='ocr_par' dir='ltr' id='par_1_2' title="bbox 189 132 225 160">
     <span class='ocr_line' id='line_1_2' title="bbox 189 132 225 160; baseline 0 0"><span class='ocrx_word' id='word_1_2' title='bbox 189 132 225 160; x_wconf 72' lang='grc'><strong>45</strong></span> 
     </span>
    </p>
   </div>
   <div class='ocr_carea' id='block_1_3' title="bbox 578 126 1406 157">
    <p class='ocr_par' dir='ltr' id='par_1_3' title="bbox 578 126 1406 157">
     <span class='ocr_line' id='line_1_3' title="bbox 578 126 1406 157; baseline 0.001 -1"><span class='ocrx_word' id='word_1_3' title='bbox 578 127 751 156; x_wconf 77' lang='lat' dir='ltr'><strong>APPENDIX</strong></span> <span class='ocrx_word' id='word_1_4' title='bbox 766 127 812 155; x_wconf 79' lang='lat' dir='ltr'><strong>AD</strong></span> <span class='ocrx_word' id='word_1_5' title='bbox 828 127 941 156; x_wconf 82' lang='lat' dir='ltr'><strong>OPERA</strong></span> <span class='ocrx_word' id='word_1_6' title='bbox 958 127 987 157; x_wconf 89' lang='lat' dir='ltr'><strong>S.</strong></span> <span class='ocrx_word' id='word_1_7' title='bbox 1004 126 1150 157; x_wconf 76' lang='lat' dir='ltr'><strong>DIONYSII</strong></span> <span class='ocrx_word' id='word_1_8' title='bbox 1166 128 1406 157; x_wconf 67' lang='lat' dir='ltr'><strong>AREOPAGITAE.</strong></span> 
     </span>
    </p>
   </div>
   <div class='ocr_carea' id='block_1_4' title="bbox 1778 129 1813 156">
    <p class='ocr_par' dir='ltr' id='par_1_4' title="bbox 1778 129 1813 156">
     <span class='ocr_line' id='line_1_4' title="bbox 1778 129 1813 156; baseline 0 0"><span class='ocrx_word' id='word_1_9' title='bbox 1778 129 1813 156; x_wconf 73' lang='grc' dir='ltr'><strong>ιι</strong></span> 
     </span>
    </p>
   </div>
   <div class='ocr_carea' id='block_1_5' title="bbox 226 183 974 222">
    <p class='ocr_par' dir='ltr' id='par_1_5' title="bbox 226 184 974 222">
     <span class='ocr_line' id='line_1_5' title="bbox 226 184 974 222; baseline -0.004 -8"><span class='ocrx_word' id='word_1_10' title='bbox 226 185 392 222; x_wconf 74' lang='lat' dir='ltr'><strong>Spectacula,</strong></span> <span class='ocrx_word' id='word_1_11' title='bbox 408 184 458 213; x_wconf 80' lang='lat' dir='ltr'><strong>Gr.</strong></span> <span class='ocrx_word' id='word_1_12' title='bbox 475 184 608 220; x_wconf 79' lang='grc' dir='ltr'>θεάματα.</span> <span class='ocrx_word' id='word_1_13' title='bbox 624 184 755 220; x_wconf 83' lang='grc' dir='ltr'>Θεάματα</span> <span class='ocrx_word' id='word_1_14' title='bbox 769 184 899 212; x_wconf 78' lang='lat' dir='ltr'><strong>dicuntur</strong></span> <span class='ocrx_word' id='word_1_15' title='bbox 918 191 974 220; x_wconf 69' lang='lat' dir='ltr'><strong>quae</strong></span> 
     </span>
    </p>
   </div>
   <div class='ocr_carea' id='block_1_6' title="bbox 1028 183 1813 222">
    <p class='ocr_par' dir='ltr' id='par_1_6' title="bbox 1064 183 1813 222">
     <span class='ocr_line' id='line_1_6' title="bbox 1064 183 1813 222; baseline 0 -10"><span class='ocrx_word' id='word_1_16' title='bbox 1064 184 1207 220; x_wconf 80' lang='grc' dir='ltr'>Θεάματα.</span> <span class='ocrx_word' id='word_1_17' title='bbox 1230 185 1358 222; x_wconf 83' lang='grc' dir='ltr'>Θεάματα</span> <span class='ocrx_word' id='word_1_18' title='bbox 1380 185 1503 220; x_wconf 80' lang='grc' dir='ltr'>λέγονται</span> <span class='ocrx_word' id='word_1_19' title='bbox 1521 183 1557 211; x_wconf 75' lang='grc' dir='ltr'><strong>τὰ</strong></span> <span class='ocrx_word' id='word_1_20' title='bbox 1579 183 1648 220; x_wconf 79' lang='grc' dir='ltr'>μετὰ</span> <span class='ocrx_word' id='word_1_21' title='bbox 1676 184 1813 221; x_wconf 75' lang='grc' dir='ltr'><strong>θαύματος</strong></span> 
     </span>
    </p>
   </div>
   <div class='ocr_carea' id='block_1_7' title="bbox 190 231 598 261">
    <p class='ocr_par' dir='ltr' id='par_1_7' title="bbox 190 231 598 261">
     <span class='ocr_line' id='line_1_7' title="bbox 190 231 598 261; baseline -0.007 0"><span class='ocrx_word' id='word_1_22' title='bbox 190 241 253 261; x_wconf 90' lang='lat' dir='ltr'><strong>cum</strong></span> <span class='ocrx_word' id='word_1_23' title='bbox 267 231 450 260; x_wconf 81' lang='lat' dir='ltr'><strong>admiratione</strong></span> <span class='ocrx_word' id='word_1_24' title='bbox 461 231 598 259; x_wconf 79' lang='lat' dir='ltr'><strong>videntur.</strong></span> 
     </span>
    </p>
   </div>
   <div class='ocr_carea' id='block_1_8' title="bbox 225 275 975 315">
    <p class='ocr_par' dir='ltr' id='par_1_8' title="bbox 225 275 975 315">
     <span class='ocr_line' id='line_1_8' title="bbox 225 275 975 315; baseline -0.005 -9"><span class='ocrx_word' id='word_1_25' title='bbox 225 279 239 315; x_wconf 84' lang='lat'><strong>§</strong></span> <span class='ocrx_word' id='word_1_26' title='bbox 257 278 303 307; x_wconf 80' lang='lat' dir='ltr'><strong>IV.</strong></span> <span class='ocrx_word' id='word_1_27' title='bbox 324 277 465 313; x_wconf 72' lang='lat' dir='ltr'><strong>Siquidem</strong></span> <span class='ocrx_word' id='word_1_28' title='bbox 479 277 589 312; x_wconf 71' lang='lat' dir='ltr'><strong>aﬁ&#39;ectus</strong></span> <span class='ocrx_word' id='word_1_29' title='bbox 612 277 670 304; x_wconf 66' lang='lat' dir='ltr'><strong>ira.</strong></span> <span class='ocrx_word' id='word_1_30' title='bbox 693 275 771 310; x_wconf 84' lang='lat' dir='ltr'><strong>Quod</strong></span> <span class='ocrx_word' id='word_1_31' title='bbox 792 283 849 304; x_wconf 89' lang='lat' dir='ltr'><strong>non</strong></span> <span class='ocrx_word' id='word_1_32' title='bbox 871 275 975 311; x_wconf 83' lang='lat' dir='ltr'><strong>simpli-</strong></span> 
     </span>
    </p>
   </div>
   <div class='ocr_carea' id='block_1_9' title="bbox 190 322 975 358">
    <p class='ocr_par' dir='ltr' id='par_1_9' title="bbox 190 322 975 358">
     <span class='ocr_line' id='line_1_9' title="bbox 190 322 975 358; baseline -0.004 -6"><span class='ocrx_word' id='word_1_33' title='bbox 190 325 259 353; x_wconf 88' lang='lat' dir='ltr'><strong>citer</strong></span> <span class='ocrx_word' id='word_1_34' title='bbox 276 323 615 358; x_wconf 83' lang='lat' dir='ltr'><strong>rationabilitatisplenus</strong></span> <span class='ocrx_word' id='word_1_35' title='bbox 638 322 675 350; x_wconf 89' lang='lat' dir='ltr'><strong>sit</strong></span> <span class='ocrx_word' id='word_1_36' title='bbox 703 322 849 350; x_wconf 90' lang='lat' dir='ltr'><strong>irascibilis</strong></span> <span class='ocrx_word' id='word_1_37' title='bbox 870 326 975 356; x_wconf 83' lang='lat' dir='ltr'><strong>motus,</strong></span> 
     </span>
    </p>
   </div>
   <div class='ocr_carea' id='block_1_10' title="bbox 190 369 975 404">
    <p class='ocr_par' dir='ltr' id='par_1_10' title="bbox 190 369 975 404">
     <span class='ocr_line' id='line_1_10' title="bbox 190 369 975 404; baseline -0.004 -5"><span class='ocrx_word' id='word_1_38' title='bbox 190 371 237 400; x_wconf 86' lang='lat' dir='ltr'><strong>sed</strong></span> <span class='ocrx_word' id='word_1_39' title='bbox 244 370 461 398; x_wconf 85' lang='lat' dir='ltr'><strong>inirrationabili</strong></span> <span class='ocrx_word' id='word_1_40' title='bbox 474 374 588 402; x_wconf 87' lang='lat' dir='ltr'><strong>natura;</strong></span> <span class='ocrx_word' id='word_1_41' title='bbox 602 369 743 404; x_wconf 72' lang='lat' dir='ltr'><strong>legendum</strong></span> <span class='ocrx_word' id='word_1_42' title='bbox 753 375 795 397; x_wconf 85' lang='lat' dir='ltr'><strong>est</strong></span> <span class='ocrx_word' id='word_1_43' title='bbox 807 372 975 404; x_wconf 84' lang='lat' dir='ltr'><strong>postremum</strong></span> 
     </span>
    </p>
   </div>
   <div class='ocr_carea' id='block_1_11' title="bbox 188 415 981 453">
    <p class='ocr_par' dir='ltr' id='par_1_11' title="bbox 188 415 981 453">
     <span class='ocr_line' id='line_1_11' title="bbox 188 415 981 453; baseline -0.006 -7"><span class='ocrx_word' id='word_1_44' title='bbox 188 418 272 453; x_wconf 82' lang='lat' dir='ltr'><strong>huius</strong></span> <span class='ocrx_word' id='word_1_45' title='bbox 287 417 350 445; x_wconf 87' lang='lat' dir='ltr'><strong>libri</strong></span> <span class='ocrx_word' id='word_1_46' title='bbox 365 420 458 452; x_wconf 84' lang='lat' dir='ltr'><strong>caput,</strong></span> <span class='ocrx_word' id='word_1_47' title='bbox 474 416 521 443; x_wconf 90' lang='lat' dir='ltr'><strong>ubi</strong></span> <span class='ocrx_word' id='word_1_48' title='bbox 533 418 635 443; x_wconf 85' lang='lat' dir='ltr'><strong>tractat</strong></span> <span class='ocrx_word' id='word_1_49' title='bbox 650 415 684 443; x_wconf 90' lang='lat' dir='ltr'><strong>de</strong></span> <span class='ocrx_word' id='word_1_50' title='bbox 697 415 803 443; x_wconf 83' lang='lat' dir='ltr'><strong>visione</strong></span> <span class='ocrx_word' id='word_1_51' title='bbox 816 418 981 447; x_wconf 84' lang='lat' dir='ltr'><strong>sanctorum-</strong></span> 
     </span>
    </p>
   </div>
   <div class='ocr_carea' id='block_1_12' title="bbox 189 459 982 497">
    <p class='ocr_par' dir='ltr' id='par_1_12' title="bbox 189 459 982 497">
     <span class='ocr_line' id='line_1_12' title="bbox 189 459 982 497; baseline -0.006 -5"><span class='ocrx_word' id='word_1_52' title='bbox 189 463 354 497; x_wconf 60' lang='lat' dir='ltr'><strong>cherubim;</strong></span> <span class='ocrx_word' id='word_1_53' title='bbox 368 462 424 490; x_wconf 88' lang='lat' dir='ltr'><strong>illic</strong></span> <span class='ocrx_word' id='word_1_54' title='bbox 438 461 609 489; x_wconf 55' lang='lat' dir='ltr'><strong>enim&#39;etiam</strong></span> <span class='ocrx_word' id='word_1_55' title='bbox 624 460 682 488; x_wconf 65' lang='lat' dir='ltr'><strong>haec</strong></span> <span class='ocrx_word' id='word_1_56' title='bbox 696 461 789 488; x_wconf 85' lang='lat' dir='ltr'><strong>omnia</strong></span> <span class='ocrx_word' id='word_1_57' title='bbox 807 459 867 488; x_wconf 83' lang='lat' dir='ltr'><strong>fuse</strong></span> <span class='ocrx_word' id='word_1_58' title='bbox 885 461 982 496; x_wconf 15' lang='lat' dir='ltr'><strong>expia-t</strong></span> 
     </span>
    </p>
   </div>
   <div class='ocr_carea' id='block_1_13' title="bbox 189 513 346 539">
    <p class='ocr_par' dir='ltr' id='par_1_13' title="bbox 189 513 346 539">
     <span class='ocr_line' id='line_1_13' title="bbox 189 513 346 539; baseline -0.006 0"><span class='ocrx_word' id='word_1_59' title='bbox 189 514 255 539; x_wconf 85' lang='lat' dir='ltr'><strong>nata</strong></span> <span class='ocrx_word' id='word_1_60' title='bbox 272 513 346 538; x_wconf 88' lang='lat' dir='ltr'><strong>sunt.</strong></span> 
     </span>
    </p>
   </div>
   <div class='ocr_carea' id='block_1_14' title="bbox 226 551 975 590">
    <p class='ocr_par' dir='ltr' id='par_1_14' title="bbox 226 551 975 590">
     <span class='ocr_line' id='line_1_14' title="bbox 226 551 975 590; baseline -0.007 -6"><span class='ocrx_word' id='word_1_61' title='bbox 226 556 303 584; x_wconf 78' lang='lat' dir='ltr'><strong>Nihil</strong></span> <span class='ocrx_word' id='word_1_62' title='bbox 317 564 417 588; x_wconf 67' lang='lat' dir='ltr'><strong>eorum;</strong></span> <span class='ocrx_word' id='word_1_63' title='bbox 432 562 491 590; x_wconf 79' lang='lat' dir='ltr'><strong>qua:</strong></span> <span class='ocrx_word' id='word_1_64' title='bbox 505 554 645 581; x_wconf 71' lang='lat' dir='ltr'><strong>exsistunt.</strong></span> <span class='ocrx_word' id='word_1_65' title='bbox 658 552 738 585; x_wconf 77' lang='lat' dir='ltr'><strong>Nota,</strong></span> <span class='ocrx_word' id='word_1_66' title='bbox 754 553 858 580; x_wconf 88' lang='lat' dir='ltr'><strong>nullum</strong></span> <span class='ocrx_word' id='word_1_67' title='bbox 872 551 975 580; x_wconf 88' lang='lat' dir='ltr'><strong>entium</strong></span> 
     </span>
    </p>
   </div>
   <div class='ocr_carea' id='block_1_15' title="bbox 189 598 976 638">
    <p class='ocr_par' dir='ltr' id='par_1_15' title="bbox 189 598 976 638">
     <span class='ocr_line' id='line_1_15' title="bbox 189 598 976 638; baseline -0.008 -8"><span class='ocrx_word' id='word_1_68' title='bbox 189 603 325 638; x_wconf 82' lang='lat' dir='ltr'><strong>privatum</strong></span> <span class='ocrx_word' id='word_1_69' title='bbox 335 609 398 629; x_wconf 87' lang='lat' dir='ltr'><strong>esse</strong></span> <span class='ocrx_word' id='word_1_70' title='bbox 412 599 621 636; x_wconf 73' lang='lat' dir='ltr'><strong>participatione</strong></span> <span class='ocrx_word' id='word_1_71' title='bbox 634 599 716 632; x_wconf 87' lang='lat' dir='ltr'><strong>boni;</strong></span> <span class='ocrx_word' id='word_1_72' title='bbox 728 598 877 626; x_wconf 90' lang='lat' dir='ltr'><strong>notandum</strong></span> <span class='ocrx_word' id='word_1_73' title='bbox 892 598 976 633; x_wconf 81' lang='lat' dir='ltr'><strong>igitur</strong></span> 
     </span>
    </p>
   </div>
   <div class='ocr_carea' id='block_1_16' title="bbox 189 643 975 683">
    <p class='ocr_par' dir='ltr' id='par_1_16' title="bbox 189 643 975 683">
     <span class='ocr_line' id='line_1_16' title="bbox 189 643 975 683; baseline -0.008 -7"><span class='ocrx_word' id='word_1_74' title='bbox 189 651 232 676; x_wconf 81' lang='lat' dir='ltr'><strong>est</strong></span> <span class='ocrx_word' id='word_1_75' title='bbox 246 647 489 683; x_wconf 76' lang='lat' dir='ltr'><strong>quid-intelligatur</strong></span> <span class='ocrx_word' id='word_1_76' title='bbox 499 646 540 673; x_wconf 81' lang='lat' dir='ltr'><strong>ira</strong></span> <span class='ocrx_word' id='word_1_77' title='bbox 561 645 589 672; x_wconf 91' lang='lat' dir='ltr'><strong>in</strong></span> <span class='ocrx_word' id='word_1_78' title='bbox 604 645 849 677; x_wconf 83' lang='lat' dir='ltr'><strong>irrationabilibus,</strong></span> <span class='ocrx_word' id='word_1_79' title='bbox 867 647 895 671; x_wconf 90' lang='lat' dir='ltr'><strong>et</strong></span> <span class='ocrx_word' id='word_1_80' title='bbox 909 643 975 678; x_wconf 90' lang='lat' dir='ltr'><strong>quid</strong></span> 
     </span>
    </p>
   </div>
   <div class='ocr_carea' id='block_1_17' title="bbox 189 690 980 726">
    <p class='ocr_par' dir='ltr' id='par_1_17' title="bbox 189 690 980 726">
     <span class='ocr_line' id='line_1_17' title="bbox 189 690 980 726; baseline -0.006 -5"><span class='ocrx_word' id='word_1_81' title='bbox 189 694 218 721; x_wconf 87' lang='lat' dir='ltr'><strong>in</strong></span> <span class='ocrx_word' id='word_1_82' title='bbox 251 692 473 724; x_wconf 86' lang='lat' dir='ltr'><strong>rationabilibus-;</strong></span> <span class='ocrx_word' id='word_1_83' title='bbox 497 695 524 718; x_wconf 83' lang='lat' dir='ltr'><strong>et</strong></span> <span class='ocrx_word' id='word_1_84' title='bbox 546 690 614 726; x_wconf 86' lang='lat' dir='ltr'><strong>quid</strong></span> <span class='ocrx_word' id='word_1_85' title='bbox 638 694 816 726; x_wconf 84' lang='lat' dir='ltr'><strong>utrorumque</strong></span> <span class='ocrx_word' id='word_1_86' title='bbox 844 691 980 725; x_wconf 86' lang='lat' dir='ltr'><strong>concupi--</strong></span> 
     </span>
    </p>
   </div>
   <div class='ocr_carea' id='block_1_18' title="bbox 190 740 304 768">
    <p class='ocr_par' dir='ltr' id='par_1_18' title="bbox 190 740 304 768">
     <span class='ocr_line' id='line_1_18' title="bbox 190 740 304 768; baseline -0.018 0"><span class='ocrx_word' id='word_1_87' title='bbox 190 740 304 768; x_wconf 70' lang='lat' dir='ltr'><strong>licentia;</strong></span> 
     </span>
    </p>
   </div>
   <div class='ocr_carea' id='block_1_19' title="bbox 225 781 977 818">
    <p class='ocr_par' dir='ltr' id='par_1_19' title="bbox 225 781 977 818">
     <span class='ocr_line' id='line_1_19' title="bbox 225 781 977 818; baseline -0.007 -5"><span class='ocrx_word' id='word_1_88' title='bbox 225 785 373 813; x_wconf 83' lang='lat' dir='ltr'><strong>Rationem.</strong></span> <span class='ocrx_word' id='word_1_89' title='bbox 397 784 552 812; x_wconf 74' lang='lat' dir='ltr'><strong>Notandum</strong></span> <span class='ocrx_word' id='word_1_90' title='bbox 567 783 640 818; x_wconf 88' lang='lat' dir='ltr'><strong>quod</strong></span> <span class='ocrx_word' id='word_1_91' title='bbox 656 781 738 810; x_wconf 89' lang='lat' dir='ltr'><strong>etiam</strong></span> <span class='ocrx_word' id='word_1_92' title='bbox 760 781 788 808; x_wconf 91' lang='lat' dir='ltr'><strong>in</strong></span> <span class='ocrx_word' id='word_1_93' title='bbox 804 781 907 816; x_wconf 76' lang='lat' dir='ltr'><strong>angelis</strong></span> <span class='ocrx_word' id='word_1_94' title='bbox 931 789 977 808; x_wconf 93' lang='lat' dir='ltr'><strong>ra-</strong></span> 
     </span>
    </p>
   </div>
   <div class='ocr_carea' id='block_1_20' title="bbox 190 829 977 866">
    <p class='ocr_par' dir='ltr' id='par_1_20' title="bbox 190 829 977 866">
     <span class='ocr_line' id='line_1_20' title="bbox 190 829 977 866; baseline -0.006 -6"><span class='ocrx_word' id='word_1_95' title='bbox 190 833 290 861; x_wconf 79' lang='lat' dir='ltr'><strong>tionem</strong></span> <span class='ocrx_word' id='word_1_96' title='bbox 304 832 391 864; x_wconf 84' lang='lat' dir='ltr'><strong>dicat;</strong></span> <span class='ocrx_word' id='word_1_97' title='bbox 407 831 455 859; x_wconf 91' lang='lat' dir='ltr'><strong>sed</strong></span> <span class='ocrx_word' id='word_1_98' title='bbox 473 839 531 866; x_wconf 70' lang='lat' dir='ltr'><strong>qum</strong></span> <span class='ocrx_word' id='word_1_99' title='bbox 552 829 693 857; x_wconf 76' lang='lat' dir='ltr'><strong>demulcert&#39;</strong></span> <span class='ocrx_word' id='word_1_100' title='bbox 712 833 832 863; x_wconf 83' lang='lat' dir='ltr'><strong>nequeat,</strong></span> <span class='ocrx_word' id='word_1_101' title='bbox 846 835 896 856; x_wconf 86' lang='lat' dir='ltr'><strong>seu</strong></span> <span class='ocrx_word' id='word_1_102' title='bbox 917 835 977 863; x_wconf 66' lang='lat' dir='ltr'><strong>quae</strong></span> 
     </span>
    </p>
   </div>
   <div class='ocr_carea' id='block_1_21' title="bbox 190 877 650 914">
    <p class='ocr_par' dir='ltr' id='par_1_21' title="bbox 190 877 650 914">
     <span class='ocr_line' id='line_1_21' title="bbox 190 877 650 914; baseline -0.011 -7"><span class='ocrx_word' id='word_1_103' title='bbox 190 885 279 914; x_wconf 84' lang='lat' dir='ltr'><strong>neque</strong></span> <span class='ocrx_word' id='word_1_104' title='bbox 294 877 487 912; x_wconf 44' lang='lat' dir='ltr'><strong>cedat,.neque</strong></span> <span class='ocrx_word' id='word_1_105' title='bbox 503 878 650 911; x_wconf 85' lang='lat' dir='ltr'><strong>torpescat.</strong></span> 
     </span>
    </p>
   </div>
   <div class='ocr_carea' id='block_1_22' title="bbox 225 919 979 959">
    <p class='ocr_par' dir='ltr' id='par_1_22' title="bbox 225 919 979 959">
     <span class='ocr_line' id='line_1_22' title="bbox 225 919 979 959; baseline -0.008 -7"><span class='ocrx_word' id='word_1_106' title='bbox 225 923 480 959; x_wconf 80' lang='lat' dir='ltr'><strong>Concupiscentiam.</strong></span> <span class='ocrx_word' id='word_1_107' title='bbox 488 921 742 956; x_wconf 86' lang='lat' dir='ltr'><strong>Concupiscentiam</strong></span> <span class='ocrx_word' id='word_1_108' title='bbox 754 919 979 955; x_wconf 60' lang='lat' dir='ltr'><strong>intelligibilium,</strong></span> 
     </span>
    </p>
   </div>
   <div class='ocr_carea' id='block_1_23' title="bbox 189 965 976 1000">
    <p class='ocr_par' dir='ltr' id='par_1_23' title="bbox 189 965 976 1000">
     <span class='ocr_line' id='line_1_23' title="bbox 189 965 976 1000; baseline -0.009 -2"><span class='ocrx_word' id='word_1_109' title='bbox 189 978 251 998; x_wconf 88' lang='lat' dir='ltr'><strong>esse</strong></span> <span class='ocrx_word' id='word_1_110' title='bbox 262 977 382 997; x_wconf 90' lang='lat' dir='ltr'><strong>am0rem</strong></span> <span class='ocrx_word' id='word_1_111' title='bbox 397 969 425 996; x_wconf 92' lang='lat' dir='ltr'><strong>in</strong></span> <span class='ocrx_word' id='word_1_112' title='bbox 438 968 522 996; x_wconf 90' lang='lat' dir='ltr'><strong>Deum</strong></span> <span class='ocrx_word' id='word_1_113' title='bbox 539 967 674 995; x_wconf 74' lang='lat' dir='ltr'><strong>contineri</strong></span> <span class='ocrx_word' id='word_1_114' title='bbox 690 965 912 1000; x_wconf 64' lang='lat' dir='ltr'><strong>nescium,un</strong></span> <span class='ocrx_word' id='word_1_115' title='bbox 927 973 976 1000; x_wconf 87' lang='lat' dir='ltr'><strong>ap-</strong></span> 
     </span>
    </p>
   </div>
   <div class='ocr_carea' id='block_1_24' title="bbox 189 1015 604 1052">
    <p class='ocr_par' dir='ltr' id='par_1_24' title="bbox 189 1015 604 1052">
     <span class='ocr_line' id='line_1_24' title="bbox 189 1015 604 1052; baseline -0.01 -8"><span class='ocrx_word' id='word_1_116' title='bbox 189 1015 406 1052; x_wconf 25' lang='lat' dir='ltr'><strong>pellatvmateriw</strong></span> <span class='ocrx_word' id='word_1_117' title='bbox 420 1015 604 1047; x_wconf 77' lang='lat' dir='ltr'><strong>privationem.</strong></span> 
     </span>
    </p>
   </div>
   <div class='ocr_carea' id='block_1_25' title="bbox 224 1058 974 1096">
    <p class='ocr_par' dir='ltr' id='par_1_25' title="bbox 224 1058 974 1096">
     <span class='ocr_line' id='line_1_25' title="bbox 224 1058 974 1096; baseline -0.007 -7"><span class='ocrx_word' id='word_1_118' title='bbox 224 1062 337 1096; x_wconf 75' lang='lat' dir='ltr'><strong>Propter</strong></span> <span class='ocrx_word' id='word_1_119' title='bbox 351 1061 551 1095; x_wconf 79' lang='lat' dir='ltr'><strong>impermistum.</strong></span> <span class='ocrx_word' id='word_1_120' title='bbox 568 1059 770 1094; x_wconf 86' lang='lat' dir='ltr'><strong>lmpermistum</strong></span> <span class='ocrx_word' id='word_1_121' title='bbox 779 1058 846 1085; x_wconf 92' lang='lat' dir='ltr'><strong>dicit</strong></span> <span class='ocrx_word' id='word_1_122' title='bbox 863 1065 974 1093; x_wconf 83' lang='lat' dir='ltr'><strong>purum,</strong></span> 
     </span>
    </p>
   </div>
   <div class='ocr_carea' id='block_1_26' title="bbox 188 1104 975 1138">
    <p class='ocr_par' dir='ltr' id='par_1_26' title="bbox 188 1104 975 1138">
     <span class='ocr_line' id='line_1_26' title="bbox 188 1104 975 1138; baseline -0.006 -1"><span class='ocrx_word' id='word_1_123' title='bbox 188 1113 218 1137; x_wconf 82' lang='lat' dir='ltr'><strong>et</strong></span> <span class='ocrx_word' id='word_1_124' title='bbox 239 1109 266 1136; x_wconf 89' lang='lat' dir='ltr'><strong>in</strong></span> <span class='ocrx_word' id='word_1_125' title='bbox 285 1108 360 1135; x_wconf 91' lang='lat' dir='ltr'><strong>nullo</strong></span> <span class='ocrx_word' id='word_1_126' title='bbox 374 1107 429 1135; x_wconf 87' lang='lat' dir='ltr'><strong>aiio</strong></span> <span class='ocrx_word' id='word_1_127' title='bbox 441 1110 594 1135; x_wconf 83' lang='lat' dir='ltr'><strong>vacantem.</strong></span> <span class='ocrx_word' id='word_1_128' title='bbox 616 1105 668 1138; x_wconf 87' lang='lat' dir='ltr'><strong>Qui</strong></span> <span class='ocrx_word' id='word_1_129' title='bbox 686 1105 759 1132; x_wconf 87' lang='lat' dir='ltr'><strong>enim</strong></span> <span class='ocrx_word' id='word_1_130' title='bbox 777 1104 869 1132; x_wconf 89' lang='lat' dir='ltr'><strong>divino</strong></span> <span class='ocrx_word' id='word_1_131' title='bbox 882 1112 975 1133; x_wconf 86' lang='lat' dir='ltr'><strong>amore</strong></span> 
     </span>
    </p>
   </div>
   <div class='ocr_carea' id='block_1_27' title="bbox 189 1149 976 1187">
    <p class='ocr_par' dir='ltr' id='par_1_27' title="bbox 189 1149 976 1187">
     <span class='ocr_line' id='line_1_27' title="bbox 189 1149 976 1187; baseline -0.01 -3"><span class='ocrx_word' id='word_1_132' title='bbox 189 1156 356 1184; x_wconf 81' lang='lat' dir='ltr'><strong>constrictus</strong></span> <span class='ocrx_word' id='word_1_133' title='bbox 373 1157 426 1186; x_wconf 86' lang='lat' dir='ltr'><strong>est,</strong></span> <span class='ocrx_word' id='word_1_134' title='bbox 443 1157 519 1180; x_wconf 83' lang='lat' dir='ltr'><strong>totus</strong></span> <span class='ocrx_word' id='word_1_135' title='bbox 532 1156 575 1179; x_wconf 85' lang='lat' dir='ltr'><strong>est</strong></span> <span class='ocrx_word' id='word_1_136' title='bbox 594 1151 692 1187; x_wconf 86' lang='lat' dir='ltr'><strong>ipsius,</strong></span> <span class='ocrx_word' id='word_1_137' title='bbox 707 1154 736 1178; x_wconf 86' lang='lat' dir='ltr'><strong>et</strong></span> <span class='ocrx_word' id='word_1_138' title='bbox 751 1150 780 1178; x_wconf 92' lang='lat' dir='ltr'><strong>in</strong></span> <span class='ocrx_word' id='word_1_139' title='bbox 798 1150 886 1177; x_wconf 90' lang='lat' dir='ltr'><strong>solum</strong></span> <span class='ocrx_word' id='word_1_140' title='bbox 901 1149 976 1177; x_wconf 90' lang='lat' dir='ltr'><strong>desi-</strong></span> 
     </span>
    </p>
   </div>
   <div class='ocr_carea' id='block_1_28' title="bbox 189 1195 974 1233">
    <p class='ocr_par' dir='ltr' id='par_1_28' title="bbox 189 1195 974 1233">
     <span class='ocr_line' id='line_1_28' title="bbox 189 1195 974 1233; baseline -0.011 -2"><span class='ocrx_word' id='word_1_141' title='bbox 189 1202 312 1231; x_wconf 83' lang='lat' dir='ltr'><strong>derabile</strong></span> <span class='ocrx_word' id='word_1_142' title='bbox 330 1200 457 1232; x_wconf 74' lang='lat' dir='ltr'><strong>intendit,</strong></span> <span class='ocrx_word' id='word_1_143' title='bbox 477 1207 491 1226; x_wconf 90' lang='lat' dir='ltr'><strong>a</strong></span> <span class='ocrx_word' id='word_1_144' title='bbox 509 1199 591 1226; x_wconf 82' lang='lat' dir='ltr'><strong>nullo</strong></span> <span class='ocrx_word' id='word_1_145' title='bbox 603 1197 752 1233; x_wconf 82' lang='lat' dir='ltr'><strong>impeditus</strong></span> <span class='ocrx_word' id='word_1_146' title='bbox 767 1195 914 1224; x_wconf 88' lang='lat' dir='ltr'><strong>transitivo</strong></span> <span class='ocrx_word' id='word_1_147' title='bbox 946 1199 974 1224; x_wconf 85' lang='lat' dir='ltr'><strong>et</strong></span> 
     </span>
    </p>
   </div>
   <div class='ocr_carea' id='block_1_29' title="bbox 189 1241 980 1284">
    <p class='ocr_par' dir='ltr' id='par_1_29' title="bbox 189 1241 980 1284">
     <span class='ocr_line' id='line_1_29' title="bbox 189 1241 980 1284; baseline -0.011 -7"><span class='ocrx_word' id='word_1_148' title='bbox 189 1255 321 1284; x_wconf 88' lang='lat' dir='ltr'><strong>corporeo</strong></span> <span class='ocrx_word' id='word_1_149' title='bbox 345 1252 486 1279; x_wconf 83' lang='lat' dir='ltr'><strong>sermone;</strong></span> <span class='ocrx_word' id='word_1_150' title='bbox 510 1245 576 1271; x_wconf 88' lang='lat' dir='ltr'><strong>dum</strong></span> <span class='ocrx_word' id='word_1_151' title='bbox 602 1247 691 1271; x_wconf 84' lang='lat' dir='ltr'><strong>autem</strong></span> <span class='ocrx_word' id='word_1_152' title='bbox 708 1242 837 1273; x_wconf 87' lang='lat' dir='ltr'><strong>dicimus,</strong></span> <span class='ocrx_word' id='word_1_153' title='bbox 861 1248 923 1269; x_wconf 85' lang='lat' dir='ltr'><strong>esse</strong></span> <span class='ocrx_word' id='word_1_154' title='bbox 945 1241 980 1268; x_wconf 28' lang='lat' dir='ltr'><strong>inv</strong></span> 
     </span>
    </p>
   </div>
   <div class='ocr_carea' id='block_1_30' title="bbox 188 1289 973 1329">
    <p class='ocr_par' dir='ltr' id='par_1_30' title="bbox 188 1289 973 1329">
     <span class='ocr_line' id='line_1_30' title="bbox 188 1289 973 1329; baseline -0.01 -6"><span class='ocrx_word' id='word_1_155' title='bbox 188 1292 359 1329; x_wconf 86' lang='lat' dir='ltr'><strong>incorporeis</strong></span> <span class='ocrx_word' id='word_1_156' title='bbox 381 1291 542 1320; x_wconf 85' lang='lat' dir='ltr'><strong>substantiis</strong></span> <span class='ocrx_word' id='word_1_157' title='bbox 567 1289 681 1317; x_wconf 89' lang='lat' dir='ltr'><strong>rationis</strong></span> <span class='ocrx_word' id='word_1_158' title='bbox 704 1289 897 1324; x_wconf 81' lang='lat' dir='ltr'><strong>privationem,</strong></span> <span class='ocrx_word' id='word_1_159' title='bbox 919 1296 973 1316; x_wconf 82' lang='lat' dir='ltr'><strong>non</strong></span> 
     </span>
    </p>
   </div>
   <div class='ocr_carea' id='block_1_31' title="bbox 187 1335 974 1375">
    <p class='ocr_par' dir='ltr' id='par_1_31' title="bbox 187 1335 974 1375">
     <span class='ocr_line' id='line_1_31' title="bbox 187 1335 974 1375; baseline -0.009 -8"><span class='ocrx_word' id='word_1_160' title='bbox 187 1339 386 1375; x_wconf 76' lang='lat' dir='ltr'><strong>exprobramus</strong></span> <span class='ocrx_word' id='word_1_161' title='bbox 402 1337 445 1364; x_wconf 83' lang='lat' dir='ltr'><strong>vel</strong></span> <span class='ocrx_word' id='word_1_162' title='bbox 466 1335 617 1371; x_wconf 76' lang='lat' dir='ltr'><strong>aﬂingimus</strong></span> <span class='ocrx_word' id='word_1_163' title='bbox 632 1335 700 1370; x_wconf 83' lang='lat' dir='ltr'><strong>ipsis</strong></span> <span class='ocrx_word' id='word_1_164' title='bbox 717 1342 780 1362; x_wconf 91' lang='lat' dir='ltr'><strong>cum</strong></span> <span class='ocrx_word' id='word_1_165' title='bbox 804 1335 913 1369; x_wconf 82' lang='lat' dir='ltr'><strong>injuria,</strong></span> <span class='ocrx_word' id='word_1_166' title='bbox 931 1335 974 1361; x_wconf 89' lang='lat' dir='ltr'><strong>in-</strong></span> 
     </span>
    </p>
   </div>
   <div class='ocr_carea' id='block_1_32' title="bbox 190 1379 975 1418">
    <p class='ocr_par' dir='ltr' id='par_1_32' title="bbox 190 1379 975 1418">
     <span class='ocr_line' id='line_1_32' title="bbox 190 1379 975 1418; baseline -0.006 -6"><span class='ocrx_word' id='word_1_167' title='bbox 190 1385 314 1413; x_wconf 83' lang='lat' dir='ltr'><strong>tellectus</strong></span> <span class='ocrx_word' id='word_1_168' title='bbox 330 1383 529 1418; x_wconf 74' lang='lat' dir='ltr'><strong>privationem;</strong></span> <span class='ocrx_word' id='word_1_169' title='bbox 552 1380 681 1413; x_wconf 81' lang='lat' dir='ltr'><strong>dicendo,</strong></span> <span class='ocrx_word' id='word_1_170' title='bbox 703 1388 752 1415; x_wconf 91' lang='lat' dir='ltr'><strong>per</strong></span> <span class='ocrx_word' id='word_1_171' title='bbox 777 1380 900 1407; x_wconf 87' lang='lat' dir='ltr'><strong>leoninas</strong></span> <span class='ocrx_word' id='word_1_172' title='bbox 918 1379 975 1408; x_wconf 78' lang='lat' dir='ltr'><strong>for—</strong></span> 
     </span>
    </p>
   </div>
   <div class='ocr_carea' id='block_1_33' title="bbox 188 1425 975 1464">
    <p class='ocr_par' dir='ltr' id='par_1_33' title="bbox 188 1425 975 1464">
     <span class='ocr_line' id='line_1_33' title="bbox 188 1425 975 1464; baseline -0.011 -4"><span class='ocrx_word' id='word_1_173' title='bbox 188 1439 260 1464; x_wconf 83' lang='lat' dir='ltr'><strong>mas,</strong></span> <span class='ocrx_word' id='word_1_174' title='bbox 269 1435 297 1458; x_wconf 86' lang='lat' dir='ltr'><strong>et</strong></span> <span class='ocrx_word' id='word_1_175' title='bbox 306 1429 446 1461; x_wconf 82' lang='lat' dir='ltr'><strong>vitulinas,</strong></span> <span class='ocrx_word' id='word_1_176' title='bbox 457 1431 483 1455; x_wconf 86' lang='lat' dir='ltr'><strong>et</strong></span> <span class='ocrx_word' id='word_1_177' title='bbox 499 1427 599 1458; x_wconf 89' lang='lat' dir='ltr'><strong>avium,</strong></span> <span class='ocrx_word' id='word_1_178' title='bbox 616 1426 687 1453; x_wconf 89' lang='lat' dir='ltr'><strong>sicut</strong></span> <span class='ocrx_word' id='word_1_179' title='bbox 705 1425 732 1452; x_wconf 93' lang='lat' dir='ltr'><strong>in</strong></span> <span class='ocrx_word' id='word_1_180' title='bbox 747 1425 849 1460; x_wconf 87' lang='lat' dir='ltr'><strong>aquila,</strong></span> <span class='ocrx_word' id='word_1_181' title='bbox 865 1425 975 1452; x_wconf 80' lang='lat' dir='ltr'><strong>irratio—</strong></span> 
     </span>
    </p>
   </div>
   <div class='ocr_carea' id='block_1_34' title="bbox 188 1471 974 1510">
    <p class='ocr_par' dir='ltr' id='par_1_34' title="bbox 188 1471 974 1510">
     <span class='ocr_line' id='line_1_34' title="bbox 188 1471 974 1510; baseline -0.009 -5"><span class='ocrx_word' id='word_1_182' title='bbox 188 1477 321 1506; x_wconf 86' lang='lat' dir='ltr'><strong>nabiiinm</strong></span> <span class='ocrx_word' id='word_1_183' title='bbox 335 1475 435 1510; x_wconf 82' lang='lat' dir='ltr'><strong>ﬁguras</strong></span> <span class='ocrx_word' id='word_1_184' title='bbox 449 1477 476 1501; x_wconf 82' lang='lat' dir='ltr'><strong>et</strong></span> <span class='ocrx_word' id='word_1_185' title='bbox 491 1473 580 1508; x_wconf 74' lang='lat' dir='ltr'><strong>signa,</strong></span> <span class='ocrx_word' id='word_1_186' title='bbox 591 1471 752 1500; x_wconf 60' lang='lat' dir='ltr'><strong>caelestibus</strong></span> <span class='ocrx_word' id='word_1_187' title='bbox 768 1471 916 1499; x_wconf 87' lang='lat' dir='ltr'><strong>convenire</strong></span> <span class='ocrx_word' id='word_1_188' title='bbox 931 1479 974 1498; x_wconf 88' lang='lat' dir='ltr'><strong>or-</strong></span> 
     </span>
    </p>
   </div>
   <div class='ocr_carea' id='block_1_35' title="bbox 188 1517 972 1556">
    <p class='ocr_par' dir='ltr' id='par_1_35' title="bbox 188 1517 972 1556">
     <span class='ocr_line' id='line_1_35' title="bbox 188 1517 972 1556; baseline -0.01 -5"><span class='ocrx_word' id='word_1_189' title='bbox 188 1524 314 1556; x_wconf 87' lang='lat' dir='ltr'><strong>dinibus;</strong></span> <span class='ocrx_word' id='word_1_190' title='bbox 343 1521 390 1549; x_wconf 86' lang='lat' dir='ltr'><strong>sed</strong></span> <span class='ocrx_word' id='word_1_191' title='bbox 414 1519 530 1555; x_wconf 84' lang='lat' dir='ltr'><strong>mystice</strong></span> <span class='ocrx_word' id='word_1_192' title='bbox 553 1517 739 1554; x_wconf 79' lang='lat' dir='ltr'><strong>signiﬁcamus</strong></span> <span class='ocrx_word' id='word_1_193' title='bbox 768 1517 972 1550; x_wconf 82' lang='lat' dir='ltr'><strong>diversitatem,</strong></span> 
     </span>
    </p>
   </div>
   <div class='ocr_carea' id='block_1_36' title="bbox 187 1563 973 1606">
    <p class='ocr_par' dir='ltr' id='par_1_36' title="bbox 187 1563 973 1606">
     <span class='ocr_line' id='line_1_36' title="bbox 187 1563 973 1606; baseline -0.011 -8"><span class='ocrx_word' id='word_1_194' title='bbox 187 1577 250 1606; x_wconf 68' lang='lat' dir='ltr'><strong>qua:</strong></span> <span class='ocrx_word' id='word_1_195' title='bbox 264 1572 307 1597; x_wconf 85' lang='lat' dir='ltr'><strong>est</strong></span> <span class='ocrx_word' id='word_1_196' title='bbox 320 1570 392 1596; x_wconf 87' lang='lat' dir='ltr'><strong>inter</strong></span> <span class='ocrx_word' id='word_1_197' title='bbox 405 1566 515 1593; x_wconf 90' lang='lat' dir='ltr'><strong>illorum</strong></span> <span class='ocrx_word' id='word_1_198' title='bbox 529 1568 557 1592; x_wconf 88' lang='lat' dir='ltr'><strong>et</strong></span> <span class='ocrx_word' id='word_1_199' title='bbox 572 1567 694 1591; x_wconf 86' lang='lat' dir='ltr'><strong>nostram</strong></span> <span class='ocrx_word' id='word_1_200' title='bbox 715 1563 973 1598; x_wconf 77' lang='lat' dir='ltr'><strong>rationabilitatem;</strong></span> 
     </span>
    </p>
   </div>
   <div class='ocr_carea' id='block_1_37' title="bbox 186 1610 974 1645">
    <p class='ocr_par' dir='ltr' id='par_1_37' title="bbox 186 1610 974 1645">
     <span class='ocr_line' id='line_1_37' title="bbox 186 1610 974 1645; baseline -0.013 0"><span class='ocrx_word' id='word_1_201' title='bbox 186 1624 239 1645; x_wconf 87' lang='lat' dir='ltr'><strong>nos</strong></span> <span class='ocrx_word' id='word_1_202' title='bbox 253 1615 326 1644; x_wconf 90' lang='lat' dir='ltr'><strong>enim</strong></span> <span class='ocrx_word' id='word_1_203' title='bbox 347 1612 588 1641; x_wconf 83' lang='lat' dir='ltr'><strong>rationabilitatem</strong></span> <span class='ocrx_word' id='word_1_204' title='bbox 606 1614 831 1644; x_wconf 68' lang='lat' dir='ltr'><strong>reprmsentamus</strong></span> <span class='ocrx_word' id='word_1_205' title='bbox 853 1617 900 1645; x_wconf 89' lang='lat' dir='ltr'><strong>per</strong></span> <span class='ocrx_word' id='word_1_206' title='bbox 920 1610 974 1636; x_wconf 84' lang='lat' dir='ltr'><strong>vim</strong></span> 
     </span>
    </p>
   </div>
   <div class='ocr_carea' id='block_1_38' title="bbox 186 1654 974 1698">
    <p class='ocr_par' dir='ltr' id='par_1_38' title="bbox 186 1654 974 1698">
     <span class='ocr_line' id='line_1_38' title="bbox 186 1654 974 1698; baseline -0.013 -7"><span class='ocrx_word' id='word_1_207' title='bbox 186 1660 318 1698; x_wconf 80' lang='lat' dir='ltr'><strong>operandi</strong></span> <span class='ocrx_word' id='word_1_208' title='bbox 333 1660 439 1695; x_wconf 70' lang='lat' dir='ltr'><strong>linguae,</strong></span> <span class='ocrx_word' id='word_1_209' title='bbox 456 1662 483 1685; x_wconf 88' lang='lat' dir='ltr'><strong>et</strong></span> <span class='ocrx_word' id='word_1_210' title='bbox 498 1657 600 1693; x_wconf 84' lang='lat' dir='ltr'><strong>ﬁguras</strong></span> <span class='ocrx_word' id='word_1_211' title='bbox 614 1655 690 1683; x_wconf 85' lang='lat' dir='ltr'><strong>vocis</strong></span> <span class='ocrx_word' id='word_1_212' title='bbox 709 1654 858 1686; x_wconf 76' lang='lat' dir='ltr'><strong>eﬂ‘ectivas,</strong></span> <span class='ocrx_word' id='word_1_213' title='bbox 875 1662 974 1690; x_wconf 91' lang='lat' dir='ltr'><strong>percu-</strong></span> 
     </span>
    </p>
   </div>
   <div class='ocr_carea' id='block_1_39' title="bbox 186 1703 975 1736">
    <p class='ocr_par' dir='ltr' id='par_1_39' title="bbox 186 1703 975 1736">
     <span class='ocr_line' id='line_1_39' title="bbox 186 1703 975 1736; baseline -0.011 0"><span class='ocrx_word' id='word_1_214' title='bbox 186 1709 286 1736; x_wconf 84' lang='lat' dir='ltr'><strong>tientes</strong></span> <span class='ocrx_word' id='word_1_215' title='bbox 313 1712 402 1733; x_wconf 87' lang='lat' dir='ltr'><strong>aerem</strong></span> <span class='ocrx_word' id='word_1_216' title='bbox 430 1703 658 1733; x_wconf 87' lang='lat' dir='ltr'><strong>sermocinamur,</strong></span> <span class='ocrx_word' id='word_1_217' title='bbox 683 1704 712 1728; x_wconf 89' lang='lat' dir='ltr'><strong>et</strong></span> <span class='ocrx_word' id='word_1_218' title='bbox 735 1708 861 1728; x_wconf 78' lang='lat' dir='ltr'><strong>sermone</strong></span> <span class='ocrx_word' id='word_1_219' title='bbox 883 1705 975 1728; x_wconf 86' lang='lat' dir='ltr'><strong>trans-</strong></span> 
     </span>
    </p>
   </div>
   <div class='ocr_carea' id='block_1_40' title="bbox 187 1748 974 1783">
    <p class='ocr_par' dir='ltr' id='par_1_40' title="bbox 187 1748 974 1783">
     <span class='ocr_line' id='line_1_40' title="bbox 187 1748 974 1783; baseline -0.011 -2"><span class='ocrx_word' id='word_1_220' title='bbox 187 1757 270 1783; x_wconf 82' lang='lat' dir='ltr'><strong>eunte</strong></span> <span class='ocrx_word' id='word_1_221' title='bbox 289 1760 305 1779; x_wconf 86' lang='lat' dir='ltr'><strong>a</strong></span> <span class='ocrx_word' id='word_1_222' title='bbox 328 1751 408 1779; x_wconf 90' lang='lat' dir='ltr'><strong>nobis</strong></span> <span class='ocrx_word' id='word_1_223' title='bbox 433 1750 467 1777; x_wconf 84' lang='lat' dir='ltr'><strong>ad</strong></span> <span class='ocrx_word' id='word_1_224' title='bbox 489 1748 657 1776; x_wconf 86' lang='lat' dir='ltr'><strong>audientium</strong></span> <span class='ocrx_word' id='word_1_225' title='bbox 683 1754 787 1778; x_wconf 61' lang='lat' dir='ltr'><strong>aures,</strong></span> <span class='ocrx_word' id='word_1_226' title='bbox 803 1754 837 1774; x_wconf 81' lang='lat' dir='ltr'><strong>ex</strong></span> <span class='ocrx_word' id='word_1_227' title='bbox 859 1753 974 1781; x_wconf 85' lang='lat' dir='ltr'><strong>corpore</strong></span> 
     </span>
    </p>
   </div>
   <div class='ocr_carea' id='block_1_41' title="bbox 187 1792 975 1834">
    <p class='ocr_par' dir='ltr' id='par_1_41' title="bbox 187 1792 975 1834">
     <span class='ocr_line' id='line_1_41' title="bbox 187 1792 975 1834; baseline -0.015 -5"><span class='ocrx_word' id='word_1_228' title='bbox 187 1802 224 1829; x_wconf 39' lang='lat' dir='ltr'><strong>in‘</strong></span> <span class='ocrx_word' id='word_1_229' title='bbox 243 1805 362 1834; x_wconf 84' lang='lat' dir='ltr'><strong>corpus;</strong></span> <span class='ocrx_word' id='word_1_230' title='bbox 388 1796 459 1824; x_wconf 85' lang='lat' dir='ltr'><strong>sicut</strong></span> <span class='ocrx_word' id='word_1_231' title='bbox 488 1795 555 1822; x_wconf 87' lang='lat' dir='ltr'><strong>dicit</strong></span> <span class='ocrx_word' id='word_1_232' title='bbox 578 1793 688 1821; x_wconf 86' lang='lat' dir='ltr'><strong>divinus</strong></span> <span class='ocrx_word' id='word_1_233' title='bbox 711 1792 830 1821; x_wconf 81' lang='lat' dir='ltr'><strong>Basilius</strong></span> <span class='ocrx_word' id='word_1_234' title='bbox 854 1792 890 1819; x_wconf 92' lang='lat' dir='ltr'><strong>in.</strong></span> <span class='ocrx_word' id='word_1_235' title='bbox 915 1800 975 1821; x_wconf 89' lang='lat' dir='ltr'><strong>ser-</strong></span> 
     </span>
    </p>
   </div>
   <div class='ocr_carea' id='block_1_42' title="bbox 187 1837 973 1877">
    <p class='ocr_par' dir='ltr' id='par_1_42' title="bbox 187 1837 973 1877">
     <span class='ocr_line' id='line_1_42' title="bbox 187 1837 973 1877; baseline -0.013 -3"><span class='ocrx_word' id='word_1_236' title='bbox 187 1853 280 1877; x_wconf 86' lang='lat' dir='ltr'><strong>mone,</strong></span> <span class='ocrx_word' id='word_1_237' title='bbox 306 1842 418 1871; x_wconf 78' lang='lat' dir='ltr'><strong>Attende</strong></span> <span class='ocrx_word' id='word_1_238' title='bbox 440 1840 487 1867; x_wconf 78' lang='lat' dir='ltr'><strong>tibi</strong></span> <span class='ocrx_word' id='word_1_239' title='bbox 508 1840 575 1875; x_wconf 76' lang='lat' dir='ltr'><strong>ipsi,</strong></span> <span class='ocrx_word' id='word_1_240' title='bbox 597 1838 655 1866; x_wconf 86' lang='lat' dir='ltr'><strong>illic</strong></span> <span class='ocrx_word' id='word_1_241' title='bbox 669 1842 759 1866; x_wconf 72' lang='lat' dir='ltr'><strong>auttam</strong></span> <span class='ocrx_word' id='word_1_242' title='bbox 781 1845 836 1865; x_wconf 91' lang='lat' dir='ltr'><strong>non</strong></span> <span class='ocrx_word' id='word_1_243' title='bbox 855 1838 908 1871; x_wconf 85' lang='lat' dir='ltr'><strong>ita;</strong></span> <span class='ocrx_word' id='word_1_244' title='bbox 926 1837 973 1865; x_wconf 87' lang='lat' dir='ltr'><strong>sed</strong></span> 
     </span>
    </p>
   </div>
   <div class='ocr_carea' id='block_1_43' title="bbox 187 1883 975 1927">
    <p class='ocr_par' dir='ltr' id='par_1_43' title="bbox 187 1883 975 1927">
     <span class='ocr_line' id='line_1_43' title="bbox 187 1883 975 1927; baseline -0.01 -7"><span class='ocrx_word' id='word_1_245' title='bbox 187 1897 302 1927; x_wconf 84' lang='lat' dir='ltr'><strong>corpore</strong></span> <span class='ocrx_word' id='word_1_246' title='bbox 324 1886 463 1918; x_wconf 84' lang='lat' dir='ltr'><strong>destituti,</strong></span> <span class='ocrx_word' id='word_1_247' title='bbox 484 1889 511 1913; x_wconf 84' lang='lat' dir='ltr'><strong>et</strong></span> <span class='ocrx_word' id='word_1_248' title='bbox 525 1885 560 1912; x_wconf 84' lang='lat' dir='ltr'><strong>ad</strong></span> <span class='ocrx_word' id='word_1_249' title='bbox 581 1891 611 1912; x_wconf 85' lang='lat' dir='ltr'><strong>se</strong></span> <span class='ocrx_word' id='word_1_250' title='bbox 626 1883 744 1911; x_wconf 87' lang='lat' dir='ltr'><strong>invicem</strong></span> <span class='ocrx_word' id='word_1_251' title='bbox 763 1883 925 1912; x_wconf 86' lang='lat' dir='ltr'><strong>accedentes</strong></span> <span class='ocrx_word' id='word_1_252' title='bbox 947 1889 975 1912; x_wconf 92' lang='lat' dir='ltr'><strong>et</strong></span> 
     </span>
    </p>
   </div>
   <div class='ocr_carea' id='block_1_44' title="bbox 187 1930 974 1966">
    <p class='ocr_par' dir='ltr' id='par_1_44' title="bbox 187 1930 974 1966">
     <span class='ocr_line' id='line_1_44' title="bbox 187 1930 974 1966; baseline -0.013 0"><span class='ocrx_word' id='word_1_253' title='bbox 187 1937 346 1966; x_wconf 85' lang='lat' dir='ltr'><strong>recedentes</strong></span> <span class='ocrx_word' id='word_1_254' title='bbox 371 1932 473 1961; x_wconf 89' lang='lat' dir='ltr'><strong>clarius</strong></span> <span class='ocrx_word' id='word_1_255' title='bbox 501 1931 575 1959; x_wconf 90' lang='lat' dir='ltr'><strong>omni</strong></span> <span class='ocrx_word' id='word_1_256' title='bbox 609 1937 734 1958; x_wconf 87' lang='lat' dir='ltr'><strong>sermone</strong></span> <span class='ocrx_word' id='word_1_257' title='bbox 763 1933 871 1958; x_wconf 87' lang='lat' dir='ltr'><strong>mutuas</strong></span> <span class='ocrx_word' id='word_1_258' title='bbox 899 1930 974 1965; x_wconf 80' lang='lat' dir='ltr'><strong>cogi-</strong></span> 
     </span>
    </p>
   </div>
   <div class='ocr_carea' id='block_1_45' title="bbox 156 1965 971 2012">
    <p class='ocr_par' dir='ltr' id='par_1_45' title="bbox 156 1965 971 2012">
     <span class='ocr_line' id='line_1_45' title="bbox 156 1965 971 2012; baseline -0.01 -2"><span class='ocrx_word' id='word_1_259' title='bbox 156 1965 161 2010; x_wconf 52' lang='lat'><strong><em>:</em></strong></span> <span class='ocrx_word' id='word_1_260' title='bbox 188 1965 317 2012; x_wconf 39' lang='lat' dir='ltr'><strong>tationes‘</strong></span> <span class='ocrx_word' id='word_1_261' title='bbox 346 1981 484 2008; x_wconf 81' lang='lat' dir='ltr'><strong>intuentes</strong></span> <span class='ocrx_word' id='word_1_262' title='bbox 512 1977 587 2005; x_wconf 88' lang='lat' dir='ltr'><strong>velut</strong></span> <span class='ocrx_word' id='word_1_263' title='bbox 613 1977 686 2004; x_wconf 87' lang='lat' dir='ltr'><strong>inter</strong></span> <span class='ocrx_word' id='word_1_264' title='bbox 711 1983 740 2003; x_wconf 86' lang='lat' dir='ltr'><strong>se</strong></span> <span class='ocrx_word' id='word_1_265' title='bbox 769 1975 971 2010; x_wconf 87' lang='lat' dir='ltr'><strong>colloquuntur,</strong></span> 
     </span>
    </p>
   </div>
   <div class='ocr_carea' id='block_1_46' title="bbox 156 2014 973 2067">
    <p class='ocr_par' dir='ltr' id='par_1_46' title="bbox 156 2014 973 2067">
     <span class='ocr_line' id='line_1_46' title="bbox 156 2014 973 2067; baseline -0.013 -9"><span class='ocrx_word' id='word_1_266' title='bbox 156 2014 161 2037; x_wconf 48' lang='grc' dir='ltr'><strong>ί</strong></span> <span class='ocrx_word' id='word_1_267' title='bbox 186 2037 236 2067; x_wconf 87' lang='lat' dir='ltr'><strong>per</strong></span> <span class='ocrx_word' id='word_1_268' title='bbox 256 2027 403 2056; x_wconf 73' lang='lat' dir='ltr'><strong>silentium</strong></span> <span class='ocrx_word' id='word_1_269' title='bbox 433 2030 585 2053; x_wconf 83' lang='lat' dir='ltr'><strong>sermonem</strong></span> <span class='ocrx_word' id='word_1_270' title='bbox 606 2022 660 2050; x_wconf 85' lang='lat' dir='ltr'><strong>sibi</strong></span> <span class='ocrx_word' id='word_1_271' title='bbox 681 2021 797 2048; x_wconf 87' lang='lat' dir='ltr'><strong>invicem</strong></span> <span class='ocrx_word' id='word_1_272' title='bbox 821 2023 973 2049; x_wconf 87' lang='lat' dir='ltr'><strong>communi-</strong></span> 
     </span>
    </p>
   </div>
   <div class='ocr_carea' id='block_1_47' title="bbox 186 2079 294 2104">
    <p class='ocr_par' dir='ltr' id='par_1_47' title="bbox 186 2079 294 2104">
     <span class='ocr_line' id='line_1_47' title="bbox 186 2079 294 2104; baseline -0.009 0"><span class='ocrx_word' id='word_1_273' title='bbox 186 2079 294 2104; x_wconf 86' lang='lat' dir='ltr'><strong>cantes.</strong></span> 
     </span>
    </p>
   </div>
   <div class='ocr_carea' id='block_1_48' title="bbox 222 2113 972 2156">
    <p class='ocr_par' dir='ltr' id='par_1_48' title="bbox 222 2113 972 2156">
     <span class='ocr_line' id='line_1_48' title="bbox 222 2113 972 2156; baseline -0.011 -6"><span class='ocrx_word' id='word_1_274' title='bbox 222 2120 429 2156; x_wconf 76' lang='lat' dir='ltr'><strong>Propensianem</strong></span> <span class='ocrx_word' id='word_1_275' title='bbox 438 2138 445 2151; x_wconf 90' lang='lat'><strong>,</strong></span> <span class='ocrx_word' id='word_1_276' title='bbox 462 2117 511 2146; x_wconf 88' lang='lat' dir='ltr'><strong>Gr.</strong></span> <span class='ocrx_word' id='word_1_277' title='bbox 523 2116 678 2144; x_wconf 67' lang='grc' dir='ltr'>ἀπόκλισιν.</span> <span class='ocrx_word' id='word_1_278' title='bbox 700 2113 754 2141; x_wconf 89' lang='lat' dir='ltr'><strong>Pro</strong></span> <span class='ocrx_word' id='word_1_279' title='bbox 768 2113 972 2142; x_wconf 80' lang='lat' dir='ltr'><strong>inclinationem</strong></span> 
     </span>
    </p>
   </div>
   <div class='ocr_carea' id='block_1_49' title="bbox 182 2167 472 2203">
    <p class='ocr_par' dir='ltr' id='par_1_49' title="bbox 182 2167 472 2203">
     <span class='ocr_line' id='line_1_49' title="bbox 182 2167 472 2203; baseline -0.017 -6"><span class='ocrx_word' id='word_1_280' title='bbox 182 2168 235 2197; x_wconf 58' lang='lat' dir='ltr'><strong>&#39;seu</strong></span> <span class='ocrx_word' id='word_1_281' title='bbox 251 2167 460 2203; x_wconf 80' lang='lat' dir='ltr'><strong>propensionem</strong></span> <span class='ocrx_word' id='word_1_282' title='bbox 466 2186 472 2192; x_wconf 90' lang='lat'><strong>.</strong></span> 
     </span>
    </p>
   </div>
   <div class='ocr_carea' id='block_1_50' title="bbox 223 2207 1008 2242">
    <p class='ocr_par' dir='ltr' id='par_1_50' title="bbox 223 2207 1008 2242">
     <span class='ocr_line' id='line_1_50' title="bbox 223 2207 1008 2242; baseline -0.01 -2"><span class='ocrx_word' id='word_1_283' title='bbox 223 2212 392 2241; x_wconf 77' lang='lat' dir='ltr'><strong>Transitort&#39;t&#39;.</strong></span> <span class='ocrx_word' id='word_1_284' title='bbox 408 2209 597 2238; x_wconf 83' lang='lat' dir='ltr'><strong>Transitorius</strong></span> <span class='ocrx_word' id='word_1_285' title='bbox 610 2212 657 2236; x_wconf 79' lang='lat' dir='ltr'><strong>est</strong></span> <span class='ocrx_word' id='word_1_286' title='bbox 667 2210 761 2235; x_wconf 89' lang='lat' dir='ltr'><strong>noster</strong></span> <span class='ocrx_word' id='word_1_287' title='bbox 775 2213 865 2234; x_wconf 86' lang='lat' dir='ltr'><strong>sermo</strong></span> <span class='ocrx_word' id='word_1_288' title='bbox 879 2207 970 2241; x_wconf 86' lang='lat' dir='ltr'><strong>proia-</strong></span> <span class='ocrx_word' id='word_1_289' title='bbox 986 2215 1008 2242; x_wconf 74' lang='grc' dir='ltr'><strong>ι)</strong></span> 
     </span>
    </p>
   </div>
   <div class='ocr_carea' id='block_1_51' title="bbox 185 2252 968 2292">
    <p class='ocr_par' dir='ltr' id='par_1_51' title="bbox 185 2252 968 2292">
     <span class='ocr_line' id='line_1_51' title="bbox 185 2252 968 2292; baseline -0.011 -5"><span class='ocrx_word' id='word_1_290' title='bbox 185 2260 270 2290; x_wconf 58' lang='grc' dir='ltr'>ῑὶνυει</span> <span class='ocrx_word' id='word_1_291' title='bbox 284 2261 413 2292; x_wconf 87' lang='lat' dir='ltr'><strong>tanquam</strong></span> <span class='ocrx_word' id='word_1_292' title='bbox 429 2264 443 2283; x_wconf 88' lang='lat' dir='ltr'><strong>a</strong></span> <span class='ocrx_word' id='word_1_293' title='bbox 455 2255 563 2282; x_wconf 83' lang='lat' dir='ltr'><strong>dicente</strong></span> <span class='ocrx_word' id='word_1_294' title='bbox 588 2253 727 2282; x_wconf 80' lang='lat' dir='ltr'><strong>transiens</strong></span> <span class='ocrx_word' id='word_1_295' title='bbox 741 2252 776 2280; x_wconf 88' lang='lat' dir='ltr'><strong>ad</strong></span> <span class='ocrx_word' id='word_1_296' title='bbox 791 2252 946 2279; x_wconf 88' lang='lat' dir='ltr'><strong>audientem</strong></span> <span class='ocrx_word' id='word_1_297' title='bbox 960 2260 968 2286; x_wconf 84' lang='lat'><strong>;</strong></span> 
     </span>
    </p>
   </div>
   <div class='ocr_carea' id='block_1_52' title="bbox 186 2298 971 2340">
    <p class='ocr_par' dir='ltr' id='par_1_52' title="bbox 186 2298 971 2340">
     <span class='ocr_line' id='line_1_52' title="bbox 186 2298 971 2340; baseline -0.01 -8"><span class='ocrx_word' id='word_1_298' title='bbox 186 2304 312 2340; x_wconf 89' lang='lat' dir='ltr'><strong>corporei</strong></span> <span class='ocrx_word' id='word_1_299' title='bbox 334 2307 423 2330; x_wconf 86' lang='lat' dir='ltr'><strong>autem</strong></span> <span class='ocrx_word' id='word_1_300' title='bbox 441 2301 474 2329; x_wconf 89' lang='lat' dir='ltr'><strong>ad</strong></span> <span class='ocrx_word' id='word_1_301' title='bbox 491 2300 672 2328; x_wconf 78' lang='lat' dir='ltr'><strong>differentiam</strong></span> <span class='ocrx_word' id='word_1_302' title='bbox 697 2298 830 2326; x_wconf 82' lang='lat' dir='ltr'><strong>reconditi</strong></span> <span class='ocrx_word' id='word_1_303' title='bbox 856 2298 908 2333; x_wconf 83' lang='lat'><strong>10</strong></span> <span class='ocrx_word' id='word_1_304' title='bbox 928 2298 971 2333; x_wconf 84' lang='lat' dir='ltr'><strong>(in</strong></span> 
     </span>
    </p>
   </div>
   <div class='ocr_carea' id='block_1_53' title="bbox 187 2343 972 2385">
    <p class='ocr_par' dir='ltr' id='par_1_53' title="bbox 187 2343 972 2385">
     <span class='ocr_line' id='line_1_53' title="bbox 187 2343 972 2385; baseline -0.01 -7"><span class='ocrx_word' id='word_1_305' title='bbox 187 2350 299 2385; x_wconf 86' lang='lat' dir='ltr'><strong>mente);</strong></span> <span class='ocrx_word' id='word_1_306' title='bbox 317 2349 362 2376; x_wconf 88' lang='lat' dir='ltr'><strong>hic</strong></span> <span class='ocrx_word' id='word_1_307' title='bbox 385 2347 458 2376; x_wconf 88' lang='lat' dir='ltr'><strong>enim</strong></span> <span class='ocrx_word' id='word_1_308' title='bbox 473 2354 560 2382; x_wconf 85' lang='lat' dir='ltr'><strong>neque</strong></span> <span class='ocrx_word' id='word_1_309' title='bbox 581 2352 750 2381; x_wconf 68' lang='lat' dir='ltr'><strong>corporeus,</strong></span> <span class='ocrx_word' id='word_1_310' title='bbox 763 2352 851 2380; x_wconf 87' lang='lat' dir='ltr'><strong>neque</strong></span> <span class='ocrx_word' id='word_1_311' title='bbox 871 2343 972 2371; x_wconf 90' lang='lat' dir='ltr'><strong>transi-</strong></span> 
     </span>
    </p>
   </div>
   <div class='ocr_carea' id='block_1_54' title="bbox 187 2397 272 2424">
    <p class='ocr_par' dir='ltr' id='par_1_54' title="bbox 187 2397 272 2424">
     <span class='ocr_line' id='line_1_54' title="bbox 187 2397 272 2424; baseline 0 0"><span class='ocrx_word' id='word_1_312' title='bbox 187 2397 272 2424; x_wconf 81' lang='lat' dir='ltr'><strong>tivus.</strong></span> 
     </span>
    </p>
   </div>
   <div class='ocr_carea' id='block_1_55' title="bbox 223 2437 970 2469">
    <p class='ocr_par' dir='ltr' id='par_1_55' title="bbox 223 2437 970 2469">
     <span class='ocr_line' id='line_1_55' title="bbox 223 2437 970 2469; baseline -0.008 -1"><span class='ocrx_word' id='word_1_313' title='bbox 223 2440 355 2468; x_wconf 65' lang='lat' dir='ltr'><strong>Materia.</strong></span> <span class='ocrx_word' id='word_1_314' title='bbox 379 2438 547 2467; x_wconf 71' lang='lat' dir='ltr'><strong>Vilissimam</strong></span> <span class='ocrx_word' id='word_1_315' title='bbox 580 2437 731 2465; x_wconf 83' lang='lat' dir='ltr'><strong>materiam</strong></span> <span class='ocrx_word' id='word_1_316' title='bbox 749 2437 832 2469; x_wconf 87' lang='lat' dir='ltr'><strong>dicit,</strong></span> <span class='ocrx_word' id='word_1_317' title='bbox 861 2443 970 2463; x_wconf 83' lang='lat' dir='ltr'><strong>omnem</strong></span> 
     </span>
    </p>
   </div>
   <div class='ocr_carea' id='block_1_56' title="bbox 187 2482 972 2522">
    <p class='ocr_par' dir='ltr' id='par_1_56' title="bbox 187 2482 972 2522">
     <span class='ocr_line' id='line_1_56' title="bbox 187 2482 972 2522; baseline -0.008 -7"><span class='ocrx_word' id='word_1_318' title='bbox 187 2492 314 2516; x_wconf 87' lang='lat' dir='ltr'><strong>naturam</strong></span> <span class='ocrx_word' id='word_1_319' title='bbox 331 2487 439 2522; x_wconf 89' lang='lat' dir='ltr'><strong>corpori</strong></span> <span class='ocrx_word' id='word_1_320' title='bbox 454 2485 572 2513; x_wconf 83' lang='lat' dir='ltr'><strong>similem</strong></span> <span class='ocrx_word' id='word_1_321' title='bbox 594 2485 623 2513; x_wconf 91' lang='lat' dir='ltr'><strong>in</strong></span> <span class='ocrx_word' id='word_1_322' title='bbox 644 2484 729 2512; x_wconf 87' lang='lat' dir='ltr'><strong>variis</strong></span> <span class='ocrx_word' id='word_1_323' title='bbox 751 2483 895 2519; x_wconf 86' lang='lat' dir='ltr'><strong>speciebus</strong></span> <span class='ocrx_word' id='word_1_324' title='bbox 910 2482 972 2509; x_wconf 82' lang='lat' dir='ltr'><strong>ani-</strong></span> 
     </span>
    </p>
   </div>
   <div class='ocr_carea' id='block_1_57' title="bbox 186 2529 969 2565">
    <p class='ocr_par' dir='ltr' id='par_1_57' title="bbox 186 2529 969 2565">
     <span class='ocr_line' id='line_1_57' title="bbox 186 2529 969 2565; baseline -0.005 -4"><span class='ocrx_word' id='word_1_325' title='bbox 186 2533 268 2562; x_wconf 86' lang='lat' dir='ltr'><strong>matis</strong></span> <span class='ocrx_word' id='word_1_326' title='bbox 284 2537 312 2561; x_wconf 90' lang='lat' dir='ltr'><strong>et</strong></span> <span class='ocrx_word' id='word_1_327' title='bbox 333 2531 472 2564; x_wconf 82' lang='lat' dir='ltr'><strong>inanimis,</strong></span> <span class='ocrx_word' id='word_1_328' title='bbox 492 2534 521 2559; x_wconf 90' lang='lat' dir='ltr'><strong>et</strong></span> <span class='ocrx_word' id='word_1_329' title='bbox 534 2530 664 2565; x_wconf 84' lang='lat' dir='ltr'><strong>reliquis,</strong></span> <span class='ocrx_word' id='word_1_330' title='bbox 681 2537 702 2557; x_wconf 67' lang='lat' dir='ltr'><strong>a&#39;</strong></span> <span class='ocrx_word' id='word_1_331' title='bbox 714 2529 969 2564; x_wconf 79' lang='lat' dir='ltr'><strong>Deo-descriptam;</strong></span> 
     </span>
    </p>
   </div>
   <div class='ocr_carea' id='block_1_58' title="bbox 185 2574 969 2616">
    <p class='ocr_par' dir='ltr' id='par_1_58' title="bbox 185 2574 969 2616">
     <span class='ocr_line' id='line_1_58' title="bbox 185 2574 969 2616; baseline -0.011 -8"><span class='ocrx_word' id='word_1_332' title='bbox 185 2579 376 2616; x_wconf 77' lang='lat' dir='ltr'><strong>intelligibitem</strong></span> <span class='ocrx_word' id='word_1_333' title='bbox 391 2585 481 2606; x_wconf 82' lang='lat' dir='ltr'><strong>autem</strong></span> <span class='ocrx_word' id='word_1_334' title='bbox 499 2577 618 2605; x_wconf 79' lang='lat' dir='ltr'><strong>decorent</strong></span> <span class='ocrx_word' id='word_1_335' title='bbox 635 2575 746 2611; x_wconf 52' lang='lat' dir='ltr'><strong>quae‘de</strong></span> <span class='ocrx_word' id='word_1_336' title='bbox 760 2574 969 2604; x_wconf 38' lang='lat' dir='ltr'><strong>Deovdicuntur,</strong></span> 
     </span>
    </p>
   </div>
   <div class='ocr_carea' id='block_1_59' title="bbox 185 2619 971 2664">
    <p class='ocr_par' dir='ltr' id='par_1_59' title="bbox 185 2619 971 2664">
     <span class='ocr_line' id='line_1_59' title="bbox 185 2619 971 2664; baseline -0.011 -8"><span class='ocrx_word' id='word_1_337' title='bbox 185 2634 303 2664; x_wconf 87' lang='lat' dir='ltr'><strong>quorum</strong></span> <span class='ocrx_word' id='word_1_338' title='bbox 321 2625 472 2654; x_wconf 86' lang='lat' dir='ltr'><strong>mediocres</strong></span> <span class='ocrx_word' id='word_1_339' title='bbox 489 2628 516 2651; x_wconf 89' lang='lat' dir='ltr'><strong>et</strong></span> <span class='ocrx_word' id='word_1_340' title='bbox 539 2623 671 2651; x_wconf 88' lang='lat' dir='ltr'><strong>obscuras</strong></span> <span class='ocrx_word' id='word_1_341' title='bbox 691 2621 824 2656; x_wconf 76' lang='lat' dir='ltr'><strong>imagines</strong></span> <span class='ocrx_word' id='word_1_342' title='bbox 839 2620 868 2646; x_wconf 90' lang='lat' dir='ltr'><strong>in</strong></span> <span class='ocrx_word' id='word_1_343' title='bbox 888 2619 971 2647; x_wconf 85' lang='lat' dir='ltr'><strong>rebus</strong></span> 
     </span>
    </p>
   </div>
   <div class='ocr_carea' id='block_1_60' title="bbox 185 2665 968 2706">
    <p class='ocr_par' dir='ltr' id='par_1_60' title="bbox 185 2665 968 2706">
     <span class='ocr_line' id='line_1_60' title="bbox 185 2665 968 2706; baseline -0.014 -4"><span class='ocrx_word' id='word_1_344' title='bbox 185 2674 351 2706; x_wconf 64' lang='lat' dir='ltr'><strong>invenimus,</strong></span> <span class='ocrx_word' id='word_1_345' title='bbox 374 2672 444 2700; x_wconf 87' lang='lat' dir='ltr'><strong>sicut</strong></span> <span class='ocrx_word' id='word_1_346' title='bbox 461 2669 622 2705; x_wconf 83' lang='lat' dir='ltr'><strong>simpliciter</strong></span> <span class='ocrx_word' id='word_1_347' title='bbox 646 2675 718 2697; x_wconf 84' lang='lat' dir='ltr'><strong>esse.</strong></span> <span class='ocrx_word' id='word_1_348' title='bbox 733 2668 837 2698; x_wconf 87' lang='lat' dir='ltr'><strong>vivere,</strong></span> <span class='ocrx_word' id='word_1_349' title='bbox 857 2665 968 2697; x_wconf 86' lang='lat' dir='ltr'><strong>sentire,</strong></span> 
     </span>
    </p>
   </div>
   <div class='ocr_carea' id='block_1_61' title="bbox 185 2708 971 2751">
    <p class='ocr_par' dir='ltr' id='par_1_61' title="bbox 185 2708 971 2751">
     <span class='ocr_line' id='line_1_61' title="bbox 185 2708 971 2751; baseline -0.015 -3"><span class='ocrx_word' id='word_1_350' title='bbox 185 2724 213 2748; x_wconf 74' lang='lat' dir='ltr'><strong>et</strong></span> <span class='ocrx_word' id='word_1_351' title='bbox 226 2720 336 2748; x_wconf 68' lang='lat' dir='ltr'><strong>simiiia.</strong></span> <span class='ocrx_word' id='word_1_352' title='bbox 351 2717 429 2751; x_wconf 82' lang='lat' dir='ltr'><strong>Quod</strong></span> <span class='ocrx_word' id='word_1_353' title='bbox 445 2720 543 2744; x_wconf 80' lang='lat' dir='ltr'><strong>autem:</strong></span> <span class='ocrx_word' id='word_1_354' title='bbox 553 2713 768 2741; x_wconf 73' lang='lat' dir='ltr'><strong>materiaomnis</strong></span> <span class='ocrx_word' id='word_1_355' title='bbox 788 2720 821 2740; x_wconf 80' lang='lat' dir='ltr'><strong>ex</strong></span> <span class='ocrx_word' id='word_1_356' title='bbox 837 2708 890 2737; x_wconf 82' lang='lat' dir='ltr'><strong>Deo</strong></span> <span class='ocrx_word' id='word_1_357' title='bbox 897 2710 971 2737; x_wconf 74' lang='lat' dir='ltr'><strong>exsi-</strong></span> 
     </span>
    </p>
   </div>
   <div class='ocr_carea' id='block_1_62' title="bbox 186 2755 968 2796">
    <p class='ocr_par' dir='ltr' id='par_1_62' title="bbox 186 2755 968 2796">
     <span class='ocr_line' id='line_1_62' title="bbox 186 2755 968 2796; baseline -0.015 -3"><span class='ocrx_word' id='word_1_358' title='bbox 186 2766 315 2793; x_wconf 80' lang='lat' dir='ltr'><strong>stentiam</strong></span> <span class='ocrx_word' id='word_1_359' title='bbox 329 2764 435 2796; x_wconf 83' lang='lat' dir='ltr'><strong>habeat,</strong></span> <span class='ocrx_word' id='word_1_360' title='bbox 452 2761 543 2789; x_wconf 86' lang='lat' dir='ltr'><strong>nullus</strong></span> <span class='ocrx_word' id='word_1_361' title='bbox 558 2760 666 2795; x_wconf 84' lang='lat' dir='ltr'><strong>sapiens</strong></span> <span class='ocrx_word' id='word_1_362' title='bbox 682 2765 772 2786; x_wconf 84' lang='lat' dir='ltr'><strong>sermo</strong></span> <span class='ocrx_word' id='word_1_363' title='bbox 786 2755 968 2789; x_wconf 85' lang='lat' dir='ltr'><strong>contradicet;</strong></span> 
     </span>
    </p>
   </div>
   <div class='ocr_carea' id='block_1_63' title="bbox 186 2801 969 2845">
    <p class='ocr_par' dir='ltr' id='par_1_63' title="bbox 186 2801 969 2845">
     <span class='ocr_line' id='line_1_63' title="bbox 186 2801 969 2845; baseline -0.014 -7"><span class='ocrx_word' id='word_1_364' title='bbox 186 2811 255 2845; x_wconf 72' lang='lat' dir='ltr'><strong>gerit</strong></span> <span class='ocrx_word' id='word_1_365' title='bbox 278 2814 368 2836; x_wconf 86' lang='lat' dir='ltr'><strong>autem</strong></span> <span class='ocrx_word' id='word_1_366' title='bbox 387 2811 415 2836; x_wconf 86' lang='lat' dir='ltr'><strong>et</strong></span> <span class='ocrx_word' id='word_1_367' title='bbox 438 2808 498 2842; x_wconf 85' lang='lat' dir='ltr'><strong>ipsa</strong></span> <span class='ocrx_word' id='word_1_368' title='bbox 515 2807 543 2833; x_wconf 89' lang='lat' dir='ltr'><strong>in</strong></span> <span class='ocrx_word' id='word_1_369' title='bbox 561 2806 650 2841; x_wconf 85' lang='lat' dir='ltr'><strong>seipsa</strong></span> <span class='ocrx_word' id='word_1_370' title='bbox 667 2807 837 2840; x_wconf 72' lang='lat' dir='ltr'><strong>argumenta,</strong></span> <span class='ocrx_word' id='word_1_371' title='bbox 859 2801 930 2836; x_wconf 87' lang='lat' dir='ltr'><strong>quod</strong></span> <span class='ocrx_word' id='word_1_372' title='bbox 953 2808 969 2828; x_wconf 92' lang='lat' dir='ltr'><strong>a</strong></span> 
     </span>
    </p>
   </div>
   <div class='ocr_carea' id='block_1_64' title="bbox 185 2848 967 2891">
    <p class='ocr_par' dir='ltr' id='par_1_64' title="bbox 185 2848 967 2891">
     <span class='ocr_line' id='line_1_64' title="bbox 185 2848 967 2891; baseline -0.012 -9"><span class='ocrx_word' id='word_1_373' title='bbox 185 2855 242 2883; x_wconf 82' lang='lat' dir='ltr'><strong>Deo</strong></span> <span class='ocrx_word' id='word_1_374' title='bbox 258 2855 294 2885; x_wconf 81' lang='lat' dir='ltr'><strong>sit</strong></span> <span class='ocrx_word' id='word_1_375' title='bbox 308 2853 438 2891; x_wconf 78' lang='lat' dir='ltr'><strong>producta</strong></span> <span class='ocrx_word' id='word_1_376' title='bbox 454 2857 479 2881; x_wconf 90' lang='lat' dir='ltr'><strong>et</strong></span> <span class='ocrx_word' id='word_1_377' title='bbox 495 2854 643 2884; x_wconf 82' lang='lat' dir='ltr'><strong>exornata;</strong></span> <span class='ocrx_word' id='word_1_378' title='bbox 658 2849 748 2878; x_wconf 87' lang='lat' dir='ltr'><strong>omnis</strong></span> <span class='ocrx_word' id='word_1_379' title='bbox 764 2848 848 2884; x_wconf 77' lang='lat' dir='ltr'><strong>igitur</strong></span> <span class='ocrx_word' id='word_1_380' title='bbox 862 2854 894 2874; x_wconf 77' lang='lat' dir='ltr'><strong>ex</strong></span> <span class='ocrx_word' id='word_1_381' title='bbox 910 2853 967 2874; x_wconf 59' lang='lat' dir='ltr'><strong>mas</strong></span> 
     </span>
    </p>
   </div>
   <div class='ocr_carea' id='block_1_65' title="bbox 1026 232 1166 268">
    <p class='ocr_par' dir='ltr' id='par_1_65' title="bbox 1026 232 1166 268">
     <span class='ocr_line' id='line_1_65' title="bbox 1026 232 1166 268; baseline -0.007 -9"><span class='ocrx_word' id='word_1_382' title='bbox 1026 232 1151 268; x_wconf 81' lang='grc' dir='ltr'>ὁρώμενα</span> <span class='ocrx_word' id='word_1_383' title='bbox 1158 251 1166 258; x_wconf 87' lang='grc'><strong>.</strong></span> 
     </span>
    </p>
   </div>
   <div class='ocr_carea' id='block_1_66' title="bbox 1061 275 1813 315">
    <p class='ocr_par' dir='ltr' id='par_1_66' title="bbox 1061 275 1813 315">
     <span class='ocr_line' id='line_1_66' title="bbox 1061 275 1813 315; baseline -0.001 -10"><span class='ocrx_word' id='word_1_384' title='bbox 1061 279 1075 315; x_wconf 83' lang='lat'><strong>§</strong></span> <span class='ocrx_word' id='word_1_385' title='bbox 1091 278 1136 307; x_wconf 79' lang='lat' dir='ltr'><strong>IV.</strong></span> <span class='ocrx_word' id='word_1_386' title='bbox 1151 278 1208 305; x_wconf 74' lang='lat' dir='ltr'><strong>Kal</strong></span> <span class='ocrx_word' id='word_1_387' title='bbox 1225 278 1281 313; x_wconf 74' lang='grc' dir='ltr'>γὰρ</span> <span class='ocrx_word' id='word_1_388' title='bbox 1295 279 1311 305; x_wconf 82' lang='grc' dir='ltr'><em>ὁ</em></span> <span class='ocrx_word' id='word_1_389' title='bbox 1327 277 1430 312; x_wconf 81' lang='grc' dir='ltr'>θυμός.</span> <span class='ocrx_word' id='word_1_390' title='bbox 1449 277 1509 303; x_wconf 87' lang='grc' dir='ltr'>Ὅτι</span> <span class='ocrx_word' id='word_1_391' title='bbox 1530 276 1579 312; x_wconf 81' lang='grc' dir='ltr'>οὐχ</span> <span class='ocrx_word' id='word_1_392' title='bbox 1594 275 1686 308; x_wconf 83' lang='grc' dir='ltr'>ἁπλῶς</span> <span class='ocrx_word' id='word_1_393' title='bbox 1701 276 1813 311; x_wconf 81' lang='grc' dir='ltr'><strong>ἀλογίας</strong></span> 
     </span>
    </p>
   </div>
   <div class='ocr_carea' id='block_1_67' title="bbox 1027 321 1812 360">
    <p class='ocr_par' dir='ltr' id='par_1_67' title="bbox 1027 321 1812 360">
     <span class='ocr_line' id='line_1_67' title="bbox 1027 321 1812 360; baseline -0.004 -9"><span class='ocrx_word' id='word_1_394' title='bbox 1027 324 1151 360; x_wconf 72' lang='grc' dir='ltr'>ἔμπλεως</span> <span class='ocrx_word' id='word_1_395' title='bbox 1166 326 1183 360; x_wconf 86' lang='grc' dir='ltr'>ὴ</span> <span class='ocrx_word' id='word_1_396' title='bbox 1205 323 1349 360; x_wconf 80' lang='grc' dir='ltr'>θυμοειδὴς</span> <span class='ocrx_word' id='word_1_397' title='bbox 1365 323 1481 358; x_wconf 85' lang='grc' dir='ltr'>κίνησις,</span> <span class='ocrx_word' id='word_1_398' title='bbox 1502 322 1559 349; x_wconf 86' lang='grc' dir='ltr'>ἀλλ’</span> <span class='ocrx_word' id='word_1_399' title='bbox 1575 322 1621 348; x_wconf 76' lang='grc' dir='ltr'><strong>ἐπὶ</strong></span> <span class='ocrx_word' id='word_1_400' title='bbox 1641 321 1699 357; x_wconf 81' lang='grc' dir='ltr'>τῆς·</span> <span class='ocrx_word' id='word_1_401' title='bbox 1714 322 1812 356; x_wconf 85' lang='grc' dir='ltr'><strong>ἀλόγου</strong></span> 
     </span>
    </p>
   </div>
   <div class='ocr_carea' id='block_1_68' title="bbox 1026 367 1810 406">
    <p class='ocr_par' dir='ltr' id='par_1_68' title="bbox 1026 367 1810 406">
     <span class='ocr_line' id='line_1_68' title="bbox 1026 367 1810 406; baseline -0.005 -9"><span class='ocrx_word' id='word_1_402' title='bbox 1026 371 1142 406; x_wconf 83' lang='grc' dir='ltr'>φύσεως.</span> <span class='ocrx_word' id='word_1_403' title='bbox 1163 369 1361 404; x_wconf 77' lang='grc' dir='ltr'>’Δναγνωστέον</span> <span class='ocrx_word' id='word_1_404' title='bbox 1378 369 1424 396; x_wconf 80' lang='grc' dir='ltr'>τὸν</span> <span class='ocrx_word' id='word_1_405' title='bbox 1438 368 1590 395; x_wconf 84' lang='grc' dir='ltr'>τελευταῖον</span> <span class='ocrx_word' id='word_1_406' title='bbox 1610 367 1687 402; x_wconf 88' lang='grc' dir='ltr'>λόγον</span> <span class='ocrx_word' id='word_1_407' title='bbox 1701 367 1748 394; x_wconf 86' lang='grc' dir='ltr'><strong>τοῦ</strong></span> <span class='ocrx_word' id='word_1_408' title='bbox 1768 367 1810 402; x_wconf 88' lang='grc' dir='ltr'><strong>βι-</strong></span> 
     </span>
    </p>
   </div>
   <div class='ocr_carea' id='block_1_69' title="bbox 1026 414 1809 452">
    <p class='ocr_par' dir='ltr' id='par_1_69' title="bbox 1026 414 1809 452">
     <span class='ocr_line' id='line_1_69' title="bbox 1026 414 1809 452; baseline -0.006 -8"><span class='ocrx_word' id='word_1_409' title='bbox 1026 417 1112 449; x_wconf 84' lang='grc' dir='ltr'>ϐλίου,</span> <span class='ocrx_word' id='word_1_410' title='bbox 1127 417 1157 444; x_wconf 85' lang='grc' dir='ltr'>ὃν</span> <span class='ocrx_word' id='word_1_411' title='bbox 1171 414 1246 444; x_wconf 74' lang='grc' dir='ltr'>εἶπεν</span> <span class='ocrx_word' id='word_1_412' title='bbox 1265 418 1305 448; x_wconf 82' lang='grc' dir='ltr'>εἰς</span> <span class='ocrx_word' id='word_1_413' title='bbox 1319 416 1369 452; x_wconf 80' lang='grc' dir='ltr'>τὴν</span> <span class='ocrx_word' id='word_1_414' title='bbox 1383 415 1515 442; x_wconf 83' lang='grc' dir='ltr'><strong>ὀπτασίαν</strong></span> <span class='ocrx_word' id='word_1_415' title='bbox 1535 414 1589 441; x_wconf 84' lang='grc' dir='ltr'>τῶν</span> <span class='ocrx_word' id='word_1_416' title='bbox 1608 415 1693 448; x_wconf 79' lang='grc' dir='ltr'>ἁγίων</span> <span class='ocrx_word' id='word_1_417' title='bbox 1712 422 1809 449; x_wconf 86' lang='grc' dir='ltr'>χερου-</span> 
     </span>
    </p>
   </div>
   <div class='ocr_carea' id='block_1_70' title="bbox 1026 459 1809 499">
    <p class='ocr_par' dir='ltr' id='par_1_70' title="bbox 1026 459 1809 499">
     <span class='ocr_line' id='line_1_70' title="bbox 1026 459 1809 499; baseline -0.005 -9"><span class='ocrx_word' id='word_1_418' title='bbox 1026 464 1089 499; x_wconf 70' lang='grc' dir='ltr'>ϐίμο</span> <span class='ocrx_word' id='word_1_419' title='bbox 1105 464 1164 490; x_wconf 74' lang='grc' dir='ltr'>ἐκεῖ</span> <span class='ocrx_word' id='word_1_420' title='bbox 1185 462 1240 498; x_wconf 86' lang='grc' dir='ltr'><strong>γὰρ</strong></span> <span class='ocrx_word' id='word_1_421' title='bbox 1255 463 1303 489; x_wconf 80' lang='grc' dir='ltr'>καὶ</span> <span class='ocrx_word' id='word_1_422' title='bbox 1319 461 1405 489; x_wconf 84' lang='grc' dir='ltr'>ταῦτα</span> <span class='ocrx_word' id='word_1_423' title='bbox 1426 463 1516 490; x_wconf 82' lang='grc' dir='ltr'>πάντα</span> <span class='ocrx_word' id='word_1_424' title='bbox 1538 461 1660 492; x_wconf 83' lang='grc' dir='ltr'><strong>πλατέως</strong></span> <span class='ocrx_word' id='word_1_425' title='bbox 1682 459 1809 495; x_wconf 87' lang='grc' dir='ltr'>διαγεγύ-</span> 
     </span>
    </p>
   </div>
   <div class='ocr_carea' id='block_1_71' title="bbox 1027 496 1819 545">
    <p class='ocr_par' dir='ltr' id='par_1_71' title="bbox 1027 496 1819 545">
     <span class='ocr_line' id='line_1_71' title="bbox 1027 496 1819 545; baseline -0.008 -9"><span class='ocrx_word' id='word_1_426' title='bbox 1027 517 1152 545; x_wconf 86' lang='grc' dir='ltr'>μνασται.</span> <span class='ocrx_word' id='word_1_427' title='bbox 1816 496 1819 499; x_wconf 58' lang='grc'><em>’</em></span> 
     </span>
    </p>
   </div>
   <div class='ocr_carea' id='block_1_72' title="bbox 1063 555 1809 592">
    <p class='ocr_par' dir='ltr' id='par_1_72' title="bbox 1063 555 1809 592">
     <span class='ocr_line' id='line_1_72' title="bbox 1063 555 1809 592; baseline -0.001 -8"><span class='ocrx_word' id='word_1_428' title='bbox 1063 558 1097 584; x_wconf 83' lang='grc' dir='ltr'><strong>Τὸ</strong></span> <span class='ocrx_word' id='word_1_429' title='bbox 1117 556 1194 592; x_wconf 78' lang='grc' dir='ltr'><strong>μηδὲ</strong></span> <span class='ocrx_word' id='word_1_430' title='bbox 1215 556 1250 584; x_wconf 77' lang='grc' dir='ltr'>ἓν</span> <span class='ocrx_word' id='word_1_431' title='bbox 1271 555 1331 583; x_wconf 71' lang='grc' dir='ltr'>τῶν·</span> <span class='ocrx_word' id='word_1_432' title='bbox 1350 556 1453 583; x_wconf 74' lang='grc' dir='ltr'>ὄντων.</span> <span class='ocrx_word' id='word_1_433' title='bbox 1475 556 1647 591; x_wconf 82' lang='grc' dir='ltr'>Σημείωσαι,</span> <span class='ocrx_word' id='word_1_434' title='bbox 1667 556 1708 583; x_wconf 81' lang='grc' dir='ltr'>ὅτι</span> <span class='ocrx_word' id='word_1_435' title='bbox 1732 556 1809 583; x_wconf 78' lang='grc' dir='ltr'>οὐδὲν</span> 
     </span>
    </p>
   </div>
   <div class='ocr_carea' id='block_1_73' title="bbox 1025 601 1814 638">
    <p class='ocr_par' dir='ltr' id='par_1_73' title="bbox 1025 601 1814 638">
     <span class='ocr_line' id='line_1_73' title="bbox 1025 601 1814 638; baseline -0.003 -8"><span class='ocrx_word' id='word_1_436' title='bbox 1025 602 1078 630; x_wconf 80' lang='grc' dir='ltr'><strong>τῶν</strong></span> <span class='ocrx_word' id='word_1_437' title='bbox 1092 602 1177 629; x_wconf 73' lang='grc' dir='ltr'>ὅντων</span> <span class='ocrx_word' id='word_1_438' title='bbox 1195 602 1338 637; x_wconf 73' lang='grc' dir='ltr'><strong>ἐπέρηται</strong></span> <span class='ocrx_word' id='word_1_439' title='bbox 1351 602 1402 637; x_wconf 83' lang='grc' dir='ltr'>τῆς</span> <span class='ocrx_word' id='word_1_440' title='bbox 1417 601 1464 628; x_wconf 86' lang='grc' dir='ltr'><strong>τοῦ</strong></span> <span class='ocrx_word' id='word_1_441' title='bbox 1483 601 1566 628; x_wconf 88' lang='grc' dir='ltr'>καλοῦ</span> <span class='ocrx_word' id='word_1_442' title='bbox 1586 602 1744 637; x_wconf 83' lang='grc' dir='ltr'>μετουσίας-</span> <span class='ocrx_word' id='word_1_443' title='bbox 1761 611 1814 638; x_wconf 69' lang='grc' dir='ltr'><strong>σηι</strong></span> 
     </span>
    </p>
   </div>
   <div class='ocr_carea' id='block_1_74' title="bbox 1027 644 1808 683">
    <p class='ocr_par' dir='ltr' id='par_1_74' title="bbox 1027 644 1808 683">
     <span class='ocr_line' id='line_1_74' title="bbox 1027 644 1808 683; baseline -0.001 -9"><span class='ocrx_word' id='word_1_444' title='bbox 1027 647 1154 683; x_wconf 69' lang='grc' dir='ltr'>μειωτέω</span> <span class='ocrx_word' id='word_1_445' title='bbox 1171 644 1218 674; x_wconf 84' lang='grc' dir='ltr'>οὖν</span> <span class='ocrx_word' id='word_1_446' title='bbox 1245 646 1272 673; x_wconf 87' lang='grc' dir='ltr'><strong>τί</strong></span> <span class='ocrx_word' id='word_1_447' title='bbox 1293 648 1392 674; x_wconf 82' lang='grc' dir='ltr'><strong>νοεῖται</strong></span> <span class='ocrx_word' id='word_1_448' title='bbox 1412 646 1428 672; x_wconf 98' lang='lat'><strong>6</strong></span> <span class='ocrx_word' id='word_1_449' title='bbox 1450 646 1534 681; x_wconf 74' lang='grc' dir='ltr'>θυμὸς</span> <span class='ocrx_word' id='word_1_450' title='bbox 1554 647 1600 673; x_wconf 76' lang='grc' dir='ltr'>ἐπὶ</span> <span class='ocrx_word' id='word_1_451' title='bbox 1622 646 1674 673; x_wconf 85' lang='grc' dir='ltr'>τῶν</span> <span class='ocrx_word' id='word_1_452' title='bbox 1692 646 1808 681; x_wconf 81' lang='grc' dir='ltr'>ἀλόγων,</span> 
     </span>
    </p>
   </div>
   <div class='ocr_carea' id='block_1_75' title="bbox 1026 692 1808 728">
    <p class='ocr_par' dir='ltr' id='par_1_75' title="bbox 1026 692 1808 728">
     <span class='ocr_line' id='line_1_75' title="bbox 1026 692 1808 728; baseline -0.003 -8"><span class='ocrx_word' id='word_1_453' title='bbox 1026 695 1073 721; x_wconf 80' lang='grc' dir='ltr'>καὶ</span> <span class='ocrx_word' id='word_1_454' title='bbox 1094 694 1121 720; x_wconf 90' lang='grc' dir='ltr'><strong>τί</strong></span> <span class='ocrx_word' id='word_1_455' title='bbox 1149 693 1203 720; x_wconf 53' lang='grc' dir='ltr'>ἐπὶν</span> <span class='ocrx_word' id='word_1_456' title='bbox 1220 693 1275 721; x_wconf 85' lang='grc' dir='ltr'><strong>τῶν</strong></span> <span class='ocrx_word' id='word_1_457' title='bbox 1302 692 1431 728; x_wconf 86' lang='grc' dir='ltr'>λογικῶν·</span> <span class='ocrx_word' id='word_1_458' title='bbox 1458 692 1507 719; x_wconf 85' lang='grc' dir='ltr'>καὶ</span> <span class='ocrx_word' id='word_1_459' title='bbox 1533 692 1560 718; x_wconf 91' lang='grc' dir='ltr'><strong>τί</strong></span> <span class='ocrx_word' id='word_1_460' title='bbox 1585 692 1723 728; x_wconf 80' lang='grc' dir='ltr'>ἐπιθυμία.</span> <span class='ocrx_word' id='word_1_461' title='bbox 1741 693 1808 719; x_wconf 81' lang='grc' dir='ltr'>ἑκα-</span> 
     </span>
    </p>
   </div>
   <div class='ocr_carea' id='block_1_76' title="bbox 1025 740 1120 776">
    <p class='ocr_par' dir='ltr' id='par_1_76' title="bbox 1025 740 1120 776">
     <span class='ocr_line' id='line_1_76' title="bbox 1025 740 1120 776; baseline 0 -10"><span class='ocrx_word' id='word_1_462' title='bbox 1025 740 1120 776; x_wconf 81' lang='grc' dir='ltr'>τέρων.</span> 
     </span>
    </p>
   </div>
   <div class='ocr_carea' id='block_1_77' title="bbox 1060 783 1811 821">
    <p class='ocr_par' dir='ltr' id='par_1_77' title="bbox 1060 783 1811 821">
     <span class='ocr_line' id='line_1_77' title="bbox 1060 783 1811 821; baseline -0.004 -8"><span class='ocrx_word' id='word_1_463' title='bbox 1060 786 1231 820; x_wconf 62' lang='grc' dir='ltr'>Λογιὸτηται</span> <span class='ocrx_word' id='word_1_464' title='bbox 1247 784 1426 821; x_wconf 75' lang='grc' dir='ltr'>Σημειωτέον,</span> <span class='ocrx_word' id='word_1_465' title='bbox 1441 784 1481 811; x_wconf 81' lang='grc' dir='ltr'>ὅτι</span> <span class='ocrx_word' id='word_1_466' title='bbox 1500 783 1546 811; x_wconf 71' lang='grc' dir='ltr'>καὶ</span> <span class='ocrx_word' id='word_1_467' title='bbox 1559 784 1605 811; x_wconf 72' lang='grc' dir='ltr'><strong>ἐπὶ</strong></span> <span class='ocrx_word' id='word_1_468' title='bbox 1625 783 1748 818; x_wconf 85' lang='grc' dir='ltr'>ἀγγέλων</span> <span class='ocrx_word' id='word_1_469' title='bbox 1762 783 1811 810; x_wconf 61' lang='grc' dir='ltr'>λον</span> 
     </span>
    </p>
   </div>
   <div class='ocr_carea' id='block_1_78' title="bbox 1026 829 1808 865">
    <p class='ocr_par' dir='ltr' id='par_1_78' title="bbox 1026 829 1808 865">
     <span class='ocr_line' id='line_1_78' title="bbox 1026 829 1808 865; baseline -0.001 -8"><span class='ocrx_word' id='word_1_470' title='bbox 1026 831 1137 865; x_wconf 82' lang='grc' dir='ltr'>γιότητα</span> <span class='ocrx_word' id='word_1_471' title='bbox 1160 830 1246 864; x_wconf 80' lang='grc' dir='ltr'><strong>λέγει·</strong></span> <span class='ocrx_word' id='word_1_472' title='bbox 1268 829 1440 864; x_wconf 76' lang='grc' dir='ltr'><strong>ἀμείλικτον</strong></span> <span class='ocrx_word' id='word_1_473' title='bbox 1458 829 1496 862; x_wconf 83' lang='grc' dir='ltr'><strong>δὲ,</strong></span> <span class='ocrx_word' id='word_1_474' title='bbox 1511 829 1570 865; x_wconf 75' lang='grc' dir='ltr'>ἦτοι</span> <span class='ocrx_word' id='word_1_475' title='bbox 1590 829 1745 862; x_wconf 65' lang='grc' dir='ltr'>ἀνένδοτον,</span> <span class='ocrx_word' id='word_1_476' title='bbox 1760 837 1808 856; x_wconf 84' lang='grc' dir='ltr'><strong>και</strong></span> 
     </span>
    </p>
   </div>
   <div class='ocr_carea' id='block_1_79' title="bbox 990 869 1189 911">
    <p class='ocr_par' dir='ltr' id='par_1_79' title="bbox 990 869 1189 911">
     <span class='ocr_line' id='line_1_79' title="bbox 990 869 1189 911; baseline 0 -9"><span class='ocrx_word' id='word_1_477' title='bbox 990 869 1012 896; x_wconf 83' lang='grc' dir='ltr'><strong>Β</strong></span> <span class='ocrx_word' id='word_1_478' title='bbox 1025 875 1189 911; x_wconf 82' lang='grc' dir='ltr'>ἁχαύνωτον.</span> 
     </span>
    </p>
   </div>
   <div class='ocr_carea' id='block_1_80' title="bbox 1065 899 1814 956">
    <p class='ocr_par' dir='ltr' id='par_1_80' title="bbox 1065 899 1814 956">
     <span class='ocr_line' id='line_1_80' title="bbox 1065 899 1814 956; baseline -0.004 -8"><span class='ocrx_word' id='word_1_479' title='bbox 1065 899 1248 956; x_wconf 61' lang='grc' dir='ltr'>Ἐπιθυμίαν.</span> <span class='ocrx_word' id='word_1_480' title='bbox 1265 921 1324 948; x_wconf 89' lang='grc' dir='ltr'>’Ότι</span> <span class='ocrx_word' id='word_1_481' title='bbox 1344 921 1361 956; x_wconf 82' lang='grc' dir='ltr'><strong>ἡ</strong></span> <span class='ocrx_word' id='word_1_482' title='bbox 1385 919 1516 954; x_wconf 78' lang='grc' dir='ltr'>ἐπιθυμία</span> <span class='ocrx_word' id='word_1_483' title='bbox 1535 919 1590 946; x_wconf 84' lang='grc' dir='ltr'><strong>τῶν</strong></span> <span class='ocrx_word' id='word_1_484' title='bbox 1613 919 1716 955; x_wconf 83' lang='grc' dir='ltr'><strong>νοητῶν</strong></span> <span class='ocrx_word' id='word_1_485' title='bbox 1738 899 1814 956; x_wconf 74' lang='grc' dir='ltr'>ἔρως</span> 
     </span>
    </p>
   </div>
   <div class='ocr_carea' id='block_1_81' title="bbox 1023 965 1735 1004">
    <p class='ocr_par' dir='ltr' id='par_1_81' title="bbox 1023 965 1735 1004">
     <span class='ocr_line' id='line_1_81' title="bbox 1023 965 1735 1004; baseline -0.001 -9"><span class='ocrx_word' id='word_1_486' title='bbox 1023 967 1136 1003; x_wconf 81' lang='grc' dir='ltr'>ἄσχετός</span> <span class='ocrx_word' id='word_1_487' title='bbox 1146 967 1204 994; x_wconf 72' lang='grc' dir='ltr'>ἐστι</span> <span class='ocrx_word' id='word_1_488' title='bbox 1217 967 1282 1004; x_wconf 77' lang='grc' dir='ltr'>περὶ</span> <span class='ocrx_word' id='word_1_489' title='bbox 1293 967 1339 994; x_wconf 79' lang='grc' dir='ltr'><strong>τὸν</strong></span> <span class='ocrx_word' id='word_1_490' title='bbox 1354 966 1431 999; x_wconf 81' lang='grc' dir='ltr'>Θεὸν,</span> <span class='ocrx_word' id='word_1_491' title='bbox 1445 966 1513 1001; x_wconf 82' lang='grc' dir='ltr'>ὅπερ</span> <span class='ocrx_word' id='word_1_492' title='bbox 1528 965 1604 993; x_wconf 84' lang='grc' dir='ltr'>καλεῖ</span> <span class='ocrx_word' id='word_1_493' title='bbox 1616 965 1735 994; x_wconf 82' lang='grc' dir='ltr'>ἀῡλίαν.</span> 
     </span>
    </p>
   </div>
   <div class='ocr_carea' id='block_1_82' title="bbox 1059 1054 1807 1091">
    <p class='ocr_par' dir='ltr' id='par_1_82' title="bbox 1059 1054 1807 1091">
     <span class='ocr_line' id='line_1_82' title="bbox 1059 1054 1807 1091; baseline -0.003 -7"><span class='ocrx_word' id='word_1_494' title='bbox 1059 1057 1109 1084; x_wconf 81' lang='grc' dir='ltr'><strong>Διά</strong></span> <span class='ocrx_word' id='word_1_495' title='bbox 1123 1057 1175 1084; x_wconf 81' lang='grc' dir='ltr'>τὸν</span> <span class='ocrx_word' id='word_1_496' title='bbox 1187 1055 1287 1091; x_wconf 77' lang='grc' dir='ltr'>ἀμιγῆ.</span> <span class='ocrx_word' id='word_1_497' title='bbox 1310 1055 1409 1091; x_wconf 83' lang='grc' dir='ltr'>Ἀμιγῆ</span> <span class='ocrx_word' id='word_1_498' title='bbox 1424 1063 1490 1091; x_wconf 83' lang='grc' dir='ltr'>φησι</span> <span class='ocrx_word' id='word_1_499' title='bbox 1508 1055 1554 1082; x_wconf 84' lang='grc' dir='ltr'><strong>τὸν</strong></span> <span class='ocrx_word' id='word_1_500' title='bbox 1570 1054 1689 1090; x_wconf 79' lang='grc' dir='ltr'>καθαρὸν</span> <span class='ocrx_word' id='word_1_501' title='bbox 1705 1056 1752 1082; x_wconf 81' lang='grc' dir='ltr'>καὶ</span> <span class='ocrx_word' id='word_1_502' title='bbox 1766 1055 1807 1087; x_wconf 76' lang='grc' dir='ltr'>εἰς</span> 
     </span>
    </p>
   </div>
   <div class='ocr_carea' id='block_1_83' title="bbox 1023 1100 1807 1138">
    <p class='ocr_par' dir='ltr' id='par_1_83' title="bbox 1023 1100 1807 1138">
     <span class='ocr_line' id='line_1_83' title="bbox 1023 1100 1807 1138; baseline 0 -9"><span class='ocrx_word' id='word_1_503' title='bbox 1023 1103 1098 1130; x_wconf 77' lang='grc' dir='ltr'>οὐδὲν</span> <span class='ocrx_word' id='word_1_504' title='bbox 1111 1103 1203 1138; x_wconf 72' lang='grc' dir='ltr'>ἕτερον</span> <span class='ocrx_word' id='word_1_505' title='bbox 1225 1102 1390 1137; x_wconf 85' lang='grc' dir='ltr'>ὲσχολακότα</span> <span class='ocrx_word' id='word_1_506' title='bbox 1401 1109 1409 1116; x_wconf 82' lang='grc'><strong>’</strong></span> <span class='ocrx_word' id='word_1_507' title='bbox 1426 1102 1440 1128; x_wconf 86' lang='grc' dir='ltr'><strong><em>ὸ</em></strong></span> <span class='ocrx_word' id='word_1_508' title='bbox 1455 1100 1508 1137; x_wconf 85' lang='grc' dir='ltr'><strong>γὰρ</strong></span> <span class='ocrx_word' id='word_1_509' title='bbox 1523 1101 1588 1136; x_wconf 82' lang='grc' dir='ltr'><strong>θείῳ</strong></span> <span class='ocrx_word' id='word_1_510' title='bbox 1604 1100 1684 1136; x_wconf 77' lang='grc' dir='ltr'>ἑριιγτι</span> <span class='ocrx_word' id='word_1_511' title='bbox 1699 1102 1807 1138; x_wconf 85' lang='grc' dir='ltr'>περιδε-</span> 
     </span>
    </p>
   </div>
   <div class='ocr_carea' id='block_1_84' title="bbox 1023 1147 1807 1185">
    <p class='ocr_par' dir='ltr' id='par_1_84' title="bbox 1023 1147 1807 1185">
     <span class='ocr_line' id='line_1_84' title="bbox 1023 1147 1807 1185; baseline 0 -9"><span class='ocrx_word' id='word_1_512' title='bbox 1023 1149 1174 1185; x_wconf 81' lang='grc' dir='ltr'>δραγμένος</span> <span class='ocrx_word' id='word_1_513' title='bbox 1183 1149 1242 1180; x_wconf 79' lang='grc' dir='ltr'>ὅλος</span> <span class='ocrx_word' id='word_1_514' title='bbox 1257 1148 1331 1175; x_wconf 75' lang='grc' dir='ltr'>ἐστὶν</span> <span class='ocrx_word' id='word_1_515' title='bbox 1347 1147 1440 1180; x_wconf 79' lang='grc' dir='ltr'>αὐτοῦ,</span> <span class='ocrx_word' id='word_1_516' title='bbox 1455 1148 1502 1174; x_wconf 76' lang='grc' dir='ltr'>καὶ</span> <span class='ocrx_word' id='word_1_517' title='bbox 1515 1149 1554 1179; x_wconf 80' lang='grc' dir='ltr'>εἰς</span> <span class='ocrx_word' id='word_1_518' title='bbox 1570 1148 1600 1175; x_wconf 83' lang='grc' dir='ltr'>τὸ</span> <span class='ocrx_word' id='word_1_519' title='bbox 1617 1147 1710 1182; x_wconf 71' lang='grc' dir='ltr'>ἐφετὸν</span> <span class='ocrx_word' id='word_1_520' title='bbox 1727 1148 1807 1183; x_wconf 81' lang='grc' dir='ltr'>μόνον</span> 
     </span>
    </p>
   </div>
   <div class='ocr_carea' id='block_1_85' title="bbox 1023 1192 1806 1230">
    <p class='ocr_par' dir='ltr' id='par_1_85' title="bbox 1023 1192 1806 1230">
     <span class='ocr_line' id='line_1_85' title="bbox 1023 1192 1806 1230; baseline -0.004 -8"><span class='ocrx_word' id='word_1_521' title='bbox 1023 1195 1199 1227; x_wconf 83' lang='grc' dir='ltr'>ἀνατείνεται,</span> <span class='ocrx_word' id='word_1_522' title='bbox 1219 1194 1295 1230; x_wconf 82' lang='grc' dir='ltr'>παρὰ</span> <span class='ocrx_word' id='word_1_523' title='bbox 1317 1193 1428 1229; x_wconf 79' lang='grc' dir='ltr'>μηδενὸς</span> <span class='ocrx_word' id='word_1_524' title='bbox 1443 1193 1609 1228; x_wconf 81' lang='grc' dir='ltr'>κωλυόμενος</span> <span class='ocrx_word' id='word_1_525' title='bbox 1628 1192 1806 1228; x_wconf 84' lang='grc' dir='ltr'>μεταϐατικοῦ</span> 
     </span>
    </p>
   </div>
   <div class='ocr_carea' id='block_1_86' title="bbox 1023 1234 1806 1275">
    <p class='ocr_par' dir='ltr' id='par_1_86' title="bbox 1023 1234 1806 1275">
     <span class='ocr_line' id='line_1_86' title="bbox 1023 1234 1806 1275; baseline -0.005 -8"><span class='ocrx_word' id='word_1_526' title='bbox 1023 1240 1071 1268; x_wconf 75' lang='grc' dir='ltr'>καὶ</span> <span class='ocrx_word' id='word_1_527' title='bbox 1093 1238 1248 1275; x_wconf 79' lang='grc' dir='ltr'>σωματικοῦ</span> <span class='ocrx_word' id='word_1_528' title='bbox 1265 1238 1354 1272; x_wconf 89' lang='grc' dir='ltr'>λόγου.</span> <span class='ocrx_word' id='word_1_529' title='bbox 1378 1237 1500 1272; x_wconf 80' lang='grc' dir='ltr'>Ἀλογίαν</span> <span class='ocrx_word' id='word_1_530' title='bbox 1523 1237 1551 1264; x_wconf 81' lang='grc' dir='ltr'>δὲ</span> <span class='ocrx_word' id='word_1_531' title='bbox 1572 1237 1722 1271; x_wconf 82' lang='grc' dir='ltr'>φάσκοντες</span> <span class='ocrx_word' id='word_1_532' title='bbox 1737 1234 1806 1263; x_wconf 78' lang='grc' dir='ltr'>εἶναι</span> 
     </span>
    </p>
   </div>
   <div class='ocr_carea' id='block_1_87' title="bbox 1023 1283 1807 1320">
    <p class='ocr_par' dir='ltr' id='par_1_87' title="bbox 1023 1283 1807 1320">
     <span class='ocr_line' id='line_1_87' title="bbox 1023 1283 1807 1320; baseline -0.005 -7"><span class='ocrx_word' id='word_1_533' title='bbox 1023 1287 1052 1313; x_wconf 83' lang='grc' dir='ltr'>ὲν</span> <span class='ocrx_word' id='word_1_534' title='bbox 1079 1287 1139 1317; x_wconf 87' lang='grc' dir='ltr'>ταῖς</span> <span class='ocrx_word' id='word_1_535' title='bbox 1165 1285 1319 1320; x_wconf 82' lang='grc' dir='ltr'>ἀσωμάτοις</span> <span class='ocrx_word' id='word_1_536' title='bbox 1341 1284 1455 1316; x_wconf 79' lang='grc' dir='ltr'>οὐσίαις,</span> <span class='ocrx_word' id='word_1_537' title='bbox 1480 1284 1531 1310; x_wconf 87' lang='grc' dir='ltr'>οὐκ</span> <span class='ocrx_word' id='word_1_538' title='bbox 1558 1283 1686 1318; x_wconf 83' lang='grc' dir='ltr'>ἀνοησίαν</span> <span class='ocrx_word' id='word_1_539' title='bbox 1712 1283 1807 1314; x_wconf 83' lang='grc' dir='ltr'>αὐταῖς</span> 
     </span>
    </p>
   </div>
   <div class='ocr_carea' id='block_1_88' title="bbox 1023 1328 1806 1368">
    <p class='ocr_par' dir='ltr' id='par_1_88' title="bbox 1023 1328 1806 1368">
     <span class='ocr_line' id='line_1_88' title="bbox 1023 1328 1806 1368; baseline -0.005 -10"><span class='ocrx_word' id='word_1_540' title='bbox 1023 1331 1199 1368; x_wconf 79' lang='grc' dir='ltr'>ὲνυϐρίζομεν</span> <span class='ocrx_word' id='word_1_541' title='bbox 1217 1331 1245 1358; x_wconf 78' lang='grc' dir='ltr'>ὲν</span> <span class='ocrx_word' id='word_1_542' title='bbox 1261 1330 1306 1365; x_wconf 56' lang='grc' dir='ltr'><strong>»τῷ</strong></span> <span class='ocrx_word' id='word_1_543' title='bbox 1324 1330 1367 1357; x_wconf 83' lang='grc' dir='ltr'><strong>διὰ</strong></span> <span class='ocrx_word' id='word_1_544' title='bbox 1386 1329 1438 1356; x_wconf 86' lang='grc' dir='ltr'><strong>τῶν</strong></span> <span class='ocrx_word' id='word_1_545' title='bbox 1460 1329 1600 1356; x_wconf 84' lang='grc' dir='ltr'>λεοντείων</span> <span class='ocrx_word' id='word_1_546' title='bbox 1622 1328 1741 1364; x_wconf 83' lang='grc' dir='ltr'>μορφῶν,</span> <span class='ocrx_word' id='word_1_547' title='bbox 1759 1328 1806 1355; x_wconf 74' lang='grc' dir='ltr'>καὶ</span> 
     </span>
    </p>
   </div>
   <div class='ocr_carea' id='block_1_89' title="bbox 1021 1373 1805 1413">
    <p class='ocr_par' dir='ltr' id='par_1_89' title="bbox 1021 1373 1805 1413">
     <span class='ocr_line' id='line_1_89' title="bbox 1021 1373 1805 1413; baseline -0.006 -8"><span class='ocrx_word' id='word_1_548' title='bbox 1021 1378 1076 1405; x_wconf 83' lang='grc' dir='ltr'>τῶν</span> <span class='ocrx_word' id='word_1_549' title='bbox 1092 1377 1222 1413; x_wconf 88' lang='grc' dir='ltr'>μοσχείων</span> <span class='ocrx_word' id='word_1_550' title='bbox 1238 1376 1286 1403; x_wconf 74' lang='grc' dir='ltr'>καὶ</span> <span class='ocrx_word' id='word_1_551' title='bbox 1301 1375 1520 1412; x_wconf 79' lang='grc' dir='ltr'>τῶνόρνιθείων,</span> <span class='ocrx_word' id='word_1_552' title='bbox 1537 1375 1574 1407; x_wconf 83' lang='grc' dir='ltr'>ὡς</span> <span class='ocrx_word' id='word_1_553' title='bbox 1591 1375 1636 1401; x_wconf 71' lang='grc' dir='ltr'><strong>ἐπὶ</strong></span> <span class='ocrx_word' id='word_1_554' title='bbox 1649 1374 1696 1400; x_wconf 84' lang='grc' dir='ltr'><strong>τοῦ</strong></span> <span class='ocrx_word' id='word_1_555' title='bbox 1714 1373 1805 1406; x_wconf 83' lang='grc' dir='ltr'><strong>ἀετοῦ,</strong></span> 
     </span>
    </p>
   </div>
   <div class='ocr_carea' id='block_1_90' title="bbox 1022 1421 1806 1458">
    <p class='ocr_par' dir='ltr' id='par_1_90' title="bbox 1022 1421 1806 1458">
     <span class='ocr_line' id='line_1_90' title="bbox 1022 1421 1806 1458; baseline -0.008 -7"><span class='ocrx_word' id='word_1_556' title='bbox 1022 1424 1126 1458; x_wconf 78' lang='grc' dir='ltr'>ἀλόγων</span> <span class='ocrx_word' id='word_1_557' title='bbox 1147 1423 1249 1454; x_wconf 86' lang='grc' dir='ltr'>τύπους</span> <span class='ocrx_word' id='word_1_558' title='bbox 1275 1422 1323 1449; x_wconf 75' lang='grc' dir='ltr'>καὶ</span> <span class='ocrx_word' id='word_1_559' title='bbox 1344 1421 1471 1457; x_wconf 90' lang='grc' dir='ltr'>σύμϐολα.</span> <span class='ocrx_word' id='word_1_560' title='bbox 1484 1421 1584 1456; x_wconf 81' lang='grc' dir='ltr'>λέγειν,</span> <span class='ocrx_word' id='word_1_561' title='bbox 1610 1421 1726 1457; x_wconf 84' lang='grc' dir='ltr'>πρέπειν</span> <span class='ocrx_word' id='word_1_562' title='bbox 1750 1421 1806 1452; x_wconf 83' lang='grc' dir='ltr'>τοῖς</span> 
     </span>
    </p>
   </div>
   <div class='ocr_carea' id='block_1_91' title="bbox 1022 1466 1805 1506">
    <p class='ocr_par' dir='ltr' id='par_1_91' title="bbox 1022 1466 1805 1506">
     <span class='ocr_line' id='line_1_91' title="bbox 1022 1466 1805 1506; baseline -0.006 -9"><span class='ocrx_word' id='word_1_563' title='bbox 1022 1469 1156 1506; x_wconf 71' lang='grc' dir='ltr'>οὐρανίοις</span> <span class='ocrx_word' id='word_1_564' title='bbox 1172 1469 1322 1505; x_wconf 83' lang='grc' dir='ltr'>τάγμασιν,</span> <span class='ocrx_word' id='word_1_565' title='bbox 1343 1468 1411 1495; x_wconf 81' lang='grc' dir='ltr'>ἀλλὰ</span> <span class='ocrx_word' id='word_1_566' title='bbox 1436 1467 1573 1503; x_wconf 80' lang='grc' dir='ltr'>μυστικῶς</span> <span class='ocrx_word' id='word_1_567' title='bbox 1590 1468 1620 1494; x_wconf 80' lang='grc' dir='ltr'>τὸ</span> <span class='ocrx_word' id='word_1_568' title='bbox 1638 1466 1805 1503; x_wconf 76' lang='grc' dir='ltr'>ἐξηλλαγμέ-</span> 
     </span>
    </p>
   </div>
   <div class='ocr_carea' id='block_1_92' title="bbox 1020 1513 1810 1549">
    <p class='ocr_par' dir='ltr' id='par_1_92' title="bbox 1020 1513 1810 1549">
     <span class='ocr_line' id='line_1_92' title="bbox 1020 1513 1810 1549; baseline -0.003 -6"><span class='ocrx_word' id='word_1_569' title='bbox 1020 1525 1067 1544; x_wconf 77' lang='grc' dir='ltr'><strong>νον</strong></span> <span class='ocrx_word' id='word_1_570' title='bbox 1087 1515 1134 1543; x_wconf 76' lang='grc' dir='ltr'><strong>τοῦ</strong></span> <span class='ocrx_word' id='word_1_571' title='bbox 1157 1516 1216 1542; x_wconf 75' lang='grc' dir='ltr'>κατ’</span> <span class='ocrx_word' id='word_1_572' title='bbox 1237 1515 1356 1546; x_wconf 69' lang='grc' dir='ltr'>ἐκείνους</span> <span class='ocrx_word' id='word_1_573' title='bbox 1378 1513 1489 1549; x_wconf 79' lang='grc' dir='ltr'>λογικοῦ</span> <span class='ocrx_word' id='word_1_574' title='bbox 1518 1513 1586 1549; x_wconf 81' lang='grc' dir='ltr'>πρὸς</span> <span class='ocrx_word' id='word_1_575' title='bbox 1604 1514 1635 1540; x_wconf 85' lang='grc' dir='ltr'><strong>τὺ</strong></span> <span class='ocrx_word' id='word_1_576' title='bbox 1658 1513 1718 1540; x_wconf 80' lang='grc' dir='ltr'>καθ’</span> <span class='ocrx_word' id='word_1_577' title='bbox 1733 1513 1810 1548; x_wconf 76' lang='grc' dir='ltr'>ἡμᾶς.</span> 
     </span>
    </p>
   </div>
   <div class='ocr_carea' id='block_1_93' title="bbox 1024 1559 1805 1598">
    <p class='ocr_par' dir='ltr' id='par_1_93' title="bbox 1024 1559 1805 1598">
     <span class='ocr_line' id='line_1_93' title="bbox 1024 1559 1805 1598; baseline -0.004 -10"><span class='ocrx_word' id='word_1_578' title='bbox 1024 1562 1209 1598; x_wconf 54' lang='grc' dir='ltr'>σημαίνομεν</span> <span class='ocrx_word' id='word_1_579' title='bbox 1237 1562 1318 1597; x_wconf 82' lang='grc' dir='ltr'>ἡμεῖς</span> <span class='ocrx_word' id='word_1_580' title='bbox 1349 1560 1404 1596; x_wconf 86' lang='grc' dir='ltr'><strong>γὰρ</strong></span> <span class='ocrx_word' id='word_1_581' title='bbox 1430 1560 1461 1587; x_wconf 81' lang='grc' dir='ltr'>τὸ</span> <span class='ocrx_word' id='word_1_582' title='bbox 1495 1559 1602 1594; x_wconf 81' lang='grc' dir='ltr'>λογικὸν</span> <span class='ocrx_word' id='word_1_583' title='bbox 1629 1559 1805 1594; x_wconf 67' lang='grc' dir='ltr'>παριστῶμεν</span> 
     </span>
    </p>
   </div>
   <div class='ocr_carea' id='block_1_94' title="bbox 1023 1605 1806 1644">
    <p class='ocr_par' dir='ltr' id='par_1_94' title="bbox 1023 1605 1806 1644">
     <span class='ocr_line' id='line_1_94' title="bbox 1023 1605 1806 1644; baseline -0.006 -8"><span class='ocrx_word' id='word_1_584' title='bbox 1023 1609 1066 1636; x_wconf 79' lang='grc' dir='ltr'>διὰ</span> <span class='ocrx_word' id='word_1_585' title='bbox 1081 1608 1127 1635; x_wconf 85' lang='grc' dir='ltr'><strong>τοῦ</strong></span> <span class='ocrx_word' id='word_1_586' title='bbox 1142 1609 1192 1644; x_wconf 79' lang='grc' dir='ltr'>τῆς</span> <span class='ocrx_word' id='word_1_587' title='bbox 1206 1607 1327 1643; x_wconf 79' lang='grc' dir='ltr'>γλώττης</span> <span class='ocrx_word' id='word_1_588' title='bbox 1341 1606 1495 1643; x_wconf 82' lang='grc' dir='ltr'>ὀργανικοῦ,</span> <span class='ocrx_word' id='word_1_589' title='bbox 1514 1606 1560 1632; x_wconf 76' lang='grc' dir='ltr'>καὶ</span> <span class='ocrx_word' id='word_1_590' title='bbox 1575 1605 1629 1632; x_wconf 86' lang='grc' dir='ltr'><strong>τῶν</strong></span> <span class='ocrx_word' id='word_1_591' title='bbox 1646 1605 1806 1641; x_wconf 80' lang='grc' dir='ltr'>φωνητικῶν</span> 
     </span>
    </p>
   </div>
   <div class='ocr_carea' id='block_1_95' title="bbox 1023 1650 1805 1689">
    <p class='ocr_par' dir='ltr' id='par_1_95' title="bbox 1023 1650 1805 1689">
     <span class='ocr_line' id='line_1_95' title="bbox 1023 1650 1805 1689; baseline -0.005 -8"><span class='ocrx_word' id='word_1_592' title='bbox 1023 1654 1125 1687; x_wconf 84' lang='grc' dir='ltr'>τύπων,</span> <span class='ocrx_word' id='word_1_593' title='bbox 1144 1654 1289 1685; x_wconf 84' lang='grc' dir='ltr'>τύπτοντες</span> <span class='ocrx_word' id='word_1_594' title='bbox 1303 1653 1347 1680; x_wconf 83' lang='grc' dir='ltr'>τὸν</span> <span class='ocrx_word' id='word_1_595' title='bbox 1363 1653 1431 1689; x_wconf 82' lang='grc' dir='ltr'>ἀέρα</span> <span class='ocrx_word' id='word_1_596' title='bbox 1447 1652 1486 1688; x_wconf 81' lang='grc' dir='ltr'>τῷ</span> <span class='ocrx_word' id='word_1_597' title='bbox 1502 1651 1672 1686; x_wconf 80' lang='grc' dir='ltr'>διαλεκτικῷ,</span> <span class='ocrx_word' id='word_1_598' title='bbox 1691 1652 1738 1678; x_wconf 76' lang='grc' dir='ltr'>καὶ</span> <span class='ocrx_word' id='word_1_599' title='bbox 1758 1650 1805 1678; x_wconf 89' lang='grc' dir='ltr'><strong>τοῦ</strong></span> 
     </span>
    </p>
   </div>
   <div class='ocr_carea' id='block_1_96' title="bbox 1023 1696 1806 1736">
    <p class='ocr_par' dir='ltr' id='par_1_96' title="bbox 1023 1696 1806 1736">
     <span class='ocr_line' id='line_1_96' title="bbox 1023 1696 1806 1736; baseline -0.006 -9"><span class='ocrx_word' id='word_1_600' title='bbox 1023 1700 1101 1735; x_wconf 86' lang='grc' dir='ltr'>λόγου</span> <span class='ocrx_word' id='word_1_601' title='bbox 1116 1700 1318 1736; x_wconf 84' lang='grc' dir='ltr'>μεταϐαίνοντος</span> <span class='ocrx_word' id='word_1_602' title='bbox 1341 1698 1370 1732; x_wconf 79' lang='grc' dir='ltr'>ἐξ</span> <span class='ocrx_word' id='word_1_603' title='bbox 1385 1698 1464 1734; x_wconf 84' lang='grc' dir='ltr'>ἡμῶν</span> <span class='ocrx_word' id='word_1_604' title='bbox 1480 1699 1519 1730; x_wconf 82' lang='grc' dir='ltr'>εἰς</span> <span class='ocrx_word' id='word_1_605' title='bbox 1532 1698 1582 1729; x_wconf 80' lang='grc' dir='ltr'>τὰς</span> <span class='ocrx_word' id='word_1_606' title='bbox 1596 1697 1650 1724; x_wconf 85' lang='grc' dir='ltr'><strong>τῶν</strong></span> <span class='ocrx_word' id='word_1_607' title='bbox 1665 1696 1806 1733; x_wconf 83' lang='grc' dir='ltr'>ἀκροωμέ-</span> 
     </span>
    </p>
   </div>
   <div class='ocr_carea' id='block_1_97' title="bbox 1023 1742 1805 1780">
    <p class='ocr_par' dir='ltr' id='par_1_97' title="bbox 1023 1742 1805 1780">
     <span class='ocr_line' id='line_1_97' title="bbox 1023 1742 1805 1780; baseline -0.008 -6"><span class='ocrx_word' id='word_1_608' title='bbox 1023 1756 1075 1775; x_wconf 88' lang='grc' dir='ltr'><strong>νων</strong></span> <span class='ocrx_word' id='word_1_609' title='bbox 1094 1746 1178 1778; x_wconf 78' lang='grc' dir='ltr'>ἀκοὰς</span> <span class='ocrx_word' id='word_1_610' title='bbox 1198 1747 1230 1773; x_wconf 78' lang='grc' dir='ltr'>ἐκ</span> <span class='ocrx_word' id='word_1_611' title='bbox 1252 1744 1379 1780; x_wconf 78' lang='grc' dir='ltr'>σώματος</span> <span class='ocrx_word' id='word_1_612' title='bbox 1404 1746 1444 1776; x_wconf 80' lang='grc' dir='ltr'>εἰς</span> <span class='ocrx_word' id='word_1_613' title='bbox 1467 1744 1556 1780; x_wconf 79' lang='grc' dir='ltr'>σῶμα,</span> <span class='ocrx_word' id='word_1_614' title='bbox 1573 1743 1644 1770; x_wconf 77' lang='grc' dir='ltr'>καθά</span> <span class='ocrx_word' id='word_1_615' title='bbox 1668 1751 1734 1778; x_wconf 85' lang='grc' dir='ltr'>φησι</span> <span class='ocrx_word' id='word_1_616' title='bbox 1759 1742 1805 1769; x_wconf 79' lang='grc' dir='ltr'>καὶ</span> 
     </span>
    </p>
   </div>
   <div class='ocr_carea' id='block_1_98' title="bbox 1023 1788 1810 1826">
    <p class='ocr_par' dir='ltr' id='par_1_98' title="bbox 1023 1788 1810 1826">
     <span class='ocr_line' id='line_1_98' title="bbox 1023 1788 1810 1826; baseline -0.008 -6"><span class='ocrx_word' id='word_1_617' title='bbox 1023 1795 1037 1821; x_wconf 88' lang='lat'><strong>6</strong></span> <span class='ocrx_word' id='word_1_618' title='bbox 1051 1793 1121 1825; x_wconf 84' lang='grc' dir='ltr'>θεῖος</span> <span class='ocrx_word' id='word_1_619' title='bbox 1136 1792 1272 1824; x_wconf 87' lang='grc' dir='ltr'>Βασίλειος</span> <span class='ocrx_word' id='word_1_620' title='bbox 1285 1792 1314 1818; x_wconf 79' lang='grc' dir='ltr'>ἐν</span> <span class='ocrx_word' id='word_1_621' title='bbox 1325 1791 1364 1826; x_wconf 82' lang='grc' dir='ltr'>τῷ</span> <span class='ocrx_word' id='word_1_622' title='bbox 1378 1791 1441 1826; x_wconf 74' lang='grc' dir='ltr'>περὶ</span> <span class='ocrx_word' id='word_1_623' title='bbox 1460 1790 1517 1821; x_wconf 84' lang='grc' dir='ltr'>τοῦ,</span> <span class='ocrx_word' id='word_1_624' title='bbox 1532 1790 1664 1823; x_wconf 84' lang='grc' dir='ltr'>Πρόσεχε</span> <span class='ocrx_word' id='word_1_625' title='bbox 1678 1788 1810 1820; x_wconf 85' lang='grc' dir='ltr'>σεαυτῷ,.</span> 
     </span>
    </p>
   </div>
   <div class='ocr_carea' id='block_1_99' title="bbox 1023 1832 1804 1874">
    <p class='ocr_par' dir='ltr' id='par_1_99' title="bbox 1023 1832 1804 1874">
     <span class='ocr_line' id='line_1_99' title="bbox 1023 1832 1804 1874; baseline -0.01 -8"><span class='ocrx_word' id='word_1_626' title='bbox 1023 1839 1108 1874; x_wconf 87' lang='grc' dir='ltr'>λόγῳ,</span> <span class='ocrx_word' id='word_1_627' title='bbox 1125 1839 1182 1865; x_wconf 75' lang='grc' dir='ltr'>ἐκεῖ</span> <span class='ocrx_word' id='word_1_628' title='bbox 1195 1837 1226 1864; x_wconf 80' lang='grc' dir='ltr'><strong>δὲ</strong></span> <span class='ocrx_word' id='word_1_629' title='bbox 1237 1837 1286 1872; x_wconf 81' lang='grc' dir='ltr'><strong>οὐχ</strong></span> <span class='ocrx_word' id='word_1_630' title='bbox 1301 1837 1408 1868; x_wconf 58' lang='grc' dir='ltr'>οὕτως,</span> <span class='ocrx_word' id='word_1_631' title='bbox 1421 1835 1477 1862; x_wconf 80' lang='grc' dir='ltr'>ἀλλ’</span> <span class='ocrx_word' id='word_1_632' title='bbox 1497 1836 1526 1861; x_wconf 80' lang='grc' dir='ltr'>ὲν</span> <span class='ocrx_word' id='word_1_633' title='bbox 1541 1833 1683 1868; x_wconf 77' lang='grc' dir='ltr'>ἀσωματίᾳ</span> <span class='ocrx_word' id='word_1_634' title='bbox 1702 1832 1804 1867; x_wconf 82' lang='grc' dir='ltr'>τυγχά-</span> 
     </span>
    </p>
   </div>
   <div class='ocr_carea' id='block_1_100' title="bbox 1023 1876 1806 1917">
    <p class='ocr_par' dir='ltr' id='par_1_100' title="bbox 1023 1876 1806 1917">
     <span class='ocr_line' id='line_1_100' title="bbox 1023 1876 1806 1917; baseline -0.011 -6"><span class='ocrx_word' id='word_1_635' title='bbox 1023 1892 1122 1916; x_wconf 90' lang='grc' dir='ltr'>νοντες,</span> <span class='ocrx_word' id='word_1_636' title='bbox 1138 1884 1186 1910; x_wconf 75' lang='grc' dir='ltr'>καὶ</span> <span class='ocrx_word' id='word_1_637' title='bbox 1199 1883 1239 1914; x_wconf 85' lang='grc' dir='ltr'><strong>είς</strong></span> <span class='ocrx_word' id='word_1_638' title='bbox 1255 1881 1384 1917; x_wconf 76' lang='grc' dir='ltr'>ἀλλήλους</span> <span class='ocrx_word' id='word_1_639' title='bbox 1399 1879 1552 1916; x_wconf 80' lang='grc' dir='ltr'>χωροῦντες</span> <span class='ocrx_word' id='word_1_640' title='bbox 1567 1878 1614 1904; x_wconf 77' lang='grc' dir='ltr'>καὶ</span> <span class='ocrx_word' id='word_1_641' title='bbox 1632 1876 1806 1912; x_wconf 84' lang='grc' dir='ltr'>ἀποχωροῦν-</span> 
     </span>
    </p>
   </div>
   <div class='ocr_carea' id='block_1_101' title="bbox 1022 1923 1806 1964">
    <p class='ocr_par' dir='ltr' id='par_1_101' title="bbox 1022 1923 1806 1964">
     <span class='ocr_line' id='line_1_101' title="bbox 1022 1923 1806 1964; baseline -0.013 -7"><span class='ocrx_word' id='word_1_642' title='bbox 1022 1939 1081 1963; x_wconf 88' lang='grc' dir='ltr'>τες,</span> <span class='ocrx_word' id='word_1_643' title='bbox 1098 1929 1197 1961; x_wconf 73' lang='grc' dir='ltr'>παντὸς</span> <span class='ocrx_word' id='word_1_644' title='bbox 1213 1928 1290 1962; x_wconf 87' lang='grc' dir='ltr'>λόγου</span> <span class='ocrx_word' id='word_1_645' title='bbox 1311 1928 1470 1964; x_wconf 78' lang='grc' dir='ltr'>τρανότερον</span> <span class='ocrx_word' id='word_1_646' title='bbox 1490 1924 1539 1955; x_wconf 85' lang='grc' dir='ltr'><strong>τὰς</strong></span> <span class='ocrx_word' id='word_1_647' title='bbox 1556 1923 1677 1958; x_wconf 81' lang='grc' dir='ltr'>ἀλλήλων</span> <span class='ocrx_word' id='word_1_648' title='bbox 1699 1923 1806 1958; x_wconf 77' lang='grc' dir='ltr'>νοήσεις</span> 
     </span>
    </p>
   </div>
   <div class='ocr_carea' id='block_1_102' title="bbox 1023 1965 1805 2007">
    <p class='ocr_par' dir='ltr' id='par_1_102' title="bbox 1023 1965 1805 2007">
     <span class='ocr_line' id='line_1_102' title="bbox 1023 1965 1805 2007; baseline -0.013 -5"><span class='ocrx_word' id='word_1_649' title='bbox 1023 1974 1243 2006; x_wconf 81' lang='grc' dir='ltr'>κατοπτεύοντες,</span> <span class='ocrx_word' id='word_1_650' title='bbox 1251 1971 1373 2007; x_wconf 83' lang='grc' dir='ltr'>ἀλλήλοις</span> <span class='ocrx_word' id='word_1_651' title='bbox 1380 1970 1473 2005; x_wconf 85' lang='grc' dir='ltr'>ὥσπερ</span> <span class='ocrx_word' id='word_1_652' title='bbox 1483 1968 1659 2003; x_wconf 80' lang='grc' dir='ltr'>διαλέγονται,</span> <span class='ocrx_word' id='word_1_653' title='bbox 1669 1967 1713 1994; x_wconf 83' lang='grc' dir='ltr'>διὰ</span> <span class='ocrx_word' id='word_1_654' title='bbox 1726 1965 1805 2002; x_wconf 76' lang='grc' dir='ltr'>σιγῆς</span> 
     </span>
    </p>
   </div>
   <div class='ocr_carea' id='block_1_103' title="bbox 1022 2015 1508 2056">
    <p class='ocr_par' dir='ltr' id='par_1_103' title="bbox 1022 2015 1508 2056">
     <span class='ocr_line' id='line_1_103' title="bbox 1022 2015 1508 2056; baseline -0.008 -8"><span class='ocrx_word' id='word_1_655' title='bbox 1022 2021 1068 2048; x_wconf 86' lang='grc' dir='ltr'><strong>τοῦ</strong></span> <span class='ocrx_word' id='word_1_656' title='bbox 1082 2020 1161 2056; x_wconf 81' lang='grc' dir='ltr'>λόγου</span> <span class='ocrx_word' id='word_1_657' title='bbox 1175 2018 1355 2055; x_wconf 83' lang='grc' dir='ltr'>μεταδιδόντες</span> <span class='ocrx_word' id='word_1_658' title='bbox 1369 2015 1508 2051; x_wconf 78' lang='grc' dir='ltr'>ἀλλήλοις.</span> 
     </span>
    </p>
   </div>
   <div class='ocr_carea' id='block_1_104' title="bbox 1063 2103 1562 2136">
    <p class='ocr_par' dir='ltr' id='par_1_104' title="bbox 1063 2103 1562 2136">
     <span class='ocr_line' id='line_1_104' title="bbox 1063 2103 1562 2136; baseline -0.008 0"><span class='ocrx_word' id='word_1_659' title='bbox 1063 2109 1247 2136; x_wconf 69' lang='grc' dir='ltr'>Ἀπόκλισιν.</span> <span class='ocrx_word' id='word_1_660' title='bbox 1266 2107 1338 2133; x_wconf 79' lang='grc' dir='ltr'>Ἀντὶ</span> <span class='ocrx_word' id='word_1_661' title='bbox 1349 2104 1397 2132; x_wconf 81' lang='grc' dir='ltr'><strong>τοῦ</strong></span> <span class='ocrx_word' id='word_1_662' title='bbox 1411 2103 1562 2132; x_wconf 82' lang='grc' dir='ltr'>ἀπόνευσιν.</span> 
     </span>
    </p>
   </div>
   <div class='ocr_carea' id='block_1_105' title="bbox 1057 2191 1804 2236">
    <p class='ocr_par' dir='ltr' id='par_1_105' title="bbox 1057 2191 1804 2236">
     <span class='ocr_line' id='line_1_105' title="bbox 1057 2191 1804 2236; baseline -0.012 -10"><span class='ocrx_word' id='word_1_663' title='bbox 1057 2198 1105 2236; x_wconf 65' lang='grc' dir='ltr'><strong>[α’]</strong></span> <span class='ocrx_word' id='word_1_664' title='bbox 1120 2195 1328 2225; x_wconf 80' lang='grc' dir='ltr'>Μεταϐατικοῦ.</span> <span class='ocrx_word' id='word_1_665' title='bbox 1346 2193 1534 2225; x_wconf 80' lang='grc' dir='ltr'>Μεταϐατικδς</span> <span class='ocrx_word' id='word_1_666' title='bbox 1550 2193 1564 2219; x_wconf 88' lang='lat'><strong>6</strong></span> <span class='ocrx_word' id='word_1_667' title='bbox 1578 2193 1710 2228; x_wconf 77' lang='grc' dir='ltr'>ἡμέτερος</span> <span class='ocrx_word' id='word_1_668' title='bbox 1726 2191 1804 2226; x_wconf 83' lang='grc' dir='ltr'>λόγος</span> 
     </span>
    </p>
   </div>
   <div class='ocr_carea' id='block_1_106' title="bbox 1021 2238 1805 2282">
    <p class='ocr_par' dir='ltr' id='par_1_106' title="bbox 1021 2238 1805 2282">
     <span class='ocr_line' id='line_1_106' title="bbox 1021 2238 1805 2282; baseline -0.013 -8"><span class='ocrx_word' id='word_1_669' title='bbox 1021 2248 1036 2274; x_wconf 81' lang='grc' dir='ltr'><strong>ὁ</strong></span> <span class='ocrx_word' id='word_1_670' title='bbox 1051 2244 1226 2282; x_wconf 82' lang='grc' dir='ltr'>προφορικδς,</span> <span class='ocrx_word' id='word_1_671' title='bbox 1241 2242 1279 2273; x_wconf 87' lang='grc' dir='ltr'>ὼς</span> <span class='ocrx_word' id='word_1_672' title='bbox 1294 2242 1348 2268; x_wconf 82' lang='grc' dir='ltr'><strong>ἀπὸ</strong></span> <span class='ocrx_word' id='word_1_673' title='bbox 1368 2240 1415 2267; x_wconf 85' lang='grc' dir='ltr'><strong>τοῦ</strong></span> <span class='ocrx_word' id='word_1_674' title='bbox 1430 2239 1554 2273; x_wconf 85' lang='grc' dir='ltr'>λέγοντος</span> <span class='ocrx_word' id='word_1_675' title='bbox 1571 2238 1714 2265; x_wconf 84' lang='grc' dir='ltr'>διαϐαίνων</span> <span class='ocrx_word' id='word_1_676' title='bbox 1736 2239 1805 2274; x_wconf 80' lang='grc' dir='ltr'>πρὸς</span> 
     </span>
    </p>
   </div>
   <div class='ocr_carea' id='block_1_107' title="bbox 1021 2285 1803 2324">
    <p class='ocr_par' dir='ltr' id='par_1_107' title="bbox 1021 2285 1803 2324">
     <span class='ocr_line' id='line_1_107' title="bbox 1021 2285 1803 2324; baseline -0.014 -3"><span class='ocrx_word' id='word_1_677' title='bbox 1021 2295 1066 2321; x_wconf 80' lang='grc' dir='ltr'>τὸν</span> <span class='ocrx_word' id='word_1_678' title='bbox 1080 2292 1227 2320; x_wconf 85' lang='grc' dir='ltr'>ἀκούοντα·</span> <span class='ocrx_word' id='word_1_679' title='bbox 1246 2287 1400 2324; x_wconf 87' lang='grc' dir='ltr'>σωματικοῦ</span> <span class='ocrx_word' id='word_1_680' title='bbox 1415 2287 1443 2313; x_wconf 82' lang='grc' dir='ltr'><strong>δὲ</strong></span> <span class='ocrx_word' id='word_1_681' title='bbox 1458 2286 1526 2322; x_wconf 82' lang='grc' dir='ltr'>πρὸς</span> <span class='ocrx_word' id='word_1_682' title='bbox 1542 2285 1741 2321; x_wconf 83' lang='grc' dir='ltr'>ἀντιδιαστολὴν</span> <span class='ocrx_word' id='word_1_683' title='bbox 1757 2285 1803 2311; x_wconf 80' lang='grc' dir='ltr'><strong>τοῦ</strong></span> 
     </span>
    </p>
   </div>
   <div class='ocr_carea' id='block_1_108' title="bbox 1022 2330 1803 2370">
    <p class='ocr_par' dir='ltr' id='par_1_108' title="bbox 1022 2330 1803 2370">
     <span class='ocr_line' id='line_1_108' title="bbox 1022 2330 1803 2370; baseline -0.013 -3"><span class='ocrx_word' id='word_1_684' title='bbox 1022 2338 1185 2368; x_wconf 74' lang='grc' dir='ltr'>ἐνδιαθέτου·</span> <span class='ocrx_word' id='word_1_685' title='bbox 1203 2332 1278 2366; x_wconf 72' lang='grc' dir='ltr'>οὗτος</span> <span class='ocrx_word' id='word_1_686' title='bbox 1296 2334 1349 2370; x_wconf 85' lang='grc' dir='ltr'><strong>γὰρ</strong></span> <span class='ocrx_word' id='word_1_687' title='bbox 1370 2332 1431 2359; x_wconf 71' lang='grc' dir='ltr'>οὔτε</span> <span class='ocrx_word' id='word_1_688' title='bbox 1455 2330 1617 2367; x_wconf 73' lang='grc' dir='ltr'>σωματικὸς,</span> <span class='ocrx_word' id='word_1_689' title='bbox 1636 2331 1697 2358; x_wconf 73' lang='grc' dir='ltr'>οὔτε</span> <span class='ocrx_word' id='word_1_690' title='bbox 1722 2340 1803 2366; x_wconf 86' lang='grc' dir='ltr'>μετα-</span> 
     </span>
    </p>
   </div>
   <div class='ocr_carea' id='block_1_109' title="bbox 1021 2385 1141 2416">
    <p class='ocr_par' dir='ltr' id='par_1_109' title="bbox 1021 2385 1141 2416">
     <span class='ocr_line' id='line_1_109' title="bbox 1021 2385 1141 2416; baseline -0.017 -3"><span class='ocrx_word' id='word_1_691' title='bbox 1021 2385 1141 2416; x_wconf 88' lang='grc' dir='ltr'>ϐατικός.</span> 
     </span>
    </p>
   </div>
   <div class='ocr_carea' id='block_1_110' title="bbox 1057 2424 1803 2467">
    <p class='ocr_par' dir='ltr' id='par_1_110' title="bbox 1057 2424 1803 2467">
     <span class='ocr_line' id='line_1_110' title="bbox 1057 2424 1803 2467; baseline -0.009 -11"><span class='ocrx_word' id='word_1_692' title='bbox 1057 2430 1104 2467; x_wconf 84' lang='grc' dir='ltr'><strong>[β’]</strong></span> <span class='ocrx_word' id='word_1_693' title='bbox 1124 2430 1228 2462; x_wconf 81' lang='grc' dir='ltr'><strong>’¹Υλης.</strong></span> <span class='ocrx_word' id='word_1_694' title='bbox 1252 2426 1429 2462; x_wconf 75' lang='grc' dir='ltr'>Ἀτιματάτην</span> <span class='ocrx_word' id='word_1_695' title='bbox 1458 2424 1522 2460; x_wconf 82' lang='grc' dir='ltr'>ὕλην</span> <span class='ocrx_word' id='word_1_696' title='bbox 1543 2425 1610 2460; x_wconf 78' lang='grc' dir='ltr'>φησὶ</span> <span class='ocrx_word' id='word_1_697' title='bbox 1633 2424 1682 2460; x_wconf 86' lang='grc' dir='ltr'>τὴν</span> <span class='ocrx_word' id='word_1_698' title='bbox 1708 2432 1803 2458; x_wconf 86' lang='grc' dir='ltr'>σωμα-</span> 
     </span>
    </p>
   </div>
   <div class='ocr_carea' id='block_1_111' title="bbox 1021 2469 1803 2511">
    <p class='ocr_par' dir='ltr' id='par_1_111' title="bbox 1021 2469 1803 2511">
     <span class='ocr_line' id='line_1_111' title="bbox 1021 2469 1803 2511; baseline -0.013 -7"><span class='ocrx_word' id='word_1_699' title='bbox 1021 2476 1110 2511; x_wconf 85' lang='grc' dir='ltr'>τοειδῆ</span> <span class='ocrx_word' id='word_1_700' title='bbox 1129 2475 1237 2502; x_wconf 76' lang='grc' dir='ltr'>ἃπασαν</span> <span class='ocrx_word' id='word_1_701' title='bbox 1257 2473 1346 2508; x_wconf 83' lang='grc' dir='ltr'>φύσιν,</span> <span class='ocrx_word' id='word_1_702' title='bbox 1366 2472 1434 2508; x_wconf 77' lang='grc' dir='ltr'>πρὸς</span> <span class='ocrx_word' id='word_1_703' title='bbox 1449 2471 1557 2498; x_wconf 85' lang='grc' dir='ltr'>ποικίλα</span> <span class='ocrx_word' id='word_1_704' title='bbox 1572 2470 1628 2505; x_wconf 79' lang='grc' dir='ltr'>εἴδη</span> <span class='ocrx_word' id='word_1_705' title='bbox 1652 2469 1760 2504; x_wconf 70' lang='grc' dir='ltr'>ἔμψυχά</span> <span class='ocrx_word' id='word_1_706' title='bbox 1774 2477 1803 2495; x_wconf 87' lang='grc' dir='ltr'><strong>τε</strong></span> 
     </span>
    </p>
   </div>
   <div class='ocr_carea' id='block_1_112' title="bbox 1022 2515 1802 2556">
    <p class='ocr_par' dir='ltr' id='par_1_112' title="bbox 1022 2515 1802 2556">
     <span class='ocr_line' id='line_1_112' title="bbox 1022 2515 1802 2556; baseline -0.014 -6"><span class='ocrx_word' id='word_1_707' title='bbox 1022 2524 1068 2550; x_wconf 76' lang='grc' dir='ltr'>καὶ</span> <span class='ocrx_word' id='word_1_708' title='bbox 1092 2521 1205 2556; x_wconf 78' lang='grc' dir='ltr'>ἅψυχα,,</span> <span class='ocrx_word' id='word_1_709' title='bbox 1223 2520 1269 2547; x_wconf 72' lang='grc' dir='ltr'>καὶ</span> <span class='ocrx_word' id='word_1_710' title='bbox 1291 2518 1372 2546; x_wconf 78' lang='grc' dir='ltr'>λοιπὰ</span> <span class='ocrx_word' id='word_1_711' title='bbox 1393 2518 1444 2545; x_wconf 81' lang='grc' dir='ltr'>ὑπὸ</span> <span class='ocrx_word' id='word_1_712' title='bbox 1466 2516 1533 2543; x_wconf 78' lang='grc' dir='ltr'>Θεοῦ</span> <span class='ocrx_word' id='word_1_713' title='bbox 1557 2515 1802 2550; x_wconf 70' lang='grc' dir='ltr'>διακοσμηθεῖσανυ</span> 
     </span>
    </p>
   </div>
   <div class='ocr_carea' id='block_1_113' title="bbox 1021 2556 1804 2602">
    <p class='ocr_par' dir='ltr' id='par_1_113' title="bbox 1021 2556 1804 2602">
     <span class='ocr_line' id='line_1_113' title="bbox 1021 2556 1804 2602; baseline -0.013 -7"><span class='ocrx_word' id='word_1_714' title='bbox 1021 2567 1127 2602; x_wconf 80' lang='grc' dir='ltr'>νοερὰν</span> <span class='ocrx_word' id='word_1_715' title='bbox 1143 2566 1170 2593; x_wconf 83' lang='grc' dir='ltr'><strong>δὲ</strong></span> <span class='ocrx_word' id='word_1_716' title='bbox 1183 2565 1361 2600; x_wconf 75' lang='grc' dir='ltr'>εὐπρέπειαν</span> <span class='ocrx_word' id='word_1_717' title='bbox 1380 2564 1414 2590; x_wconf 86' lang='grc' dir='ltr'><strong>τὰ</strong></span> <span class='ocrx_word' id='word_1_718' title='bbox 1429 2563 1492 2599; x_wconf 71' lang='grc' dir='ltr'>περὶ</span> <span class='ocrx_word' id='word_1_719' title='bbox 1512 2561 1579 2589; x_wconf 85' lang='grc' dir='ltr'>Θεοῦ</span> <span class='ocrx_word' id='word_1_720' title='bbox 1599 2561 1741 2596; x_wconf 86' lang='grc' dir='ltr'>λεγόμενα,</span> <span class='ocrx_word' id='word_1_721' title='bbox 1766 2556 1804 2586; x_wconf 84' lang='grc' dir='ltr'>ὧν</span> 
     </span>
    </p>
   </div>
   <div class='ocr_carea' id='block_1_114' title="bbox 1023 2605 1804 2650">
    <p class='ocr_par' dir='ltr' id='par_1_114' title="bbox 1023 2605 1804 2650">
     <span class='ocr_line' id='line_1_114' title="bbox 1023 2605 1804 2650; baseline -0.012 -10"><span class='ocrx_word' id='word_1_722' title='bbox 1023 2614 1134 2650; x_wconf 85' lang='grc' dir='ltr'>μετρίας</span> <span class='ocrx_word' id='word_1_723' title='bbox 1149 2612 1195 2639; x_wconf 77' lang='grc' dir='ltr'>καὶ</span> <span class='ocrx_word' id='word_1_724' title='bbox 1209 2611 1331 2647; x_wconf 79' lang='grc' dir='ltr'>ἀμυδρὰς</span> <span class='ocrx_word' id='word_1_725' title='bbox 1345 2611 1450 2642; x_wconf 86' lang='grc' dir='ltr'>εἰκόνας</span> <span class='ocrx_word' id='word_1_726' title='bbox 1464 2610 1492 2635; x_wconf 84' lang='grc' dir='ltr'>ὲν</span> <span class='ocrx_word' id='word_1_727' title='bbox 1505 2610 1561 2640; x_wconf 80' lang='grc' dir='ltr'>τοῖς</span> <span class='ocrx_word' id='word_1_728' title='bbox 1585 2605 1658 2634; x_wconf 78' lang='grc' dir='ltr'>οὖσιν</span> <span class='ocrx_word' id='word_1_729' title='bbox 1680 2606 1804 2641; x_wconf 80' lang='grc' dir='ltr'>εὑρίσκο-</span> 
     </span>
    </p>
   </div>
   <div class='ocr_carea' id='block_1_115' title="bbox 1023 2650 1802 2697">
    <p class='ocr_par' dir='ltr' id='par_1_115' title="bbox 1023 2650 1802 2697">
     <span class='ocr_line' id='line_1_115' title="bbox 1023 2650 1802 2697; baseline -0.013 -11"><span class='ocrx_word' id='word_1_730' title='bbox 1023 2669 1089 2697; x_wconf 52' lang='grc' dir='ltr'>μεν,</span> <span class='ocrx_word' id='word_1_731' title='bbox 1100 2656 1154 2685; x_wconf 76' lang='grc' dir='ltr'>οἷον</span> <span class='ocrx_word' id='word_1_732' title='bbox 1170 2658 1200 2684; x_wconf 79' lang='grc' dir='ltr'>τὸ</span> <span class='ocrx_word' id='word_1_733' title='bbox 1222 2657 1313 2689; x_wconf 85' lang='grc' dir='ltr'>ἁπλῶς</span> <span class='ocrx_word' id='word_1_734' title='bbox 1335 2655 1418 2688; x_wconf 77' lang='grc' dir='ltr'>εἶναι,</span> <span class='ocrx_word' id='word_1_735' title='bbox 1437 2656 1469 2682; x_wconf 83' lang='grc' dir='ltr'><strong>τὺ</strong></span> <span class='ocrx_word' id='word_1_736' title='bbox 1484 2655 1543 2691; x_wconf 76' lang='grc' dir='ltr'>ζῇν,</span> <span class='ocrx_word' id='word_1_737' title='bbox 1560 2655 1590 2680; x_wconf 81' lang='grc' dir='ltr'>τὸ</span> <span class='ocrx_word' id='word_1_738' title='bbox 1611 2650 1802 2684; x_wconf 79' lang='grc' dir='ltr'>αἰσθάνεσθαι,</span> 
     </span>
    </p>
   </div>
   <div class='ocr_carea' id='block_1_116' title="bbox 1021 2697 1804 2739">
    <p class='ocr_par' dir='ltr' id='par_1_116' title="bbox 1021 2697 1804 2739">
     <span class='ocr_line' id='line_1_116' title="bbox 1021 2697 1804 2739; baseline -0.011 -8"><span class='ocrx_word' id='word_1_739' title='bbox 1021 2706 1067 2732; x_wconf 79' lang='grc' dir='ltr'>καὶ</span> <span class='ocrx_word' id='word_1_740' title='bbox 1080 2705 1113 2731; x_wconf 78' lang='grc' dir='ltr'><strong>τὰ</strong></span> <span class='ocrx_word' id='word_1_741' title='bbox 1132 2705 1221 2739; x_wconf 85' lang='grc' dir='ltr'>ὃμοια.</span> <span class='ocrx_word' id='word_1_742' title='bbox 1238 2703 1286 2738; x_wconf 87' lang='grc' dir='ltr'><strong>[γ’]</strong></span> <span class='ocrx_word' id='word_1_743' title='bbox 1302 2704 1362 2729; x_wconf 88' lang='grc' dir='ltr'>Ὅτι</span> <span class='ocrx_word' id='word_1_744' title='bbox 1383 2702 1432 2737; x_wconf 81' lang='grc' dir='ltr'>μὲν</span> <span class='ocrx_word' id='word_1_745' title='bbox 1448 2702 1479 2727; x_wconf 82' lang='grc' dir='ltr'>ὲκ</span> <span class='ocrx_word' id='word_1_746' title='bbox 1492 2700 1559 2727; x_wconf 88' lang='grc' dir='ltr'>Θεοῦ</span> <span class='ocrx_word' id='word_1_747' title='bbox 1570 2700 1617 2727; x_wconf 80' lang='grc' dir='ltr'>καὶ</span> <span class='ocrx_word' id='word_1_748' title='bbox 1631 2700 1648 2734; x_wconf 74' lang='grc' dir='ltr'><strong>ἡ</strong></span> <span class='ocrx_word' id='word_1_749' title='bbox 1665 2698 1714 2733; x_wconf 78' lang='grc' dir='ltr'>ῦλη</span> <span class='ocrx_word' id='word_1_750' title='bbox 1730 2697 1804 2723; x_wconf 80' lang='grc' dir='ltr'>πᾶσα</span> 
     </span>
    </p>
   </div>
   <div class='ocr_carea' id='block_1_117' title="bbox 1019 2744 1804 2788">
    <p class='ocr_par' dir='ltr' id='par_1_117' title="bbox 1019 2744 1804 2788">
     <span class='ocr_line' id='line_1_117' title="bbox 1019 2744 1804 2788; baseline -0.01 -10"><span class='ocrx_word' id='word_1_751' title='bbox 1019 2752 1068 2788; x_wconf 81' lang='grc' dir='ltr'>τὴν</span> <span class='ocrx_word' id='word_1_752' title='bbox 1097 2750 1211 2786; x_wconf 77' lang='grc' dir='ltr'>ὓπαρξιν</span> <span class='ocrx_word' id='word_1_753' title='bbox 1238 2750 1329 2785; x_wconf 77' lang='grc' dir='ltr'>ἔσχεν,</span> <span class='ocrx_word' id='word_1_754' title='bbox 1354 2749 1440 2780; x_wconf 81' lang='grc' dir='ltr'>οὐδεὶς</span> <span class='ocrx_word' id='word_1_755' title='bbox 1468 2747 1548 2781; x_wconf 76' lang='grc' dir='ltr'>σοφὸς</span> <span class='ocrx_word' id='word_1_756' title='bbox 1574 2747 1681 2777; x_wconf 84' lang='grc' dir='ltr'>ἀντερεί</span> <span class='ocrx_word' id='word_1_757' title='bbox 1709 2744 1804 2778; x_wconf 79' lang='grc' dir='ltr'>λόγος’</span> 
     </span>
    </p>
   </div>
   <div class='ocr_carea' id='block_1_118' title="bbox 1020 2788 1803 2834">
    <p class='ocr_par' dir='ltr' id='par_1_118' title="bbox 1020 2788 1803 2834">
     <span class='ocr_line' id='line_1_118' title="bbox 1020 2788 1803 2834; baseline -0.013 -9"><span class='ocrx_word' id='word_1_758' title='bbox 1020 2799 1096 2834; x_wconf 80' lang='grc' dir='ltr'>φέρει</span> <span class='ocrx_word' id='word_1_759' title='bbox 1118 2797 1147 2824; x_wconf 75' lang='grc' dir='ltr'><strong>δὲ</strong></span> <span class='ocrx_word' id='word_1_760' title='bbox 1165 2797 1212 2823; x_wconf 74' lang='grc' dir='ltr'>καὶ</span> <span class='ocrx_word' id='word_1_761' title='bbox 1228 2796 1295 2831; x_wconf 82' lang='grc' dir='ltr'>αὐτὴ</span> <span class='ocrx_word' id='word_1_762' title='bbox 1314 2796 1341 2822; x_wconf 78' lang='grc' dir='ltr'>ἐν</span> <span class='ocrx_word' id='word_1_763' title='bbox 1358 2796 1439 2829; x_wconf 77' lang='grc' dir='ltr'>ἑαυτῇ</span> <span class='ocrx_word' id='word_1_764' title='bbox 1456 2792 1605 2825; x_wconf 77' lang='grc' dir='ltr'>ἀποδείξεις</span> <span class='ocrx_word' id='word_1_765' title='bbox 1620 2792 1667 2819; x_wconf 85' lang='grc' dir='ltr'><strong>τοῦ</strong></span> <span class='ocrx_word' id='word_1_766' title='bbox 1684 2792 1716 2817; x_wconf 83' lang='grc' dir='ltr'>ὲκ</span> <span class='ocrx_word' id='word_1_767' title='bbox 1735 2788 1803 2834; x_wconf 67' lang='grc' dir='ltr'>Θεοῦ</span> 
     </span>
    </p>
   </div>
   <div class='ocr_carea' id='block_1_119' title="bbox 1020 2832 1804 2878">
    <p class='ocr_par' dir='ltr' id='par_1_119' title="bbox 1020 2832 1804 2878">
     <span class='ocr_line' id='line_1_119' title="bbox 1020 2832 1804 2878; baseline -0.017 -5"><span class='ocrx_word' id='word_1_768' title='bbox 1020 2832 1066 2872; x_wconf 47' lang='grc' dir='ltr'>καί</span> <span class='ocrx_word' id='word_1_769' title='bbox 1092 2842 1227 2878; x_wconf 78' lang='grc' dir='ltr'>παρῆχθαι</span> <span class='ocrx_word' id='word_1_770' title='bbox 1249 2841 1296 2870; x_wconf 67' lang='grc' dir='ltr'>καὶ</span> <span class='ocrx_word' id='word_1_771' title='bbox 1317 2837 1563 2873; x_wconf 67' lang='grc' dir='ltr'>διακεκοσμῆσθαιε</span> <span class='ocrx_word' id='word_1_772' title='bbox 1589 2838 1662 2864; x_wconf 71' lang='grc' dir='ltr'>πᾶσα</span> <span class='ocrx_word' id='word_1_773' title='bbox 1685 2834 1750 2869; x_wconf 85' lang='grc' dir='ltr'>γοῦν</span> <span class='ocrx_word' id='word_1_774' title='bbox 1775 2832 1804 2865; x_wconf 71' lang='grc' dir='ltr'><strong>ἐξ</strong></span> 
     </span>
    </p>
   </div>
  </div>
