1925 3060
173 153 208 181 15

506 156 534 184 S.
555 155 679 184 MAXIMI
695 155 841 184 SCHOLIA
858 154 891 183 ΙΝ
910 154 975 182 LIB.
997 153 1041 181 DE
1056 152 1220 182 C(ELESTI
1237 153 1460 183 HIERARCHIA.

1745 157 1781 184 ια

171 212 237 248 ὕλης
255 211 432 248 διακόσμησις
453 212 560 249 ἀμυδρά
578 221 640 239 τινα
658 213 706 239 καὶ
726 211 826 248 σκιώδη
845 212 949 247 amm-

1003 209 1070 238 teria
1083 210 1229 246 descriptio
1242 210 1376 239 obscuras
1390 210 1522 246 quasdam
1538 214 1566 238 et
1580 211 1724 240 umbrosas
1739 211 1780 240 in-

173 267 245 294 ματα
263 258 317 285 τῶν
339 258 438 294 νοερῶν
461 258 530 294 ἔχει·
555 258 648 294 ὥσπερ
674 258 728 294 γὰρ
751 259 890 294 ἐπιτήδεια
916 257 952 285 τὰ

171 305 251 342 νοερὰ
266 305 306 337 εἰς
325 304 467 340 ὑποδοχὴν,
483 304 520 336 ὡς
540 304 658 340 ἐφικτὸν,
671 304 725 331 τῶν
746 304 779 330 ὲκ
801 303 868 330 Θεοῦ
885 312 952 340 προ-

171 351 301 387 νοητικῶν
311 351 440 387 προόδων,
453 351 501 377 καὶ
514 350 569 386 ζωὴ
584 350 657 383 ὄντα,
672 349 802 382 ζωοῦνται
816 349 891 385 παρὰ
903 348 951 376 τοῦ

172 397 244 432 ὑπὲρ
262 397 352 424 πᾶσαν
367 396 438 432 ζωὴν
454 395 551 433 [ὄντος]
572 395 640 423 Θεοῦ
650 404 657 411 ·
676 396 723 423 καὶ
736 395 864 431 δυνάμεις
880 395 952 430 ἐχου-

173 451 213 470 σιν
234 444 274 475 εἰς
299 443 457 479 εὐεργεσίαν
483 443 668 478 ἐνεργητικὰς,
692 442 739 469 καὶ
763 442 869 478 κίνησίν
890 450 952 468 τινα

172 489 368 525 ὑπερκόσμιονο
384 488 454 515 οὕτω
471 489 517 516 καὶ
531 488 566 516 τὰ
582 488 659 515 ὑλαῖα
677 488 764 515 πάντα
777 487 844 524 ὁμοῦ
859 497 889 515 τε
905 489 952 515 καὶ

171 534 242 562 κατὰ
259 535 349 571 μέρος,
363 535 412 570 τήν
426 543 456 561 τε
477 534 604 570 πρόνοιαν
618 533 664 561 τοῦ
680 534 747 561 Θεοῦ
766 534 872 566 οἰκείως
890 535 952 562 ἑαυ-

171 583 226 613 τοῖς
238 581 371 617 δέχεσθαι,
384 580 541 616 ὲτατηδείως
554 580 671 616 ἔχουσιν,
686 580 733 606 καὶ
748 579 891 612 ζωοῦσθαι,
906 581 952 607 καὶ

171 626 227 662 ζωὴ
244 626 364 661 γίνεσθαι
387 625 529 657 δύνανται,
546 626 584 657 ὡς
603 625 648 652 τό·
671 625 851 660 Ἑξαγιαγέτω
872 626 891 659 ἡ
913 625 951 660 τῆ

170 672 276 707 ψυχὴν
292 671 402 702 ζῶσαν·
423 673 469 699 καὶ
490 670 568 704 αὖθις
579 681 586 688 ·
605 671 785 706 Ἐξαγ-αγέτω
805 671 841 698 τὰ
858 671 953 698 ὕδατα

170 716 279 750 ἑρπετὰ
295 715 402 751 ψυχῶν
415 715 528 747 ζωσῶν·
545 716 613 743 ἀλλὰ
632 716 680 743 καὶ
698 715 826 751 δυνάμεις
844 716 953 751 εὐεργε-

171 762 249 794 τικὰς
262 764 318 794 τοῖς
332 763 386 789 ἀπὸ
399 763 451 798 γῆς
466 762 600 795 πνέουσιν,
615 763 653 794 ὡς
667 762 791 797 δηλοῦσιν
807 762 838 788 αἴ
859 770 889 788 τε
909 762 953 789 διὰ

172 807 289 843 βοτανῶν
311 808 423 835 καὶτῶν
438 808 604 844 μεταλλικῶν
616 808 761 843 ὠφέλειαι·
785 807 832 835 καὶ
846 808 952 843 κίνησιν

170 855 199 882 δὲ
215 855 379 891 κατάλληλον
396 855 430 883 τὰ
443 855 521 882 ὑλαία
535 855 592 891 ἔχει
605 854 655 890 τὴν
667 855 707 886 είς
721 853 827 888 γένεσιν
842 853 951 889 προϊοῦ-

171 911 220 929 σαν
239 903 285 929 καὶ
303 902 418 938 φθοράν
443 901 490 928 καὶ
513 900 589 934 τάξιν
609 900 715 936 δέχεται
739 899 788 935 τὴν
810 899 885 935 παρὰ
904 899 951 926 τοῦ

171 948 240 976 Θεοῦ
273 948 438 976 ἑτι-ιτεθεῖσάν
469 956 499 974 τε
528 948 574 974 καὶ
606 946 845 982 ὲπιτεθησομένην.
873 945 952 973 Ἀλλὰ

172 995 219 1022 καὶ
236 994 397 1030 φωτίζεσθαι
413 994 517 1028 πέφυκε
534 993 667 1028 παρουσίᾳ
681 992 781 1028 νοερῶν
795 992 934 1027 δυνάμεων
944 999 950 1004 ’

169 1040 209 1072 ὥς
227 1041 273 1067 ἐπὶ
295 1039 341 1067 τοῦ
356 1039 427 1066 κατὰ
447 1039 496 1075 τὴν
511 1039 656 1066 ἀνάστασιν
669 1038 716 1065 τοῦ
732 1038 834 1074 Κυρίου
852 1038 952 1075 ἀστράγ-

171 1092 282 1116 πτοντος
296 1083 421 1118 ἀγγέλου,
436 1084 482 1110 καὶ
503 1083 662 1117 φωτίζοντος
676 1083 706 1111 τὸ
721 1083 855 1119 περιέχον.
876 1083 951 1119 Ἔχει

170 1130 200 1157 δὲ
221 1130 308 1157 ταῦτα
332 1130 349 1165 ἡ
375 1129 424 1165 ὖλη
449 1129 604 1165 πάσχουσα,
620 1129 651 1155 οὐ
677 1129 730 1165 μὴν
753 1129 791 1161 ὼς
809 1128 844 1156 τὰ
871 1129 952 1166 νοερὰ

169 1175 348 1211 ὲνεργοῦντα·
379 1175 419 1202 διὸ
447 1176 508 1202 κατ’
534 1175 645 1210 ἔσχατον
677 1175 811 1210 ἀπήχημα
845 1174 951 1209 λέγεται

171 1222 255 1248 ταῦτα
272 1221 342 1256 ἔχειν
352 1230 359 1237 ·
373 1221 400 1248 τί
415 1221 443 1248 δέ
459 1222 531 1248 ἐστιν
546 1221 690 1256 ἀπήχημα
709 1221 850 1254 ἔσχατον,
866 1221 894 1248 ἐν
912 1221 951 1256 τῷ

173 1267 242 1301 Περὶ
266 1267 353 1295 θείων
382 1267 534 1303 ὀνομάτων
557 1267 628 1303 λόγῳ
653 1267 791 1303 σαφηνίσω
806 1267 829 1283 ’³
853 1267 882 1293 ὲν
904 1275 950 1294 κε-

169 1310 236 1342 φαλ.
250 1313 281 1341 δ’.

204 1403 259 1431 Καὶ
276 1403 335 1430 τῶν
349 1402 457 1430 αὐτῶν.
472 1403 636 1438 Σημείωσαι,
653 1402 690 1434 ὡς
706 1403 794 1430 πᾶσαν
812 1402 862 1438 τὴν
885 1402 950 1438 ὕλην

169 1451 202 1478 οὔ
219 1449 285 1485 φησὶ
310 1449 414 1484 νοεράν·
438 1448 533 1476 οὐκοῦν
550 1449 596 1476 καὶ
612 1449 637 1475 ot
657 1449 770 1485 ἀστέρες
789 1448 903 1484 ἄψυχον
918 1448 950 1475 οὐ

170 1495 224 1531 γὰρ
246 1495 336 1531 ἔχουσι
357 1494 430 1522 νοῦν.
451 1495 482 1522 El
497 1495 544 1522 καὶ
566 1494 601 1523 τὰ
620 1494 690 1522 αὐτὰ
713 1495 832 1531 ὀνόματά
857 1503 948 1530 φησιν,

169 1541 227 1568 ἀλλ’
250 1542 298 1577 οὐχ
327 1541 427 1577 ὁμοίως
450 1541 647 1577 λαμϐάνονται·
670 1541 738 1577 πρὸς
761 1541 810 1577 τὴν
832 1541 950 1577 φυσικὴν

169 1586 332 1622 δὲ.ἱδι6τητα
348 1585 395 1613 τοῦ
415 1586 595 1622 ὑποκειμένου
614 1587 662 1614 καὶ
684 1587 816 1623 ὁρίζονται
838 1587 884 1614 καὶ
904 1595 949 1615 νο-

168 1631 270 1659 οῦνται.

204 1677 263 1713 εν.
281 1677 462 1713 Θεαρκικαῖς.
478 1678 500 1694 ’³
514 1677 640 1705 Τουτέστι
659 1679 715 1710 τοῖς
736 1679 798 1714 περὶ
816 1678 884 1706 Θεοῦ
906 1687 949 1706 νο-

169 1723 186 1758 ή
191 1731 266 1759 μασι.

206 1769 268 1796 Τῶν
292 1769 478 1805 φαινομένων
503 1770 614 1804 τιμίων.
643 1770 797 1806 Σημείωσαι
817 1771 877 1798 τίνα
897 1781 948 1799 κα-

167 1815 210 1841 λεῖ
231 1815 324 1851 τίμια,
347 1814 386 1847 ὡς
406 1815 481 1850 ἦλιον
501 1816 549 1842 καὶ
574 1815 638 1846 τοὺς
660 1815 793 1851 ἀστέρας”
821 1816 869 1843 καὶ
889 1817 950 1844 τίνα

169 1861 250 1897 μέσα,
273 1861 329 1898 πῦρ
347 1861 393 1888 καὶ
409 1861 493 1897 ὕδωρ·
516 1861 563 1888 καὶ
585 1861 645 1888 τίνα
665 1861 776 1897 ἔσχατα,
791 1862 828 1894 ὡς
845 1862 947 1899 μύρον⁶

167 1908 215 1935 καὶ
231 1908 293 1935 τίνα
315 1908 415 1943 ἄτιμα,
432 1908 470 1940 ὡς
493 1907 574 1943 θηρία
590 1907 637 1934 καὶ
663 1907 821 1943 σκώληκας’
840 1909 885 1935 καὶ
908 1909 948 1936 ὅτι

167 1955 213 1981 ἐπὶ
233 1954 300 1981 Θεοῦ
322 1954 369 1980 καὶ
384 1954 418 1981 τὰ
434 1953 550 1990 θηριώδη
568 1953 686 1989 σύμϐολα
706 1953 826 1989 εἴρηται,
850 1955 896 1981 καὶ
912 1955 948 1981 τὰ

167 2000 197 2033 ἐξ
220 2000 299 2036 ὕλης·
324 2001 371 2027 καὶ
395 1999 430 2026 τὰ
453 1999 530 2035 τίμια
544 1999 583 2032 δὲ,
604 2000 651 2026 καὶ
672 1999 707 2026 τὰ
732 1999 816 2035 μέσα,
842 2000 889 2027 καὶ
914 2000 948 2028 τὰ

166 2047 261 2082 ἄτιμα.

202 2093 316 2121 Ἥλιον.
334 2092 439 2120 ’Ἥλιον
453 2092 645 2125 δικαιοσύνης
659 2091 800 2127 Μαλαχίας
813 2093 827 2120 ὁ
843 2093 948 2129 προφή-

165 2147 215 2174 της
229 2138 364 2174 ὀνομάζει.
386 2138 415 2164 ’0
423 2138 452 2165 δὲ
465 2138 535 2169 θεῖος
550 2138 652 2174 Πέτρος
666 2139 695 2164 ὲν
705 2139 737 2174 τῇ
754 2138 882 2174 καθολικῇ
899 2139 948 2165 αὒ-

164 2184 212 2211 τοῦ
237 2184 380 2220 ἐπιστολῇ·
403 2184 478 2217 Ἕως
500 2184 539 2214 οὗ
564 2185 720 2219 φωσφόρος
743 2185 885 2220 ἀνατείλῃ
912 2186 947 2212 ἐν

1003 255 1211 292 ιοιιὶεεοιίοτυω
1236 256 1318 284 habet
1342 261 1436 290 notas;
1454 256 1684 292 quemadmodum
1708 258 1781 286 enim

1002 308 1034 330 ea
1051 309 1112 338 qua
1134 301 1290 337 intelligunt
1310 305 1373 338 apta
1395 305 1473 335 sunt,
1497 306 1629 337 quantum
1650 303 1728 337 licet.
1747 304 1782 332 ad

1002 347 1202 383 susceptionem
1225 347 1400 383 providarum
1417 355 1452 377 ex
1475 347 1531 376 Deo
1557 349 1781 383 processiouum.

1002 397 1083 428 atque
1095 401 1158 421 cum
1173 393 1231 422 sint
1244 394 1310 426 vita.
1324 394 1496 422 viviﬁcantur
1509 402 1525 422 a
1544 394 1599 423 Deo
1612 396 1661 431 qui.
1672 403 1781 424 omnem

1002 439 1085 467 vitam
1099 443 1219 474 superat,
1231 444 1259 467 et
1274 440 1375 468 habent
1388 441 1503 468 virtutes
1513 440 1548 468 ad
1564 440 1633 469 bene
1647 442 1781 477 agendum

1001 485 1170 519 operativas,
1190 489 1216 513 et
1239 490 1342 513 motum
1364 486 1509 521 quemdam
1534 487 1666 516 terminos
1687 489 1782 516 mundi

1002 531 1141 560 inferioris
1155 530 1405 566 excedentemﬂta
1423 533 1505 560 etiam
1522 534 1674 562 materialia
1690 535 1782 563 omnia

1002 576 1104 612 pariter
1119 581 1147 604 et
1165 577 1274 604 divisim
1293 576 1341 605 Dei
1356 578 1554 613 providentiam
1568 587 1619 615 pro
1635 586 1716 616 captu
1731 590 1782 609 suo

1003 621 1136 656 accipere,
1149 625 1212 657 apta
1226 625 1300 654 sunt,
1313 622 1454 655 viviﬁcari,
1469 627 1497 650 et
1511 625 1565 652 vita
1579 633 1639 653 esse
1654 631 1781 661 possunt,

1002 668 1042 695 uti
1066 668 1133 695 illud
1154 678 1160 696 :
1184 667 1321 697 Produqu
1343 673 1413 696 terra
1435 670 1551 697 animam
1575 673 1697 699 viventem
1710 676 1738 706 °;
1756 677 1783 700 et

1003 721 1112 741 rursum
1128 723 1134 741 ι
1153 713 1305 742 Praducant
1320 723 1394 750 aquae
1408 716 1499 749 reptile
1519 717 1614 744 animae
1634 719 1740 746 viventis
1753 724 1782 752 P;

1003 760 1057 787 imo
1080 760 1162 787 etiam
1187 761 1303 788 virtutes
1331 761 1467 789 beneﬁcas
1496 763 1612 790 terrenis
1636 765 1781 797 exhalant.

1002 806 1072 833 sicut
1085 805 1226 834 declarant
1246 806 1387 834 commoda
1401 815 1462 842 quae
1479 807 1513 835 ab
1529 808 1619 837 herbis
1645 815 1672 837 et
1687 811 1783 838 metal-

1003 851 1063 880 licis
1081 852 1237 888 capiuntur.
1251 851 1357 880 Habent
1371 861 1452 888 porro
1467 854 1548 881 etiam
1564 856 1713 883 materialia
1726 864 1783 884 mu-

1003 902 1078 925 tuum
1091 898 1123 926 ad
1137 899 1337 934 generationem
1349 903 1377 927 et
1389 900 1589 935 corruptionem
1605 901 1782 935 prodeuntem

1001 948 1119 978 motum,
1136 949 1163 973 et
1181 946 1304 973 ordinem
1320 946 1460 981 accipiunt
1475 953 1489 973 a
1512 946 1567 974 Deo
1586 947 1741 983 impositum
1756 953 1783 976 et

1002 990 1206 1026 imponendum,
1221 990 1269 1018 sed
1284 995 1312 1019 et
1327 992 1474 1020 illuminari
1488 1000 1503 1019 a
1518 994 1662 1029 pmsentia
1683 995 1784 1023 intelli-

1001 1036 1121 1071 gentium
1136 1037 1266 1065 virtutum
1282 1041 1345 1065 nata
1360 1042 1435 1071 sunt,
1451 1039 1678 1074 quemadmodum
1691 1049 1784 1069 resur-

1001 1081 1122 1110 rectione
1138 1082 1246 1110 Domini
1269 1088 1431 1112 coruscante
1455 1085 1550 1121 angelo
1564 1090 1591 1114 et
1605 1087 1783 1116 circumcirca

1001 1127 1182 1157 illuminante.
1196 1128 1259 1156 Haec
1271 1133 1361 1157 autem
1374 1130 1455 1158 habet
1470 1131 1583 1159 materia
1599 1133 1715 1168 patiens,
1728 1141 1783 1162 non

1001 1170 1066 1201 vero
1095 1174 1168 1202 sicut
1195 1175 1379 1210 intelligentiae
1407 1177 1566 1211 operativze,
1593 1178 1707 1214 ideoque
1740 1174 1784 1207 se-

1000 1220 1119 1247 cundum
1143 1223 1292 1249 extremam
1317 1222 1501 1250 resonantiam
1527 1231 1576 1251 seu
1608 1229 1700 1252 notam
1725 1225 1783 1253 haec

1001 1264 1100 1294 habere
1118 1266 1219 1294 dicitur
1237 1277 1244 1294 :
1260 1267 1326 1303 quid
1346 1275 1429 1303 porro
1445 1269 1480 1296 sit
1501 1272 1652 1298 resonantia
1666 1277 1784 1300 extrema

1001 1311 1141 1346 explicabo
1160 1312 1189 1340 in
1210 1313 1299 1348 capite
1320 1318 1419 1350 quarto
1442 1315 1503 1343 libri
1522 1315 1561 1343 De
1578 1316 1672 1345 άιυὶιιίι
1695 1320 1782 1346 nomi-

1000 1356 1088 1385 ﬁlms.

1037 1401 1072 1429 Et
1084 1402 1198 1430 easdem.
1210 1403 1290 1438 Nota,
1303 1405 1375 1433 haud
1390 1413 1512 1435 asserere
1521 1409 1662 1436 materiam
1675 1417 1782 1437 omnem

1000 1454 1061 1476 esse
1081 1448 1249 1484 intelligendi
1271 1457 1410 1485 capacem,
1431 1451 1554 1487 adeoque
1575 1457 1602 1481 et
1625 1458 1700 1483 astra
1724 1455 1783 1482 ina-

1000 1493 1090 1527 mima;
1114 1501 1204 1530 neque
1223 1495 1298 1523 enim
1322 1500 1439 1524 mentem
1459 1497 1581 1526 habent:
1597 1500 1650 1527 etsi
1672 1501 1783 1528 nomina

999 1540 1093 1568 eadem
1113 1540 1198 1574 dicat,
1217 1541 1265 1570 sed
1279 1549 1334 1569 non
1349 1543 1474 1570 similiter
1489 1544 1675 1579 accipiuntur;
1692 1550 1719 1573 at
1733 1554 1783 1582 pro

999 1586 1117 1614 naturali
1129 1587 1295 1623 proprietate
1309 1589 1425 1624 subjecti
1442 1593 1468 1617 et
1482 1589 1649 1618 deﬁniuntur
1661 1595 1687 1619 et
1702 1592 1783 1621 intel-

999 1632 1129 1669 liguntur.

1033 1678 1047 1714 ς
1062 1677 1094 1707 V.
1110 1678 1159 1706 Dei
1179 1680 1378 1715 principalibus.
1393 1681 1565 1718 Θεαρχικαῖς,
1581 1683 1634 1712 hoc
1647 1688 1689 1712 est
1708 1685 1783 1721 cogi-

998 1724 1148 1753 tationibus
1160 1725 1195 1753 de
1209 1725 1273 1754 Deo.

1035 1770 1101 1804 Qua:
1114 1777 1240 1806 apparent
1253 1773 1378 1807 pretiosa.
1400 1773 1470 1801 Nota
1485 1782 1609 1810 quaenam
1624 1780 1702 1804 vocet
1717 1785 1781 1812 prc-

998 1815 1080 1849 tiosa,
1099 1817 1184 1845 veluti
1209 1818 1293 1847 solem
1312 1823 1339 1848 et
1357 1824 1447 1854 astra;
1472 1825 1500 1849 et
1528 1829 1652 1857 quaenam
1680 1824 1780 1857 media,

999 1862 1071 1890 sicut
1084 1862 1174 1898 ignem
1189 1868 1216 1891 et
1231 1872 1343 1900 aquam;
1361 1869 1388 1893 et
1403 1873 1526 1901 quaenam
1541 1871 1672 1900 extrema,
1689 1874 1718 1896 ut
1735 1877 1782 1896 un-

998 1912 1145 1943 guentum;
1158 1912 1186 1936 et
1205 1917 1330 1945 quaenam
1345 1911 1420 1943 vilia,
1435 1911 1507 1940 sicut
1525 1913 1575 1948 ιι
1593 1913 1665 1942 feras
1679 1918 1706 1942 ct
1720 1923 1781 1942 ver-

999 1962 1066 1986 mes,
1081 1959 1108 1982 et
1128 1956 1202 1990 quod
1217 1956 1251 1984 de
1272 1956 1328 1985 Deo
1347 1957 1469 1992 quaedam
1491 1959 1569 1994 signa
1584 1958 1702 1987 ferarum
1719 1968 1781 1995 spc-

997 2000 1067 2027 ciem
1081 2000 1226 2029 referentia
1237 2001 1311 2030 dicta
1325 2006 1400 2035 sunt,
1416 2006 1444 2031 et
1459 2004 1608 2032 materialia
1619 2008 1647 2033 et
1660 2007 1780 2041 pretiosa

997 2046 1089 2078 etiam,
1105 2052 1187 2082 atque
1200 2047 1289 2075 media
1303 2051 1330 2076 et
1344 2049 1417 2077 vilia.

1032 2090 1132 2120 Solem.
1145 2084 1234 2120 Solem
1248 2093 1363 2128 justitire
1379 2093 1525 2123 Malachias
1542 2095 1674 2131 propheta
1688 2098 1780 2133 appel-

997 2137 1063 2165 lavit
1072 2142 1097 2165 ει.
1111 2137 1225 2167 Divinus
1242 2142 1332 2167 autem
1349 2139 1446 2167 Petrus
1461 2140 1489 2168 in
1506 2141 1638 2169 catholica
1653 2149 1702 2170 sua
1716 2142 1780 2178 Epi-

997 2184 1067 2211 stola
1080 2193 1087 2211 :
1108 2184 1194 2212 Donec
1208 2185 1302 2220 lucifer
1315 2186 1418 2212 oriatur
1431 2187 1458 2213 in
1473 2186 1595 2214 cordibus
1610 2188 1702 2215 uestris
1717 2193 1738 2222 ',
1752 2195 1779 2218 et

967 886 988 915 Β

165 2231 229 2263 ταῖς
245 2230 378 2264 καρδίαις
391 2230 483 2265 ὑμῶν,
498 2230 545 2257 καὶ
560 2229 594 2256 τὰ
614 2230 693 2266 ἑξῆς·
706 2228 782 2263 οὗτος
803 2232 857 2267 γάρ
873 2232 945 2259 ἐστιν

1002 2237 1058 2265 quae
1073 2235 1236 2266 sequuntur.
1265 2231 1314 2260 Hic
1338 2233 1411 2260 enim
1437 2236 1478 2260 est
1503 2232 1586 2260 Stella
1611 2235 1742 2263 matutina
1753 2240 1777 2264 ³.

165 2279 182 2304 d
196 2276 268 2310 ἑῷος
282 2276 389 2310 ἀστήρ.
414 2277 442 2303 '0
458 2276 485 2303 δὲ
501 2276 627 2312 Μωῠσῆς·
653 2277 703 2303 Ἑν
724 2275 763 2311 τῇ
777 2277 858 2310 βάτῳ
874 2278 943 2312 πῦρ,

165 2322 257 2358 φησὶν,
271 2323 306 2349 οὐ
323 2322 491 2354 κατακαῖον,
505 2322 519 2348 ὃ
539 2323 611 2349 ἐστιν
628 2322 752 2354 ἀϐλαϐῶς
768 2323 892 2357 φωτίζον.
917 2324 946 2351 '0

162 2369 193 2396 δὲ
211 2368 346 2404 Ἱερεμίας
362 2368 433 2404 ὓδωρ
448 2368 533 2404 λέγει·
555 2368 622 2404 Ἐμὲ
637 2369 831 2404 ἐγκατέλιπον
846 2370 947 2405 πηγὴν

163 2414 272 2447 ὕδατος
287 2413 408 2447 ζῶντος·
426 2415 473 2441 καὶ
488 2414 562 2442 ἄλλοι
578 2415 606 2441 δὲ
622 2414 689 2442 ἄλλα
699 2423 707 2431 ”
730 2415 778 2442 καὶ
796 2416 811 2442 ὁ
828 2415 944 2452 Κύριος·

163 2460 291 2496 Ποταμοὶ
305 2461 339 2487 ἐκ
348 2460 408 2495 ⁴τῆς
421 2461 535 2493 κοιλίας
548 2461 640 2488 αὐτοῦ
652 2461 819 2495 ῥεύσουσιν
837 2461 945 2494 ὕδατος

163 2506 283 2540 ᾅῦντος·
298 2507 312 2533 ὁ
325 2506 353 2533 δὲ
370 2505 493 2542 Σολομῶν
511 2507 539 2532 ὲν
554 2506 594 2541 τῷ
610 2506 729 2542 ’ᾼσματι
744 2506 798 2533 τῶν
814 2506 944 2542 ᾀσμάτων

165 2552 248 2588 μύρον
270 2552 351 2587 φησί·
366 2552 469 2586 Μόρον
482 2551 645 2580 ἐκκενωθὲν
661 2550 753 2587 ὄνομά
773 2561 840 2580 σου.
859 2553 902 2581 Ἐν
914 2553 943 2580 δὲ

161 2600 217 2630 τοῖς
237 2597 340 2625 δώδεκα
355 2598 507 2634 προφήταις
528 2598 608 2633 Ὠσηὲ
621 2598 668 2625 καὶ
684 2598 802 2634 Μιχαίας
819 2598 854 2625 τὰ
869 2600 944 2635 εἰρη-

215 2681 229 2696 °
243 2676 310 2704 Gen.
329 2684 348 2706 ι.
365 2677 411 2705 24.
436 2711 446 2712 7
459 2685 474 2704 ρ
492 2677 560 2705 ibid.
592 2677 638 2706 20.
689 2677 778 2712 (ICap.
791 2685 830 2705 ιν»
861 2686 887 2705 v.
904 2677 932 2705 2.

161 2716 176 2732 ι
188 2711 244 2740 Jer.
264 2720 295 2744 η,
315 2713 357 2739 15.
405 2717 419 2731 ν
433 2711 512 2740 Joan.
527 2720 577 2747 vu,
592 2713 637 2740 58.
672 2720 685 2733 ι
704 2711 784 2740 Cant.
803 2721 823 2747 ι,
838 2712 866 2741 2.

998 2275 1105 2312 Moyses
1120 2281 1212 2306 autem
1231 2288 1237 2305 :
1252 2277 1326 2313 Ignis
1341 2279 1368 2305 in
1383 2278 1447 2305 rubo
1464 2279 1570 2307 minime
1585 2280 1738 2309 comburens
1756 2283 1778 2315 ί,

996 2323 1068 2357 quod
1080 2326 1134 2354 cst.
1152 2323 1212 2352 sine
1225 2323 1326 2351 damno
1345 2324 1511 2353 illuminans.
1534 2323 1667 2354 Jeremias
1688 2331 1779 2356 autem

996 2375 1095 2403 aquam
1110 2368 1197 2397 dicit:
1213 2369 1257 2397 Me
1271 2369 1463 2405 dereliquerunt
1478 2371 1574 2406 fontem
1589 2380 1664 2407 aqua:
1679 2373 1741 2400 viva:
1752 2379 1778 2406 υ,

995 2419 1022 2442 et
1040 2414 1085 2442 alii
1109 2415 1178 2447 alia,
1198 2419 1226 2444 et
1243 2415 1374 2445 Dominus
1391 2426 1398 2444 :
1413 2415 1540 2444 Flumina
1560 2417 1592 2444 de
1612 2423 1699 2446 ventre
1721 2419 1778 2454 ejus

994 2460 1077 2495 ﬂuent
1093 2468 1170 2496 aqua:
1186 2462 1249 2490 uiue
1258 2466 1281 2489 τ.
1299 2461 1426 2489 Salomon
1441 2467 1531 2490 autem
1547 2463 1574 2490 in
1588 2463 1702 2491 Cantica
1713 2472 1779 2492 can-

995 2506 1132 2538 ticorum,
1156 2510 1324 2542 unguentum
1348 2507 1415 2534 dicit
1436 2518 1443 2535 :
1471 2507 1637 2543 Unguentum
1663 2510 1777 2544 e/fusum

995 2560 1088 2579 nomen
1103 2558 1179 2580 tuum
1191 2556 1215 2580 ι.
1234 2552 1264 2580 ln
1278 2552 1421 2581 duodecim
1441 2554 1589 2590 prophetis,
1605 2554 1674 2583 Osee
1687 2559 1715 2582 et
1731 2554 1778 2582 Bli-

994 2599 1084 2628 chaeas
1099 2598 1189 2627 dictas
1212 2599 1265 2627 hoc
1284 2599 1345 2627 loco
1360 2599 1432 2628 feras
1452 2605 1595 2630 recensent
1615 2602 1643 2629 in
1664 2601 1699 2629 iis
1716 2608 1778 2636 quae

982 2682 993 2696 τ
1009 2677 1029 2704 ll
1058 2678 1130 2705 Petr.
1148 2687 1172 2711 ι,
1190 2678 1235 2707 19,
1287 2684 1298 2698 ·
1310 2679 1396 2715 Apoc.
1415 2687 1482 2713 xxii,
1498 2679 1542 2708 {6.
1580 2677 1772 2711 ‘EXOd.lll,2.

647 2792 764 2820 VARLE
781 2792 968 2822 LECTIONES
985 2793 1029 2821 ET
1046 2793 1321 2823 CORBECTIONES.

183 2849 216 2890 f'_‘
232 2848 444 2890 ἑσαιρηνίσαμεν,
457 2849 642 2890 _e:1:plicuinm5.
674 2850 698 2890 ξ³
714 2849 870 2890 θεαρχικαζς
886 2852 1085 2890 larem-coptam,
1102 2853 1137 2880 τὰ
1155 2853 1217 2888 περὶ
1229 2851 1297 2879 Θεοῦ
1313 2852 1435 2885 νοήματά
1446 2860 1536 2887 φησιν.
1549 2850 1711 2888 Θεαρχιχάς,
1724 2857 1773 2877 seu

163 2883 588 2920 Dciprincipalu'olucidationcs
604 2888 682 2912 vocat
699 2883 827 2913 notiones
844 2886 877 2913 dc
894 2883 958 2915 Deo.
