1914 3063
136 157 169 186 47
537 154 706 183 APPENDIX
722 153 768 182 AD
783 152 898 182 OPERA
913 153 942 182 S.
960 153 1365 191 DlONYSlLABEOPAGlTE.
1716 157 1752 186 48

138 217 172 245 de
188 215 244 244 Deo
266 214 461 251 praedicuntur.
480 213 566 242 Dat-id
587 219 678 242 autem
697 215 786 249 ipsum
799 220 913 242 vermem

971 214 1039 251 μένα
1057 208 1112 241 ὧδε
1137 214 1220 250 θηρία
1245 215 1438 250 καταλέγουσιν
1461 215 1492 242 ὲν
1514 215 1570 247 τοῖς
1595 215 1659 251 περὶ
1683 213 1751 242 Θεοῦ

138 262 206 290 dicit
222 271 229 289 :
244 261 300 297 Ego
322 269 382 289 sum
402 260 496 288 vermis
514 265 539 288 et
554 268 606 287 non
630 260 706 287 homo
722 265 734 284 1
751 268 785 288 ex
803 267 919 295 persona

137 307 261 342 Domini;
288 310 335 335 aut
362 308 452 342 ipsum
476 307 564 334 vermi
588 300 769 342 comparavit,
789 311 919 342 tanquam

136 355 249 383 minime
269 362 304 382 ex
327 354 431 382 semine
446 354 577 389 genitum,
598 353 679 381 sicuti
700 360 768 387 nos;
788 354 836 382 sed
859 354 919 383 sine

137 399 260 428 semine:
277 398 361 426 veluti
376 406 494 431 vermes,
513 398 561 433 qui
582 405 636 425 non
657 405 691 425 ex
713 398 818 426 semine
837 406 919 434 gene-

136 449 244 477 rantur,
266 444 313 472 sed
335 451 369 472 ex
391 447 464 471 terra
487 448 533 471 aut
555 443 712 479 putredine;
734 443 800 471 illud
822 444 916 473 enim:

137 491 193 527 Ego
208 498 266 518 sum
280 490 373 517 vermis
388 494 412 516 et
427 497 478 516 non
493 491 583 521 homo,
605 492 734 524 tanquam
753 497 787 517 ex
801 496 917 524 persona

135 536 183 565 Dei
200 536 333 564 incarnati
347 535 458 567 dicitur,
476 535 529 562 etsi
543 542 597 562 non
618 534 767 562 secundum
788 534 918 562 divinita-

136 587 191 610 tem
212 582 347 618 capiatur,
371 581 420 609 sed
447 581 597 608 secundum
626 584 800 616 apparentem
824 582 916 610 carnis

135 627 326 654 humilitatem.
357 625 521 662 [Θεοσόφους
558 625 644 652 divine
669 626 800 660 sapienter
830 626 916 654 inter-

135 677 226 709 pretes
249 673 315 700 dicit
343 672 497 707 prophetas.
522 670 672 698 Simulacra
693 671 766 699 enim
791 669 914 707 quaedam

136 719 265 755 praemisit
278 719 306 747 in
322 719 392 747 libro
408 718 445 746 De
459 718 553 746 divinis
569 717 739 754 nominibun.]

168 849 388 877 Simulaerorum.
415 848 544 882 Quaenam
562 848 749 884 signiﬁcentur
773 849 913 877 recondita

969 259 1230 296 προφητευομένοις·
1253 261 1268 287 ὁ
1291 260 1321 287 δὲ
1345 260 1426 287 Δαυὶδ
1451 259 1578 295 σκώληκα
1602 260 1682 287 αὑτὸν
1706 260 1751 287 λέ-

968 313 1031 340 γει·
1056 305 1128 340 Ἐγώ
1150 307 1209 340 ειμι
1231 305 1354 339 σκώληξ
1380 305 1431 333 καὶ
1457 306 1512 333 οὐκ
1539 306 1702 340 ἄνθρωπος,
1718 306 1751 332 ἐκ

968 350 1113 387 προσώπου
1128 351 1175 378 τοῦ
1192 351 1293 387 Κυρίου
1308 351 1325 387 ἢ
1342 350 1461 387 σκώληκι
1477 351 1557 379 αὑτὸν
1574 351 1749 387 παρείκασεν,

967 397 1005 429 ὡς
1022 397 1059 433 μὴ
1077 397 1131 424 ἀπὸ
1147 397 1300 433 σπέρματος
1320 397 1495 433 γεννηθέντα,
1511 397 1549 429 ὡς
1570 398 1664 433 ἡμεῖς’
1682 396 1750 424 ἀλλὰ

968 444 1124 480 σπέρματος
1139 444 1237 479 χωρὶς,
1253 444 1290 475 ὡς
1305 444 1330 470 oi
1346 443 1498 479 σκώληκες,
1517 444 1614 474 οἵτινες
1628 443 1678 470 οὒκ
1696 443 1750 470 ἀπὸ

968 489 1123 525 σπέρματος
1141 489 1291 522 τίκτονται,
1315 489 1371 516 ἀλλ’
1388 490 1441 516 ἀπὸ
1454 490 1505 525 γῆς
1523 489 1539 525 ἢ
1556 489 1611 516 ἀπὺ
1628 489 1747 525 σήψεωςο

965 535 997 561 τὸ
1011 535 1066 571 γάρ
1075 542 1082 549 ⁸
1096 533 1168 570 Ἐγώ
1182 535 1240 570 εὶμι
1258 534 1381 569 σκώληξ
1399 535 1448 562 καὶ
1462 536 1518 562 οὐκ
1532 534 1701 569 ἄνθρωπος,
1711 534 1749 566 ὡς

966 582 998 608 ὲκ
1013 580 1157 617 προσώπου
1172 581 1219 607 τοῦ
1236 582 1420 616 σαρωθὲντος
1435 581 1501 608 Θεοῦ
1515 581 1638 615 λέγεται,
1655 581 1679 607 εί
1701 581 1749 607 καὶ

967 627 1004 663 μὴ
1020 626 1091 654 κατὰ
1111 627 1161 663 τὴν
1185 627 1298 662 θεότητα
1319 627 1530 663 λαμϐανόμενον,
1547 626 1613 654 ἀλλὰ
1635 627 1705 654 κατὰ
1718 627 1749 653 τὸ

965 673 1125 708 φαινόμενον
1140 673 1266 699 ταπεινὸν
1279 673 1328 708 τῆς
1346 672 1456 708 σαρκός.
1479 671 1661 708 [Θεοσόφους
1683 673 1749 698 ὑπο-

965 718 1053 754 φήτας
1079 718 1142 750 τοὺς
1168 718 1307 754 προφήτας
1327 718 1418 753 φησίν.
1451 717 1516 744 Τινὰ
1544 717 1598 754 γὰρ
1623 717 1747 752 ἀγάλμα-

963 773 997 791 τα
1012 765 1062 800 ήδη
1079 763 1286 800 προπαρέθηκεν
1302 764 1330 791 ὲν
1352 763 1391 799 τῷ
1413 764 1483 798 Περὶ
1493 764 1578 791 θείων
1596 764 1754 802 ὀνομάτων,

964 811 1057 847 λόγῳ.]

1005 857 1204 893 Ἀταλμάτων.
1221 857 1287 884 Τίνα
1305 857 1430 892 δηλοῦται
1450 857 1646 892 ὲναποκείμενα
1663 857 1746 891 ἀγάλ-

133 896 290 926 simulacra,
304 895 471 923 declaratum
485 899 528 922 est
540 895 568 922 in
583 895 653 923 libro
670 894 706 922 De
718 894 813 923 divinis
831 896 913 923 nomi-

970 913 1051 938 ta‘ta,
1074 906 1130 937 τοῖς
1156 904 1310 939 λεγομένοις
1331 904 1361 930 ὲν
1381 903 1421 938 τῷ
1441 902 1511 937 Περὶ
1531 902 1617 930 θείων
1638 903 1745 937 ὀνομά-

133 942 219 975 nibus,
233 943 261 969 in
275 942 410 977 principio
423 942 520 977 capitis
532 941 607 969 noni.

172 1031 358 1067 Vestigiorum.
382 1029 508 1057 Extrema
530 1029 579 1057 Dei
595 1029 770 1065 vestigiorum
787 1030 815 1058 in
838 1037 916 1058 crea-

129 1078 207 1106 tione
229 1070 296 1105 dicit
313 1084 374 1112 qua:
389 1080 470 1104 antea
494 1076 562 1103 dixit
586 1076 713 1103 vilissima
737 1076 915 1104 materialium

132 1123 345 1158 descriptionum.
365 1121 506 1155 Quomodo
529 1125 619 1149 autem
644 1121 702 1149 hrec
723 1121 850 1149 dicantur
867 1130 915 1150 ex-

131 1173 248 1197 tremum
264 1168 416 1203 vestigium,
432 1167 520 1195 fusius
536 1175 552 1194 a
575 1167 655 1195 nobis
678 1167 784 1195 dicetur
798 1168 827 1196 in
845 1168 914 1197 libro

131 1215 170 1243 De
185 1214 280 1241 divinis
297 1213 455 1245 nominibus,
468 1213 556 1248 capite
570 1213 598 1240 4.

168 1260 230 1287 Nisi
243 1260 408 1294 deformitas.
425 1258 573 1291 Deformis,
591 1258 711 1294 intellige
726 1258 844 1286 ferarum
861 1258 915 1286 l'or-

131 1314 204 1334 mam
223 1310 250 1334 et
272 1313 401 1341 pecorum
424 1305 640 1338 similitudinem,
652 1312 733 1340 quam
753 1305 788 1333 de
812 1305 913 1341 angelis

133 1352 275 1387 Scriptura
289 1351 356 1379 dicit
368 1360 375 1379 :
392 1350 458 1378 illud
473 1355 574 1383 autem,
586 1351 763 1385 declaratiuce,
778 1352 914 1388 signiﬁcat

130 1398 305 1426 manifestum
317 1397 442 1425 facientis
452 1404 499 1424 seu
514 1397 737 1426 demonstrantis.

167 1444 370 1480 Angetiformes.
389 1442 507 1471 Pulchre
524 1443 682 1479 ﬁgurativas
693 1444 910 1479 delineatiom-s;

130 1500 199 1528 quas
219 1491 292 1520 enim
312 1495 376 1519 ante
397 1490 477 1524 dixit,
497 1497 551 1518 non
573 1490 721 1525 angelicas,
739 1490 788 1518 sed
812 1491 912 1526 angeli-

964 960 1024 978 των
1050 951 1121 986 λόγῳ
1148 951 1178 977 ὲν
1206 952 1239 986 τῇ
1271 950 1341 986 ἀρχῇ
1365 948 1412 976 τοῦ
1447 949 1468 976 θ’
1493 948 1639 983 κεφαλαίου
1669 949 1745 985 δεδή-

964 997 1058 1025 λωται.

1005 1043 1227 1079 Ἀπηκημάτων.
1247 1043 1368 1078 Ἔσχατα
1383 1041 1436 1068 τῶν
1453 1041 1499 1068 τοῦ
1515 1041 1582 1068 Θεοῦ
1597 1041 1746 1076 ἀπηχημά-

963 1099 1018 1117 των
1032 1091 1062 1117 ὲν
1075 1089 1238 1126 δημιουργίᾳ
1249 1089 1339 1124 φησὶν,
1351 1088 1369 1115 ἃ.
1379 1089 1508 1124 προεῖπεν
1522 1087 1679 1122 ἀτιμότερα
1687 1086 1747 1114 τῶν

963 1138 1075 1164 Malm
1084 1137 1319 1172 διακοσμήσεων.
1332 1136 1394 1167 Πῶς
1404 1135 1432 1162 δὲ
1443 1135 1528 1162 ταῦτα
1538 1135 1659 1170 λέγονται
1668 1134 1744 1169 ἐσχα-

963 1191 1011 1209 τον
1023 1183 1156 1218 ἀπήχημα
1168 1202 1175 1214 ,
1192 1183 1221 1209 ὲν
1233 1181 1273 1217 τῷ
1287 1181 1358 1215 Περὶ
1385 1181 1470 1208 θείων
1495 1179 1645 1214 ὀνομάτων
1659 1179 1744 1214 λόγῳ,

963 1228 1099 1264 κεφαλαίῳ
1112 1228 1146 1262 δ’,
1163 1228 1322 1264 λεχθήσεται
1337 1228 1403 1263 ἡμῖν
1418 1225 1598 1261 πλατύτερον,

997 1275 1034 1300 Et
1045 1273 1088 1309 μὴ
1104 1274 1136 1300 τὸ
1159 1272 1305 1306 δυσειδές.
1323 1272 1359 1298 Τὸ
1382 1271 1501 1302 δυσειδὲς
1516 1271 1546 1296 τὸ
1562 1270 1744 1306 θηριόμορφον

962 1320 1056 1355 νόησον
1072 1320 1118 1346 καὶ
1134 1319 1277 1355 κτηνῶδες,
1294 1319 1308 1345 ὃ
1328 1317 1392 1354 περὶ
1414 1316 1467 1343 τῶν
1484 1316 1606 1350 ἀγγέλων
1629 1317 1711 1351 φησὶν
1726 1317 1744 1352 ἡ

962 1366 982 1393 Γ
985 1367 1070 1402 ραφή·
1097 1367 1127 1392 τὸ
1151 1365 1180 1392 δὲ
1205 1363 1384 1399 ἐκφαντικῆς
1408 1361 1534 1397 σημαίνει
1557 1362 1609 1398 τῆς
1630 1370 1744 1397 φανερο-

962 1412 1049 1445 ποιοῦ,
1064 1412 1145 1447 ἤγουν
1160 1411 1210 1446 τῆς
1222 1410 1412 1446 ὲκφαινοὺσης.

1003 1456 1220 1492 ’Δγ-γελοειδεῒς.
1248 1456 1344 1487 Καλῶς
1366 1456 1417 1488 τὰς
1439 1455 1557 1487 τυπικὰς
1586 1455 1742 1488 είκονογρα-

962 1503 1036 1538 φίας,
1052 1503 1085 1535 ἃς
1111 1503 1157 1530 καὶ
1173 1503 1311 1538 προεῖπεν,
1331 1502 1381 1528 οὐκ
1403 1501 1560 1536 ἀγγελικὰς,
1576 1500 1632 1528 ἀλλ’
1656 1500 1742 1534 ἀττε-

130 1540 226 1573 formes
251 1537 417 1571 nominavit;
440 1544 495 1564 non
517 1536 590 1564 enim
610 1537 731 1572 ipsorum
754 1537 911 1572 angelorum

970 1536 1088 1582 iostﬁsi'c
1100 1536 1239 1584 ὠνόμασεν
1249 1557 1255 1563 ·
1272 1549 1302 1575 οὺ
1318 1547 1372 1584 γὰρ
1385 1547 1474 1575 αὐτῶν
1494 1547 1549 1574 τῶν
1562 1545 1693 1580 ἀγγέλων,
1706 1547 1744 1577 ὡς

129 1585 200 1613 sicut
222 1588 300 1617 sunt,
321 1583 452 1619 imagines
467 1582 580 1618 depicta:
600 1586 675 1615 sunt,
695 1582 743 1611 sed
763 1590 912 1618 repraesen-

970 1593 1041 1627 είσὶν,
1056 1580 1083 1621 ai
1099 1580 1200 1626 εἰκόνες
1224 1580 1394 1630 ἐγράφησαν·
1413 1593 1469 1620 ἀλλ’
1489 1592 1605 1628 ἐμφασίν
1620 1598 1680 1617 τινα
1701 1590 1741 1616 ει-

129 1631 260 1659 tationem
287 1630 405 1666 aliquam
436 1629 580 1657 elﬁctionis
610 1628 703 1657 formae
736 1629 912 1665 incorporeo-

970 1641 1079 1673 ῑοποιίας
1101 1628 1263 1676 ἀσωμάτων.
1279 1640 1503 1676 ὺπεμφαίνουσιν,
1528 1639 1565 1671 ὡς
1589 1637 1741 1673 ἐξηγήσατο

128 1684 191 1704 rum
212 1676 327 1705 obscure
347 1675 492 1708 exhibent.
516 1675 588 1703 sicut
607 1675 665 1710 ipse
687 1676 806 1710 Seipsum
825 1675 912 1711 expli-

129 1723 211 1751 cavit.

165 1769 216 1804 12
234 1768 427 1803 Deﬁniendum,
441 1767 489 1796 Gr.
500 1767 692 1805 ἀφορίσασθαι.
709 1768 856 1796 Consuevit
870 1767 912 1796 di-

129 1823 191 1843 cere
205 1814 387 1850 ὰφορίσασθαι
402 1814 436 1842 de
446 1815 480 1842 iis
493 1822 552 1850 qua:
563 1814 691 1843 distincte
704 1814 871 1843 deﬁniuntur
883 1819 912 1843 et

130 1861 323 1895 explanantur.

164 1904 344 1932 Arbitramur.
361 1903 583 1933 Subaudiendum
602 1906 732 1941 οῑόμεθαε
749 1909 780 1934 ut
797 1906 842 1939 sit,
865 1914 910 1934 ar-

130 1952 264 1978 bitramur
278 1950 460 1978 hierarchiam
479 1958 551 1984 esse,
573 1955 600 1979 et
623 1952 788 1980 arbitramur
804 1953 911 1980 hierar—

129 1998 196 2026 chas
218 1996 342 2032 quaedam
357 1997 499 2027 commoda
523 1997 646 2032 accipere
665 2005 699 2026 ex
716 1998 804 2026 sacris
828 2006 911 2027 αυτο-

130 2043 240 2071 muniis.

167 2089 207 2116 Tu
221 2097 291 2123 vero,
308 2097 323 2117 ο
345 2089 396 2124 ﬁli.
411 2088 550 2123 Quomodo
564 2097 678 2126 magnus
700 2089 846 2125 Dionysius
867 2090 909 2118 di-

129 2135 223 2163 vinum
239 2135 412 2164 Timotheum
429 2139 508 2164 vocet
533 2135 627 2168 ﬁlium,
652 2136 843 2171 quaerendum;
863 2141 909 2165 aut

128 2182 220 2214 enim,
242 2181 323 2210 sicuti
346 2181 484 2215 existimo,
507 2182 560 2210 hoc
587 2181 624 2209 ait
651 2181 733 2209 veluti
757 2183 909 2217 provectior

129 2227 190 2261 ipso
208 2228 298 2260 annis,
311 2231 338 2255 et
355 2228 383 2255 in
397 2228 566 2264 philosophia
579 2227 764 2260 excellentior,
780 2227 817 2255 ita
831 2233 860 2255 ut
873 2228 908 2256 al)

961 1687 1042 1718 αὐτὸς
1058 1686 1163 1713 ἑαυτόν.

1002 1773 1223 1808 Ἀφορίσασθαι.
1237 1773 1274 1800 Τὺ
1283 1773 1484 1807 ἀφορίσασθαι
1495 1771 1575 1799 εἴωθε
1590 1771 1678 1805 λέγειν
1694 1770 1741 1796 ἐπὶ

959 1819 1013 1847 τῶν
1028 1818 1241 1855 διακεκριμένως
1261 1818 1426 1854 ὁριζομένων
1448 1817 1495 1844 καὶ
1509 1817 1739 1852 διασαφουμένων.

996 1913 1127 1946 οἰόμεθα.
1145 1910 1223 1938 Κατὰ
1238 1909 1327 1936 κοινοῦ
1343 1909 1373 1935 τὸ
1387 1909 1518 1943 οὶόμεθα’
1544 1908 1587 1934 ἵνα
1607 1907 1665 1943 εῐη,
1687 1907 1740 1934 οἰό-

960 1957 1029 1993 μεθα
1054 1957 1193 1992 ἱεραρχίαν
1217 1953 1295 1986 εἶναι,
1312 1955 1359 1982 καί
1381 1962 1442 1980 τινα
1463 1953 1574 1988 οἰόμεθα
1596 1952 1739 1988 ὸνήνασθαι

959 2000 1108 2039 [τουτέστιν
1123 1999 1238 2036 ὠφελεῖν
1248 1998 1387 2035 δύνασθαι]
1403 1999 1466 2030 τοὺς
1484 1998 1612 2034 ἱεράρχας
1626 1997 1670 2025 διὰ
1684 1997 1739 2025 τῶν

960 2047 982 2073 ίε
986 2048 1039 2083 ρῶν
1054 2047 1177 2074 τελετῶν.

993 2094 1036 2121 Σὺ
1052 2094 1096 2125 δὲ,
1107 2093 1130 2120 ὦ
1145 2091 1207 2120 παῖ.
1224 2091 1286 2123 Πῶς
1309 2091 1393 2118 παῖδα
1412 2090 1489 2117 καλεῖ
1506 2089 1552 2116 τὸν
1572 2089 1642 2116 θεῖον
1657 2089 1739 2124 Τιμό-

958 2139 1018 2166 θεον
1033 2140 1048 2166 ὁ
1064 2138 1151 2174 μέγας
1164 2137 1307 2170 Διονύσιος,
1325 2135 1469 2172 ζητητέον·
1485 2135 1502 2171 ἢ
1518 2135 1582 2170 γὰρ,
1599 2135 1635 2166 ὡς
1651 2133 1737 2170 οἶμαι,

958 2183 1006 2211 ἅτε
1021 2182 1199 2220 προὸεδηκὼς
1220 2181 1300 2209 αὐτὸν
1318 2183 1375 2213 τοῖς
1390 2181 1472 2213 ἔτεσι,
1498 2180 1576 2207 τοῦτὸ
1598 2187 1673 2214 φησι,
1691 2179 1738 2206 καὶ

957 2231 991 2265 τῇ
1013 2229 1157 2264 φιλοσοφίᾳ
1179 2227 1312 2264 προέχων,
1327 2227 1365 2259 ὡς
1388 2227 1436 2254 καὶ
1452 2225 1657 2262 προερωτᾶσθαι
1673 2223 1737 2260 παρ’

128 2260 162 2299 eo
180 2273 370 2308 interrogetur.
385 2260 622 2308 quemadmodum,
641 2274 688 2308 qui
707 2281 763 2309 prae
783 2274 908 2302 manibus

970 2260 1050 2307 dicavi,
1069 2260 1149 2302 med.
1163 2260 1292 2310 δηλοίλεὰ
1317 2273 1385 2309 μετὰ
1406 2260 1499 2308 χεῖρας
1521 2260 1736 2307 συγγράμματα*

129 2317 202 2349 iibri,
216 2317 369 2351 deciarant;
385 2318 436 2346 etsi
451 2319 523 2346 enim
539 2322 603 2347 ante
613 2319 735 2347 divinum
750 2319 907 2356 Dionysium

130 2363 276 2391 crediderit
299 2368 412 2392 sanctus
428 2364 596 2398 Timotheus,
620 2366 690 2393 sicut
710 2365 776 2394 Acta
799 2371 909 2395 saneto-

130 2417 190 2436 rum
211 2409 396 2444 apostolorum
417 2409 571 2444 declarant;
591 2419 683 2439 verum
708 2419 822 2447 magnus
844 2411 908 2440 Dio-

129 2454 224 2490 nysius
238 2458 296 2482 erat
311 2455 339 2482 in
354 2454 466 2490 profana
480 2455 623 2491 disciplina
641 2457 700 2491 ipso
715 2458 886 2492 praestantior
899 2466 905 2484 :

958 2321 1009 2348 κᾶν
1028 2321 1082 2357 γὰρ
1096 2321 1148 2357 πρὸ
1162 2320 1209 2348 τοῦ
1223 2320 1294 2347 θείου
1307 2318 1444 2346 Διονυσίου
1460 2317 1616 2344 ἐπίστευσεν
1635 2317 1650 2343 ὁ
1662 2316 1738 2350 ἅγιος

959 2367 1098 2402 Τιμόθεος,
1113 2367 1150 2398 ὡς
1170 2367 1197 2394 αἱ
1217 2366 1333 2402 Πράξεις
1347 2365 1401 2392 τῶν
1416 2364 1501 2398 ἁγίων
1522 2362 1675 2390 ἀποστόλων
1690 2361 1737 2397 δη-

955 2414 1058 2446 νλοῦσιν,
1073 2413 1130 2440 ἀλλ’
1148 2411 1195 2440 οὖν
1215 2413 1264 2448 τὴν
1282 2412 1333 2445 ἔξω
1356 2411 1478 2439 παιδείαν
1500 2409 1661 2445 ἱκανώτερος
1677 2406 1711 2444 ἦν
1722 2409 1737 2434 ό

959 2460 1045 2496 μέγας
1059 2459 1209 2491 Διονύσιος’
1227 2459 1244 2495 ἢ
1259 2458 1341 2486 παῖδα
1362 2457 1439 2485 καλεῖ
1462 2457 1552 2488 αὺτὸν,
1575 2456 1613 2487 ὤς
1638 2453 1735 2490 μιμού-

130 2504 176 2528 aut
190 2500 275 2527 filium
303 2500 392 2536 ipsum
408 2505 496 2534 vocat,
513 2505 642 2537 tanquam
665 2503 796 2531 imitando
817 2503 908 2531 Domi-

970 2514 1040 2538 ιενος
1060 2505 1106 2532 τὸν
1119 2505 1219 2542 Κύριον
1233 2505 1358 2539 λέγοντα·
1375 2503 1489 2536 Παιδία,
1503 2502 1545 2538 μή
1561 2510 1589 2529 τι
1604 2497 1736 2534 προσφά-

128 2554 193 2574 num
210 2547 365 2575 dicentem:
383 2546 474 2585 Pueri,
495 2548 611 2584 nunquid
634 2549 839 2584 pulmentarium
859 2549 908 2576 Ita-

970 2560 1026 2578 ἰον
1046 2551 1147 2586 exere;
1161 2551 1178 2586 ἢ
1203 2550 1295 2586 ἐπειδὴ
1317 2550 1380 2582 τοὺς
1402 2549 1473 2576 κατὰ
1486 2548 1510 2564 ³⁸
1532 2547 1598 2574 Θεὸν
1619 2543 1735 2572 ἀκακίαν

130 2592 290 2621 ῡειὶειῖνει
313 2593 442 2630 quoniam
461 2602 508 2623 eos
532 2595 579 2630 qui
607 2595 826 2631 simplicitatem,
848 2603 909 2632 quae

970 2597 1109 2629 ὶσκοῦνιας
1136 2597 1234 2629 παῖδας
1258 2596 1386 2628 ἐκάλουν,
1408 2595 1446 2627 ὡς
1469 2594 1515 2622 καὶ
1537 2590 1643 2622 Παπίας
1662 2588 1735 2624 δηλοῖ

160 2701 176 2721 γ
193 2695 266 2725 Psal.
282 2705 339 2731 ut.
356 2697 383 2726 7.
433 2703 443 2717 ι
461 2696 539 2727 Joan.
558 2706 614 2732 ut,
628 2698 655 2726 5.

610 2786 727 2816 VARLE
742 2786 933 2817 LECTIONES
947 2786 992 2816 ET
1008 2785 1279 2816 CORRECTIONES.

184 2871 196 2888 ⁵
210 2871 262 2899 διά.
