1925 3060
178 206 212 235 49

514 204 544 233 S.
563 205 688 234 MAXIM!
709 204 856 234 SCHOLIA
871 205 905 233 IN
924 205 987 234 LIB.
1007 204 1051 232 DE
1067 202 1228 233 C(ELESTI
1251 203 1461 232 HlEILA'ICHIA

1761 200 1795 231 εῖο

178 262 273 300 βιϐλίῳ
286 261 386 298 πρώτῳ
396 261 451 289 τῶν
465 261 617 296 Κυριαιιῶν
630 262 812 298 ἐξηγήσεων,
829 263 876 291 καὶ
890 263 948 299 Κλή

1011 261 1160 290 secundum
1176 261 1259 289 Deum
1272 268 1325 293 est,
1339 263 1478 294 exercent,
1492 267 1592 295 pueros
1606 261 1791 296 appellabant,

180 317 233 345 μης
244 309 259 335 ό
274 306 461 343 Ἀλεξανδρεὺς
472 307 503 335 ὲν
513 306 552 343 τῷ
561 307 748 344 Παιδατωτῷ.

213 443 359 478 Πληθύος.
370 443 442 481 Πρὸς
450 443 480 471 τδ
494 445 628 479 πληθύος
642 445 673 472 τὸ
688 445 803 480 ἐνσειδῆ
818 445 938 482 ἐπήγαγε
948 454 955 462 ”

176 489 212 517 τὰ
230 490 279 525 μὲν
301 490 356 527 γὰρ
379 490 444 525 ἅγια
465 491 597 518 ἑνοποιεϊ·
621 491 656 518 τὰ
671 491 699 518 δὲ
715 491 816 527 βέϐηλα
838 492 884 518 καὶ
908 491 957 527 τῆς

178 535 312 571 ἁμαρτίας
333 535 397 563 δντα
415 536 456 568 είς
476 535 561 563 πολλὰ
581 535 625 564 διὰ
645 537 693 572 τῆς
715 537 872 572 διαιρέσεως
887 537 956 572 πλη-

177 581 260 608 θύνει.
276 581 360 608 Τοῦτο
380 581 445 616 γοῦν
460 582 508 609 νῦν
527 582 604 610 καλεῖ
627 582 752 617 πλῆθος,
768 582 798 609 τὸ
813 583 894 610 οἱονεὶ
911 583 956 619 βέ-

174 625 265 662 δηλον.

408 671 462 698 ΕΙΣ
481 670 524 698 ΤΟ
542 671 666 698 ΚΕΦΑΛ.
683 672 720 699 Γ¹.

212 717 299 744 Ἔστι
310 716 368 752 μὲν
383 717 523 752 ιεραρχία.
536 717 618 753 Ὅρος
632 717 780 754 ίεραρχίας.

215 762 264 795 Ὧς
277 762 408 798 ἐφικτόν.
431 763 476 795 Ὦς
489 762 612 790 δὊνατόν.

210 852 430 887 Τελεταρχικόν.
449 852 552 887 Ἦγουν
566 852 731 881 τελειποιοῦν
743 854 777 880 ’⁸.

213 941 327 977 Ἀμιτές
338 942 403 970 ἐστι
418 943 557 971 καθόλου.
575 943 727 981 ’ομοιότης,
739 946 785 973 καὶ
795 947 895 982 ίσότης,
908 949 949 975 uel

1040 947 1208 983 Impermista
1228 952 1267 975 est
1282 948 1400 975 omnino.
1420 947 1587 979 Similitudo,
1605 952 1633 976 et
1645 949 1785 983 inqualitas
1829 967 1834 978 ε

1004 999 1031 1021 et
1044 994 1172 1021 identitas
1182 1001 1265 1020 unum
1278 997 1305 1021 et
1316 1001 1398 1020 unum
1411 993 1523 1025 faciens,
1535 998 1662 1029 tanquam
1672 995 1784 1030 simplex
1831 991 1836 1022 ξ

1003 1043 1030 1067 et
1045 1047 1113 1074 pura
1130 1042 1157 1067 et
1177 1039 1287 1066 minimc
1302 1038 1452 1074 composita
1472 1039 1632 1074 appellatur.
1649 1039 1786 1068 Dissimile
1839 1038 1844 1054 ’-

171 987 301 1023 ταυτότης
315 987 346 1015 τὺ
362 988 391 1016 ἓν
409 989 457 1016 καὶ
471 989 600 1022 ἑνοποιὸν,
616 990 664 1017 ἅτε
680 990 781 1019 ἁπλοῦν
797 993 844 1019 καὶ
857 994 954 1029 ἀμιγὲς

171 1033 219 1060 καὶ
240 1033 384 1061 ἀσύνθετον
405 1034 543 1062 καλεῖται·
569 1035 694 1071 ἀνόμοιον
715 1037 758 1069 δὲ,
781 1038 828 1065 καὶ
852 1038 952 1072 ἄνισον,

169 1079 218 1106 καὶ
231 1079 387 1115 ἑτερότητα,
399 1080 446 1107 καὶ
465 1080 571 1115 μικτὸν,
582 1081 630 1108 καὶ
641 1082 670 1110 ὲν
679 1082 812 1120 μεταϐολῇ
826 1084 856 1111 τὸ
870 1084 954 1120 πρόσ-

170 1123 231 1151 υλόν
243 1132 319 1159 φασι.
336 1124 373 1152 Τὸ
386 1122 432 1152 οὖν
443 1123 472 1152 ἓν
482 1126 496 1152 ὀ
504 1124 569 1158 Θεὸς
582 1126 661 1153 νοοῖτ¹
673 1127 716 1155 ἄν.

205 1212 364 1246 Θιασώτας.
378 1213 486 1248 Θίασος
497 1213 546 1250 μὲν
556 1214 656 1251 κυρίως
667 1216 681 1243 ὁ
698 1217 775 1254 χορός
785 1226 792 1233 ⁸
807 1218 952 1254 θιασώτας

168 1256 197 1284 δὲ
212 1257 330 1286 ἐνταῦθα
343 1259 406 1291 τοὺς
421 1259 484 1295 περὶ
497 1259 531 1287 τὰ
544 1260 604 1288 θεῖα
615 1261 863 1299 ἀναστρεφομένους
873 1266 947 1301 φησι.

167 1302 355 1331 Δωιὸέστατα
376 1305 425 1340 μὲν
447 1305 576 1342 λαμπρὰ,
605 1306 700 1342 διαυγῆ
713 1317 720 1323 ·
745 1309 898 1345 ἀκηλίδωτα
921 1312 950 1339 δὲ

166 1349 317 1385 ἀρρύπωτα
327 1350 361 1377 ⁸⁸.

207 1440 393 1476 Ὲνερτῆσαι.
411 1440 503 1470 Ταῦτα
527 1443 628 1480 νομίζω
651 1444 757 1481 δηλοῦν,
774 1447 816 1474 ὅτι
840 1447 871 1475 οὐ
895 1449 947 1485 χρή

165 1494 225 1514 τινα
238 1486 292 1513 τῶν
309 1488 338 1514 ὲν
357 1487 486 1524 ἱερατικῷ
502 1488 599 1525 βαθμῷ
612 1490 836 1528 καταλεγομένων
857 1495 963 1529 μεῖζόν.

164 1540 192 1559 τι
209 1532 259 1568 τῆς
274 1532 377 1566 οίκείας
396 1533 499 1567 τάξεως
510 1535 597 1562 ποιεῖν
607 1544 614 1551 ·
628 1535 696 1563 ἀλλά
712 1537 743 1564 τὸ
760 1538 902 1566 ἐπιϐάλλον
913 1541 946 1576 τῇ

164 1577 251 1613 οἰκείᾳ
273 1577 339 1614 ἀξίᾳ.
363 1579 442 1615 μόνον
466 1580 586 1616 ἐνεργεῖν
610 1582 657 1608 καὶ
678 1583 853 1619 παραδιδόναι
875 1585 946 1613 διδά-

1009 307 1080 336 sicut
1095 311 1123 335 et
1143 306 1240 342 Papias
1260 307 1379 334 declarat
1395 306 1466 333 libro
1490 306 1576 341 primo
1591 306 1792 336 Dominicarum

1008 352 1219 387 expositionum,
1241 355 1268 379 et
1294 351 1420 379 Clemens
1447 351 1648 380 Alexandrinus
1677 352 1704 379 in
1728 353 1792 381 Pa:-

1007 397 1118 434 dagogo.

1042 442 1223 471 Multitudine.
1247 442 1292 478 Τῷ
1308 442 1476 469 multitudine
1489 442 1519 469 τὺ
1536 442 1682 477 uniformiu
1704 451 1791 479 oppo—

1007 490 1079 523 suit;
1102 492 1197 516 sancta
1217 489 1291 516 enim
1327 497 1411 516 unum
1443 488 1564 522 faciunt;
1585 489 1700 524 profana
1722 497 1792 516 vero

1006 540 1034 564 et
1044 543 1105 571 quae
1123 535 1228 570 peccati
1243 539 1318 566 sunt,
1332 535 1360 562 in
1377 534 1462 562 multa
1477 542 1526 569 per
1540 535 1701 563 divisionem
1717 536 1790 562 mul-

1007 581 1173 616 tiplicantur.
1186 580 1244 607 Hoc
1258 581 1338 615 igitur
1351 588 1422 607 nunc
1439 581 1556 615 appellat
1572 581 1787 614 multitudinem,

1006 627 1079 663 quod
1093 626 1199 655 scilicet
1212 625 1366 661 profanum.

1302 671 1334 698 IN
1353 671 1429 700 CAP.
1446 671 1488 699 ill.

1040 718 1089 747 Est
1100 718 1203 755 quidem
1218 718 1376 746 hierarchia.
1391 717 1515 745 Deﬁnitio
1530 718 1697 746 hierarchize.

1041 765 1174 800 Quantum
1196 764 1238 800 {as
1263 769 1318 798 est,
1340 764 1387 793 Gr.
1405 764 1442 796 ὼς
1467 765 1587 799 ἐφικτόν,
1607 766 1677 793 sicut
1697 766 1785 801 possi-

1005 811 1068 839 bile.

1040 856 1121 892 Origo
1143 857 1317 892 perfectionis,
1340 855 1387 884 Gr.
1410 855 1610 892 τελεταρχικόν.
1627 864 1675 884 seu
1697 856 1787 890 perfe-
1830 888 1833 895 ν

1004 905 1079 930 ctum
1092 902 1208 930 faciens.

1003 1092 1077 1118 vero,
1098 1088 1125 1113 et
1140 1084 1284 1120 inaequale,
1305 1089 1330 1112 et
1354 1084 1504 1116 diversum,
1526 1090 1554 1112 et
1569 1085 1691 1116 mistum.
1715 1089 1742 1113 et
1758 1087 1785 1113 in

1001 1130 1153 1159 mutatione
1178 1131 1319 1158 materiale
1345 1129 1450 1158 dicunt.
1477 1129 1566 1158 Unum
1596 1131 1687 1166 igitur,
1712 1131 1783 1159 Deus

1001 1175 1178 1212 intelligatur.

1035 1221 1143 1250 Divinos
1160 1222 1202 1249 sui
1226 1227 1369 1253 camertes,
1384 1221 1432 1250 Gr.
1445 1221 1593 1253 θιασώτας.
1610 1221 1708 1254 Θίασος
1723 1230 1785 1256 pro-

999 1267 1058 1303 prie
1075 1267 1184 1302 quidem
1195 1267 1313 1301 cborus;
1329 1266 1462 1299 θιασώτας
1478 1271 1579 1300 autem,
1595 1268 1647 1296 hoc
1666 1269 1693 1295 in
1712 1268 1782 1300 loco,

998 1320 1045 1342 eos
1065 1314 1111 1350 qui
1130 1314 1204 1341 circa
1227 1313 1319 1341 divina
1343 1317 1486 1340 versantur
1508 1312 1584 1340 dicit.
1611 1313 1784 1340 Διειδέστατα

998 1359 1105 1395 quidem
1129 1359 1281 1395 splendida,
1301 1358 1447 1394 pellucida,
1471 1358 1625 1395 ἀκηλίδωτα
1639 1366 1714 1392 vero,
1729 1367 1783 1386 non

997 1404 1117 1433 sordida.

1032 1451 1153 1486 Operari.
1165 1449 1228 1478 Haec
1238 1450 1356 1478 arbitror
1365 1450 1514 1484 declarare,
1528 1450 1600 1486 quod
1611 1457 1666 1478 non
1676 1453 1783 1485 oportet

996 1496 1113 1532 aliquem
1139 1496 1168 1524 in
1193 1503 1272 1524 sacro
1294 1496 1380 1531 gradu
1410 1495 1650 1523 adnumeratorum
1679 1494 1780 1530 aliquid

996 1548 1078 1576 supra
1092 1541 1233 1576 proprium
1248 1540 1370 1568 ordinem
1385 1539 1491 1574 facere;
1508 1540 1556 1568 sed
1581 1544 1687 1567 tantum
1711 1539 1783 1575 quod

995 1587 1113 1624 propriae
1125 1587 1259 1614 incumbit
1267 1586 1393 1622 dignitati
1406 1585 1522 1620 edicere,
1531 1590 1558 1613 et
1572 1586 1714 1613 docentem
1728 1590 1783 1612 tra-

165 1631 280 1667 ᾳοντα,
299 1624 336 1660 μὴ
359 1625 412 1660 μὴν
435 1626 583 1662 ἐπιχειρεῖν
597 1628 637 1659 είς
655 1627 690 1655 τὰ
702 1629 771 1665 ὑπὲρ
790 1630 840 1666 τὴν
853 1631 944 1664 ἀξίαν·

1008 1633 1074 1667 lere;
1085 1640 1140 1660 non
1150 1640 1215 1661 vero
1229 1639 1339 1659 manum
1354 1631 1498 1659 admovere
1512 1631 1547 1658 iis
1563 1631 1613 1666 13
1627 1638 1687 1665 quae
1698 1630 1783 1665 digni-

164 1665 229 1701 οἷον,
252 1670 316 1702 τοὺς
341 1670 541 1707 πρεσϐυτέρους
564 1672 708 1707 διδάσκειν,
734 1676 782 1701 καὶ
803 1665 834 1702 rb
861 1676 946 1713 δῶρον

165 1715 369 1752 προσκομίζειν,
383 1717 414 1743 οὐ
434 1716 488 1753 μὴν
507 1719 554 1745 καὶ
569 1722 741 1754 χειροτονεῖν·
759 1721 898 1754 διακόνους
911 1723 947 1750 δι-

164 1760 283 1794 δάσκειν,
309 1762 340 1788 οὐ
367 1762 420 1798 μὴν
441 1763 489 1790 καὶ
516 1764 671 1800 βαπτίζειν·
702 1767 734 1793 οὐ
757 1767 811 1803 γὰρ
832 1768 946 1796 δώσουσι

164 1806 276 1842 Πνεῦμα
285 1807 378 1850 νᾶγιον,
395 1808 433 1840 ὡς
449 1809 534 1836 οὐδὲό
556 1810 687 1843 Φίλιππος
706 1813 736 1839 ὲν
754 1814 814 1845 ταῖς
828 1813 946 1850 Πράξεσι

163 1851 216 1878 τῶν
232 1849 318 1887 ἀγίίον
331 1853 498 1888 ἀποστόλων,
513 1856 527 1882 ὁ
540 1855 662 1889 διάκονος
671 1865 678 1873 ’
699 1857 766 1885 ἀλλά
781 1860 848 1895 μήτε
863 1869 947 1896 προσ-

163 1897 272 1933 φέρειν·
296 1900 343 1927 καὶ
366 1899 452 1932 οὕτως
475 1901 586 1938 ἑφεξῆς·
615 1902 683 1930 ἀλλά
705 1905 752 1932 καὶ
775 1906 838 1938 τοὺς
852 1906 946 1934 τελου-

166 1945 262 1980 μένους
282 1945 316 1973 τὰ
341 1947 496 1983 καθήκοντα
518 1948 597 1988 μόνον
621 1949 762 1984 πράσσειν,
782 1951 826 1978 ἴνα
847 1952 948 1986 φυλάτ-

164 1999 235 2018 Ιιτοιιιο
250 1992 339 2024 καλῶς
352 1992 383 2019 τὸ
402 1993 476 2029 παρὰ
491 1994 529 2029 τῷ
543 1994 606 2030 θείῳ
620 1995 729 2031 Παύλῳ·
748 1997 896 2032 Ἕκαστος
912 1999 948 2027 ἐν

164 2036 188 2069 ᾦ
200 2037 313 2072 ἐκλήθη
329 2038 425 2074 βαθμῷ
438 2039 560 2074 μενέτω.

202 2084 403 2119 Τελεταρχίας.
418 2086 546 2113 Τουτέστι
559 2085 734 2120 τελειώσεως.

202 2173 317 2206 Τάεεσι.
335 2174 413 2202 Κατά
426 2174 457 2201 τὸ
471 2175 597 2212 διάφορον
612 2177 667 2212 γὰρ
682 2178 729 2204 καὶ
744 2177 947 2215 ὑπεραναὸε6η·

165 2219 212 2251 κὸς
225 2219 279 2247 τῶν
291 2219 405 2252 τάξεων,
422 2221 468 2248 καὶ
481 2221 512 2248 τὸ
526 2221 735 2258 ἐπιστημονικὸν
749 2221 818 2251 εἶναι
831 2224 881 2252 δεῖ.

997 1681 1080 1706 tatem
1093 1682 1222 1713 superant
1238 1677 1318 1705 sicuti
1336 1676 1507 1712 presbyteros
1522 1675 1630 1709 docere,
1643 1679 1671 1703 et
1681 1675 1782 1703 donum

996 1723 1104 1756 otl'erre,
1124 1731 1179 1751 non
1196 1727 1287 1750 autem
1303 1723 1441 1750 ordinare.
1455 1721 1589 1749 Diaconos
1606 1721 1712 1752 docere,
1728 1729 1782 1748 non

997 1773 1086 1797 autem
1099 1769 1180 1797 etiam
1200 1768 1349 1803 baptizare.
1365 1767 1426 1795 Non
1441 1767 1513 1795 enim
1529 1767 1632 1794 dabunt
1649 1765 1780 1802 Spiritum

997 1819 1134 1849 sanctum,
1151 1815 1222 1844 sicut
1241 1822 1331 1850 neque
1348 1813 1488 1849 Philippus
1510 1813 1652 1845 diaconus,
1665 1813 1693 1839 in
1707 1812 1782 1838 Actis

997 1866 1153 1889 sanctorum
1176 1860 1362 1896 apostolorum
1384 1868 1392 1886 :
1414 1854 1463 1887 sed
1490 1865 1546 1886 non
1565 1857 1649 1885 etiam
1671 1856 1780 1888 offerre,

996 1909 1024 1933 et
1039 1905 1077 1933 ita
1101 1905 1245 1940 deinceps,
1266 1904 1314 1932 sed
1332 1907 1360 1932 et
1381 1903 1517 1939 perfectos
1530 1905 1600 1937 'qua:
1619 1902 1698 1930 oliicii
1719 1906 1780 1929 tan-

996 1955 1054 1978 tum
1071 1954 1135 1979 sunt
1156 1950 1261 1982 facere,
1283 1954 1312 1977 ut
1328 1949 1500 1977 custodiatur
1516 1949 1586 1977 bene
1603 1948 1670 1976 illud
1692 1947 1781 1976 sancti

996 1997 1072 2025 Pauli
1088 2006 1096 2024 :
1113 1996 1295 2032 Unusquisque
1317 1996 1345 2022 in
1367 2003 1418 2030 quo
1433 1998 1540 2022 vocatus
1560 1998 1600 2022 est
1619 1993 1703 2030 gradu
1722 2002 1782 2020 ma-

954 2069 956 2071 .
996 2048 1057 2071 neat
1068 2049 1092 2070 ⁸.

1032 2087 1214 2116 Ordinationis
1232 2087 1371 2122 principii,
1385 2086 1433 2114 Gr.
1449 2086 1638 2122 τελεταρχίας,
1662 2085 1714 2113 hoc
1739 2089 1781 2113 est

998 2133 1184 2170 perfectionis.

1033 2180 1186 2208 Ordinibus.
1204 2178 1359 2207 Secundum
1374 2177 1554 2206 differentiam
1568 2176 1654 2208 enim,
1671 2180 1699 2204 et
1712 2176 1780 2203 emi-

996 2226 1117 2254 nentiam
1138 2225 1265 2253 ordinum
1284 2224 1366 2253 etiam
1388 2223 1496 2252 sciendi
1515 2222 1671 2251 facultatem
1690 2221 1781 2250 inesse

998 2276 1115 2308 oportet.

199 2311 438 2346 Κεσιληρωμένων
457 2312 477 2346 ἠ
500 2312 663 2346 τελείωσις.
687 2311 844 2349 Σημείωσαι
867 2315 908 2346 τίς
928 2316 945 2350 ἡ

1015 2304 1198 2352 Ἐοτνιιηι,οιιί
1219 2317 1335 2344 ordinem
1351 2314 1439 2342 sortiti
1461 2317 1532 2346 sunt,
1555 2312 1690 2348 perfectio.
1711 2312 1780 2340 Nota

164 2354 218 2382 τῶν
236 2355 368 2391 ἱεραρχῶν
382 2355 528 2388 τελείωσις,
544 2357 592 2384 καὶ¹
606 2358 663 2389 πῶς
677 2357 744 2385 Θεοῦ
755 2359 807 2386 εισι
825 2360 950 2396 συνεργοὶ

164 2399 234 2427 κατά
247 2400 292 2427 τὸν
308 2400 378 2427 θεῖον
388 2401 560 2430 Ἀπόστολον.

201 2446 259 2481 Τὴν
273 2447 354 2474 θείαν
371 2447 530 2482 ἐνέργειαν.
545 2448 672 2475 Τουτέστι
686 2449 721 2476 τὰ
737 2449 784 2476 τοῦ
798 2450 865 2477 Θεοῦ
881 2450 949 2487 ἔργα

164 2493 210 2519 καὶ
225 2492 305 2520 αὐτὸν
321 2493 516 2529 ἐργαζόμενον,
533 2494 684 2528 σοφίζοντα,
707 2495 876 2528 τελειοῦντα,
904 2497 949 2524 καὶ

163 2538 199 2565 τὰ
213 2539 303 2574 ὅμοια,
317 2540 357 2571 εις
370 2540 432 2571 τοὺς
456 2540 727 2576 παιδαγωγουμένους
752 2542 823 2569 κατὰ
835 2542 948 2578 δύναμιν

164 2585 355 2620 ἐργαζόμενον.

199 2630 319 2665 Ἐπειδὴ
337 2630 430 2664 τάξις.
450 2631 605 2667 Σημείωσαι
627 2632 677 2668 τὴν
693 2633 769 2666 τάξιν
784 2634 831 2661 καὶ
849 2634 880 2661 τὸ
899 2635 948 2670 τῆς

165 2676 304 2712 ἱεραρχίας
326 2677 508 2712 ἀποτέλεσμα,
523 2677 569 2704 καὶ
589 2677 629 2704 ὅτι
651 2679 713 2710 τοὺς
734 2680 894 2714 προσιόντας
909 2681 950 2708 δεῖ

165 2721 272 2758 πρῶτον
287 2722 465 2758 καθαίρεσθαι
485 2723 519 2758 τῇ
534 2722 690 2759 διδασκαλίᾳ
709 2724 764 2752 τῶν
780 2724 948 2761 διαιρετικῶν

198 2797 211 2812 ι
223 2790 233 2818 l
246 2791 310 2819 Cor.
325 2798 376 2824 vn,
387 2791 432 2820 24.

998 2371 1059 2399 quae
1074 2364 1111 2391 sit
1134 2363 1325 2398 episcoporum
1346 2360 1496 2396 perfectio,
1521 2362 1550 2387 et
1574 2358 1710 2394 quomodo
1733 2358 1780 2386 Dei

998 2409 1053 2436 sint
1066 2412 1258 2443 cooperatores
1274 2406 1423 2435 secundum
1436 2404 1558 2432 divinum
1576 2403 1700 2431 Paulum.

1033 2453 1156 2481 Divinam
1168 2453 1355 2488 operationem.
1375 2451 1431 2480 Hoc
1446 2454 1488 2478 est
1501 2450 1590 2485 ipsum
1611 2456 1720 2485 quoque
1732 2448 1780 2476 Dei

998 2507 1081 2534 opera
1096 2503 1263 2534 operantem,
1278 2499 1431 2531 docentem,
1445 2495 1639 2532 perficientem,
1655 2499 1682 2523 et
1703 2494 1780 2527 simi-

996 2544 1034 2572 lia
1047 2545 1077 2572 in
1095 2545 1129 2572 iis
1140 2544 1187 2580 qui
1201 2544 1333 2571 docentur
1347 2550 1396 2578 pro
1409 2542 1514 2570 viribus
1529 2540 1684 2569 facientem.

1033 2634 1100 2662 Cum
1114 2634 1188 2662 ordo.
1204 2633 1273 2662 Nota
1286 2633 1409 2668 ordinem
1424 2636 1452 2660 et
1463 2632 1624 2660 hierarcbia:
1636 2629 1778 2666 perfectio-

998 2689 1077 2714 nem,
1104 2685 1132 2709 et
1155 2680 1228 2716 quod
1251 2680 1411 2708 accedentes
1434 2683 1541 2714 oportet
1561 2679 1648 2714 primo
1670 2676 1777 2712 purgari

1000 2727 1125 2755 doctrina
1149 2734 1245 2755 eorum
1276 2734 1338 2762 quae
1368 2725 1519 2754 dissolvere
1541 2727 1644 2760 queant
1672 2722 1781 2758 peccati-

652 2857 768 2886 VARIIE
783 2857 972 2887 LECTIONES
991 2859 1034 2887 ET
1051 2858 1322 2890 CORRECTIONES.

218 2927 241 2944 ¹³
256 2927 445 2956 τελειοποιοῦν.
492 2928 516 2945 ¹⁶
532 2927 651 2964 app-4m.
