1925 3060
117 195 146 223 5|
536 196 708 225 APPENDIX
725 197 772 224 AD
787 196 900 226 OPERA

970 197 1112 226 DIONYSII
1127 195 1370 225 AREOPAGITE.
1704 195 1739 223 δι

115 254 335 288 εοιιιιιιίεῑῑοηεεξ
349 254 448 284 deinde
471 255 603 284 illustrari
622 264 670 291 per
683 256 865 292 cognitionem
886 264 903 284 a

970 257 1004 293 ἧς
1018 255 1153 293 ἁμαρτίας
1168 255 1362 292 συμφύρσεωνθ
1376 250 1435 281 εἷτα
1450 250 1613 288 φωτίζεσθαι
1623 251 1657 286 τῇ
1670 249 1740 285 γνώ-

117 299 172 328 Deo
187 300 382 335 inspiratarum
396 299 601 336 Scripturarum
623 302 650 330 in
664 301 781 330 decretis
803 302 837 330 de
855 302 903 330 Dei

117 346 286 382 cognitione.
298 352 326 375 et
340 352 396 375 tum
407 347 503 383 perlici
517 348 732 377 resenerationis
746 348 866 377 lavacro.

167 435 224 462 Hos
248 435 354 471 quidem
378 436 522 465 illustrari.
553 436 624 464 Nota
653 435 726 473 quod
757 436 904 464 illustratio

117 481 254 518 pmedat
266 482 443 518 baptismum.

394 540 491 570 Diuina
504 540 616 569 beatitas

175 603 273 634 purgat
285 619 292 632 ,
454 598 585 632 illustrat,
720 599 833 634 perﬁcit,

117 645 222 674 docens
242 649 370 678 mentem,
400 652 510 673 sursum
524 645 645 677 ducens,
678 642 762 673 Deum
776 644 904 673 efﬁciens.

401 701 498 728 Diuina
517 701 630 728 beatitas

178 749 313 784 purgatio,
430 747 589 779 illustratio,
717 746 852 782 perfectio.

374 793 477 821 Divina:
496 793 630 821 beatitatia

118 850 260 912 hieragchre
270 851 328 886 qui-
430 850 573 878 hierarchia
588 854 675 878 autem
688 850 798 885 subjecti

206 894 262 912 em.

206 894 262 920 em,

116 940 125 944 ’
146 947 274 980 purgant,

148 991 306 1023 illustrant,
353 994 518 1026 purgantur;
561 990 730 1024 lustrantur;
766 989 912 1026 perﬁciun-

148 1036 290 1071 perliciunt
307 1046 314 1063 :
768 1041 823 1063 tur.

154 1082 241 1115 Νοός.
266 1081 358 1109 ionica
385 1089 453 1109 usus
468 1085 510 1110 est
530 1081 648 1109 dialecto
661 1083 676 1108 ό
689 1081 761 1114 νοῦς,
781 1081 827 1108 τοῦ
841 1081 909 1113 νοὸς,

120 1128 146 1154 oi
160 1128 227 1159 νόες.
249 1127 346 1154 Dicunt
363 1127 435 1155 enim
451 1127 545 1160 Attici,
564 1129 578 1154 ὁ
591 1127 663 1160 νοῦς,
677 1127 724 1154 τοῦ
737 1127 793 1160 νοῦ,
809 1130 836 1155 et
849 1127 912 1162 plu-

125 1173 221 1201 raliter
233 1173 258 1200 oi
273 1174 323 1205 νοΐ,
338 1173 392 1200 τῶν
406 1173 470 1205 νῶν,
486 1178 514 1201 et
530 1174 608 1200 νοισί.

158 1218 172 1254 §
184 1218 228 1247 lll.
244 1218 297 1255 14
307 1218 477 1254 Εαρὶαιονεε,
491 1219 547 1247 Hoc
560 1220 623 1247 loco
636 1220 671 1248 de
686 1220 754 1255 ipsis
771 1219 909 1254 episcopis

122 1265 195 1301 agit;
211 1265 238 1292 in
254 1265 471 1301 praecedentibus
484 1265 519 1294 de
538 1266 572 1293 iis
588 1266 634 1301 qui
651 1266 787 1301 episcopis
809 1265 911 1293 subditi

122 1315 188 1339 sunt
203 1311 329 1345 locutus;
356 1310 500 1339 declarans
523 1314 550 1338 et
575 1311 696 1343 ordines,
717 1316 744 1339 et
777 1307 914 1344 quomodo

121 1357 270 1392 expiatam
286 1357 396 1392 quidem
411 1356 555 1384 inferiores
570 1356 636 1388 sint,
653 1356 724 1384 sicut
746 1356 764 1383 ii
787 1355 835 1391 qui
852 1356 911 1383 dia-

123 1402 202 1430 bolos
232 1401 453 1437 adjurationibus
476 1401 605 1437 ejiciunt];
628 1400 799 1428 illuminatiui
820 1403 911 1428 autem

124 1448 282 1483 superiores
292 1447 417 1475 doctrina
427 1448 493 1480 sint,
506 1447 578 1475 sicut
588 1447 740 1482 presbyteri
749 1450 776 1474 et
787 1445 910 1473 diaconi:

123 1494 260 1531 perfectivi
278 1498 369 1522 autem
385 1494 440 1522 sint
456 1494 475 1521 ii
490 1494 536 1529 qui
556 1501 604 1529 per
617 1493 782 1528 baptismum
798 1492 911 1527 implent

125 1541 230 1577 Spiritu
247 1545 353 1573 sancto,
369 1539 598 1576 quemadmodum
614 1539 746 1574 episcopi.
770 1538 841 1566 Dicit
862 1546 912 1565 au-

125 1592 180 1616 tem
195 1588 290 1615 eadem
306 1587 378 1615 infra
389 1587 459 1614 libro
472 1587 511 1614 De
526 1586 674 1613 hierarchia
686 1586 875 1613 ecclesiastica.

164 1633 334 1661 Naturaliter
347 1639 371 1661 et
386 1633 622 1668 supernaturaliter
640 1633 741 1660 insunt.
764 1631 842 1665 Quod
864 1638 914 1658 na-

125 1681 252 1708 turaliter
266 1684 294 1708 et
308 1681 554 1716 supernaturaliter
568 1679 654 1707 insint
667 1686 728 1714 quae
749 1678 783 1705 ad
798 1678 914 1706 salutem

126 1719 266 1754 illustrare
288 1727 405 1762 possint.
434 1726 552 1754 Pulchre
575 1729 666 1753 autem
685 1724 808 1752 ordinem
830 1730 917 1751 sacrae

128 1773 299 1808 operationis
312 1773 506 1800 ecclesiastica;
529 1772 693 1808 explanavit,
717 1775 747 1798 ut
767 1771 856 1806 primo
869 1770 916 1805 qui

129 1818 164 1845 ad
179 1818 300 1845 divinum
322 1818 457 1853 baptisma
479 1818 613 1845 accedunt
634 1815 750 1852 purgati
763 1817 917 1844 valcdicant

129 1863 250 1897 mundo;
266 1870 361 1898 postea
380 1865 504 1892 doctrina
523 1864 706 1895 illustrentur,
728 1863 918 1891 sacerdotibus

130 1910 165 1937 ad
180 1910 232 1937 hoc
246 1910 396 1944 institutis;
412 1910 480 1937 tales
505 1914 595 1938 autem
622 1909 791 1944 purgalivos,
820 1909 917 1944 dignos

130 1964 192 1985 esse
206 1957 252 1992 qui
274 1956 335 1984 aliis
354 1956 525 1984 sanctitatem
547 1957 758 1987 communicent,
780 1959 861 1991 atque
881 1956 918 1982 ita

130 2007 226 2037 postea
255 2002 400 2038 episcopos
427 2001 581 2037 baptizare;
605 2002 679 2036 ipsos
703 2002 776 2029 enim
801 2001 919 2036 appellat

131 2048 297 2083 perlectivos.
324 2047 403 2075 Hunc
430 2053 519 2075 autem
544 2048 668 2075 ordinem
700 2047 840 2075 custodire
871 2054 919 2074 ne-

131 2102 210 2122 εεεεθ
224 2097 275 2122 est.

297 2133 302 2138 '
431 2140 464 2167 1N
484 2139 560 2169 CAP.
575 2139 609 2168 iV

170 2188 184 2224 §
203 2187 225 2215 l.
243 2187 286 2215 Ad
307 2188 524 2216 communionem.
558 2187 626 2215 Nota
651 2185 783 2214 rationem
810 2189 921 2222 propter

133 2242 215 2269 quam
231 2234 303 2262 Deus
319 2236 409 2262 omnia
425 2234 565 2270 produxit,
580 2238 610 2261 ut
620 2233 769 2268 unicuique
781 2240 843 2260 cum
857 2240 921 2268 pro-

955 312 996 330 σει
1011 302 1065 330 τῶν
1088 301 1274 329 θεοπνεύστων
1298 299 1413 337 ΓραφιῖΝ
1431 298 1466 326 τὰ
1494 298 1561 335 περὶ
1579 296 1740 332 θεογνωσίας

953 349 1084 385 δόγματα,
1101 348 1148 375 καὶ
1158 348 1218 375 τότε
1234 346 1402 374 τελειοῦσθαι
1417 345 1456 382 τῷ
1469 345 1518 381 τῆς
1533 342 1741 379 παλιγγενεσίας

954 394 1066 473 λαξίξᾶ
1082 439 1140 476 μὲν
1155 439 1337 475 φωτίζεσθαι,
1361 437 1529 474 Σημείωσαι,
1546 436 1588 464 δτι
1608 434 1640 463 ab
1656 433 1740 472 φώτι-

955 495 1012 523 σμα
1029 486 1083 523 πρὸ
1098 486 1145 514 τοῦ
1163 484 1348 522 βαπτίσματός
1363 484 1447 511 ἐστιν.

1194 543 1226 571 Ἡ
1238 542 1303 570 θεία
1313 541 1492 577 μακαριότης

967 602 1109 636 καθαίρει,
1154 616 1159 621 ι
1273 598 1401 634 φωτίζει,
1591 596 1698 625 nisui
1705 618 1713 630 ,

955 647 1124 675 διδάσκουσα
1261 645 1411 679 ἀνάγουσα,
1571 641 1742 670 θεοποιοῦσι.

1194 701 1230 729 Ἦ
1242 701 1306 728 θεία
1316 700 1498 736 μακαριότης

1017 749 1171 783 κάθαρσις,
1266 747 1428 783 φωτισμὸς,
1521 746 1685 779 τελείωσις.

1152 793 1209 829 Τῆς
1223 794 1303 827 θείας
1323 794 1539 829 μακαριότητος

957 852 985 879 οἱ
995 850 1054 887 μὲν
1066 850 1160 886 ιεράρ-
1297 851 1326 878 ot
1340 850 1375 878 δὲ
1392 851 1624 886 ιεραρχούμενοι,

1025 895 1086 921 χαι,

351 943 379 971 hl
393 943 503 979 quidem
557 943 602 970 isti
618 951 681 971 vero
694 943 726 970 il-
764 943 801 971 illi
814 946 903 971 autem

989 944 1163 981 καθαίρουσι,
1206 943 1230 971 oi
1246 943 1296 980 μὲν
1307 952 1356 970 κα-
1391 943 1416 970 οί
1433 943 1462 970 δὲ
1474 942 1556 978 φωτί-
1588 942 1614 970 oi
1642 942 1673 969 δὲ
1701 951 1746 969 τε-

997 991 1153 1026 φωτίξουσι,
1211 989 1359 1026 θαίρονται,
1396 989 1497 1023 ζονται,
1587 988 1734 1015 λειοῦνται.

995 1037 1137 1064 τελειοῦσι·

995 1085 1082 1118 Νοός.
1095 1083 1222 1116 Ἰωνικῶς
1236 1083 1369 1120 ἐχρήσατο
1378 1084 1392 1111 ό
1404 1082 1476 1115 νοῦς,
1490 1083 1536 1110 τοῦ
1549 1081 1618 1115 νοὸς,
1630 1082 1654 1109 οἱ
1668 1080 1728 1113 νὸες
1737 1088 1746 1097 ·

961 1128 1028 1164 φασὶ
1044 1128 1098 1165 γὰρ
1110 1129 1135 1155 οἱ
1173 1129 1305 1162 Ἀττικοὶ,
1324 1130 1338 1156 ό
1354 1128 1426 1162 νοῦς,
1442 1127 1489 1156 τοῦ
1504 1127 1556 1163 νοῦ,
1567 1127 1616 1155 καὶ
1631 1126 1748 1162 πληθυν-

960 1175 1044 1207 τικῶς
1054 1176 1078 1202 ol
1094 1176 1144 1207 νοῖ,
1158 1175 1212 1202 τῶν
1228 1175 1297 1208 νῶν,
1314 1176 1361 1204 καὶ
1374 1175 1455 1203 νοισί.

996 1220 1010 1257 ς
1029 1221 1075 1248 ιιι.
1095 1222 1304 1256 Καθαρτικούς.
1322 1221 1454 1248 Ἐνταῦθα
1469 1220 1533 1256 περὶ
1548 1220 1602 1247 τῶν
1613 1219 1748 1256 ἱεραρχῶν

961 1267 1051 1295 αὐτῶν
1065 1276 1142 1303 φησι,
1157 1267 1193 1294 τὰ
1207 1267 1260 1303 πρὸ
1285 1267 1386 1294 τούτων
1407 1267 1470 1303 περὶ
1492 1266 1546 1293 τῶν
1569 1264 1748 1301 ἱεραρχσυμέ-

961 1322 1014 1341 νων
1028 1313 1122 1346 εἰπὼν,
1139 1313 1300 1350 παραδηλῶν
1315 1314 1362 1340 καὶ
1376 1313 1427 1344 τὰς
1449 1312 1540 1345 τάξεις
1551 1321 1558 1328 ·
1574 1312 1621 1339 καὶ
1637 1312 1711 1342 om»;
1721 1311 1749 1337 οι

963 1360 1011 1395 μὲν
1034 1359 1204 1394 καθαρτικοὶ
1227 1359 1444 1395 ὺποϐεϐήκασιν,
1467 1359 1505 1390 ὼς
1532 1359 1556 1385 υί
1589 1356 1750 1393 imputo-rat

961 1406 1037 1437 ὅντες
1047 1415 1054 1421 ³
1071 1407 1099 1433 ol
1109 1406 1137 1433 δὲ
1152 1406 1321 1441 φωτιστικοί
1339 1405 1558 1441 ὲπαναϐεϐήκασι
1573 1406 1606 1440 τῇ
1622 1403 1749 1430 διδασκα-

961 1452 1017 1488 λίᾳ,
1035 1450 1090 1479 οἷον
1104 1453 1128 1479 oi
1144 1451 1323 1488 πρεσϐύτεροι
1336 1451 1384 1479 καὶ
1399 1452 1423 1478 οἱ
1434 1451 1552 1478 διάκονοι
1563 1459 1569 1466 ·
1587 1452 1614 1478 οἱ
1627 1451 1656 1477 δὲ
1666 1451 1750 1477 τελε-

961 1499 1106 1533 σιουρτοὶ,
1122 1499 1146 1525 οἱ
1161 1498 1198 1534 τῷ
1214 1497 1381 1534 βαπτίσματι
1401 1497 1559 1533 Πνεύματος
1584 1495 1751 1532 πληροῦντες

962 1544 1050 1578 ἁγίου,
1069 1544 1106 1576 ὡς
1119 1545 1143 1571 oi
1159 1544 1311 1571 ἐπίσκοποι.
1330 1543 1411 1578 Λέγει
1426 1544 1454 1571 δὲ
1466 1543 1552 1570 ταῦτα
1567 1543 1614 1570 καὶ
1628 1542 1704 1569 κάτω
1721 1543 1750 1568 ὲν

963 1590 1003 1626 τῷ
1017 1591 1086 1624 Περὶ
1099 1589 1352 1624 ἐκκλησιαστικῆς
1366 1590 1515 1624 ὶεραρχίας
1529 1589 1610 1624 λόγῳ.

1000 1635 1136 1669 Φυσικῶς
1157 1635 1207 1662 καί
1228 1635 1390 1671 ὑπερφυῶς
1412 1636 1528 1663 ἐνόντα.
1554 1636 1615 1662 Ὅτι
1631 1634 1753 1670 φυσικῶς

966 1681 1013 1709 καὶ
1029 1681 1175 1717 ὑπερφυῶς
1191 1680 1278 1708 ἔνεστι
1300 1681 1334 1708 τὰ
1357 1681 1427 1717 πρὸς
1438 1680 1575 1716 σωτηρίαν
1589 1679 1750 1715 φωτιστικά.

965 1727 1064 1759 Καλῶς
1079 1727 1169 1763 δὲτὴν
1183 1726 1259 1759 τάξιν
1283 1726 1431 1763 διεσάφησε
1451 1726 1501 1762 τῆς
1523 1725 1753 1762 ὲκκλησιαστικῆς

966 1773 1131 1810 ἱερουργίας,
1148 1771 1202 1800 οἷον
1219 1774 1262 1800 ῐνα
1282 1773 1389 1809 πρῶτον
1412 1773 1436 1799 oi
1455 1772 1612 1808 προσιόντες
1627 1771 1667 1807 τῷ
1687 1771 1753 1807 θείῳ

967 1819 1134 1855 βαπτίσματι
1159 1819 1362 1846 ἀποτάττωνται
1384 1818 1586 1853 καθαιρόμενον
1599 1815 1658 1844 εἶτα
1671 1816 1754 1852 φωτί-

967 1866 1065 1899 ζωνται
1075 1867 1108 1902 τῇ
1121 1866 1278 1902 διδασκαλίᾳ
1293 1865 1347 1892 τῶν
1359 1865 1551 1901 πρεσϐυτέρων
1564 1864 1603 1895 είς
1616 1863 1695 1890 τοῦτο
1709 1872 1754 1889 πε-

967 1913 1136 1948 ποιημένων·
1156 1913 1291 1944 τοιούτους
1317 1912 1345 1939 δὲ
1366 1910 1434 1938 εἶναι
1452 1911 1516 1943 τοὺς
1538 1908 1753 1946 καθαρτικοὺς¹⁷

967 1958 1060 1992 ἀξίους
1075 1958 1121 1985 τοῦ
1140 1959 1297 1994 μεταδοῦναι
1316 1958 1419 1993 ἑτέροις
1442 1956 1599 1992 ἁγιότητος·
1615 1954 1663 1982 καὶ
1682 1954 1754 1982 οὕτω

967 2003 1060 2031 λοιπὸν
1069 2005 1132 2036 τοὺς
1146 2004 1311 2035 ἐπισκόπους
1325 2003 1462 2039 βαπτίζειν
1471 2011 1478 2018 ·
1495 2002 1594 2034 αὐτοὺς
1609 2001 1664 2037 γὰρ
1678 2001 1757 2028 καλεῖ

965 2051 1204 2084 τελεσιουργοὺς,
1222 2049 1327 2085 Ταύτην
1342 2049 1382 2076 δεῖ
1396 2045 1446 2082 τὴν
1458 2048 1533 2081 τάξιν
1547 2048 1736 2083 φυλάττεσθαι.

1211 989 1359 1026 θαίρονται,
1396 989 1497 1023 ζονται,

1204 2140 1258 2167 ΕΙΣ
1276 2140 1320 2166 ΤΟ
1339 2139 1462 2166 ΚΕΦΑΛ.
1488 2138 1524 2165 Δ¹.

1005 2187 1049 2224 ξι.
1062 2187 1095 2215 Τὸ
1106 2186 1180 2221 πρὸς
1192 2186 1358 2213 κοινωνίαν.
1368 2185 1524 2221 Σημείωσαι
1533 2183 1579 2211 τδν
1585 2184 1712 2220 λογισμὸν
1721 2184 1755 2211 δι’

970 2234 1000 2261 ὃν
1015 2233 1051 2260 τὰ
1065 2234 1152 2260 πάντα
1161 2232 1321 2268 παρήγαγεν
1333 2231 1347 2258 ὁ
1361 2231 1436 2262 Θεὸς,
1453 2231 1496 2257 ἶνα
1512 2231 1696 2266 κοινωνήσωσι
1706 2230 1757 2265 τῆς

133 2281 260 2315 partione
278 2280 312 2308 de
327 2288 377 2308 sua
400 2281 521 2311 bonitate
536 2280 767 2312 communicaret;
783 2279 835 2306 hoc
846 2279 912 2306 enin

973 2280 1054 2307 αὑτοῦ
1070 2278 1234 2314 ἀγαθὰτητος
1250 2277 1388 2311 ἀναλόγως
1400 2277 1529 2303 ἕκαστον·
1546 2276 1625 2303 τοῦτο
1638 2276 1693 2312 γὰρ
1710 2276 1757 2311 δη-

135 2326 282 2359 significat,
304 2325 454 2354 Mansiones
469 2325 559 2353 multa:
583 2325 653 2360 apud
668 2325 777 2352 Patrem
792 2325 818 2352 ιτ.
832 2323 924 2353 Unus-

136 2373 253 2407 quisque
269 2373 342 2400 enim
364 2373 515 2400 secundum
529 2380 599 2408 opus
618 2372 757 2407 proprium
771 2371 923 2406 participa.

135 2418 176 2445 bit
189 2418 222 2445 dc
235 2418 322 2453 ipsius
335 2419 457 2446 bonitate
470 2429 477 2446 :
491 2419 528 2445 ita
541 2419 622 2446 etiam
635 2417 713 2448 Titus
724 2417 791 2445 dicit
803 2418 830 2444 in
845 2417 922 2444 libris

138 2463 239 2491 Contra
254 2463 425 2492 Manichwos.

175 2509 279 2538 Rerum.
299 2509 396 2538 Omnia
412 2511 465 2538 hoc
479 2510 539 2538 loco
553 2514 643 2538 creata
657 2510 791 2538 collectim
805 2517 853 2545 per
869 2517 922 2537 no-

138 2564 200 2584 men
215 2556 298 2583 ὄντων
311 2556 448 2592 signiﬁcat
462 2560 489 2584 et
504 2556 683 2592 intelligibilia
696 2561 724 2584 et
735 2556 852 2584 visibilia
864 2562 924 2583 om-

138 2603 202 2636 nia;
217 2606 317 2630 cuncta
342 2603 415 2630 enim
437 2602 510 2630 Deus
529 2610 563 2631 ex
585 2603 670 2631 nihilo
691 2603 765 2636 fecit,
785 2606 815 2630 ut
837 2603 923 2637 ipsius

137 2648 260 2678 bonitate
278 2649 451 2684 fruerentur;
467 2649 597 2677 fruuntur
611 2654 700 2678 autem
714 2657 763 2685 per
778 2649 924 2685 providen-

176 2740 190 2760 δ
204 2739 285 2768 Joan.
302 2747 359 2775 σιν,
375 2739 404 2768 2.

973 2326 1014 2353 λοῖ
1025 2326 1065 2359 τὸ,
1082 2324 1176 2352 Μοναὶ
1192 2322 1302 2351 πολλαί
1313 2322 1391 2357 παρὰ
1404 2322 1443 2355 τῷ
1457 2322 1549 2357 Harp!
1557 2331 1564 2338 ·
1578 2323 1693 2354 ἕκαστος
1703 2322 1757 2359 γὰρ

973 2371 1043 2399 κατὰ
1053 2371 1083 2397 τὸ
1097 2371 1161 2397 ἴδιον
1173 2370 1251 2406 ἔργον
1263 2369 1419 2404 κοινωνήσει
1430 2369 1480 2404 τῆς
1490 2367 1572 2395 αὑτοῦ
1582 2368 1755 2405 ἁγαθότητος

972 2418 1044 2444 οὕτω
1059 2417 1106 2444 καὶ
1120 2417 1198 2447 Τίτος
1215 2415 1297 2452 φησὶν
1313 2416 1342 2442 ἐν
1357 2416 1413 2446 τοῖς
1428 2414 1509 2442 Κατὰ
1528 2415 1701 2449 Μανιχαίων
1714 2414 1758 2441 λό-

971 2472 1040 2498 γοις.

1009 2510 1131 2536 Ὄντων.
1147 2507 1278 2535 Ἐνταῦθα
1288 2506 1376 2534 πάντα
1391 2506 1538 2543 συλλήϐδην
1546 2507 1580 2535 τὰ
1592 2506 1620 2534 ἐν
1629 2506 1758 2542 δημιουρ.

972 2555 1020 2590 τίᾳ
1037 2553 1111 2589 δηλοῖ
1126 2553 1170 2580 διὰ
1178 2552 1225 2580 τοῦ
1236 2552 1366 2588 ὀνόματος
1381 2552 1434 2579 τῶν
1442 2552 1537 2584 όντων,
1553 2551 1602 2578 καὶ
1614 2550 1697 2586 νοητὰ
1710 2551 1758 2577 καὶ

972 2600 1058 2637 δρατὰ
1080 2600 1183 2626 πάντα·
1206 2599 1314 2627 ἅπαντα
1343 2599 1398 2635 γὰρ
1421 2599 1435 2625 ὁ
1459 2598 1525 2630 Θεὸς
1547 2598 1581 2624 ὲκ
1613 2598 1649 2632 μὴ
1674 2596 1757 2623 ὄντων

974 2647 1100 2682 ἐποίησεν
1117 2645 1172 2682 [διὰ
1186 2645 1265 2673 τοῦτο
1281 2645 1327 2672 καὶ
1344 2643 1435 2681 μόνον]
1448 2665 1455 2678 ,
1469 2645 1517 2673 ἵνα
1529 2644 1578 2678 τῆς
1594 2643 1675 2670 αὑτοῦ
1689 2643 1757 2678 ἀγα-

624 2807 741 2835 VARIAS
762 2806 952 2835 LECTIONES
967 2805 1012 2833 ET
1028 2803 1302 2833 COBRECTIONES.

173 2868 194 2884 ’⁷
213 2868 295 2900 ῑσως,
312 2866 502 2902 φἰιγτιστικούς,
520 2866 581 2901 quia
604 2874 656 2894 non
681 2871 719 2894 est
736 2866 908 2902 καθαρτικῶν

970 2864 983 2893 ll
995 2864 1165 2895 ωιιγιιστικῶν
1188 2862 1366 2895 docerc,siwt
1381 2860 1460 2887 etiam
1474 2859 1515 2886 hic
1526 2858 1669 2892 iudicatur,
1683 2864 1760 2895 atque

143 2903 176 2929 ab
204 2903 244 2930 his
268 2902 303 2929 ad
329 2903 464 2934 episcopos
481 2902 546 2930 itur.
