1925 3060
158 163 192 194 55
571 167 741 196 ΔΡΡΕΝΒῘΧ
756 168 803 196 AD
818 168 932 198 OPERA

1001 170 1145 201 DIONYSII
1171 171 1417 202 ΔΒΕΟΡΔΕΙΤΔΕε
1751 176 1786 206 56

158 223 247 258 dicat,
261 223 373 259 insuper
387 229 478 253 autem
500 228 529 254 et
551 227 688 262 quomodo
704 235 752 263 per
767 229 878 264 angelos
893 229 943 257 ini-

1001 231 1067 267 ἔχειν
1077 239 1084 246 ⁸
1101 231 1141 258 ἔτι
1161 232 1190 259 δὲ
1205 232 1253 260 καὶ
1267 233 1341 266 ὅπως
1359 232 1394 260 δι’
1414 231 1538 268 ἀγγέλων
1565 233 1707 270 μυούμεθα
1717 242 1725 251 ο
1739 235 1787 263 καὶ

157 271 268 304 tiemur,
284 276 311 298 et
329 271 466 306 quomodo
477 279 526 308 per
540 272 616 308 ipsos
636 275 699 301 data
711 275 747 302 sit
760 275 814 308 lex,
830 280 857 303 et
871 276 944 312 quod

155 316 275 352 majores
290 321 401 345 nostros
423 322 450 345 et
463 325 512 346 eos
526 319 575 354 qui
594 319 678 356 legem
695 326 904 356 praecesserunt,
917 327 946 350 et

155 370 204 391 eos
215 362 262 398 qui
272 370 331 390 eam
339 363 479 391 subsecuti
488 368 563 397 sunt,
578 365 610 392 ad
619 365 787 394 divinitatem
794 367 943 397 deducunt.

190 408 321 442 Celebres,
337 409 384 437 Gr.
400 410 532 443 κλεινοὺς.
547 411 697 440 Gloriosos.
721 412 790 441 Illud
803 421 886 450 porro
901 415 945 450 fa-

156 455 291 488 ciendum,
308 456 380 484 sicut
398 456 426 484 in
450 457 534 486 Josue
555 458 611 486 lilio
632 458 715 492 Nave,
734 463 761 487 et
779 459 904 489 Gedeone
917 465 945 489 et

156 502 235 535 aliis;
253 502 288 529 ad
298 507 399 530 rectam
412 508 499 531 autem
510 504 592 532 vitam
602 513 618 532 ιι
633 505 687 532 vita
702 506 816 541 profana
830 507 901 534 sicut
915 507 944 535 in

154 547 283 576 Cornelio
306 549 482 584 centurione;
508 551 613 586 primus
642 552 715 580 enim
733 561 766 581 ex
789 553 944 583 infidelibus

154 595 282 632 gentibus
305 596 490 631 transpositus
515 601 557 625 est
576 607 583 624 :
601 598 707 626 ordines
730 602 821 627 autem
841 609 943 633 sacros,

154 640 227 668 sicut
237 641 266 668 in
280 640 391 670 Daniele
407 648 418 662 ο
436 652 444 670 :
464 642 555 670 Decies
571 644 667 671 millies
683 650 791 672 centena
804 646 906 679 millia;
917 651 944 674 et

155 686 184 714 in
194 686 319 715 Ezechiel
331 687 475 721 cherubim,
486 693 514 717 et
526 689 555 717 in
568 689 649 723 lsaia,
664 691 795 726 seraphin;
806 692 856 719 visi
869 696 942 720 sunt.

155 732 390 768 Supermundanas
408 739 496 762 autem
517 735 631 764 visiones
653 736 726 765 sicut
746 737 774 765 in
797 737 882 767 Paulo
909 739 944 767 ad

154 780 266 807 tertium
285 781 385 808 caelum
398 786 476 817 rapto
490 781 515 814 ἀ,
530 783 559 810 in
571 783 736 820 Apocalypsi
746 784 803 813 divi
817 785 942 814 Joannis.

191 826 206 862 ς
226 825 269 854 lll.
290 825 458 856 Immediate.
488 827 519 856 id
537 831 579 857 est
601 829 662 858 sine
684 831 845 866 angelorum
862 832 945 860 mini-

153 872 248 901 sterio.

188 917 282 953 Ipsum
296 917 377 952 illud,
396 919 466 954 quod
485 923 535 947 est.
558 919 627 949 Vide
659 922 798 958 quomodo
828 924 945 959 explicet

153 971 307 992 sermonem
325 963 470 998 dicentem,
492 965 577 993 Deum
596 975 673 994 nemo
695 967 760 995 uidit
785 976 901 1005 unquam
920 975 943 1002 ο,

152 1010 227 1046 quod
238 1011 415 1039 verissimum
425 1019 543 1047 censeo;
557 1016 585 1041 et
598 1014 691 1042 sciens
704 1022 767 1044 esse
778 1016 861 1044 verba
873 1015 945 1044 Scri-

152 1062 241 1094 pturae
260 1065 322 1094 quae
344 1057 440 1086 dicunt
469 1058 555 1087 Deum
577 1059 667 1089 visum
692 1068 754 1089 esse
777 1062 943 1097 hominibus,

152 1105 226 1133 sicut
240 1104 270 1133 in
284 1104 400 1139 Adamo,
413 1105 486 1134 sicut
499 1105 526 1134 in
539 1106 667 1142 paradiso
679 1107 702 1141 ι,
714 1112 742 1136 et
753 1108 782 1137 in
793 1109 942 1143 Abraham,

152 1152 182 1180 in
196 1159 299 1188 quercu
310 1151 432 1181 Mambre
442 1158 472 1188 ες
485 1157 512 1182 et
525 1154 599 1190 quod
611 1155 640 1183 in
657 1154 774 1184 Sodoma
786 1156 945 1191 proﬁcisce-

152 1199 265 1232 bantur,
279 1203 307 1228 et
327 1198 396 1227 Mosi
413 1199 441 1227 in
461 1204 565 1234 monte,
589 1201 642 1230 etsi
664 1203 818 1237 posteriora
838 1202 946 1230 dicatur

152 1245 256 1275 vidisse
268 1246 284 1267 Ιι
298 1256 306 1274 ;
321 1250 349 1275 et
363 1246 430 1274 dicit
444 1247 531 1281 ipsum
543 1247 647 1282 quidem
669 1248 720 1276 Dei
740 1249 882 1282 occultum,
900 1257 946 1276 ne-

152 1300 197 1320 mo
212 1293 292 1326 vidit,
304 1301 385 1329 neque
397 1293 509 1326 videbit,
525 1294 598 1328 quod
617 1299 660 1322 est
671 1294 731 1330 ejus
746 1296 882 1329 essentia;
898 1299 945 1323 aut

153 1338 228 1374 quod
241 1338 325 1367 etiam
341 1338 498 1373 sublimius,
513 1340 603 1368 nullus
617 1341 733 1377 cogitare
749 1346 797 1370 aut
813 1342 945 1377 “plicare

152 1388 238 1419 potest
252 1384 292 1412 vel
307 1385 402 1419 poterit
421 1384 485 1421 quid
504 1385 539 1413 tit
553 1386 625 1414 Deut
639 1394 648 1416 :
664 1387 688 1415 si
702 1395 769 1416 vero
783 1387 862 1416 factae
886 1388 945 1417 fue-

153 1429 211 1457 rint
225 1430 363 1465 aliquibus
383 1435 543 1460 sanctorum
563 1431 612 1460 Dei
634 1433 831 1468 apparitiones,
854 1435 945 1470 cogita

154 1476 229 1511 quod
243 1476 433 1512 unusquisque
452 1485 502 1514 pro
522 1479 622 1507 merito
639 1479 757 1515 propria:
775 1479 838 1508 ﬁdei
853 1481 944 1516 aliqua

155 1523 254 1559 dignus
267 1523 379 1552 habitus
397 1524 434 1552 sit
450 1524 557 1552 visione
576 1525 630 1560 ipsi
653 1525 822 1555 divinitatem
843 1535 944 1563 reprae-

994 277 1053 310 πῶς
1068 278 1102 306 δι’
1119 277 1209 306 αὐτῶν
1229 279 1244 306 ὁ
1255 278 1337 315 νόμος
1351 278 1440 315 ἐδόθη,
1460 279 1508 308 καὶ
1529 279 1570 307 δτι
1590 280 1638 307 καὶ
1652 280 1716 313 τοὺς
1733 281 1789 317 πρὸ

994 323 1076 360 νόμου
1092 324 1140 352 κά
1157 324 1226 361 μετὰ
1245 325 1326 361 νόμον
1349 325 1471 362 πατέρας
1494 325 1575 362 ἡμῶν
1590 326 1702 362 ἄγγελοι
1717 327 1785 363 πρὸ.

995 369 1064 397 θεῖον
1078 371 1186 407 ἀνῆγον.

1029 417 1183 451 Κλεινούς.
1197 418 1344 452 Ἐνδόξους.
1362 418 1396 446 Τὸ
1412 419 1440 448 δὲ
1456 420 1614 454 πρακτέον,
1625 420 1720 453 dics-nt
1732 421 1786 457 Ἰη-

995 463 1041 490 σοῦ
1059 464 1107 490 τοῦ
1129 464 1219 500 Ναυῆ,
1244 465 1292 492 καὶ
1312 464 1425 498 Γεδεὼν,
1448 466 1496 493 καὶ
1512 465 1618 495 ἄλλων·
1641 466 1716 501 πρὸς
1734 467 1785 494 εὐ-

994 509 1076 537 θεῖαν
1089 509 1123 537 δὲ
1137 510 1208 538 ὁδὸν
1214 511 1272 540 ἀπὸ
1280 511 1400 546 ἀνιέρου
1413 511 1498 546 ζωῆς,
1506 513 1545 545 ὡς
1558 513 1604 540 ἐπὶ
1619 512 1666 540 τοῦ
1679 514 1785 550 Κορνη-

994 555 1051 582 λίου
1061 555 1108 583 τοῦ
1117 556 1323 593 ἑκατοντάρχουθ
1339 557 1446 592 πρῶτος
1459 558 1514 595 γὰρ
1526 559 1555 592 ἐξ
1568 559 1690 587 ἀπίστων
1699 559 1785 587 ἐθνῶν

995 603 1140 639 μετετέθην
1157 604 1256 637 τάξεις
1271 604 1299 631 δὲ
1316 603 1406 638 ἱερὰς,
1419 605 1458 637 ὡς
1470 605 1516 632 ἐπὶ
1529 605 1577 633 τοῦ
1588 604 1702 637 Δανιήλ-
1718 607 1783 634 Μυ-

990 649 1052 683 ρίαι
1063 649 1204 684 μυριάδες
1214 659 1221 666 ·
1237 651 1284 678 καὶ
1296 651 1343 678 τοῦ
1361 651 1500 687 Teium-hi,
1514 652 1550 679 τὰ
1563 652 1704 688 χερουϐίμ
1715 661 1722 668 ·
1736 652 1784 680 καὶ

993 695 1041 722 τοῦ
1060 695 1180 730 Ἡσαΐου,
1193 696 1227 724 τὰ
1237 697 1366 732 σεριιφὶμ
1376 697 1515 734 ὤφθησαν.
1531 699 1750 733 Ὑποκοσμιους
1760 699 1782 719 ’⁸

993 740 1028 768 δὲ
1035 741 1164 776 ὁράσεις,
1172 741 1209 774 ὡς
1218 743 1265 769 ἐπὶ
1274 743 1321 770 τοῦ
1333 743 1439 771 Παύλου
1451 745 1620 780 ἁρπαγέντος
1630 744 1682 777 ἕως
1691 744 1783 780 τρίτου

993 788 1116 824 οὐρανοῦ·
1130 789 1177 815 καὶ
1186 789 1232 816 ἐπὶ
1237 788 1287 825 τῆς
1293 788 1340 816 τοῦ
1348 789 1420 817 θείου
1426 789 1549 817 Ἰωάννου
1566 789 1782 825 Ἅποκαλὺψεως.

1030 833 1044 869 §
1063 834 1111 862 lll.
1130 835 1273 870 Ἀμέσως.
1290 835 1434 864 Τουτέστιν
1449 836 1514 864 ἄνευ
1525 837 1575 872 τῆς
1589 836 1712 872 ἀγγέλων
1723 837 1784 865 δια-

994 880 1096 912 κονίας.

1035 926 1084 959 Ὠς
1097 925 1170 954 αὐτὸ
1185 926 1203 954 ὅ
1217 935 1245 954 τι
1260 928 1332 955 ποτέ
1344 928 1419 955 ἐστι.
1436 928 1507 965 Ὀρα
1521 929 1581 962 πῶς
1599 929 1736 965 ἐξηγεῖται
1751 930 1784 957 τδ

994 970 1076 1006 ῥητὸν
1093 970 1125 997 τὺ
1139 971 1227 1006 λέγον,
1241 971 1316 999 Θεὸν
1334 972 1433 1006 οὐδεὶς
1448 973 1558 1007 ἑώρακε
1571 974 1699 1008 πώποτε,
1714 975 1784 1012 ὅπερ

993 1015 1173 1052 ἀληθέστατον
1200 1017 1338 1053 ἡγοῦμαι,
1358 1019 1406 1045 καὶ
1431 1017 1508 1051 εἰδὼς
1527 1020 1569 1047 ὅτι
1589 1021 1642 1048 alat
1659 1021 1784 1057 γραφικὰ

995 1062 1105 1098 ῥήματα
1127 1061 1249 1096 λέγοντα,
1273 1063 1311 1096 ὡς
1337 1063 1426 1097 όΘεὸς
1446 1064 1523 1102 ὤφθη
1538 1067 1595 1099 τοῖς
1618 1066 1782 1103 ἀνθρώποις,

992 1108 1030 1140 ὡς
1044 1109 1090 1136 ἐπὶ
1107 1109 1154 1136 τοῦ
1176 1109 1279 1146 Ἀδὰμ,
1299 1110 1337 1143 ὼς
1357 1112 1386 1138 ἐν
1405 1111 1445 1147 τῷ
1463 1113 1634 1149 παραδείσῳο
1664 1114 1711 1140 καὶ
1736 1113 1784 1144 ἐπὶ

992 1154 1040 1180 τοῦ
1062 1155 1198 1191 Ἀϐραὰμ,
1225 1156 1254 1184 ὲν
1277 1158 1311 1192 τῇ
1333 1157 1395 1193 δρυῒ
1414 1159 1446 1193 τῇ
1466 1158 1599 1194 Μαμϐρῆ,
1622 1159 1669 1186 καὶ
1683 1159 1728 1186 ὅτε
1743 1159 1784 1192 είς

994 1201 1098 1236 Σόδομα
1112 1201 1274 1237 ἐπορεύοντο
1283 1210 1290 1217 ⁸
1305 1203 1351 1229 καὶ
1365 1202 1404 1238 τῷ
1416 1203 1510 1230 Μωσεί
1521 1205 1562 1236 εἰς
1570 1203 1601 1230 τὸ
1613 1204 1685 1240 ὅρος,
1700 1205 1724 1230 εί
1735 1205 1783 1233 καὶ

992 1246 1026 1275 τὰ
1046 1247 1155 1275 ὀπίσθια
1180 1247 1287 1283 λέγεται
1307 1249 1459 1284 ἑωρακέναι
1470 1258 1476 1264 ·
1494 1250 1541 1277 καὶ
1563 1250 1637 1285 λέγει
1651 1251 1692 1278 ὅτι
1708 1250 1782 1278 αὐτὸ

990 1293 1049 1328 μὲν
1063 1293 1095 1320 τὸ
1114 1293 1241 1329 κρύφιον
1260 1292 1314 1322 ἰοῦ
1337 1294 1411 1322 Θεοῦ
1428 1295 1528 1329 οὐδεὶς
1546 1295 1691 1330 ἑώρακεν,
1711 1296 1784 1324 οὐδὲ

993 1338 1109 1374 ὄψεται,
1125 1340 1194 1376 ὅπερ
1209 1340 1283 1367 ἐστὶν
1299 1340 1378 1368 οὐσία
1389 1340 1471 1368 αὑτοῦ
1483 1349 1490 1357 ·
1507 1340 1524 1377 ῆ
1542 1341 1589 1368 καὶ
1607 1341 1781 1378 ὑψηλάιερον,

993 1388 1039 1415 ὅτι
1051 1387 1151 1421 οὐδεὶς
1166 1388 1350 1423 κατανοῆσαι
1364 1388 1413 1415 καὶ
1426 1388 1537 1422 φράσαι
1560 1388 1684 1415 δύναται
1698 1389 1717 1424 ἣ
1733 1389 1783 1417 δυ-

992 1433 1129 1467 νήσεται,
1143 1433 1172 1461 τι
1184 1433 1271 1461 ἐστιν
1286 1435 1304 1462 ό
1318 1434 1399 1468 Θεός.
1415 1434 1448 1461 Εί
1465 1434 1495 1462 δὲ
1516 1434 1564 1462 καὶ
1584 1434 1707 1469 ἐγένοντό
1726 1443 1782 1462 τισι

994 1479 1148 1515 θεοφάνειαι
1160 1478 1215 1506 τῶν
1230 1478 1325 1513 ἁγίων,
1339 1479 1434 1515 νόησον
1453 1480 1494 1507 ὅτι
1512 1480 1651 1515 ἀναλόγως
1668 1480 1782 1512 ἕκαστος

993 1526 1044 1562 τῆς
1058 1525 1125 1557 ίδίας
1138 1525 1256 1557 πίστεως
1269 1525 1378 1561 ήξιοῦτό
1399 1534 1472 1558 τινος
1495 1525 1617 1562 ὁράσεως
1635 1524 1782 1562 ἐμφαινού-

155 1573 291 1605 cantante,
315 1577 364 1606 per
382 1577 465 1607 quam
497 1571 708 1601 illustrationem
733 1571 887 1601 divinarum
908 1574 943 1602 ad

1001 1580 1045 1608 της
1059 1570 1132 1607 αὑτῷ
1147 1571 1178 1599 re
1192 1571 1273 1604 θετον,
1286 1571 1320 1599 δι’
1333 1568 1367 1607 ἦς
1387 1571 1437 1607 τὴν
1459 1571 1592 1607 ἐλλαμψιν
1606 1571 1716 1606 ἐδέχετο
1726 1570 1782 1598 τῶν

155 1617 246 1653 ipsum
260 1617 427 1646 venientium
442 1618 628 1654 cognitionum
643 1618 820 1654 suscipiebat.

192 1664 331 1701 Tanquam
351 1665 380 1693 in
398 1665 567 1700 formatione.
596 1663 743 1698 Arbitror,
763 1664 944 1694 transforma-

155 1712 258 1740 tionem
272 1711 375 1745 dicere,
397 1715 446 1739 aut
467 1711 629 1739 miraculum
651 1711 680 1740 in
695 1715 788 1741 monte
799 1710 946 1745 Sinai,sic-

155 1764 186 1787 ut
213 1758 314 1794 ignem.

190 1804 241 1832 Dei
261 1804 464 1839 apparitionem.
478 1803 526 1831 Dei
540 1804 739 1840 apparitionem
752 1812 825 1838 esse,
842 1805 942 1842 inquit,

155 1858 211 1878 non
227 1851 300 1886 quod
324 1851 394 1879 Deus
414 1851 581 1884 manifestet,
597 1855 624 1879 et
646 1852 782 1884 ostendat,
800 1852 867 1888 quid
891 1853 943 1886 sit;

155 1898 208 1925 hoc
217 1898 289 1925 enim
306 1897 363 1925 ﬁeri
378 1898 488 1933 nequit;
500 1897 548 1925 sed
555 1898 618 1933 quia
628 1898 714 1926 sancti
722 1898 813 1926 divina
822 1899 944 1926 illustra-

155 1944 230 1971 tione
239 1943 314 1979 digni
321 1943 455 1972 habentur
462 1951 511 1979 per
521 1944 627 1980 aliquas
633 1944 754 1973 visiones
765 1945 945 1980 sacrasipsis-

156 1997 210 2025 que
220 1989 449 2025 proportionatas,
456 1997 523 2025 quas
530 1991 688 2025 angelorum
700 1998 782 2025 opera
790 1991 846 2018 ﬁeri
865 1991 942 2020 dicit.

192 2034 406 2071 Legialalionem.
426 2035 496 2063 Nota
516 2035 603 2071 legem
630 2043 690 2064 esse
713 2036 859 2064 obscuram
878 2037 939 2065 alte-

157 2081 216 2109 rius
232 2081 331 2109 divinaa
346 2081 413 2117 legis
434 2081 580 2117 positionis
600 2081 826 2114 delineationem,
852 2083 880 2110 id
903 2087 945 2111 est

157 2128 258 2156 divina:
272 2128 300 2155 in
320 2127 430 2156 Christo
453 2132 558 2156 natum
583 2128 710 2155 humanae
730 2129 944 2164 assumptionis;

158 2175 231 2211 quod
248 2179 340 2203 autem
360 2182 410 2210 per
431 2174 542 2209 angelos
556 2173 619 2202 data
637 2175 688 2210 17
704 2174 739 2203 sit
755 2175 842 2210 prima
863 2175 945 2211 legis-

158 2222 269 2258 positio,
286 2222 408 2250 declarat
422 2221 504 2249 etiam
521 2225 634 2249 sanctus
650 2221 805 2257 Stephanus
823 2222 918 2251 dicens
934 2231 942 2251 :

159 2252 212 2301 ἱραί
223 2252 360 2302 accepistis
371 2267 451 2303 legem
462 2267 491 2294 in
499 2267 672 2303 dispositione
682 2252 847 2304 angelorum,
856 2274 881 2296 et
891 2277 943 2297 non
959 2252 981 2280 Β

158 2313 311 2341 custodistis
328 2314 351 2342 ί.

193 2359 273 2388 Eam.
288 2359 498 2394 Legislationem
516 2360 632 2389 scilicet.

194 2405 247 2434 Per
255 2407 353 2439 prima.
373 2405 443 2434 Nota
460 2408 606 2442 quomodo,
618 2415 664 2442 per
677 2408 764 2442 prima
780 2408 832 2446 hoc
842 2414 894 2442 est,
909 2416 942 2437 ea

157 2461 220 2489 qua:
245 2453 483 2487 transcenderunt,
508 2454 623 2481 secunda
650 2455 712 2490 (pro
737 2455 877 2491 inferiora)
907 2456 941 2484 ad

159 2499 246 2529 Dequ
261 2501 405 2537 eriguntur
420 2502 501 2530 etiam
514 2509 563 2537 per
575 2502 714 2539 angelicos
730 2502 853 2531 ordines.

195 2578 465 2614 Superaubstantiali,
487 2580 535 2609 Gr.
561 2581 731 2617 ὑπερούσιον.
766 2581 943 2618 ’Υιιιερούσιον

158 2624 328 2661 ταξιαρχίαν,
344 2627 510 2663 principium
525 2631 552 2656 et
567 2634 680 2656 causam
697 2627 850 2656 eﬂ‘ectivam
866 2628 944 2656 ordi-

158 2669 204 2700 nis
220 2672 342 2708 ipsorum
357 2673 436 2702 dicit.

195 2741 286 2778 φρει).
300 2750 349 2773 vn.
367 2750 395 2771 v.
407 2743 452 2772 10.
483 2743 496 2764 ά
512 2743 533 2771 ιι
548 2744 612 2773 Cor.
626 2752 677 2777 xu,
693 2743 721 2773 2,
771 2749 784 2764 ο
797 2742 876 2771 Joan.
892 2751 912 2776 ι,
925 2744 943 2771 ι

1009 2741 1020 2763 ί
1033 2741 1101 2770 Gen.
1113 2738 1208 2774 “1,9.3
1220 2739 1287 2768 Gen.
1305 2746 1384 2775 xvm,
1401 2741 1427 2770 Ι.

163 2777 174 2799 ί
191 2777 253 2806 Act.
262 2777 320 2810 ’vu,
337 2778 383 2806 55.

994 1618 1034 1651 είς
1048 1618 1130 1646 αὑτδν
1145 1618 1300 1655 ἐρχομένων
1314 1617 1394 1645 θείων
1409 1617 1546 1652 γνώσεων.

1034 1665 1083 1700 Ὧς
1096 1666 1132 1693 ἐν
1151 1664 1312 1701 μορφώσει.
1334 1663 1428 1700 Οἶμαι,
1444 1665 1493 1700 τὴν
1514 1663 1724 1701 μεταμόρφωσιν
1736 1664 1781 1691 λέ-

992 1720 1047 1747 γει,
1062 1711 1079 1747 ἢ
1095 1711 1125 1738 τὸ
1138 1711 1167 1738 ὲν
1178 1710 1218 1747 τῷ
1233 1710 1332 1746 Σιναίῳ
1342 1710 1401 1747 ὄρει
1413 1709 1505 1745 θαῦμα
1514 1709 1553 1742 ὡς
1566 1708 1631 1745 πῦρ.

1028 1802 1218 1837 Θεοφάνειαν.
1233 1800 1396 1835 Θεοφάνειαν
1410 1797 1479 1827 εἷναί
1492 1807 1574 1835 φησιν
1583 1798 1614 1826 οὐ
1625 1797 1669 1826 διὰ
1679 1797 1709 1825 τὺ
1724 1797 1784 1832 φαί-

992 1857 1048 1877 νειν
1063 1849 1109 1875 τὸν
1125 1847 1191 1875 Θεὸν
1211 1847 1258 1874 καὶ
1279 1846 1420 1877 δεικνύειν,
1435 1846 1450 1872 ὅ
1463 1854 1490 1872 τι
1512 1844 1577 1871 ποτέ
1602 1844 1659 1870 ἐστι
1670 1852 1677 1858 ·
1701 1842 1782 1870 τοῦτο

993 1894 1047 1931 γὰρ
1070 1895 1226 1930 ἀμήχανον·
1251 1893 1306 1921 ἀλλ’
1330 1893 1372 1919 ὅτι
1394 1891 1467 1923 θείας
1488 1889 1647 1926 ὲλλάμψεως
1663 1890 1687 1917 oi
1707 1889 1782 1924 ἅγιοι

994 1940 1132 1974 ἀξιοῦνται
1146 1940 1192 1967 διά
1209 1948 1290 1966 τινων
1303 1939 1424 1974 ὀράσεων
1443 1936 1524 1973 ἱερῶν
1538 1936 1586 1964 καὶ
1605 1935 1697 1967 αὐτοῖς
1716 1935 1782 1963 ἀνα.

994 1986 1090 2021 λόγων,
1101 1986 1135 2018 ἃς
1148 1985 1181 2013 δι’
1196 1985 1319 2020 ἀγγέλων
1330 1983 1450 2018 γίνεσθαι
1465 1982 1548 2017 λέγει.

1031 2031 1244 2067 Θεσμοθεσίαν.
1260 2029 1426 2066 Σημείωσαι,
1440 2029 1483 2055 ὅτι
1497 2027 1544 2055 καὶ
1558 2029 1572 2055 ὁ
1590 2028 1671 2064 νόμος
1686 2028 1781 2065 ἐτέρας

994 2079 1070 2110 θείας
1081 2077 1239 2114 νομοθεσίας
1253 2074 1428 2107 ὕποτύπωσίς
1439 2075 1507 2106 ἐστι,
1521 2075 1644 2101 τουτέστι
1660 2075 1708 2110 τῆς
1731 2083 1781 2101 κα-

994 2125 1028 2152 τὰ
1041 2123 1156 2160 Χριστὸν
1169 2122 1242 2154 θείας
1256 2121 1497 2157 ὲνανθρωπήσεως·
1507 2120 1549 2147 ὅτι
1561 2120 1590 2147 δὲ
1612 2120 1645 2147 δι’
1654 2120 1780 2155 ἀγγέλων

994 2171 1073 2206 ἐδόθη
1089 2171 1106 2206 ἡ
1128 2169 1223 2205 πρώτη
1238 2166 1392 2204 νομοθεσία,
1407 2166 1482 2201 δηλοῖ
1500 2166 1547 2194 καὶ
1562 2167 1577 2193 ὁ
1589 2166 1666 2201 ἆγιος
1678 2166 1781 2201 Στέφα-

995 2226 1039 2250 νος
1054 2217 1139 2251 λέγων
1151 2224 1158 2231 ·
1177 2215 1290 2247 οἵτινες
1306 2212 1427 2241 ἐλάϐετε
1446 2212 1499 2239 τὸν
1519 2213 1612 2248 νόμον
1625 2213 1668 2246 είς
1682 2212 1780 2240 διατα-

995 2264 1050 2300 γὰς
1062 2262 1205 2299 ἀγγέλων.
1220 2261 1269 2289 καὶ
1283 2261 1338 2288 οὐκ
1351 2258 1531 2294 ἐφυλάξατε.

1031 2352 1142 2387 Ᾱὺτήν.
1161 2352 1216 2388 Τὴν
1230 2350 1407 2387 θεσμοθεσίαν
1423 2349 1552 2386 δηλονότι.

1034 2399 1068 2427 Τὸ
1094 2399 1142 2426 διὰ
1164 2397 1223 2425 τῶν
1246 2396 1378 2432 πρώτων.
1394 2395 1559 2432 Σημείωσαι,
1576 2395 1636 2427 πῶς
1650 2395 1699 2423 διὰ
1720 2395 1780 2422 τῶν

996 2446 1126 2481 πρώτων,
1146 2444 1269 2472 τουτέστι
1290 2443 1344 2470 τῶν
1365 2442 1581 2479 ἀναϐεϐηκότων,
1602 2442 1639 2469 τὰ
1657 2442 1779 2476 δεύτερα

996 2492 1069 2529 (ἀντὶ
1087 2491 1135 2519 τοῦ
1155 2490 1192 2518 τὰ
1216 2488 1433 2523 ὐποϐεϐηκότα)
1456 2488 1526 2525 πρὸς
1547 2487 1614 2516 Θεὸν
1633 2488 1777 2524 ἀνάγονται

995 2539 1042 2567 καὶ
1058 2538 1123 2574 περὶ
1136 2537 1191 2564 τῶν
1205 2534 1358 2572 ἀγγελικῶν
1373 2534 1530 2569 διατάξεων.

1038 2584 1238 2620 Ὑπερούσιον.
1259 2581 1437 2618 ’Υπερούσιον
1458 2580 1618 2617 ταξιαρχίαν
1647 2581 1696 2616 τὴν
1725 2580 1776 2616 τῆς

991 2631 1094 2665 τάξεως
1109 2630 1198 2659 αὐτῶν
1213 2629 1300 2666 ἀρχὴν
1315 2628 1363 2656 καὶ
1377 2627 1520 2665 ποιητικὴν
1531 2627 1619 2655 αίτίαν
1635 2627 1687 2662 ἔφη

1479 2739 1493 2759 ιι
1510 2737 1597 2766 Exod.
1614 2743 1711 2770 xxxiii,
1728 2735 1775 2764 25.

641 2833 759 2864 VARUE
779 2833 968 2864 LECTIONES
982 2833 1026 2862 ET
1042 2831 1318 2863 CORRECTIONES.

209 2891 232 2908 "
248 2891 457 2930 ὑπερκοσμίους,
