1925 3060
139 178 174 208 51
470 179 500 208 S.
518 178 644 210 MAXIM
663 178 810 208 SCHOLIA
831 179 865 208 IN
882 179 948 211 LIB.
969 180 1015 208 DE
1032 179 1196 210 C(ELESTI
1212 178 1435 208 HIERARCIIIA.
1725 181 1762 211 58

174 235 189 273 ς
204 235 250 265 Π.
264 236 405 271 Γαϐριήλ.
423 237 589 274 Σημείωσαι,
602 238 644 266 δτι
658 238 695 266 τὰ
707 239 772 276 περὶ
787 239 837 276 τῆς
852 240 923 267 ὲνανι

1009 238 1023 275 §
1039 238 1084 268 IV.
1094 237 1209 267 Gabriel.
1223 237 1303 272 Nota,
1319 238 1423 274 primos
1436 236 1547 273 angelos
1561 236 1653 265 doceri
1669 237 1763 266 incar-

140 283 308 320 θρωπήσεως
322 282 426 320 πρῶτοι
443 284 572 320 μυοῦνται
595 285 716 320 ἄγγελοι,
732 285 770 318 ὡς
794 285 870 322 δηλοῖ
889 285 925 313 τὰ

140 329 212 358 κατὰ
226 330 272 358 τὸν
288 330 424 358 θειότατον
439 331 569 368 Γαϐριὴλ,
593 331 713 368 μαθόντα
732 332 767 360 τὰ
791 332 856 369 περὶ
875 331 924 360 τοῦ

140 375 218 411 ἁγίου
246 376 383 405 Ἰωάννου·
409 377 654 414 εὐαγγελισάμενον
675 378 706 406 δὲ
725 378 773 406 καὶ
796 379 830 414 τῇ
855 379 927 414 Παρ-

140 421 219 457 θένῳ,
234 421 275 449 ὅτι
290 421 322 449 ἐκ
337 422 496 458 Πνεῦματος
518 423 598 458 ἁγίου
621 423 785 460 συλλήψεται
806 424 925 460 σαρκού-

141 474 220 503 μενον
235 466 282 494 τὸν
293 466 359 494 Θεὸν
370 467 467 502 Λόγον.

182 512 343 548 Ἀγϐρικῆς.
373 513 500 552 ’Δνδρικὴ
520 513 650 551 θεουργία
668 515 686 551 ἡ
711 514 830 552 Χριστοῦ
849 515 925 543 ἐναν-

140 558 291 596 θρώπησις,
313 560 375 589 καθ’
389 561 424 597 ἢν
444 561 511 593 Θεὸς
533 561 570 589 ὢν
591 562 622 589 ἐν
638 562 720 598 σαρκὶ
735 562 769 589 τὰ
793 562 852 590 θεῖα
867 563 926 599 είρ-

140 605 247 640 γάζετο.
265 606 364 634 Σκόπει
379 607 418 640 δὲ,
437 607 506 640 πῶς,
523 607 608 635 εῑπὼν
621 608 739 635 ἐνταῦθα
754 608 800 635 τὸν
823 608 926 644 Ἰησοῦν

140 651 285 687 ἀνδρικὴν
302 653 467 688 aecum-lar,
481 653 528 681 καὶ
541 653 585 681 διὰ
601 653 652 690 μὲν
666 653 714 681 τοῦ
729 654 818 689 λέγειν
827 653 926 688 ἀνδρι-

140 697 209 732 κὴν,
219 698 316 734 δηλῶν,
332 699 374 726 ὅτι
388 698 489 731 τέλειος
504 699 647 736 ἄνθρωπος
662 700 757 735 γέγονε
766 708 773 715 ο
784 699 862 727 διὰδὲ
877 698 925 727 τοῦ

139 744 305 779 θεουρτιαν,
321 745 363 772 ὁτι
378 745 445 777 Θεὸς
460 745 508 772 καὶ
529 744 587 772 ἔστι
610 744 754 781 ἄνθρωπος
764 745 797 780 ³¹,
814 746 829 772 ὁ
844 745 926 777 αὐτὸς

139 789 189 822 τὰς
204 790 367 827 θεοσημείας
381 792 577 828 ἐργασάμενος,
596 791 665 828 μετὰ
682 791 768 827 βραχὺ
791 791 875 826 λέγει,
884 791 925 819 ὅτι

138 836 356 873 (humidi/Intac-
373 837 464 874 ἔμεινε
479 838 533 874 γὰρ
549 838 596 865 καὶ
611 837 626 865 ὃ
639 835 673 874 ἦν
688 838 743 866 ἀεί.
759 838 878 866 Κάκεῖνο
891 838 921 865 δὲ

975 285 1113 313 nationem
1125 305 1133 319 ,
1157 285 1230 313 sicut
1249 285 1391 313 declarant
1414 283 1500 312 divini
1518 282 1657 312 Gabrielis
1680 289 1760 318 acta,

974 332 1021 368 qui
1043 331 1111 360 dicit
1130 339 1163 360 ea
1185 339 1246 368 qua:
1272 335 1397 360 sanctum
1419 329 1552 358 Joannem
1575 329 1761 366 (Baptistam)

975 378 1146 413 spectabant,
1159 377 1335 405 annuutiavit
1353 381 1445 404 autem
1461 377 1545 405 etiam
1559 375 1761 411 Virgini,quod

973 431 1008 452 ex
1035 424 1139 460 Spiritu
1163 427 1259 452 sancto
1286 423 1442 460 conciperet
1472 422 1646 450 incarnatum
1675 421 1763 450 Deum

974 468 1106 498 Verbum.

1011 515 1154 545 Humanis.
1180 515 1306 544 Humana
1324 515 1417 544 divina
1442 515 1568 551 operatio
1588 519 1637 543 aut
1658 514 1762 543 Christi

974 570 1038 592 cum
1053 562 1210 590 hominibus
1221 561 1403 594 conversatio,
1419 561 1449 589 in
1462 569 1516 597 qua
1530 561 1603 589 Deus
1614 561 1761 594 exsistens,

974 609 1067 638 divina
1084 609 1112 636 in
1130 615 1214 636 carne
1228 608 1404 643 operabatur.
1422 607 1573 636 Considera
1589 611 1680 635 autem
1695 615 1763 643 quo-

974 655 1067 688 modo,
1083 659 1228 690 postquam
1247 654 1346 682 dixerit
1362 654 1414 681 hoc
1425 653 1486 682 loco
1501 653 1607 686 Iesum,
1618 654 1762 681 humanam

974 701 1025 730 Dei
1041 701 1272 736 operationem:et
1289 699 1400 735 quidem
1417 699 1534 728 dicendo
1555 699 1698 727 humanam
1715 699 1764 728 de-

974 747 1061 775 clarat
1075 746 1148 782 quod
1162 745 1301 782 perlectus
1316 746 1399 773 homo
1411 745 1510 781 fuerit;
1527 753 1576 781 per
1587 753 1680 774 vocem
1697 753 1764 774 vero

975 792 1024 821 Dei
1045 793 1231 827 operationem,
1254 791 1329 828 quod
1352 792 1390 820 sit
1415 790 1499 824 Deus,
1521 797 1550 820 et
1568 791 1668 825 homo,
1690 791 1763 819 idem

974 839 1034 875 ipse
1058 838 1168 867 deitatis
1193 838 1272 874 signa
1296 842 1443 874 operatus;
1470 837 1555 874 paulo
1583 842 1647 874 post
1670 838 1761 871 dicat,

138 880 219 908 πάλιν
240 881 301 918 ὅρα,
318 882 377 915 πῶς
398 891 482 919 φησιν
505 883 535 910 ὲν
557 884 590 919 τῇ
611 883 678 920 ἁγίᾳ
693 883 815 919 Θεσιόκῳ
829 883 923 919 Μαρίᾳ

976 884 1049 921 quod
1077 884 1269 917 immutabilis;
1298 884 1402 912 mansit
1436 884 1511 912 enim
1542 891 1650 919 semper
1680 883 1762 912 etiam

138 916 263 962 γενέσθαι
290 928 341 965 τῆς
370 916 489 966 ἀρρήτου
519 916 696 962 θεοιτλαστίας
722 929 754 957 τὸ
783 916 923 966 θεαρχιιιὸν

976 916 1049 967 quod
1065 916 1281 966 erat:illudque
1307 937 1405 958 rursus
1428 929 1501 962 vide,
1527 916 1664 964 quomodo
1689 928 1764 956 dicat

140 974 298 1011 μυστήριον.
321 975 506 1003 Θεοπλαστίαν
526 975 555 1003 δὲ
573 975 658 1010 λέγει,
682 975 769 1012 δηλῶν
795 976 835 1003 ὅτι
859 976 923 1008 Θεὸς

976 976 1004 1006 in
1021 980 1118 1004 sancta
1144 975 1262 1012 Deipara
1278 974 1365 1002 Maria
1381 975 1468 1003 fuisse
1483 974 1630 1003 ineﬂ'abilis
1644 973 1693 1002 Dei
1707 972 1764 1001 eili-

138 1019 272 1056 ιπλάσθη,
289 1021 350 1048 καθ’
360 1021 375 1048 ὃ
388 1021 498 1055 γέγονεν
513 1020 665 1058 ἅνθρωπος,
675 1021 714 1053 ὡς
727 1022 758 1049 τὸ
771 1022 923 1058 εἰρημένον·

976 1023 1074 1052 ctionis
1094 1025 1309 1056 sacramentum,
1327 1022 1401 1059 quod
1421 1029 1437 1050 a
1461 1021 1516 1050 Deo
1532 1021 1697 1058 principium
1713 1020 1766 1048 du-

144 1064 172 1092 '0
183 1066 279 1101 Λόγος
288 1066 368 1101 σὰρξ
381 1066 510 1102 ἐγένετο.
522 1067 671 1104 Θεαρχικὸν
685 1067 724 1100 δὲ,
737 1068 779 1094 ὄτι
790 1067 836 1095 τοῦ
852 1067 920 1095 Θεοῦ

976 1069 1021 1097 cit.
1041 1069 1227 1096 Θεοπλαστίαν
1243 1072 1334 1096 autem
1351 1068 1431 1101 dixit,
1448 1068 1593 1096 declarans
1605 1066 1679 1104 quod
1691 1065 1764 1094 Deus

137 1111 187 1138 τοῦ
208 1112 295 1140 αἰτίου
317 1113 366 1140 καὶ
388 1113 476 1149 ἀρχῆς
497 1113 573 1146 δντος
595 1114 649 1140 τῶν
670 1113 823 1149 λεγομένων
844 1113 922 1148 θεῶν,

976 1115 1078 1143 edictus
1096 1114 1179 1143 fuerit
1195 1114 1349 1143 secundum
1365 1114 1440 1151 quod
1456 1113 1508 1142 fuit
1526 1114 1621 1146 homo,
1640 1113 1713 1142 sicut
1730 1111 1765 1139 il-

138 1156 262 1192 ἁγγέλων
271 1166 302 1185 τε
317 1158 365 1186 καὶ
378 1158 489 1186 δικαίων
503 1158 663 1195 ἀνθρώπων,
671 1158 701 1185 τὸ
713 1159 860 1195 μυστήριον
872 1159 923 1195 τῆς

976 1160 1022 1188 lud
1037 1158 1206 1196 Scriptura:
1224 1159 1336 1187 Verbum
1357 1167 1421 1186 caro
1446 1159 1546 1195 factum
1560 1158 1633 1186 culi.
1649 1158 1764 1193 Θεαρχι-

138 1202 370 1240 δνανθρωπήσεως
386 1202 431 1241 ἦν,
447 1204 477 1232 ὃν
497 1205 563 1232 Θεὸν
583 1204 686 1240 Ἰησοῦν
700 1205 878 1241 προωνόμασε
887 1205 921 1232 ³².

976 1205 1024 1233 κόν
1040 1209 1142 1240 autem,
1159 1205 1224 1241 quia
1239 1205 1296 1234 Deo
1312 1212 1396 1234 causa
1416 1209 1444 1233 et
1457 1205 1593 1241 principio
1613 1203 1764 1232 exsistente

138 1248 248 1277 illorum
262 1250 310 1285 qui
329 1250 458 1278 dicuntur
481 1250 530 1284 dii,
554 1251 713 1287 angelorum
745 1254 773 1279 et
795 1251 935 1286 iustorum
960 1251 1117 1286 hominum,
1135 1255 1339 1280 sacramentum
1363 1251 1562 1280 incarnationis
1583 1250 1674 1284 ﬁebat,
1689 1249 1764 1285 quod

137 1291 232 1322 Iesum
248 1293 333 1322 Deum
349 1296 568 1330 praenominavit.

175 1339 236 1375 Τὴν
256 1340 291 1368 δὲ
306 1343 434 1378 Μαριάμ.
456 1343 611 1379 Σημείωσαι
630 1342 717 1371 ταῦτα
739 1343 811 1372 κατὰ
824 1344 926 1371 Νεστο-

1013 1338 1132 1368 Mariam
1148 1343 1247 1368 autem.
1269 1338 1340 1368 Nota
1368 1338 1427 1368 haec
1446 1344 1544 1368 contra
1564 1339 1762 1376 Nestorianos;

139 1385 255 1423 ριανῶν·
279 1387 311 1414 οὐ
331 1387 430 1420 πάντες
443 1388 473 1415 δὲ
494 1388 604 1424 ἄγγελοι
624 1389 813 1426 musmoan
825 1389 855 1417 τὸ
874 1398 923 1426 μυ-

976 1393 1033 1414 non
1048 1393 1145 1415 omnes
1172 1389 1264 1413 autem
1287 1385 1375 1421 angeli
1398 1393 1496 1414 secure
1517 1393 1565 1414 seu
1584 1386 1688 1422 absque
1707 1388 1764 1414 ullo

139 1433 249 1468 στήριον
270 1433 321 1469 τῆς
334 1434 506 1470 οἰκονομίας·
523 1435 595 1468 ἐπεὶ,
619 1435 664 1463 ὅτε
687 1436 889 1473 ἁνελαμὸάνετο
909 1438 924 1465 ὁ

138 1477 240 1514 Κύριος
257 1478 326 1514 μετὰ
338 1479 370 1506 τὸ
384 1480 478 1513 πάθος,
497 1481 569 1513 τινὲς
589 1479 660 1517 ἦσαν
674 1482 699 1509 οί
717 1483 853 1518 λέγοντες,
869 1483 922 1517 ὅτι,

141 1523 189 1557 Τις
210 1523 297 1552 ἐστιν
315 1524 405 1558 οὗτος
427 1527 445 1554 ό
465 1526 617 1560 Βασιλεὺς
633 1527 689 1561 τῆς
710 1527 821 1563 δόξης;
836 1529 854 1565 ἡ
868 1529 924 1565 γὰρ

138 1569 271 1606 ιριίηησις
289 1569 400 1605 ἄγνοιαν
414 1571 551 1607 ἐμφαίνει.
568 1573 724 1608 Σημείωσαι
743 1575 814 1602 κατὰ
828 1575 925 1602 Νεστο-

139 1617 238 1652 ριανῶν
257 1618 305 1646 καὶ
325 1617 489 1653 ¹Δκεφάλων,
510 1619 552 1646 ὅτι
571 1619 617 1646 τὸν
640 1620 743 1656 Ἰησοῦν
764 1621 924 1658 ὑπερούσιον

138 1661 227 1689 αἰτίαν
251 1663 344 1699 φησὶν,
370 1663 418 1691 ἅτε
443 1665 558 1701 ποιητὴν
581 1665 646 1693 ὄντα
671 1667 797 1694 πάντων·
814 1667 861 1695 καὶ
882 1668 923 1695 ὅτι

138 1707 312 1744 ἀμεταϐόλως
328 1708 402 1744 λέγει
412 1710 492 1737 αὐτὸν
501 1711 678 1747 γεγεννῆσθαι
695 1712 756 1739 καθ’
766 1714 856 1748 ἡμᾶς·
874 1714 923 1750 οὐχ

136 1755 154 1790 ὴ
167 1754 236 1792 αὑτὴ
251 1755 280 1782 δὲ
302 1755 351 1783 καὶ
375 1756 427 1792 μία
443 1756 530 1784 ταῦτα
551 1757 641 1791 φύσις,
663 1759 688 1785 εί
709 1759 757 1785 καὶ
769 1759 784 1785 ὀ
797 1759 878 1792 αὐτὸς
889 1760 924 1788 τὰ

137 1799 193 1827 δύο·
208 1801 255 1827 καὶ
267 1801 310 1828 ὄτι
323 1800 406 1833 αὐτὸς
419 1802 467 1829 καὶ
480 1803 629 1840 νομοθέτης
643 1804 691 1831 καὶ
704 1805 757 1832 ὑπὸ
772 1806 863 1842 νόμον,
874 1808 924 1834 καὶ

137 1847 177 1874 ὅτι
195 1847 243 1874 καὶ
259 1847 341 1879 αὐτὸς
354 1847 392 1880 ὡς
405 1848 550 1884 ἄνθρωπος
568 1848 603 1876 δι’
617 1849 740 1884 ἀγγέλων
758 1851 921 1886 διετάττετο,

137 1892 165 1920 ιν
180 1902 211 1920 τε
229 1895 263 1929 τῇ
284 1894 326 1926 είς
344 1894 481 1929 Αἴγυπτον
503 1895 684 1932 ἀναχωρήσει,
703 1897 750 1924 καὶ
773 1897 803 1924 ὲν
829 1899 863 1934 τῇ
892 1899 922 1932 ἐξ

136 1940 222 1975 αὐτῆς
240 1940 408 1977 ὑποστροφῇ,
428 1942 475 1969 καὶ
492 1942 534 1969 ὃτι
554 1942 636 1974 αὑτός
661 1943 736 1970 ἐστιν
757 1944 774 1971 ὁ
791 1944 841 1971 καὶ
863 1943 924 1972 τῶι⁸

136 1986 270 2022 ἀγγέλων
283 1987 469 2022 Gryneum-dc.
487 1988 568 2015 Ὥστε
590 1985 631 2021 εἷς
646 1989 694 2016 καὶ
709 1989 790 2022 αὐτὸς
805 1991 922 2027 Χριστὸς

136 2034 166 2060 ὲν
180 2033 226 2060 δύο
241 2033 338 2068 φύσεσι
352 2034 383 2061 τὸ
400 2034 471 2070 μέγα
485 2035 535 2070 τῆς
555 2036 709 2071 οἰκονομίας
731 2037 921 2073 κατεπράξατο

975 1431 1059 1459 dubio
1075 1430 1221 1459 credebant
1240 1430 1401 1466 mysterium
1416 1431 1632 1466 dispensationis
1649 1439 1698 1460 seu
1720 1432 1763 1460 in-

974 1477 1163 1511 carnationis;
1184 1476 1420 1512 quandoquidem,
1438 1478 1550 1513 quando
1570 1479 1764 1507 assumebatur

973 1521 1106 1551 Dominus
1128 1526 1191 1558 post
1206 1524 1364 1558 passionem
1381 1523 1468 1558 aliqui
1490 1523 1609 1552 dixerint
1622 1532 1629 1550 :
1644 1524 1710 1558 Qui:
1723 1528 1763 1552 est

973 1568 1023 1596 iste
1045 1567 1100 1596 Rex
1120 1567 1445 1604 glorielﬁnterrogatio
1469 1569 1542 1598 enim
1562 1570 1762 1606 ignorationem

973 1613 1072 1648 arguit.
1087 1611 1157 1641 Nota
1169 1617 1266 1641 contra
1280 1613 1460 1642 Nestorianos
1471 1619 1499 1643 et
1505 1615 1658 1650 Acephalos
1670 1625 1677 1643 :
1687 1616 1762 1651 quod

972 1658 1067 1687 Jesum
1093 1659 1353 1694 superessentialem
1377 1667 1490 1688 causam
1515 1661 1600 1694 dicat,
1630 1665 1762 1697 tanquam

973 1707 1125 1732 creatorem
1138 1704 1273 1737 omnium,
1289 1705 1364 1739 quod
1379 1705 1463 1733 etiam
1479 1705 1565 1740 dicat,
1582 1714 1645 1734 eum
1661 1707 1763 1735 immu-

972 1749 1094 1777 tabiliter
1117 1749 1204 1778 fuisse
1231 1750 1313 1777 nobis
1339 1750 1456 1778 similem
1474 1760 1481 1779 :
1498 1758 1554 1779 non
1580 1755 1645 1780 sunt
1669 1756 1761 1780 autem

972 1794 1031 1823 hac
1045 1803 1100 1824 una
1112 1800 1140 1824 et
1148 1796 1243 1824 eadem
1254 1801 1364 1830 natura,
1377 1797 1430 1825 etsi
1444 1797 1580 1833 idemipse
1594 1798 1631 1826 sit
1643 1797 1699 1827 duo
1711 1807 1759 1827 seu

972 1846 1135 1877 utrumque;
1147 1847 1175 1871 et
1188 1843 1262 1878 quod
1278 1843 1350 1872 idem
1365 1843 1401 1872 sit
1418 1843 1557 1879 legislator
1577 1848 1604 1873 et
1627 1845 1680 1880 legi
1696 1845 1761 1873 sub-

969 1888 1110 1924 jectus;et
1119 1889 1193 1924 quod
1204 1889 1286 1923 idem,
1303 1895 1332 1918 ut
1343 1890 1434 1924 homo,
1443 1899 1491 1926 per
1503 1891 1614 1927 angelos
1625 1891 1761 1927 dirigeba-

973 1939 1018 1962 tur
1030 1943 1093 1962 cum
1104 1935 1133 1963 in
1145 1943 1256 1964 secessu
1271 1936 1298 1963 in
1315 1936 1472 1972 Egyptum,
1487 1942 1544 1964 mm
1561 1937 1616 1972 ιδ
1627 1937 1656 1964 in
1670 1937 1760 1965 reditu

971 1989 1004 2009 ex
1016 1982 1122 2014 eadem,
1137 1985 1164 2010 et
1180 1982 1254 2018 quod
1276 1982 1348 2010 idem
1367 1983 1428 2018 ipse
1444 1983 1482 2011 sit
1497 1984 1652 2018 angelorum
1666 1982 1760 2010 condi-

972 2031 1030 2060 tor;
1046 2027 1083 2055 ita
1097 2031 1127 2055 ut
1141 2035 1214 2056 unus
1228 2031 1256 2056 et
1271 2028 1343 2056 idem
1367 2029 1496 2057 Christus
1517 2029 1546 2056 in
1567 2029 1674 2056 naturis
1692 2029 1760 2056 dua—

137 2081 286 2117 μυστήριον
295 2089 302 2096 '
313 2080 419 2117 εἴρηται
429 2081 483 2117 γάρ
493 2089 500 2097 ·
515 2083 576 2115 ⁸ος,
585 2081 620 2108 ἐν
629 2082 732 2118 μορφῇ
746 2083 820 2110 Θεοῦ
827 2083 921 2118 ὑπάρ-

976 2074 1036 2106 bus,
1058 2081 1185 2111 magnum
1207 2074 1420 2110 dispensationis
1445 2075 1580 2110 peregerit
1603 2082 1760 2102 sacramen-

136 2135 208 2161 χων,
233 2127 291 2161 οὐχ
309 2126 464 2162 ἁρπαγμὸν
481 2127 617 2162 ἡγήσατο
632 2127 666 2155 τὸ
680 2129 756 2156 εἰναι
774 2129 827 2156 trra
844 2129 920 2163 Θεῷ·

136 2171 206 2199 ἀλλ’
230 2172 338 2200 ἑαυτὸν
363 2172 502 2205 ὲκένωσε,
528 2173 648 2209 μορφὴν
674 2173 787 2203 δούλου
810 2175 920 2203 λαϐών.

142 2218 207 2246 Ἰδοὺ
228 2218 274 2246 δύο
300 2219 415 2255 μορφαί·
435 2219 504 2255 ὅπερ
526 2219 581 2256 γάρ
608 2229 690 2256 φησιν
715 2221 846 2254 ἐνταῦθα,
871 2222 922 2250 οὑκ

134 2265 271 2302 ἀποπηδᾷ,
290 2265 368 2293 τοῦτό
389 2266 446 2293 ἐστι
467 2266 508 2299 τὸ,
524 2267 580 2301 οὐχ
599 2267 755 2302 ἁρπαγμὸν
774 2268 920 2303 ἡγήσατο,

133 2310 272 2338 τουτέστιν
295 2311 346 2338 οὐκ
367 2310 521 2347 ἀπηξίωσεν
543 2311 581 2344 ὡς
605 2311 748 2348 ἄνθρωπος
767 2313 920 2341 ὑπακοῦσαι

134 2357 183 2384 καὶ
202 2357 337 2392 ἀγγέλοις,
358 2357 493 2389 εὐπειθῶς
509 2358 570 2385 δὲ³³
586 2358 767 2386 ὕπιπάττεται
788 2361 849 2392 ταῖς
872 2361 920 2388 τοῦ

133 2404 203 2431 Θεοῦ
218 2405 264 2431 καὶ
272 2403 378 2440 Πατρὸς
391 2403 426 2431 δι’
436 2404 560 2438 ἀγγέλων
575 2404 792 2433 ὑπατυπώσεσιν·
808 2406 890 2439 αὐτὸς
897 2407 922 2423 ³⁸

132 2450 189 2486 γὰρ
204 2447 281 2482 οὗτος
294 2450 372 2485 ἔταξε
387 2451 420 2478 τὸ
434 2449 602 2486 ἀνθρώπινον
616 2451 695 2486 γένος
709 2451 822 2479 διέπειν.

174 2529 378 2566 Ἀμεταϐὀλως.
394 2530 433 2558 Οὐ
449 2530 504 2568 γὰρ
519 2530 625 2567 ἐτράπη
638 2531 688 2568 τὴν
702 2531 777 2559 θείαν
792 2531 881 2567 φύσιν.

176 2621 238 2649 οὐκ
252 2621 404 2656 ἀποπηδᾷ.
420 2620 462 2649 Τὰ
483 2621 538 2658 γὰρ
562 2622 701 2650 ὑπἀὐτοῦ
723 2623 867 2660 ταχθέντα,
887 2625 919 2661 ἧ-

976 2124 1052 2154 tum;
1068 2119 1171 2149 dictum
1189 2121 1325 2156 siquidem
1338 2124 1380 2148 est
1394 2130 1399 2148 :
1415 2120 1469 2154 Qui
1489 2128 1548 2147 cum
1567 2121 1595 2147 in
1610 2120 1698 2155 forma
1711 2119 1760 2147 Dei

973 2169 1051 2197 utet,
1071 2174 1124 2193 non
1147 2167 1269 2201 rapinam
1290 2166 1439 2194 arbitratus
1461 2170 1501 2194 eu
1520 2173 1576 2193 esse
1591 2174 1618 2193 se
1633 2165 1760 2200 (aqualem

974 2211 1046 2244 Deo;
1061 2211 1106 2240 sed
1119 2213 1287 2248 semetipsum
1297 2213 1455 2245 exinanivit,
1474 2212 1590 2247 formam
1605 2212 1673 2240 servi
1688 2213 1760 2239 acri-

972 2258 1161 2292 piens“.Ecce
1175 2258 1245 2287 duas
1259 2259 1462 2295 l'ormas;quod
1477 2259 1549 2286 enim
1564 2258 1692 2290 hicdicit,
1703 2265 1757 2286 non

972 2304 1084 2339 refugit,
1099 2304 1126 2332 id
1147 2309 1191 2333 est
1208 2313 1260 2332 non
1278 2306 1400 2340 rapinam
1421 2304 1569 2332 arbitratus
1583 2308 1633 2337 est,
1647 2304 1699 2331 hoc
1713 2309 1755 2332 est

969 2357 1026 2378 non
1041 2351 1205 2387 dedignatus
1221 2355 1264 2380 est
1277 2355 1308 2379 ut
1323 2352 1416 2384 homo,
1437 2351 1550 2380 obedire
1571 2351 1675 2387 angelis
1687 2359 1694 2376 :
1705 2351 1756 2379 ob-

970 2396 1100 2431 sequiose
1127 2402 1217 2425 autem
1241 2397 1391 2434 subjicitur
1416 2397 1464 2426 Dei
1486 2401 1514 2426 et
1527 2396 1621 2426 Patris
1647 2404 1696 2432 per
1708 2404 1758 2424 an-

969 2442 1045 2477 gelos
1062 2442 1324 2478 iul‘ormatiouibus;
1341 2443 1387 2472 hic
1408 2444 1483 2472 enim
1501 2443 1640 2471 ordinavit
1659 2447 1688 2470 ut
1705 2442 1756 2478 ipsi

971 2495 1059 2524 genus
1072 2489 1223 2517 humanum
1237 2489 1472 2519 administrarent.

1008 2533 1226 2563 lmmulabiliter.
1241 2535 1336 2571 Neque
1348 2536 1423 2564 enim
1436 2542 1516 2565 versa
1529 2535 1581 2563 fuit
1595 2535 1622 2563 in
1634 2535 1756 2564 divinam

971 2584 1114 2615 naturam;
1127 2581 1246 2609 humana
1261 2582 1367 2610 scilicet
1382 2586 1491 2610 natura.

1008 2624 1072 2654 Non
1083 2626 1191 2662 refugit.
1211 2626 1281 2655 Nam
1296 2626 1331 2656 ab
1350 2627 1411 2664 ipso
1422 2627 1548 2656 ordinata
1564 2634 1613 2656 seu
1629 2622 1754 2662 praeden-

173 2701 187 2722 ι
198 2700 278 2730 Joan.
296 2709 317 2734 ι,
335 2700 379 2729 ιι.
429 2700 439 2720 ³
453 2699 527 2729 Psal.
540 2699 695 2734 xxm,8,l0.
711 2706 730 2718 ι·
745 2701 862 2740 Philipp,
879 2715 908 2739 η,
923 2706 951 2739 6,
965 2705 992 2735 7,

616 2784 734 2814 ἾΑΗΙΕ
749 2784 942 2814 LECTIONES
959 2785 1004 2814 ET
1023 2785 1298 2815 COBRECTIONES.

188 2862 211 2880 ⁸¹
226 2862 293 2897 Θεὸς
308 2864 355 2893 καὶ
379 2864 532 2902 ἄνθρωπος.

587 2865 611 2882 ³·
626 2865 832 2903 προσωνόμασε.
879 2867 902 2884 ³³
918 2875 923 2882 ·

978 2891 982 2894 .
1017 2867 1040 2884 ³δ
1056 2866 1165 2901 αὐτούς,
1182 2866 1294 2902 respicit
1308 2863 1384 2895 enim
1398 2862 1539 2898 ἀγγέλους.
