1925 3060
158 156 193 183 59
527 157 706 187 APPENDIX
722 158 768 186 AD
785 158 900 186 OPERA
919 158 948 187 S.
968 157 1115 187 DlONYSll
1131 158 1375 198 ΑΒΕΟΡΑῼΙΤΑΕ.
1390 171 1402 184 ο
1550 139 1552 141 Ι
1743 161 1784 190 60

158 214 228 248 uita,
237 214 297 250 ipse
311 214 340 242 in
348 215 480 244 extremis
491 216 659 252 assumpsit;
670 219 697 244 et
709 216 737 243 in
752 215 843 251 seipso
856 220 948 243 osten—

1003 225 1066 250 γουν
1085 216 1291 252 προορισθέντα,
1304 216 1388 248 αὐτὸς
1409 216 1452 243 ἐπ’
1468 216 1588 252 ἐσχάτων
1603 216 1725 251 ἀνέλαϐε,
1737 219 1783 246 καὶ

159 260 211 289 dit.

194 306 230 322 ’δ’
242 306 278 333 Et
301 315 348 342 per
373 307 491 343 angelos.
513 307 577 336 Fuit
601 307 699 336 etenim
724 307 776 336 sub
802 308 871 344 lege,
887 315 948 344 quae

159 353 309 381 constituta
325 353 375 381 fuit
389 362 437 389 per
453 354 565 390 angelos
578 354 606 382 in
620 363 702 382 manu
718 354 888 382 mediatoris.

198 399 232 426 Et
246 399 278 426 de
287 400 391 434 angelo.
411 399 501 435 Caput
514 400 548 428 de
559 401 655 436 angelo
669 400 842 429 confortante
855 400 948 428 Domi-

159 453 238 477 num,
252 446 327 480 quod
350 446 379 473 in
404 445 478 474 Luca
504 447 630 479 habetur,
646 447 713 474 citat
731 447 814 475 etiam
830 455 947 483 magnus

159 490 325 526 Dionysius;
341 491 397 519 imo
412 493 450 519 ait
468 492 535 519 illud
553 493 615 525 sibi,
629 496 712 528 atque
731 484 831 520 sancto
855 492 948 520 Timo-

160 537 224 564 theo
233 537 262 564 in
273 538 404 573 mysterio
414 541 441 565 et
454 538 560 566 occulte
571 539 703 566 traditum
715 547 730 566 ο
743 543 839 567 sancto
850 539 946 574 Paulo;

161 581 249 618 ipsius
263 583 335 610 enim
351 583 572 618 praadicationem
592 589 705 613 sanctus
723 585 812 613 Lucas
827 586 948 614 conscri-

162 629 226 664 psit.
245 629 302 657 Hoc
318 629 441 657 declarat
463 637 539 663 vero,
562 638 624 658 eum
645 636 773 666 tanquam
796 631 824 658 in
844 634 945 666 myste-

163 677 205 704 rio
221 676 362 712 accepisse
375 676 439 712 quia
456 676 543 704 dicit:
563 676 671 704 Nostris
692 677 776 704 sacris
795 675 948 704 traditioni-

162 721 210 749 bus
233 722 387 757 explanata.
408 721 477 750 Vide
495 730 561 751 vero
579 723 661 751 etiam
680 723 762 750 aliam
784 723 947 758 interpreta-

999 263 1038 294 εἰς
1053 262 1149 289 ἑαυτὸν
1165 261 1257 296 ἔδειξε.

1032 396 1088 423 Kal
1103 396 1170 431 περὶ
1184 395 1237 423 τοῦ
1256 396 1395 432 ἀγγέλου.
1414 396 1515 424 ὀτιτὺ
1526 396 1573 424 τοῦ
1594 397 1783 434 ὲνισχύσαντος

997 442 1112 477 ἀγγέλου
1134 441 1179 469 τὸν
1202 442 1304 478 Κύριον
1328 442 1487 478 κεφάλαιον,
1508 443 1578 480 ὅπερ
1600 445 1630 471 ὲν
1652 444 1690 480 τῷ
1713 443 1784 471 κατά

996 487 1103 513 Λουκᾶν
1126 487 1249 523 φέρεται,
1270 486 1345 522 λέγει
1362 487 1409 514 καὶ
1428 488 1442 515 6
1465 488 1551 524 μέγας
1569 488 1716 522 Διονύσιος,
1737 489 1784 516 καὶ

996 532 1037 558 ὅτι
1052 531 1182 568 ἀγράφως
1199 533 1298 569 μᾶλλον
1310 534 1338 561 ἐν
1349 534 1489 570 μυστηρίῳ
1500 534 1622 571 κρυφίως
1633 535 1697 562 αὐτὸ
1713 544 1784 571 παρ-

996 578 1072 614 εδόθη
1095 578 1169 614 αὑτῷ
1189 580 1236 606 καὶ
1258 579 1296 615 τῷ
1313 579 1383 616 ἁγίῳ
1410 580 1534 616 Τιμοθέῳ
1569 580 1621 607 ὑπὸ
1645 580 1692 607 τοῦ
1715 581 1783 608 ἁπο-

998 624 1091 651 στόλου
1109 624 1215 651 Παύλου
1225 634 1231 640 ·
1245 625 1276 652 τὸ
1300 625 1355 662 γὰρ
1370 626 1453 653 αὑτοῦ
1470 627 1601 662 κήρυγμα
1618 625 1784 663 συνέγραψεν

996 671 1011 697 ὁ
1019 671 1138 703 Λουκᾶς·
1149 671 1273 707 δηλοῦται
1280 672 1308 698 δὲ
1317 672 1406 704 τοῦτο,
1415 673 1455 699 ὅτι
1467 673 1505 705 ὡς
1518 674 1547 699 ὲν
1564 673 1705 709 μυστηρίῳ
1714 683 1785 710 παρ-

997 716 1093 744 έλαϐεν
1118 716 1172 744 ἀπὺ
1193 717 1240 744 τοῦ
1256 718 1356 745 εἰπεῖν·
1377 718 1443 752 Ταῖς
1457 718 1615 753 ίερατικαῖς
1628 718 1713 754 ἡμῶν
1729 727 1786 746 πα-

162 768 266 796 tionem
280 776 341 803 qua:
353 768 431 801 dicit,
449 768 552 796 dictum
569 768 642 796 enim
657 776 719 797 esse
733 768 766 796 ab
779 767 849 796 lsaia
860 769 948 805 magni

1003 762 1158 789 οαδόσεσιν
1176 762 1399 798 ὲκπεςοασμένα.
1423 764 1492 800 Ὅρα
1513 764 1541 791 δὲ
1562 764 1609 791 καὶ
1631 764 1680 801 τὴν
1702 764 1786 800 ἄλλην

136 828 139 831 ν
164 814 270 841 consilii
282 814 403 849 angelum
415 823 424 843 :
436 814 574 842 nominari
591 814 713 850 genitum
724 822 849 849 puerum,
870 814 947 842 carni

164 860 251 895 ipsius
267 861 414 888 convenire
435 861 513 893 dicit,
533 864 564 888 et
586 864 697 896 propter
709 861 774 896 quid
791 864 901 889 vocatus
912 861 947 889 sit

997 807 1153 844 ἑρμηνείαν,
1171 807 1232 844 ἥτις
1254 809 1331 844 φησὶ,
1354 808 1384 835 τδ
1401 808 1456 845 γὰρ
1480 808 1637 845 είρῆσθαι³⁵
1654 809 1729 845 παρὰ
1744 809 1785 845 τῷ

1001 851 1100 889 Ἦσατᾳ
1115 852 1170 887 τῆς
1189 852 1325 888 μεγάλης
1346 854 1467 889 ,βουλῆς
1492 854 1635 889 ἅγγελον·
1659 855 1787 890 ὀνομάζε-

163 906 287 940 angelus,
303 907 368 941 quia
387 905 478 934 Patris
494 906 639 934 consilium
656 907 736 934 nobis
750 907 922 934 annuntiavit
938 915 945 933 :

1003 898 1063 925 σθαι
1083 886 1114 926 τὸ
1135 886 1264 936 γεννηθέν
1285 886 1390 927 «illum
1410 886 1544 936 τῖγὲσαρκλ.
1564 900 1646 927 αὑτοῦ
1670 886 1786 937 πρέπειν

163 959 276 979 servans
288 952 361 980 enim
381 960 432 980 nos
453 960 502 987 per
521 952 660 988 propriam
672 953 840 988 passionem,
855 956 948 980 osten-

162 996 203 1023 dit
229 997 337 1025 Patrem
358 997 481 1032 ejusdem
502 998 584 1026 etiam
611 998 699 1027 fuisse
723 999 950 1035 consilii;neque

162 1043 234 1070 enim
249 1047 279 1071 ut
293 1044 406 1071 inferior
416 1044 494 1072 Patre
507 1049 620 1073 vocatus
633 1049 676 1074 est
690 1047 803 1082 angelus
820 1057 826 1074 :
844 1049 895 1074 hoc
906 1051 948 1075 est

162 1093 258 1117 contra
280 1089 409 1118 Arianos.
427 1090 515 1125 Caput
532 1091 566 1119 dc
589 1091 686 1127 angelo
704 1092 882 1121 conﬁrmante
894 1101 950 1122 non

163 1136 256 1170 capias
260 1140 357 1170 prater
366 1140 467 1164 sanctae
475 1136 622 1172 Scriptura:
628 1137 889 1173 interpretationem,
897 1139 951 1168 hoc

163 1182 235 1209 enim
254 1182 367 1217 intelligi
395 1182 486 1215 debet,
514 1183 665 1211 secundum
689 1191 821 1217 carnem;
844 1192 909 1212 nam
924 1189 951 1213 et

164 1228 230 1255 alibi
245 1228 312 1255 dicit
325 1228 513 1264 Evangelium,
525 1234 588 1264 post
599 1229 781 1258 tentatioues:
795 1229 951 1259 Accedentcs

165 1273 251 1308 angeli
266 1273 455 1301 ministrabant
466 1274 490 1302 ei
501 1280 514 1293 ιι
527 1283 534 1302 :
547 1278 574 1302 et
584 1275 656 1310 quod
663 1275 792 1310 fatigatus
803 1284 835 1303 ea;
846 1277 949 1310 itinere,

164 1323 192 1347 et
202 1319 275 1354 quod
289 1320 432 1347 esurierit°
445 1329 453 1348 :
467 1320 525 1348 haec
539 1321 612 1349 enim
629 1322 721 1349 omnia
732 1322 879 1350 ostendunt
889 1330 952 1351 eum

165 1365 318 1400 perfectum
331 1365 473 1394 hominem
491 1374 555 1394 cum
579 1367 637 1395 suis
652 1368 828 1402 passionibus
843 1376 952 1396 assum-

165 1410 265 1446 psisse.
296 1410 397 1439 Verum
422 1412 496 1441 dicet
520 1412 632 1448 aliquis,
650 1414 697 1441 ubi
725 1414 876 1442 necessitas
900 1414 952 1442 fuit

166 1457 263 1492 angelo
291 1457 393 1485 deitate
416 1459 568 1493 praesente?
595 1458 718 1487 Dicimus
754 1459 837 1495 igitur
866 1460 952 1488 Deum

166 1504 284 1538 plurima
299 1511 348 1539 per
366 1505 479 1540 angelos
499 1505 632 1533 miracula
650 1506 758 1542 operari
776 1510 878 1543 :atque
899 1506 952 1535 hoc

167 1549 296 1578 universa
312 1550 378 1578 dicit
395 1549 546 1586 Scriptura.

1002 945 1077 980 φησὶ,
1093 945 1140 972 καὶ
1148 945 1192 972 διὰ
1207 944 1233 972 τί
1245 945 1346 982 ἐκλήθη
1356 946 1480 981 ἄγγελος,
1493 947 1534 974 ὅτι
1553 947 1602 983 τὴν
1616 947 1663 973 τοῦ
1680 947 1786 983 Πατρὸς

1006 989 1102 1026 βουλὴν
1125 991 1283 1027 ἀνήγγειλεν
1301 993 1382 1027 ἡμῖν·
1403 991 1491 1025 σώσας
1508 991 1563 1028 γὰρ
1585 993 1659 1028 ἡμᾶς
1679 992 1722 1019 διὰ
1737 993 1785 1021 τοῦ

1000 1036 1099 1062 οἰκείου
1125 1036 1237 1069 πάθους,
1250 1037 1358 1070 ἔδειξεν,
1379 1038 1420 1065 ὃτι
1431 1038 1479 1065 καὶ
1497 1038 1616 1074 ὁΠατὴρ
1634 1038 1736 1075 ταύτης
1751 1037 1786 1075 ἦν

999 1081 1048 1118 τῆς
1066 1081 1175 1118 βουλῆς·
1191 1082 1252 1109 οὕτε
1274 1083 1329 1119 γὰρ
1351 1083 1389 1116 ὡς
1410 1083 1587 1119 ύποϐεϐηκὼς
1609 1078 1659 1111 τοῦ
1679 1085 1787 1121 Πατρδς

1001 1125 1101 1162 ἐκλήθη
1119 1126 1243 1161 ἄγγελος·
1255 1128 1323 1164 πρὸς
1341 1128 1496 1164 Ἀρειανοὺς
1511 1129 1599 1156 τοῦτο.
1617 1130 1653 1156 Τὸ
1669 1130 1715 1156 τοῦ
1742 1131 1787 1157 ὲν-

998 1171 1057 1207 ισχύ
1062 1173 1272 1207 σαντοςάγγέλου
1281 1174 1427 1209 κεφάλαιον
1443 1175 1480 1212 μὴ
1494 1174 1569 1211 παρὰ
1580 1175 1630 1212 τὴν
1639 1176 1787 1212 ἑρμηνείαν

1001 1218 1065 1254 δέξῃ
1082 1219 1131 1254 τῆς
1147 1215 1228 1253 ἁγίας
1238 1219 1363 1255 Γραφῆς·
1382 1220 1450 1256 πρὸς
1470 1220 1525 1256 γὰρ
1546 1221 1596 1257 τὴν
1614 1221 1703 1258 σάρκα
1718 1221 1789 1257 ὀφεί-

1001 1264 1042 1290 λει
1058 1264 1138 1291 τοῦτο
1153 1265 1285 1291 νοεῖσθαι’
1302 1266 1350 1292 καὶ
1365 1265 1482 1301 ἀλλαχοῦ
1498 1267 1553 1303 γάρ
1569 1275 1635 1303 φησι
1653 1267 1684 1294 τὸ
1704 1267 1790 1302 Εὐαγ-

1002 1310 1107 1345 γέλιον,
1136 1310 1205 1346 μετά
1221 1310 1284 1342 τοὺς
1307 1312 1487 1348 πειρασμοὺς,
1509 1312 1550 1339 ὅτι
1572 1313 1790 1347 προσελθόντες

1001 1355 1121 1390 ἄγγελοι
1134 1355 1295 1390 διηκόνουν
1305 1355 1384 1389 αὐτῷ
1393 1364 1400 1371 ·
1415 1356 1462 1383 καὶ
1470 1357 1510 1383 ὃτι
1518 1356 1680 1384 ἐκοπίασεν
1691 1357 1726 1384 ἐκ
1734 1357 1791 1392 τῆς

1002 1401 1171 1436 ὁδοιπορίας
1183 1402 1230 1429 καὶ
1244 1402 1285 1429 ὅτι
1300 1402 1453 1437 ἐπείνησει
1463 1402 1549 1429 ταῦτα
1556 1402 1610 1439 γὰρ
1622 1403 1708 1430 πάντα
1718 1402 1790 1430 δείκ-

1003 1456 1088 1481 νυσιν,
1103 1448 1143 1475 ὅτι
1158 1448 1258 1476 τέλειον
1269 1448 1396 1476 ἀνέλαϐεν
1408 1449 1548 1485 ἄνθρωπον
1561 1450 1628 1486 μετὰ
1638 1450 1691 1476 τῶν
1707 1449 1790 1477 αὐτοῦ

1004 1494 1183 1530 παθημάτων.
1209 1495 1276 1521 Ἀλλ’
1297 1495 1353 1530 ἐρεῖ
1375 1503 1427 1528 τις,
1454 1495 1507 1522 ποῦ
1521 1496 1599 1531 χρεία
1622 1494 1656 1532 ἦν
1674 1496 1790 1530 ἀγγέλου

1003 1540 1138 1577 θειότητος
1146 1541 1169 1557 ³⁸
1188 1541 1345 1577 imponis-11;;
1363 1541 1485 1577 Λέγομεν
1503 1540 1549 1569 οὖν
1568 1542 1608 1570 ὅτι
1630 1542 1665 1569 τὰ
1679 1541 1763 1569 πλείω
1776 1543 1791 1568 6

1003 1585 1070 1618 Θεὺς
1095 1585 1128 1612 δι’
1156 1586 1279 1621 ἀγγέλων
1310 1586 1525 1622 θαυματουργεῖ·
1551 1587 1599 1615 καὶ
1619 1586 1699 1614 τοῦτο
1718 1587 1792 1622 λέγει

1005 1632 1080 1659 πᾶσα
1093 1632 1110 1668 ἡ
1126 1632 1185 1659 θεία
1199 1632 1305 1669 Γραφή.

204 1670 258 1706 19
270 1669 523 1707 Manifestatorium.
543 1670 700 1699 Secundum
716 1671 782 1700 illud
793 1672 827 1699 ab
839 1672 900 1708 ipso
919 1671 948 1699 ad

1050 1665 1294 1712 Ὲκςξαντορικήκξ
1314 1678 1394 1705 Κατὰ
1416 1678 1447 1705 τὸ
1467 1678 1535 1715 πρὸς
1555 1677 1601 1706 τὸν
1614 1678 1726 1716 Πατέρα
1744 1677 1792 1705 ὑπ’

166 1716 275 1746 Patrem
295 1718 398 1746 dictum
415 1726 422 1746 :
437 1717 610 1754 Manifestaui
630 1727 722 1746 nomen
743 1723 816 1746 tuum
840 1719 954 1747 homini-

169 1763 216 1791 bus
225 1769 249 1792 P.

468 1809 505 1838 IN
523 1809 602 1838 CAP.
621 1809 656 1838 γ.

205 1856 328 1884 Caelestes
352 1856 491 1885 essentias.
507 1856 564 1884 Cur
589 1864 683 1892 porro,
700 1855 825 1885 Ecclesia
847 1856 956 1885 dicente

171 1901 316 1930 universos
348 1905 460 1930 sanctos
483 1901 600 1937 angelos,
625 1902 709 1930 unius
729 1909 790 1930 esse
816 1902 955 1936 cssentiua,

172 1947 283 1976 divinus
310 1947 459 1983 Dionysius
478 1948 578 1976 multas
601 1948 723 1975 nominat
743 1948 878 1976 virtutes?
898 1947 956 1975 Ma-

173 2003 243 2030 gnus
258 1991 601 2030 Dionysius,Alexandriaa
615 1994 773 2030 episcopus,
792 1998 884 2022 orator
900 1994 956 2027 ille,

1004 1723 1086 1750 αὐτοῦ
1126 1723 1229 1758 λεχθέν·
1258 1722 1444 1758 Ἐφανέρωσά
1471 1732 1530 1751 σου
1563 1724 1596 1751 τὸ
1629 1724 1722 1759 ὄνομα
1731 1723 1792 1758 τοῖς

1004 1768 1178 1803 ἀνθρώποις.

1239 1814 1294 1844 ΕΙΣ
1313 1815 1356 1842 ΤΟ
1376 1814 1501 1842 ΚΕΦΑΛ.
1522 1815 1564 1841 Ε’.

1043 1861 1098 1894 Τὰς
1116 1860 1257 1895 οὐρανίας
1284 1861 1401 1894 οὐσίας.
1421 1859 1454 1886 Τί
1476 1860 1590 1896 δήποτε,
1606 1860 1673 1896 μιᾶς
1695 1859 1792 1894 οὐσίας

1007 1905 1076 1935 εἶναι
1100 1906 1204 1939 πάντας
1228 1906 1323 1940 ἁγίους
1346 1906 1410 1938 τοὺς
1435 1905 1567 1940 ἀγγέλους
1590 1905 1722 1941 λεγούσης
1743 1907 1794 1942 τῆς

1013 1952 1214 1989 Ἐκκλησίας³⁷,
1244 1951 1259 1978 ὁ
1288 1951 1359 1983 θεῖος
1387 1950 1523 1983 Διονύσιος
1547 1951 1646 1983 πολλὰς
1667 1952 1794 1987 ὀνομάζει

1007 1999 1152 2034 δυνάμειςς
1172 1998 1201 2025 '0
1221 1997 1286 2033 γοῦν
1306 1997 1392 2033 μέγας
1406 1997 1541 2030 Διονύσιος
1559 1998 1573 2024 6
1593 1997 1794 2034 Ἀλεξανδρείας

172 2040 201 2068 in
216 2040 421 2069 commentariis
437 2040 495 2068 suis
519 2048 589 2076 quos
616 2041 644 2067 in
666 2040 777 2067 beatum
797 2039 948 2075 Dionysiuu

1008 2045 1164 2077 ἐπίσκοπος,
1182 2045 1196 2071 6
1215 2043 1269 2071 ἀπὸ
1288 2044 1419 2079 ρητόρων,
1436 2044 1465 2070 ὲν
1486 2045 1542 2076 τοῖς
1564 2043 1678 2079 οχολίοις
1692 2041 1732 2076 οἷς
1747 2053 1795 2070 πε-

172 2085 227 2114 sibi
253 2086 455 2122 cognominem,
483 2085 558 2119 fecit,
582 2086 620 2114 ita
638 2085 818 2119 dicit:Quod
844 2085 948 2121 profari:

1009 2089 1121 2125 ποίηκεν
1137 2089 1176 2121 είς
1190 2089 1236 2116 τὸν
1255 2089 1389 2124 μακάριον
1403 2088 1539 2115 Διονύσιον
1553 2088 1599 2115 τὸν
1617 2088 1698 2116 αὑτοῦ
1731 2095 1795 2115 συν-

173 2133 308 2169 sapientia
325 2140 376 2168 pro
395 2140 472 2161 more
490 2131 589 2160 habeat
611 2132 748 2168 appellare
760 2131 905 2167 ἀγέννητον
921 2131 948 2160 in

1008 2138 1125 2172 ώνυμον,
1131 2132 1203 2161 οὕτω
1209 2132 1292 2168 λέγει,
1301 2134 1342 2161 ὄτι
1354 2134 1501 2170 ἀγέννητον
1511 2134 1590 2162 εἴωθε
1605 2135 1698 2162 καλεῖν
1710 2135 1727 2170 ἡ
1743 2135 1796 2168 ἔξω

173 2183 304 2212 creatum,
321 2178 475 2207 universam
498 2177 663 2206 invisibilem
686 2182 822 2210 naturam,
835 2178 948 2206 similite‘

1012 2181 1093 2216 σοφία
1110 2180 1200 2207 πᾶσαν
1219 2180 1334 2217 ἀόρατον
1350 2180 1440 2216 φύσιν,
1453 2180 1554 2216 ὁμοίως
1571 2181 1619 2209 καὶ
1639 2181 1732 2214 οὐσίας
1746 2181 1796 2213 τὰς

174 2229 201 2252 ct
216 2225 353 2255 essentias
369 2223 574 2257 subsistentias,
588 2227 669 2259 atque
692 2231 726 2251 ex
746 2223 799 2251 hoc
814 2223 891 2253 dicit.
910 2223 945 2251 lia

1012 2226 1188 2258 ὑποστάσεις·
1208 2225 1262 2253 κάκ
1279 2226 1373 2253 τούτου
1395 2227 1486 2262 φησὶν,
1507 2227 1548 2253 ὅτι
1570 2227 1640 2254 κατὰ
1657 2227 1721 2259 τοὺς
1743 2226 1796 2260 ἐξω

175 2278 258 2298 voces
282 2279 316 2299 ex
343 2278 420 2298 more
447 2269 627 2306 profanorum
650 2269 818 2306 scriptorum
835 2277 850 2297 a
865 2272 948 2297 εθηου

1012 2271 1134 2307 εἴρηνται
1147 2270 1187 2305 τῷ
1203 2270 1272 2306 ἁγίῳ
1292 2271 1421 2306 Διονυσίῳ
1437 2271 1465 2297 αἱ
1485 2270 1608 2298 τοιαῦται
1634 2272 1722 2306 φωναὶ
1745 2279 1796 2298 κα-

176 2315 306 2352 Dionysio
318 2315 430 2344 abusive
441 2315 529 2344 dictas
547 2323 618 2343 esse.

1014 2315 1212 2353 ταχρηστικῶς.

211 2361 465 2397 Hanifestaliouem,
482 2361 530 2389 Gr.
553 2361 759 2398 Ἑκφαντορίαν,
781 2362 808 2392 id
823 2366 866 2390 est
877 2360 948 2390 eluci

1058 2363 1278 2398 Ἐκφαντορίαν.
1297 2362 1426 2390 Τουτέστι
1446 2363 1496 2399 τὴν
1514 2363 1654 2398 ῑκφανσιν,
1670 2364 1729 2399 ἤτοι
1744 2363 1798 2390 δια-

177 2407 317 2435 dationem
334 2415 383 2435 seu
400 2407 625 2435 declarationem.

1016 2410 1141 2445 σάφησιν.

213 2453 364 2489 Appellant.
391 2453 565 2481 Postremum
594 2453 719 2481 ordinem
747 2453 948 2489 intelligibiliun

1056 2454 1251 2490 ’ονομάζουσι.
1270 2453 1326 2490 Τὴν
1341 2455 1458 2491 ἐσχάτην
1470 2455 1525 2482 τῶν
1540 2454 1644 2491 νοητῶν
1655 2454 1731 2487 τάξιν
1745 2462 1796 2480 κυ-

177 2499 256 2532 dicit,
280 2499 417 2527 nominari
440 2499 549 2535 proprie
574 2499 692 2536 angelos,
717 2500 873 2535 superiores
898 2507 948 2527 veri

1018 2502 1083 2538 ρίως
1093 2500 1240 2536 ἀγγέλους
1254 2501 1320 2537 φησὶ
1333 2501 1580 2538 προσαγορεύεσθαι
1592 2511 1598 2517 ·
1614 2500 1663 2533 τὰς
1676 2500 1705 2527 δὲ
1715 2500 1796 2535 ὑπερ-

180 2545 262 2573 aliter
273 2554 280 2578 ;
291 2553 408 2581 quorum
422 2545 529 2581 aliquos
546 2545 627 2573 etiam
643 2545 782 2580 nominat;
795 2545 823 2573 in
839 2549 948 2581 sequenl

1017 2547 1165 2583 ϐεϐηκυίας
1187 2546 1297 2582 ἑτέρως,
1319 2543 1357 2574 ὧν
1375 2547 1449 2579 ἐνίας
1467 2547 1515 2574 καὶ
1530 2547 1668 2583 ὀνομάζει·
1681 2546 1711 2573 ὲν
1721 2545 1748 2572 δὲ
1759 2545 1798 2581 τῷ

180 2599 262 2626 porro
285 2591 384 2626 capite,
411 2591 539 2618 ordinum
569 2599 667 2619 novem
691 2592 805 2627 mystice
829 2591 948 2619 meminit

1016 2592 1080 2628 ὲξῆς
1094 2591 1232 2628 κεφαλαίῳ
1248 2592 1300 2619 τῶν
1314 2593 1392 2621 ἐννέα
1407 2593 1553 2629 ταγμάτων
1576 2591 1712 2628 μυστικῶς
1731 2591 1799 2618 ἀπο-

180 2644 255 2665 nunc
270 2641 360 2665 autem
374 2637 494 2673 perfecte
503 2637 580 2669 dicit,
601 2637 757 2672 superiores
768 2629 878 2665 ordines
893 2637 948 2664 scir

1018 2636 1180 2672 μνημονεύει
1189 2645 1196 2651 ·
1208 2637 1255 2664 νῦν
1268 2637 1296 2664 δὲ
1302 2637 1400 2670 τελέως
1414 2637 1496 2672 λέγει,
1511 2638 1552 2664 ὄτι
1567 2637 1593 2664 al
1608 2636 1740 2672 άνώτεραι
1754 2635 1800 2662 τά-

181 2683 273 2711 omnia
293 2691 354 2719 quae
380 2683 525 2712 inferiores
547 2683 730 2711 illustrations
755 2683 902 2717 docentur;
917 2690 948 2711 co

1017 2683 1073 2716 ξεις
1087 2682 1245 2710 ἐπίστανται
1262 2683 1311 2719 μὲν
1325 2684 1376 2710 ὅσα
1393 2684 1422 2710 αἱ
1439 2683 1636 2719 ὑποϐεϐηκυῖαι
1652 2682 1685 2710 δι’
1697 2682 1798 2718 ἐλλάμ-

223 2758 236 2772 ο
260 2752 356 2780 Matth.
371 2761 409 2787 IV,
427 2753 470 2781 lt.
504 2756 516 2770 °
527 2750 606 2780 Joan.
624 2759 662 2785 iv,
674 2751 709 2782 6;
724 2749 817 2779 Matth.
833 2756 871 2783 ιν,
885 2748 912 2777 2.
924 2754 939 2775 r
956 2748 1036 2778 Joan.
1047 2759 1115 2786 xvn,
1127 2750 1156 2780 ϐ.

670 2819 788 2850 ἾΑΚΙΛΕ
805 2818 995 2847 LECTIONES
1013 2819 1057 2847 ET
1072 2818 1342 2849 CORRECTIONES.

240 2879 346 2908 “‘llazc
363 2881 462 2910 desunt
474 2879 618 2909 inGrteco.
676 2876 863 2914 ³⁸εἱρημένον.
913 2877 935 2893 ³ο

1003 2876 1073 2904 κέλων
1090 2875 1224 2912 θεότητος.
1265 2875 1287 2892 ³⁷
1304 2874 1425 2910 Γραφῆς,
1441 2872 1592 2908 Scriytnrc.
