1925 3060
119 179 154 209 οι

452 177 480 206 S.
497 178 622 207 MAXIMI
642 177 790 206 SCHOLIA
806 177 842 204 IN
860 175 897 205 LII

950 175 987 203 DE
1006 175 1170 205 C(ELESTI
1189 175 1410 204 ΙΠΕΒΑΒΕΠΙΑ.

1711 176 1747 205 σε

1620 206 1636 221 4

119 238 192 275 ψεως
207 237 373 275 μιμῶνται·
392 236 554 272 γινώσκουσι
569 235 598 263 δὲ
613 235 661 263 καὶ
671 236 753 273 ἔτερα
765 237 826 268 ταῖς
840 236 897 263 ὑπο

957 243 1089 271 gnoscere
1097 243 1163 263 vero
1177 235 1257 262 etiam
1273 234 1326 262 alia
1342 234 1474 270 subjectis
1488 234 1745 271 incognita;quatn7

119 284 261 321 κειμέναις
281 283 424 318 ἄγνωστα·
444 283 469 309 εί
492 282 521 309 δὲ
547 282 596 310 καὶ
613 281 700 314 οὕτως
728 281 814 315 ἐστὶν,
831 282 907 317 ὅμως

118 330 219 366 γενικῷ
232 330 343 366 ὀνόματι
359 330 406 357 καὶ
418 329 527 364 ἄγγελοι
540 328 595 356 ἐσθ’
605 329 651 355 ὅτε
665 327 810 355 καλοῦνται
818 328 906 355 πάντα

117 376 153 404 τὰ
164 376 247 413 νοητὰ
257 376 393 411 τάγματα.
409 375 478 410 Φησὶ
493 374 522 401 δὲ
536 374 583 401 καὶ
592 374 636 402 διὰ
649 374 686 407 τί,
698 374 735 406 ὡς
745 375 774 402 ὲν
783 374 822 411 τῷ
839 375 906 402 ἑκα-

117 422 205 458 τοστῷ
215 422 333 458 δευτέρῳ
347 420 446 457 ψαλμῷ
456 420 627 455 Ἐὑλοτεῖτε
639 420 692 448 τὸν
702 420 822 454 Κύριον,
831 419 907 448 πάν-

116 477 169 503 τες
181 471 209 496 οι
226 468 346 504 ἄγγελοι
359 467 466 495 αὐτοῦ·
482 467 530 494 καὶ
550 467 580 494 ὲν
594 466 634 502 τῷ
649 466 789 502 ἑκατοστῷ
801 467 904 504 τρίτῳη

122 514 152 541 '0
167 513 261 541 ποιῶν
272 513 345 547 τοὺς
357 513 505 549 ἀγγέλους
523 513 617 540 αὐτοῦ
629 512 791 548 πνεύματα,
808 513 856 540 καὶ
870 513 905 541 τὰ

117 560 191 596 ἑξῆς.
205 561 262 588 υὺκ
279 559 449 596 ἀντιστρέφει
470 559 499 586 δὲ
519 560 533 587 ὁ
548 559 640 594 λόγος·
652 559 687 586 τὰ
700 559 756 595 γὰρ
771 559 906 595 ὑποϐεϐη-

116 606 185 633 κότα
202 607 253 634 οὐκ
275 605 435 642 ὀνομάζεται
450 604 490 641 τῷ
498 605 552 632 τῶν
566 604 710 641 άνωτέρων
719 605 902 641 γνωρίσματι·

116 652 165 679 καὶ
182 652 223 679 ὃτι
236 651 283 679 διὰ
298 651 353 679 τῶν
375 650 602 687 ὑπερὸεόηκυιῶν
619 650 761 686 δυνάμεων
787 651 815 677 al
839 651 905 678 ὐπο-

115 697 259 733 σεδηκυῖαι
277 706 312 733 μυ
316 697 525 732 σταγωγοῦνται.

156 742 424 777 Ἀποπερατοῦσαν.
448 742 579 770 Τουτέστι
602 741 652 779 τὴν
682 742 801 779 ἐσχάτην
826 741 903 776 τάξιν

113 787 169 815 τῶν
185 788 337 823 ἀγγελικῶν
348 788 505 822 διατάξεων.

149 833 249 869 Φαμὲν
264 833 307 861 δέ.
334 834 514 870 Ἐρωτήσειεν
526 834 560 862 ἄν
574 842 633 867 τις⁸
647 831 732 862 Δῦται
747 835 775 862 αἱ
788 834 842 862 τῶν
855 834 903 862 οὐ-

115 879 214 916 ρανίων
229 878 330 912 τάξεις,
346 880 376 906 αί
398 879 653 916 ὑπερδεδηκυϊαι³¹,
668 881 716 907 καὶ
738 880 901 915 κατώτεραι,

113 923 162 951 καὶ
189 923 229 951 ἔτι
253 924 396 960 ὐφειμέναι
418 924 504 957 οὕτως
526 925 671 959 ἐγένοντο,
687 925 760 952 ὥστε
781 924 831 961 τὴν
854 925 903 961 μὲν

111 969 252 1006 ἀνωτέραν
273 969 359 1003 εἶναι,
375 970 425 1007 τὴν
447 970 476 998 δὲ
496 970 671 1007 κατωτέρανς
696 971 752 999 Καὶ
777 970 902 1006 λέγομεν,

111 1015 152 1043 ὅτι
164 1016 212 1043 καὶ
225 1016 259 1043 τὰ
273 1016 355 1052 νοητὰ
370 1016 460 1043 πάντα
481 1015 642 1049 αὐτεξούσια
657 1015 873 1053 ἐδημιούργησεν
888 1018 904 1045 ὁ

111 1061 194 1093 Θεός·
219 1062 244 1089 εἰ
265 1061 319 1097 γὰρ
334 1063 348 1088 ὀ
368 1061 512 1098 ἄνθρωπος
530 1061 705 1095 αὑτεξούσιος
728 1062 847 1097 ἐγένετο,
870 1063 904 1090 ὲκ

110 1107 203 1143 χοϊκοῦ
219 1107 379 1143 φυράματος
393 1107 440 1134 καὶ
451 1107 541 1143 ψυχῆς
557 1107 698 1144 ὑπάρχων,
715 1107 791 1144 πόσῳ
803 1107 902 1143 μᾶλλον

110 1154 139 1180 at
155 1154 250 1189 νοηταὶ
263 1153 401 1190 δυνάμεις,
411 1155 438 1180 al
449 1153 531 1189 μηδὲν
546 1153 655 1190 ἔχουσαι
668 1154 770 1189 γεῶδες
791 1154 807 1190 ἢ
819 1154 900 1190 βαρὺ,

110 1199 279 1240 αὐτεξούσιοι
298 1199 440 1234 ὲγένοντο;
458 1199 543 1227 Τοῦτο
558 1200 613 1236 γὰρ
636 1200 683 1227 καὶ
705 1201 722 1236 ή
743 1199 803 1227 θεία
828 1212 900 1240 παρ-

114 1243 321 1282 ίστησιΓραφὴ,
339 1245 466 1281 λέγουσα,
482 1245 528 1273 τὸν
549 1245 671 1273 διάσολον
695 1245 726 1279 ἐξ
751 1245 900 1283 άγγελικῆς

108 1289 241 1324 ἑκουσίως
256 1292 383 1318 ἐκπεσεῖν
393 1291 496 1324 τάξεως
505 1300 512 1307 -
526 1292 573 1319 καὶ
586 1288 663 1324 οὗτος
676 1291 705 1319 δὲ
715 1292 730 1319 ὁ
744 1292 815 1324 θεῖος
830 1293 900 1329 ἀνὴρ

107 1336 162 1372 πρὸ
178 1336 224 1363 δύο
234 1337 256 1353 ³⁸
280 1337 387 1372 φύλλων
415 1338 481 1374 περὶ
502 1337 656 1373 ἁγγελικῶν
676 1338 833 1374 δυνάμεων·
857 1339 900 1366 ὅτι

107 1382 222 1416 νοητῶς
239 1382 294 1418 γὰρ
305 1383 354 1410 ἐπὶ
370 1384 402 1410 τὸ
414 1383 591 1418 θεομίμητον
603 1384 713 1417 ἑαυτὰς
726 1384 898 1412 ἀποτυποῦ-

108 1436 172 1462 σαι,
197 1429 245 1456 καὶ
269 1429 343 1464 πρὸς
365 1429 423 1464 τὴν
442 1430 606 1465 θεαρχικὴν
629 1430 787 1465 ἐμφέρειαν
807 1432 898 1465 ὑπερ-

108 1475 238 1510 κοσμίως
247 1475 356 1510 ὁρῶσαι
372 1476 420 1503 καὶ
431 1475 569 1511 μορφοῦν
582 1475 732 1511 ἐφιέμεναι
748 1476 781 1503 τὸ
793 1476 899 1511 νοερὸν

106 1520 207 1548 αὐτῶν
228 1521 323 1554 εἷδος’
342 1521 372 1554 ἐξ
401 1518 439 1549 ὧν
464 1521 573 1549 πάντων
594 1521 741 1554 δείκνυται,
771 1521 809 1554 ὼς
822 1522 898 1549 αὺτο-

918 906 939 935 Β

956 282 998 310 vis
1009 285 1101 309 autem
1117 289 1162 309 res
1177 282 1214 308 ita
1230 289 1261 309 se
1275 281 1386 314 habeat,
1401 285 1521 309 attamen
1538 282 1686 317 aliquando
1698 290 1745 318 ge-

956 327 1042 355 nerali
1057 327 1178 360 nomine,
1190 326 1377 362 intelligibiles
1395 327 1507 355 ordines
1522 328 1642 356 universi
1661 328 1743 356 etiam

956 372 1045 408 angeli
1066 372 1248 407 appellantur.
1273 372 1346 399 Dicit
1369 376 1460 400 autem
1481 377 1509 401 et
1533 381 1655 406 causam,
1672 374 1743 402 utin

955 418 1062 454 psalmo
1076 418 1226 445 centesimo
1236 418 1369 451 secundo,
1379 419 1408 454 ᾗ.
1419 418 1473 447 20:
1487 418 1637 447 Benedicite
1651 419 1743 447 Domi-

955 472 1030 497 num,
1045 472 1133 491 omnes
1145 464 1232 499 angeli
1243 464 1310 499 ejus,
1323 465 1385 492 etin
1399 466 1549 493 centesimo
1560 466 1651 498 tertio,
1665 466 1691 501 ᾖ.
1704 466 1721 493 4
1733 474 1741 492 :

955 509 1069 537 Faciem
1088 510 1193 545 angelos
1217 518 1280 538 suos
1302 511 1424 545 spiritus,
1439 515 1467 539 et
1491 513 1552 547 quae
1578 516 1740 548 sequuntur.

954 555 1015 585 Non
1027 555 1212 591 reciprocatur
1226 560 1316 583 autem
1329 564 1421 584 sermo
1434 566 1441 584 :
1454 557 1587 585 inferiora
1597 559 1670 586 enim
1685 566 1742 586 non

956 602 1131 637 appellantur
1147 601 1260 629 nomine
1281 602 1456 637 superiorum
1468 610 1477 629 :
1488 607 1515 631 et
1536 604 1682 634 inferiores
1698 605 1743 632 in—

954 650 1108 676 stituuntur
1118 655 1134 675 a
1145 648 1336 683 superioribus
1353 648 1512 678 virtutibus.

991 738 1196 766 Terminantem.
1211 738 1268 767 Hoc
1282 742 1325 766 est
1338 741 1492 766 extremum
1515 738 1639 767 ordinem
1657 735 1741 776 angeé

954 783 1069 812 licarum
1082 784 1305 820 dispositionum.

988 830 1139 858 Asserimus
1163 836 1260 858 autem.
1288 830 1468 866 lnterrogarit
1492 830 1610 866 aliquis,
1634 839 1699 859 num
1716 833 1741 860 si

953 876 1106 904 ccelestium
1123 876 1235 904 ordines
1246 877 1404 912 superiores
1411 883 1438 904 et
1449 876 1595 905 inferiores
1609 881 1637 905 et
1651 878 1741 906 adhuc

953 922 1086 950 submissi
1100 922 1138 949 ita
1150 922 1297 957 exsistant,
1313 926 1343 951 ut
1368 923 1412 951 hic
1430 922 1540 959 quidem
1556 924 1682 959 superior
1692 925 1741 957 sit,

954 968 1000 996 ille
1015 971 1107 996 autem
1123 967 1257 996 inferior?
1269 968 1302 996 Et
1315 968 1444 1001 dicimus,
1460 968 1545 996 Deum
1558 969 1740 1005 intelligibilia

953 1014 1044 1042 omnia
1059 1014 1218 1042 condidisse
1230 1015 1337 1049 libera;
1356 1015 1380 1044 si
1395 1015 1470 1043 enim
1486 1015 1568 1042 homo
1593 1015 1662 1043 liber
1676 1015 1739 1048 fuit,

952 1067 986 1088 ex
1005 1060 1135 1096 pulverea
1154 1067 1246 1089 massa
1276 1065 1303 1089 et
1329 1062 1420 1088 anima
1437 1061 1607 1094 consistens,
1636 1065 1741 1097 quanto

952 1107 1040 1142 magis
1055 1105 1243 1142 intelligibiles
1258 1108 1385 1139 virtutes,
1400 1107 1467 1134 nihil
1479 1111 1612 1135 terrestre
1634 1107 1739 1136 haben-

952 1155 993 1179 tes
1007 1155 1054 1179 aut
1072 1160 1165 1187 grave,
1188 1152 1281 1180 liberae
1301 1153 1432 1180 fuerunt?
1453 1152 1512 1180 Hoc
1528 1153 1629 1182 etenim
1646 1153 1739 1182 divina

950 1202 1129 1232 repraesentat
1145 1198 1289 1234 Scriptura
1309 1199 1415 1232 dicens,
1434 1199 1574 1227 diabolum
1584 1200 1740 1229 voluntarie

949 1252 984 1272 ex
998 1245 1124 1280 angelico
1139 1245 1282 1280 delapsum
1304 1245 1411 1274 ordine.
1436 1245 1486 1273 Hic
1503 1254 1613 1282 quoque
1625 1247 1739 1276 divinus

949 1291 992 1318 vir
1009 1295 1074 1319 ante
1094 1291 1150 1318 duo
1166 1291 1245 1325 folia,
1261 1291 1296 1320 de
1320 1292 1452 1328 angelicis
1467 1293 1615 1322 virtutibus
1627 1293 1737 1329 (dicit):

948 1336 1004 1371 20
1018 1335 1226 1372 Inlelligibiliter
1246 1338 1316 1365 enim
1332 1339 1433 1373 seipsas
1454 1338 1488 1365 ad
1501 1338 1550 1366 Dei
1565 1339 1742 1367 imitationem

947 1381 1128 1416 eﬂ'nrmantes,
1144 1387 1169 1410 et
1181 1384 1210 1410 in
1222 1383 1340 1411 diuinam
1359 1384 1562 1412 similitudinem
1581 1393 1738 1420 supermun-

947 1426 1016 1454 dane
1030 1428 1197 1463 aspicientes,
1212 1434 1290 1465 atque
1306 1430 1425 1465 formare
1437 1431 1570 1466 cupienter
1585 1431 1742 1467 intelligibi-r

948 1472 999 1500 lem
1020 1482 1097 1501 suam
1115 1476 1224 1510 speciem
1235 1484 1245 1508 ,'
1256 1484 1289 1504 ex
1302 1477 1404 1512 quibus
1419 1477 1548 1505 omnibus
1568 1477 1735 1510 ostenditur,

947 1521 1086 1556 quomodo
1095 1523 1208 1558 proprio
1216 1523 1332 1550 arbitrio
1345 1527 1372 1550 et
1381 1523 1492 1558 propria
1506 1523 1633 1552 libertate
1642 1523 1743 1551 lruan-;

107 1566 264 1603 προαίρετω
275 1567 322 1594 καὶ
338 1567 507 1600 αὺτεξούσιοί
519 1568 587 1594 εἰσιν
606 1568 633 1594 αί
650 1568 744 1603 νοητά)¹
759 1567 895 1603 δυνάμεις,

950 1569 994 1593 tur
1008 1566 1193 1602 intelligibilcs
1205 1567 1339 1595 virtutes:
1356 1567 1536 1608 probabiliter
1552 1569 1637 1604 igitur
1655 1569 1741 1602 dicit,.

107 1612 227 1645 Εἰκότως
243 1611 289 1640 οὖν
309 1622 400 1649 φησιν,
416 1614 458 1641 ὅτι
474 1614 576 1650 ἑκάστη
592 1613 660 1650 πρὸς
676 1613 726 1649 τὴν
750 1614 896 1648 ἀναλογίαν

105 1658 156 1694 τῆς
175 1658 242 1691 ίδίας
261 1659 308 1686 τοῦ
328 1659 431 1694 ἀγαθοῦ
456 1659 576 1695 ἐφέσεως
599 1659 765 1695 ὲλλάμπεται
782 1659 857 1692 θείας
872 1659 896 1676 ⁸ο

107 1705 300 1740 κατανοήσεις’
314 1704 358 1731 διὰ
372 1704 449 1732 τοῦτο
464 1705 511 1732 καὶ
525 1704 617 1738 τάξεις
627 1705 781 1737 καλοῦνται,
792 1704 897 1741 βαθμη-

106 1750 161 1783 δὸν,
174 1750 268 1787 ὥσπερ
283 1751 332 1787 τῆς
347 1752 376 1778 ὲν
387 1752 482 1783 αὑταῖς
491 1751 610 1786 ἐφέσεως
627 1750 744 1788 [οὕσης]·
759 1751 802 1778 διὰ
817 1751 896 1778 τοῦτο

106 1796 233 1829 ἐνταῦθα,
246 1797 338 1833 φησὶν,
359 1797 409 1824 οὐκ
424 1797 481 1833 ἔχει
497 1797 586 1832 λόγον,
602 1797 652 1833 τὴν
674 1797 832 1824 τελευταίαν
846 1798 895 1824 τά-

107 1841 148 1875 ξιν
165 1843 286 1878 σεραφὶμ
301 1843 317 1879 ἢ
335 1842 446 1879 θρόνους
461 1843 614 1879 ὀνομάζειν.
628 1843 785 1880 Σημείωσαι
805 1844 834 1870 δὲ
851 1844 896 1871 διὰ

103 1887 131 1915 τί
146 1888 290 1916 καλοῦνται
306 1888 394 1916 πάντα
407 1888 442 1917 τὰ
455 1889 584 1925 τάγματα
599 1889 719 1924 ἄγγελοι
728 1898 735 1905 ”
748 1890 790 1916 ὅτι
804 1891 828 1917 ol
844 1899 895 1917 κυ-

107 1935 172 1971 ρίως
195 1935 304 1970 ἄγγελοι
330 1935 459 1970 ἀνάγουσι
481 1935 544 1967 τοὺς
569 1935 659 1971 ἱεροὺς
674 1935 833 1971 ἀνθρώπους
849 1935 895 1963 ἐπὶ

107 1980 158 2013 τὰς
174 1982 346 2017 ὲγνωσμένας
361 1982 454 2014 αὐτοῖς
470 1981 544 2013 θείας
568 1982 664 2016 αὐγάς.

150 2027 225 2054 Ἀλλ’
240 2026 341 2062 ὥσπερ
356 2027 443 2061 αὕτη.
468 2027 500 2054 Ἡ
521 2027 576 2054 τῶν
592 2027 715 2062 ἀγγέλων
730 2027 830 2064 δηλαδὴ
846 2028 895 2056 τά-

106 2073 156 2108 ξις.

145 2119 218 2153 Τοὺς
231 2120 295 2147 καθ’
309 2119 398 2155 ἡμᾶς.
413 2119 474 2147 Τῶν
489 2120 719 2148 ὲποπτικωτάτων
737 2121 894 2157 μυστηρίων

105 2165 207 2192 τούτων
231 2165 396 2201 ἐμφορηθεὶς
418 2166 434 2193 ὁ
456 2164 528 2201 ίερὸς
548 2165 694 2199 Διονύσιος,
728 2166 893 2194 ὲκκαλύπτει

103 2210 200 2245 λέγων,
226 2210 264 2242 ὼς
283 2211 300 2246 ἡ
331 2211 382 2246 μὲν
411 2210 553 2238 τελευταία
577 2211 663 2245 τάξις,
692 2212 709 2248 ἡ
739 2213 891 2249 καλουμένη

102 2256 232 2290 ἄγγελοι,
248 2256 311 2288 τοὺς
327 2257 357 2283 ὲν
378 2255 530 2292 ἀνθρώποις
559 2257 688 2293 ίεράρχας
697 2257 753 2284 τῶν
775 2258 890 2294 Ἐκκλη-

104 2301 169 2328 σιῶν
179 2301 390 2336 παιδαγωγικῶς
400 2301 616 2337 χειραγωγοῦσιν
632 2302 678 2328 ἐπὶ
688 2302 738 2338 τὴν
746 2303 813 2338 πρὸς
823 2303 890 2331 Θεδν

102 2346 322 2382 ἀναγωγήν’τὴν
337 2347 366 2374 δὲ
380 2347 536 2383 κατωτέραν
551 2347 627 2381 τάξιν
643 2348 738 2384 αὐτὴν,
754 2348 804 2384 τὴν
812 2349 890 2385 ἡμῶν

103 2392 286 2426 παιδαγωγὸν,
315 2392 364 2419 καὶ
391 2391 441 2424 τὰς
473 2392 610 2429 βαθμηδὸν
632 2394 837 2430 ὑπερκειμένας
860 2396 889 2422 al

103 2437 237 2474 ἀνάηεραι
251 2438 288 2470 ὡς
304 2438 505 2474 ὑποϐεϐηκυίας
519 2439 738 2475 μυπαγωγοῦσι.

142 2527 200 2562 Τῆς
219 2528 462 2563 ἁποκληρούσης.
484 2528 613 2556 Τουτέστι
639 2529 689 2565 τῆς
719 2529 889 2563 τελευταίας,

101 2574 151 2610 τῆς
170 2574 224 2601 τῶν
239 2574 362 2609 ἀγγέλων
377 2574 459 2610 φημί.
483 2575 640 2611 Σημείωσαι
659 2575 698 2608 δὲ,
719 2576 761 2603 ὅτι
784 2576 890 2609 δοξάζει

102 2620 196 2652 κοινὰς
218 2618 288 2648 εἷναι
309 2621 398 2653 πάσας
419 2620 468 2653 τὰς
490 2620 636 2657 ὀνομασίας
656 2621 711 2648 τῶν
731 2622 809 2649 ἐννέα
825 2631 892 2658 ταγ-

105 2667 207 2702 μάτων,
231 2667 346 2693 ἑκάστου
368 2667 524 2703 τάγματος,
546 2667 590 2694 διὰ
619 2668 649 2694 τὸ
676 2668 773 2700 κοινῶς
796 2668 892 2705 ἐλλάμ-

103 2713 200 2740 πεσοαι
217 2714 249 2740 ἐκ
262 2714 310 2741 τοῦ
327 2714 459 2745 θεοειδοῦς
474 2715 513 2746 είς
522 2714 571 2750 τὴν
581 2715 614 2741 ὲκ
629 2714 696 2741 Θεοῦ
713 2715 888 2750 φωτοδοσίαν,

102 2758 127 2785 εί
143 2758 191 2784 καῖ¹
205 2758 243 2794 μὴ
261 2759 372 2795 ὁμοίως.
383 2759 470 2791 Ἔστι,
480 2759 557 2795 φησὶ,
574 2759 670 2791 κοινῶς
686 2759 817 2794 ὀνομάσαι
835 2760 888 2786 πά-

907 2244 930 2272 D

946 1620 1170 1648 unumquemque
1195 1613 1321 1641 ordinem
1346 1621 1398 1649 pro
1421 1614 1597 1649 proportione
1618 1614 1742 1649 propriae~

946 1657 1011 1686 boni
1032 1658 1192 1693 cupiditatis
1213 1659 1347 1686 illustrari
1371 1659 1465 1687 divina
1491 1659 1733 1694 consideratione;

946 1703 1007 1732 ideo
1023 1707 1050 1732 et
1065 1704 1176 1732 ordines
1191 1710 1345 1739 vocantur;
1365 1705 1498 1740 gradatim
1509 1725 1516 1738 ,
1536 1710 1666 1741 tanquam
1686 1714 1736 1734 cu-

945 1749 1059 1785 piditate
1078 1750 1106 1777 in
1127 1750 1352 1785 ipsisexsistente
1368 1759 1375 1776 :
1392 1756 1534 1786 propterea
1553 1751 1603 1778 'hic
1622 1751 1734 1788 (inquit)

945 1796 1020 1823 nulla
1035 1799 1078 1824 est
1092 1796 1174 1829 ratio,
1188 1800 1358 1832 postremum
1372 1797 1498 1824 ordinem
1517 1797 1674 1825 nominandi
1690 1805 1741 1826 se»

944 1841 1062 1876 raphim,
1076 1845 1124 1869 aut
1146 1842 1273 1870 thronos.
1293 1841 1363 1870 Nota
1381 1850 1474 1878 porro,
1487 1847 1599 1878 propter
1609 1843 1675 1879 quid
1685 1851 1734 1872 vo-

945 1893 1042 1916 centur
1056 1896 1151 1916 omnes
1163 1888 1273 1916 ordines
1285 1889 1391 1924 angeli;
1406 1890 1482 1925 quia,
1498 1890 1544 1925 qui
1558 1890 1668 1925 proprie
1681 1898 1733 1918 an-

945 1935 1008 1971 geli,
1024 1935 1131 1963 elevant
1144 1938 1255 1963 sanctos
1267 1935 1393 1964 homines
1407 1936 1441 1964 ad
1455 1937 1579 1972 cognitos
1595 1937 1647 1965 sibi
1663 1936 1734 1965 divi-

944 1988 996 2009 nos
1011 1981 1182 2016 splendores.

981 2026 1034 2054 Sed
1048 2027 1117 2054 sicut
1132 2026 1183 2054 hic.
1198 2026 1365 2063 Angelorum
1381 2027 1486 2056 scilicet
1498 2028 1578 2058 ordo.

980 2116 1106 2151 Nostros,
1123 2117 1171 2145 Gr.
1184 2117 1255 2150 Τοὺς
1273 2117 1333 2145 καθ’
1348 2118 1435 2154 ἡμᾶς.
1448 2117 1588 2154 Mysteriis
1612 2118 1732 2147 maxime

943 2162 979 2191 ad
992 2167 1107 2200 epoptas
1120 2163 1324 2199 pertinentibus
1337 2163 1526 2199 ingurgitatus
1543 2167 1655 2191 sanctus
1667 2163 1733 2191 Dio—

943 2211 1050 2246 nysius,
1076 2210 1179 2246 detegit
1203 2210 1309 2242 dicens,
1327 2210 1401 2245 quod
1422 2214 1579 2245 postremus
1597 2211 1666 2238 ordo
1682 2211 1730 2247 qui

943 2261 1067 2290 vocatur,
1087 2256 1188 2292 angeli,
1218 2264 1267 2284 eos
1285 2256 1332 2292 qui
1349 2256 1422 2284 inter
1440 2257 1565 2285 homines
1588 2257 1731 2292 pontiﬁces

942 2302 1127 2331 Ecclesiarum
1152 2307 1228 2336 sunt,
1243 2303 1383 2338 paedagogi
1398 2310 1474 2330 more
1492 2303 1682 2331 manuducunt
1696 2304 1731 2332 ad

941 2349 1042 2376 mentis
1065 2348 1094 2376 in
1113 2348 1200 2376 Deum
1220 2349 1417 2382 elevationem;
1445 2348 1605 2377 inferiorem
1638 2354 1729 2378 autem

942 2394 1033 2429 ipsum
1047 2394 1183 2427 ordinem,
1199 2394 1375 2430 paedagogum
1397 2399 1536 2428 nostrum,
1554 2399 1581 2423 et
1594 2395 1730 2431 gradatim

943 2448 1027 2476 supra
1053 2441 1203 2469 collocatos
1236 2441 1396 2476 superiores
1418 2446 1548 2477 tanquam
1573 2442 1731 2477 inferiores,

941 2486 1080 2522 mysteriis
1095 2486 1233 2515 imbuunt.

975 2531 1118 2568 Adimplet,
1132 2532 1181 2560 Gr.
1196 2533 1248 2569 τῆς
1256 2532 1473 2570 ἀποκληρούσης.
1487 2533 1515 2561 ld
1530 2537 1573 2562 est
1587 2535 1728 2570 postremi,

940 2578 1100 2613 angelorum
1121 2578 1244 2614 inquam.
1274 2578 1344 2607 Nota
1365 2583 1457 2607 autem
1481 2580 1554 2615 quod
1578 2580 1729 2608 arbitratur

940 2631 1102 2653 communes
1132 2632 1195 2653 esse
1226 2625 1425 2660 appellationes
1457 2633 1555 2653 novem
1588 2625 1726 2657 ordinum,

942 2669 1161 2706 uniuscujusque
1180 2671 1297 2705 ordinis,
1312 2672 1378 2707 quia
1388 2672 1572 2699 communiter
1584 2671 1727 2699 illustran-

942 2718 987 2742 tur
999 2722 1033 2743 ει
1047 2714 1096 2743 Dei
1110 2715 1291 2744 similitudine
1309 2716 1337 2743 in
1352 2715 1464 2743 luminis
1478 2723 1513 2744 ex
1533 2715 1588 2743 Deo
1604 2714 1727 2750 largitio-

941 2767 1015 2794 nem,
1029 2761 1081 2789 etsi
1099 2769 1155 2790 non
1170 2762 1308 2790 similiter.
1324 2761 1410 2796 Licet,
1428 2761 1527 2797 inquit,
1545 2760 1726 2788 communiter

564 2825 677 2870 ινΑῆιῷ
697 2817 891 2857 LECTIONES
905 2829 950 2858 ET
965 2829 1240 2859 COBRECTIONES.

135 2904 158 2921 ³⁵
175 2904 382 2939 ὑποϐεϐηκυῖαε.
428 2907 451 2924 ³⁸
468 2907 521 2942 πρό
536 2916 617 2940 τινος.
658 2908 679 2925 ⁵ο
696 2908 745 2940 τὰς
762 2909 844 2942 θείας.
