1914 3063
177 184 215 214 65
582 183 755 213 APPENDIX
769 184 815 212 AD
831 184 946 213 OPERA
962 185 991 214 S.
1010 184 1156 214 DlONYSlJ
1177 185 1417 216 AREOPAGITE.
1765 186 1801 215 64

179 243 318 279 appellare
331 249 428 273 omnes
449 243 635 281 intelligibiles
651 247 678 273 et
693 244 869 280 incorporeas
887 245 952 273 ordi-

1011 251 1060 275 σας
1074 243 1125 276 τὰς
1141 246 1238 280 νοερὰς
1256 245 1305 272 καὶ
1320 245 1482 281 ἀσωμάτους
1495 244 1586 279 τάξεις
1602 244 1649 273 καὶ
1664 245 1725 273 καθ’
1738 243 1800 272 ἓτε-

177 296 240 324 nes,
255 294 284 318 et
304 290 455 318 secundum
476 290 561 318 alium
583 290 706 323 modum,
721 291 773 319 hoc
786 295 829 319 est
849 292 918 320 κατὰ
933 293 965 321 τὸ

178 334 294 367 θεοειδές
310 334 384 370 quod
398 339 441 363 est
453 336 604 364 secundum
622 336 678 364 Deo
691 336 871 364 assimilatum
885 345 962 372 esse;

177 380 207 408 in
220 384 355 416 quantum
377 381 488 417 assequi
510 382 660 418 unicuique
674 382 798 417 ipsorum
813 383 895 418 licet;
911 384 964 412 ita-

177 434 231 463 que
255 434 351 455 omnes
373 427 485 463 quidem
511 427 749 463 supermundanos
771 428 892 462 ordines.
914 429 963 458 Del

177 473 282 502 similes
295 473 403 506 vocari,
419 478 447 502 et
460 474 543 502 aliam
557 482 640 510 porro
660 475 736 510 ipsos
754 483 850 504 omnes
862 476 963 505 habere

177 518 356 548 lucidissima:
370 520 574 554 illustrationis,
584 521 716 549 nimirum
731 529 764 549 ex
782 521 838 550 Deo
849 530 961 556 munus,

176 564 302 600 quamvis
320 573 370 601 pro
389 566 523 601 cujusque
543 571 636 602 captu,
655 571 703 595 aut
722 568 825 600 minus,
839 572 886 596 aut
901 576 961 596 am-

176 610 249 645 plius
273 611 422 639 illustratio
436 611 563 640 donetur.
584 612 614 640 ln
630 613 701 641 libro
712 617 803 642 autem
816 614 856 642 De
865 614 961 644 diuinis

177 657 327 685 nominibus
340 657 417 692 dicit,
433 657 542 687 divinos
554 658 629 687 solos
648 659 703 687 dici
717 659 824 689 ordinis
840 661 961 690 universi

176 702 330 737 praefectos.

211 748 402 784 Proprietates.
426 749 497 778 Nota
520 750 658 787 quomodo
686 752 868 788 proprietates
888 753 962 782 dicat

174 794 392 831 uniuscujusque
405 796 512 825 ordinis
526 797 728 833 proportiones.

444 843 496 878 ει
513 842 547 870 1N
561 843 638 872 CAP.
653 844 699 873 γι.

209 886 223 923 ς
238 886 259 915 l.
271 886 363 915 Solam
378 893 478 916 exacte.
494 888 573 923 Quod
596 890 673 919 solus
689 889 762 920 Deus
776 892 823 928 qui
838 895 865 920 et
881 892 959 928 ipsos

1014 298 1061 326 ρον
1080 289 1190 326 τρόπον,
1217 290 1338 318 τουτέστι
1360 289 1431 318 κατὰ
1452 289 1483 317 τὸ
1505 290 1628 324 θεοειδὲς,
1651 291 1719 327 ὅπερ
1739 291 1800 319 ἐστὶ

1012 335 1083 364 κατά
1098 336 1130 364 τὸ
1141 336 1180 372 τῷ
1192 336 1253 372 Θεῷ
1268 336 1401 364 ἑοικέναιο
1417 337 1478 365 καθ’
1488 337 1550 365 ὅσον
1565 337 1674 372 ἐφικτὸν
1696 337 1798 375 ἑκάστῃ

1012 382 1116 411 αὐτῶν·
1142 382 1213 411 ὥστε
1235 383 1326 416 πάσας
1363 383 1413 419 μὲν
1440 383 1492 417 τάς
1519 384 1719 420 ὐπερκοσμίους
1746 385 1797 413 τά-

1011 425 1067 458 ξεις
1087 426 1214 459 Θεοειδεῖς
1233 426 1395 460 καλεῖσθαι,
1419 428 1467 455 καὶ
1490 427 1589 465 ἑτέραν
1607 428 1636 455 δὲ
1656 429 1799 458 κοινωνίαν

1011 470 1083 507 ἔχειν
1097 471 1187 504 πάσας
1203 472 1289 505 αὺτάς
1303 472 1353 509 τὴν
1367 473 1417 509 τῆς
1424 474 1623 510 φωτεινυτάτης
1639 474 1798 510 ὲλλάμψεως

1011 518 1044 544 ὲκ
1059 517 1127 545 Θεοῦ
1141 518 1257 555 δωρεὰν,
1275 519 1327 547 κᾶν
1343 519 1411 556 πρὸς
1425 520 1457 547 τὸ
1471 520 1575 558 ἑκάστῃ
1591 521 1711 556 ἐφικτὸν,
1727 521 1797 557 ἢὲπ’

1011 562 1131 597 ἔλαττον,
1154 563 1236 600 ἢὲπὶ
1258 565 1351 592 πλεῖον
1371 566 1388 601 ὴ
1412 565 1545 602 ἑλλαμψις
1567 566 1686 595 διδῶται.
1710 568 1754 595 Ἐν
1769 568 1798 595 δὲ

1010 610 1050 647 τῷ
1067 611 1138 646 Περὶ
1163 612 1252 639 θείων
1272 612 1427 647 ὀνομάτων
1447 612 1520 649 λόγῳ
1535 613 1628 649 φησιν,
1648 613 1689 640 ὄτι
1706 612 1796 650 [Θεῖοι]

1012 657 1087 693 μόνοι
1098 657 1221 692 λέγονται
1236 658 1261 685 οί
1277 658 1377 691 παντὸς
1393 658 1533 694 τάγματος
1547 658 1699 696 ταξίαρχοι.

1051 743 1220 779 Ἰδιότητας.
1247 745 1403 782 Σημείωσαι
1424 745 1483 778 πῶς
1506 746 1640 783 ἰδιότητας
1661 747 1735 782 λέγει
1747 747 1797 780 τὰς

1010 789 1128 826 ἑκάστης
1140 791 1242 823 τάξεως
1257 791 1413 826 ἀναλογίας.

1246 837 1301 864 ΕΙΣ
1317 837 1361 863 ΤΟ
1377 837 1500 865 ΚΕΦΔΛ.
1518 839 1564 872 ς’.

1047 880 1062 917 5
1081 881 1102 910 1.
1119 883 1224 917 Μάνην
1241 882 1377 918 ἀκριϐῶς.
1397 883 1458 911 ’Ότι
1480 883 1561 920 μόνος
1584 885 1599 912 ὁ
1622 884 1688 918 Θεὸς
1711 886 1726 912 ὁ
1748 886 1797 914 καὶ

171 932 252 961 ellicit
266 933 342 967 deos,
362 935 437 962 novit
457 940 584 963 accurate
599 939 627 964 et
640 937 716 973 ipsos
730 942 756 966 et
770 926 952 974 ipsorumFmi-

1011 926 1138 955 Βεοποιῶν
1153 928 1251 961 αὐτοὺς
1262 947 1270 961 ,
1288 926 1357 956 οῖδεν
1380 929 1502 966 ἀκριϐῶς
1518 929 1615 962 αὐτούς
1629 939 1660 958 τε
1675 931 1723 958 καὶ
1746 931 1796 964 τὰς

171 978 295 1011 nisteria,
311 982 393 1014 atque
405 979 457 1015 ipsi
471 985 639 1016 cognoscunt
649 990 690 1016 se,
705 986 733 1010 et
748 983 873 1012 sua.Nos
884 985 956 1012 enin.

170 1021 238 1049 nihil
257 1024 379 1059 perfecte
401 1032 496 1052 eorum
515 1034 577 1061 quae
596 1028 672 1063 ipsos
692 1032 818 1064 spectant
841 1030 955 1064 scimus,

170 1069 226 1097 nisi
236 1078 269 1098 ea
283 1079 344 1106 qua:
361 1078 378 1099 a
393 1071 485 1100 divina
499 1072 591 1101 edocti
605 1082 702 1103 sumus
714 1074 867 1111 Scriptura.

205 1160 316 1191 Novem.
331 1162 411 1198 Nota,
426 1172 526 1194 novem
538 1174 600 1196 esse
617 1166 729 1196 ordines
743 1167 853 1196 divinos
876 1168 957 1197 intel-

168 1205 323 1243 li'gibilium.

205 1252 220 1288 Ξ
241 1252 275 1281 Π.
296 1253 440 1283 Sacrorum
460 1256 595 1292 initiator,
614 1257 663 1286 Gr.
680 1258 873 1294 ἱεροτελεστής.
888 1257 956 1287 Pro-

168 1299 258 1334 prium
269 1300 379 1335 quidem
392 1309 502 1330 sacrum
518 1304 620 1332 rituum
638 1304 825 1333 institutorem
838 1313 956 1334 consue-

167 1344 208 1373 vit
227 1352 327 1375 vocare
347 1350 395 1375 aut
409 1347 744 1385 divinlssimumPaulum,
767 1354 814 1379 aut
828 1356 955 1380 sanctum

167 1389 365 1427 Hierotheum;
389 1394 464 1421 sicut
482 1394 512 1422 in
533 1394 605 1422 libro
629 1394 669 1423 De
688 1396 784 1424 divinis
806 1397 954 1426 nominibus

167 1434 271 1463 dictum
289 1440 351 1472 est;
375 1445 451 1466 nunc
471 1443 563 1467 autem
588 1439 707 1469 arbitror
731 1441 822 1477 ipsum
848 1443 955 1471 nullum

166 1480 251 1509 alium
265 1482 367 1517 dicere,
382 1491 465 1519 quam
478 1488 604 1512 sanctum
615 1484 729 1513 Paulum
742 1495 750 1520 ;
765 1487 867 1516 nullius
881 1487 954 1516 enim

164 1523 238 1553 alius
254 1529 313 1554 erat
327 1534 410 1562 quam
426 1528 525 1564 ipsius,
539 1530 587 1565 qui
602 1538 690 1566 usque
707 1532 742 1559 ad
763 1533 876 1560 tertium
896 1540 955 1561 coa-

166 1568 224 1597 lum
246 1572 367 1609 pertigit,
388 1577 415 1601 et
437 1581 470 1602 ea
481 1582 543 1610 quae
556 1575 590 1604 de
601 1575 646 1605 his
664 1581 870 1613 cognoscuntur
888 1579 952 1608 edo-

166 1620 229 1646 «ιιι
244 1621 297 1646 est.

384 1664 493 1695 Primus
505 1667 640 1697 lemarius
655 1668 733 1697 ordo.

250 1709 351 1739 Throm'
359 1730 368 1743 ,
453 1712 588 1741 cherubim
595 1733 603 1747 ,
687 1715 830 1750 semp/tim.

201 1753 325 1783 Auiduo.
335 1755 374 1784 De
387 1756 478 1792 primo
488 1765 631 1788 sacrorum
643 1759 771 1788 ordinum
784 1760 840 1789 Deo
852 1768 951 1797 appro-

164 1799 324 1836 pinquante.

177 1858 179 1862 ι
200 1845 401 1876 Sanctissimae.
416 1846 540 1877 Primum
555 1849 708 1878 ternarium
718 1850 793 1879 hunc
806 1854 834 1879 et
847 1850 897 1880 Dei
911 1852 950 1880 si-

164 1891 257 1920 milem
268 1893 373 1921 ordinis
383 1894 568 1930 principatum
582 1895 646 1923 licet
656 1896 681 1924 ei
695 1896 743 1931 qui
757 1900 860 1925 attenta
871 1905 950 1926 men-

164 1943 192 1965 te
202 1942 228 1965 et
242 1939 324 1974 digne
339 1938 395 1968 Deo
408 1940 540 1973 intuetur,
554 1941 794 1976 comprehendere,
809 1946 836 1970 et
847 1950 879 1972 ex
890 1944 950 1979 ipso

165 1982 316 2017 Ezechiele,
334 1984 382 2020 qui
394 1985 471 2018 dicit,
484 1985 613 2014 thronum
628 1987 745 2022 primum
760 1987 788 2015 in
807 1995 862 2023 quo
874 1989 949 2017 visus

165 2032 208 2056 est
219 2027 309 2063 Deus;
325 2033 420 2065 postea
435 2031 528 2059 statim
543 2032 706 2060 assistentes
728 2032 837 2062 divinos
853 2033 950 2062 cheru-

162 2075 220 2103 bim
236 2083 243 2102 :
261 2075 333 2111 apud
352 2076 450 2105 Isaiam
475 2080 566 2105 autem
587 2078 779 2107 sanctissimos
811 2080 949 2116 seraphim

163 2121 238 2150 circa
251 2121 336 2150 Deum
351 2126 457 2151 stantes
473 2124 684 2159 contemplatur.
701 2123 764 2152 Haec
779 2133 845 2153 vero
856 2125 949 2154 decla-

163 2172 226 2195 rant
239 2176 396 2204 supremam
411 2169 534 2205 ipsorum
556 2178 639 2205 supra
654 2178 751 2199 omnes
772 2171 844 2207 apud
863 2171 948 2200 Deum

162 2219 275 2244 sortem.
288 2215 477 2251 Explanantur
490 2221 580 2244 autem
590 2217 649 2245 haec
662 2216 719 2245 fere
733 2218 858 2247 similiter
866 2219 947 2246 etiam

1006 972 1096 1000 αὐτῶν
1110 973 1281 1010 λειτουργίας
1292 983 1299 990 ·
1325 974 1372 1002 καὶ
1396 975 1471 1002 αὐτοὶ
1486 975 1515 1002 δὲ
1531 975 1620 1003 ίσασιν
1635 976 1733 1010 αὐτοὺς
1748 978 1797 1005 καὶ

1006 1018 1041 1046 τὰ
1065 1019 1180 1046 ἑαυτῶν.
1213 1019 1308 1055 Ἡμεῖς
1329 1020 1384 1056 γὰρ
1405 1021 1482 1048 οὐδὲν
1512 1021 1633 1057 ἀκριϐῶς
1657 1022 1712 1050 τῶν
1734 1023 1794 1051 κατ’

1006 1064 1105 1096 αὐτοὺς
1127 1064 1314 1101 ἐπιστάμεθα,
1331 1065 1355 1092 εί
1373 1064 1412 1101 μὴ
1426 1065 1476 1093 ὅσα
1492 1066 1524 1093 ὲκ
1538 1066 1587 1102 τῆς
1609 1066 1685 1100 θείας
1706 1067 1794 1096 ἐδιδά-

1006 1109 1110 1146 χθημεν
1123 1111 1242 1147 Γραφῆς-

1047 1157 1162 1185 Ἐννέα.
1174 1157 1346 1193 Σημείωσαι,
1363 1158 1405 1185 ὅτι
1421 1158 1500 1186 ἐννέα
1524 1158 1577 1186 sict
1591 1158 1719 1196 τάγματα
1734 1159 1794 1189 θεῖα

1004 1201 1059 1229 τῶν
1074 1203 1186 1237 νοητῶν.

1042 1246 1107 1284 ςιι,
1136 1248 1367 1284 Ἰεροτελεστής.
1389 1249 1585 1288 Ἰερστελεστὴν
1617 1251 1667 1288 μὲν
1694 1253 1795 1281 οίκεῖον

1006 1293 1084 1321 εἴωθε
1099 1293 1192 1322 καλεῖν
1203 1314 1210 1327 ,
1227 1294 1244 1330 ἢ
1260 1295 1305 1322 τδν
1321 1295 1456 1323 Θειότατον
1471 1297 1620 1325 ἀπόστολον
1642 1299 1758 1332 Παῦλον,
1774 1300 1792 1336 ἢ

1004 1340 1050 1367 τὸν
1065 1340 1142 1375 ἀγιον
1155 1340 1293 1377 Ἰερόθεον,
1309 1341 1348 1374 ὡς
1363 1343 1394 1369 ὲν
1408 1341 1449 1379 τῷ
1462 1343 1532 1378 Περὶ
1544 1344 1631 1371 θείων
1640 1344 1795 1380 ὀνομάτων

1005 1385 1101 1422 ἐλέχθη
1117 1386 1204 1422 λόγῳ’
1228 1385 1277 1415 νῦν
1297 1387 1326 1415 δὲ
1341 1388 1435 1416 οὐδένα
1450 1388 1545 1425 ἕτερον
1559 1390 1679 1426 ἡγοῦμαι
1702 1389 1793 1425 λέγειν

1005 1433 1084 1460 αὐτὸν
1099 1433 1116 1469 ἢ
1132 1433 1179 1461 τὸν
1194 1434 1270 1469 ἅγιον
1286 1434 1408 1463 Παῦλον·
1435 1435 1541 1468 οὐδενος
1557 1436 1612 1473 γὰρ
1625 1434 1660 1472 ἦν
1676 1436 1756 1464 ἄλλου
1772 1436 1790 1473 ἢ

1005 1479 1086 1506 αὐτοῦ
1109 1479 1157 1507 τοῦ
1182 1479 1246 1517 ἄχρι
1268 1481 1359 1517 τρίτου
1381 1481 1496 1518 οὐρανοῦ
1513 1482 1677 1517 φθάσαντος,
1694 1482 1790 1510 καὶτὰ

1005 1524 1069 1560 περὶ
1084 1524 1186 1553 τούτων
1203 1526 1363 1562 μυηθέντας.

1211 1658 1314 1696 Πρώτη
1331 1661 1464 1697 τριαδικὴ
1476 1661 1532 1696 τάξ
1533 1671 1569 1697 ις.

1086 1705 1200 1739 Θρόνοι,
1306 1709 1457 1744 κερουϐἰμ,
1563 1710 1703 1745 σεραφίμ.

1034 1750 1202 1786 Προσεχῶς.
1220 1753 1288 1790 Περὶ
1303 1754 1350 1781 τοῦ
1365 1754 1424 1790 Θεῷ
1441 1755 1595 1790 ἐγγίζοντος
1611 1756 1718 1791 πρώτου
1733 1756 1789 1784 τῶν

1002 1795 1083 1832 ίερῶν
1097 1799 1254 1834 ταγμάτων.

1041 1842 1244 1879 Ἀτιωτάτους.
1269 1845 1325 1882 Τὴν
1341 1847 1452 1882 πρώτην
1467 1847 1607 1884 τριαδικὴν
1621 1848 1724 1884 ταύτην
1741 1849 1793 1877 καὶ

1000 1887 1102 1925 θεοειδῆ
1133 1890 1293 1927 ταξιαρχίαν
1319 1891 1376 1918 ἔστι
1402 1892 1448 1919 τὸν
1474 1893 1606 1928 νουνεχῶς
1631 1894 1678 1920 καὶ
1705 1893 1787 1927 ἀξίως

1000 1934 1066 1961 Θεοῦ
1076 1936 1275 1963 κατοπτεύοντα
1285 1937 1457 1970 καταλαϐεῖν,
1468 1938 1522 1964 ἀπό
1531 1946 1561 1965 τε
1576 1938 1623 1965 τοῦ
1646 1938 1785 1976 ’1εζεκιὴλ,

999 1979 1029 2012 ὅς
1045 1989 1113 2016 φησι
1129 1981 1223 2018 θρόνον
1238 1982 1363 2018 πρῶτον,
1380 1983 1423 2018 ἐφ’
1439 1980 1470 2010 οὗ
1492 1983 1570 2020 ὤφθη
1591 1985 1606 2011 ὁ
1627 1984 1703 2017 Θεός·
1727 1983 1786 2012 εἶτα

999 2026 1079 2058 εὐθὺς
1093 2027 1209 2063 ἐχόμενα
1217 2027 1252 2055 τὰ
1268 2028 1328 2055 θεῖα
1343 2028 1483 2064 χερουσίμ·
1501 2029 1577 2065 παρά
1592 2030 1620 2056 δὲ
1636 2030 1675 2066 τῷ
1689 2031 1787 2067 Ἠσαίᾳ

998 2073 1034 2101 τά
1056 2073 1192 2108 ἁγιώτατα
1219 2075 1340 2110 σεραφὶμ
1364 2074 1455 2110 κύκλῳ
1482 2075 1612 2111 ἱστάμενα
1639 2076 1687 2102 τοῦ
1716 2076 1785 2104 Θεοῦ

999 2119 1162 2155 θεωροῦντα.
1186 2119 1279 2146 Ταῦτα
1300 2120 1328 2147 δὲ
1351 2120 1426 2156 δηλοῖ
1441 2120 1490 2156 τὴν
1506 2120 1576 2156 ὑπὲρ
1591 2121 1694 2154 πάντας
1715 2122 1785 2149 ἀνω-

998 2165 1072 2192 τάτω
1094 2165 1169 2202 παρὰ
1194 2166 1241 2194 τὸν
1262 2165 1329 2193 Θεὸν
1351 2166 1440 2193 αὐτῶν
1455 2166 1539 2202 λῆξιν·
1557 2167 1732 2202 σαφηνίζεται
1756 2169 1785 2196 δὲ

998 2211 1084 2239 ταῦτα
1100 2212 1194 2247 σχεδὸν
1210 2211 1409 2248 παραπλησίως
1424 2212 1473 2239 καὶ
1495 2213 1525 2239 ὲν
1548 2213 1582 2249 τῇ
1605 2212 1784 2249 ’Δποκαλύψει

161 2261 192 2289 in
202 2260 365 2298 Apocalypsi
378 2261 468 2291 sancti
482 2261 595 2291 Joannis
610 2263 910 2300 apostoli,evangelistae
921 2269 948 2293 et

1011 2257 1045 2284 :06
1072 2258 1150 2292 ἁγίου
1184 2257 1325 2290 Ἰωάννου,
1347 2257 1394 2285 τοῦ
1416 2257 1575 2292 ἀποστόλου,
1591 2259 1782 2294 εὐαγγελιστοῦ

161 2307 292 2343 theologi.

197 2352 365 2387 Immediate,
376 2353 424 2382 Gr.
438 2354 558 2390 ἀμέσως.
576 2353 642 2382 Sine
663 2354 753 2382 medio
768 2355 870 2383 dictum
884 2360 946 2391 est;

161 2398 382 2434 quandoquidem
395 2407 452 2427 non
465 2403 508 2427 est
521 2399 592 2427 alius
603 2399 671 2427 ordo
683 2405 746 2428 ante
761 2401 860 2437 ipsum.
876 2401 947 2429 Nota

160 2451 237 2476 vero,
257 2452 320 2472 eum
334 2445 449 2473 thronos
463 2453 513 2473 seu
533 2444 723 2474 multi-oculos
738 2450 765 2474 et
783 2447 945 2483 multi-pen-

160 2497 211 2518 nes
231 2489 373 2518 cherubim
395 2494 422 2518 et
447 2492 584 2527 seraphim
604 2492 696 2520 dicere
716 2491 871 2527 superiores
884 2502 946 2523 esse

160 2534 289 2563 omnibus
301 2536 427 2569 virtutes,
444 2543 471 2565 et
483 2537 565 2566 unius
577 2538 656 2566 trina:
670 2539 838 2567 hierarchiaa.

195 2580 326 2617 Inclytus.
343 2581 474 2610 Sanctum
483 2582 598 2611 Paulum
613 2585 744 2614 insinuat.

195 2627 370 2656 Polettatem.
382 2627 456 2656 Duos
473 2633 620 2665 sequentes
634 2630 775 2658 terniones
788 2630 945 2667 intelligibi-

1000 2304 1047 2331 καὶ
1062 2304 1197 2340 θεολόγον.

1042 2351 1181 2386 Ἀμέσως.
1205 2351 1327 2387 Ἀμέσως
1342 2350 1459 2387 εἴρηται,
1476 2350 1567 2386 ἐπειδὴ
1582 2351 1633 2378 οὐκ
1648 2351 1720 2378 ἐστιν
1735 2351 1781 2378 ἄλ-

998 2397 1028 2424 λο
1046 2397 1139 2433 τάγμα
1161 2396 1216 2432 πρὸ
1245 2396 1339 2432 αὐτῆς.
1356 2396 1510 2432 Σημείωσαι
1524 2396 1553 2423 δὲ
1564 2417 1572 2430 ,
1588 2397 1629 2424 ὅτι
1644 2397 1705 2429 τοὺς
1721 2397 1782 2433 θρό-

997 2451 1075 2475 νους,
1101 2443 1159 2479 ἦτοι
1184 2442 1219 2470 τὰ
1244 2442 1425 2478 πολυόμματα
1448 2442 1496 2472 καὶ
1516 2441 1550 2469 τὰ
1566 2442 1722 2478 πολύπτερα
1737 2451 1781 2478 χε-

997 2488 1096 2524 ρουσὶμ
1119 2488 1165 2515 καὶ
1191 2488 1312 2524 σεραφὶμ
1333 2488 1408 2523 λέγει
1428 2489 1566 2525 ἀνωτέρας
1588 2487 1657 2517 εἶναι
1687 2490 1780 2517 πασῶν

996 2534 1124 2570 δυνάμεις
1140 2534 1186 2561 καὶ
1200 2534 1251 2570 τῆς
1268 2535 1332 2570 μιᾶς
1347 2534 1488 2571 τριαδικῆς
1504 2535 1652 2571 ἱεραρχίας.

1036 2580 1067 2607 '0
1080 2580 1207 2614 κλεινός.
1224 2580 1276 2607 Τὸν
1291 2580 1368 2616 ἅγιον
1383 2581 1489 2607 Παῦλον
1505 2581 1660 2607 αἰνίττεται.

1037 2625 1209 2658 Ἐξουσιῶν.
1230 2626 1286 2658 Τὰς
1301 2626 1402 2662 ἑφεξῆς
1416 2626 1462 2653 δύο
1485 2625 1625 2662 τριαδικὰς
1645 2626 1699 2653 τῶν
1720 2634 1779 2661 νοη-

159 2673 227 2702 lium
244 2677 354 2702 sanctos
369 2673 497 2702 ordinum
512 2674 683 2711 principatus
698 2676 733 2703 ah
745 2676 839 2704 inﬁmo
853 2677 887 2704 ad
899 2685 945 2704 su-

1011 2671 1047 2699 ὦν
1062 2672 1143 2707 ἁγίας
1163 2671 1324 2709 ταξιαρχίας
1347 2673 1469 2701 κάτωθεν
1490 2673 1531 2705 εἰς
1545 2673 1600 2700 ἀνω
1616 2672 1774 2707 καταλέγει·

159 2727 284 2755 premum
297 2723 432 2749 recenset.
447 2720 546 2749 Primae
560 2721 632 2749 enim
647 2725 711 2749 sunt
724 2721 942 2756 dominationes;

159 2770 254 2801 postea
268 2771 421 2803 sequuntur
434 2767 568 2801 virtutes;
584 2767 700 2803 denique
713 2771 871 2802 potestates.
883 2767 943 2803 ipse

159 2817 251 2840 autem
265 2816 414 2848 potestates
435 2814 539 2848 primas
558 2813 708 2844 collocans,
724 2812 828 2840 medias
838 2813 943 2848 accepit

160 2858 375 2894 dominationes;
391 2863 419 2888 et
428 2859 503 2887 tertii
518 2859 639 2895 liturgici
655 2860 708 2894 22
723 2858 868 2892 ternionis,
883 2859 941 2895 pri-

161 2903 199 2930 mi
214 2903 394 2939 principatus,
412 2904 509 2935 deinde
519 2904 686 2940 archangeli,
701 2909 728 2932 et
739 2908 877 2939 postremo
894 2912 942 2933 an-

995 2717 1101 2754 πρῶται
1116 2719 1170 2755 γάρ
1185 2720 1253 2746 εἰσιν
1268 2720 1295 2746 αἱ
1312 2719 1478 2755 κυριότητες·
1496 2717 1556 2745 εἶτα
1571 2718 1633 2754 ἑξῆς
1648 2719 1676 2745 αι
1697 2718 1776 2745 δυνά-

996 2774 1065 2801 μεις·
1083 2763 1142 2793 εἶτα
1157 2767 1185 2793 αἱ
1201 2765 1330 2799 ἐξουσίαι.
1347 2765 1431 2797 am;
1446 2765 1474 2792 δὲ
1488 2764 1538 2796 τάς
1562 2764 1684 2796 ἐξουσίας
1700 2763 1777 2800 πρώ-

993 2821 1042 2845 τας
1065 2812 1168 2846 τάξας,
1192 2812 1277 2848 μέσας
1300 2811 1380 2839 ἔλαὸε
1402 2811 1452 2843 τὰς
1467 2811 1638 2846 κυριότηταςο
1655 2811 1703 2838 καὶ
1726 2810 1775 2845 τῆς
1796 2805 1799 2809 ’

992 2859 1087 2896 τρίτης
1102 2859 1288 2895 λειτουργιχῆς
1303 2858 1409 2894 τριάδος
1434 2857 1540 2894 πρῶται
1556 2858 1583 2884 αἱ
1605 2857 1700 2893 ἀρχαὶ,
1717 2856 1776 2884 εἷτα

993 2905 1085 2933 λοιπὸν
1106 2906 1131 2933 ot
1155 2904 1332 2941 ἀρχάγγελοι·
1356 2905 1403 2932 καὶ
1424 2904 1455 2930 τὸ
1481 2903 1633 2931 τελευταῖον
1655 2903 1764 2938 ἄγγελοι
