1914 3063
144 143 180 172 65
480 147 511 176 S.
529 148 654 178 ΜΔΧΙΗΙ
671 149 818 180 δεΗοιιιΑ
836 152 870 180 IN
887 152 953 182 LIB.
970 154 1014 183 DE
1029 155 1193 186 C(ELESTI
1208 157 1430 190 HIERARCHIA.
1730 167 1765 197 66

143 201 202 229 Νῦν
216 198 263 230 οὖν
277 201 326 238 οὑχ
341 202 427 236 οὕτως
442 205 531 234 αὐτῶν
547 207 750 243 ἐμνημόνευσεν
765 210 794 236 ὲν
810 210 849 246 τῷ
864 211 905 244 EE?

143 248 281 261 ..-.__\_1..
312 249 376 261 nu
394 250 452 261 ut-
470 251 494 261 n,
547 254 553 261 .
596 253 607 261 .
664 253 673 261 .
701 254 728 261 -.
784 256 791 261 .
822 256 828 261 .

977 213 1040 249 geli.
1057 213 1136 243 Nunc
1149 215 1232 251 igitur
1246 224 1301 245 non
1313 217 1351 246 ita
1363 220 1488 248 meminit
1497 221 1619 257 ipsorum
1633 223 1662 251 in
1676 225 1766 261 capite

142 248 293 284 κεφαλαίῳ,
310 249 378 276 ἀλλὰ
394 250 515 279 κάτωθεν
530 254 570 285 εἰς
592 253 648 281 ἄνω
664 253 754 282 λαϐὼν
775 256 927 292 ὠνόμασεν.

148 294 178 321 '0
195 295 244 330 μὲν
265 293 313 322 οὖν
335 295 493 330 Ἀπόστολος
515 297 544 325 ἐν
564 307 595 326 τε
616 301 650 336 τῇ
676 301 743 337 πρὸς
765 302 926 338 Ῥωμαίους,

141 341 189 367 καὶ
212 341 241 368 ὲν
263 342 297 377 τῇ
322 341 391 378 πρὸς
413 343 550 378 Ἐφεσίους
568 346 702 381 μέμνηται
724 348 804 375 ἐνίων
819 349 928 384 ἀγγελι-

141 386 196 412 κῶν
211 387 368 422 ταγμάτων·
393 389 422 415 οὺ
446 389 546 427 ταύτην
568 391 597 418 δὲ
612 392 661 428 τὴν
676 392 753 426 τάξιν
769 394 923 430 ὑφηγεῖται.

139 431 220 466 Δηλοῖ
233 432 261 459 δὲ
277 434 291 459 ὁ
308 433 395 468 μέγας
411 435 558 469 Διονύσιος,
574 437 615 464 ὅτι
631 438 662 464 ὲν
685 440 825 476 μυστηρίῳ
839 442 925 469 ταῦτα

139 477 279 513 παρέδωκε
294 480 351 511 τοῖς
366 479 454 514 ἁγίοις
469 481 483 508 ὀ
499 482 569 515 θεῖος
586 483 755 516 Ἀπόστολος.

378 527 433 553 ΕΙΣ
448 528 492 555 ΤΟ
506 529 631 557 ΚΕΦΑΛ.
649 529 681 563 ζ’.

174 569 188 606 ς
206 570 225 597 l.
244 571 328 598 Πάλιν
345 573 361 608 ἢ
378 574 518 611 ἐπιγραφὴ
535 577 656 603 κάτωθεν
673 578 719 605 ἐπὶ
734 578 770 605 τὰ
786 580 923 617 ὑπέρτερα

136 615 233 644 ἄνεισι·
243 617 278 644 τὰ
294 618 348 654 γὰρ
363 620 443 656 τρίτα
460 622 589 658 σεραφίμ·
606 623 641 650 τὰ
656 624 684 651 δὲ
699 624 814 662 δεύτερα
829 615 922 663 χερον-

136 661 195 697 6ίμ·
213 664 260 690 καὶ
277 665 312 692 τὰ
328 666 424 702 πρῶτα
446 667 546 703 θρόνοι.
570 670 768 707 Ἀντιστρόφως
781 661 845 700 οὖν
862 661 919 700 ’ἐπ-

133 709 261 745 ἔγραψεν.

176 755 353 791 Ἐπωνυμία.
371 759 535 794 Σημείωσαι,
552 761 593 788 ὅτι
609 763 663 789 πᾶν
678 763 764 799 δνομα
778 765 832 792 τῶν
840 766 919 802 ἱερῶν

134 801 270 836 σημασίαν
292 803 413 840 περιέχει
437 806 488 841 τῆς
510 807 557 834 τοῦ
579 808 717 844 τάγματος
735 810 822 846 ῐδικῆς
843 801 919 848 ἐνερ-

131 847 218 881 γείας,
241 848 279 881 ὡς
300 849 354 877 τῶν
370 851 456 885 ἁγίων
479 854 601 889 σεραφὶμ
623 856 670 882 καὶ
695 858 827 894 χερουσὶμ
851 847 916 895 [τῶν

978 259 1116 294 sequenti,
1128 261 1175 288 sed
1189 261 1224 289 ab
1239 261 1334 290 intimo
1353 263 1388 290 ad
1408 272 1566 300 supremum
1582 275 1698 297 exorsus
1711 259 1765 298 no-

978 305 1101 334 minavit.
1113 306 1261 341 Apostolus
1274 308 1366 343 igitur,
1375 313 1433 337 tum
1446 310 1473 338 in
1483 310 1604 346 Epistola
1617 314 1650 342 ad
1662 315 1763 344 Roma-

977 357 1039 383 nos,
1056 354 1113 379 tum
1128 352 1162 380 ad
1181 352 1326 388 Ephesios,
1343 356 1469 384 meminit
1484 360 1665 393 quorumdam
1679 369 1764 398 ange-

976 396 1092 424 licorum
1114 398 1260 434 ordinum;
1283 400 1357 429 hunc
1377 408 1442 429 vero
1465 403 1589 432 ordinem
1602 413 1657 433 non
1671 396 1760 437 docet.

976 441 1104 469 Declarat
1125 448 1216 471 autem
1245 452 1361 481 magnus
1383 446 1530 484 Dionysius
1549 450 1670 480 divinum
1687 453 1762 488 Apo-

975 487 1076 516 stolum
1086 488 1144 517 haec
1155 489 1182 517 in
1198 492 1327 526 mysterio
1340 495 1443 521 sanctis
1454 495 1610 526 tradidisse.

1254 537 1288 564 IN
1317 538 1394 567 CAP.
1411 539 1467 568 VH.

1010 579 1024 616 §
1039 579 1060 609 1.
1077 581 1198 610 Rursum
1219 583 1363 620 inscriptio
1376 586 1410 614 ab
1432 587 1527 616 intlmo
1547 589 1581 617 ad
1599 598 1758 627 supremum

973 626 1096 654 ascendit
1113 636 1119 655 :
1138 628 1214 655 tertii
1235 628 1308 656 enim
1335 631 1472 667 seraphim
1485 653 1494 666 ,
1523 626 1640 664 secundi
1666 642 1758 667 autem

971 670 1124 705 cherubim,
1142 676 1170 701 et
1186 675 1267 709 primi
1281 676 1373 705 throni
1388 687 1394 705 :
1411 680 1550 708 contrario
1570 681 1654 718 igitur
1676 685 1758 713 modo

971 716 1122 752 inscripsit.

1004 762 1162 796 Appellatio.
1180 763 1260 798 Nota,
1276 773 1357 795 omne
1375 775 1474 797 nomen
1490 777 1632 800 sacrorum
1649 775 1755 810 signifi-

969 804 1105 832 cationem
1120 807 1266 842 complecti
1281 811 1399 845 propriae
1410 813 1516 842 ordinis
1531 816 1649 851 energia:
1660 804 1756 851 {sicut

969 854 1127 879 sanctorum
1139 854 1275 888 seraphim
1290 859 1317 883 et
1336 857 1476 886 cherubim
1494 859 1657 899 [nominum]
1670 863 1769 891 inter-.

130 893 280 931 ὀνομάτων]
297 896 324 922 αἱ
340 883 482 933 ἑρμηνεῖαι
505 883 629 936 έηλοὺσιν
641 921 649 934 ,
668 883 761 939 ﬁnxerat;

966 897 1135 931 pretationes
1149 883 1289 928 deciarant
1303 910 1309 928 :
1331 883 1554 940 quandoquidem
1568 914 1623 934 non
1635 883 1671 935 sit
1681 909 1752 938 alius
1764 910 1768 913 λ

129 937 193 965 ἄλλο
208 939 300 976 τάγμα
316 942 368 977 πρὸ
384 943 478 980 αὐτῆς.

166 985 353 1020 Θεοφανείας.
377 988 425 1020 Εἰς
447 989 502 1026 γὰρ
517 991 581 1023 τοὺς
604 991 728 1028 πρώτους
743 995 912 1031 ἐργάζονται,

127 1030 321 1067 ὲνεργούμεναι
336 1034 364 1060 αἱ
381 1034 488 1069 πρῶται
505 1036 668 1072 θεοφάνειαι.

169 1075 394 1114 Ἐκφαντορικῷ.
411 1080 483 1108 Ἀντὶ
498 1082 545 1109 τοῦ
564 1083 752 1122 ἑρμηνευτικῷ
767 1087 813 1114 καὶ
828 1097 914 1125 παρα-

126 1123 253 1158 στατικῷ.

162 1169 313 1198 Θεοειὸῶν.
330 1170 438 1209 Ἐπειδὴ
455 1173 581 1207 θεοειδεῖς
597 1175 667 1209 ἕξεις
690 1179 772 1214 φησὶν
796 1181 842 1207 ἐπὶ
856 1182 911 1210 τῶν

124 1212 203 1241 θείων
219 1215 297 1249 νοῶν,
314 1217 344 1243 οὐ
362 1218 414 1254 χρὴ
431 1219 632 1256 ὑπολαμὸάνειν
647 1222 693 1250 τὸν
717 1212 803 1260 μέγαν
818 1227 910 1255 Διονύ-

124 1267 180 1286 σιον
196 1260 245 1293 τὰς
261 1262 361 1298 ἀρετὰς
377 1265 477 1297 ταύτας
492 1266 542 1298 τὰς
558 1268 657 1303 νοητὰς
671 1269 709 1303 ὠς
726 1273 908 1309 συμῦεόηκὸς,

123 1305 171 1332 ἅτε
195 1308 241 1333 καὶ
264 1309 307 1343 ἐφ’
328 1310 408 1346 ἡμῶν
433 1312 522 1339 αὐτῶν
547 1315 739 1349 προσγίνεσθαι
755 1305 854 1353 λέγειν,

122 1351 188 1388 ἄλλη
206 1353 227 1369 ⁸¹
245 1355 274 1381 ὲν
290 1355 362 1391 ἄλλῳ
379 1357 551 1394 ὑποκειμένῳ
561 1379 568 1391 ,
586 1361 665 1387 οἱονεὶ
681 1351 811 1399 ποιότητα
827 1351 909 1402 repos-

121 1400 264 1435 γινομένην
279 1408 286 1416 ⁵
315 1402 345 1428 τὸ
373 1402 427 1439 γὰρ
459 1405 630 1441 συμϐεϐηκὸς
655 1408 701 1435 καὶ
730 1400 907 1446 ὑποκείμενον

120 1444 225 1471 ἐκεῖθεν
240 1445 418 1483 ἀπελήλαται,
435 1449 480 1475 ὅτε
497 1450 543 1477 καὶ
565 1453 639 1479 πᾶσα
656 1453 796 1488 σύνθεσις,
814 1444 861 1484 διαὶ
875 1458 906 1485 τὸ

119 1489 169 1524 τῆς
192 1490 257 1527 ὕλης
279 1492 411 1529 ἄμορφον,
436 1495 540 1523 ἐκεῖθεν
562 1497 715 1534 ὲξὼρισται.
740 1501 770 1527 El
794 1502 848 1538 γὰρ
871 1501 906 1539 ἦν

119 1535 182 1563 ἄλλο
198 1538 227 1564 ἐν
242 1537 323 1574 ἄλλῳ,
340 1537 396 1567 οἷον
413 1542 583 1579 ωμσεῦηκὸς
600 1545 629 1570 έν
652 1535 839 1583 ὑποκειμένη),
855 1535 904 1577 οὑκ
917 1555 939 1585 c

117 1581 151 1608 ἂν
166 1581 213 1618 ἔζη
230 1583 290 1610 καθ’
307 1585 406 1622 ἑαυτὴν
430 1588 447 1623 ή
469 1588 548 1616 οὐσία
570 1590 672 1626 ἐκείνη,
698 1581 758 1619 οὐδὲ
780 1581 904 1622 θεοῦσθαι

115 1628 177 1659 καθ’
200 1629 298 1666 ἑαυτὴν
318 1631 357 1664 ὡς
381 1634 492 1668 ἐφικτὸν
508 1635 631 1670 ἠδύνατο,
657 1637 701 1664 διὰ
719 1638 803 1675 μόνην
827 1640 904 1674 τάξιν

116 1673 165 1709 τὴν
181 1675 218 1707 ὡς
233 1675 297 1703 ἄλλο
319 1678 348 1704 ὲν
370 1679 441 1715 ἄλλῳ
457 1680 661 1719 φυλαττομένην
671 1691 678 1699 ⁸
697 1673 724 1711 at
740 1673 785 1712 οὖν
801 1687 830 1713 ὲν
853 1673 902 1714 αὑ-

115 1721 172 1752 τοῖς
188 1722 331 1758 εἰρημέναι
347 1724 418 1757 ἕξεις
434 1727 651 1763 αὑτουσιωμέναι
668 1729 690 1746 ⁴¹
706 1731 785 1763 εῐσὶν,
803 1733 832 1758 οὐ
848 1733 901 1769 μὴν

114 1764 153 1798 ὡς
170 1768 340 1803 συμβεϐηκὸς
356 1771 385 1797 ὲν
401 1771 589 1808 ὑποκειμένῳ,
606 1773 650 1800 διὰ
665 1775 696 1801 τὸ
711 1776 800 1804 ἄῡλον.
821 1764 901 1806 Ὅθεν

114 1812 129 1837 ὁ
146 1812 230 1847 μέγας
245 1814 381 1848 Διονύσιος
396 1818 518 1845 κάτωθεν
534 1820 563 1846 ὲν
579 1820 617 1855 τῷ
632 1821 701 1855 Περὶ
721 1822 775 1857 τῆς
791 1823 900 1859 ἐκκλη-

114 1860 273 1895 σιαστικῆς
299 1862 448 1897 ιεραρχίας
472 1863 542 1899 λόγῳ
565 1865 704 1902 κεφαλαίῳ
720 1869 841 1904 τετάρτῳ
857 1870 900 1897 οὑ-

115 1904 218 1937 σιώδεις
234 1907 316 1942 φησὶν
331 1906 399 1935 εῐναι
418 1909 468 1941 τὰς
483 1909 554 1942 ἕξεις
568 1910 617 1943 τὰς
630 1913 659 1938 ὲν
675 1913 774 1945 αὐτοῖς.

149 1950 270 1983 Ἕξεων.
295 1953 460 1989 Σημείωσαι,
485 1956 524 1982 ὅτι
549 1958 577 1983 at
595 1957 664 1984 θεῖαι
686 1958 814 1995 δυνάμεις
837 1962 898 1989 καθ’

112 1995 168 2029 ἕξιν
182 1997 273 2033 ἔχουσι
287 1999 317 2026 τὸ
333 2000 458 2034 θεοειδές.
478 2001 553 2035 Ἕξις
568 2003 596 2030 δέ
615 2004 671 2031 ἐστι
689 2005 798 2041 ποιότης
813 2006 898 2043 ἔμμο-

111 2050 166 2074 νος.

152 2088 290 2118 Ἐντεῦθεν
304 2088 352 2118 οὖν
367 2092 503 2127 δηλοῦται,
518 2094 559 2122 ὅτι
575 2094 742 2128 αὔτεξοῦσιοί
757 2098 826 2124 εἰσιν
841 2098 896 2131 ἕξει

109 2133 159 2166 τὰς
183 2135 283 2171 ἀρετὰς
305 2137 451 2173 κτώμεναι.
478 2139 562 2166 Τοῦτο
587 2141 753 2178 πλατύτερον
776 2146 895 2180 παριστᾷ

112 2180 227 2216 Ἄμμων
250 2183 265 2208 ὁ
287 2182 537 2222 ’Δδριανουπολίτης
553 2185 592 2218 ⁸³,
616 2187 646 2213 ὲν
664 2188 720 2220 τοῖς
735 2189 805 2223 Περὶ
821 2190 894 2216 ἁνα-

965 942 1033 969 ordo
1042 947 1105 971 ante
1118 944 1217 979 ipsum.

999 988 1254 1024 Dei-apparitionet.
1270 992 1300 1020 ln
1316 993 1414 1028 primis
1428 996 1500 1023 enim
1516 1002 1677 1032 operantur.
1693 1007 1751 1035 prt—

963 1041 1014 1062 me
1027 1034 1275 1071 Dei-apparitiones
1288 1039 1421 1069 elIicaces.

999 1080 1231 1116 Explanatoriam.
1243 1083 1291 1111 Gr.
1306 1085 1503 1123 ὲκφαντορικῷ.
1518 1087 1571 1116 Pro
1587 1090 1750 1127 interpreta-

962 1126 1018 1154 tivo
1033 1132 1060 1155 et
1072 1129 1306 1163 repraasentativo.

997 1174 1184 1209 Deiformium.
1197 1177 1331 1210 Quoniam
1353 1176 1502 1210 deisimiles
1514 1181 1623 1211 habitus
1637 1183 1703 1212 dicit
1717 1186 1745 1213 in

959 1220 1062 1249 divinis
1076 1222 1224 1254 mentibus,
1240 1231 1294 1251 non
1306 1228 1413 1258 oportet
1427 1227 1534 1262 opinari
1549 1236 1678 1264 magnum
1687 1230 1747 1258 Dio-

959 1266 1068 1302 nysium
1077 1268 1193 1297 virtutes
1203 1269 1253 1297 has
1264 1269 1458 1306 intelligibiles,
1466 1277 1594 1310 tanquam
1605 1277 1743 1310 accidens.

959 1313 1031 1341 sicut
1047 1313 1128 1341 etiam
1152 1314 1180 1341 in
1202 1315 1283 1343 nobis
1306 1316 1384 1351 ipsis,
1401 1318 1502 1352 inesse,
1521 1320 1626 1355 dicere;
1644 1326 1673 1349 ut
1689 1324 1744 1350 alia

959 1357 987 1385 in
1010 1358 1064 1386 alio
1091 1359 1230 1394 subjecto,
1259 1364 1387 1397 tanquam
1411 1365 1570 1399 qualitatem
1599 1366 1742 1395 adhaeren-

957 1408 1011 1433 tem
1026 1415 1032 1432 :
1050 1407 1176 1435 accidens
1191 1407 1263 1435 enim
1283 1413 1310 1436 et
1329 1410 1481 1445 subjectum
1505 1412 1580 1440 illinc
1598 1415 1742 1449 expulsum

956 1455 1008 1484 est,
1020 1453 1131 1487 quando
1142 1458 1169 1481 et
1185 1455 1274 1482 omnis
1286 1457 1448 1490 compositio
1457 1477 1464 1490 ,
1478 1462 1504 1486 et
1516 1460 1637 1487 materiae
1651 1461 1743 1496 priva-

955 1497 994 1525 tio
1008 1498 1102 1526 l'orma:
1116 1499 1191 1528 illinc
1220 1503 1400 1532 exterminata
1429 1507 1481 1532 est.
1499 1503 1527 1532 Si
1538 1505 1611 1533 enim
1626 1506 1699 1534 aliud
1712 1507 1742 1535 in

956 1543 1008 1571 alio
1030 1549 1103 1578 erat,
1116 1546 1187 1574 sicut
1202 1547 1329 1576 accidens
1345 1549 1372 1576 in
1386 1550 1521 1586 subjecto,
1538 1559 1626 1588 neque
1647 1553 1741 1581 vivere

955 1590 1045 1625 seipsa
1066 1592 1186 1619 essentia
1196 1612 1205 1624 ,
1220 1601 1309 1628 neque
1325 1594 1413 1630 seipsa
1437 1595 1509 1625 Deus
1523 1597 1591 1625 eiﬁci
1605 1603 1738 1632 quantum

953 1634 1018 1662 licet
1039 1636 1140 1670 quiret,
1165 1644 1215 1672 per
1229 1638 1316 1666 solum
1332 1639 1455 1667 ordinem
1480 1644 1510 1667 ut
1535 1641 1608 1669 aliud
1633 1642 1661 1669 in
1684 1643 1739 1671 alio

954 1686 1146 1709 conservatum
1165 1692 1171 1709 ε
1195 1690 1261 1718 ergo
1281 1684 1347 1712 dicti
1373 1685 1400 1713 in
1422 1686 1490 1720 ipsis
1505 1686 1624 1720 habitus,
1641 1696 1690 1723 per
1708 1697 1738 1717 se

953 1727 1129 1754 substantiati
1145 1732 1223 1762 sunt;
1240 1737 1295 1756 non
1309 1737 1375 1757 vero
1388 1731 1460 1758 sicut
1473 1731 1602 1760 accidens
1621 1733 1649 1760 in
1669 1734 1737 1765 suh-.

949 1773 1038 1808 jecto,
1054 1777 1164 1809 propter
1182 1775 1302 1802 materia:
1317 1776 1507 1810 privationem.
1529 1777 1606 1806 Unde
1621 1786 1736 1814 magnus

951 1820 1099 1856 Dionysius
1118 1821 1200 1854 infra,
1217 1822 1245 1848 in
1259 1822 1330 1849 libro
1342 1821 1382 1849 De
1392 1823 1571 1851 ecclesiastica
1587 1824 1736 1854 hieran-hia

950 1866 1039 1901 capite
1049 1870 1148 1902 quarto
1158 1866 1239 1901 dicit,
1256 1867 1452 1897 substantiales
1468 1877 1529 1898 esse
1549 1869 1669 1905 habitus,
1687 1873 1735 1908 qui

949 1912 1017 1948 ipsis
1032 1912 1135 1940 insunt.

985 1958 1181 1986 Habitudinum
1209 1959 1278 1987 Nota
1299 1959 1406 1989 divinas
1430 1961 1547 1990 virtutes
1565 1962 1666 1991 habere
1685 1972 1734 2000 per

947 2004 1058 2032 modum
1068 2005 1176 2033 habitus
1192 2004 1471 2035 dei-similitudinem.
1486 2006 1604 2037 Habitus
1615 2017 1681 2038 vero
1689 2014 1732 2038 est

946 2051 1065 2086 qualitas
1079 2052 1240 2080 immanens.

981 2095 1050 2124 Hinc
1068 2097 1151 2133 igitur
1165 2098 1333 2131 declaratur,
1349 2099 1421 2135 quod
1444 2099 1523 2128 liberi
1544 2100 1599 2128 sint
1610 2121 1618 2133 .
1635 2101 1729 2130 habitu

945 2142 1059 2171 virtutes
1075 2144 1241 2172 obtinentes.
1253 2143 1310 2172 Hoc
1323 2145 1376 2180 23
1388 2145 1476 2173 fusius
1492 2146 1602 2174 exhibet
1612 2147 1728 2176 Ammon

944 2189 1161 2224 Adrianopolita,
1186 2190 1213 2217 in
1236 2190 1313 2218 libris
1334 2191 1372 2218 De
1386 2192 1584 2225 resurrectione,
1600 2200 1616 2220 a
1636 2194 1728 2228 seipso

108 2227 244 2261 στάσεως
265 2229 340 2264 αὐτῷ
364 2231 434 2258 κατὰ
448 2231 601 2267 Ὧριγένους
625 2222 828 2269 γεγραμμένοις
848 2235 892 2262 λό-

964 2239 1040 2262 ontra
1052 2234 1196 2271 Origenem
1203 2233 1321 2271 scriptis.

108 2280 177 2305 γοις.

149 2319 175 2346 '1
182 2321 367 2354 ψηλοτάτων.
384 2322 433 2350 Διὰ
448 2323 474 2350 τί
488 2323 611 2359 λέγονται
627 2324 726 2360 θρόνοι.

141 2367 321 2401 Περιπεζῖας.
343 2368 414 2396 Ἀντὶ
443 2370 508 2401 τοῦ,
533 2371 582 2406 τῆς
606 2371 673 2407 πρὸς
693 2371 724 2398 τὸ
753 2371 891 2408 χθαμαλὸν

106 2412 221 2447 βάσεως.
244 2414 398 2450 Σημείωσαι
422 2416 449 2443 δὲ
461 2437 468 2449 ,
483 2417 526 2450 τίς
541 2418 555 2444 ὁ
571 2417 670 2450 σκοπὸς
686 2417 776 2453 πάσης
797 2420 890 2455 ίεραρ-

125 2459 177 2491 ίας.

104 2467 304 2540 χιῆ’ζ’ςρέσιεως.
320 2506 471 2544 ’Δνιινιάτην
479 2508 539 2535 τινὰ
556 2508 635 2543 φύσιν
651 2510 698 2536 καὶ
714 2509 781 2545 μετὰ
792 2509 815 2526 “
823 2510 888 2537 Θεὸν

103 2550 183 2583 εὐθὺς
199 2551 245 2578 ὑπ’
261 2552 343 2579 αὐτοῦ
357 2554 525 2590 τεταγμένην
540 2554 613 2590 δηλοῖ
627 2554 689 2586 τοὺς
705 2555 825 2591 θρόνους,
841 2555 887 2582 οὑ-

101 2596 145 2623 δὲν
161 2597 208 2624 ἐπὶ
223 2597 257 2625 τὰ
272 2598 352 2625 ὑλικὰ
369 2600 561 2636 προσέχοντας,
578 2601 616 2632 ὡς
633 2601 775 2636 σημαίνειν
790 2601 821 2628 τὸ
833 2610 886 2637 μη-

102 2643 147 2671 θὲν
178 2644 276 2677 αὑτοὺς
298 2645 369 2681 ἔχειν
394 2646 556 2684 περιπεζίας
581 2647 711 2681 ὑφέσεως,
732 2648 791 2683 ἦτοι
814 2648 886 2675 ὲνδό-

101 2698 182 2722 σεως,
197 2691 249 2717 καὶ·
258 2691 307 2727 τῆς
324 2692 393 2728 πρὸς
416 2692 447 2718 τὸ
462 2692 537 2719 κάτω
560 2692 692 2724 νεύσεως·
712 2692 779 2719 ἀλλὰ
795 2692 825 2719 τὸ
840 2692 887 2719 ἐπὶ

100 2735 167 2763 Θεὸν
188 2736 367 2771 ἀναϐατικδν,
391 2738 539 2775 ἀνωφερῶς
559 2739 700 2774 προσέχον.
731 2739 829 2772 Καλῶς
856 2739 885 2767 δὲ

978 2325 1244 2353 Sublimim'morum.
1259 2325 1374 2361 Propter
1391 2327 1457 2362 quid
1472 2327 1601 2355 dicuntur
1620 2329 1723 2359 throni.

978 2371 1147 2403 Humilitata,
1162 2371 1208 2399 Gr.
1229 2373 1390 2409 περιπεζίας
1403 2382 1453 2409 pro
1468 2384 1474 2402 :
1489 2375 1522 2402 ad
1538 2376 1663 2405 incessus
1677 2377 1725 2405 hu~

940 2416 1094 2444 militatem.
1106 2415 1175 2443 Nota
1188 2424 1262 2451 vero,
1279 2418 1341 2453 quis
1353 2419 1390 2446 sit
1404 2427 1505 2455 seopus
1516 2420 1651 2450 universae
1664 2423 1724 2451 hie-

941 2462 1066 2490 rarchiae.

975 2508 1193 2538 Submissionem.
1221 2509 1381 2546 Supremam
1404 2512 1522 2548 aliquam
1543 2518 1671 2542 naturam
1696 2518 1724 2542 ct

938 2559 1000 2589 post
1027 2553 1112 2581 Deum
1141 2554 1234 2582 statim
1257 2555 1309 2582 sub
1337 2555 1397 2591 ipso
1426 2558 1577 2586 ordinatam
1604 2559 1724 2587 declarat

938 2600 1053 2627 thronos
1065 2599 1134 2627 nihil
1149 2599 1183 2627 ad
1198 2600 1351 2628 materialia
1371 2603 1563 2638 attendentes;
1584 2609 1615 2632 ut
1635 2605 1722 2640 signi-

938 2645 1000 2674 ﬁcet
1014 2646 1083 2673 nihil
1099 2646 1173 2681 ipsos
1184 2646 1283 2675 habere
1302 2648 1442 2677 terrestris
1456 2649 1659 2683 submissionis.
1672 2658 1720 2678 seu

938 2692 1117 2725 remissionis,
1133 2696 1161 2719 et
1175 2693 1365 2727 propensionis
1384 2694 1417 2721 ad
1433 2694 1577 2729 inferiora;
1597 2696 1643 2723 sed
1664 2696 1719 2723 vim

938 2737 1102 2766 ascendendi
1117 2738 1149 2765 ad
1164 2737 1259 2772 Deum,
1272 2738 1336 2766 dum
1352 2747 1462 2768 sursum
1477 2740 1564 2769 fertur
1578 2739 1720 2768 attenden-

556 2825 673 2854 VARIA']
691 2825 883 2854 LECTIONES
898 2825 942 2854 ET
959 2826 1231 2856 CORRECTlONL‘S.

128 2884 150 2900 “
167 2883 238 2911 ἄλλο.
288 2884 312 2900 δ’
328 2882 562 2920 ἀντιουσιωμέναι.
600 2882 622 2899 ⁸³
645 2883 911 2919 Ἀνδριανουπόλεως.
948 2885 969 2900 ⁸⁵
983 2884 1055 2916 περί.
