1925 3060
198 163 232 193 67
615 155 785 186 APPENDIX
801 154 846 182 AD
862 153 977 182 OPERA
993 152 1023 181 S.
1041 150 1190 180 DIONYSII
1204 149 1448 179 AREOPAGITIE.
1787 147 1823 176 68

197 227 267 250 tem.
287 219 372 248 Recte
391 221 483 246 autem
510 216 624 244 adduxit
645 212 838 250 ὑπερκοσμίως
859 219 909 247 pro
926 209 986 239 sine

1043 209 1177 245 inﬂqui!
1197 208 1422 244 ύπερκοσμίως,
1451 207 1512 234 ἀντὶ
1530 207 1577 234 τοῦ
1600 206 1754 242 ἀσωμάτως
1775 207 1824 234 καὶ

199 274 324 303 corpore,
340 269 367 293 et
381 264 442 292 sine
453 263 577 294 materia.
593 266 620 289 et
636 259 858 295 intelligibiliter;
870 263 901 285 ιιι
911 257 985 284 enim

199 314 313 342 minime
324 310 479 343 arbitreris,
488 309 518 336 τὺ
528 308 640 339 ἄναντες
656 313 718 335 esse
729 305 801 333 viam
814 311 985 340 corpoream,

199 358 336 394 adjunxit,
352 355 575 383 immaterialiter.

235 404 381 439 Deiferum.
401 401 471 430 Nota
483 420 491 433 ,
509 408 572 428 eum
591 399 673 427 etiam
692 401 851 425 sanctorum
873 395 986 422 throno-

198 459 260 479 rum
278 450 404 478 ordinem
419 448 555 482 Deiferum
568 445 672 473 dixisse
682 464 690 477 ,
705 448 834 478 tanquam
853 442 984 470 ferentem

198 496 283 524 Deum
304 494 388 522 modo
415 492 582 527 intelligibili
610 490 893 525 superquiescentem.
918 487 986 515 Vide

198 542 292 577 igitur,
308 538 529 575 quandoquidem
545 537 626 564 etiam
644 536 742 563 beatus
756 534 874 562 Basilius
884 532 987 568 Cappa-

198 587 262 619 dox,
277 585 409 614 deiferam
433 584 502 611 dixit
525 588 648 613 carnem,
665 579 895 607 considerandum
917 585 986 613 quo—

198 633 280 661 modo
296 632 398 659 dictum
422 631 469 658 sit.
485 628 584 656 Verum
608 635 674 655 caro
695 626 804 662 quidem
825 625 911 660 ipsius
930 623 985 650 Do-

197 678 266 706 mini
278 677 429 706 secundum
445 673 629 703 substantiam
643 677 671 700 et
685 671 892 700 subsistentiam
909 671 986 698 unita

198 723 249 751 fuit
262 723 314 758 ipsi
327 721 382 749 Deo
395 714 502 753 Verbo;
519 718 581 747 ideo
597 718 679 746 etiam
695 718 755 753 ipse
769 724 879 744 carnem
892 721 984 752 gesta-

196 775 228 795 re
253 775 268 795 a
294 766 422 794 Patribus
446 765 564 796 dicitur,
591 767 618 792 et
634 771 744 791 carnem
761 762 898 796 induisse;
920 761 986 797 quid

197 814 279 850 igitur
291 812 452 844 absurdum,
467 811 492 839 si
510 811 592 838 etiam
613 809 700 844 ipsius
718 816 782 836 caro
797 807 899 836 deifera
915 807 985 835 dici-

196 863 251 892 tur,
269 864 400 894 tanquam
417 857 507 884 ferens
520 856 604 884 Deum
623 855 743 882 Verbum
756 854 907 882 secundum
924 853 985 880 uni-

195 904 298 932 tionem
315 903 520 934 indivisibilem,
539 901 626 936 ipsius
637 900 718 928 etiam
735 907 810 930 caro,
822 906 882 933 qua:
897 902 923 925 et
940 897 983 924 di-

195 951 268 978 citur
281 954 310 978 et
320 949 430 978 exsistit
444 948 565 984 proprie,
584 951 610 974 et
623 945 772 974 secundum
788 944 939 971 veritatem.
952 943 984 971 lli

195 1001 285 1023 autem
302 994 453 1023 secundum
469 993 584 1029 gratiam
598 991 729 1018 habentes
746 991 773 1017 in
791 990 892 1025 seipsis
901 989 985 1016 Deum

195 1041 325 1069 ineﬂabili
342 1047 468 1069 sermone
482 1042 509 1066 et
521 1036 724 1072 inconceptibili
741 1035 915 1072 cogitatione.
927 1034 986 1062 dei-

195 1086 245 1114 t‘cri
263 1087 346 1114 etiam
368 1085 421 1121 ipsi
442 1084 503 1112 ideo
523 1083 663 1116 dieuntur,
679 1081 744 1117 quia
763 1081 852 1117 primo
872 1080 986 1116 partici-

194 1136 261 1168 pant
280 1132 376 1168 prima;
397 1131 511 1159 virtutes
533 1129 567 1157 de
586 1129 652 1161 Deo,
670 1132 753 1163 atque
775 1127 812 1154 ita
836 1126 986 1154 communi-

196 1182 261 1206 cant
273 1176 502 1213 indigentioribus
519 1175 618 1202 factam
632 1175 660 1201 in
679 1181 709 1202 se
725 1172 947 1200 illustrationem.

234 1225 248 1260 ς
264 1224 296 1252 ll.
314 1224 422 1251 Primis.
441 1222 487 1251 Sic
501 1221 652 1250 secundum
675 1219 922 1255 transgressionem
945 1218 986 1244 in-

195 1271 343 1307 telligenda
366 1275 409 1299 est
431 1269 533 1297 lectio:
553 1267 650 1303 primis
670 1265 831 1294 substantiis
845 1263 985 1300 propriam

195 1317 347 1355 putandum
372 1324 432 1345 esse
457 1315 641 1343 hierarchiam
666 1312 830 1341 uniformem
853 1311 921 1347 ipsis
943 1318 986 1338 seu

195 1363 316 1392 cundum
329 1363 437 1396 omnia;
454 1361 558 1396 reliqua
570 1364 672 1391 autem,
688 1359 716 1387 in
728 1358 827 1386 medio.

231 1408 406 1437 Invisibilem.
422 1405 493 1433 Nota
507 1404 579 1441 quod
595 1403 671 1431 omni
692 1401 823 1430 invisibili
839 1406 866 1429 et
884 1399 986 1428 visibili

194 1455 298 1484 virtute
308 1453 428 1489 majores
443 1451 499 1480 sint
515 1454 570 1478 tres
584 1449 612 1476 hi
628 1448 710 1484 primi
725 1447 848 1475 ordines.

231 1543 367 1573 Creatam,
383 1539 430 1568 Gr.
445 1537 597 1574 γεγονυίας.
614 1535 672 1564 Hoc
682 1538 726 1563 est
739 1534 889 1562 conditam.

235 1589 309 1616 Visa.
334 1586 413 1620 Quod
433 1585 540 1613 nullum
562 1583 671 1615 visum,
693 1589 743 1609 seu
762 1579 986 1615 imaginationem

196 1634 366 1663 materialem
387 1632 511 1668 recipere
534 1632 647 1665 queant,
664 1631 692 1655 et
709 1626 777 1654 nulli
795 1625 921 1653 immista:
932 1624 988 1652 sint

195 1679 389 1712 tubmissioni;
406 1677 479 1713 quod
495 1683 550 1704 non
566 1678 672 1702 tantum
687 1673 786 1701 divina:
797 1673 912 1699 virtutes
923 1671 988 1705 ips-.e

196 1735 212 1755 a
223 1726 340 1754 maculis
355 1729 382 1752 et
396 1721 611 1759 inquinamentis
624 1720 746 1747 liberata:
755 1718 821 1750 sint,
843 1717 891 1744 sed
906 1716 987 1743 etiam

197 1774 301 1802 nullam
326 1771 380 1807 24
402 1769 625 1804 imaginationem
656 1764 826 1797 materialem
847 1762 989 1791 admittere

196 1822 309 1856 queant,
329 1824 418 1852 neque
433 1815 480 1842 ulli
492 1815 582 1842 mistae
594 1811 789 1843 imminutioni,
801 1815 829 1838 et
841 1809 916 1836 nullo
930 1815 989 1835 mo-

198 1853 233 1893 do
249 1863 468 1892 extenuationem
494 1859 528 1887 ad
552 1858 683 1886 inferiora
705 1859 914 1892 cognoscentes.
930 1853 989 1882 Hoc

199 1917 264 1938 vero
280 1908 412 1942 intellige,
429 1914 484 1933 non
498 1904 571 1940 quod
582 1903 732 1931 secundum
747 1906 872 1929 naturam
892 1901 989 1927 immu-

198 1956 297 1983 tabiles
315 1954 388 1986 sint;
413 1952 462 1980 sed
481 1950 553 1986 quod
570 1949 656 1976 libero
677 1948 793 1976 arbitrio
815 1950 926 1982 agentes
941 1953 990 1981 per

199 2002 312 2030 nimiam
325 2001 352 2028 in
363 2000 465 2027 bonum
483 1997 676 2032 cupiditatem,
689 1995 718 2023 in
740 1994 908 2022 divinitatem
927 2000 990 2027 pro-

200 2055 290 2084 pensae
307 2048 345 2074 ita
359 2045 550 2081 perstiterunt,
567 2041 784 2070 immobilitateln
801 2043 931 2074 tanquam
940 2038 989 2065 ha-

200 2095 286 2123 bitum
310 2093 453 2121 habentes.
480 2090 562 2118 Solus
580 2088 659 2116 enim
685 2085 836 2115 secundum
860 2088 990 2112 naturam

201 2140 379 2170 Immutahilis
396 2139 478 2166 Deus.
491 2136 539 2164 Hae
552 2138 642 2163 autem
657 2134 683 2161 si
700 2134 737 2160 ita
753 2135 852 2159 creatae
864 2130 989 2162 fuissent,

201 2196 255 2217 non
267 2186 416 2216 excidisset
430 2183 568 2212 diabolus.
584 2180 687 2208 Verum
701 2183 728 2206 et
738 2178 780 2205 hae
793 2185 890 2205 omnes
907 2177 990 2204 unius

201 2238 228 2263 et
241 2233 354 2269 aequalis
367 2231 492 2264 ordinis;
510 2228 583 2265 quod
600 2227 674 2256 enim
696 2229 795 2254 natura
818 2224 920 2251 bonum
936 2226 989 2255 est,
1006 2228 1028 2256 ι)

202 2281 367 2308 descensum
379 2285 434 2305 non
447 2277 537 2304 habet.

237 2325 289 2352 Per
300 2333 326 2352 se
340 2324 472 2350 mobilem.
483 2321 538 2349 Per
554 2328 583 2349 se
601 2319 728 2347 mobilem
741 2318 810 2345 dicit
826 2316 868 2343 hic
880 2317 992 2343 sanctus

203 2372 324 2407 ipsorum
338 2377 400 2397 esse
412 2368 578 2395 motionem:
594 2369 624 2392 ut
638 2363 838 2393 invariahilem,
853 2365 880 2388 et
893 2360 993 2387 immu»

203 2406 324 2447 tabilem,
340 2414 435 2443 eodem
453 2419 543 2440 autem
558 2411 638 2438 modo
654 2418 683 2438 se
691 2410 846 2436 habentem.
859 2406 993 2433 Motiones

204 2471 267 2490 vero
281 2463 308 2489 in
321 2461 389 2496 ipsis
406 2463 480 2492 sunt,
498 2458 685 2486 indesinentes
699 2455 773 2482 circa
794 2451 992 2480 consideratio—

204 2517 254 2537 nes
273 2507 446 2543 operationes
461 2504 594 2532 ellicaces.
613 2502 718 2529 ﬂentes
733 2499 806 2527 enim
820 2501 885 2526 sunt
895 2496 993 2525 silendi

205 2542 385 2590 impotentes;
399 2556 426 2579 et
442 2555 516 2582 nota,
534 2547 677 2577 secundum
699 2547 822 2581 pietatem
842 2542 989 2570 immutabi-

206 2588 316 2628 lilatem.
331 2599 401 2633 Lege
414 2590 528 2632 quoque
539 2599 621 2630 caput
643 2597 770 2629 quartum
794 2590 857 2619 libri
872 2590 911 2616 De
926 2588 994 2614 dioi-

205 2648 247 2675 πίε
260 2645 420 2675 nominibus.
436 2647 463 2671 et
476 2646 558 2677 caput
573 2646 699 2668 octavum
714 2636 857 2674 praesentis
873 2635 947 2664 libri.

242 2690 486 2725 Contemplalrices.
501 2687 570 2714 Nota
586 2684 723 2722 quomodo
734 2683 864 2711 dicuntur
878 2684 996 2709 contem-

206 2739 301 2777 plativi
314 2737 343 2765 hi
356 2736 442 2764 sancti
458 2734 581 2764 ordines.
601 2736 628 2760 et
639 2731 712 2767 quod
730 2737 785 2758 non
797 2737 846 2764 per
862 2728 939 2763 signa
949 2730 996 2754 aut

207 2773 451 2820 contemplationes
465 2781 616 2815 Scriptura:
640 2778 687 2806 Dei
702 2775 886 2812 cognitionem
904 2773 997 2808 acqui-

208 2835 282 2865 runt,
301 2830 383 2858 sicuti
399 2837 461 2857 nos.

203 2911 211 2917 ,
245 2876 441 2906 Intellertilium
464 2872 642 2909 spectalrices.
667 2868 768 2905 Θεωροί
793 2867 923 2898 dicuntur
940 2873 997 2901 my-

1035 254 1126 286 ὰΰλως
1140 254 1188 282 καὶ
1204 254 1326 290 νοητῶς,
1342 253 1403 289 ἢτοι
1423 251 1540 289 νοερῶς·
1565 252 1608 279 ἵνα
1621 251 1676 287 γὰρ
1691 251 1728 287 μὴ
1744 251 1823 287 νομί-

1036 308 1086 338 σῃς
1104 300 1137 328 τὸ
1155 299 1283 333 ἄναντες
1298 299 1357 327 ὀδδν
1377 297 1446 326 εἶναι
1468 298 1637 335 σωματικὴν,
1653 297 1776 334 ἐπήγαγε
1790 297 1824 325 τὸ

1035 347 1142 380 dom.
1728 352 1731 356 ι

1071 393 1229 427 Θεοφόρον.
1248 391 1415 428 Σημείωσαι,
1432 391 1474 418 δτι
1485 391 1533 417 καὶ
1548 390 1578 417 τδ
1593 390 1647 416 τῶν
1663 389 1748 424 ἁγίων
1758 389 1824 425 θρόμ-

1036 447 1088 465 νων
1111 438 1205 474 τάγμα
1222 438 1372 472 Θεοφόρον
1386 435 1474 468 εἶπεν,
1490 437 1528 468 ὡς
1549 436 1632 471 φέρον
1651 435 1824 462 ἐπαναπαυό-

1037 492 1116 520 μενον
1132 483 1236 519 νοητῶς
1254 483 1300 510 τὸν
1323 483 1399 510 Θεόν.
1412 483 1482 518 Ὅρα
1503 481 1562 514 οὖν,
1587 481 1680 517 ἐπειδὴ
1701 482 1715 508 ό
1733 481 1823 517 μακά-

1037 537 1094 564 ριος
1121 528 1259 560 Βασίλειος
1283 529 1297 555 ὁ
1326 527 1513 564 Καππαδόκης
1535 528 1584 564 τὴν
1608 527 1736 563 θεοφόρον
1763 525 1824 553 εἷπε

1037 574 1144 611 σάρκα,
1172 575 1320 610 σκοπητέον
1349 575 1408 607 πῶς
1430 574 1545 610 εἴρηται.
1560 574 1629 600 Ἀλλ’
1645 576 1661 610 ή
1688 574 1737 609 μὲν
1756 573 1825 609 σὰρξ

1035 620 1118 648 αὑτοῦ
1136 620 1184 647 τοῦ
1204 620 1306 656 Κυρίου
1330 621 1390 647 κατ’
1412 620 1507 647 οὐσίαν
1525 621 1572 647 καὶ
1592 619 1653 646 καθ’
1677 619 1824 646 ὑπόστασιν

1039 666 1139 701 ἥνωται
1155 665 1229 700 αὐτῷ
1243 665 1282 700 τῷ
1296 665 1356 700 Θεῷ
1366 665 1455 700 Λόγῳ·
1473 664 1513 692 διὸ
1524 665 1571 692 καὶ
1582 666 1763 701 σαρκοφορεῖν
1775 665 1824 691 αὑ-

1034 711 1080 743 τὸς
1093 711 1200 746 λέγεται
1217 710 1292 746 παρὰ
1311 711 1364 737 τῶν
1380 711 1522 746 πατέρων,
1539 711 1586 737 κα)⁴
1605 711 1695 746 σάρκα
1714 710 1824 736 ἐνδύσα-

1036 757 1112 787 σθαι·
1129 757 1156 784 τί
1171 757 1271 785 ἄτοπον
1284 755 1330 784 οὖν
1347 758 1370 785 εἰ
1381 758 1426 784 καὶ
1441 759 1457 793 ή
1475 757 1542 793 σὰρξ
1557 756 1639 784 αὑτοῦ
1647 757 1753 791 λέγεται
1764 756 1824 782 θεο-

1036 803 1127 839 φόρος,
1138 803 1176 835 ὡς
1189 803 1308 840 φέρουσα
1324 804 1372 830 τὸν
1386 803 1452 830 Θεὸν
1464 803 1549 837 Λόγον
1565 802 1625 830 καθ’
1638 802 1734 829 ἕνωσιν
1745 802 1822 828 ἀδιά-

1036 857 1131 876 στατον
1142 869 1150 882 ,
1168 849 1250 876 αὐτοῦ
1268 848 1337 885 [καὶ]
1356 849 1422 885 σὰρξ
1439 850 1487 876 καὶ
1502 849 1636 884 λεγομένη
1662 848 1823 884 ὑπάρχουσα

1035 895 1137 931 κυρίως
1162 895 1209 921 καὶ
1233 895 1304 922 κατὰ
1326 895 1468 930 ἁλήθειαν;
1495 892 1574 921 Οὗτοι
1599 894 1627 921 δὲ
1650 894 1720 921 κατὰ
1743 894 1823 929 χάριν

1034 940 1141 975 ἔχοντες
1163 942 1192 967 ἐν
1213 941 1319 972 ἑαυτοῖς
1340 940 1385 967 τὺν
1409 940 1476 967 Θεὸν
1499 940 1611 976 ἀρρήτῳ
1635 948 1665 966 τε
1688 939 1760 974 λόγῳ
1776 939 1823 965 καὶ

1034 987 1184 1022 ἀνεννοήτῳ
1203 988 1236 1022 τῇ
1257 986 1360 1021 διανοίᾳ
1384 986 1508 1022 θεοφόροι
1532 985 1578 1022 [α’]
1603 985 1650 1012 καὶ
1678 985 1755 1012 αὐτοὶ
1779 984 1823 1011 διὰ

1034 1032 1113 1059 τοῦτο
1128 1033 1262 1067 λέγονται,
1284 1033 1325 1059 ὃτι
1347 1021 1463 1068 πρώτως
1487 1033 1644 1068 μετέχουσιν
1664 1032 1692 1058 αἱ
1717 1031 1824 1067 πρῶται

1035 1078 1162 1114 δυνάμεις
1179 1079 1226 1106 τοῦ
1243 1078 1321 1111 Θεοῦ,
1340 1079 1387 1106 καὶ
1403 1078 1474 1105 οὑτω
1493 1079 1663 1114 μεταδιδόασι
1677 1080 1737 1110 ταῖς
1753 1079 1823 1105 ὑπο-

1032 1123 1190 1160 δεεστέραις
1205 1125 1255 1161 τὴν
1271 1124 1419 1160 γενομένην
1430 1125 1470 1156 είς
1486 1124 1569 1156 αὑτὰς
1583 1124 1724 1160 ἔλλαμψιν.

1073 1213 1087 1248 §
1105 1213 1137 1240 ll.
1229 1213 1294 1247 Ταῖς
1306 1214 1443 1248 πρώταις.
1457 1213 1534 1240 Οὕτω
1542 1213 1591 1249 τὴν
1600 1213 1660 1240 καθ’
1675 1212 1825 1248 ὑπέρδασιν

1035 1260 1188 1294 ἀνάγνωσιν
1209 1260 1334 1296 νοητέον·
1358 1262 1417 1292 ταῖς
1443 1259 1565 1296 πρώταις
1590 1260 1695 1291 οὐσίαις
1720 1259 1823 1286 οἰκείαν

1035 1305 1138 1342 οἰητέον
1164 1303 1232 1332 εἶναι
1263 1305 1404 1341 ίεραρχίαν
1430 1305 1479 1341 τὴν
1505 1305 1613 1340 ὁμοειδῆ
1639 1305 1734 1337 αὑταῖς
1753 1304 1824 1331 κατά

1036 1351 1138 1379 πάντα·
1156 1351 1190 1378 τὰ
1204 1351 1232 1378 δὲ
1248 1351 1328 1378 λοιπὰ
1344 1351 1389 1377 διὰ
1405 1351 1497 1386 μέσου.

1077 1397 1227 1432 Ἀοράτου.
1256 1398 1429 1434 Σημείωσαι,
1458 1397 1498 1424 ὅτι
1526 1397 1616 1432 πάσης
1641 1396 1755 1433 ἀοράτου
1778 1397 1825 1423 καὶ

1035 1443 1136 1480 ὁρατῆς
1152 1443 1291 1479 δυνάμεως
1308 1442 1419 1478 μείζους
1435 1443 1503 1470 είσὶν
1520 1443 1548 1469 αἱ
1566 1443 1672 1479 πρῶται
1688 1444 1762 1478 τρεῖς
1777 1440 1825 1469 αὗ-

1036 1497 1081 1516 ται
1096 1488 1197 1521 τάξεις.

999 1555 1021 1583 c
1074 1533 1137 1569 [γ’.]
1155 1533 1328 1568 Famulae.
1347 1533 1477 1560 Τουτέστι
1495 1533 1617 1569 κτιστῆς.

1072 1580 1256 1607 Φαντασιῶν.
1277 1580 1338 1606 Ὅτι
1350 1579 1441 1616 πάσης
1458 1579 1606 1614 φαντασίας
1623 1579 1756 1615 προσύλου
1777 1584 1826 1609 ἀν-

1039 1625 1174 1654 επίδεκτοί
1186 1626 1239 1652 εἰσι
1247 1628 1294 1654 καὶ
1304 1626 1413 1661 ἀμιγεῖς
1431 1625 1522 1660 πάσης
1538 1624 1668 1659 ὑφέσεως,
1686 1625 1726 1652 ὅτι
1740 1625 1770 1652 οὐ
1783 1625 1827 1660 μό-

1038 1680 1082 1698 νον
1097 1673 1124 1699 αἱ
1143 1671 1212 1698 θεῖαι
1233 1671 1361 1706 δυνάμεις
1377 1671 1457 1698 αὑταὶ
1476 1671 1592 1707 κηλίδων
1614 1671 1662 1697 καὶ
1682 1670 1826 1706 μολυσμῶν

1039 1717 1248 1753 ὴλευθέρωνται,
1266 1716 1333 1743 ἀλλὰ
1348 1717 1394 1744 καὶ
1413 1716 1502 1752 πάσης
1522 1717 1671 1751 φαντασίας
1691 1716 1825 1752 προσύλου

1038 1762 1207 1789 ἀνεπίδεκτοί
1223 1763 1275 1789 εἰσι
1292 1762 1339 1788 καὶ
1350 1762 1459 1798 ἀμιγεῖς
1477 1762 1567 1798 πάσης
1585 1761 1769 1794 ἐλαττώσεως,
1778 1762 1826 1788 καὶ

1038 1808 1087 1844 τὴν
1104 1808 1150 1835 ἐπὶ
1164 1807 1198 1834 τὰ
1215 1808 1298 1844 χείρω
1322 1808 1433 1843 μείωσιν
1451 1808 1506 1834 οὐδ’
1523 1807 1592 1839 ὅλως
1611 1808 1717 1834 εἰδυῖαι.
1743 1807 1827 1834 Τοῦτο

1039 1854 1067 1880 δὲ
1083 1853 1188 1889 νόησον,
1205 1854 1254 1889 οὐχ
1269 1854 1309 1880 ὅτι
1331 1853 1401 1880 κατὰ
1421 1853 1500 1887 φύσιν
1516 1853 1644 1890 ἄτρεπτοί
1665 1854 1749 1884 εἰσιν,
1769 1852 1826 1879 ἀλλ’

1039 1901 1090 1931 ὅτι,
1106 1900 1328 1935 αὺτοπροαίρετοι
1338 1898 1415 1926 οὖσαι
1431 1899 1474 1925 διὰ
1483 1899 1532 1934 τῆς
1547 1899 1587 1930 είς
1603 1898 1634 1924 τὸ
1648 1898 1748 1932 ἀγαθὸν
1757 1899 1828 1932 ἄγαν

1039 1946 1159 1979 ἐφέσεως
1169 1965 1176 1977 ,
1194 1946 1240 1972 ἐπὶ
1255 1945 1285 1971 τὸ
1301 1945 1371 1971 θεῖον
1387 1944 1503 1979 ρέψασαι
1526 1943 1635 1979 ἔμειναν
1651 1943 1737 1975 οὕτως
1748 1963 1755 1976 ,
1772 1944 1828 1976 ἕξιν

1040 1991 1134 2027 ὥσπερ
1154 1991 1262 2027 ἔχουσαι
1287 1991 1317 2017 τὸ
1336 1989 1546 2025 ἀμετακίνητον.
1572 1989 1661 2021 Μόνος
1680 1989 1734 2026 γὰρ
1757 1989 1828 2016 κατὰ

1040 2037 1120 2071 φύσιν
1136 2037 1269 2072 ἄτρεπτος
1285 2037 1298 2062 ὁ
1314 2036 1388 2068 Θεός’
1402 2034 1481 2063 αὗται
1497 2036 1525 2062 δὲ
1542 2037 1566 2061 εί
1582 2035 1670 2067 οὕτως
1684 2036 1829 2071 ἐδημιουρ-

1039 2082 1178 2118 γήθησαν,
1199 2082 1249 2108 οὐκ
1270 2081 1303 2108 ἂν
1327 2081 1471 2113 ἐξέπιπτεν
1492 2082 1506 2107 ὁ
1530 2080 1662 2113 διάϐολος.
1686 2080 1764 2107 Ἀλλὰ
1781 2082 1829 2108 καὶ

1041 2126 1119 2156 αὗται
1136 2129 1220 2155 πᾶσαι
1237 2128 1301 2162 μιᾶς
1317 2127 1363 2154 καὶ
1385 2127 1446 2162 ἴσης
1468 2126 1580 2160 τάξεως·
1598 2127 1628 2154 τὸ
1650 2127 1704 2163 γὰρ
1726 2128 1759 2154 ὲκ
1778 2127 1828 2162 φύ-

1042 2184 1109 2207 σεως
1124 2174 1225 2210 ἀγαθὸν
1241 2173 1373 2201 ὑπόϐασιν
1389 2174 1438 2201 οὐκ
1451 2174 1516 2209 ἔχει,

1077 2308 1132 2345 [δ’
1152 2307 1375 2340 Ταυτοκιγήτου.
1399 2306 1597 2342 Ταυτοκίνητόν
1621 2315 1703 2342 φησιν
1724 2307 1737 2333 ὁ
1754 2306 1830 2340 ἅγιος

1041 2353 1117 2387 οὗτος
1142 2352 1211 2381 εἷναι
1233 2353 1283 2389 τὴν
1305 2353 1413 2388 κίνησιν
1435 2352 1534 2384 αὐτῶν,
1560 2352 1597 2384 ὡς
1621 2352 1831 2388 ἀπαράλλακτον

1042 2402 1089 2428 καὶ
1104 2400 1286 2437 ἀμετάὸολον,
1311 2399 1442 2431 ὡσαύτως
1463 2399 1492 2426 δὲ
1505 2398 1629 2434 ἔχουσαν.
1652 2399 1781 2435 Κινήσεις
1802 2397 1832 2425 δέ

1043 2448 1110 2474 εἰσιν
1127 2446 1170 2472 ἐπ’
1187 2444 1276 2471 αὐτῶν
1298 2446 1325 2471 αἱ
1342 2444 1475 2471 ἄπαυστοι
1491 2445 1556 2480 περὶ
1572 2444 1622 2476 τὰς
1636 2444 1741 2479 νοήσεις
1759 2442 1832 2479 ἐνέρ-

1042 2500 1128 2527 γειαι·
1153 2492 1212 2524 νόες
1234 2491 1287 2527 γάρ
1307 2492 1375 2518 εἰσιν
1396 2491 1529 2527 ἀσίγητοι.
1554 2490 1610 2518 Καὶ
1629 2490 1778 2526 σημείωσαι
1800 2488 1832 2515 τὸ

1044 2540 1119 2567 κατὰ
1132 2539 1165 2566 τὸ
1181 2538 1326 2573 φιλοθέως
1346 2537 1501 2572 ἄτρεπτον,
1517 2537 1564 2564 καὶ
1587 2535 1721 2570 ἀνάγνωθι
1742 2534 1772 2560 τὺ
1787 2534 1832 2560 τέ-

1042 2593 1142 2621 ταρτον
1158 2584 1304 2619 κεφάλαιον
1321 2584 1368 2610 τοῦ
1385 2583 1455 2618 Περὶ
1472 2583 1559 2610 θείων
1574 2581 1727 2616 ὀνομάτων
1737 2579 1830 2614 λόγου,

1047 2631 1092 2660 ut
1110 2630 1141 2657 τὸ
1156 2631 1248 2665 ὄγδοον
1267 2630 1413 2665 κεφάλαιον
1426 2629 1473 2656 τοῦ
1491 2628 1622 2664 παρόντος
1640 2627 1729 2660 λόγου.

1082 2678 1137 2715 [ε’.]
1155 2676 1346 2711 Θεωρητικάς.
1372 2675 1526 2711 Σημείωσαι
1548 2673 1606 2705 πῶς
1622 2673 1746 2707 λέγονται
1768 2671 1835 2698 Θεω-

1047 2725 1156 2762 ρητικαὶ
1170 2724 1198 2750 αἱ
1214 2723 1290 2758 ἅγιαι
1300 2721 1390 2754 τάξεις
1401 2718 1479 2748 αὗται
1492 2729 1497 2735 ·
1513 2720 1560 2746 καὶ
1572 2720 1612 2746 ὅτι
1628 2719 1657 2745 οὺ
1674 2717 1718 2744 διὰ
1735 2716 1834 2753 συμϐό-

1046 2771 1099 2798 λων
1123 2770 1140 2805 ῆ
1166 2768 1353 2804 θεωρημάτων
1383 2767 1432 2802 τῆς
1460 2765 1570 2801 Γραφῆς
1593 2764 1643 2799 τὴν
1669 2762 1834 2798 θεογνωσίαν

1046 2817 1174 2847 κτῶνται,
1189 2814 1227 2846 ὼς
1242 2815 1333 2850 ἡμεῖς.

1083 2861 1145 2899 [ςπ]
1168 2861 1285 2895 Νοερῶν
1310 2860 1444 2894 θεωρούς.
1473 2857 1576 2893 Θεωροὶ
1598 2857 1719 2892 λέγονται
1739 2857 1762 2882 οἱ
1778 2855 1833 2881 τῶν
