1914 3063
148 156 184 187 69
490 160 517 189 S.
536 160 664 189 MAXIM]
685 161 831 190 SCHOLIA
850 161 884 190 IN
899 162 964 190 LIB.
983 162 1028 190 DE
1043 163 1204 193 (ῖοειιῑδτι
1220 165 1442 198 HIERARCHIA.
1735 175 1771 204 7d

150 215 305 252 μυστηρίων
330 217 446 245 ἐπόπται
457 226 463 234 ·
480 219 566 246 ταῦτα
581 220 610 246 δὲ
630 221 687 252 τοῖς
703 219 791 255 ἁγίοις
813 220 857 248 διὰ

984 222 1130 250 steriorum
1145 223 1330 260 inspectores;
1354 227 1410 256 haec
1425 232 1517 258 autem
1543 231 1648 260 sanctis
1665 239 1714 268 per
1736 243 1769 264 ea

149 263 320 299 συμϋολικῶς
335 263 487 300 λεγομένων
501 265 565 301 περὶ
583 265 650 292 Θεοῦ
665 265 800 301 αἰσθητῶν
816 266 934 294 ἐκκαλύ-

147 317 270 340 πτονται,
292 309 373 345 οἵπερ
384 309 407 326 ⁸⁸
430 310 476 337 ἐπὶ
496 310 550 337 τῶν
572 310 628 338 ἄνω
642 311 781 347 δυνάμεων
795 312 845 339 οὐκ
860 312 933 340 ἔστιν

147 356 257 382 ἐννοεῖν.
857 381 859 383 ι

182 401 316 434 Θεωρίας.
334 400 486 436 Σημείωσαι
502 401 550 438 τὴν
563 403 710 438 εἰρημένην
726 403 851 438 τριφανῆ
862 405 930 431 θεω-

141 446 212 479 ,ρίαν
227 447 287 473 ἀντὶ
297 446 344 473 τοῦ
359 447 579 483 τρισυπόστατον.
591 449 656 484 μίαν
671 449 803 485 Θεότητα.

185 539 295 573 Ἰησοῦ.
319 539 408 575 Ἰησοῦ
425 541 566 568 κοινωνίαν
585 539 635 574 τὴν
651 544 766 581 μετοχὴν
780 543 830 578 τῆς
852 543 930 579 δόξης

143 586 190 613 καὶ
204 586 253 621 τῆς
266 586 385 622 ἀρρήτου
400 587 592 623 λαμπρότητος
611 587 657 615 τοῦ
670 589 794 624 σώματος
808 590 854 617 τοῦ
866 591 929 626 Χρι-

123 631 206 674 ῆστοῦ
227 631 319 666 λέγει·
345 633 413 668 μετὰ
436 633 536 670 σαρκὸς
560 634 615 670 γὰρ
638 636 790 672 συνεδρεύει
811 635 851 673 τῷ
873 637 929 664 Πα-

124 676 132 681 ’“
142 677 197 705 τοι.
346 702 348 704 .

160 686 236 751 ρι’έν
250 702 356 751 eludet.
374 725 410 752 Τὸ
424 725 453 752 δὲ
470 726 612 762 εἰρημένον
628 728 663 754 ἐνν
678 730 793 757 εἰκόσιν
815 729 932 756 ἀποτυι

141 769 234 797 ποῦσι
244 770 301 804 τὴν
306 771 456 805 ὁμοίωσιν,
463 773 521 799 δέον
531 775 617 801 εἰπεῖν
624 775 859 809 ὰποτυπούσαις,
873 785 926 812 μη-

139 815 196 847 δεὶς
210 815 338 843 ὑπολάϐοι
353 817 481 851 σόλοικον,
498 819 536 851 ὡς
547 820 729 856 ἀγνοήσαντος
742 821 789 848 τοῦ
809 822 925 857 μεγάλου

985 269 1124 296 scnsibilia
1140 277 1201 305 quae
1216 270 1332 306 ﬁgurate
1343 273 1376 300 de
1390 273 1446 302 Deo
1463 275 1593 304 dicuntur
1604 279 1768 315 revelantur,

983 313 1058 348 quod
1087 315 1115 342 in
1136 317 1324 351 superioribus
1348 319 1497 349 virtutibus
1521 323 1598 351 nefas
1624 328 1667 352 est
1694 313 1769 362 cogi;

983 364 1051 388 tare.

1017 405 1265 441 Conlemplau‘onu.
1290 409 1359 438 Nota
1379 411 1483 440 dictum
1505 415 1582 442 tertio
1601 422 1768 451 apparentem

981 453 1237 488 contemplationem,
1249 464 1299 491 pro
1318 465 1401 486 unam
1423 459 1557 489 Deitatem
1568 463 1652 491 trium
1674 465 1767 493 subsi-

980 498 1153 527 stentiarum.

1013 543 1088 573 Jetu.
1111 545 1175 574 Jesu
1197 549 1428 583 communionem,
1452 553 1685 589 participationem
1707 556 1766 591 glo-

978 590 1036 622 riae,
1048 594 1075 618 et
1088 591 1233 621 ineﬂabilis
1245 594 1399 634 splendoris
1422 599 1546 632 corporis
1561 599 1663 628 Christi
1679 601 1762 636 dicit;

978 641 1040 662 cum
1050 643 1133 664 carne
1143 637 1216 665 enim
1230 639 1352 667 considet
1362 639 1448 670 Patri.

1013 722 1045 750 In
1059 724 1227 760 imaginibus.
1244 726 1321 760 Quod
1334 732 1423 756 autem
1441 729 1544 759 dictum
1559 736 1601 760 est
1617 733 1646 759 ὲν
1661 734 1763 762 εἰκόσιν

976 769 1165 798 ὰποτυποῦσι
1183 771 1240 806 τὴν
1258 773 1399 806 ὁμοίωσιν
1411 794 1418 807 ,
1433 783 1496 803 cum
1513 777 1659 806 dicendum
1679 779 1762 807 fuerit

975 814 1211 850 ἀποτυπούσαις,
1223 819 1315 847 nullus
1323 821 1479 856 suspicetur
1492 823 1688 856 soloecismum,
1702 831 1762 853 tan-

139 861 286 888 Διονυσίου’
304 862 364 889 ἀλλ’
380 864 500 900 ἀκριϐῶς
517 865 582 893 ἵστω
593 887 600 898 ,
617 867 658 894 ὅτι
673 868 721 895 καὶ
735 868 813 895 τοῦτο
827 869 865 901 ὡς
886 870 916 905 τᾷ

976 868 1057 895 quam
1077 870 1193 898 magnus
1213 865 1360 901 Dionysius
1380 867 1548 903 ignorasset;
1570 870 1617 898 sed
1633 877 1761 901 accurate

138 906 195 933 ὄντι
208 907 348 943 Ἀθηναῖος
364 910 411 937 καὶ
429 910 489 938 λίαν
503 912 625 945 Ἀττικὸς
644 913 714 941 οὕτω
729 915 819 950 φησίν.
838 915 924 943 Ἀττι-

137 953 196 979 κῶν
217 954 270 990 γάρ
287 956 343 982 ἐστι
360 956 390 982 τὸ
406 957 522 993 μετοχὰς
543 959 690 995 ἁρσενικὰς
715 960 841 997 θηλυκοῖς
861 971 924 990 συν-

136 999 256 1032 τάττειν,
274 1000 312 1033 ὡς
326 1001 375 1028 καὶ
384 1003 456 1038 Ὂμη
461 1012 507 1039 ρος
526 1006 597 1031 ποιεῖ
611 1005 661 1041 τὴν
672 1007 740 1043 ΙἸριν
755 1008 793 1034 ὲκη
803 1008 863 1040 Διὸς
881 1008 925 1035 λέ-

137 1053 241 1079 γουσαν
259 1046 327 1082 πρὸς
342 1047 391 1083 τὴν
404 1048 495 1084 Ἦραν
509 1051 555 1077 καὶ
570 1050 619 1088 τὴν
633 1052 761 1089 Ἀθηνᾶν’⁴

137 1145 200 1172 οὐκ
215 1145 256 1172 ἔτ’
273 1146 484 1182 ἐφ”ὐμετέρων
500 1149 594 1183 ὀχέων
608 1152 756 1187 πληγέντε
771 1155 920 1188 κεραυνῷ,

190 1213 251 1247 Ἂψ
265 1212 299 1246 ἐς
317 1214 473 1249 Ὄλυμπον
488 1217 617 1245 ἵκεσθον.

171 1268 243 1295 Ἔδει
254 1270 309 1306 γὰρ
323 1270 383 1297 ἀντὶ
390 1271 438 1298 τοῦ
448 1272 608 1308 πληγέντε,
621 1275 767 1312 ἀρσενικοῦ
777 1277 853 1310 ὄντος
870 1278 921 1306 δυϊ-

132 1313 194 1346 κηῦ,
211 1316 299 1342 εἰπεῖν
312 1317 472 1352 πληγεῖσα,
488 1318 578 1357 δυῖκὸν
593 1321 640 1346 καὶ
655 1320 779 1357 θηλυκόν.
797 1323 851 1350 Καὶ
859 1325 920 1351 τοῦ-

133 1359 164 1386 τό
179 1368 244 1394 φασι
261 1361 308 1388 καὶ
324 1363 458 1398 κωμικοὶ,,
469 1363 584 1399 θηλυκὸν
599 1366 655 1392 ἀντ’
671 1368 810 1404 οὐδετέρου
826 1369 865 1403 ⁸⁸,
881 1371 919 1403 ὡς

133 1404 276 1440 ἀρσενικὸν
293 1406 364 1434 κατὰ
375 1407 502 1444 θηλυκοῦ,
517 1410 564 1436 καὶ
580 1410 693 1440 Πλάτων
708 1413 755 1440 καὶ
770 1414 918 1452 Εὐριπίδης

131 1449 162 1476 ἒν
175 1450 318 1485 Βάκχαιςν

201 1498 349 1525 Διανεύωιι·
361 1498 488 1534 δρομάσι
501 1502 674 1537 βλεφάροις.

976 907 1056 938 sciat,
1075 907 1148 942 quod
1169 909 1251 936 etiam
1274 910 1324 938 hoc
1340 913 1411 939 sicut
1433 921 1527 942 revera
1542 915 1717 945 Atheniensis
1733 923 1761 945 et

974 951 1052 979 valde
1064 952 1171 981 Atticus
1187 954 1225 981 ita
1237 955 1318 990 dicit;
1335 956 1488 986 Atticorum
1502 961 1574 987 enim
1592 966 1633 989 est
1648 964 1760 998 partici-

973 996 1018 1031 pia
1040 999 1192 1026 masculina
1215 1000 1353 1030 femininis
1373 1005 1557 1040 conjungere,
1577 996 1656 1034 sicut
1676 1009 1759 1037 etiam

973 1039 1108 1070 Homerus
1129 1044 1194 1072 facit
1213 1045 1268 1074 Irin
1285 1055 1318 1075 ex
1335 1047 1401 1077 Jove
1417 1039 1552 1079 dicentem
1567 1052 1600 1079 ad
1622 1051 1758 1082 lunonem

972 1091 999 1114 et
1014 1087 1151 1117 Palladem
1161 1100 1167 1119 ε

973 1142 1035 1171 Non
1056 1145 1168 1180 amplius
1195 1155 1273 1182 super
1296 1150 1389 1177 vestris
1410 1152 1530 1180 curribus
1553 1162 1683 1226 percursa;
1703 1157 1743 1191 [ιιι

1023 1214 1124 1226 mw”,
1145 1217 1151 1222 .
1188 1217 1219 1226 η,
1389 1220 1394 1225 ,
1425 1222 1430 1226 _
1639 1200 1719 1225 mme,

1639 1200 1719 1225 mme,

1023 1214 1126 1243 Rursus
1141 1217 1167 1244 in
1185 1217 1325 1253 Olympum
1338 1220 1455 1248 venietis.

1006 1271 1154 1306 Oportebat
1169 1274 1303 1309 siquidem
1321 1284 1370 1311 pro
1383 1277 1514 1313 πληγέντε
1535 1281 1608 1315 quod
1626 1285 1755 1312 masculi—

969 1325 1035 1344 num
1056 1323 1098 1346 est
1117 1319 1206 1352 duale,
1229 1321 1332 1349 dixisse
1347 1323 1479 1359 πληγείσα
1496 1326 1575 1354 duale
1595 1332 1622 1354 et
1645 1328 1755 1358 femini-

969 1371 1049 1397 num;
1066 1369 1148 1400 atque
1162 1366 1215 1402 25
1234 1367 1286 1395 hoc
1305 1369 1386 1396 etiam
1410 1371 1505 1399 dicunt
1530 1375 1627 1401 comici
1649 1375 1754 1404 femini-

969 1416 1034 1435 num
1048 1417 1097 1444 pro
1111 1416 1218 1443 neutro,
1228 1412 1299 1440 sicut
1309 1414 1491 1442 masculinum
1502 1421 1563 1452 post
1577 1417 1750 1454 femininum,

967 1458 994 1481 et
1009 1453 1085 1482 Plato
1097 1460 1124 1482 et
1136 1455 1278 1492 Euripides
1290 1458 1317 1486 in
1332 1459 1442 1488 Bacchis
1451 1470 1460 1488 :

1039 1500 1222 1530 Transnatans
1238 1506 1400 1533 currentibus
1418 1507 1501 1535 oculis

166 1541 203 1567 Τὸ
219 1541 351 1579 βλέφαρον
365 1544 419 1581 γὰρ
433 1546 536 1582 δρομὰς
549 1548 599 1575 οὐκ
614 1549 647 1576 ἄν
662 1558 704 1582 τις
719 1550 800 1579 εἴποι.
817 1551 872 1580 Καὶ
887 1554 916 1580 ὲν

1002 1545 1086 1574 Nemo
1109 1549 1180 1576 enim
1204 1549 1303 1578 dixerit
1323 1551 1352 1578 τὸ
1372 1552 1504 1589 βλέφαρον
1531 1555 1642 1592 δρομάς.
1665 1558 1698 1585 Ει
1722 1559 1749 1586 in

138 1586 257 1623 Ὀρέστῃ
268 1597 275 1604 ·

199 1634 330 1662 Mawch
334 1634 524 1672 λυσσήμασι.

166 1678 355 1714 Θεουργιχήν.
373 1682 529 1717 Σημειωσαι
540 1705 547 1717 ,
565 1684 607 1711 ὅτι
627 1686 643 1721 ἡ
666 1687 734 1722 πρὸς
754 1687 798 1714 τὸν
814 1688 916 1724 Κύριον

136 1723 237 1759 Ἰησοῦν
252 1726 381 1760 ὁμοίωσις
396 1727 541 1765 θεουργική
558 1731 626 1763 ἐστι,
648 1733 787 1760 τουτέστιν
801 1723 915 1770 ἐργάζε-

127 1778 171 1796 ται
190 1770 267 1802 Θεοὺς
286 1772 350 1803 τοὺς
365 1773 558 1809 όμοιουμένους
569 1784 576 1791 ·
601 1777 648 1802 καὶ
670 1777 729 1810 πῶς
746 1779 856 1814 ἀμέσως
869 1781 922 1808 καὶν

126 1814 188 1850 δίχα
201 1816 343 1858 συμϐόλων
356 1819 384 1844 αι
399 1819 491 1852 τάξεις
505 1817 585 1848 αὗται
607 1823 761 1857 ὁμοιοῦνται
783 1826 893 1862 Χριστῷ
905 1846 913 1859 ,

125 1863 192 1897 παρ’
201 1854 288 1889 ἀὐτοῦ
304 1864 383 1891 τοῦτο
396 1864 535 1894 λαϐοῦσαι.

161 1909 350 1944 Πρωτιγυργῷ.
366 1912 532 1947 Σημεὶωσαι,
544 1914 585 1940 ὅτι
595 1915 642 1942 καὶ
653 1916 850 1951 πρωτόκτιστοί
860 1919 912 1946 εἰσι

124 1953 252 1989 δυνάμεις
268 1952 349 1983 αὗται
361 1977 374 1989 ν
392 1959 438 1984 καὶ
453 1960 503 1991 τὰς
522 1960 621 1996 ἀρετὰς
635 1962 682 1988 τοῦ
699 1964 802 2000 Κυρίου
825 1965 911 2001 Ἰησοῦ

126 1999 242 2034 Χριστοῦ
257 2001 295 2033 ὠς
309 2002 436 2038 δυνάμεις
454 2002 532 2031 αὗται
547 2006 647 2041 ἔχουσι.

164 2047 378 2081 Τετελεσμένας
392 2049 434 2077 δέ.
450 2051 486 2086 Ση
492 2051 616 2086 μείωσαι,
631 2053 690 2086 πῶς
703 2053 825 2089 λέγονται
835 2064 911 2083 τετε-

125 2090 252 2126 λεσμέναι
266 2093 294 2119 αἱ
311 2094 380 2121 θεῖαι
393 2095 521 2131 δυνάμεις
531 2097 553 2113 ’⁸⁷
567 2095 655 2125 αὗται.

167 2137 430 2177 Ἀναλυτικήνπὴν
443 2142 496 2168 τῶν
517 2144 658 2171 ποικιλιῶν
673 2145 828 2182 ἐπιστήμην
844 2149 910 2183 φησὶ

123 2182 173 2217 τὴν
190 2183 389 2221 ἑρμηνευτικὴν
413 2188 459 2214 καὶ
485 2191 681 2226 σαφηνιστικὴν
702 2191 830 2229 ἐξήγησιν
859 2182 909 2230 τῆς

123 2229 380 2267 περιπεπλεγμένης
396 2232 471 2270 ἱερᾶς
486 2235 660 2270 παραδόσεως
670 2257 678 2270 ,
695 2234 728 2274 ἦς
743 2238 847 2266 δέονται
860 2229 907 2267 καὶ

122 2275 152 2301 αἱ
178 2275 320 2311 ὕφειμέναι
344 2276 453 2310 τάξεις,
477 2279 515 2311 ὡς
538 2280 637 2315 ἐφεξῆς
662 2290 746 2318 φησι’
772 2284 861 2320 πολλῷ
879 2285 907 2312 δὲ

123 2319 203 2347 πλέον
227 2321 382 2357 ἄνθρωπον
406 2323 467 2359 δίχα
490 2324 544 2360 γὰρ
565 2325 721 2362 ἐξηγήσεων
735 2319 906 2358 ἀναλυουσῶν

122 2366 172 2402 τὴν
186 2366 375 2395 πολυποίκιλον
390 2370 485 2404 σοφίαν
501 2371 554 2398 τῶν
574 2372 657 2406 ἁγίων
674 2373 858 2410 θεωρημάτων
875 2377 906 2403 οὐ

121 2412 232 2439 δυνατὸν
249 2413 318 2440 αὐτὰ
332 2414 438 2449 νοῆσαι.
453 2415 514 2443 οὔτε
529 2419 612 2453 ἡμᾶς,
630 2418 690 2445 οὔτε
705 2420 739 2446 τὰ
755 2421 907 2458 ὑπερϐεδη-

121 2457 189 2484 κάτα
203 2457 253 2490 τὰς
266 2459 376 2495 πρώτας
389 2462 463 2496 τρεῖς
477 2462 575 2494 τάξεις.
594 2464 673 2491 Ὅθεν
690 2466 784 2501 φησὶν,
800 2466 838 2498 ὡς
852 2457 906 2494 τῶν

123 2503 173 2538 μὲν
188 2503 392 2541 ὑπὸεὸηκυιῶν
405 2506 506 2539 τάξεων
521 2509 622 2545 ἑκάστη
638 2511 654 2545 ἡ
673 2510 767 2547 πρώτη
785 2513 906 2549 ὶεραρχεί

123 2549 203 2584 μόνος
213 2571 220 2583 ,
237 2551 284 2577 καὶ
299 2549 348 2578 οὐκ
363 2552 429 2589 ἄλλη
447 2553 561 2589 δύναμις
572 2563 579 2569 ·
602 2555 651 2591 τῆς
664 2556 692 2582 δὲ
706 2557 760 2584 τῶν
776 2558 905 2586 ἀνωτάτω

121 2595 223 2625 τούτων
243 2597 397 2633 διακόσμων
414 2599 554 2635 ἱεραρχίας
570 2602 583 2628 ό
597 2601 663 2634 Θεὸς
677 2603 799 2639 ῑεραρχεῖ
813 2605 903 2640 μόνος,

120 2641 170 2668 καὶ
181 2643 232 2669 οὐκ
248 2643 314 2679 ἄλλη
329 2644 451 2680 δύναμις.

968 1591 1059 1620 Oreste
1080 1601 1090 1620 :

1036 1638 1159 1668 Furiosia
1182 1642 1314 1672 rabiebus.

999 1682 1138 1718 Deiﬁcam.
1151 1685 1220 1712 Nota
1236 1687 1444 1716 similitudinem
1456 1710 1463 1722 ,
1480 1690 1594 1719 Domino
1607 1692 1671 1721 Jesu
1686 1702 1748 1723 esse

965 1727 1143 1757 deiﬁcativam
1155 1750 1163 1763 ,
1181 1731 1232 1758 hoc
1249 1736 1291 1760 est
1312 1741 1359 1761 eos
1384 1735 1488 1763 allicere
1502 1737 1568 1765 deos
1583 1739 1629 1773 qui
1644 1740 1747 1769 similes

964 1778 1038 1802 sunt.
1058 1774 1126 1802 Nota
1143 1777 1242 1810 etiam,
1263 1780 1399 1813 quomodo
1420 1781 1479 1809 sine
1500 1784 1588 1810 medio
1601 1789 1628 1812 et
1644 1786 1747 1821 absque

964 1819 1051 1855 signis
1066 1821 1176 1850 ordines
1190 1823 1218 1849 hi
1243 1824 1347 1853 similes
1368 1825 1478 1855 Christo
1491 1829 1643 1858 efﬁciantur
1654 1851 1661 1865 ,
1693 1819 1746 1861 hoc

963 1866 997 1893 ab
1008 1866 1067 1901 ipso
1082 1869 1233 1897 consecuti.

996 1912 1137 1941 Primwva.
1150 1914 1219 1942 Nota
1231 1921 1258 1943 et
1271 1917 1360 1951 primo
1370 1924 1475 1947 creatas
1485 1928 1547 1949 esse
1557 1922 1671 1951 virtutes
1683 1924 1744 1958 has,

961 1961 989 1986 et
1010 1960 1082 1994 quod
1099 1961 1216 1990 virtutes
1240 1961 1346 1991 Domini
1362 1964 1426 1993 Jesu
1441 1966 1543 1995 Christi
1559 1968 1600 1996 liae
1615 1975 1643 1997 ut
1656 1971 1744 1998 virtu-

961 2008 1003 2032 tes
1019 2005 1147 2035 habeant.

996 2050 1132 2085 Perfectus
1147 2059 1244 2083 autem.
1261 2055 1340 2088 Nota,
1356 2057 1492 2092 quomodo
1506 2059 1633 2095 perfecta:
1646 2062 1745 2091 divinae

959 2095 1002 2124 hae
1014 2098 1129 2126 virtutes
1140 2099 1275 2129 dicantur.

990 2141 1167 2173 Resolutoria.
1193 2145 1362 2174 Varietatum
1390 2148 1531 2176 scientiam
1553 2150 1636 2184 dicit,
1658 2153 1743 2181 inter-

959 2189 1120 2223 pretativam
1137 2194 1163 2218 et
1180 2191 1372 2219 declarativam
1383 2194 1592 2228 explicationem
1607 2198 1742 2233 perplexae

960 2242 1044 2262 sacra;
1054 2235 1225 2270 traditionis;
1241 2245 1294 2272 qua
1306 2238 1387 2265 etiam
1403 2239 1525 2274 indigent
1540 2241 1682 2271 inferiores
1696 2252 1742 2272 or-

960 2280 1048 2314 dines,
1057 2286 1086 2308 ut
1097 2286 1190 2317 postea
1205 2283 1288 2311 dicit:
1303 2285 1389 2311 multo
1400 2290 1488 2313 autem
1501 2287 1587 2322 magis
1598 2288 1740 2325 homines;

960 2334 1023 2354 nam
1048 2328 1107 2355 sine
1134 2329 1360 2364 explicationibus
1386 2333 1585 2362 resolventihus
1613 2336 1742 2364 multiva-

959 2373 1026 2400 riam
1043 2379 1198 2402 sanctarum
1217 2377 1477 2412 contemplationum
1494 2381 1653 2415 sapientiam
1664 2401 1672 2414 ,
1689 2383 1742 2410 im-

959 2419 1089 2454 possibile
1102 2424 1143 2448 est
1158 2421 1232 2456 ipsas
1248 2422 1398 2458 intelligere
1411 2433 1417 2452 :
1435 2432 1524 2460 neque
1537 2427 1617 2454 nobis
1628 2447 1635 2460 .
1651 2436 1740 2464 neque

957 2464 1134 2495 inferioribus
1158 2468 1262 2503 angelis
1285 2469 1348 2497 licet
1375 2469 1526 2506 intelligere
1551 2476 1609 2501 tres
1635 2475 1739 2509 primos

957 2510 1079 2540 ordines.
1097 2511 1175 2540 Unde
1189 2513 1274 2546 dicit,
1300 2515 1458 2543 inferiorum
1479 2517 1589 2552 quidem
1611 2519 1738 2548 ordinum

957 2557 1075 2591 primum
1089 2566 1223 2594 quemque
1239 2564 1344 2588 tantum
1360 2570 1468 2590 sacrum
1487 2565 1623 2593 sustinere
1636 2567 1739 2601 princi-

956 2607 1060 2638 patum,
1076 2609 1103 2632 et
1117 2613 1173 2633 non
1186 2606 1266 2634 aliam
1282 2607 1427 2643 virtutem;
1442 2617 1630 2644 supremorum
1645 2616 1736 2640 autem

956 2649 1082 2677 ordinum
1103 2651 1264 2679 hierarchiaa
1279 2653 1366 2681 solum
1382 2653 1466 2682 Deum
1483 2663 1571 2693 neque
1586 2657 1665 2684 aliam
1680 2657 1733 2685 vir-

956 2699 1042 2723 tutem
1060 2704 1168 2724 sacrum
1182 2701 1274 2726 tenere
1283 2699 1476 2736 principatum.

578 2791 694 2820 VARIAS
710 2778 900 2822 LECTIONES
919 2781 964 2823 E-T
980 2795 1246 2828 CORRECTIONES

174 2879 197 2895 ⁵³
212 2880 289 2913 ὅπερ.
344 2880 367 2897 ⁸⁵
381 2881 440 2908 κατ’
456 2880 605 2918 οὐδετέρου.
655 2883 675 2900 ⁸⁷
693 2881 789 2917 τάξεις,
