1925 3060
156 155 187 183 τι
556 152 729 182 APPENDIX
742 151 789 181 AD
804 151 918 191 OPERA
936 151 966 180 8.
985 150 1134 181 DIONYSII
1149 150 1393 180 AREOPAGITE.
1746 153 1782 180 ἠ

191 213 282 241 Sacris
296 212 448 246 initiantur,
463 211 511 241 Gr.
528 212 747 249 ίεραρχούμεναι.
769 211 799 239 Id
821 215 861 239 est
882 218 943 246 my-

1034 210 1279 246 ἰεραρχούμεναι.
1296 209 1426 237 Τουτέστι
1442 209 1713 247 μυσταγωγούμεναι.

154 259 240 289 steria
252 259 412 287 edocentur.

192 306 250 333 Hoc
264 305 356 341 igitur.
375 304 628 333 Demonstrationes
654 304 790 332 dictorum
818 311 853 331 ex
869 302 946 331 Scri-

156 356 237 389 ptura
242 373 249 380 .

192 397 265 434 §lll.
292 397 415 430 Edoceri,
438 397 487 426 Gr.
507 396 722 424 ἐκδιδάσκεσθαι.
744 395 815 424 Nota
829 396 860 424 τὸ
875 397 946 424 ἐκδι-

156 444 313 477 δάσκεσθαι,
351 443 472 476 edoceri:
495 443 616 472 declarat
637 442 711 471 enim
734 442 810 478 ipsas
833 443 946 472 minime

156 490 225 518 tales
240 497 302 517 esse
319 489 470 518 secundum
489 493 627 517 naturam.

193 535 321 564 Omnibus
333 541 421 563 autem
436 535 612 563 sublimiores.
630 535 858 571 Quandoquidem
872 535 945 564 enim

157 585 222 609 sunt
235 581 362 609 omnibus
374 581 540 616 superiores,
553 585 580 609 et
593 581 662 609 nihil
674 582 793 610 habeant
805 583 944 618 superius,

157 632 290 664 quantum
305 628 339 655 ad
354 627 422 655 alias
433 628 561 660 virtutes.
574 628 673 657 merito
685 629 719 657 ab
731 629 791 665 ipso
804 629 860 658 Deo
874 630 944 663 solo,

157 675 238 710 primi
252 678 383 710 tanquam
398 674 570 709 superiores,
587 675 682 703 divina
703 675 886 704 instituuntur
898 683 946 704 co-

157 720 288 756 gnitione.

193 765 227 793 In
241 766 343 794 caelum.
359 765 429 794 Nota
443 771 541 794 contra
555 766 709 795 Basilianos
725 771 752 795 et
768 766 955 802 Nestorianos,

156 811 249 840 Jesum
269 812 408 840 Christum
439 813 468 840 in
498 813 583 841 cmlos
602 816 771 848 assumptum
794 813 945 841 secundum

156 858 229 894 quod
244 859 325 886 homo
339 863 382 887 est
405 867 467 887 esse
486 858 632 886 Dominum
656 858 869 895 intelligibilium
885 867 945 887 om-

156 904 232 932 nium
246 924 254 937 ,
278 908 305 933 et
319 912 411 940 regem
439 905 556 947 gloriae];
586 904 817 940 quemadmodum
844 912 944 932 arcana

156 951 246 979 edocti
265 950 378 979 discunt
391 958 406 977 a
422 950 598 979 dicentibus:
615 950 711 978 Tollite
724 955 827 986 portas,
843 951 945 986 princi-

155 1004 210 1031 pes,
227 1001 338 1030 vestras,
351 999 379 1024 et
392 997 593 1033 interrogantes
606 996 689 1030 :Quis
702 1000 741 1024 est
755 997 804 1024 iste
817 996 872 1024 Rea;
885 998 944 1033 glo-

156 1044 205 1071 riae
214 1045 227 1072 2
242 1047 326 1079 atque
339 1051 438 1072 rursus
453 1043 609 1076 audientes,
629 1043 758 1071 Dominus
772 1044 897 1071 virtutum
909 1049 923 1069 ει
936 1052 943 1078 ;

156 1093 185 1117 et
199 1097 260 1125 quae
281 1089 422 1126 deinceps.
443 1089 499 1126 26
518 1089 620 1117 Contra
635 1097 702 1118 vero
724 1090 896 1125 Acepbalos,
918 1094 946 1118 et

156 1135 354 1172 Eutychianos,
369 1136 443 1172 quod
457 1136 584 1172 quamvis
598 1136 730 1165 Dominus
741 1136 883 1170 virtutum.
899 1144 946 1165 ve-

157 1186 313 1211 rumtamen
328 1190 392 1211 caro
406 1187 434 1211 et
448 1181 612 1210 manifestus
627 1182 727 1216 homo;
742 1182 779 1209 ita
792 1185 822 1210 ut
837 1186 946 1218 propter

158 1228 199 1256 rei
232 1228 381 1257 novitatem
411 1231 558 1265 sequentes
584 1228 756 1265 principatus
783 1229 947 1264 obtupesce-

158 1276 230 1303 rent.

194 1320 283 1348 Diuini
295 1321 392 1356 operis,
403 1321 452 1350 Gr.
466 1321 619 1358 θεουργίας.
631 1320 717 1350 Recte
730 1321 838 1349 vocavit
852 1320 947 1357 θεουρ-

159 1366 232 1401 γίαν,
241 1366 288 1395 Dei
301 1374 381 1402 opus,
394 1368 468 1395 illam
482 1375 532 1403 pro
545 1367 625 1396 nobis
636 1367 886 1403 dispensationem;
899 1366 946 1394 Dei

159 1413 232 1441 enim
250 1418 330 1441 erant
345 1421 408 1442 vere
420 1421 503 1449 opera
518 1413 611 1442 omnia
625 1412 734 1442 Domini
747 1433 755 1446 ,
771 1421 832 1448 quae
847 1420 947 1441 secun-

159 1458 225 1486 dum
237 1458 482 1495 dispensationem,
500 1464 529 1487 ut
550 1463 647 1495 partus
663 1462 786 1492 sanctus,
803 1463 830 1486 et
843 1459 947 1487 sanita-

160 1510 211 1539 tes,
226 1505 304 1541 signa
320 1506 348 1533 in
362 1506 502 1541 passione,
517 1511 545 1534 et
560 1506 737 1535 resurrectio.

195 1551 251 1587 Ego
268 1552 337 1580 enim
357 1552 457 1588 inquio.
483 1551 532 1579 Illa
557 1556 665 1580 autem:
683 1551 740 1586 Ego
759 1552 829 1579 enim
853 1551 946 1588 loquor
959 1548 980 1579 C

154 1598 291 1632 justitiam
316 1603 341 1626 et
360 1597 493 1633 judicium
518 1598 668 1632 salutaris,
694 1602 758 1625 sunt
775 1597 947 1632 lsaize;vide

158 1644 252 1677 etiam,
267 1644 403 1680 quomodo
419 1643 477 1672 haec
493 1643 639 1672 intellexit.

193 1689 280 1718 Miror
303 1695 402 1718 autem.
423 1689 537 1718 Locutio
551 1691 588 1718 ita
604 1693 646 1718 est
660 1690 848 1726 componenda
869 1690 947 1718 :mi-

159 1744 206 1765 ror
220 1736 357 1772 quomodo
371 1736 453 1772 primi
473 1737 543 1765 sicut
560 1736 644 1764 medii
659 1734 767 1766 divinas
783 1737 946 1766 illustratio-

159 1792 209 1812 nes
224 1783 319 1811 timide
334 1783 458 1818 cupiant.

195 1829 230 1856 In
242 1828 327 1856 medio
342 1829 469 1856 volantes.
493 1829 661 1861 Μεσοπετεϊς
680 1829 709 1857 in
726 1829 811 1856 medio
830 1829 947 1858 uolantes

159 1876 246 1908 dixit,
265 1878 295 1902 ut
310 1875 423 1902 minime
455 1874 490 1902 ad
510 1875 664 1903 altitudinis
680 1875 818 1911 fastigium
835 1884 947 1905 sursum

158 1922 283 1950 volantes
296 1940 305 1953 ,
331 1919 380 1948 sed
399 1920 433 1948 ad
450 1920 569 1948 medium
588 1922 796 1956 pervenientes;
810 1921 840 1948 τὸ
855 1922 884 1948 δέ
897 1921 947 1949 du-

160 1967 256 2000 bitare,
271 1966 409 2002 signiﬁcat
422 1966 490 1994 illud
504 1966 612 1997 dicere:
631 1966 696 2000 Qui;
707 1967 749 1994 hic
762 1967 901 1995 adueniens
914 1976 948 1996 ea;

160 2012 246 2041 Edam
258 2017 268 2029 τ
284 2013 296 2040 ἳ

198 2058 378 2095 Interrogant.
394 2058 464 2088 Vide
475 2078 483 2092 ,
495 2066 556 2087 cum
573 2063 677 2095 quanto
690 2063 764 2087 metu
778 2063 806 2088 et
820 2068 948 2088 reveren-

161 2106 200 2132 tia
216 2105 336 2140 supremi
350 2105 473 2132 omnium
495 2105 606 2133 ordines
618 2125 626 2139 ,
642 2109 672 2132 ut
685 2105 768 2133 medii
781 2111 808 2133 et
822 2114 876 2133 non
891 2107 947 2142 pri-

161 2151 210 2184 mi,
229 2151 397 2186 interrogant
413 2151 540 2184 invicem,
550 2151 668 2186 primum
684 2158 745 2186 quae
752 2151 823 2186 apud
837 2151 945 2180 Isaiam.

163 2197 228 2231 Quis
244 2197 285 2225 hic
298 2197 400 2225 ueniens
414 2204 447 2224 ea:
459 2196 545 2224 Edam
553 2198 566 2225 2
576 2196 656 2224 rubor
666 2197 877 2224 vestimentorum
888 2198 946 2232 ejus

161 2251 195 2271 ea;
209 2243 315 2270 BosorI
329 2252 337 2276 ;
355 2247 382 2270 et
396 2246 453 2270 tum
463 2243 541 2278 quasi
553 2250 620 2270 cura
633 2243 684 2271 sibi
697 2251 713 2269 ιλ
723 2242 778 2271 Deo
788 2244 946 2278 commissa,

161 2289 258 2317 dicunt
279 2289 314 2317 ad
340 2289 448 2324 ipsum:
476 2288 565 2322 Quare
595 2289 677 2317 rubra
704 2293 765 2317 sunt
794 2291 946 2318 vestimenta

163 2340 209 2362 tua
220 2336 233 2364 1’

199 2381 403 2409 Sanctissimam
416 2381 609 2417 purgationem.
625 2381 705 2414 Nota,
721 2382 859 2418 quomodo
874 2382 948 2410 dicat

162 2426 278 2462 expiari,
295 2430 321 2454 et
336 2425 479 2458 illustrari,
495 2428 522 2453 et
537 2425 631 2462 perﬁci
646 2425 754 2467 divino;
770 2426 891 2454 ordines.

200 2516 379 2551 Espiationir.
395 2515 476 2550 Nota,
492 2524 616 2552 quaenam
633 2517 671 2544 sit
685 2517 810 2552 purgatio
827 2518 855 2544 in
871 2524 947 2545 men-

163 2564 250 2596 tibus,
264 2567 291 2591 et
305 2571 365 2599 quae
380 2563 526 2599 ignoratio.

201 2609 312 2644 Copioso
333 2610 431 2637 lumine
444 2630 451 2643 ,
475 2609 524 2637 Gr.
550 2609 667 2637 ἀπλέτου
697 2610 794 2645 φωτός.
815 2610 947 2636 Ἀπλετον

165 2656 303 2693 signiﬁcat
317 2663 447 2692 magnum
461 2660 488 2684 et
501 2655 631 2684 multum.

217 2740 232 2760 ει
247 2733 320 2763 Psal.
332 2741 412 2768 um,
448 2731 524 2760 7-10.
594 2737 605 2752 π
622 2733 676 2762 lsa.
695 2741 774 2768 thn,
792 2735 818 2762 ί.
857 2738 869 2753 '
888 2735 958 2764 ibid.

1033 302 1123 330 Τοῦτο
1147 301 1232 337 γοῦν.
1269 300 1434 336 Ἀποδείξεις
1465 300 1601 337 γραφικαὶ
1624 300 1679 328 τῶν
1704 300 1782 337 εἰρη-

997 348 1115 429 μὲξωῖίι.
1146 393 1402 421 Ἐκδιδὰσκεσθαι.
1430 391 1586 428 Σημείωσαι
1610 391 1642 419 τὸ
1664 392 1781 421 ἐκδιδά-

995 441 1131 468 σπι-εσθαι⁸
1146 440 1222 476 δηλοῖ
1238 439 1293 476 γὰρ
1308 440 1346 476 μὴ
1364 439 1434 467 κατὰ
1450 438 1530 474 φύσιν
1544 436 1614 466 εἶναι
1628 439 1712 471 αὑτὰς
1726 448 1782 467 τοι-

1002 495 1136 566 αυὶιῗζδὲ
1149 532 1256 560 πασῶν
1268 531 1469 567 ὑψηλοτέρας.
1492 531 1600 568 Ἐπειδὴ
1616 532 1671 568 γὰρ
1687 532 1780 559 πασῶν

994 578 1128 615 ἀνώτεραε
1143 579 1196 606 εισι
1207 598 1216 611 ,
1232 578 1279 606 καὶ
1291 579 1367 606 οὐδὲν
1383 578 1474 615 ἔχουσι
1487 579 1518 605 τὸ
1533 579 1681 615 ὑπέρτερον
1691 600 1699 612 ,
1718 580 1781 606 ὅσον

995 625 1036 657 είς
1055 626 1152 662 ἑτέρας
1172 625 1318 661 δυνάμεις,
1339 625 1452 657 εἰκότως
1472 625 1517 652 ὑπ’
1540 624 1623 652 αὐτοῦ
1642 624 1690 652 τοῦ
1712 624 1780 652 Θεοῦ

996 671 1077 708 μόνου
1093 671 1200 708 πρῶται
1213 671 1252 704 ὡς
1267 671 1401 708 άνώτεραι
1416 670 1547 708 μυοῦνται
1562 671 1612 707 τὴν
1625 671 1700 698 θείαν
1710 671 1781 706 γνῶ-

996 726 1048 746 σιν.

1029 765 1082 798 Είς
1094 765 1250 799 οὐρανούς.
1267 765 1423 800 Σημείωσαι
1439 765 1509 792 κατὰ
1524 763 1706 792 Βασιλειανῶν
1720 765 1781 800 ἤτοι

994 810 1195 846 Νεστοριανῶν,
1209 811 1251 838 ὃτι
1264 812 1278 838 ό
1287 811 1451 848 ἀναληφθεὶς
1461 812 1522 839 καθ’
1536 812 1551 838 ὃ
1563 811 1708 848 ἄνθρωπος
1727 812 1780 847 Ἰη-

959 880 982 910 B
996 856 1059 888 σοῦς
1073 857 1201 892 Χριστὸς,
1215 857 1295 889 αιἠός
1308 858 1381 885 ἐστιν
1394 858 1518 894 ὁΚύριος
1526 858 1581 885 τῶν
1593 857 1696 894 νοητῶν
1710 857 1779 886 πάν-

994 910 1059 936 των,
1068 903 1116 929 καὶ
1126 902 1251 938 βασιλεὺς
1258 904 1307 940 τῆς
1314 903 1401 940 δόξης,
1409 904 1446 936 ὡς
1456 904 1601 940 μυούμενοι
1613 903 1779 940 μανθάνουσι

995 948 1071 984 παρὰ
1089 949 1143 976 τῶν
1163 949 1304 984 λεγόντων·
1325 951 1431 985 Ἄρατε
1447 951 1556 985 πύλας,
1574 952 1602 978 ol
1624 951 1779 986 ἄρχοντες,

994 995 1094 1030 ὑμῶν·
1110 996 1158 1023 καὶ
1172 996 1368 1032 πυνθανόμενοι
1377 1006 1383 1012 ·
1402 997 1449 1031 Τίς
1461 997 1546 1024 ἐστιν
1559 997 1647 1031 οὗτος
1660 999 1677 1025 ό
1691 999 1781 1025 Βασι-

994 1041 1067 1074 λεὺς
1080 1041 1134 1076 τῆς
1148 1041 1257 1076 δόξης;
1271 1043 1321 1070 καὶ
1340 1041 1417 1075 αὖθις
1435 1042 1595 1076 ἀκούοντες,
1606 1043 1714 1078 Κύριος
1721 1043 1781 1071 τῶν

995 1086 1158 1122 δυνάμεων·
1170 1088 1217 1115 καὶ
1229 1089 1264 1116 τὰ
1278 1089 1350 1125 ἑξῆς.
1365 1088 1444 1116 Κατὰ
1456 1089 1485 1115 δὲ
1498 1089 1652 1124 ’Δκεφάλων
1666 1089 1713 1116 καὶ
1728 1089 1780 1116 Εὐ-

994 1134 1193 1169 τυχιανιστῶν,
1207 1135 1259 1168 ὅτι,
1283 1135 1336 1162 κᾶν
1351 1135 1453 1171 Κύριος
1474 1134 1626 1171 δυνάμεων,
1652 1135 1709 1162 ἀλλ’
1733 1132 1781 1163 οὖν

997 1179 1066 1215 σὰρξ
1088 1180 1135 1207 καὶ
1158 1181 1246 1216 σαφὴς
1266 1181 1408 1217 ἄνθρωπος
1421 1201 1429 1213 ,
1454 1181 1491 1214 ὡς
1511 1181 1560 1208 καὶ
1577 1181 1645 1217 πρὸς
1660 1181 1691 1208 τὺ
1705 1181 1780 1216 ξένον

995 1226 1194 1263 ἐκπλήττεσθαι
1208 1227 1257 1260 τὰς
1272 1227 1335 1264 ἑξῆς
1350 1227 1444 1264 ἀρχάς.

1032 1318 1200 1353 aevum-lac.
1224 1316 1321 1351 Καλῶς
1345 1318 1489 1355 θεουργίαν
1511 1318 1624 1345 ἐκάλεσε
1643 1317 1693 1354 τὴν
1710 1317 1782 1354 ὑπὲρ

996 1364 1075 1401 ἡμῶν
1090 1365 1244 1401 οἰκονομίαν
1252 1373 1259 1380 ·
1276 1365 1342 1392 Θεοῦ
1355 1365 1409 1401 γὰρ
1421 1363 1456 1401 ἦν
1465 1365 1503 1397 ὼς
1516 1365 1624 1400 άληθῶς
1636 1365 1704 1407 ἔργα
1714 1364 1782 1392 πάν-

995 1419 1031 1438 τα
1043 1410 1078 1438 τά
1091 1410 1164 1438 κατὰ
1174 1411 1329 1447 οἰκονομίαν
1343 1411 1391 1438 τοῦ
1405 1411 1508 1448 Κυρίου
1517 1418 1526 1426 ’
1546 1410 1561 1437 ὁ
1574 1410 1652 1442 τόκος
1665 1411 1679 1437 ό
1693 1410 1780 1445 ἅγιος,

997 1458 1045 1484 καὶ
1068 1457 1171 1492 ίάσεις,
1190 1457 1225 1485 τὰ
1240 1457 1286 1485 ἐπὶ
1308 1458 1347 1494 τῷ
1369 1457 1450 1485 πάθει
1473 1457 1572 1493 σημεῖα
1583 1476 1591 1490 ,
1607 1457 1654 1484 καὶ
1673 1457 1690 1492 ἡ
1713 1456 1780 1484 ἀνά-

998 1511 1102 1535 οτασις.

1039 1548 1112 1584 Ἐγὼ
1126 1548 1183 1584 γάρ
1195 1558 1279 1584 φημι.
1295 1549 1335 1576 Τὰ
1348 1548 1408 1576 δὲδε
1417 1570 1425 1584 ,
1449 1548 1523 1584 Ἐγὼ
1536 1549 1591 1584 γὰρ
1609 1548 1782 1584 διαλέγομαι

996 1593 1192 1630 δικαιοσύνην
1204 1595 1254 1623 καὶ
1268 1595 1368 1630 κρίσιν
1383 1595 1530 1630 σωτηρίου
1541 1614 1550 1628 ,
1566 1595 1676 1622 Ἡσαΐου
1686 1595 1780 1622 εἰσίδο-

997 1641 1045 1668 καὶ
1060 1641 1111 1677 δρα
1125 1641 1183 1673 πῶς
1197 1641 1283 1668 ταῦτα
1298 1641 1434 1677 νενόηκεν.

1034 1688 1160 1723 Ἀγαμαι
1173 1688 1215 1715 δέ.
1229 1688 1266 1714 Τὸ
1276 1688 1358 1725 ῥητὸν
1368 1687 1439 1715 οὕτω
1452 1687 1590 1715 συνθετέον
1599 1688 1622 1705 ⁵ο
1631 1696 1639 1704 ’
1650 1687 1781 1724 θαυμάζω

997 1735 1056 1767 πῶς
1070 1735 1098 1762 αἱ
1112 1734 1218 1771 πρῶται
1231 1734 1269 1766 ὡς
1285 1734 1366 1770 μέσαι
1379 1734 1432 1762 τῶν
1451 1734 1603 1771 θεαρχικῶν
1622 1734 1782 1770 ὲλλάμψεων

996 1781 1117 1814 εὐλαϐῶς
1131 1781 1259 1816 ἐφίενται.

1030 1827 1222 1861 Μεσοπετεῐς.
1244 1827 1412 1860 Μεσοπετεῖς
1435 1827 1505 1864 εφη,
1531 1828 1570 1860 ὡς
1595 1828 1633 1864 μὴ
1658 1827 1727 1863 πρὸς
1751 1827 1782 1853 τὸ

996 1875 1081 1911 ἄκρον
1096 1874 1143 1901 τοῦ
1160 1874 1243 1910 ὕψους
1257 1874 1443 1910 ἁνιπταμένας
1454 1895 1462 1908 ,
1477 1874 1544 1901 ἀλλὰ
1557 1873 1605 1900 τοῦ
1623 1873 1705 1909 μέσου
1722 1874 1782 1908 ἐφι-

996 1921 1147 1957 κνουμένας
1156 1929 1163 1937 ⁸
1178 1921 1209 1948 τδ
1222 1921 1251 1948 δὲ
1266 1921 1418 1956 διαπορεῖν
1432 1921 1559 1957 σημαίνει
1572 1920 1603 1947 τὸ
1612 1919 1700 1954 λέγειν
1710 1928 1716 1935 ·
1735 1921 1782 1954 Τίς

996 1965 1084 2001 οὗτος
1097 1969 1114 1995 d
1130 1968 1369 2003 παραγενόμενος
1383 1966 1418 2000 ἐξ
1438 1967 1531 2002 Ἐδὼμ
1539 1975 1551 2000 ;

1038 2057 1211 2092 Ἑρωτῶσιν.
1239 2058 1310 2094 ’Ὁρα
1338 2057 1405 2094 μετὰ
1428 2058 1510 2084 πόσου
1531 2057 1613 2093 φόϐου
1636 2058 1683 2085 καὶ
1702 2058 1782 2085 εὐλα-

997 2106 1071 2138 ϐείας
1084 2107 1113 2133 αι
1126 2106 1220 2133 πασῶν
1234 2104 1369 2132 ἅνώταται
1384 2104 1486 2138 τάξεις,
1500 2104 1538 2136 ὡς
1554 2104 1644 2140 μέσαι,
1660 2105 1707 2132 καὶ
1722 2105 1782 2141 οὐχὶ

997 2152 1164 2187 πρώτισται,
1185 2152 1322 2188 ἐρωτῶσιν
1337 2151 1469 2187 ἀλλήλας⁷
1485 2151 1591 2187 πρῶτον
1606 2151 1640 2178 τὰ
1654 2151 1728 2187 παρὰ
1743 2151 1782 2188 τῷ

1003 2198 1118 2234 Ἦσατᾳ’
1146 2199 1193 2231 Τίς
1215 2198 1303 2231 οὗτος
1322 2199 1340 2225 ὁ
1360 2198 1598 2233 παραγενόμενος
1613 2197 1647 2230 ἐξ
1668 2198 1782 2232 Ἑὸώμ;

997 2244 1127 2279 ἐρύθημα
1141 2245 1263 2279 ἱματίων
1276 2244 1368 2271 αὑτοῦ
1382 2244 1415 2271 ἐκ
1431 2245 1543 2278 Βοσόρ·
1567 2244 1614 2271 καὶ
1632 2244 1709 2277 τότε,
1730 2243 1783 2270 ὦσ-

997 2298 1049 2326 περ
1064 2290 1276 2326 ἐπιτρεπόμεναι
1292 2290 1368 2326 παρὰ
1383 2289 1460 2324 Θεοῦ,
1475 2290 1544 2326 πρὸς
1562 2290 1642 2317 αὑτὸν
1657 2285 1764 2325 λέγουσι
1784 2296 1792 2317 t

998 2337 1049 2364 Διὰ
1061 2337 1089 2364 τί
1102 2344 1161 2365 σου
1175 2336 1285 2371 ἐρυθρὰ
1297 2337 1334 2363 τὰ
1347 2336 1463 2372 Ιμάτια;

1031 2382 1262 2418 Παναγ-εστάτης
1276 2383 1456 2417 καθάρσεως.
1471 2382 1626 2419 Σημείωσαι
1640 2382 1699 2414 πῶς
1715 2390 1781 2417 φησι

999 2429 1193 2465 καθαίρεσθαι,
1218 2429 1265 2456 κα)⁸
1288 2429 1518 2465 φωτίζεσθαι,καὶ
1537 2427 1781 2464 τελεσιουργεῖσθαι

1000 2475 1048 2506 τὰς
1060 2475 1135 2507 θείας
1148 2475 1247 2507 τάξεις.

1033 2521 1091 2556 Τῆς
1112 2521 1292 2555 καθάρσεως.
1317 2522 1470 2558 Σημείωσαι
1492 2521 1532 2554 τίς
1548 2522 1565 2557 ἡ
1581 2521 1715 2557 κάθαρσις
1734 2520 1781 2548 ἐπὶ

995 2566 1049 2594 τῶν
1062 2567 1141 2599 νοῶν,
1156 2568 1203 2594 καὶ
1215 2568 1257 2600 τίς
1270 2569 1287 2604 ἡ
1301 2569 1403 2603 ἄγνοια.

1038 2613 1181 2641 ’Δπλέτου
1196 2615 1302 2649 φωτός.
1322 2615 1453 2643 Ἀπλετον
1468 2615 1498 2643 τὸ
1514 2615 1584 2651 μέγα
1598 2614 1646 2641 καὶ
1659 2612 1736 2640 πολύ.

632 2810 748 2840 VARUS
765 2810 955 2842 LECTIONES
972 2811 1016 2841 ET
1034 2811 1306 2842 CORRECTIONES.

218 2869 240 2886 ⁸³
253 2869 283 2897 τὸ
298 2869 335 2898 δέ.
384 2868 406 2885 ⁸⁸
423 2868 490 2895 ἐστι.
533 2867 555 2884 ⁵⁸
573 2866 678 2901 σύνθες.
