1914 3063
143 181 177 211 75
478 182 506 212 S.
528 182 650 213 MAXIM!
669 182 813 213 SCHOLIA
831 184 864 212 IN
882 179 945 213 LIB.
972 186 1016 213 DE
1033 183 1195 215 C(ELESTI
1213 184 1434 216 HIERARCHIA.
1718 189 1756 220 τι

178 241 436 276 Τελεσιουργεῖται.
463 243 617 278 Σημείωσαι
641 242 699 275 πῶς
728 242 902 279 καθαίρονται

958 269 961 274 ,
1009 242 1161 278 Per/icitur.
1178 243 1245 271 Nota
1260 245 1395 279 quomodo
1410 248 1598 282 purgentur,et
1612 244 1754 278 illustran-

139 288 187 315 καὶ
203 288 375 323 φωτίζονται,
388 288 435 315 καὶ
447 287 697 324 τελεσιουργοῦνται
709 290 736 316 αἱ
749 289 819 316 θεῖαι
832 290 922 323 τάξεις

140 333 229 362 αὗται.

173 381 244 408 Καθ’
263 378 339 413 ἕξιν.
361 380 432 408 Καθ’
450 380 506 413 ἕξιν
527 381 664 417 ἐπιστήμη
685 382 758 409 ἐστὶν
772 383 789 417 ἡ
806 382 922 418 ἔμμονος

138 427 184 461 καὶ
199 426 385 462 ἀναπόϐλητος
399 427 450 462 τῆς
467 427 667 463 ἐλλαμφθείσης
689 426 814 462 γνώσεως
837 429 920 455 κατά-

138 472 227 509 ληψις.

177 519 210 547 Ἢ
223 519 333 554 κύκλῳ.
352 519 459 555 Ἐπειδὴ
473 519 519 546 καὶ
533 519 678 556 ἑστηκυίας
689 519 735 547 καὶ
748 520 838 556 κύκλῳ
852 521 919 548 Θεοῦ

136 563 365 601 περιχορευούσας
379 563 489 601 ἀμέσως
501 565 550 597 τὰς
566 565 678 602 πρώτας
695 565 796 599 ταύτας
810 567 920 604 ταξιαρ-

135 613 197 647 χίας
209 611 285 648 φησὶ,
305 611 493 647 σαφηνιστέον,
510 612 569 644 πῶς
585 612 630 638 καὶ
643 613 736 639 ἑστᾶσι
749 613 796 639 καὶ
812 612 918 640 κινοῦν-

133 665 197 690 ται,
212 658 336 695 καθάπερ
350 659 378 685 ὲν
391 658 485 694 χορείᾳ
501 654 592 694 κύκλῳ
611 658 657 685 τοῦ
676 657 754 685 Θεοῦ.
775 659 830 686 Καὶ
850 660 918 692 τέως

135 705 184 740 μὲν
198 705 228 738 ἐξ
247 705 357 732 Ἡσαΐου
373 705 422 741 τὴν
435 704 561 741 ἀφορμὴν
573 705 693 741 εἴληφεν,
712 705 741 737 ὃς
755 705 828 740 λέγει
839 714 845 720 ·
862 706 917 733 Kal

133 751 262 786 σεραφὶμ
277 752 408 784 εἱστήκει
425 752 526 783 κύκλῳ
539 751 648 778 αὐτοῦ·
664 751 699 783 ἐξ
720 751 861 787 πτέρυγες
877 751 917 785 τῷ

131 796 188 829 ἐνὶ,
203 797 250 823 καὶ
263 797 297 823 τὰ
315 797 378 832 ἑξῆς
388 806 394 811 ·
411 796 508 831 ἐπάγει
521 796 550 823 δὲ
561 818 568 830 ,
581 797 634 823 Καὶ
655 796 718 830 ταῖς
738 797 829 824 δυσὶν
848 797 916 825 ἑπέ-

130 850 230 870 ταντοε
252 843 312 875 πῶς
325 843 379 879 γὰρ
396 842 500 869 ἑστῶτα
518 842 711 878 περιεπέταντο
729 842 837 878 κύκλῳ;
860 843 916 870 Καὶ

130 882 239 923 νοητέον
251 886 336 920 οὕτως
349 897 354 903 ·
370 889 424 920 πᾶς
437 888 499 920 νοῦς
509 888 564 924 [ἐκ]
570 888 616 914 τοῦ
631 888 738 915 πάντων
753 889 837 915 αἰτίου
848 889 914 915 Θεοῦ

130 932 282 970 ἐκλάμψας,
299 934 390 970 ἐπειδὴ
405 933 459 961 ἀπὸ
471 934 518 961 τοῦ
538 933 784 970 δημιουργήσαντος
800 933 913 970 ἐξέλαμ-

128 979 174 1015 ψε,
188 980 295 1015 λέγεται
310 979 374 1016 περὶ
390 980 470 1007 αὐτὸν
489 980 527 1012 ὡς
547 980 610 1015 περὶ
631 980 743 1016 κέντρον
765 980 912 1013 κινεῖσθαι,

127 1026 179 1062 τῆς
201 1027 330 1062 κινήσεως
352 1026 382 1053 οὺ
401 1026 516 1061 τοπικῆς
537 1028 609 1058 τινος
623 1025 720 1061 οὔσης,
737 1026 803 1053 ἀλλὰ
819 1027 914 1062 νοερᾶς

128 1072 177 1100 καὶ
190 1072 279 1109 ζώσης
290 1080 297 1088 ο
312 1072 370 1099 ἐστι
380 1072 408 1099 δὲ
423 1071 469 1099 νοῦ
483 1071 576 1107 κύκλῳ
590 1071 696 1108 κίνησις
713 1071 824 1108 τοιαύτη
833 1081 840 1088 ⁸
859 1074 913 1100 πᾶν

126 1118 159 1145 τὸ
173 1118 251 1146 νοοῦν
264 1119 281 1154 ἥ
296 1118 359 1150 νοῦς
378 1117 416 1146 ὢν
431 1119 503 1150 νοετ,
517 1117 542 1153 Ιῆ
558 1117 595 1150 ὠς
611 1118 723 1154 μετέχον
738 1117 794 1145 νοῦ.
816 1117 845 1145 Ὁ
863 1119 912 1154 μὲν

126 1163 190 1196 νοῦς
211 1166 259 1200 ὢν,
289 1163 404 1201 πρώτως
422 1164 491 1191 νοεῖ·
505 1163 535 1190 τὸ
548 1163 578 1190 δὲ
593 1164 703 1199 μετέχον
719 1164 765 1191 νοῦ
779 1163 912 1200 δευτέρως

125 1210 195 1236 νοεῖ·
214 1208 284 1236 κατὰ
298 1209 376 1236 τοῦτο
393 1208 441 1245 μὲν
453 1205 510 1240 οὖν,
526 1208 586 1235 καθ’
599 1208 614 1235 ὃ
627 1209 689 1241 νοῦς
704 1207 742 1236 ὢν
756 1210 820 1241 νοεῖ,
831 1211 912 1236 κινεῖ-

127 1254 190 1281 σθαι
211 1255 316 1289 λέγοιτο
337 1255 386 1282 ἄν·
408 1254 524 1290 κυκλικὴ
548 1254 576 1281 δὲ
597 1255 741 1281 ἐπινοεῖται
765 1256 781 1290 ὴ
807 1255 911 1291 κίνησις

125 1300 194 1336 αῦτη
208 1300 269 1327 καθ’
281 1300 296 1326 δ
313 1300 490 1336 ἀνακάμπτον
510 1300 557 1327 καὶ
579 1301 643 1334 περὶ
662 1300 743 1328 αὐτὸν
759 1301 909 1336 γινόμενος,

125 1346 211 1378 οὕτως
233 1346 327 1373 ἑαυτὸν
350 1345 439 1382 νοήσει
454 1346 500 1373 καὶ
519 1345 565 1372 τὸν
581 1345 633 1381 πρὸ
648 1345 729 1373 αὐτοῦ
740 1365 748 1378 ,
761 1346 791 1379 ἐξ
806 1343 837 1373 οὗ
866 1344 911 1378 ἐξ·

125 1393 241 1428 λαμψεν.
268 1392 307 1424 ὡς
328 1390 375 1419 οὖν
397 1392 429 1418 ὲκ
450 1391 518 1418 Θεοῦ
535 1386 708 1427 βουληθέντος
728 1390 908 1428 προδληθεὶς,

125 1439 188 1474 περὶ
205 1437 306 1470 αὐτὸν,
329 1437 389 1464 ἀντὶ
402 1437 449 1464 τοῦ
473 1437 537 1474 περὶ
558 1437 607 1473 τὴν
626 1437 694 1464 Θεοῦ
702 1438 724 1454 ⁶¹
748 1437 839 1472 ἔφεσιν
862 1439 910 1465 καὶ

124 1484 235 1520 ἀγάπην
247 1503 254 1516 ,
278 1483 317 1516 ὡς
338 1483 401 1520 περὶ
417 1483 545 1519 κέντρον,
567 1483 658 1511 ἔσται·
674 1484 704 1510 οὺ
720 1484 774 1520 γὰρ
787 1484 909 1512 ἑνοῦνται

123 1530 158 1557 τὰ
172 1530 286 1566 δεύτερα
299 1530 356 1561 τοῖς
373 1529 425 1564 πρὸ
443 1529 548 1561 αὐτῶν,
564 1529 631 1556 ἀλλὰ
646 1529 739 1566 χορείᾳ
751 1530 804 1557 τινὶ
819 1530 849 1557 τὸ
865 1539 908 1565 γι-

972 291 1027 320 tur,
1040 293 1067 316 et
1076 289 1250 324 perﬁciantur
1262 291 1290 318 hi
1302 290 1388 318 divini
1404 291 1524 320 ordines.

1006 378 1153 405 Secundum
1161 379 1364 407 habitumKaO’
1378 380 1444 414 ἕξιν,
1453 383 1601 410 secundum
1615 384 1751 419 habitum,

970 424 1083 451 scientia
1095 428 1137 452 est
1152 425 1297 458 inhaerens,
1314 429 1341 454 et
1355 434 1414 462 qua:
1430 427 1511 462 abjici
1537 435 1664 464 nequeat,
1689 432 1751 460 illu-

973 472 1065 496 stratae
1078 470 1250 504 cogitationis
1264 472 1432 499 consecutio.

1005 514 1038 542 In
1051 515 1173 548 circuitu,
1198 515 1245 543 Gr-
1274 517 1290 553 ἡ
1319 516 1419 553 κύκλῳ.
1445 517 1578 551 Quoniam
1596 523 1623 548 et
1646 526 1750 551 stantes

968 563 996 588 et
1026 560 1201 589 circumcirca
1215 561 1301 589 Deum
1321 563 1445 592 saltando
1471 572 1533 593 cum
1550 571 1631 595 cantu
1644 568 1748 596 obeun-

968 608 1009 633 tes
1029 605 1089 634 sine
1112 606 1202 634 medio
1225 607 1328 642 primos
1353 607 1403 636 hos
1428 610 1556 638 ordinum
1579 612 1748 648 principatus

966 651 1044 683 dicit,
1060 652 1248 687 explicandum
1266 657 1317 686 est,
1334 655 1470 689 quomodo
1484 660 1511 683 et
1525 660 1616 690 stent,
1642 663 1669 687 et
1690 668 1749 688 mo-

967 701 1098 729 veantur,
1122 698 1350 733 quemadmodum
1367 699 1394 727 in
1410 701 1531 736 tripudio
1570 704 1747 733 circumcirca

966 742 1061 770 Deum.
1088 742 1122 770 Et
1144 743 1275 771 hactenus
1300 745 1410 780 quidem
1436 747 1609 776 occasionem
1626 758 1658 777 ex
1677 752 1746 779 Isaia

966 789 1080 824 accepit,
1096 789 1143 824 qui
1157 789 1241 818 dicit:
1259 789 1293 817 Et
1307 792 1437 827 semp/tim
1450 793 1555 821 stabant
1567 796 1636 823 circa
1648 797 1743 832 ipsum,

964 843 1011 862 aea:
1021 836 1072 862 ala
1079 836 1135 868 uni,
1147 838 1174 863 et
1189 837 1347 872 sequentia;
1359 838 1436 866 addit
1448 847 1530 868 vero:
1542 845 1566 868 et
1578 841 1678 870 duabus
1691 844 1744 879 2⁵1

964 881 1087 910 solebant
1099 882 1109 901 ι
1122 891 1129 916 ;
1144 883 1281 918 quomodo
1293 884 1365 911 enim
1378 888 1482 914 stantes
1513 886 1744 916 circumvolabant

965 927 992 954 in
1005 928 1209 964 orbem?Atque
1223 929 1260 956 ita
1275 930 1498 965 intelligendum:
1513 939 1591 960 mens
1605 934 1695 962 omnis
1710 943 1744 963 ex

963 972 1019 1000 Deo
1049 973 1240 1001 universorum
1263 977 1376 1001 auctore
1397 975 1509 1002 elucens
1525 995 1533 1008 ,
1562 977 1743 1012 quandoqui—

962 1019 1024 1047 dem
1038 1026 1053 1046 a
1068 1019 1197 1048 Creatore
1210 1019 1327 1048 eluxerit
1338 1041 1346 1054 ,
1361 1020 1462 1048 dicitur
1484 1021 1557 1049 circa
1580 1022 1743 1058 ipsum,sic-

969 1067 998 1090 ut
1028 1065 1101 1094 circa
1118 1070 1242 1093 centrum
1261 1066 1384 1100 moveri;
1399 1066 1520 1095 motione
1534 1067 1645 1096 minime
1662 1069 1743 1096 locali

961 1111 1052 1147 aliqua
1077 1112 1226 1140 exsistente
1237 1132 1245 1144 ,
1258 1113 1305 1140 sed
1332 1113 1496 1149 intelligibili
1510 1116 1537 1141 et
1554 1114 1615 1141 viva
1628 1123 1635 1148 ;
1651 1119 1742 1143 motus

961 1162 1051 1184 autem
1074 1157 1175 1185 mentis
1195 1157 1339 1186 circularis
1351 1178 1359 1191 ,
1382 1159 1445 1187 talis
1468 1163 1528 1188 est:
1544 1168 1624 1188 omne
1640 1161 1742 1190 intelli-

960 1210 1037 1238 gens,
1052 1208 1100 1231 aut
1113 1211 1190 1232 mens
1202 1205 1337 1233 exsistens
1345 1205 1483 1241 intelligit;
1501 1207 1544 1235 vel
1559 1210 1588 1234 ut
1602 1209 1740 1244 particeps

960 1250 1069 1278 mentis.
1096 1248 1171 1278 Mens
1195 1250 1304 1286 quidem
1324 1251 1470 1285 exsistens,
1492 1252 1581 1287 primo
1596 1253 1739 1288 intelligit:

959 1296 1033 1332 quod
1048 1300 1138 1325 autem
1149 1297 1183 1325 de
1196 1301 1285 1325 mente
1297 1297 1452 1333 participat,
1466 1297 1585 1326 secundo
1596 1298 1740 1334 intelligit';

959 1343 1110 1371 secundum
1123 1343 1176 1371 hoc
1189 1343 1273 1379 igitur
1284 1363 1292 1376 ,
1310 1343 1460 1371 secundum
1472 1344 1545 1379 quod
1560 1351 1638 1372 mens
1654 1346 1742 1374 exsis-

960 1393 1020 1416 tens
1032 1386 1162 1425 intelligit,
1186 1389 1288 1417 moveri
1303 1389 1357 1417 dici
1373 1393 1472 1425 queat;
1488 1390 1634 1418 circularis
1648 1394 1740 1419 autem

958 1433 1004 1461 hic
1016 1436 1107 1462 motus
1121 1434 1301 1470 excogitatur,
1313 1440 1447 1471 quatenus
1458 1436 1612 1469 reﬂectens,
1626 1440 1653 1463 et
1666 1437 1739 1464 circa

958 1480 1075 1515 seipsam
1098 1481 1234 1509 exsistens
1260 1481 1297 1509 ita
1323 1481 1442 1517 seipsam
1470 1483 1623 1518 intelliget,
1639 1487 1666 1510 et
1678 1490 1739 1510 eam

957 1534 1018 1562 quae
1030 1526 1116 1562 ipsam
1132 1520 1261 1563 praecedit
1273 1535 1307 1555 ex
1321 1536 1374 1564 qua
1386 1529 1492 1562 illuxit;
1509 1533 1638 1564 tanquam
1656 1529 1739 1564 igitur

122 1577 232 1612 νόμενον
246 1576 317 1603 ἔοικε
326 1584 332 1591 ·
349 1576 383 1602 τὰ
394 1576 449 1612 γὰρ
464 1575 619 1611 γεννώμενα
631 1574 699 1603 εἶναι
722 1576 751 1603 ὲν
764 1576 803 1612 τῷ
818 1575 907 1612 οἰκείῳ

958 1581 991 1602 ex
1005 1573 1059 1601 Deo
1072 1574 1180 1602 volente
1195 1573 1316 1609 proiecta
1327 1593 1336 1606 ,
1360 1574 1434 1602 circa
1459 1575 1549 1610 ipsum
1561 1593 1569 1607 ,
1597 1582 1647 1610 pro
1664 1575 1738 1604 circa

122 1622 262 1658 ἐφιέμενα,
275 1622 321 1648 τὸν
334 1621 468 1656 γεννῶντα
482 1621 638 1658 περιαθρεῖ·
655 1620 686 1648 τὸ
704 1618 750 1649 ὤν
770 1623 803 1658 τῇ
818 1623 907 1659 νοήσει

122 1668 190 1704 πρὸς
203 1667 238 1694 τὰ
251 1667 303 1704 πρὸ
322 1667 402 1694 αὐτοῦ
422 1667 658 1704 ὲπεστραμμένον,
676 1668 808 1703 κυκλικῆς
829 1669 906 1704 κινή-

122 1722 192 1746 σεως
207 1714 310 1741 ἔννοιαν
329 1714 442 1747 εἰσάγει.
465 1714 572 1750 Ἐπειδὴ
588 1712 634 1741 οὗν
650 1714 786 1750 πανταχοῦ
804 1709 877 1742 ἐστιν
891 1715 906 1741 ό

120 1760 186 1792 Θεὸς
197 1781 204 1793 ,
221 1760 250 1787 ul.
269 1760 406 1795 πανταχοῦ
422 1759 496 1795 αὐτῷ
510 1759 751 1787 συνακολουθοῦσαι
765 1759 804 1796 τῷ
819 1760 907 1787 θέλειν

120 1806 200 1833 αὐτὸν
211 1808 281 1834 νοεῖν
296 1806 349 1838 ἀεὶ,
369 1806 416 1833 ἐπὶ
430 1804 517 1842 τούτῳ
534 1805 705 1840 ἀγάλλονται,
724 1806 771 1833 καὶ
795 1815 905 1843 περιχο-

122 1852 253 1888 ρεύουσιν,
271 1851 364 1888 ὥσπερ
378 1853 411 1888 τῇ
425 1851 586 1888 εὐφροσύνῃ.
601 1851 714 1886 Λέγεται
735 1850 781 1879 οὖν
801 1851 863 1885 νοῦς
874 1854 903 1881 ὲν

118 1895 206 1934 ἐαυτῷ
228 1896 313 1932 εἶναι,
337 1898 384 1925 καὶ
407 1898 475 1934 πρὸς
500 1897 594 1925 ἑαυτὸν
619 1895 759 1925 σπεύδειν·
776 1899 790 1925 ὃ
810 1897 856 1926 οὖν
873 1899 904 1926 ὲν

119 1943 207 1979 ἑαυτῷ
222 1943 291 1977 ἐστι,
309 1944 355 1971 καὶ
367 1943 442 1980 δηλοῖ
455 1943 612 1977 ἀθανασίαν,
631 1944 724 1971 στάσιν
747 1945 803 1980 ἔχει
813 1952 820 1960 ⁸
832 1946 902 1973 κατὰ

118 1990 212 2026 γὰρτὸ
227 1988 307 2023 εἶναι,
321 1990 335 2017 δ
351 1991 424 2017 ἐστιν
439 1989 579 2022 ἀθανάτως
594 1988 664 2017 εἶναι
675 2010 682 2022 ,
708 1990 816 2018 ἑστάναι
832 1992 901 2019 νοεῖ-

118 2045 178 2062 ται·
195 2036 264 2063 κατὰ
279 2036 308 2063 δὲ
327 2035 358 2063 τὸ
375 2035 442 2071 πρὸς
461 2035 556 2062 ἑαυτὸν
571 2035 711 2069 σπεύδειν,
734 2037 846 2064 κινεῖται
863 2037 900 2073 μὴ

118 2080 277 2116 βουλόμενος
289 2080 438 2116 διαχεῖσθαι
454 2089 512 2112 πως
528 2082 568 2113 εἰς
579 2081 630 2113 τὰς
643 2080 742 2114 ἔξωθεν
757 2082 839 2109 αὐτοῦ
853 2082 900 2110 καὶ

117 2126 266 2162 προσύλους
289 2127 406 2162 νοήσεις,
434 2125 512 2153 Κατὰ
538 2125 586 2161 μὲν
607 2123 653 2153 οὖν
666 2126 698 2153 τὸ
711 2126 900 2163 ταυτοκίνητον

115 2172 166 2207 οὐχ
178 2172 292 2208 ἕστηκεν
301 2191 308 2204 ,
325 2171 391 2198 ἀλλὰ
407 2172 537 2203 κινεῖται,
558 2172 629 2199 κατὰ
642 2172 670 2199 δὲ
685 2172 735 2208 τὴν
749 2173 842 2200 οὐσίαν
856 2173 899 2200 ἀεὶ

115 2217 244 2249 ὡσαύτως
258 2217 371 2253 ἔχουσαν
387 2217 490 2250 στάσιν,
506 2217 562 2244 ἀλλ’
578 2218 608 2244 οὺ
622 2217 726 2253 κίνησιν
740 2217 805 2254 ἔχει.
819 2219 898 2246 Ἐστι

113 2263 205 2290 τοίνυν
226 2263 273 2290 καὶ
296 2263 366 2290 κατὰ
390 2264 468 2298 φύσιν
491 2263 597 2299 ἑκάστῳ
616 2263 670 2290 τῶν
691 2264 758 2291 νοιῖιν
773 2264 861 2300 ὁρμὴ,
879 2266 897 2301 ἡ

114 2309 183 2345 πρὸς
197 2309 263 2336 Θεὸν
279 2309 370 2344 ἔφεσις
385 2310 432 2336 καὶ
448 2310 464 2344 ἡ
478 2309 541 2345 περὶ
555 2309 645 2342 αὐτὸν,
656 2309 693 2342 ὡς
707 2311 771 2345 περὶ
786 2310 896 2346 κέντρον

113 2355 229 2390 κυκλικὴ
245 2355 337 2391 χορεία
348 2374 356 2387 ,
379 2355 416 2387 ὼς
431 2356 448 2391 ἡ
464 2354 511 2381 τοῦ
527 2355 626 2382 κύκλου
643 2355 706 2391 περὶ
719 2356 750 2383 τὸ
766 2357 893 2392 σημεῖον,

112 2400 172 2436 ἦτοι
187 2400 308 2436 κέντρον,
323 2400 368 2435 ἀφ’
384 2399 415 2428 οὗ
432 2401 561 2437 συνέστη*
580 2401 625 2429 καὶ
639 2401 750 2437 γὰρκαὶ
764 2402 834 2429 κατὰ
846 2411 895 2437 φυ-

112 2445 191 2481 σικὴν
206 2447 327 2482 ἀνάγκην
341 2446 455 2474 ἕκαστον
469 2447 523 2473 τῶν
538 2446 622 2474 ὅντων
636 2448 685 2484 τὴν
698 2448 761 2484 περὶ
771 2448 816 2474 τὸν
827 2446 892 2474 Θεὸν

110 2488 218 2527 χορεύει
233 2492 350 2528 χορείαν,
366 2492 405 2528 τῷ
419 2491 488 2520 εἶναι
503 2493 643 2529 ἐφιέμενον
657 2494 705 2521 τοῦ
716 2492 783 2521 εἶναι
794 2495 827 2521 δ’.
840 2493 893 2521 Οὖ-

109 2544 164 2568 τως
179 2535 226 2564 οὖν
241 2537 306 2572 περὶ
320 2537 373 2564 τῶν
389 2538 497 2565 πάντων
513 2538 624 2574 βασιλέα
639 2539 727 2566 πάντα
746 2539 805 2566 ἐστὶ
816 2560 823 2571 ,
847 2540 894 2566 καὶ

108 2583 214 2609 ἐκείνου
236 2582 317 2610 ἓνεκα
332 2583 420 2610 πάντα
436 2584 482 2610 καὶ
496 2585 585 2611 ὲκεῖνο
599 2585 726 2612 ἁπάντων
742 2585 831 2612 καλῶν
849 2585 893 2612 αῐ-

107 2637 176 2655 τιον.
196 2629 228 2656 ’0
246 2629 275 2655 δὲ
290 2627 366 2656 εἶπεν
382 2630 492 2666 ἀμέσως
511 2630 545 2657 τὰ
561 2631 657 2667 πρῶτα
678 2632 742 2668 περὶ
762 2632 828 2659 Θεὸν
847 2640 893 2667 χο-

108 2674 208 2709 ρεύειν,
224 2674 262 2706 ὡς
278 2674 315 2711 μὴ
330 2675 425 2710 ἔχοντά
440 2684 466 2702 τι
482 2676 535 2713 πρὸ
549 2676 770 2713 αὐτοῦδηλοζ,ὅτι
784 2677 819 2705 τὰ
833 2678 894 2704 δεύ-

155 2766 164 2784 ¹
181 2764 234 2793 lsa.
246 2773 285 2795 τι,
299 2764 318 2791 2

958 1618 1005 1647 Dei
1019 1619 1185 1647 desiderium
1202 1624 1229 1648 et
1243 1627 1362 1648 amorem
1375 1640 1382 1652 ,
1403 1620 1474 1648 sicut
1498 1621 1571 1648 circa
1595 1625 1717 1648 centrum
1728 1641 1736 1654 ,

957 1665 1126 1698 versabitur;
1142 1673 1196 1693 non
1209 1666 1281 1693 enim
1295 1665 1416 1693 secunda
1437 1666 1569 1693 uniuntur
1584 1667 1736 1701 praeceden-

955 1712 1051 1745 tibus;
1064 1712 1112 1740 sed
1126 1711 1155 1739 id
1175 1711 1250 1747 quod
1273 1711 1302 1739 ﬁt
1314 1731 1321 1744 ,
1340 1711 1429 1739 simile
1445 1715 1487 1738 est
1501 1711 1583 1739 alicui
1598 1712 1736 1747 tripudio;

955 1765 1015 1794 qua
1025 1758 1098 1786 enim
1110 1762 1274 1794 generantur
1285 1758 1313 1785 in
1327 1757 1439 1793 proprio
1453 1757 1523 1790 loco,
1542 1765 1603 1786 esse
1616 1759 1737 1795 gestien-

955 1805 993 1832 tia
1004 1825 1012 1838 ,
1029 1808 1202 1841 generantem
1225 1803 1470 1838 circumspiciunt:
1489 1804 1562 1839 quod
1576 1812 1640 1840 ergo
1653 1805 1735 1833 intel-

954 1851 1050 1878 lective
1064 1851 1098 1878 ad
1112 1858 1145 1878 ea
1156 1857 1216 1886 quae
1227 1849 1316 1885 ipsum
1329 1849 1493 1878 antecedunt
1507 1857 1668 1879 conversum
1680 1855 1733 1884 est,

953 1897 1096 1925 circulari:
1116 1897 1245 1924 motionis
1263 1896 1455 1932 cogitationem
1469 1897 1583 1925 inducit.
1600 1897 1734 1931 Quoniam

952 1943 1035 1978 igitur
1047 1942 1119 1971 Deus
1133 1943 1234 1983 ubique
1248 1945 1301 1976 est,
1315 1950 1376 1979 qua:
1398 1943 1563 1979 ubicumque
1582 1944 1671 1979 ipsum
1690 1952 1734 1973 se-

952 1991 1033 2021 cutae,
1047 1996 1080 2016 eo
1094 1988 1166 2024 quod
1181 1989 1265 2016 velint
1284 1995 1391 2025 semper
1405 1989 1493 2025 ipsum
1508 1990 1661 2026 intelligere
1673 2011 1682 2023 ,
1703 1991 1732 2019 in

951 2033 1003 2063 hoc
1015 2034 1172 2069 exsultant,
1188 2039 1215 2063 et
1228 2035 1332 2062 circum
1346 2035 1497 2070 tripudiant
1511 2036 1582 2063 sicut
1596 2037 1623 2063 in
1636 2038 1732 2065 convi-

950 2080 1010 2114 vio;
1024 2080 1125 2108 dicitur
1140 2081 1230 2116 itaque
1243 2088 1320 2109 mens
1331 2081 1360 2108 in
1375 2081 1463 2116 seipsa
1480 2089 1541 2110 esse
1554 2101 1562 2115 ,
1583 2087 1611 2110 et
1631 2082 1664 2109 ad
1686 2090 1731 2110 se-

950 2127 1037 2162 ipsam
1052 2126 1195 2157 festinare:
1212 2127 1285 2163 quod
1299 2127 1381 2162 igitur
1396 2127 1424 2154 in
1441 2128 1530 2162 seipso
1540 2130 1591 2160 est,
1606 2131 1633 2155 et
1647 2129 1731 2162 signi-

949 2172 1012 2201 ﬁcat
1023 2173 1263 2206 immortalitatem,
1275 2176 1376 2201 statum
1387 2173 1485 2207 habet;
1497 2173 1646 2201 secundum
1657 2174 1729 2202 enim

949 2226 1011 2247 esse
1023 2220 1096 2255 quod
1110 2223 1151 2247 est
1165 2219 1354 2247 immortaliter
1368 2227 1439 2251 esse,
1456 2223 1530 2247 stare
1549 2219 1728 2255 intelligitur;

913 2249 1097 2292 l)secundum
1122 2268 1212 2292 autem
1233 2265 1266 2292 ad
1292 2265 1412 2301 seipsum
1436 2265 1585 2297 festinare,
1605 2270 1729 2293 movetur

946 2311 1021 2338 nulla
1034 2311 1140 2338 ratione
1151 2311 1245 2339 volens
1258 2310 1372 2338 dilfundi
1384 2311 1411 2338 in
1423 2318 1469 2338 eas
1480 2318 1540 2346 quae
1549 2315 1627 2339 extra
1638 2311 1727 2346 ipsum

946 2361 1011 2385 sunt
1022 2377 1030 2388 ,
1046 2360 1073 2384 et
1088 2357 1243 2385 materiales
1258 2357 1465 2385 intellectiones.
1483 2357 1622 2391 Quatenus
1643 2359 1727 2394 igitur

944 2410 992 2438 per
1006 2410 1036 2431 se
1050 2403 1157 2431 mobilis
1171 2406 1213 2431 est
1225 2423 1233 2436 ,
1249 2411 1305 2431 non
1318 2405 1372 2430 stat
1384 2423 1391 2435 ,
1408 2403 1456 2431 sed
1474 2407 1615 2438 movetur;
1629 2410 1727 2440 quate-

946 2456 998 2476 nus
1014 2450 1104 2475 autem
1124 2452 1167 2476 est
1177 2447 1295 2476 essentia
1310 2455 1417 2483 semper
1430 2448 1525 2476 eodem
1538 2449 1618 2476 modo
1632 2443 1662 2477 se
1677 2449 1725 2477 ha-

945 2493 1013 2522 hens
1024 2513 1032 2527 ,
1047 2496 1149 2521 statum
1159 2512 1166 2526 ,
1180 2500 1237 2521 non
1251 2500 1316 2521 vero
1330 2497 1433 2521 motum
1444 2513 1451 2526 ,
1471 2494 1562 2522 habet.
1578 2494 1626 2522 Est
1642 2495 1725 2530 igitur

945 2543 972 2567 et
985 2538 1133 2567 secundum
1148 2542 1273 2566 naturam
1287 2538 1435 2574 unicuique
1449 2539 1581 2567 mentium
1594 2540 1722 2575 impetus,

944 2585 1080 2620 cupiditas
1105 2592 1170 2620 erga
1195 2584 1280 2612 Deum
1304 2588 1331 2612 et
1356 2592 1420 2620 erga
1437 2585 1576 2620 seipsam,
1593 2589 1722 2620 tanquam

944 2631 1017 2658 circa
1031 2634 1155 2659 centrum
1176 2630 1311 2659 circulare
1337 2629 1484 2666 tripudium
1497 2650 1505 2664 ,
1529 2631 1600 2658 sicut
1626 2629 1721 2658 circuli

944 2677 1017 2705 circa
1042 2681 1172 2712 punctum
1193 2684 1242 2705 seu
1264 2680 1387 2705 centrum
1402 2684 1435 2706 ex
1451 2684 1505 2712 quo
1519 2678 1640 2706 constitit
1655 2686 1662 2710 ;
1679 2680 1721 2704 et-

575 2841 691 2873 VARUS
707 2841 897 2874 LECTIONES
910 2842 954 2873 ET
971 2842 1245 2873 CORRECTIONES.

151 2914 172 2932 ⁵¹
189 2915 284 2942 αὐτοῦ.
322 2916 344 2932 ¹¹
361 2916 456 2943 αἰτίου.

214 2962 354 2993 ΡΑτιιοιη
371 2962 430 2993 Gn.
447 2962 501 2994 IV.
