1925 3060
204 163 239 194 75
607 162 776 191 APPENDIX
794 162 839 190 AD
854 162 966 191 OPERA

1031 158 1177 192 ΜΟΝῗὸἰί
1193 163 1432 193 ΑΒΕΟΡΑϐΙΤᾹΞ.
1783 167 1816 194 ’16

203 224 275 252 enim
313 223 394 250 etiam
427 221 581 250 secundum
610 223 763 250 naturalem
794 222 969 250 necessitater

1035 232 1101 260 τερα
1116 223 1162 250 καὶ
1178 223 1211 250 τὰ
1226 223 1314 259 τρίτα,
1331 224 1453 250 τουτέστι
1468 224 1502 251 τὰ
1517 225 1632 261 αἰσθητὰ
1642 246 1649 257 ,
1665 225 1709 253 διὰ
1726 226 1815 262 μέσων

203 267 423 305 unumquodque
442 269 547 305 entium
574 269 745 296 saltationem
770 276 830 303 quae
855 268 884 295 ﬁt
910 269 966 297 circ

1035 270 1089 296 τῶν
1104 270 1156 305 πρὸ
1171 270 1259 296 αὐτῶν
1275 269 1338 305 περὶ
1352 269 1397 297 τὸν
1412 269 1487 302 Θεὸν,
1502 271 1539 302 ὡς
1551 271 1667 307 εἴρηται,
1679 272 1816 308 ἀναλόγως

203 315 288 344 Deum
304 316 384 343 saltat
399 315 458 349 ipso
472 322 533 342 esse
548 315 661 349 cupiens
672 322 748 342 esse:
763 315 802 342 sic
814 315 895 350 igitur
909 315 981 342 circa
1036 315 1151 350 χορεύει.

202 371 294 398 regem
309 362 429 390 omnium
446 364 510 388 sunt
524 361 660 393 universa,
673 364 698 388 et
710 361 783 388 illius
796 368 879 388 causa
892 362 982 388 omnia
995 365 1022 388 et
1037 362 1082 389 ille
1095 361 1226 388 bonorum
1241 361 1362 389 omnium
1388 365 1492 389 auctor.
1523 361 1601 395 Quod
1623 367 1712 391 autem
1736 356 1814 396 dixit,

203 408 359 436 immediate
374 410 476 442 primos
492 407 566 434 circa
580 406 663 434 Deum
680 407 839 442 tripudiare,
869 411 997 443 tanquam
1014 408 1082 435 nihil
1107 412 1168 435 ante
1193 416 1222 436 se
1253 408 1381 435 habentia
1392 428 1399 440 ,
1416 408 1537 436 declarat
1560 410 1633 444 quod
1647 410 1766 438 secunda
1788 415 1814 437 et

201 454 293 486 tertia,
309 453 361 481 hoc
374 457 414 481 est
428 453 579 485 sensibilia,
609 453 664 488 28
687 460 736 488 per
758 453 847 480 media
870 454 1047 488 praecedentia
1075 454 1149 481 circa
1165 453 1259 486 Deum,
1279 454 1350 482 sicut
1369 453 1471 481 dictum
1487 458 1545 488 est,
1568 462 1617 490 pro
1632 458 1712 490 captu
1727 456 1814 491 tripu-

203 500 288 528 diant.
1150 505 1152 507 -
1598 514 1599 517 η

239 546 419 574 Intellectilia.
436 546 546 581 Species
560 545 670 580 quidem
685 549 711 573 et
725 546 905 581 proprietates
919 554 969 574 sun

1069 544 1106 571 Τὰ
1120 545 1220 577 νοητά.
1242 543 1293 580 [Τὰ
1310 542 1407 580 νοητὰ]
1419 543 1475 579 εἴδη
1492 544 1541 579 μὲν
1555 545 1608 571 alat
1623 545 1671 572 καὶ
1687 546 1815 582 ἰδιότητες

202 593 424 621 exsistentiarum
447 592 636 619 distinctarum
659 601 665 619 :
688 593 716 619 in
738 593 860 628 corporis
893 597 969 620 auten

1032 591 1172 626 ὑπάρξεων
1194 590 1406 626 διακεκριμένων
1417 599 1424 605 ·
1447 590 1477 616 ὲν
1492 590 1520 616 δὲ
1534 591 1567 625 τῇ
1584 591 1744 627 ἀσωματῐᾳ,
1768 594 1814 620 καὶ

201 639 363 675 privatione,
377 641 404 665 et
418 637 483 673 quia
497 637 697 670 iuimaterialia,
713 639 773 666 loco
785 647 838 666 non
850 639 969 674 indigent

1035 637 1072 673 μὴ
1087 637 1169 663 τόπου
1185 636 1288 663 δεῖσθαι
1303 636 1338 662 τὰ
1356 635 1424 663 ᾶῦλα
1434 655 1441 668 ,
1459 636 1502 662 ἵνα
1518 636 1703 671 χωρισθῶσιν,
1720 638 1758 670 ὡς
1778 639 1812 666 τὰ

201 690 232 713 ut
246 687 406 720 separentur
420 684 491 711 sicut
508 691 622 719 corpora
637 685 744 718 omnia;
760 685 806 712 ubi
828 685 900 712 enim
922 693 969 712 cor

1033 684 1146 718 σώματα
1162 683 1249 710 πάντα
1259 691 1265 697 ·
1283 683 1348 709 ὅπου
1365 682 1420 717 γὰρ
1437 681 1515 717 σῶμα
1529 683 1575 709 καὶ
1585 683 1667 715 τόπος
1678 683 1693 709 6
1709 684 1814 719 μέλλων

201 739 252 766 pus
267 734 308 759 est
319 750 327 762 ,
351 730 387 758 ibi
402 737 512 765 quoque
535 730 612 757 locus
627 734 678 763 est,
697 731 745 766 qui
761 731 821 758 sine
833 731 983 758 certamine

201 784 315 813 corpora
329 780 508 811 suscepturus
523 780 575 804 est.

236 823 321 856 Quasi
334 830 393 849 vox.
413 821 476 850 Haec
490 826 553 849 sunt
566 821 727 850 Ezechielis.

234 869 274 895 De
291 877 339 895 suo
358 868 424 894 loco.
441 866 584 900 Quomodo
599 870 706 901 oportet
722 867 871 902 intelligere
889 867 979 894 locum

1032 730 1130 765 χωρεῖν
1145 729 1259 764 ἀμάχως
1273 729 1307 755 τὰ
1323 728 1445 763 σώματα.

1073 821 1120 853 Ὡς
1134 820 1227 855 φωνή.
1245 820 1336 847 Ταῦτα
1350 820 1396 847 τοῦ
1421 821 1558 857 Ἰεζεκιήλ.

1072 867 1122 893 Ἐκ
1144 867 1196 893 τοῦ
1218 867 1310 893 τόπου
1331 867 1434 894 αὐτοῦ.
1458 867 1520 898 Πῶς
1542 867 1593 903 χρὴ
1618 867 1712 902 νοῆσαι
1731 868 1812 894 τόπον

199 915 228 942 in
255 914 327 946 Deo,
354 913 495 948 Scriptura
525 913 624 948 ubique
654 913 761 940 dicente
781 913 969 940 incircumscri

1033 913 1078 939 ἐπὶ
1093 911 1171 942 Θεοῦ,
1187 911 1237 947 τῆς
1252 913 1361 948 Γραφῆς
1376 913 1529 948 ἁπανταχοῦ
1546 913 1686 948 λεγούσης,
1716 915 1812 951 ἀπερι-

199 966 274 996 piam
296 968 357 988 esse
377 959 561 991 Diviuitatem,
575 962 602 986 et
614 968 620 986 :
631 958 730 986 Civium
745 958 816 986 sedes
829 959 896 993 ejus,
908 963 978 985 terra

199 1012 286 1034 autem
311 1006 453 1034 seabellum
480 1005 573 1040 pedum
596 1006 695 1039 ejus“;
721 1008 747 1032 et
775 1012 894 1032 rursus:
917 1004 978 1032 Sta—

199 1055 252 1082 tuit
276 1053 357 1081 valles
382 1057 499 1084 statera,
527 1058 551 1080 et
585 1060 686 1079 omnem
719 1057 816 1078 terram
840 1050 976 1085 pugillo';

199 1105 280 1136 atque
303 1100 419 1128 iterum:
437 1099 466 1126 Si
487 1098 625 1126 ascendere
646 1099 674 1125 in
690 1098 781 1125 caelum
796 1117 802 1129 ,
820 1101 847 1124 tu
862 1097 919 1124 illic
933 1105 976 1129 es;

199 1146 223 1172 si
245 1150 331 1172 autem
356 1144 511 1172 descendere
535 1145 562 1171 in
582 1143 712 1178 infernum
725 1164 732 1177 ,
755 1143 816 1170 ades
825 1147 849 1170 ι.
865 1142 976 1176 Qualem

199 1191 283 1226 igitur
305 1191 430 1218 Ezechiel
452 1190 615 1224 excogitavit
639 1188 693 1216 Deo
711 1189 820 1216 locum?
837 1188 975 1220 Dicimus,

199 1237 272 1273 quod
284 1257 291 1269 ,
311 1243 372 1272 qur.
386 1236 512 1264 videntur
526 1236 608 1268 nobis
623 1235 740 1262 obscura
750 1255 757 1267 ,
773 1235 844 1262 Deus
861 1235 894 1262 iis
905 1254 913 1267 ,
930 1234 977 1269 qui

198 1284 289 1318 ipsum
305 1286 364 1309 toto
378 1282 479 1317 impetu
494 1281 653 1316 inquirunt,
674 1281 806 1314 illustret';
824 1280 888 1308 dicit
904 1281 975 1307 enim

198 1330 290 1357 divina
304 1329 445 1364 Scriptura
454 1327 497 1355 :Si
507 1331 639 1363 praecepta
651 1335 710 1354 mea
722 1326 857 1354 custodiat
867 1327 974 1362 aliquis,

198 1384 249 1412 ego
264 1380 291 1404 et
301 1375 382 1403 Pater
399 1375 543 1408 veniemus,
562 1379 586 1402 et
601 1375 762 1402 mansionem
777 1374 846 1409 apud
860 1381 918 1401 eum
933 1373 977 1408 fa-

197 1423 295 1449 ciemus
305 1425 336 1455 7;
352 1422 443 1456 itaque
460 1421 542 1457 igitur
556 1425 582 1449 et
598 1421 782 1456 intelligibiles
801 1419 932 1452 virtutes,
949 1423 976 1446 et

197 1473 355 1497 sanctorum
367 1473 447 1502 atque
459 1468 580 1495 omnium
592 1473 725 1503 praecepta
739 1465 905 1494 servantium
916 1466 976 1493 ani-

196 1523 265 1548 mae,
283 1515 381 1543 merito
394 1514 484 1541 vocari
500 1513 638 1549 potuerint
653 1513 699 1540 Dei
718 1513 795 1540 locus
809 1516 835 1540 et
849 1511 973 1547 requies:

195 1561 295 1589 etenim
309 1561 375 1588 alibi
387 1560 454 1587 dicit
471 1568 477 1585 :
494 1559 625 1595 Requievit
647 1558 762 1593 Spiritus
775 1566 849 1585 meus
861 1558 887 1585 in
897 1558 973 1592 ipsis.

231 1651 264 1679 In
276 1652 309 1679 iis
319 1671 327 1684 ,
342 1658 399 1687 qua:
410 1650 443 1678 de
455 1650 551 1677 divinis
566 1649 679 1685 hymnis.
699 1649 779 1681 Nota.
796 1650 878 1676 alium
892 1649 972 1676 etiam

194 1698 292 1725 librum
308 1697 346 1724 De
357 1697 454 1724 divinis
468 1696 571 1732 hymnis
585 1696 618 1723 ab
634 1695 694 1731 ipso
707 1695 884 1723 elaboratum.

227 1787 324 1815 Divina
339 1787 407 1814 loca.
424 1786 555 1819 Quisnam
569 1785 616 1812 Dei
631 1785 719 1817 locus.

227 1833 289 1860 Loci
304 1833 397 1859 divini.
413 1832 568 1867 Scriptura:
586 1831 696 1864 Qualem
709 1831 816 1865 domum
829 1831 892 1858 mihi
907 1832 974 1859 aedi;

193 1879 307 1914 litabilis
319 1899 326 1910 ,
341 1879 403 1906 dicit
426 1878 553 1905 Dominus
563 1898 570 1910 ,
586 1882 631 1904 aut
644 1878 702 1913 qui:
718 1878 789 1906 lacus
806 1879 972 1913 requietiouis

191 1925 419 1956 mew1,declarat.
430 1931 483 1951 non
498 1923 552 1950 dici
566 1924 600 1951 de
614 1923 708 1951 sensili
721 1924 821 1960 aliquo,
833 1931 925 1951 verum
939 1924 972 1952 de

192 1969 293 1997 divinis
311 1969 353 1996 his
369 1969 525 2001 mentibus;
549 1971 595 1994 aut
611 1968 693 1995 etiam
709 1968 761 1996 hoc
775 1968 870 1999 modo:
886 1968 971 1996 voluit

191 2015 264 2043 Deus
295 2014 448 2049 signiﬁcare
478 2014 597 2041 divinam
627 2017 752 2041 naturam
783 2015 970 2043 circumscribi

189 2068 246 2088 non
271 2068 361 2095 posse.
384 2060 418 2087 Et
438 2060 531 2087 aliter:
553 2068 640 2095 neque
658 2061 687 2088 in
708 2060 775 2095 ipsis
798 2060 970 2090 audientibus

190 2105 245 2133 Deo
257 2105 346 2133 locum
363 2105 541 2141 requietiouis
556 2105 640 2134 fuisse
659 2110 770 2141 prepter
794 2106 970 2136 incredulitas

189 2157 244 2180 tem
260 2152 394 2188 ipsorum,
411 2153 482 2180 sicut
495 2152 534 2180 ait
547 2153 576 2181 in
589 2152 742 2188 Evangeliis
756 2152 886 2182 Dominus
896 2163 905 2181 :
919 2153 969 2181 Fi-

190 2198 241 2226 lius
257 2203 343 2226 autem
358 2198 470 2225 hominis
486 2207 537 2226 non
552 2198 627 2226 habet
643 2199 687 2225 ubi
699 2203 777 2234 caput
791 2200 897 2233 reclinet
907 2207 931 2229 α.

226 2288 318 2315 Unitas
334 2293 382 2316 est.
397 2287 456 2316 Non
467 2293 584 2322 tantum,
598 2289 696 2325 inquit,
713 2292 755 2318 ter
764 2294 876 2318 sanctus
891 2290 968 2327 hym-

187 2341 241 2360 nus
265 2333 406 2366 declarat,
425 2339 506 2370 atque
526 2343 576 2363 vox
594 2343 627 2363 ex
651 2337 711 2364 loco
727 2337 787 2372 ipso
807 2337 889 2365 Deum
905 2345 966 2367 cum

188 2380 274 2415 gloria
289 2380 451 2416 praedicans,
469 2382 664 2409 communicari
679 2383 760 2410 etiam
777 2383 906 2418 subjectis
923 2391 967 2411 or-

187 2425 298 2453 dinibus
324 2433 488 2461 cognoscere
517 2431 545 2454 et
571 2427 716 2455 decantare
742 2427 843 2461 Deum;
871 2436 966 2456 verum

186 2472 268 2499 etiam
290 2472 392 2506 aliquid
416 2473 488 2499 aliud
505 2478 601 2507 praeter
618 2473 674 2500 hinc
690 2474 834 2508 signiﬁcat.
847 2473 903 2501 Hoc
917 2481 966 2501 au-

187 2522 240 2545 tem
254 2517 373 2545 declarat
396 2519 529 2546 sententia
554 2519 665 2547 dicens:
686 2520 810 2554 equidem
833 2520 963 2547 unitatem

184 2568 212 2592 et
235 2564 377 2592 monadem
399 2564 480 2592 trium
507 2564 745 2592 subsistentiarum
772 2565 826 2600 29
848 2565 963 2593 dicimus

184 2618 246 2639 esse
258 2611 352 2645 Deum,
368 2615 396 2638 et
408 2612 536 2639 omnibus
550 2612 692 2646 providere
704 2632 712 2644 ,
728 2619 743 2638 a
758 2612 853 2647 primis
867 2611 900 2639 ad
915 2620 964 2640 ex-

185 2660 270 2684 trema
285 2661 364 2684 terrae
379 2657 651 2691 comprehendemem
664 2657 791 2684 universa
810 2665 963 2692 incompre-

183 2702 364 2735 hensibiliter,
376 2703 428 2730 hoc
443 2706 485 2730 est
498 2711 551 2730 non
567 2711 706 2738 corporea,
722 2703 769 2731 sed
789 2703 880 2731 divina
897 2712 961 2739 pro-

183 2748 302 2775 videntia
320 2749 584 2783 superessentialiter
601 2750 795 2777 continentem.
818 2749 895 2782 Quod
909 2758 960 2778 au-

183 2796 237 2820 tem
255 2794 290 2821 sit
305 2795 394 2822 unitas
412 2799 558 2827 et~monas,
574 2795 655 2822 etiam
673 2794 804 2830 Evagrius
819 2796 919 2831 impius
933 2797 960 2824 in

183 2840 302 2867 secunda
318 2841 440 2867 centuria
461 2841 550 2875 capite
573 2842 653 2868 tertio
666 2863 673 2875 ,
696 2841 747 2868 hoc
771 2842 853 2868 dicit:
872 2851 881 2867 ι
900 2841 959 2876 Ipse

1026 959 1131 993 όριστον
1141 953 1247 984 εἶναιτὸ
1262 958 1348 991 Θείον,
1366 959 1412 985 καὶ
1426 958 1457 984 τό
1467 967 1473 973 '
1493 958 1622 993 Οὐρανὸς
1638 959 1742 993 θρόνος
1757 961 1810 987 αὐ-

1028 1004 1096 1036 τοῦ,
1113 1004 1132 1038 ἠ
1148 1004 1183 1030 δὲ
1197 1003 1235 1039 γῆ
1251 1004 1414 1031 ὑποπόδιον
1435 1004 1494 1031 τῶν
1516 1004 1614 1031 ποδῶν
1638 1005 1730 1033 αὐτοῦ
1742 1014 1748 1020 ·
1764 1007 1811 1033 καὶ

1028 1050 1126 1077 πάλιν·
1151 1050 1281 1084 "Eamus
1303 1051 1356 1084 τὰς
1377 1051 1474 1084 νάπας
1497 1050 1588 1085 ζυγῷ,
1611 1052 1659 1078 καὶ
1681 1051 1738 1087 τὴν
1753 1051 1810 1087 γῆν

1027 1096 1113 1129 opaea!
1120 1103 1127 1111 ‘
1145 1097 1192 1123 καὶ
1207 1094 1293 1128 αὖθις·
1318 1097 1387 1123 Ἐὰν
1402 1096 1535 1130 πορευθῶ
1550 1098 1592 1130 εἰς
1608 1097 1660 1125 τὸν
1672 1098 1810 1132 οὐρανὸν,

1027 1142 1068 1168 σὺ
1082 1142 1146 1169 ἐκεῖ
1165 1151 1172 1156 ·
1203 1141 1256 1168 ἐὰν
1270 1141 1305 1168 δὲ
1319 1141 1434 1169 καταϐῶ
1448 1142 1491 1174 εἰς
1506 1141 1559 1168 τὸν
1589 1142 1681 1176 ᾅδην,
1714 1144 1809 1177 πάρει.

1027 1188 1104 1214 Ποῖον
1111 1185 1156 1214 οὖν
1168 1188 1183 1214 6
1196 1187 1323 1223 Ἰεσεκιὴλ
1339 1187 1467 1223 ἐπενόησε
1483 1188 1521 1223 τῷ
1538 1188 1596 1224 Θεῷ
1611 1189 1708 1222 τόπον;
1726 1190 1810 1224 Λέγο-

1028 1242 1087 1268 μεν,
1104 1233 1143 1260 ὅτι
1158 1233 1192 1260 τὰ
1208 1233 1336 1260 δοκοῦντα
1352 1235 1416 1269 ἡμῖν
1432 1233 1521 1269 ἄπορα
1537 1235 1551 1261 6
1566 1234 1631 1266 Θεὸς
1643 1236 1698 1267 τοῖς
1709 1235 1738 1267 ἐξ
1747 1235 1810 1271 ὅλης

1026 1278 1105 1305 αὑτὸν
1127 1278 1282 1314 ἐπιζητοῦσι
1306 1280 1438 1315 κινήσεως
1462 1280 1586 1314 φωτίζει·
1613 1280 1687 1314 λέγει
1711 1281 1765 1317 γὰρ
1791 1283 1809 1316 ἡ

1027 1323 1086 1351 θεία
1101 1325 1194 1361 Γραφή
1205 1334 1211 1340 ·
1231 1325 1293 1352 Ἐὰν
1305 1326 1354 1357 τὰς
1364 1325 1472 1357 ἐντολάς
1485 1335 1534 1361 μου
1551 1326 1671 1362 φυλάττῃ
1687 1335 1738 1360 τις,
1755 1327 1809 1361 ἐγὼ

1026 1370 1072 1397 καὶ
1087 1371 1101 1396 6
1117 1371 1212 1406 Πατὴρ
1233 1371 1428 1405 ἐλευσόμεθα,
1452 1372 1500 1398 καὶ
1520 1372 1620 1406 μονὴν
1640 1373 1707 1407 παρ’
1729 1373 1809 1407 αὐτῷ

1025 1417 1215 1450 ποιησόμεθα.
1235 1417 1314 1444 ’Ὥστε
1329 1415 1375 1444 οὖν
1391 1417 1437 1444 καὶ
1452 1418 1479 1444 αἱ
1496 1418 1587 1453 νοηταὶ
1601 1418 1744 1454 δυνάμεις,
1761 1419 1808 1446 καὶ¹

1025 1462 1053 1488 αἱ
1069 1462 1122 1488 τῶν
1138 1463 1221 1497 ἁγίων
1237 1462 1340 1498 ψυχαὶ,
1357 1463 1404 1490 καὶ
1420 1464 1527 1491 πάντων
1541 1464 1596 1491 τῶν
1618 1464 1807 1499 φυλασσόντων

1024 1506 1075 1538 τὰς
1096 1507 1213 1539 ἐντολὰς,
1236 1508 1317 1540 τόπος
1339 1508 1461 1544 κληθεῖεν
1484 1509 1516 1535 ἂν
1539 1509 1650 1540 εἰκότως
1670 1509 1717 1536 τοῦ
1739 1509 1806 1536 Θεοῦ

1025 1553 1072 1580 καὶ
1087 1553 1238 1585 ἀνάπαυσις
1257 1565 1263 1570 ·
1279 1555 1326 1581 καὶ
1341 1554 1456 1589 ἀλλαχοῦ
1473 1555 1527 1590 γάρ
1543 1563 1624 1591 φησιν
1645 1563 1650 1569 ·
1679 1555 1806 1582 Ἔπονα-

986 1594 1008 1624 C
1024 1599 1169 1627 πέπαυται
1184 1600 1216 1627 τὸ
1231 1601 1351 1636 Πνεῦμά
1362 1610 1421 1636 μου
1437 1602 1481 1627 ἐπ’
1497 1602 1615 1634 αὐτούς.

1064 1646 1114 1673 Ἑν
1129 1647 1189 1680 τοῖς
1204 1647 1270 1681 περὶ
1287 1647 1346 1674 τῶν
1360 1647 1447 1674 θείων
1466 1648 1574 1682 ὕμνων.
1593 1648 1748 1684 Σημείωσαι
1763 1648 1806 1675 ὅτι

1024 1693 1070 1719 καὶ
1085 1692 1149 1719 ἄλλο
1165 1693 1305 1729 σύνταγμα
1321 1692 1394 1729 αὺτῷ
1410 1693 1478 1728 Περὶ
1495 1694 1581 1721 θείων
1595 1694 1696 1729 ὓμνων·
1717 1695 1804 1721 πεπό-

1024 1747 1111 1774 νηται.

1060 1786 1092 1811 οἱ
1107 1785 1176 1812 θεῖοι
1193 1786 1285 1812 τόποι.
1302 1786 1350 1818 Τίς
1364 1787 1378 1813 6
1393 1786 1439 1813 τοῦ
1455 1786 1522 1813 Θεοῦ
1537 1787 1627 1819 τόπος.

1060 1830 1144 1857 Τόποι
1167 1830 1221 1865 τῆς
1243 1832 1409 1867 θεαρχικῆς.
1434 1833 1470 1859 Τὸ
1486 1833 1641 1868 εἰρημένον·
1659 1833 1748 1860 Ποῖον
1762 1830 1805 1860 ol-

1022 1883 1076 1902 κον
1089 1876 1298 1911 οικοδομήσετέ
1310 1887 1370 1912 μοι,
1386 1879 1466 1913 λέγει
1481 1879 1597 1912 Κύριος,
1617 1879 1636 1912 ἢ
1653 1879 1697 1911 τίς
1712 1879 1804 1912 τόπος

1020 1921 1076 1956 τῆς
1091 1923 1302 1956 καταπαύσεώς
1313 1933 1382 1958 μου,
1400 1924 1473 1959 δηλοί
1489 1924 1525 1960 μὴ
1541 1924 1665 1958 λέγεσθαι
1681 1926 1744 1961 περὶ
1759 1926 1803 1951 αἰ-

1022 1967 1118 2002 σθητοῦ
1134 1977 1206 2000 τινος
1217 1989 1224 2001 ,
1241 1969 1308 1996 ἀλλὰ
1324 1970 1386 2005 περὶ
1401 1970 1454 1996 τῶν
1474 1969 1553 1997 θείων
1568 1971 1668 1997 τούτων
1684 1972 1750 1998 νοῶν
1760 1981 1766 1986 ·
1784 1973 1802 2008 ἢ

1021 2013 1066 2039 καὶ
1082 2013 1166 2046 οὕτως
1181 2021 1186 2026 ·
1200 2015 1335 2051 ἠϐουλήθη
1357 2017 1372 2042 6
1392 2016 1458 2048 Θεὸς
1479 2017 1617 2052 σημᾶναι,
1639 2018 1680 2044 ὅτι
1704 2018 1802 2053 ἀπερί-

1019 2066 1141 2094 γραπτον
1163 2060 1194 2086 τὸ
1215 2060 1301 2087 Θεῖον.
1325 2061 1378 2087 Καὶ
1400 2061 1500 2094 ἄλλως·
1523 2063 1563 2090 ὅτι
1587 2064 1616 2090 ὲν
1639 2065 1731 2096 αὐτοῖς
1745 2066 1802 2097 τοῖς

1019 2105 1160 2133 ἀκούουσιν
1181 2106 1231 2133 οὐκ
1252 2105 1286 2142 ἦν
1305 2107 1344 2142 τῷ
1365 2107 1423 2143 Θεῷ
1444 2109 1523 2141 τόπος
1547 2111 1742 2143 καταπαύσεως
1757 2112 1802 2138 διὰ

1017 2151 1067 2186 τὴν
1082 2152 1209 2179 ἀπιστίαν
1225 2152 1323 2183 αὐτῶν,
1340 2153 1377 2185 ὥς
1393 2162 1473 2190 φησιν
1489 2155 1518 2182 ὲν
1534 2156 1707 2191 Εὑαγγελίοις
1722 2157 1737 2183 ό
1749 2157 1802 2183 Κύ-

1018 2205 1090 2232 ριος·
1114 2198 1144 2224 ‘0
1159 2198 1193 2225 es
1207 2199 1272 2232 υἱὸς
1287 2200 1338 2227 τοῦ
1354 2201 1508 2234 ἀνθρώπου
1525 2203 1580 2229 οὐκ
1595 2202 1656 2237 ἔχει
1672 2203 1730 2230 ποῦ
1744 2203 1802 2237 τὴν

1019 2243 1155 2278 κεφαλὴν
1165 2246 1270 2272 κλίνει.

1053 2291 1155 2324 Μονάς
1169 2292 1244 2318 ἐστι.
1262 2292 1298 2318 UL’:
1317 2293 1406 2328 μόνον,
1424 2294 1513 2329 φησὶν,
1530 2294 1544 2320 6
1559 2295 1698 2330 τρισάγιος
1717 2295 1801 2330 ὕμνος

1017 2335 1099 2371 δηλοῖ,
1117 2337 1163 2363 καὶ
1179 2338 1194 2372 ἡ
1211 2338 1242 2364 ἐκ
1257 2337 1303 2364 τοῦ
1319 2338 1400 2365 τόπου
1417 2339 1497 2365 αὐτοῦ
1511 2339 1555 2366 τὸν
1571 2340 1636 2367 Θεὸν
1651 2341 1801 2375 δοξολογοῦ-

1018 2390 1052 2408 σα
1068 2382 1159 2418 φωνὴ,
1183 2383 1213 2409 τὸ
1230 2384 1418 2418 μεταδεδόσθαι
1435 2385 1481 2411 καὶ
1496 2386 1555 2417 ταῖς
1571 2386 1728 2422 ὑφειμέναις
1749 2387 1799 2414 τά-

1017 2427 1073 2460 ξεσι
1089 2429 1232 2462 γινώσκειν
1247 2431 1293 2457 καὶ
1309 2431 1402 2466 ὑμνεῖν
1418 2431 1463 2457 τὸν
1479 2431 1560 2463 Θεὸν,
1584 2432 1651 2459 ἀλλὰ
1673 2434 1719 2460 καὶ
1739 2433 1798 2460 ἓτε-

1018 2474 1062 2509 ρόν
1077 2483 1102 2501 τι
1120 2476 1243 2510 σημαίνει
1260 2477 1327 2512 πρὸς
1342 2477 1445 2509 τούτοις
1457 2486 1463 2492 ·
1481 2477 1559 2504 τοῦτο
1573 2478 1600 2504 δὲ
1616 2478 1690 2514 δηλοί
1704 2478 1734 2504 τὸ
1750 2480 1799 2514 ρη-

1015 2521 1062 2547 τὸν
1076 2520 1107 2547 τὸ
1122 2521 1198 2555 λέγον
1208 2531 1214 2536 ·
1232 2523 1278 2549 καὶ
1302 2523 1353 2559 μὴν
1379 2524 1425 2550 καὶ
1441 2524 1520 2551 ὲνάδα
1536 2525 1582 2551 καὶ
1605 2524 1705 2560 μονάδα
1720 2533 1796 2560 τρισ-

1018 2566 1166 2593 υπὸστατον
1189 2567 1303 2603 λέγομεν
1325 2567 1394 2596 εἶναι
1415 2570 1460 2596 τὸν
1489 2570 1572 2603 Θεὸν,
1595 2571 1642 2597 καὶ⁸
1675 2573 1798 2606 προνοεῖν

1015 2613 1141 2639 ἁπάντων
1157 2633 1163 2645 ,
1181 2614 1234 2640 ἀπὸ
1248 2615 1302 2641 τῶν
1319 2614 1432 2651 πρώτων
1449 2617 1495 2643 καὶ
1511 2617 1590 2652 μέχρι
1606 2616 1659 2643 τῶν
1675 2616 1797 2652 ἐσχάτων

1014 2658 1063 2693 τῆς
1079 2658 1129 2694 γῆς
1145 2660 1389 2696 περιδεδραγμένον
1406 2662 1531 2689 ἁπάντων
1547 2662 1684 2697 ἀσχέτως,
1719 2670 1796 2690 τουτ-

1019 2704 1129 2732 ἐστινού
1146 2709 1284 2743 σωματικῇ
1316 2708 1472 2743 κατέχοντα,
1490 2709 1557 2736 ἀλλὰ
1582 2709 1658 2744 θεῖκῇ
1683 2709 1796 2744 προνοίᾳ.

1014 2752 1188 2787 ὐπερουσίως.
1207 2753 1266 2780 ’Ὁτι
1288 2754 1316 2780 δέ
1332 2754 1405 2780 ἐστιν
1421 2755 1483 2786 ἑνὰς
1499 2755 1545 2781 καὶ
1563 2754 1646 2790 μονὰς
1656 2775 1663 2786 ,
1681 2755 1727 2782 καὶ
1743 2755 1796 2781 Εὐ-

1013 2797 1107 2833 άγριος
1122 2799 1135 2824 ὁ
1151 2799 1255 2831 ἀνόσιος
1269 2801 1298 2826 ὲν
1313 2801 1345 2834 τῇ
1361 2800 1474 2836 δευτέρᾳ
1489 2801 1644 2827 ἐκατοντάδι
1657 2800 1796 2835 κεφαλαίῳ

1012 2845 1094 2879 τρίτῳ
1103 2845 1167 2880 φησὶ
1176 2845 1254 2871 τοῦτο
1264 2854 1270 2860 '
1286 2855 1294 2870 ι
1310 2846 1394 2877 Αὐτός
1401 2847 1458 2872 ἐστι
1472 2846 1564 2881 μονὰς,
1573 2847 1667 2882 ἐπειδὴ
1677 2847 1707 2873 τὸ
1718 2847 1795 2873 Θεῖον

217 2911 231 2927 ⁸
247 2907 297 2936 lsa.
314 2916 386 2939 LXVI.
400 2909 425 2936 1.
465 2915 476 2928 ν
492 2909 543 2937 lsa.
561 2918 604 2943 XL,
622 2910 664 2938 l2.
696 2918 707 2932 κ
722 2907 793 2939 Psal.
805 2909 968 2943 cxxxvm,8.
991 2915 1003 2936 γ
1016 2911 1197 2941 Joan.xtv23.
1217 2920 1227 2933 π
1239 2914 1399 2949 lsa.uv1,l;
1410 2914 1467 2942 Act.
1480 2915 1579 2948 “1,47.
1601 2922 1613 2936 ³
1625 2915 1734 2946 Luc.u,
1746 2914 1790 2942 58.
