1925 3060
122 164 154 191 ’17

452 163 481 191 S.
500 162 625 190 MAXIM!
643 160 789 191 SCHOLIA
806 160 839 188 ΙΝ
856 159 919 188 LIB.
937 158 982 187 DE
998 157 1159 187 C(ELESTI
1175 157 1398 189 HIERARCHIA.

1700 162 1737 190 78

120 217 222 247 ἁπλοῦν
243 218 290 245 καὶ
310 217 458 254 ἀδιαίρετόν
479 220 554 245 ἐστι*
576 217 671 244 τούτου
695 217 774 253 χάριν
797 217 897 252 μονάς·

953 219 992 244 est
1006 223 1119 248 monas,
1146 217 1274 251 quoniam
1287 217 1419 245 divinitas
1430 221 1473 253 est
1489 217 1603 253 simplex
1621 223 1648 246 et
1662 219 1735 247 indi-

119 265 166 292 καὶ
182 264 265 300 μονὰς
279 265 332 299 γὰρ
347 264 533 300 ἀριθμητικῶς
547 264 636 290 εἰπεῖν
647 283 654 295 ,
672 263 744 298 ἁπλῆ
760 263 806 290 καὶ
821 262 902 289 ἀσύν-

119 309 194 342 θετός
209 311 298 336 ἐστιν·
315 309 377 341 ὲνὰς
392 309 420 336 δὲ
435 309 478 336 διὰ
493 309 581 342 τοῦτο,
598 309 691 345 ἐπειδὴ
703 310 749 336 καὶ
762 310 829 344 πρὸς
839 310 901 336 ἐαυ-

118 355 167 392 τὴν
182 357 282 391 ἥνωται
297 357 314 392 ἡ
331 356 396 390 ἁγία
410 356 493 391 Τριὰς
509 356 630 391 φυσικῶς
642 376 649 388 ,
666 357 712 383 καὶ
728 357 783 383 ἑνοῖ
799 356 900 388 πάντας

118 403 181 434 τοὺς
201 402 269 438 αὑτῇ
294 401 489 439 πλησιάζοντας
510 402 578 429 κατὰ
599 402 630 429 τὸ
652 402 795 438 εἰρημένον
817 403 846 429 ἐν
860 402 901 438 τῷ

119 448 278 484 Εὑαγγελίῳ
287 468 295 481 ,
320 448 386 476 Ἵνα
395 447 469 476 ὦσιν
484 447 568 475 αὐτοὶ
583 447 628 481 ἐν,
641 447 742 483 ὥσπερ
753 448 802 475 καί
816 448 901 483 ἡμεῖς

117 494 152 522 ἓν
162 494 264 529 ἐσμεν.
286 503 296 520 ι

159 584 297 618 Ἀσχέτφ.
313 584 442 620 Ἀσχετον
456 584 569 621 συνοχὴν
583 585 656 620 λέγει
668 584 718 621 τὴν
731 585 901 620 ἐξῃρημένην

117 629 204 664 πάντη
227 630 273 656 καὶ
295 630 418 666 άσυναφῆ
443 631 512 666 πρὸς
530 632 564 658 τὰ
587 631 752 667 συνεχόμενα
774 631 901 666 πρόνοιαν

117 675 163 702 τοῦ
180 675 247 703 Θεοῦ
263 675 310 703 καί¹
321 677 529 713 περικράτησιν.

358 778 412 804 ΕΙΣ
430 778 473 805 ΤΟ
489 778 612 806 ΚΕΦΑΛ.
634 779 674 805 ﬂ'.

151 824 278 852 Δυνατά.
299 824 484 861 Ἰσχυρότατα.

157 870 350 906 Ἐπωνυμίας.
368 871 401 898 Ὅ
411 872 461 906 τιὴ
486 871 627 907 ἐπωνυμία
646 871 736 898 αὐτῶν
759 871 899 907 σημαίνει,

115 917 158 948 τίς
170 917 188 952 ἡ
205 917 302 953 ἰδιότης
318 917 417 944 αὐτῶν.

346 963 424 998 Μέση
443 963 569 1000 τριαδικὴ
587 963 673 997 τάξις,

230 1009 423 1043 κυριότητες,
443 1008 598 1045 Δυνάμεις,
626 1009 785 1042 Ἐξουσίαι.

157 1053 350 1082 Ἀδούλωτον.
361 1055 422 1081 Ὅτι
433 1055 507 1081 πᾶσα
521 1054 603 1090 νοητὴ
617 1055 729 1090 δύναμις
738 1055 901 1091 ἀμειλίκτως

115 1099 183 1135 πρὸς
196 1100 227 1126 τὺ
243 1101 333 1136 χεζρον
349 1099 415 1135 ἔχει.

151 1145 165 1181 §
179 1145 211 1174 ll.
238 1146 287 1179 Ὧς
300 1146 472 1180 ἀμείλικτον
485 1147 651 1181 κυριότητα.
669 1146 801 1174 Ἐνταῦθα
815 1147 900 1182 σφάλ-

115 1201 179 1228 ματι
194 1192 249 1219 τῶν
263 1192 412 1228 ἐλληνικῶν
425 1193 574 1228 φιλοσόφων
587 1193 706 1226 εὐσεϐῶς
721 1193 896 1220 ἐπισκώπτει·

113 1238 211 1269 οἵτινες
226 1237 312 1270 ίδιχὰς
327 1240 400 1274 τρεῖς
409 1238 538 1274 δυνάμεις
548 1238 623 1270 τινὰς
633 1239 805 1274 ἀμειλίκτους
820 1248 899 1275 προσ-

54 1297 57 1300 -
112 1284 281 1321 ηγόρευσαν,
300 1285 482 1320 προελθούσας
499 1287 539 1317 είς
558 1285 673 1321 ὕπαρξιν
696 1285 728 1312 ἐκ
743 1294 822 1313 τινων
845 1286 899 1322 πρὸ

112 1330 202 1357 αὑτῶν
227 1330 326 1366 ἑτέρων
353 1331 435 1366 τριῶν
457 1331 613 1366 δυνάμεων
641 1331 671 1358 οὐ
704 1331 756 1367 μὴν
777 1333 809 1358 ἐκ
830 1331 897 1358 Θεοῦ

112 1375 190 1410 φῶτα
205 1375 244 1408 ⁸³,
262 1376 508 1412 δημιουργηθείσας
533 1376 633 1408 ίδικῶς.
653 1377 708 1404 Καὶ
731 1377 811 1412 φασὶν
828 1374 898 1404 εἶναι

111 1423 175 1454 τοὺς
189 1422 362 1457 ἀμειλίκτους
375 1422 486 1454 τούτους
500 1423 661 1455 ὑποπεζίους
677 1422 732 1449 τῶν
747 1423 896 1459 προϐαλλο-

114 1468 201 1503 μένων
220 1467 317 1499 αὐτοὺς
337 1467 439 1503 νοητῶν
453 1468 609 1503 δυνάμεων,
626 1467 834 1500 ἀναστέλλοντας
851 1469 898 1496 καὶ

112 1513 207 1550 ὥσπερ
220 1513 433 1546 ἀντιϐαίνοντας,
449 1514 496 1541 καὶ
507 1514 667 1548 ἐφεκτικοὺς
675 1513 729 1540 τῶν
740 1513 793 1550 πρὸ
808 1514 896 1541 αὐτῶν

112 1560 160 1586 καὶ
175 1559 288 1592 ἑαυτῶν,
302 1559 349 1586 τοῦ
363 1560 399 1595 μὴ
416 1561 508 1586 πεσεῖν
523 1560 563 1592 είς
578 1559 655 1595 ὕλην,
678 1560 725 1586 καὶ
738 1560 896 1587 ἀσθενεστέ-

115 1614 177 1642 ρους
191 1606 260 1632 κατὰ
270 1605 349 1632 τοῦτο
363 1605 417 1632 τῶν
435 1605 661 1641 προὸαλλομένων
676 1606 799 1638 ἑαυτοὺς,
811 1607 871 1633 καθ’
884 1606 899 1633 ὃ

111 1652 216 1679 δέονται
230 1652 277 1679 τοῦ
293 1652 419 1687 κατέχειν
433 1652 474 1683 είς
488 1651 519 1678 τὸ
535 1652 659 1678 ἄπτωτον
674 1652 795 1684 ἑαυτούς.
807 1653 899 1680 Ταῦτα

113 1699 163 1734 μὲν
178 1696 224 1726 οὖν
237 1699 275 1731 ὡς
290 1699 320 1726 ὲν
334 1699 451 1734 ἐπιτομῇ
475 1699 509 1725 τὰ
526 1698 651 1725 ἑκείνωψ
666 1700 681 1726 ό
693 1699 721 1726 δὲ
739 1700 825 1735 μέγας
840 1701 900 1727 Διοι-

111 1746 201 1778 νύσιος
226 1745 316 1780 σοφῶς
334 1745 367 1772 τὰ
393 1744 501 1772 ἐναντία
523 1745 613 1772 πάντα
637 1746 727 1778 αὐτοῖς
753 1755 848 1782 φησιν’
866 1748 899 1774 ὲκ

110 1793 179 1820 Θεοῦ
195 1792 249 1829 γὰρ
263 1792 348 1824 αὑτὰς
370 1791 572 1827 δημιουργικῶς
588 1792 736 1828 ὑποστῆναι
753 1801 850 1829 φησιν·
866 1789 898 1820 οὗ

111 1840 158 1866 καὶ
170 1839 218 1875 τὴν
235 1838 382 1874 ἐμφέρειαν
393 1837 499 1872 έχουσιν
515 1838 555 1870 είς
570 1837 729 1874 κυριότητα,
744 1838 838 1875 ὥσπερ
851 1839 898 1866 καὶ

111 1886 191 1920 ἡμεῖς
215 1884 239 1911 oi
267 1883 328 1911 καθ’
352 1883 479 1919 ὁμοίωσιν
507 1883 675 1915 κτισθέντες’
692 1884 790 1916 αὐτοὺς
816 1884 844 1911 δὲ
866 1882 898 1911 ἐδ

110 1930 266 1966 ἀμείλικτον
281 1929 352 1957 κατὰ
367 1929 460 1964 πάσης
472 1929 593 1964 ὑφέσεως
605 1929 643 1964 τῷ
659 1929 730 1965 λόγῳ
743 1930 792 1966 τῆς
806 1931 897 1967 κυριό-

109 1985 191 2012 τητος
206 1977 277 2012 ἔχειν
301 1976 390 2010 λέγει,
404 1976 555 2008 κόπτοντας
571 1975 665 2012 ὧσπερ
682 1976 728 2003 καὶ
744 1976 897 2012 διατέμνον-

110 2032 170 2055 τας,
184 2023 230 2050 καὶ
253 2023 302 2050 οὐκ
316 2022 418 2054 ἐῶντες
434 2023 543 2057 κρατεῖν
564 2022 613 2057 τὴν
634 2021 702 2058 πρὸς
724 2021 759 2048 τὰ
780 2022 896 2058 αἰσθητὰ

110 2068 258 2105 ἐπιθυμίαν
269 2088 277 2100 ,
293 2068 324 2095 οὺ
341 2068 393 2104 μὴν
407 2068 471 2099 τοὺς
493 2068 546 2103 πρὸ
562 2067 649 2094 αὐτῶν
668 2067 875 2100 ἀναστέλλοντας
887 2077 894 2084 ⁵

109 2115 145 2141 τὰ
169 2115 198 2142 δὲ
220 2113 335 2150 αἰσθητὰ
359 2114 405 2140 καὶ
430 2114 571 2149 σωματικὰ
601 2113 811 2150 δουλοπρέπειάν
830 2123 895 2150 φησι

110 2161 158 2188 καὶ
174 2160 364 2196 ἀνελευθερίαν
384 2160 431 2187 καὶ
449 2160 554 2187 είκαίαν
570 2159 659 2192 δόξαν.
679 2160 852 2193 Δουλοποιίας
867 2161 895 2188 δὲ

109 2208 172 2235 ἀντὶ
194 2207 241 2235 τοῦ
265 2207 495 2243 δουλοπρεπείας,
519 2206 578 2233 ἐπεὶ
605 2207 642 2242 μὴ
668 2207 837 2243 συγχωροῦσι
860 2206 896 2234 τὰ

911 1582 932 1610 C

951 263 1020 293 visa.
1036 262 1118 298 hujus
1130 263 1216 299 gratia
1231 271 1344 298 monas;
1356 264 1456 292 etenim
1470 271 1567 292 monas
1582 266 1734 294 secundum

951 309 1056 337 numeri
1072 309 1204 337 rationem
1220 310 1365 346 loquendo,
1381 311 1496 345 simplex
1510 316 1537 338 et
1552 311 1734 348 incomposita

950 359 1005 382 est:
1024 355 1115 382 unitas
1129 360 1220 384 autem
1236 356 1307 389 ideo,
1324 356 1453 392 quoniam
1468 360 1495 384 et
1511 357 1540 384 in
1558 365 1588 385 se
1602 359 1736 386 naturali-

950 403 993 428 ter
1012 400 1088 428 unita
1109 404 1152 428 est
1177 405 1272 428 sancta
1298 401 1439 434 Trinitas,
1463 405 1491 429 et
1515 402 1573 430 unit
1591 406 1686 431 omnes
1700 404 1735 431 ad

951 445 1038 480 ipsam
1063 446 1244 480 accedentes;
1270 447 1419 475 secundum
1444 447 1517 482 quod
1532 448 1634 476 dictum
1649 454 1691 477 est
1706 450 1734 478 in

950 490 1100 527 Evangelio
1114 502 1120 519 :
1133 492 1166 519 Ut
1177 493 1230 520 sint
1242 494 1293 528 ipsi
1303 494 1464 526 unum,aicut
1480 498 1505 521 et
1518 502 1565 522 nos
1582 503 1664 522 unum
1688 504 1735 523 au-

951 546 1008 565 mus
1020 538 1044 565 ι).
1070 549 1079 564 ι

987 583 1254 618 Ineomprehensibili.
1279 584 1324 612 Gr.
1341 585 1456 621 ἁσχέτῳ.
1478 587 1607 622 ’Λσχετον
1629 588 1736 616 incom-

951 628 1162 662 prehensibilem
1187 636 1346 665 compagem
1372 628 1457 660 dicit,
1474 630 1602 657 selectam
1622 631 1736 658 omnino

951 677 978 702 et
998 675 1110 702 minime
1125 682 1275 702 connexam
1291 682 1352 702 cum
1365 674 1564 702 cohaerentibus
1579 674 1627 703 Dei
1643 675 1734 711 provi-

951 720 1071 748 dentiam
1082 724 1109 748 et
1125 721 1351 750 dominationem.

1211 779 1213 782 ’
1236 777 1269 804 ΙΝ
1289 777 1366 806 CAP.
1387 777 1456 805 Vili.

987 822 1120 856 Potentia,
1137 823 1184 851 Gr.
1200 824 1308 851 δυνατά.
1325 823 1500 851 Fortissima.

987 869 1148 904 Appellatio.
1176 869 1246 903 Quid
1269 877 1403 905 agnomen
1432 870 1554 904 ipsorum
1583 868 1734 904 signiﬁcet,

911 907 935 938 Β
949 923 1072 952 quaenam
1086 916 1122 944 sit
1137 916 1258 952 ipsorum
1274 916 1438 951 proprietas.

1191 961 1296 990 Medius
1311 962 1400 990 trinus
1416 961 1493 989 ordo.

1073 1008 1285 1042 Dominatt’ones,
1305 1008 1421 1036 Virtutes
1430 1028 1438 1040 ,
1451 1008 1610 1036 Potestates.

989 1055 1096 1082 Minime
1110 1055 1289 1091 mbjugatam.
1304 1054 1384 1088 Quod
1397 1055 1472 1082 nulla
1489 1055 1668 1091 intelligibilis
1681 1054 1737 1083 vir—

950 1106 994 1130 tus
1009 1101 1159 1129 demulceri
1176 1108 1240 1137 erga
1255 1101 1378 1128 deterius
1390 1101 1536 1129 sustineat.

988 1147 1002 1183 §
1026 1146 1059 1174 ll.
1089 1146 1123 1173 Ut
1149 1154 1265 1174 severam
1291 1145 1507 1173 dominationem.
1536 1145 1587 1173 llic
1614 1153 1737 1173 errorem

949 1201 1098 1228 graecorum
1115 1192 1339 1228 philosOphorum
1353 1192 1397 1227 pie
1415 1191 1600 1227 reprehendit,
1618 1192 1665 1227 qui
1679 1195 1738 1220 tres

948 1239 1129 1275 particulares
1148 1238 1281 1274 quasdam
1297 1239 1413 1267 virtutes
1436 1238 1624 1274 implacabiles
1647 1238 1737 1266 nomi-

948 1287 1059 1316 narunt,
1090 1291 1250 1319 progressas
1269 1284 1297 1311 in
1315 1284 1504 1312 exsistentiam
1523 1292 1555 1313 ex
1572 1284 1736 1320 quibusdam

948 1330 1036 1358 tribus
1060 1330 1122 1357 aliis
1149 1330 1223 1364 ipsas
1247 1329 1464 1364 praecedentibus
1488 1330 1659 1364 virtutibus;
1680 1337 1736 1357 non

947 1379 1038 1403 tamen
1055 1383 1070 1402 a
1085 1375 1142 1403 Deo
1156 1375 1358 1410 particulariter
1368 1380 1476 1404 creatas
1488 1385 1495 1404 :
1507 1380 1535 1404 et
1556 1376 1652 1404 dicunt
1675 1384 1737 1404 esse

946 1421 1133 1456 implacabiles
1153 1421 1204 1449 has
1221 1421 1336 1456 pedibus
1359 1422 1439 1457 quasi
1459 1415 1613 1450 substratas
1634 1422 1738 1450 intelli-

946 1467 1070 1503 gibilium
1086 1468 1234 1500 virtutum,
1250 1474 1310 1502 quae
1330 1467 1405 1503 ipsas
1429 1467 1608 1500 antecedunt,
1624 1473 1737 1499 contra-

946 1513 1043 1541 hentes
1057 1516 1085 1541 et
1099 1513 1179 1548 quasi
1194 1517 1292 1540 contra
1316 1513 1472 1546 tendentes,
1493 1517 1576 1549 atque
1589 1514 1644 1542 vim
1663 1515 1737 1542 inhi-

948 1559 1030 1587 bendi
1046 1559 1188 1591 habentcs,
1203 1567 1238 1587 ne
1251 1559 1318 1594 ipsa:
1331 1563 1359 1587 et
1381 1567 1441 1594 qua:
1456 1559 1614 1594 praecedunt
1634 1561 1662 1587 in
1677 1568 1722 1587 ma
1735 1575 1738 1579 -

949 1605 1047 1632 teriam
1063 1605 1243 1639 delabantur;
1265 1610 1346 1640 atque
1368 1605 1518 1633 secundum
1539 1605 1591 1638 h_oc
1613 1606 1737 1633 imbecil-

949 1650 1033 1678 liores
1052 1650 1102 1685 iis,
1120 1658 1181 1685 qua;
1204 1650 1279 1686 ipsas
1294 1650 1468 1685 praecedunt,
1485 1655 1621 1685 quatenus
1637 1651 1737 1678 debent

949 1703 980 1723 se
988 1696 1130 1723 continere
1144 1704 1179 1724 ne
1191 1697 1335 1729 labantur;
1351 1696 1408 1724 haec
1421 1696 1504 1732 igitur
1515 1696 1647 1724 orationis
1660 1704 1736 1724 com-

949 1739 1048 1774 pendio
1064 1739 1173 1767 illorum
1196 1743 1240 1767 est
1261 1740 1407 1768 sententia.
1431 1739 1545 1776 Magnus
1565 1744 1655 1768 autem
1672 1740 1736 1768 Dio-

948 1785 1044 1820 nysius
1060 1785 1197 1820 sapienter
1211 1786 1303 1814 omnia
1321 1785 1389 1822 ipsis
1404 1785 1543 1814 contraria
1555 1786 1623 1814 dicit
1638 1796 1645 1814 :
1660 1787 1735 1822 ipsas

949 1830 1024 1857 enim
1041 1839 1075 1859 ex
1102 1830 1157 1859 Deo
1179 1831 1290 1859 creandi
1321 1831 1449 1860 facultate
1472 1832 1624 1861 subsistere
1648 1833 1735 1867 dicit;

948 1876 1029 1911 cujus
1044 1877 1127 1904 etiam
1147 1877 1352 1906 similitudinem
1368 1877 1470 1906 habent
1494 1879 1522 1906 in
1539 1878 1734 1912 dominatione,

947 1923 1020 1951 sicut
1041 1928 1068 1951 et
1092 1931 1144 1952 nos
1167 1924 1214 1959 qui
1243 1924 1393 1952 secundum
1417 1924 1624 1953 similitudinem
1649 1924 1734 1953 creati

947 1975 1052 1997 sumus.
1059 1967 1135 2004 Ipsas
1142 1977 1206 1996 vero
1217 1969 1465 2004 implacabilitatem
1477 1977 1540 2005 erga
1549 1978 1655 1998 omnem
1669 1970 1735 1998 sub-

946 2015 1104 2043 missionem
1118 2018 1223 2043 ratione
1246 2014 1439 2043 dominationis
1461 2015 1562 2043 habere
1581 2015 1636 2050 3o
1655 2016 1733 2047 dicit,

946 2061 1026 2096 quasi
1040 2061 1175 2089 caedentes
1189 2064 1216 2089 et
1231 2061 1412 2092 dissecantes,
1430 2068 1520 2096 neque
1535 2061 1655 2099 sinentes
1671 2061 1733 2089 vin-

946 2114 1008 2134 cere
1020 2106 1199 2142 cnpiditatem
1214 2107 1248 2134 ad
1261 2105 1414 2137 sensibilia,
1431 2113 1486 2133 non
1501 2110 1593 2134 tamen
1608 2114 1655 2134 eas
1672 2114 1734 2142 qua:

945 2153 1101 2187 praecedunt
1115 2152 1285 2180 cohibentes.
1296 2151 1442 2179 Sensibilia
1459 2154 1551 2179 autem
1563 2155 1590 2179 et
1601 2159 1734 2187 corporea

945 2198 1011 2226 dicit
1026 2198 1203 2226 servilitalem
1212 2201 1239 2224 et
1250 2197 1384 2224 libertatis
1397 2196 1589 2231 privationem,
1598 2201 1625 2224 et
1636 2204 1734 2225 vanam

109 2255 194 2286 ὅντως
216 2253 283 2281 ὂντα
304 2242 417 2285 ἐννοεῖν,
434 2252 502 2279 ἀλλὰ
523 2252 686 2287 κατάγουσιν
703 2253 735 2279 ἐκ
750 2242 800 2289 τῆς
816 2253 893 2280 ἀκλι-

953 2245 1069 2281 gloriam.
1092 2242 1265 2274 Δουλοποιίας
1281 2249 1332 2277 pro
1349 2242 1579 2278 δουλοπρεπειας,
1594 2251 1655 2279 qua:
1676 2251 1734 2271 ser-

110 2299 173 2332 νοῦς
190 2299 360 2336 ἐδραιότητος
384 2298 430 2325 ἐπὶ
447 2299 496 2334 τὴν
511 2298 565 2325 τῶν
588 2299 773 2334 ματαιοτήτων
791 2299 895 2326 ὑποκα-

109 2345 244 2372 τάκλισιν.
261 2344 451 2380 ’Δνομοιότητα
466 2344 495 2371 δὲ
512 2343 589 2376 αὖθις
606 2344 683 2371 καλεῖ
695 2344 729 2371 τὰ
750 2344 839 2377 ὑλικὰ,
858 2345 896 2376 ὡς

112 2391 245 2427 μηδέποτε
268 2391 380 2426 μένοντα
399 2391 445 2417 ἐπὶ
466 2390 643 2425 ταύτότητος,
667 2389 734 2416 ἀλλὰ
752 2390 796 2417 ἀεὶ
812 2397 895 2424 μετα-

109 2438 251 2465 ϐάλλοντα.

145 2571 333 2605 Κυριαρχίιις.
358 2570 527 2606 Κυριαρχίαν
549 2569 599 2605 τὴν
622 2569 736 2605 Θεότητα
763 2569 830 2604 ἔφη·
856 2569 897 2596 ὅτι

109 2618 202 2654 πάσης
216 2617 375 2654 κυριότητος
388 2617 460 2652 ἀρχὴ
477 2616 523 2643 καὶ
539 2616 611 2642 αἰτία
630 2615 806 2651 καθέστηκεν.

150 2709 208 2736 οὐκ
233 2709 469 2737 ἀπολείπουσαν.
495 2709 650 2745 Σημείωσαι
679 2708 737 2740 πῶς
759 2708 896 2742 πανταχοῦ

147 2788 162 2809 1³
172 2788 249 2816 Joan.
264 2797 331 2822 xv",
349 2789 394 2816 Η.

948 2291 1062 2318 vitutem
1088 2289 1186 2322 docet,
1207 2289 1337 2324 quoniam
1361 2295 1417 2315 non
1439 2287 1593 2316 concedunt
1615 2296 1647 2316 ea
1672 2297 1734 2325 quze

949 2344 1019 2365 verae
1031 2335 1164 2365 exsistunt
1182 2334 1314 2370 cogitare,
1336 2333 1384 2362 sed
1401 2333 1541 2362 deducunt
1567 2342 1600 2363 ex
1621 2335 1733 2364 minime

949 2383 1098 2410 inclinante
1122 2381 1271 2408 stabilitate
1295 2381 1328 2408 ad
1348 2380 1466 2416 aliquam
1484 2381 1633 2408 vanitatum
1653 2382 1734 2410 recli-

949 2427 1366 2462 nationem;dissimilitudinem
1380 2434 1446 2455 vero
1464 2427 1563 2455 iterum
1582 2428 1734 2456 materialia

949 2479 1039 2508 vocat,
1055 2479 1085 2503 ut
1100 2481 1160 2510 qua;
1171 2481 1309 2509 nunquam
1325 2473 1353 2501 in
1364 2473 1506 2501 identitate
1528 2478 1667 2508 maneant,
1684 2475 1733 2504 sed

947 2529 1055 2556 semper
1070 2524 1220 2548 mutentur.

983 2567 1111 2602 Principii
1127 2566 1332 2600 dominationis,
1353 2566 1401 2594 Gr.
1417 2567 1590 2604 κυριαρχίας.
1606 2569 1731 2604 Κυριαρ-

946 2616 1007 2651 χίαν
1022 2613 1216 2642 dominationis
1228 2613 1410 2648 principatum
1425 2613 1554 2642 deitatem
1569 2614 1645 2647 dicit,
1667 2616 1731 2649 quia

946 2661 1037 2689 omnis
1049 2660 1244 2688 dominationis
1259 2660 1423 2696 principium
1436 2664 1464 2688 et
1478 2668 1561 2687 causa
1576 2660 1693 2688 exsistit.

982 2707 1047 2740 Qua
1060 2706 1206 2742 non_deeat.
1231 2705 1310 2739 Nota,
1327 2706 1464 2742 quomodo
1477 2707 1578 2741 ubique
1594 2706 1668 2732 dicat
1683 2713 1730 2734 sn-

580 2843 694 2871 VARl/E
711 2842 902 2871 LECTIONES
921 2843 964 2871 ET
980 2843 1198 2872 COBRECTION
1206 2844 1257 2873 ES.

166 2914 188 2931 "
202 2915 278 2950 φῶτα
293 2916 416 2943 omissum
430 2919 468 2942 est
485 2923 500 2941 a
513 2913 652 2950 Pachym.,
669 2912 784 2948 adeoque
800 2913 863 2940 mihi
879 2915 897 2940 vi

953 2921 961 2939 ι
977 2911 1161 2946 ἐπιπολάζειν.
