1914 3063
151 179 186 210 ’19
539 175 709 204 APPENDIX
725 173 771 202 AD
786 172 900 202 OPERA
918 172 946 200 S.
965 170 1114 200 DIONYSII
1129 170 1373 200 AREOPAGITE.
1742 174 1778 203 so

151 241 272 276 reriores
286 238 400 266 virtutes
414 236 617 264 communicare
626 232 736 269 propria
747 230 932 262 inferioribus,

1001 237 1051 264 mat
1075 227 1125 260 τὰς
1144 227 1364 264 ὑπερϐεϐηκυιας
1385 227 1514 264 δυνάμεις
1532 229 1699 264 μεταδιδόναι
1720 232 1777 260 τῶν

151 294 178 315 et
199 286 316 313 virtutes
338 282 519 311 corroborare
548 279 692 312 subditas;
718 277 821 305 scimus
847 279 937 303 autem

151 333 224 369 quod
240 331 372 366 scriptum
386 329 432 361 sit,
453 327 578 364 angelum
590 325 786 353 corroborasse
798 322 937 350 Danielem

151 368 179 406 et
192 378 270 409 alios,
289 380 326 409 et,
341 375 414 411 quod
429 373 555 402 omnibus
578 371 678 406 majus,
695 370 776 398 etiam
791 368 936 396 Dominum

151 428 276 452 nostrum
287 421 379 450 Jesum
391 420 543 450 Christum.
553 421 648 454 utpote
666 416 803 444 hominem
817 421 936 450 quoque,

153 471 224 499 sicut
236 471 263 497 in
280 467 428 504 Evangelia
442 465 593 495 secundum
608 463 711 491 Lucam
722 462 847 490 habetur.

187 561 291 588 Bonum
304 559 432 586 ordinem.
449 557 517 585 Cum
533 563 575 588 eo,
588 554 661 591 quod
676 553 802 589 superius
816 552 935 587 positum

151 611 194 636 est
206 607 263 634 haec
274 612 383 641 quoque
393 601 596 636 connectenda;
616 599 834 630 subaudiendum
849 597 932 630 enim,

152 653 268 680 arbitror
280 651 425 680 declarare.

186 697 357 726 Auimitatre.
385 694 464 728 Quod
491 693 573 721 etiam
593 695 776 728 potestatem,
801 693 934 725 quantum

151 745 219 780 ipsis
239 744 313 775 licet,
333 740 511 777 sequentibus
523 759 531 772 ,
564 741 656 774 utpote
677 735 792 772 angelis,
806 735 935 771 intelligi-

151 791 219 818 biles
234 791 348 818 virtutes
361 786 573 815 communicent.

187 836 319 871 Expiatur
332 835 411 862 enim.
427 831 570 866 Quomodo
583 833 610 857 et
629 836 678 864 per
694 827 760 864 quid
780 832 933 871 expurgen-

151 886 196 909 tur
210 870 237 909 ct
258 882 445 911 illustrentur,
465 882 547 913 atque
568 875 743 911 perﬁciantur
757 872 839 900 medii
859 870 933 898 ordi-

987 275 1094 301 οἰκείων
1109 275 1168 306 ταῖς
1184 275 1242 309 μετ’
1263 273 1348 306 αὑτὰς
1363 274 1471 306 καὶτὰς
1490 274 1620 311 δυνάμεις
1641 276 1777 313 δυναμοῦν

987 320 1036 352 τὰς
1052 320 1251 356 ὑποκειμένας·
1269 321 1347 356 ῐσμεν
1363 320 1392 347 δὲ
1402 340 1411 354 ,
1425 321 1467 348 ὅτι
1484 322 1530 348 καὶ
1545 321 1590 348 τὸν
1613 322 1712 358 Δανιὴλ
1728 323 1777 357 γέ-

987 373 1109 402 γραπται
1124 366 1238 401 ἄγγελος
1261 367 1407 402 ἐνισχύων,
1428 368 1477 394 καὶ
1499 367 1607 399 ἄλλους·
1625 369 1673 395 καὶ
1692 368 1723 395 τὸ
1743 369 1777 405 δὴ

987 412 1096 439 πάντων
1119 413 1220 448 μεῖζον,
1235 413 1282 440 καὶ
1299 413 1381 440 αὐτὸν
1393 413 1438 440 τὸν
1454 413 1557 449 Κύριον
1576 414 1654 450 ἡμῶν
1673 413 1777 450 Ἰησοῦν

987 458 1113 494 Χριστὸν,
1129 457 1177 485 ἅτε
1191 459 1239 486 καὶ
1251 458 1408 494 ἄνθρωπον,
1422 459 1460 491 ὡς
1481 460 1510 486 ὲν
1526 459 1566 494 τῷ
1581 459 1652 486 κατὰ
1667 460 1776 487 Λουκᾶν

986 504 1143 540 Εὑαγγελίῳ
1159 506 1259 532 κεῖται.

1021 551 1180 583 Εὑταξίαν.
1209 552 1281 587 Πρὸς
1308 551 1348 587 τῷ
1379 551 1521 588 ὰνωτέρως
1538 552 1562 568 ⁵⁸
1583 552 1702 588 κειμένῳ
1727 551 1776 579 καὶ

985 595 1072 624 ταῦτα
1103 597 1279 624 συντακτέον·
1306 597 1377 625 κατὰ
1396 598 1486 625 κοινοῦ
1500 597 1554 634 γὰρ
1567 597 1598 624 τὺ
1620 598 1699 633 οἶμαι
1722 598 1775 633 δη-

984 643 1070 670 Mr.

1027 690 1272 725 Ἀφομοιωμένης.
1291 691 1351 718 ’Ὁτι
1373 692 1420 718 καὶ
1443 691 1493 727 τῆς
1508 691 1632 725 ἐξουσίας
1649 691 1710 718 ὅσον
1726 691 1778 718 αὑ-

983 736 1044 767 ταῖς
1060 736 1180 772 θεμιτὸν,
1198 737 1235 769 ὼς
1251 737 1378 771 ἀγγέλοις
1394 735 1480 771 οὖσιν,
1497 738 1525 765 αἱ
1539 738 1633 773 νοηταὶ
1647 738 1776 773 δυνάμεις

984 783 1041 813 τοῖς
1056 783 1114 817 μετ’
1130 783 1228 814 αὐτοὺς
1245 783 1425 818 μεταδιδόασι.

1017 828 1192 862 Καθαίρεται
1208 829 1273 864 γάρ.
1292 829 1354 861 Πῶς
1370 830 1416 856 καὶ
1432 830 1476 856 διὰ
1499 830 1571 862 τίνος
1589 830 1774 866 καθαίρονται,

983 873 1030 900 καὶ
1041 873 1212 908 φωτίζονται.
1225 875 1271 901 καὶ
1280 875 1528 911 τελεσιουργοῦνται
1541 877 1569 903 αἱ
1583 877 1664 912 μέσαι
1673 877 1774 910 τάξεις·

151 936 218 956 nes:
235 932 262 955 et
278 926 350 962 quod
366 924 507 960 Scriptura
517 923 607 955 habet,
624 919 696 956 quod
719 919 790 947 alius
805 918 839 947 ad
850 919 932 946 alium

1003 921 1030 947 αὶ
1045 922 1085 948 ὅτι
1102 921 1158 956 ἔχει
1175 922 1191 957 ἡ
1217 921 1322 957 Γραφὴ,
1339 922 1378 954 ὡς
1394 922 1473 954 ἄλλος
1488 922 1560 958 ἄλλῳ
1584 923 1697 958 ἄγγελος
1715 923 1775 950 δια-

151 974 264 1007 angelus
281 971 400 1006 trajiciat
409 970 501 997 divina
514 968 602 1004 signa.

189 1018 222 1045 Et
237 1026 283 1053 per
301 1016 427 1044 medium.
450 1013 636 1042 Perfectlones
656 1019 705 1047 per
719 1010 824 1038 medios
836 1009 936 1037 obscu-

151 1065 240 1092 riores
254 1071 315 1092 esse
332 1063 383 1094 iis,
396 1069 458 1097 quae
478 1060 566 1096 primo
587 1061 750 1094 apparenter
768 1065 784 1084 a
809 1055 865 1084 Deo
879 1055 935 1083 eﬂi-

151 1112 262 1139 eiuntur
273 1120 281 1144 ;
297 1117 357 1145 quae
372 1112 435 1136 sunt
447 1108 550 1143 primae.

188 1158 254 1191 Qua:
267 1163 312 1191 per
325 1155 408 1182 alium
420 1153 527 1181 dicitur.
549 1150 704 1180 Secundum
718 1157 751 1177 ea
764 1156 824 1184 qua:
839 1148 867 1175 in
882 1147 936 1174 Za-

152 1203 256 1235 charia,
272 1205 300 1230 et
315 1201 435 1233 Daniele,
452 1205 480 1229 et
487 1199 626 1229 Ezechiele
635 1198 770 1236 prophetis
779 1195 921 1224 habentur.

188 1294 330 1325 Obscura,
352 1291 400 1319 Gr.
415 1289 631 1327 ἁμυδρουμένης.
658 1286 875 1323 Ἀμυδρουμένης
888 1285 937 1313 ob-

152 1349 242 1369 scura:
255 1340 335 1372 dixit,
349 1346 404 1366 non
416 1341 528 1373 propter
539 1335 676 1371 propriam
687 1333 746 1369 ejus
759 1333 917 1361 relationem
927 1351 935 1364 ,

151 1387 200 1416 sed
224 1389 335 1422 propter
362 1384 543 1412 humilitatem
566 1381 771 1416 recipientium;
787 1379 839 1407 hoc
863 1379 936 1407 enim

152 1433 290 1469 signiﬁcat
305 1430 422 1459 dicendo
437 1429 598 1465 δευτέρωσιν
624 1425 812 1463 perfectionis,
828 1425 881 1453 hoc
895 1429 937 1453 est

151 1479 297 1507 obscurius
310 1477 404 1513 perlici
419 1475 550 1504 secunda.

188 1525 284 1553 Periti.
305 1523 385 1555 Nota,
409 1521 547 1558 quomodo
561 1519 718 1548 sacerdotes
734 1518 793 1546 haec
814 1516 936 1545 tradide-

150 1575 216 1598 runt
241 1577 342 1606 magno
360 1568 510 1604 Dionysio;
533 1567 693 1602 αὑτοφανεῖς
719 1572 768 1601 per
795 1572 825 1592 se
851 1570 935 1599 appa-

150 1621 242 1646 rentes
257 1602 348 1644 autem
361 1602 469 1644 vocavit
482 1613 584 1649 primas
594 1612 701 1640 divinas
716 1611 831 1638 virtutes
843 1619 850 1643 ;
867 1617 935 1644 quo—
948 1602 970 1631 (ἶ

150 1664 225 1691 niam
255 1670 270 1689 a
298 1662 398 1697 seipsis
425 1660 533 1688 divinas
553 1658 692 1693 accipiunt
716 1657 933 1689 illustrationes;

150 1710 262 1745 reliquae
275 1708 347 1736 enim
367 1707 493 1738 virtutes,
509 1712 564 1733 non
579 1712 628 1740 per
643 1704 749 1740 seipsas
763 1703 855 1730 divina
874 1710 936 1730 sus-

150 1756 256 1791 cipiunt
269 1761 384 1782 munera
396 1751 583 1788 cogitationis,
593 1751 641 1779 sed
656 1758 705 1786 per
717 1749 885 1786 superiores.

185 1801 236 1837 31
254 1799 446 1828 Succrdotalia.
465 1797 535 1826 Nota
553 1796 750 1825 sacerdotalem
769 1803 831 1824 esse
849 1794 936 1822 tradi-

150 1847 265 1876 tionem,
280 1845 314 1872 de
329 1844 488 1879 angelorum
503 1842 600 1870 ordine
616 1848 792 1877 cognoscere.

190 1890 415 1919 "lustrationum.
428 1888 630 1917 Demonstratio
640 1887 700 1922 ejus
710 1887 783 1922 quod
794 1885 935 1921 Scriptura

150 1938 229 1970 dicit,
255 1935 375 1965 secunda
392 1943 408 1962 a
428 1935 523 1971 primis
543 1933 660 1966 institui,
673 1941 705 1962 ex
725 1932 855 1961 Zacharia
872 1940 934 1968 pro-

150 1985 230 2019 pheta
235 2003 241 2010 .

186 2028 357 2060 Crudelibus,
374 2027 422 2056 Gr.
437 2027 603 2059 ἀτιθάσσοις.
619 2025 707 2054 Feris.

186 2075 308 2104 Tradita.
331 2074 370 2103 De
399 2074 434 2102 iis
455 2082 517 2110 quae
544 2071 692 2109 Babylonio
717 2073 814 2108 angelo
837 2072 936 2100 tradita

151 2122 265 2150 fuerint.

185 2168 265 2197 Omni
282 2167 371 2195 modo.
386 2166 456 2195 Nota
470 2165 544 2202 quod
562 2165 634 2194 Deus
652 2165 744 2194 omnia
758 2165 886 2193 moliatur
902 2165 936 2193 ad

149 2214 362 2243 convertendum
377 2217 511 2242 errantes.

184 2260 332 2288 Clementer
346 2260 468 2287 adduxit.
485 2259 646 2291 Clementer,
659 2258 706 2286 Gr.
724 2257 869 2291 ἐπιεικῶς,
884 2257 936 2286 hoc
952 2273 974 2300 Β

150 2311 193 2335 est
208 2307 333 2342 benigne,
350 2311 397 2334 aut
413 2306 538 2337 omnino,
552 2309 580 2333 et
593 2305 777 2333 vehementer.

186 2352 328 2381 Commune
341 2353 420 2379 enim.
435 2351 581 2380 Communi
596 2351 706 2379 nomine
715 2358 811 2379 omnes
823 2350 937 2378 virtutes

150 2399 334 2434 intelligibiles
349 2398 462 2433 angelos
478 2397 619 2433 appellari.

189 2445 365 2480 Inferiorum,
383 2444 433 2472 Gr'.
448 2444 611 2480 ὐφειμένων.
633 2443 837 2480 Subjeetionem
852 2446 880 2471 et
894 2450 939 2470 se—

151 2492 271 2520 cundum
284 2491 373 2519 locum
386 2490 580 2519 obtinentium.

186 2537 390 2565 Prwcedentem.
412 2536 580 2564 Praeeuntcm
604 2537 675 2564 forte
695 2536 851 2572 propheta;
869 2535 940 2562 forte

151 2588 242 2612 autem
264 2587 410 2618 antequam
434 2583 523 2618 major
546 2583 659 2619 angelus
680 2582 713 2610 ad
735 2583 824 2617 ipsum
846 2581 939 2609 venis-

151 2634 203 2659 set.

187 2676 287 2704 Deinde
306 2676 338 2704 ab
354 2677 410 2711 ipso
426 2675 555 2704 diuinam.
579 2675 643 2703 Vult
663 2676 715 2703 hoc
735 2675 936 2706 demonstrare,

150 2724 222 2759 quod
238 2725 319 2752 etiam
336 2723 363 2750 in
390 2723 522 2759 angelicis
546 2723 689 2750 ordinibus
709 2721 789 2757 primi
808 2720 936 2748 secundis

150 2771 293 2798 enuntient
305 2770 352 2798 Dei
368 2770 545 2798 voluntatem.
564 2768 757 2806 Κατακάρπως
770 2771 871 2800 autem,
886 2775 936 2802 pro

151 2817 272 2849 omnino,
282 2825 316 2844 ex
329 2817 478 2844 Ezechiele.

984 966 1133 1003 πορθμεύει
1147 967 1181 994 τὰ
1195 967 1254 994 θεῖα
1268 968 1398 1003 σύμϐολα.

1019 1013 1074 1040 Καὶ
1098 1013 1147 1040 διὰ
1172 1013 1280 1048 μέσης.
1297 1014 1358 1041 ’Ὁτι
1389 1015 1418 1041 αἱ
1442 1014 1487 1042 διὰ
1507 1014 1597 1050 μέσων
1623 1015 1788 1048 τελειώσεις,

984 1060 1166 1096 ἀμυδρότεραι
1190 1060 1246 1087 τῶν
1270 1061 1459 1097 πρωτοφανῶς
1483 1062 1536 1089 ὑπὸ
1558 1062 1625 1089 Θεοῦ
1649 1063 1775 1098 ἐνεργου-

987 1107 1084 1142 μένων,
1097 1106 1198 1138 αἵτινές
1214 1107 1265 1133 εἱσι
1282 1107 1399 1144 πρῶται.

1023 1152 1082 1186 Τὴν
1108 1151 1145 1179 δι’
1175 1152 1272 1180 ἄλλου
1301 1153 1478 1188 λεγομένην.
1513 1153 1591 1181 Κατὰ
1618 1154 1653 1181 τὰ
1680 1154 1709 1181 ὲν
1736 1154 1776 1189 τῷ

985 1198 1116 1234 Ζαχαρία,
1134 1198 1181 1225 καὶ
1197 1199 1306 1235 Δανιὴλ,
1322 1200 1368 1226 καὶ
1390 1199 1529 1236 Ἰεζεκιὴλ,
1547 1202 1603 1232 τοῖς
1619 1201 1774 1237 προφήταις

985 1244 1108 1279 κειμενα.

1028 1290 1276 1326 Ἀμυδρουμένης.
1308 1292 1528 1328 Ἀμυδρουμένης
1549 1293 1621 1329 ἔφη,
1645 1294 1675 1320 οὺ
1701 1294 1778 1329 παρὰ

985 1335 1035 1372 τὴν
1043 1337 1146 1363 οἰκείαν
1163 1338 1250 1372 αὐτῆς
1271 1338 1391 1370 ἀτονίαν,
1408 1338 1475 1365 ἀλλὰ
1490 1338 1565 1375 παρὰ
1587 1339 1617 1366 τὺ
1632 1339 1776 1375 ὑφειμένον

985 1383 1040 1410 τῶν
1049 1383 1199 1419 δεχομένων
1208 1392 1215 1399 ”
1227 1384 1306 1411 τοῦτο
1316 1385 1370 1420 γὰρ
1383 1385 1458 1420 δηλοῖ
1470 1385 1501 1411 τὸ
1516 1386 1602 1412 εἰπεῖν
1613 1386 1776 1422 δευτέρωσιν

985 1429 1160 1462 τελειώσεως,
1177 1430 1301 1457 τουτέστι
1314 1431 1344 1458 τὸ
1359 1431 1542 1467 ἀμυδρότερον
1557 1431 1725 1459 τελειοῦσθαι
1740 1432 1779 1459 τὰ

986 1475 1110 1512 δεύτερα.

1024 1523 1056 1549 Οἱ
1080 1522 1181 1550 δεινοί.
1199 1523 1369 1559 Σημείωσαι,
1385 1523 1426 1550 ὅτι
1443 1525 1527 1560 ἱερεῖς
1547 1523 1634 1551 ταῦτα
1657 1524 1775 1560 παραδε-

987 1567 1089 1595 δώκασι
1102 1569 1142 1604 τῷ
1157 1569 1266 1605 μεγάλῳ
1280 1570 1425 1605 Διονυσιῳ’
1444 1571 1606 1605 αὺτοφανετς
1617 1571 1646 1597 δὲ
1662 1571 1777 1598 ἐκάλεσε

985 1613 1035 1645 τὰς
1048 1613 1158 1650 πρώτας
1178 1614 1253 1647 θείας
1266 1615 1404 1651 δυνάμεις,
1423 1615 1515 1652 ἐπειδὴ
1532 1616 1578 1650 ἀφ’
1601 1616 1705 1643 ἑαυτῶν
1726 1616 1776 1649 τὰς

985 1659 1060 1692 θείας
1074 1660 1196 1696 δέχονται
1218 1661 1380 1697 ἐλλάμψεις-
1397 1662 1426 1688 αἱ
1445 1661 1499 1697 γὰρ
1522 1662 1613 1689 λοιπαὶ
1636 1662 1777 1698 δυνάμεις,

986 1706 1019 1733 οὐ
1035 1706 1068 1733 δι’
1086 1707 1190 1734 ἑαυτῶν
1203 1706 1260 1743 [τὰ]
1277 1707 1336 1734 θεῖα
1354 1708 1475 1743 δέχονται
1488 1708 1562 1743 δῶρα
1574 1709 1624 1744 τῆς
1639 1708 1778 1743 γνώσεωςν

986 1752 1054 1779 ἀλλὰ
1070 1752 1114 1779 διὰ
1128 1753 1184 1780 τῶν
1198 1753 1414 1790 ὑπερκειμένων.

1027 1800 1198 1835 Ἰερατικῆς.
1224 1801 1398 1836 Σημεῐωσαι,
1420 1800 1461 1833 ὅτι
1484 1800 1606 1836 ῑερατικὴ
1627 1800 1776 1836 Μράῶσες

986 1847 1044 1873 ἐστι
1060 1846 1090 1873 τὸ
1107 1847 1234 1882 περὶτῆς
1248 1846 1350 1879 τάξεως
1367 1846 1422 1873 τῶν
1438 1846 1508 1872 νοῶν
1525 1846 1633 1873 εἰδέναι.

1018 1891 1233 1926 ”Ε.λλὰμψεων.
1257 1892 1405 1925 Ἀπόδειξις
1430 1891 1477 1918 τοῦ
1505 1891 1631 1928 ῥηθέντος
1644 1911 1652 1923 ,
1676 1892 1718 1918 ὃτι
1741 1892 1778 1919 τὰ

985 1937 1099 1973 δεύτερα
1113 1938 1189 1974 παρὰ
1202 1937 1256 1965 τῶν
1270 1937 1385 1973 πρώτων
1403 1937 1549 1973 μυοῦνται,
1565 1937 1620 1964 ἀπὸ
1640 1938 1779 1973 Ζαχαρίου

986 1983 1033 2010 τοῦ
1047 1984 1197 2020 προφήτου.

1028 2029 1218 2064 Ἁτιθόσσοις.
1243 2030 1410 2066 Ἀνημέροις.

1028 2076 1228 2104 Ἐκδεδωσιυῖα.
1249 2076 1318 2112 Περὶ
1337 2076 1391 2103 τῶν
1407 2074 1612 2111 παραδοθέντων
1633 2075 1672 2111 τῷ
1688 2075 1779 2103 Βαὸυ-

987 2122 1086 2158 λωνιῳ.

1025 2168 1065 2203 Τῇ
1085 2168 1220 2202 παντοίᾳ.
1241 2168 1322 2204 Ὅρα,
1336 2167 1379 2194 ὅτι
1400 2169 1415 2195 ὁ
1428 2167 1495 2199 Θεὸς
1513 2167 1601 2194 πάντα
1622 2168 1775 2203 μηχανᾶται

988 2215 1056 2251 πρὸς
1069 2214 1100 2242 τὺ
1111 2215 1274 2251 ἐπιπρέψαι
1286 2215 1351 2247 τοὺς
1363 2214 1566 2250 πλανωμένους.

1030 2261 1180 2296 Ἐπιειιιῶς
1204 2261 1366 2296 ἐπανῆγεν.
1390 2261 1427 2288 Τὸ
1443 2261 1466 2277 ⁵⁸
1489 2260 1624 2294 ἐπιεικῶς
1645 2260 1706 2288 ἀντὶ
1727 2260 1779 2287 τοῦ

989 2307 1186 2343 φιλανθρώπως
1200 2308 1217 2344 ἢ
1231 2307 1302 2335 πάνυ
1317 2308 1364 2335 καὶ
1380 2307 1505 2343 μεγάλως
1518 2306 1623 2342 νόησον.

1024 2354 1133 2380 Κοινὸν
1148 2354 1213 2388 γάρ.
1230 2355 1291 2381 ’Ὁτι
1304 2353 1385 2389 κοινῷ
1407 2353 1520 2389 ὀνόματι
1542 2354 1627 2380 πᾶσαι
1649 2354 1677 2380 αι
1694 2353 1775 2382 δυνάρ

992 2409 1052 2436 μεις
1065 2401 1095 2427 αἱ
1108 2401 1202 2436 νοηταὶ
1215 2400 1323 2435 ἄγγελοι
1338 2400 1469 2435 λέγονται.

1031 2447 1037 2457 '
1043 2448 1219 2482 Υφειμένων.
1234 2447 1468 2482 Ὗποὸεόηκότων,
1483 2448 1703 2484 δευτερευόντων.

1025 2537 1296 2572 Προπορευόμενον.
1311 2537 1548 2574 Προπορευόμενον
1562 2538 1630 2573 τάχα
1647 2537 1694 2564 τοῦ
1709 2546 1775 2572 προ-

990 2585 1086 2620 φήτουθ
1099 2583 1169 2618 τάχα
1183 2583 1222 2616 δὲ,
1238 2583 1292 2620 πρὸ
1305 2584 1352 2611 τοῦ
1375 2584 1421 2611 τὸν
1437 2583 1546 2620 μείζονα
1558 2583 1672 2618 ἄγγελον
1689 2583 1776 2611 ἐλθεῖν

989 2631 1033 2657 ἐπ’
1047 2631 1137 2657 αὐτόν.

1026 2677 1097 2704 Εἶτα
1110 2675 1185 2711 πρὸς
1197 2677 1290 2705 αὐτοῦ
1309 2677 1366 2712 τὴν
1380 2677 1472 2705 θείαν.
1488 2676 1572 2703 Τοῦτο
1591 2675 1662 2702 ϐέλει
1677 2676 1775 2709 δεῖξαιΤ

989 2723 1029 2750 ὅτι
1043 2724 1090 2750 καὶ
1107 2724 1136 2749 ἐν
1151 2725 1207 2755 τοῖς
1229 2724 1383 2758 ἀΠελικοίς
1398 2724 1536 2759 τάγμασιν
1554 2723 1578 2749 οἱ
1594 2722 1697 2758 πρῶτοι
1719 2725 1775 2755 τοῖς

988 2769 1123 2806 δευτέροις
1141 2770 1328 2805 διαγγέλλουσι
1348 2770 1397 2805 τὴν
1411 2769 1458 2796 τοῦ
1473 2769 1540 2796 Θεοῦ
1558 2768 1664 2804 βουλήν.
1681 2771 1772 2797 Κατα-

989 2816 1102 2852 κάρπως
1118 2816 1146 2842 δὲ
1162 2816 1221 2842 ἀντὶ
1234 2816 1280 2842 τοῦ
1295 2816 1366 2843 πάνυ
1393 2817 1426 2842 ὲκ
1442 2814 1490 2842 τοῦ
1509 2814 1647 2851 Ἰεζεκιήλ.

607 2873 724 2902 VARI/IS
742 2872 933 2902 LECTIONES
948 2873 992 2902 ΕΤ
1009 2871 1284 2902 CORBECTIONES.

186 2921 209 2937 "
219 2922 354 2958 ἀνωτέρω.
395 2924 416 2941 ⁵⁸
431 2923 461 2950 τὸ
475 2922 513 2949 δέ.
