  <div class='ocr_page' id='page_1' title='image "/cluster/home/n/w/nwhite01/storage/ocr_20150623/4/njp.32101010944526/048.png"; bbox 0 0 1914 3063; ppageno 0'>
   <div class='ocr_carea' id='block_1_1' title="bbox 97 191 1716 225">
    <p class='ocr_par' dir='ltr' id='par_1_1' title="bbox 97 191 1716 225">
     <span class='ocr_line' id='line_1_1' title="bbox 97 191 1716 225; baseline -0.001 0"><span class='ocrx_word' id='word_1_1' title='bbox 97 197 133 225; x_wconf 82' lang='grc'><strong>81</strong></span> <span class='ocrx_word' id='word_1_2' title='bbox 438 196 466 224; x_wconf 79' lang='lat'><strong>5.</strong></span> <span class='ocrx_word' id='word_1_3' title='bbox 485 193 607 225; x_wconf 72' lang='lat' dir='ltr'><strong>MAXIM!</strong></span> <span class='ocrx_word' id='word_1_4' title='bbox 627 193 773 223; x_wconf 83' lang='lat' dir='ltr'><strong>SCHOLIA</strong></span> <span class='ocrx_word' id='word_1_5' title='bbox 792 193 825 221; x_wconf 83' lang='lat' dir='ltr'><strong>IN</strong></span> <span class='ocrx_word' id='word_1_6' title='bbox 845 193 908 222; x_wconf 81' lang='lat' dir='ltr'><strong>LIB.</strong></span> <span class='ocrx_word' id='word_1_7' title='bbox 926 194 970 223; x_wconf 85' lang='lat' dir='ltr'><strong>DE</strong></span> <span class='ocrx_word' id='word_1_8' title='bbox 988 194 1151 224; x_wconf 68' lang='lat' dir='ltr'><strong>C(ELESTI</strong></span> <span class='ocrx_word' id='word_1_9' title='bbox 1169 191 1391 222; x_wconf 72' lang='lat' dir='ltr'><strong>HIERAKCHIA.</strong></span> <span class='ocrx_word' id='word_1_10' title='bbox 1679 195 1716 224; x_wconf 67' lang='lat'><strong>89</strong></span> 
     </span>
    </p>
   </div>
   <div class='ocr_carea' id='block_1_2' title="bbox 139 252 888 291">
    <p class='ocr_par' dir='ltr' id='par_1_2' title="bbox 139 252 888 290">
     <span class='ocr_line' id='line_1_2' title="bbox 139 252 888 290; baseline -0.003 -9"><span class='ocrx_word' id='word_1_11' title='bbox 139 254 374 288; x_wconf 73' lang='grc' dir='ltr'><strong>Ἀποκρίνεσθαι.</strong></span> <span class='ocrx_word' id='word_1_12' title='bbox 389 253 487 286; x_wconf 79' lang='grc' dir='ltr'><strong>Καλῶς</strong></span> <span class='ocrx_word' id='word_1_13' title='bbox 502 252 577 281; x_wconf 56' lang='grc' dir='ltr'><strong>εἵην</strong></span> <span class='ocrx_word' id='word_1_14' title='bbox 591 254 605 280; x_wconf 84' lang='grc' dir='ltr'><strong><em>ὸ</em></strong></span> <span class='ocrx_word' id='word_1_15' title='bbox 615 253 716 289; x_wconf 79' lang='grc' dir='ltr'><strong>Κύριος</strong></span> <span class='ocrx_word' id='word_1_16' title='bbox 730 254 759 280; x_wconf 83' lang='grc' dir='ltr'><strong>ὲν</strong></span> <span class='ocrx_word' id='word_1_17' title='bbox 769 253 808 290; x_wconf 81' lang='grc' dir='ltr'><strong>τῷ</strong></span> <span class='ocrx_word' id='word_1_18' title='bbox 822 262 888 290; x_wconf 89' lang='grc' dir='ltr'><strong>προ-</strong></span> 
     </span>
    </p>
   </div>
   <div class='ocr_carea' id='block_1_3' title="bbox 942 252 1717 291">
    <p class='ocr_par' dir='ltr' id='par_1_3' title="bbox 975 253 1717 291">
     <span class='ocr_line' id='line_1_3' title="bbox 975 253 1717 291; baseline 0.001 -9"><span class='ocrx_word' id='word_1_19' title='bbox 975 254 1146 290; x_wconf 71' lang='lat' dir='ltr'><strong>Rospandere.</strong></span> <span class='ocrx_word' id='word_1_20' title='bbox 1176 253 1260 282; x_wconf 75' lang='lat' dir='ltr'><strong>Recte</strong></span> <span class='ocrx_word' id='word_1_21' title='bbox 1285 253 1355 282; x_wconf 82' lang='lat' dir='ltr'><strong>dixit</strong></span> <span class='ocrx_word' id='word_1_22' title='bbox 1379 253 1511 282; x_wconf 82' lang='lat' dir='ltr'><strong>Dominus</strong></span> <span class='ocrx_word' id='word_1_23' title='bbox 1532 255 1560 282; x_wconf 89' lang='lat' dir='ltr'><strong>in</strong></span> <span class='ocrx_word' id='word_1_24' title='bbox 1585 255 1717 291; x_wconf 85' lang='lat' dir='ltr'><strong>propheta</strong></span> 
     </span>
    </p>
   </div>
   <div class='ocr_carea' id='block_1_4' title="bbox 96 299 886 338">
    <p class='ocr_par' dir='ltr' id='par_1_4' title="bbox 96 299 886 338">
     <span class='ocr_line' id='line_1_4' title="bbox 96 299 886 338; baseline -0.003 -10"><span class='ocrx_word' id='word_1_25' title='bbox 96 302 170 338; x_wconf 82' lang='grc' dir='ltr'><strong>φήτῃ</strong></span> <span class='ocrx_word' id='word_1_26' title='bbox 192 300 332 336; x_wconf 81' lang='grc' dir='ltr'><strong>Ἰεζεκιὴλ,</strong></span> <span class='ocrx_word' id='word_1_27' title='bbox 353 299 423 327; x_wconf 83' lang='grc' dir='ltr'><strong>ὥστε</strong></span> <span class='ocrx_word' id='word_1_28' title='bbox 446 300 611 336; x_wconf 75' lang='grc' dir='ltr'><strong>χωρισθῆναι</strong></span> <span class='ocrx_word' id='word_1_29' title='bbox 629 299 683 326; x_wconf 85' lang='grc' dir='ltr'><strong>τῶν</strong></span> <span class='ocrx_word' id='word_1_30' title='bbox 699 299 810 326; x_wconf 88' lang='grc' dir='ltr'><strong>δικαίων</strong></span> <span class='ocrx_word' id='word_1_31' title='bbox 823 299 886 332; x_wconf 82' lang='grc' dir='ltr'><strong>τοὺς</strong></span> 
     </span>
    </p>
   </div>
   <div class='ocr_carea' id='block_1_5' title="bbox 96 346 888 383">
    <p class='ocr_par' dir='ltr' id='par_1_5' title="bbox 96 346 888 383">
     <span class='ocr_line' id='line_1_5' title="bbox 96 346 888 383; baseline -0.003 -9"><span class='ocrx_word' id='word_1_32' title='bbox 96 346 290 383; x_wconf 73' lang='grc' dir='ltr'><strong>ἁμαρτωλούς·</strong></span> <span class='ocrx_word' id='word_1_33' title='bbox 305 346 384 373; x_wconf 83' lang='grc' dir='ltr'><strong>τοῦτο</strong></span> <span class='ocrx_word' id='word_1_34' title='bbox 397 346 451 382; x_wconf 84' lang='grc' dir='ltr'><strong>γὰρ</strong></span> <span class='ocrx_word' id='word_1_35' title='bbox 466 346 513 372; x_wconf 83' lang='grc' dir='ltr'><strong>καὶ</strong></span> <span class='ocrx_word' id='word_1_36' title='bbox 527 346 556 372; x_wconf 76' lang='grc' dir='ltr'><strong>ὲν</strong></span> <span class='ocrx_word' id='word_1_37' title='bbox 570 347 626 378; x_wconf 84' lang='grc' dir='ltr'><strong>τοῖς</strong></span> <span class='ocrx_word' id='word_1_38' title='bbox 639 346 813 380; x_wconf 84' lang='grc' dir='ltr'><strong>Εὑαγγελίοις</strong></span> <span class='ocrx_word' id='word_1_39' title='bbox 827 346 888 381; x_wconf 84' lang='grc' dir='ltr'><strong>φαί-</strong></span> 
     </span>
    </p>
   </div>
   <div class='ocr_carea' id='block_1_6' title="bbox 97 391 888 428">
    <p class='ocr_par' dir='ltr' id='par_1_6' title="bbox 97 391 888 428">
     <span class='ocr_line' id='line_1_6' title="bbox 97 391 888 428; baseline -0.003 -8"><span class='ocrx_word' id='word_1_40' title='bbox 97 401 172 420; x_wconf 88' lang='grc' dir='ltr'><strong>νεται</strong></span> <span class='ocrx_word' id='word_1_41' title='bbox 187 392 355 428; x_wconf 81' lang='grc' dir='ltr'><strong>πεποιηκὼς,</strong></span> <span class='ocrx_word' id='word_1_42' title='bbox 370 391 441 419; x_wconf 84' lang='grc' dir='ltr'><strong>ὥστε</strong></span> <span class='ocrx_word' id='word_1_43' title='bbox 449 392 473 408; x_wconf 81' lang='grc'><strong><em>⁵⁸</em></strong></span> <span class='ocrx_word' id='word_1_44' title='bbox 487 391 523 418; x_wconf 80' lang='grc' dir='ltr'><strong>τὰ</strong></span> <span class='ocrx_word' id='word_1_45' title='bbox 538 391 662 427; x_wconf 81' lang='grc' dir='ltr'><strong>πρόϐατα</strong></span> <span class='ocrx_word' id='word_1_46' title='bbox 676 391 709 418; x_wconf 80' lang='grc' dir='ltr'><strong>ἐκ</strong></span> <span class='ocrx_word' id='word_1_47' title='bbox 720 391 773 418; x_wconf 82' lang='grc' dir='ltr'><strong>τῶν</strong></span> <span class='ocrx_word' id='word_1_48' title='bbox 787 391 888 427; x_wconf 75' lang='grc' dir='ltr'><strong>ἐρίφων</strong></span> 
     </span>
    </p>
   </div>
   <div class='ocr_carea' id='block_1_7' title="bbox 96 437 889 475">
    <p class='ocr_par' dir='ltr' id='par_1_7' title="bbox 96 437 889 475">
     <span class='ocr_line' id='line_1_7' title="bbox 96 437 889 475; baseline -0.003 -9"><span class='ocrx_word' id='word_1_49' title='bbox 96 439 261 475; x_wconf 83' lang='grc' dir='ltr'><strong>διεμέρισεν.</strong></span> <span class='ocrx_word' id='word_1_50' title='bbox 287 439 353 466; x_wconf 82' lang='grc' dir='ltr'><strong>Ἰδοὺ</strong></span> <span class='ocrx_word' id='word_1_51' title='bbox 380 438 487 474; x_wconf 80' lang='grc' dir='ltr'><strong>συνᾴδει</strong></span> <span class='ocrx_word' id='word_1_52' title='bbox 508 437 555 464; x_wconf 73' lang='grc' dir='ltr'><strong>καὶ</strong></span> <span class='ocrx_word' id='word_1_53' title='bbox 578 439 608 464; x_wconf 83' lang='grc' dir='ltr'><strong>ὲν</strong></span> <span class='ocrx_word' id='word_1_54' title='bbox 633 437 720 474; x_wconf 84' lang='grc' dir='ltr'><strong>τούτῳ</strong></span> <span class='ocrx_word' id='word_1_55' title='bbox 741 438 758 474; x_wconf 78' lang='grc' dir='ltr'>ἡ</span> <span class='ocrx_word' id='word_1_56' title='bbox 783 438 889 464; x_wconf 81' lang='grc' dir='ltr'><strong>Παλαιὰ</strong></span> 
     </span>
    </p>
   </div>
   <div class='ocr_carea' id='block_1_8' title="bbox 96 485 348 522">
    <p class='ocr_par' dir='ltr' id='par_1_8' title="bbox 96 485 348 522">
     <span class='ocr_line' id='line_1_8' title="bbox 96 485 348 522; baseline 0 -10"><span class='ocrx_word' id='word_1_57' title='bbox 96 485 218 522; x_wconf 80' lang='grc' dir='ltr'><strong>Διαθήκη</strong></span> <span class='ocrx_word' id='word_1_58' title='bbox 232 486 266 521; x_wconf 81' lang='grc' dir='ltr'><strong>τῇ</strong></span> <span class='ocrx_word' id='word_1_59' title='bbox 280 485 348 520; x_wconf 76' lang='grc' dir='ltr'><strong>Νέᾳ.</strong></span> 
     </span>
    </p>
   </div>
   <div class='ocr_carea' id='block_1_9' title="bbox 139 529 889 567">
    <p class='ocr_par' dir='ltr' id='par_1_9' title="bbox 139 529 889 567">
     <span class='ocr_line' id='line_1_9' title="bbox 139 529 889 567; baseline -0.001 -9"><span class='ocrx_word' id='word_1_60' title='bbox 139 533 188 564; x_wconf 82' lang='grc' dir='ltr'><strong>Ὃς</strong></span> <span class='ocrx_word' id='word_1_61' title='bbox 199 531 251 558; x_wconf 76' lang='grc' dir='ltr'><strong>τὸν</strong></span> <span class='ocrx_word' id='word_1_62' title='bbox 259 529 385 564; x_wconf 78' lang='grc' dir='ltr'><strong>ποδήρη.</strong></span> <span class='ocrx_word' id='word_1_63' title='bbox 400 530 468 566; x_wconf 81' lang='grc' dir='ltr'><strong>Περὶ</strong></span> <span class='ocrx_word' id='word_1_64' title='bbox 479 530 526 557; x_wconf 82' lang='grc' dir='ltr'><strong>τοῦ</strong></span> <span class='ocrx_word' id='word_1_65' title='bbox 542 530 587 557; x_wconf 80' lang='grc' dir='ltr'><strong>τὸν</strong></span> <span class='ocrx_word' id='word_1_66' title='bbox 601 530 706 567; x_wconf 80' lang='grc' dir='ltr'><strong>ποδήρη</strong></span> <span class='ocrx_word' id='word_1_67' title='bbox 720 530 889 562; x_wconf 66' lang='grc' dir='ltr'><strong>ἐνδεδυκότος</strong></span> 
     </span>
    </p>
   </div>
   <div class='ocr_carea' id='block_1_10' title="bbox 97 575 888 612">
    <p class='ocr_par' dir='ltr' id='par_1_10' title="bbox 97 575 888 612">
     <span class='ocr_line' id='line_1_10' title="bbox 97 575 888 612; baseline 0 -10"><span class='ocrx_word' id='word_1_68' title='bbox 97 576 201 612; x_wconf 80' lang='grc' dir='ltr'><strong>χιτῶνα</strong></span> <span class='ocrx_word' id='word_1_69' title='bbox 211 576 244 602; x_wconf 79' lang='grc'><strong>⁵⁷.</strong></span> <span class='ocrx_word' id='word_1_70' title='bbox 259 575 415 612; x_wconf 73' lang='grc' dir='ltr'><strong>Σημείωσαι</strong></span> <span class='ocrx_word' id='word_1_71' title='bbox 433 576 472 609; x_wconf 80' lang='grc' dir='ltr'><strong>δὲ,</strong></span> <span class='ocrx_word' id='word_1_72' title='bbox 496 576 537 603; x_wconf 74' lang='grc' dir='ltr'><strong>δτι</strong></span> <span class='ocrx_word' id='word_1_73' title='bbox 552 575 591 611; x_wconf 85' lang='grc' dir='ltr'><strong>τῷ</strong></span> <span class='ocrx_word' id='word_1_74' title='bbox 613 576 662 611; x_wconf 82' lang='grc' dir='ltr'><strong>μὲν</strong></span> <span class='ocrx_word' id='word_1_75' title='bbox 684 576 792 611; x_wconf 83' lang='grc' dir='ltr'><strong>ἀγγέλῳ</strong></span> <span class='ocrx_word' id='word_1_76' title='bbox 805 576 844 612; x_wconf 84' lang='grc' dir='ltr'><strong>τῷ</strong></span> <span class='ocrx_word' id='word_1_77' title='bbox 857 576 888 603; x_wconf 84' lang='grc' dir='ltr'><strong>τὸ</strong></span> 
     </span>
    </p>
   </div>
   <div class='ocr_carea' id='block_1_11' title="bbox 100 621 888 659">
    <p class='ocr_par' dir='ltr' id='par_1_11' title="bbox 100 621 888 659">
     <span class='ocr_line' id='line_1_11' title="bbox 100 621 888 659; baseline 0 -11"><span class='ocrx_word' id='word_1_78' title='bbox 100 624 151 658; x_wconf 78' lang='grc' dir='ltr'><strong>μὲν</strong></span> <span class='ocrx_word' id='word_1_79' title='bbox 184 624 297 659; x_wconf 79' lang='grc' dir='ltr'><strong>σημεῖον</strong></span> <span class='ocrx_word' id='word_1_80' title='bbox 325 621 459 649; x_wconf 76' lang='grc' dir='ltr'><strong>ἐπιθεῖναι</strong></span> <span class='ocrx_word' id='word_1_81' title='bbox 484 622 656 649; x_wconf 78' lang='grc' dir='ltr'><strong>κελευσθέντι</strong></span> <span class='ocrx_word' id='word_1_82' title='bbox 686 621 819 656; x_wconf 80' lang='grc' dir='ltr'><strong>ποδήρης</strong></span> <span class='ocrx_word' id='word_1_83' title='bbox 848 621 888 656; x_wconf 83' lang='grc' dir='ltr'><strong>ἦν</strong></span> 
     </span>
    </p>
   </div>
   <div class='ocr_carea' id='block_1_12' title="bbox 98 667 888 703">
    <p class='ocr_par' dir='ltr' id='par_1_12' title="bbox 98 667 888 703">
     <span class='ocr_line' id='line_1_12' title="bbox 98 667 888 703; baseline 0 -9"><span class='ocrx_word' id='word_1_84' title='bbox 98 668 201 703; x_wconf 79' lang='grc' dir='ltr'><strong>χιτὼν,</strong></span> <span class='ocrx_word' id='word_1_85' title='bbox 219 668 268 695; x_wconf 78' lang='grc' dir='ltr'><strong>καί</strong></span> <span class='ocrx_word' id='word_1_86' title='bbox 282 667 355 702; x_wconf 83' lang='grc' dir='ltr'><strong>ζώνη</strong></span> <span class='ocrx_word' id='word_1_87' title='bbox 376 667 444 701; x_wconf 73' lang='grc' dir='ltr'><strong>περὶ</strong></span> <span class='ocrx_word' id='word_1_88' title='bbox 466 667 524 702; x_wconf 73' lang='grc' dir='ltr'><strong>τὴν</strong></span> <span class='ocrx_word' id='word_1_89' title='bbox 541 667 651 702; x_wconf 75' lang='grc' dir='ltr'><strong>ὀσφὺν,</strong></span> <span class='ocrx_word' id='word_1_90' title='bbox 673 668 765 703; x_wconf 83' lang='grc' dir='ltr'><strong>σχῆμα</strong></span> <span class='ocrx_word' id='word_1_91' title='bbox 785 667 888 703; x_wconf 78' lang='grc' dir='ltr'><strong>πρέπον</strong></span> 
     </span>
    </p>
   </div>
   <div class='ocr_carea' id='block_1_13' title="bbox 100 713 888 750">
    <p class='ocr_par' dir='ltr' id='par_1_13' title="bbox 100 713 888 750">
     <span class='ocr_line' id='line_1_13' title="bbox 100 713 888 750; baseline -0.001 -10"><span class='ocrx_word' id='word_1_92' title='bbox 100 715 182 750; x_wconf 77' lang='grc' dir='ltr'><strong>ίερεί·</strong></span> <span class='ocrx_word' id='word_1_93' title='bbox 205 715 263 745; x_wconf 83' lang='grc' dir='ltr'><strong>τοῖς</strong></span> <span class='ocrx_word' id='word_1_94' title='bbox 288 713 317 741; x_wconf 80' lang='grc' dir='ltr'><strong>δὲ</strong></span> <span class='ocrx_word' id='word_1_95' title='bbox 346 713 472 748; x_wconf 78' lang='grc' dir='ltr'><strong>ἀγγέλοις</strong></span> <span class='ocrx_word' id='word_1_96' title='bbox 500 713 590 745; x_wconf 69' lang='grc' dir='ltr'><strong>ἄλλοις</strong></span> <span class='ocrx_word' id='word_1_97' title='bbox 615 713 746 747; x_wconf 73' lang='grc' dir='ltr'><strong>πέλεκυς</strong></span> <span class='ocrx_word' id='word_1_98' title='bbox 767 713 802 740; x_wconf 72' lang='grc' dir='ltr'><strong>ἐν</strong></span> <span class='ocrx_word' id='word_1_99' title='bbox 823 713 888 746; x_wconf 82' lang='grc' dir='ltr'><strong>ταῖς</strong></span> 
     </span>
    </p>
   </div>
   <div class='ocr_carea' id='block_1_14' title="bbox 99 758 888 796">
    <p class='ocr_par' dir='ltr' id='par_1_14' title="bbox 99 758 888 796">
     <span class='ocr_line' id='line_1_14' title="bbox 99 758 888 796; baseline -0.003 -9"><span class='ocrx_word' id='word_1_100' title='bbox 99 759 217 795; x_wconf 75' lang='grc' dir='ltr'><strong>χερσίν,</strong></span> <span class='ocrx_word' id='word_1_101' title='bbox 239 760 308 796; x_wconf 79' lang='grc' dir='ltr'><strong>ὅπερ</strong></span> <span class='ocrx_word' id='word_1_102' title='bbox 329 759 403 794; x_wconf 79' lang='grc' dir='ltr'><strong>δηλοῖ</strong></span> <span class='ocrx_word' id='word_1_103' title='bbox 417 759 605 795; x_wconf 83' lang='grc' dir='ltr'><strong>τιμωρητικήν</strong></span> <span class='ocrx_word' id='word_1_104' title='bbox 624 767 685 786; x_wconf 84' lang='grc' dir='ltr'><strong>τινα</strong></span> <span class='ocrx_word' id='word_1_105' title='bbox 706 758 833 794; x_wconf 85' lang='grc' dir='ltr'><strong>δύναμιν·</strong></span> <span class='ocrx_word' id='word_1_106' title='bbox 849 759 888 792; x_wconf 82' lang='grc' dir='ltr'><strong>ὡς</strong></span> 
     </span>
    </p>
   </div>
   <div class='ocr_carea' id='block_1_15' title="bbox 98 805 887 841">
    <p class='ocr_par' dir='ltr' id='par_1_15' title="bbox 98 805 887 841">
     <span class='ocr_line' id='line_1_15' title="bbox 98 805 887 841; baseline 0 -9"><span class='ocrx_word' id='word_1_107' title='bbox 98 807 132 833; x_wconf 75' lang='grc' dir='ltr'><strong>ὲκ</strong></span> <span class='ocrx_word' id='word_1_108' title='bbox 146 806 241 833; x_wconf 81' lang='grc' dir='ltr'><strong>τούτου</strong></span> <span class='ocrx_word' id='word_1_109' title='bbox 255 807 325 833; x_wconf 80' lang='grc' dir='ltr'><strong>νοεῖν</strong></span> <span class='ocrx_word' id='word_1_110' title='bbox 345 806 428 841; x_wconf 78' lang='grc' dir='ltr'><strong>ἡμᾶς,</strong></span> <span class='ocrx_word' id='word_1_111' title='bbox 443 806 484 832; x_wconf 81' lang='grc' dir='ltr'><strong>ὅτι</strong></span> <span class='ocrx_word' id='word_1_112' title='bbox 501 805 570 841; x_wconf 79' lang='grc' dir='ltr'><strong>πρὸς</strong></span> <span class='ocrx_word' id='word_1_113' title='bbox 588 805 619 832; x_wconf 78' lang='grc' dir='ltr'><strong>τὸ</strong></span> <span class='ocrx_word' id='word_1_114' title='bbox 642 805 736 841; x_wconf 82' lang='grc' dir='ltr'><strong>μέλλον</strong></span> <span class='ocrx_word' id='word_1_115' title='bbox 749 805 887 832; x_wconf 73' lang='grc' dir='ltr'><strong>ἁποτελεῐο</strong></span> 
     </span>
    </p>
   </div>
   <div class='ocr_carea' id='block_1_16' title="bbox 100 849 888 886">
    <p class='ocr_par' dir='ltr' id='par_1_16' title="bbox 100 849 888 886">
     <span class='ocr_line' id='line_1_16' title="bbox 100 849 888 886; baseline -0.001 -8"><span class='ocrx_word' id='word_1_116' title='bbox 100 852 164 878; x_wconf 87' lang='grc' dir='ltr'><strong>σθαι</strong></span> <span class='ocrx_word' id='word_1_117' title='bbox 179 852 226 879; x_wconf 76' lang='grc' dir='ltr'><strong>καὶ</strong></span> <span class='ocrx_word' id='word_1_118' title='bbox 241 851 272 878; x_wconf 85' lang='grc' dir='ltr'><strong>τδ</strong></span> <span class='ocrx_word' id='word_1_119' title='bbox 287 851 342 878; x_wconf 88' lang='grc' dir='ltr'><strong>τῶν</strong></span> <span class='ocrx_word' id='word_1_120' title='bbox 362 851 484 886; x_wconf 83' lang='grc' dir='ltr'><strong>ἀγγέλων</strong></span> <span class='ocrx_word' id='word_1_121' title='bbox 503 849 574 883; x_wconf 70' lang='grc' dir='ltr'><strong>εἶδος</strong></span> <span class='ocrx_word' id='word_1_122' title='bbox 593 851 803 886; x_wconf 83' lang='grc' dir='ltr'><strong>σχηματίζεται,</strong></span> <span class='ocrx_word' id='word_1_123' title='bbox 819 850 888 886; x_wconf 75' lang='grc' dir='ltr'><strong>ὅπερ</strong></span> 
     </span>
    </p>
   </div>
   <div class='ocr_carea' id='block_1_17' title="bbox 98 896 885 936">
    <p class='ocr_par' dir='ltr' id='par_1_17' title="bbox 98 896 885 936">
     <span class='ocr_line' id='line_1_17' title="bbox 98 896 885 936; baseline 0 -13"><span class='ocrx_word' id='word_1_124' title='bbox 98 897 226 932; x_wconf 76' lang='grc' dir='ltr'><strong>ἐννοῆσαι</strong></span> <span class='ocrx_word' id='word_1_125' title='bbox 240 897 382 932; x_wconf 74' lang='grc' dir='ltr'><strong>ὀφείλομεν</strong></span> <span class='ocrx_word' id='word_1_126' title='bbox 397 897 462 933; x_wconf 73' lang='grc' dir='ltr'><strong>περὶ</strong></span> <span class='ocrx_word' id='word_1_127' title='bbox 475 896 530 924; x_wconf 87' lang='grc' dir='ltr'><strong>τῶν</strong></span> <span class='ocrx_word' id='word_1_128' title='bbox 550 897 670 936; x_wconf 78' lang='grc' dir='ltr'><strong>σεραφὶμ</strong></span> <span class='ocrx_word' id='word_1_129' title='bbox 683 897 730 925; x_wconf 77' lang='grc' dir='ltr'><strong>καὶ</strong></span> <span class='ocrx_word' id='word_1_130' title='bbox 744 896 885 933; x_wconf 79' lang='grc' dir='ltr'><strong>χερουδὶμ,</strong></span> 
     </span>
    </p>
   </div>
   <div class='ocr_carea' id='block_1_18' title="bbox 938 301 1716 337">
    <p class='ocr_par' dir='ltr' id='par_1_18' title="bbox 938 301 1716 337">
     <span class='ocr_line' id='line_1_18' title="bbox 938 301 1716 337; baseline 0.003 -9"><span class='ocrx_word' id='word_1_131' title='bbox 938 301 1080 330; x_wconf 83' lang='lat' dir='ltr'><strong>Ezechiele</strong></span> <span class='ocrx_word' id='word_1_132' title='bbox 1092 322 1099 335; x_wconf 91' lang='lat'><strong>,</strong></span> <span class='ocrx_word' id='word_1_133' title='bbox 1115 306 1146 329; x_wconf 86' lang='lat' dir='ltr'><strong>ut</strong></span> <span class='ocrx_word' id='word_1_134' title='bbox 1167 304 1360 336; x_wconf 73' lang='lat' dir='ltr'><strong>separarentur</strong></span> <span class='ocrx_word' id='word_1_135' title='bbox 1379 301 1446 336; x_wconf 80' lang='lat' dir='ltr'><strong>iusti</strong></span> <span class='ocrx_word' id='word_1_136' title='bbox 1468 308 1483 329; x_wconf 88' lang='lat' dir='ltr'><strong>a</strong></span> <span class='ocrx_word' id='word_1_137' title='bbox 1507 302 1716 337; x_wconf 69' lang='lat' dir='ltr'><strong>peccatoribus:</strong></span> 
     </span>
    </p>
   </div>
   <div class='ocr_carea' id='block_1_19' title="bbox 936 347 1719 384">
    <p class='ocr_par' dir='ltr' id='par_1_19' title="bbox 936 347 1719 384">
     <span class='ocr_line' id='line_1_19' title="bbox 936 347 1719 384; baseline 0.003 -9"><span class='ocrx_word' id='word_1_138' title='bbox 936 348 989 375; x_wconf 91' lang='lat' dir='ltr'><strong>hoc</strong></span> <span class='ocrx_word' id='word_1_139' title='bbox 1015 348 1087 376; x_wconf 92' lang='lat' dir='ltr'><strong>enim</strong></span> <span class='ocrx_word' id='word_1_140' title='bbox 1104 348 1133 375; x_wconf 90' lang='lat' dir='ltr'><strong>in</strong></span> <span class='ocrx_word' id='word_1_141' title='bbox 1156 347 1310 383; x_wconf 88' lang='lat' dir='ltr'><strong>Evangeliis</strong></span> <span class='ocrx_word' id='word_1_142' title='bbox 1338 352 1450 383; x_wconf 78' lang='lat' dir='ltr'><strong>apparet</strong></span> <span class='ocrx_word' id='word_1_143' title='bbox 1477 347 1590 381; x_wconf 81' lang='lat' dir='ltr'><strong>fecisse,</strong></span> <span class='ocrx_word' id='word_1_144' title='bbox 1610 349 1719 384; x_wconf 83' lang='lat' dir='ltr'><strong>quando</strong></span> 
     </span>
    </p>
   </div>
   <div class='ocr_carea' id='block_1_20' title="bbox 936 393 1719 423">
    <p class='ocr_par' dir='ltr' id='par_1_20' title="bbox 936 393 1719 423">
     <span class='ocr_line' id='line_1_20' title="bbox 936 393 1719 423; baseline 0.003 -2"><span class='ocrx_word' id='word_1_145' title='bbox 936 401 1001 421; x_wconf 84' lang='lat' dir='ltr'><strong>oves</strong></span> <span class='ocrx_word' id='word_1_146' title='bbox 1013 394 1048 421; x_wconf 89' lang='lat' dir='ltr'><strong>ab</strong></span> <span class='ocrx_word' id='word_1_147' title='bbox 1063 394 1146 421; x_wconf 79' lang='lat' dir='ltr'><strong>haedis</strong></span> <span class='ocrx_word' id='word_1_148' title='bbox 1160 393 1252 421; x_wconf 87' lang='lat' dir='ltr'><strong>divisit</strong></span> <span class='ocrx_word' id='word_1_149' title='bbox 1261 399 1285 421; x_wconf 73' lang='grc' dir='ltr'><strong>α.</strong></span> <span class='ocrx_word' id='word_1_150' title='bbox 1299 393 1369 422; x_wconf 78' lang='lat' dir='ltr'><strong>Ecce</strong></span> <span class='ocrx_word' id='word_1_151' title='bbox 1383 394 1465 421; x_wconf 87' lang='lat' dir='ltr'><strong>etiam</strong></span> <span class='ocrx_word' id='word_1_152' title='bbox 1481 394 1508 421; x_wconf 95' lang='lat' dir='ltr'><strong>in</strong></span> <span class='ocrx_word' id='word_1_153' title='bbox 1523 395 1575 422; x_wconf 89' lang='lat' dir='ltr'><strong>hoc</strong></span> <span class='ocrx_word' id='word_1_154' title='bbox 1587 399 1719 423; x_wconf 89' lang='lat' dir='ltr'><strong>consonat</strong></span> 
     </span>
    </p>
   </div>
   <div class='ocr_carea' id='block_1_21' title="bbox 937 439 1344 468">
    <p class='ocr_par' dir='ltr' id='par_1_21' title="bbox 937 439 1344 468">
     <span class='ocr_line' id='line_1_21' title="bbox 937 439 1344 468; baseline 0 -1"><span class='ocrx_word' id='word_1_155' title='bbox 937 440 1021 468; x_wconf 81' lang='lat' dir='ltr'><strong>Vetus</strong></span> <span class='ocrx_word' id='word_1_156' title='bbox 1035 439 1239 468; x_wconf 69' lang='lat' dir='ltr'><strong>Testamentum</strong></span> <span class='ocrx_word' id='word_1_157' title='bbox 1259 439 1344 468; x_wconf 83' lang='lat' dir='ltr'><strong>Novo.</strong></span> 
     </span>
    </p>
   </div>
   <div class='ocr_carea' id='block_1_22' title="bbox 974 485 1718 521">
    <p class='ocr_par' dir='ltr' id='par_1_22' title="bbox 974 485 1718 521">
     <span class='ocr_line' id='line_1_22' title="bbox 974 485 1718 521; baseline 0.004 -9"><span class='ocrx_word' id='word_1_158' title='bbox 974 486 1026 520; x_wconf 80' lang='lat' dir='ltr'><strong>Qui</strong></span> <span class='ocrx_word' id='word_1_159' title='bbox 1041 485 1122 513; x_wconf 79' lang='lat' dir='ltr'><strong>talari</strong></span> <span class='ocrx_word' id='word_1_160' title='bbox 1135 490 1212 513; x_wconf 77' lang='lat' dir='ltr'><strong>ueste.</strong></span> <span class='ocrx_word' id='word_1_161' title='bbox 1228 485 1267 513; x_wconf 89' lang='lat' dir='ltr'><strong>De</strong></span> <span class='ocrx_word' id='word_1_162' title='bbox 1281 492 1323 517; x_wconf 90' lang='lat' dir='ltr'><strong>eo,</strong></span> <span class='ocrx_word' id='word_1_163' title='bbox 1336 485 1383 521; x_wconf 87' lang='lat' dir='ltr'><strong>qui</strong></span> <span class='ocrx_word' id='word_1_164' title='bbox 1398 485 1509 514; x_wconf 87' lang='lat' dir='ltr'><strong>indutus</strong></span> <span class='ocrx_word' id='word_1_165' title='bbox 1523 489 1583 514; x_wconf 85' lang='lat' dir='ltr'><strong>erat</strong></span> <span class='ocrx_word' id='word_1_166' title='bbox 1597 487 1718 515; x_wconf 82' lang='lat' dir='ltr'><strong>tunicam</strong></span> 
     </span>
    </p>
   </div>
   <div class='ocr_carea' id='block_1_23' title="bbox 937 531 1719 568">
    <p class='ocr_par' dir='ltr' id='par_1_23' title="bbox 937 531 1719 568">
     <span class='ocr_line' id='line_1_23' title="bbox 937 531 1719 568; baseline 0.004 -10"><span class='ocrx_word' id='word_1_167' title='bbox 937 532 1062 560; x_wconf 83' lang='lat' dir='ltr'><strong>talarem.</strong></span> <span class='ocrx_word' id='word_1_168' title='bbox 1079 531 1147 559; x_wconf 90' lang='lat' dir='ltr'><strong>Nota</strong></span> <span class='ocrx_word' id='word_1_169' title='bbox 1161 539 1236 564; x_wconf 83' lang='lat' dir='ltr'><strong>vero.</strong></span> <span class='ocrx_word' id='word_1_170' title='bbox 1254 531 1328 566; x_wconf 90' lang='lat' dir='ltr'><strong>quod</strong></span> <span class='ocrx_word' id='word_1_171' title='bbox 1342 532 1437 567; x_wconf 78' lang='lat' dir='ltr'><strong>angelo</strong></span> <span class='ocrx_word' id='word_1_172' title='bbox 1456 532 1565 568; x_wconf 87' lang='lat' dir='ltr'><strong>signum</strong></span> <span class='ocrx_word' id='word_1_173' title='bbox 1583 540 1719 568; x_wconf 86' lang='lat' dir='ltr'><strong>apponere</strong></span> 
     </span>
    </p>
   </div>
   <div class='ocr_carea' id='block_1_24' title="bbox 935 577 1717 614">
    <p class='ocr_par' dir='ltr' id='par_1_24' title="bbox 935 577 1717 614">
     <span class='ocr_line' id='line_1_24' title="bbox 935 577 1717 614; baseline 0.001 -8"><span class='ocrx_word' id='word_1_174' title='bbox 935 577 1024 613; x_wconf 79' lang='lat' dir='ltr'><strong>iusso,</strong></span> <span class='ocrx_word' id='word_1_175' title='bbox 1041 578 1135 605; x_wconf 67' lang='lat' dir='ltr'><strong>talari:</strong></span> <span class='ocrx_word' id='word_1_176' title='bbox 1151 582 1208 605; x_wconf 84' lang='lat' dir='ltr'><strong>erat</strong></span> <span class='ocrx_word' id='word_1_177' title='bbox 1224 577 1322 609; x_wconf 77' lang='lat' dir='ltr'><strong>tunica,</strong></span> <span class='ocrx_word' id='word_1_178' title='bbox 1334 583 1358 605; x_wconf 81' lang='lat' dir='ltr'><strong>el</strong></span> <span class='ocrx_word' id='word_1_179' title='bbox 1372 578 1504 614; x_wconf 78' lang='lat' dir='ltr'><strong>cingulum</strong></span> <span class='ocrx_word' id='word_1_180' title='bbox 1519 579 1590 606; x_wconf 83' lang='lat' dir='ltr'><strong>circa</strong></span> <span class='ocrx_word' id='word_1_181' title='bbox 1605 579 1717 613; x_wconf 72' lang='lat' dir='ltr'><strong>lumbos,</strong></span> 
     </span>
    </p>
   </div>
   <div class='ocr_carea' id='block_1_25' title="bbox 937 623 1719 660">
    <p class='ocr_par' dir='ltr' id='par_1_25' title="bbox 937 623 1719 660">
     <span class='ocr_line' id='line_1_25' title="bbox 937 623 1719 660; baseline 0.004 -10"><span class='ocrx_word' id='word_1_182' title='bbox 937 623 1047 651; x_wconf 86' lang='lat' dir='ltr'><strong>habitus</strong></span> <span class='ocrx_word' id='word_1_183' title='bbox 1061 623 1195 651; x_wconf 87' lang='lat' dir='ltr'><strong>sacerdoti</strong></span> <span class='ocrx_word' id='word_1_184' title='bbox 1213 623 1387 652; x_wconf 84' lang='lat' dir='ltr'><strong>conveniens.</strong></span> <span class='ocrx_word' id='word_1_185' title='bbox 1408 623 1518 659; x_wconf 84' lang='lat' dir='ltr'><strong>Angelis</strong></span> <span class='ocrx_word' id='word_1_186' title='bbox 1539 632 1621 660; x_wconf 82' lang='lat' dir='ltr'><strong>porro</strong></span> <span class='ocrx_word' id='word_1_187' title='bbox 1638 629 1719 654; x_wconf 60' lang='lat' dir='ltr'><strong>caete-</strong></span> 
     </span>
    </p>
   </div>
   <div class='ocr_carea' id='block_1_26' title="bbox 936 669 1720 705">
    <p class='ocr_par' dir='ltr' id='par_1_26' title="bbox 936 669 1720 705">
     <span class='ocr_line' id='line_1_26' title="bbox 936 669 1720 705; baseline 0.004 -9"><span class='ocrx_word' id='word_1_188' title='bbox 936 669 986 702; x_wconf 85' lang='lat' dir='ltr'><strong>ris,</strong></span> <span class='ocrx_word' id='word_1_189' title='bbox 1002 670 1098 697; x_wconf 72' lang='lat' dir='ltr'><strong>securis</strong></span> <span class='ocrx_word' id='word_1_190' title='bbox 1110 669 1137 696; x_wconf 80' lang='lat' dir='ltr'><strong>in</strong></span> <span class='ocrx_word' id='word_1_191' title='bbox 1151 669 1281 702; x_wconf 73' lang='lat' dir='ltr'><strong>manibus,</strong></span> <span class='ocrx_word' id='word_1_192' title='bbox 1293 669 1366 704; x_wconf 89' lang='lat' dir='ltr'><strong>quod</strong></span> <span class='ocrx_word' id='word_1_193' title='bbox 1377 669 1512 705; x_wconf 84' lang='lat' dir='ltr'><strong>signiﬁcat</strong></span> <span class='ocrx_word' id='word_1_194' title='bbox 1526 670 1720 699; x_wconf 83' lang='lat' dir='ltr'><strong>vindicativam</strong></span> 
     </span>
    </p>
   </div>
   <div class='ocr_carea' id='block_1_27' title="bbox 937 715 1720 752">
    <p class='ocr_par' dir='ltr' id='par_1_27' title="bbox 937 715 1720 752">
     <span class='ocr_line' id='line_1_27' title="bbox 937 715 1720 752; baseline 0.003 -10"><span class='ocrx_word' id='word_1_195' title='bbox 937 715 1055 751; x_wconf 79' lang='lat' dir='ltr'><strong>aliquam</strong></span> <span class='ocrx_word' id='word_1_196' title='bbox 1068 716 1195 743; x_wconf 81' lang='lat' dir='ltr'><strong>virtutem</strong></span> <span class='ocrx_word' id='word_1_197' title='bbox 1210 725 1217 743; x_wconf 85' lang='lat'>:</span> <span class='ocrx_word' id='word_1_198' title='bbox 1234 719 1264 743; x_wconf 86' lang='lat' dir='ltr'><strong>ut</strong></span> <span class='ocrx_word' id='word_1_199' title='bbox 1273 723 1306 744; x_wconf 77' lang='lat' dir='ltr'><strong>ex</strong></span> <span class='ocrx_word' id='word_1_200' title='bbox 1319 716 1370 744; x_wconf 87' lang='lat' dir='ltr'><strong>hoc</strong></span> <span class='ocrx_word' id='word_1_201' title='bbox 1379 723 1430 744; x_wconf 86' lang='lat' dir='ltr'><strong>nos</strong></span> <span class='ocrx_word' id='word_1_202' title='bbox 1441 716 1632 752; x_wconf 79' lang='lat' dir='ltr'><strong>intelligamus,</strong></span> <span class='ocrx_word' id='word_1_203' title='bbox 1645 717 1720 751; x_wconf 89' lang='lat' dir='ltr'><strong>quod</strong></span> 
     </span>
    </p>
   </div>
   <div class='ocr_carea' id='block_1_28' title="bbox 936 761 1720 797">
    <p class='ocr_par' dir='ltr' id='par_1_28' title="bbox 936 761 1720 797">
     <span class='ocr_line' id='line_1_28' title="bbox 936 761 1720 797; baseline 0 -8"><span class='ocrx_word' id='word_1_204' title='bbox 936 761 1012 797; x_wconf 75' lang='lat' dir='ltr'><strong>juxta</strong></span> <span class='ocrx_word' id='word_1_205' title='bbox 1030 761 1108 795; x_wconf 88' lang='lat' dir='ltr'><strong>illud,</strong></span> <span class='ocrx_word' id='word_1_206' title='bbox 1132 761 1206 797; x_wconf 87' lang='lat' dir='ltr'><strong>quod</strong></span> <span class='ocrx_word' id='word_1_207' title='bbox 1220 761 1391 790; x_wconf 70' lang='lat' dir='ltr'><strong>adiciendum</strong></span> <span class='ocrx_word' id='word_1_208' title='bbox 1419 766 1480 795; x_wconf 88' lang='lat' dir='ltr'><strong>est,</strong></span> <span class='ocrx_word' id='word_1_209' title='bbox 1507 762 1612 797; x_wconf 83' lang='lat' dir='ltr'><strong>species</strong></span> <span class='ocrx_word' id='word_1_210' title='bbox 1636 762 1720 790; x_wconf 83' lang='lat' dir='ltr'><strong>etiam</strong></span> 
     </span>
    </p>
   </div>
   <div class='ocr_carea' id='block_1_29' title="bbox 937 807 1721 844">
    <p class='ocr_par' dir='ltr' id='par_1_29' title="bbox 937 807 1721 844">
     <span class='ocr_line' id='line_1_29' title="bbox 937 807 1721 844; baseline 0.001 -9"><span class='ocrx_word' id='word_1_211' title='bbox 937 808 1093 844; x_wconf 80' lang='lat' dir='ltr'><strong>angelorum</strong></span> <span class='ocrx_word' id='word_1_212' title='bbox 1118 808 1235 843; x_wconf 86' lang='lat' dir='ltr'><strong>ﬁngatur</strong></span> <span class='ocrx_word' id='word_1_213' title='bbox 1262 817 1268 835; x_wconf 90' lang='lat'><strong>:</strong></span> <span class='ocrx_word' id='word_1_214' title='bbox 1291 807 1364 844; x_wconf 89' lang='lat' dir='ltr'><strong>quod</strong></span> <span class='ocrx_word' id='word_1_215' title='bbox 1389 807 1509 843; x_wconf 86' lang='lat' dir='ltr'><strong>cogitare</strong></span> <span class='ocrx_word' id='word_1_216' title='bbox 1533 808 1662 837; x_wconf 82' lang='lat' dir='ltr'><strong>debemus</strong></span> <span class='ocrx_word' id='word_1_217' title='bbox 1685 808 1721 836; x_wconf 87' lang='lat' dir='ltr'><strong>de</strong></span> 
     </span>
    </p>
   </div>
   <div class='ocr_carea' id='block_1_30' title="bbox 937 854 1720 890">
    <p class='ocr_par' dir='ltr' id='par_1_30' title="bbox 937 854 1720 890">
     <span class='ocr_line' id='line_1_30' title="bbox 937 854 1720 890; baseline -0.001 -7"><span class='ocrx_word' id='word_1_218' title='bbox 937 854 1073 890; x_wconf 85' lang='lat' dir='ltr'><strong>seraphim</strong></span> <span class='ocrx_word' id='word_1_219' title='bbox 1096 858 1124 883; x_wconf 88' lang='lat' dir='ltr'><strong>et</strong></span> <span class='ocrx_word' id='word_1_220' title='bbox 1137 854 1279 882; x_wconf 86' lang='lat' dir='ltr'><strong>cherubim</strong></span> <span class='ocrx_word' id='word_1_221' title='bbox 1302 858 1330 882; x_wconf 92' lang='lat' dir='ltr'><strong>et</strong></span> <span class='ocrx_word' id='word_1_222' title='bbox 1355 855 1459 882; x_wconf 63' lang='lat' dir='ltr'><strong>caeteris</strong></span> <span class='ocrx_word' id='word_1_223' title='bbox 1481 854 1720 890; x_wconf 86' lang='lat' dir='ltr'><strong>virtutibus;quia</strong></span> 
     </span>
    </p>
   </div>
   <div class='ocr_carea' id='block_1_31' title="bbox 938 899 1720 936">
    <p class='ocr_par' dir='ltr' id='par_1_31' title="bbox 938 899 1720 936">
     <span class='ocr_line' id='line_1_31' title="bbox 938 899 1720 936; baseline -0.001 -8"><span class='ocrx_word' id='word_1_224' title='bbox 938 901 1086 929; x_wconf 86' lang='lat' dir='ltr'><strong>secundum</strong></span> <span class='ocrx_word' id='word_1_225' title='bbox 1113 900 1253 936; x_wconf 90' lang='lat' dir='ltr'><strong>proprium</strong></span> <span class='ocrx_word' id='word_1_226' title='bbox 1276 899 1399 928; x_wconf 90' lang='lat' dir='ltr'><strong>ordinem</strong></span> <span class='ocrx_word' id='word_1_227' title='bbox 1423 901 1505 928; x_wconf 88' lang='lat' dir='ltr'><strong>etiam</strong></span> <span class='ocrx_word' id='word_1_228' title='bbox 1525 900 1647 928; x_wconf 89' lang='lat' dir='ltr'><strong>habitum</strong></span> <span class='ocrx_word' id='word_1_229' title='bbox 1670 900 1720 927; x_wconf 86' lang='lat' dir='ltr'><strong>ha-</strong></span> 
     </span>
    </p>
   </div>
   <div class='ocr_carea' id='block_1_32' title="bbox 99 930 888 982">
    <p class='ocr_par' dir='ltr' id='par_1_32' title="bbox 99 930 887 979">
     <span class='ocr_line' id='line_1_32' title="bbox 99 930 887 979; baseline -0.001 -9"><span class='ocrx_word' id='word_1_230' title='bbox 99 943 147 970; x_wconf 79' lang='grc' dir='ltr'><strong>καὶ</strong></span> <span class='ocrx_word' id='word_1_231' title='bbox 160 930 214 970; x_wconf 76' lang='grc' dir='ltr'><strong>τῶν</strong></span> <span class='ocrx_word' id='word_1_232' title='bbox 229 930 316 971; x_wconf 79' lang='grc' dir='ltr'><strong>ἄλλων</strong></span> <span class='ocrx_word' id='word_1_233' title='bbox 329 930 479 978; x_wconf 56' lang='grc' dir='ltr'><strong>δυνάμειιιν,</strong></span> <span class='ocrx_word' id='word_1_234' title='bbox 496 943 537 970; x_wconf 83' lang='grc' dir='ltr'><strong>ὖτι</strong></span> <span class='ocrx_word' id='word_1_235' title='bbox 551 930 680 979; x_wconf 52' lang='lat' dir='ltr'><strong>nobchqu</strong></span> <span class='ocrx_word' id='word_1_236' title='bbox 693 930 796 970; x_wconf 72' lang='grc' dir='ltr'><strong>οἰκείαν</strong></span> <span class='ocrx_word' id='word_1_237' title='bbox 809 930 887 975; x_wconf 59' lang='grc' dir='ltr'><strong>τάξιν</strong></span> 
     </span>
    </p>
   </div>
   <div class='ocr_carea' id='block_1_33' title="bbox 942 930 1720 982">
    <p class='ocr_par' dir='ltr' id='par_1_33' title="bbox 942 930 1720 982">
     <span class='ocr_line' id='line_1_33' title="bbox 942 930 1720 982; baseline -0.001 -7"><span class='ocrx_word' id='word_1_238' title='bbox 942 947 1036 980; x_wconf 79' lang='lat' dir='ltr'><strong>beant;</strong></span> <span class='ocrx_word' id='word_1_239' title='bbox 1049 947 1096 982; x_wconf 91' lang='lat' dir='ltr'><strong>qui</strong></span> <span class='ocrx_word' id='word_1_240' title='bbox 1112 930 1186 974; x_wconf 75' lang='lat' dir='ltr'><strong>enim</strong></span> <span class='ocrx_word' id='word_1_241' title='bbox 1200 946 1340 982; x_wconf 79' lang='grc' dir='ltr'><strong>τρισάγιον</strong></span> <span class='ocrx_word' id='word_1_242' title='bbox 1356 946 1486 981; x_wconf 87' lang='lat' dir='ltr'><strong>hymnum</strong></span> <span class='ocrx_word' id='word_1_243' title='bbox 1498 945 1603 978; x_wconf 89' lang='lat' dir='ltr'><strong>dicunt,</strong></span> <span class='ocrx_word' id='word_1_244' title='bbox 1620 946 1720 974; x_wconf 85' lang='lat' dir='ltr'><strong>multas</strong></span> 
     </span>
    </p>
   </div>
   <div class='ocr_carea' id='block_1_34' title="bbox 98 988 886 1025">
    <p class='ocr_par' dir='ltr' id='par_1_34' title="bbox 98 988 886 1025">
     <span class='ocr_line' id='line_1_34' title="bbox 98 988 886 1025; baseline 0 -10"><span class='ocrx_word' id='word_1_245' title='bbox 98 989 147 1015; x_wconf 70' lang='grc' dir='ltr'><strong>καὶ</strong></span> <span class='ocrx_word' id='word_1_246' title='bbox 161 989 192 1015; x_wconf 82' lang='grc' dir='ltr'><strong>τὸ</strong></span> <span class='ocrx_word' id='word_1_247' title='bbox 212 988 306 1024; x_wconf 84' lang='grc' dir='ltr'><strong>σχῆμα</strong></span> <span class='ocrx_word' id='word_1_248' title='bbox 325 989 447 1024; x_wconf 75' lang='grc' dir='ltr'><strong>ἔχουσιν·</strong></span> <span class='ocrx_word' id='word_1_249' title='bbox 467 989 493 1016; x_wconf 86' lang='grc' dir='ltr'><strong>οι</strong></span> <span class='ocrx_word' id='word_1_250' title='bbox 513 988 567 1025; x_wconf 82' lang='grc' dir='ltr'><strong>γὰρ</strong></span> <span class='ocrx_word' id='word_1_251' title='bbox 582 988 628 1015; x_wconf 81' lang='grc' dir='ltr'><strong>τὸν</strong></span> <span class='ocrx_word' id='word_1_252' title='bbox 648 988 787 1024; x_wconf 83' lang='grc' dir='ltr'><strong>τρισὰγιον</strong></span> <span class='ocrx_word' id='word_1_253' title='bbox 804 988 886 1024; x_wconf 77' lang='grc' dir='ltr'><strong>ὕμνον</strong></span> 
     </span>
    </p>
   </div>
   <div class='ocr_carea' id='block_1_35' title="bbox 98 1032 886 1070">
    <p class='ocr_par' dir='ltr' id='par_1_35' title="bbox 98 1032 886 1070">
     <span class='ocr_line' id='line_1_35' title="bbox 98 1032 886 1070; baseline 0 -10"><span class='ocrx_word' id='word_1_254' title='bbox 98 1033 223 1068; x_wconf 72' lang='grc' dir='ltr'><strong>λέγοντες</strong></span> <span class='ocrx_word' id='word_1_255' title='bbox 232 1034 439 1070; x_wconf 83' lang='grc' dir='ltr'><strong>πολυπρόσωποι</strong></span> <span class='ocrx_word' id='word_1_256' title='bbox 453 1033 675 1070; x_wconf 75' lang='grc' dir='ltr'><strong>σχηματίζονται,</strong></span> <span class='ocrx_word' id='word_1_257' title='bbox 685 1033 826 1070; x_wconf 82' lang='grc' dir='ltr'><strong>δηλοῦντος</strong></span> <span class='ocrx_word' id='word_1_258' title='bbox 839 1032 886 1060; x_wconf 84' lang='grc' dir='ltr'>τοῦ</span> 
     </span>
    </p>
   </div>
   <div class='ocr_carea' id='block_1_36' title="bbox 98 1079 885 1116">
    <p class='ocr_par' dir='ltr' id='par_1_36' title="bbox 98 1079 885 1116">
     <span class='ocr_line' id='line_1_36' title="bbox 98 1079 885 1116; baseline 0 -10"><span class='ocrx_word' id='word_1_259' title='bbox 98 1079 189 1114; x_wconf 84' lang='grc' dir='ltr'><strong>λόγου,</strong></span> <span class='ocrx_word' id='word_1_260' title='bbox 208 1080 249 1106; x_wconf 82' lang='grc' dir='ltr'><strong>ὅτι</strong></span> <span class='ocrx_word' id='word_1_261' title='bbox 266 1079 394 1116; x_wconf 83' lang='grc' dir='ltr'><strong>ἀσίγητός</strong></span> <span class='ocrx_word' id='word_1_262' title='bbox 414 1081 472 1106; x_wconf 78' lang='grc' dir='ltr'><strong>ἐστι</strong></span> <span class='ocrx_word' id='word_1_263' title='bbox 496 1080 543 1106; x_wconf 83' lang='grc' dir='ltr'><strong>καὶ</strong></span> <span class='ocrx_word' id='word_1_264' title='bbox 559 1080 642 1112; x_wconf 85' lang='grc' dir='ltr'><strong>πολὺς</strong></span> <span class='ocrx_word' id='word_1_265' title='bbox 656 1080 670 1106; x_wconf 85' lang='grc' dir='ltr'>ὁ</span> <span class='ocrx_word' id='word_1_266' title='bbox 684 1079 772 1106; x_wconf 82' lang='grc' dir='ltr'><strong>αὐτῶν</strong></span> <span class='ocrx_word' id='word_1_267' title='bbox 788 1079 885 1115; x_wconf 78' lang='grc' dir='ltr'><strong>ὕμνος·</strong></span> 
     </span>
    </p>
   </div>
   <div class='ocr_carea' id='block_1_37' title="bbox 98 1125 570 1162">
    <p class='ocr_par' dir='ltr' id='par_1_37' title="bbox 98 1125 570 1162">
     <span class='ocr_line' id='line_1_37' title="bbox 98 1125 570 1162; baseline 0 -9"><span class='ocrx_word' id='word_1_268' title='bbox 98 1125 171 1154; x_wconf 78' lang='grc' dir='ltr'><strong>οὕτω</strong></span> <span class='ocrx_word' id='word_1_269' title='bbox 185 1127 231 1152; x_wconf 82' lang='grc' dir='ltr'><strong>καὶ</strong></span> <span class='ocrx_word' id='word_1_270' title='bbox 246 1127 308 1162; x_wconf 81' lang='grc' dir='ltr'><strong>περὶ</strong></span> <span class='ocrx_word' id='word_1_271' title='bbox 321 1126 375 1153; x_wconf 84' lang='grc' dir='ltr'><strong>τῶν</strong></span> <span class='ocrx_word' id='word_1_272' title='bbox 388 1126 452 1162; x_wconf 79' lang='grc' dir='ltr'><strong>ἑξῆς</strong></span> <span class='ocrx_word' id='word_1_273' title='bbox 465 1126 570 1162; x_wconf 74' lang='grc' dir='ltr'><strong>νόησον.</strong></span> 
     </span>
    </p>
   </div>
   <div class='ocr_carea' id='block_1_38' title="bbox 137 1172 887 1208">
    <p class='ocr_par' dir='ltr' id='par_1_38' title="bbox 137 1172 887 1208">
     <span class='ocr_line' id='line_1_38' title="bbox 137 1172 887 1208; baseline 0.001 -10"><span class='ocrx_word' id='word_1_274' title='bbox 137 1173 171 1198; x_wconf 82' lang='grc' dir='ltr'><strong>Τό</strong></span> <span class='ocrx_word' id='word_1_275' title='bbox 187 1172 313 1207; x_wconf 79' lang='grc' dir='ltr'><strong>σημεῖον</strong></span> <span class='ocrx_word' id='word_1_276' title='bbox 331 1173 375 1205; x_wconf 81' lang='grc' dir='ltr'><strong>εὶς</strong></span> <span class='ocrx_word' id='word_1_277' title='bbox 389 1172 425 1199; x_wconf 85' lang='grc' dir='ltr'><strong>τὰ</strong></span> <span class='ocrx_word' id='word_1_278' title='bbox 443 1172 574 1206; x_wconf 82' lang='grc' dir='ltr'><strong>μέτωπα.</strong></span> <span class='ocrx_word' id='word_1_279' title='bbox 592 1172 762 1208; x_wconf 81' lang='grc' dir='ltr'><strong>Σημείωσαι,</strong></span> <span class='ocrx_word' id='word_1_280' title='bbox 779 1172 818 1199; x_wconf 80' lang='grc' dir='ltr'><strong>δτι</strong></span> <span class='ocrx_word' id='word_1_281' title='bbox 838 1172 887 1208; x_wconf 83' lang='grc' dir='ltr'><strong>τὴν</strong></span> 
     </span>
    </p>
   </div>
   <div class='ocr_carea' id='block_1_39' title="bbox 99 1217 888 1254">
    <p class='ocr_par' dir='ltr' id='par_1_39' title="bbox 99 1217 888 1254">
     <span class='ocr_line' id='line_1_39' title="bbox 99 1217 888 1254; baseline -0.001 -9"><span class='ocrx_word' id='word_1_282' title='bbox 99 1218 175 1246; x_wconf 78' lang='grc' dir='ltr'><strong>θείαν</strong></span> <span class='ocrx_word' id='word_1_283' title='bbox 197 1218 373 1254; x_wconf 81' lang='grc' dir='ltr'><strong>πριγτύπωσιν</strong></span> <span class='ocrx_word' id='word_1_284' title='bbox 394 1217 425 1250; x_wconf 70' lang='grc' dir='ltr'><strong>ἐξ</strong></span> <span class='ocrx_word' id='word_1_285' title='bbox 446 1217 549 1245; x_wconf 75' lang='grc' dir='ltr'><strong>ἐκείνου</strong></span> <span class='ocrx_word' id='word_1_286' title='bbox 572 1218 759 1254; x_wconf 84' lang='grc' dir='ltr'><strong>προεμήνυσε,</strong></span> <span class='ocrx_word' id='word_1_287' title='bbox 775 1217 806 1244; x_wconf 79' lang='grc' dir='ltr'><strong>τὸ</strong></span> <span class='ocrx_word' id='word_1_288' title='bbox 825 1218 888 1250; x_wconf 79' lang='grc' dir='ltr'><strong>τοὺς</strong></span> 
     </span>
    </p>
   </div>
   <div class='ocr_carea' id='block_1_40' title="bbox 99 1263 887 1299">
    <p class='ocr_par' dir='ltr' id='par_1_40' title="bbox 99 1263 887 1299">
     <span class='ocr_line' id='line_1_40' title="bbox 99 1263 887 1299; baseline 0 -9"><span class='ocrx_word' id='word_1_289' title='bbox 99 1263 213 1296; x_wconf 78' lang='grc' dir='ltr'><strong>πιστοὺς</strong></span> <span class='ocrx_word' id='word_1_290' title='bbox 227 1263 299 1290; x_wconf 86' lang='grc' dir='ltr'><strong>κατὰ</strong></span> <span class='ocrx_word' id='word_1_291' title='bbox 308 1264 338 1290; x_wconf 85' lang='grc' dir='ltr'><strong>τὸ</strong></span> <span class='ocrx_word' id='word_1_292' title='bbox 356 1263 479 1299; x_wconf 83' lang='grc' dir='ltr'><strong>μέτωπον</strong></span> <span class='ocrx_word' id='word_1_293' title='bbox 489 1264 512 1280; x_wconf 75' lang='grc'><strong>⁸⁸</strong></span> <span class='ocrx_word' id='word_1_294' title='bbox 524 1264 574 1299; x_wconf 87' lang='grc' dir='ltr'><strong>τὴν</strong></span> <span class='ocrx_word' id='word_1_295' title='bbox 593 1263 722 1296; x_wconf 79' lang='grc' dir='ltr'><strong>ζωοποιὸν</strong></span> <span class='ocrx_word' id='word_1_296' title='bbox 739 1263 887 1290; x_wconf 76' lang='grc' dir='ltr'><strong>ἐπιτιθέναι</strong></span> 
     </span>
    </p>
   </div>
   <div class='ocr_carea' id='block_1_41' title="bbox 101 1308 889 1346">
    <p class='ocr_par' dir='ltr' id='par_1_41' title="bbox 101 1308 889 1346">
     <span class='ocr_line' id='line_1_41' title="bbox 101 1308 889 1346; baseline -0.001 -10"><span class='ocrx_word' id='word_1_297' title='bbox 101 1309 246 1345; x_wconf 79' lang='grc' dir='ltr'><strong>σφραγῖδα,</strong></span> <span class='ocrx_word' id='word_1_298' title='bbox 257 1310 304 1337; x_wconf 72' lang='grc' dir='ltr'><strong>καὶ</strong></span> <span class='ocrx_word' id='word_1_299' title='bbox 315 1309 513 1345; x_wconf 81' lang='grc' dir='ltr'><strong>περισώςεσθαι</strong></span> <span class='ocrx_word' id='word_1_300' title='bbox 528 1310 561 1336; x_wconf 67' lang='grc' dir='ltr'><strong>ἐκ</strong></span> <span class='ocrx_word' id='word_1_301' title='bbox 572 1309 619 1336; x_wconf 87' lang='grc' dir='ltr'><strong>τοῦ</strong></span> <span class='ocrx_word' id='word_1_302' title='bbox 633 1308 790 1346; x_wconf 78' lang='grc' dir='ltr'><strong>ὀλοθρευτοῦ</strong></span> <span class='ocrx_word' id='word_1_303' title='bbox 799 1317 805 1324; x_wconf 94' lang='grc'><strong>·</strong></span> <span class='ocrx_word' id='word_1_304' title='bbox 821 1309 889 1336; x_wconf 81' lang='grc' dir='ltr'><strong>ἀλλὰ</strong></span> 
     </span>
    </p>
   </div>
   <div class='ocr_carea' id='block_1_42' title="bbox 99 1354 889 1391">
    <p class='ocr_par' dir='ltr' id='par_1_42' title="bbox 99 1354 889 1391">
     <span class='ocr_line' id='line_1_42' title="bbox 99 1354 889 1391; baseline -0.001 -9"><span class='ocrx_word' id='word_1_305' title='bbox 99 1355 160 1382; x_wconf 80' lang='grc' dir='ltr'><strong>τότε</strong></span> <span class='ocrx_word' id='word_1_306' title='bbox 185 1355 235 1391; x_wconf 85' lang='grc' dir='ltr'><strong>μὲν</strong></span> <span class='ocrx_word' id='word_1_307' title='bbox 257 1355 368 1390; x_wconf 77' lang='grc' dir='ltr'><strong>ἄγγελοι</strong></span> <span class='ocrx_word' id='word_1_308' title='bbox 391 1356 421 1382; x_wconf 84' lang='grc' dir='ltr'><strong>ὲν</strong></span> <span class='ocrx_word' id='word_1_309' title='bbox 446 1356 565 1391; x_wconf 86' lang='grc' dir='ltr'><strong>σχήματι</strong></span> <span class='ocrx_word' id='word_1_310' title='bbox 588 1355 682 1391; x_wconf 80' lang='grc' dir='ltr'><strong>ἱερέων</strong></span> <span class='ocrx_word' id='word_1_311' title='bbox 707 1354 786 1381; x_wconf 81' lang='grc' dir='ltr'><strong>τοῦτο</strong></span> <span class='ocrx_word' id='word_1_312' title='bbox 802 1355 889 1382; x_wconf 81' lang='grc' dir='ltr'><strong>ποιεῖν</strong></span> 
     </span>
    </p>
   </div>
   <div class='ocr_carea' id='block_1_43' title="bbox 100 1401 889 1438">
    <p class='ocr_par' dir='ltr' id='par_1_43' title="bbox 100 1401 889 1438">
     <span class='ocr_line' id='line_1_43' title="bbox 100 1401 889 1438; baseline 0 -10"><span class='ocrx_word' id='word_1_313' title='bbox 100 1401 298 1438; x_wconf 72' lang='grc' dir='ltr'><strong>ἐκελεύσθησαν</strong></span> <span class='ocrx_word' id='word_1_314' title='bbox 321 1403 377 1433; x_wconf 79' lang='grc' dir='ltr'><strong>τοῖς</strong></span> <span class='ocrx_word' id='word_1_315' title='bbox 399 1401 568 1433; x_wconf 84' lang='grc' dir='ltr'><strong>ἀνευθύνοις·</strong></span> <span class='ocrx_word' id='word_1_316' title='bbox 586 1402 603 1436; x_wconf 80' lang='grc' dir='ltr'><strong>ἡ</strong></span> <span class='ocrx_word' id='word_1_317' title='bbox 625 1401 680 1438; x_wconf 85' lang='grc' dir='ltr'><strong>γὰρ</strong></span> <span class='ocrx_word' id='word_1_318' title='bbox 704 1401 776 1437; x_wconf 80' lang='grc' dir='ltr'><strong>ζώνη</strong></span> <span class='ocrx_word' id='word_1_319' title='bbox 799 1401 845 1428; x_wconf 76' lang='grc' dir='ltr'><strong>καὶ</strong></span> <span class='ocrx_word' id='word_1_320' title='bbox 874 1402 889 1428; x_wconf 80' lang='grc' dir='ltr'>ὁ</span> 
     </span>
    </p>
   </div>
   <div class='ocr_carea' id='block_1_44' title="bbox 100 1447 890 1484">
    <p class='ocr_par' dir='ltr' id='par_1_44' title="bbox 100 1447 890 1484">
     <span class='ocr_line' id='line_1_44' title="bbox 100 1447 890 1484; baseline 0 -10"><span class='ocrx_word' id='word_1_321' title='bbox 100 1447 221 1483; x_wconf 78' lang='grc' dir='ltr'><strong>ποδήρης</strong></span> <span class='ocrx_word' id='word_1_322' title='bbox 234 1447 318 1483; x_wconf 81' lang='grc' dir='ltr'><strong>χιτὼν</strong></span> <span class='ocrx_word' id='word_1_323' title='bbox 332 1448 363 1474; x_wconf 79' lang='grc' dir='ltr'><strong>τὸ</strong></span> <span class='ocrx_word' id='word_1_324' title='bbox 381 1448 540 1484; x_wconf 78' lang='grc' dir='ltr'><strong>ίεροπρεπὲς</strong></span> <span class='ocrx_word' id='word_1_325' title='bbox 555 1448 607 1475; x_wconf 87' lang='grc' dir='ltr'><strong>τῶν</strong></span> <span class='ocrx_word' id='word_1_326' title='bbox 625 1448 719 1484; x_wconf 79' lang='grc' dir='ltr'><strong>ἱερέων</strong></span> <span class='ocrx_word' id='word_1_327' title='bbox 732 1448 808 1484; x_wconf 88' lang='grc' dir='ltr'><strong>δηλοῖ</strong></span> <span class='ocrx_word' id='word_1_328' title='bbox 823 1447 890 1483; x_wconf 73' lang='grc' dir='ltr'><strong>σχῆσι</strong></span> 
     </span>
    </p>
   </div>
   <div class='ocr_carea' id='block_1_45' title="bbox 104 1493 888 1529">
    <p class='ocr_par' dir='ltr' id='par_1_45' title="bbox 104 1493 888 1529">
     <span class='ocr_line' id='line_1_45' title="bbox 104 1493 888 1529; baseline 0 -9"><span class='ocrx_word' id='word_1_329' title='bbox 104 1501 155 1528; x_wconf 75' lang='grc' dir='ltr'><strong>μα⁶</strong></span> <span class='ocrx_word' id='word_1_330' title='bbox 178 1493 226 1520; x_wconf 82' lang='grc' dir='ltr'><strong>νῦν</strong></span> <span class='ocrx_word' id='word_1_331' title='bbox 247 1493 275 1520; x_wconf 84' lang='grc' dir='ltr'><strong>δὲ</strong></span> <span class='ocrx_word' id='word_1_332' title='bbox 297 1494 344 1520; x_wconf 79' lang='grc' dir='ltr'><strong>καὶ</strong></span> <span class='ocrx_word' id='word_1_333' title='bbox 366 1494 456 1529; x_wconf 80' lang='grc' dir='ltr'><strong>ἡμεῖς,</strong></span> <span class='ocrx_word' id='word_1_334' title='bbox 479 1495 585 1526; x_wconf 78' lang='grc' dir='ltr'><strong>ἑαυτοῖς</strong></span> <span class='ocrx_word' id='word_1_335' title='bbox 609 1494 634 1520; x_wconf 84' lang='grc' dir='ltr'><strong>οι</strong></span> <span class='ocrx_word' id='word_1_336' title='bbox 657 1494 747 1520; x_wconf 77' lang='grc' dir='ltr'><strong>πιστοὶ</strong></span> <span class='ocrx_word' id='word_1_337' title='bbox 769 1493 820 1529; x_wconf 85' lang='grc' dir='ltr'><strong>τὴν</strong></span> <span class='ocrx_word' id='word_1_338' title='bbox 840 1494 888 1520; x_wconf 66' lang='lat' dir='ltr'><strong>re}</strong></span> 
     </span>
    </p>
   </div>
   <div class='ocr_carea' id='block_1_46' title="bbox 103 1538 888 1575">
    <p class='ocr_par' dir='ltr' id='par_1_46' title="bbox 103 1538 888 1575">
     <span class='ocr_line' id='line_1_46' title="bbox 103 1538 888 1575; baseline 0 -9"><span class='ocrx_word' id='word_1_339' title='bbox 103 1539 218 1575; x_wconf 79' lang='grc' dir='ltr'><strong>σταυροῦ</strong></span> <span class='ocrx_word' id='word_1_340' title='bbox 247 1540 382 1575; x_wconf 76' lang='grc' dir='ltr'><strong>σφραγῖδα</strong></span> <span class='ocrx_word' id='word_1_341' title='bbox 405 1539 474 1566; x_wconf 83' lang='grc' dir='ltr'><strong>κατὰ</strong></span> <span class='ocrx_word' id='word_1_342' title='bbox 498 1539 529 1566; x_wconf 83' lang='grc' dir='ltr'><strong>τὸ</strong></span> <span class='ocrx_word' id='word_1_343' title='bbox 555 1539 677 1575; x_wconf 84' lang='grc' dir='ltr'><strong>μέτωπον</strong></span> <span class='ocrx_word' id='word_1_344' title='bbox 700 1538 888 1571; x_wconf 74' lang='grc' dir='ltr'><strong>ὲντυποῦντες,</strong></span> 
     </span>
    </p>
   </div>
   <div class='ocr_carea' id='block_1_47' title="bbox 101 1584 922 1631">
    <p class='ocr_par' dir='ltr' id='par_1_47' title="bbox 101 1584 922 1631">
     <span class='ocr_line' id='line_1_47' title="bbox 101 1584 922 1631; baseline -0.001 -19"><span class='ocrx_word' id='word_1_345' title='bbox 101 1586 284 1620; x_wconf 83' lang='grc' dir='ltr'><strong>διαφεύγομεν</strong></span> <span class='ocrx_word' id='word_1_346' title='bbox 312 1586 358 1612; x_wconf 86' lang='grc' dir='ltr'><strong>τὸν</strong></span> <span class='ocrx_word' id='word_1_347' title='bbox 380 1585 492 1621; x_wconf 76' lang='grc' dir='ltr'><strong>ἐχθρόν·</strong></span> <span class='ocrx_word' id='word_1_348' title='bbox 518 1585 572 1612; x_wconf 79' lang='grc' dir='ltr'><strong>ίδοὺ</strong></span> <span class='ocrx_word' id='word_1_349' title='bbox 599 1585 647 1612; x_wconf 73' lang='grc' dir='ltr'><strong>καὶ</strong></span> <span class='ocrx_word' id='word_1_350' title='bbox 667 1585 734 1621; x_wconf 75' lang='grc' dir='ltr'><strong>ἄλλη</strong></span> <span class='ocrx_word' id='word_1_351' title='bbox 760 1584 888 1631; x_wconf 55' lang='grc' dir='ltr'><strong>δμοίιρσις</strong></span> <span class='ocrx_word' id='word_1_352' title='bbox 901 1601 922 1631; x_wconf 72' lang='lat' dir='ltr'>c</span> 
     </span>
    </p>
   </div>
   <div class='ocr_carea' id='block_1_48' title="bbox 102 1626 888 1668">
    <p class='ocr_par' dir='ltr' id='par_1_48' title="bbox 102 1626 888 1668">
     <span class='ocr_line' id='line_1_48' title="bbox 102 1626 888 1668; baseline -0.003 -10"><span class='ocrx_word' id='word_1_353' title='bbox 102 1631 223 1663; x_wconf 81' lang='grc' dir='ltr'><strong>Παλαιᾶς</strong></span> <span class='ocrx_word' id='word_1_354' title='bbox 250 1631 319 1667; x_wconf 76' lang='grc' dir='ltr'><strong>πρὸς</strong></span> <span class='ocrx_word' id='word_1_355' title='bbox 333 1631 382 1667; x_wconf 80' lang='grc' dir='ltr'><strong>τὴν</strong></span> <span class='ocrx_word' id='word_1_356' title='bbox 403 1631 489 1658; x_wconf 80' lang='grc' dir='ltr'><strong>Νέαν.</strong></span> <span class='ocrx_word' id='word_1_357' title='bbox 510 1631 664 1668; x_wconf 84' lang='grc' dir='ltr'><strong>Σημείωσαι</strong></span> <span class='ocrx_word' id='word_1_358' title='bbox 684 1631 728 1663; x_wconf 78' lang='grc' dir='ltr'><strong>δὲ,</strong></span> <span class='ocrx_word' id='word_1_359' title='bbox 748 1631 789 1658; x_wconf 82' lang='grc' dir='ltr'><strong>ὅτι</strong></span> <span class='ocrx_word' id='word_1_360' title='bbox 809 1626 888 1657; x_wconf 69' lang='grc' dir='ltr'><strong>αὗταί</strong></span> 
     </span>
    </p>
   </div>
   <div class='ocr_carea' id='block_1_49' title="bbox 102 1676 886 1713">
    <p class='ocr_par' dir='ltr' id='par_1_49' title="bbox 102 1676 886 1713">
     <span class='ocr_line' id='line_1_49' title="bbox 102 1676 886 1713; baseline 0 -9"><span class='ocrx_word' id='word_1_361' title='bbox 102 1679 171 1704; x_wconf 81' lang='grc' dir='ltr'><strong>είσιν</strong></span> <span class='ocrx_word' id='word_1_362' title='bbox 183 1678 211 1704; x_wconf 72' lang='grc' dir='ltr'><strong>αἱ</strong></span> <span class='ocrx_word' id='word_1_363' title='bbox 226 1678 300 1713; x_wconf 82' lang='grc' dir='ltr'><strong>τρεῖς</strong></span> <span class='ocrx_word' id='word_1_364' title='bbox 311 1676 448 1713; x_wconf 70' lang='grc' dir='ltr'><strong>τριαδικαὶ</strong></span> <span class='ocrx_word' id='word_1_365' title='bbox 462 1676 553 1710; x_wconf 75' lang='grc' dir='ltr'><strong>τάξεις</strong></span> <span class='ocrx_word' id='word_1_366' title='bbox 562 1676 616 1703; x_wconf 87' lang='grc' dir='ltr'><strong>τῶν</strong></span> <span class='ocrx_word' id='word_1_367' title='bbox 626 1676 728 1712; x_wconf 85' lang='grc' dir='ltr'><strong>νοητῶν</strong></span> <span class='ocrx_word' id='word_1_368' title='bbox 737 1676 886 1712; x_wconf 80' lang='grc' dir='ltr'><strong>δυνάμεων·</strong></span> 
     </span>
    </p>
   </div>
   <div class='ocr_carea' id='block_1_50' title="bbox 102 1719 886 1759">
    <p class='ocr_par' dir='ltr' id='par_1_50' title="bbox 102 1719 886 1759">
     <span class='ocr_line' id='line_1_50' title="bbox 102 1719 886 1759; baseline -0.001 -10"><span class='ocrx_word' id='word_1_369' title='bbox 102 1723 198 1759; x_wconf 80' lang='grc' dir='ltr'><strong>πρώτη</strong></span> <span class='ocrx_word' id='word_1_370' title='bbox 220 1722 309 1758; x_wconf 85' lang='grc' dir='ltr'><strong>τριὰς,</strong></span> <span class='ocrx_word' id='word_1_371' title='bbox 324 1722 426 1758; x_wconf 85' lang='grc' dir='ltr'><strong>θρόνοι·</strong></span> <span class='ocrx_word' id='word_1_372' title='bbox 445 1719 503 1749; x_wconf 76' lang='grc' dir='ltr'><strong>εἶτα</strong></span> <span class='ocrx_word' id='word_1_373' title='bbox 517 1722 665 1758; x_wconf 78' lang='grc' dir='ltr'><strong>χερουδὶμ,</strong></span> <span class='ocrx_word' id='word_1_374' title='bbox 680 1720 738 1750; x_wconf 85' lang='grc' dir='ltr'><strong>εῐτα</strong></span> <span class='ocrx_word' id='word_1_375' title='bbox 753 1722 886 1758; x_wconf 84' lang='grc' dir='ltr'><strong>σεραφίμ·</strong></span> 
     </span>
    </p>
   </div>
   <div class='ocr_carea' id='block_1_51' title="bbox 102 1768 886 1805">
    <p class='ocr_par' dir='ltr' id='par_1_51' title="bbox 102 1768 886 1805">
     <span class='ocr_line' id='line_1_51' title="bbox 102 1768 886 1805; baseline -0.001 -10"><span class='ocrx_word' id='word_1_376' title='bbox 102 1768 216 1804; x_wconf 84' lang='grc' dir='ltr'><strong>δευτέρα</strong></span> <span class='ocrx_word' id='word_1_377' title='bbox 243 1768 341 1805; x_wconf 79' lang='grc' dir='ltr'><strong>τριὰς,</strong></span> <span class='ocrx_word' id='word_1_378' title='bbox 365 1768 544 1804; x_wconf 71' lang='grc' dir='ltr'><strong>κυριότητες,</strong></span> <span class='ocrx_word' id='word_1_379' title='bbox 573 1768 721 1804; x_wconf 81' lang='grc' dir='ltr'><strong>δυνάμεις,</strong></span> <span class='ocrx_word' id='word_1_380' title='bbox 753 1768 886 1801; x_wconf 72' lang='grc' dir='ltr'><strong>ἐξουσίαι·</strong></span> 
     </span>
    </p>
   </div>
   <div class='ocr_carea' id='block_1_52' title="bbox 103 1812 887 1850">
    <p class='ocr_par' dir='ltr' id='par_1_52' title="bbox 103 1812 887 1850">
     <span class='ocr_line' id='line_1_52' title="bbox 103 1812 887 1850; baseline 0 -10"><span class='ocrx_word' id='word_1_381' title='bbox 103 1812 181 1842; x_wconf 73' lang='grc' dir='ltr'><strong>αὗται</strong></span> <span class='ocrx_word' id='word_1_382' title='bbox 209 1814 256 1841; x_wconf 82' lang='grc' dir='ltr'><strong>καὶ</strong></span> <span class='ocrx_word' id='word_1_383' title='bbox 282 1814 361 1850; x_wconf 81' lang='grc' dir='ltr'><strong>μέσαι</strong></span> <span class='ocrx_word' id='word_1_384' title='bbox 393 1814 534 1848; x_wconf 86' lang='grc' dir='ltr'><strong>λέγονται·</strong></span> <span class='ocrx_word' id='word_1_385' title='bbox 566 1814 644 1850; x_wconf 83' lang='grc' dir='ltr'><strong>τρίτη</strong></span> <span class='ocrx_word' id='word_1_386' title='bbox 669 1813 762 1850; x_wconf 80' lang='grc' dir='ltr'><strong>τριὰς,</strong></span> <span class='ocrx_word' id='word_1_387' title='bbox 790 1813 887 1849; x_wconf 78' lang='grc' dir='ltr'><strong>ἀρχαὶ,</strong></span> 
     </span>
    </p>
   </div>
   <div class='ocr_carea' id='block_1_53' title="bbox 103 1860 888 1896">
    <p class='ocr_par' dir='ltr' id='par_1_53' title="bbox 103 1860 888 1896">
     <span class='ocr_line' id='line_1_53' title="bbox 103 1860 888 1896; baseline 0 -9"><span class='ocrx_word' id='word_1_388' title='bbox 103 1860 265 1896; x_wconf 80' lang='grc' dir='ltr'><strong>ἀρχάγγελοι</strong></span> <span class='ocrx_word' id='word_1_389' title='bbox 280 1879 289 1892; x_wconf 83' lang='lat'><strong>,</strong></span> <span class='ocrx_word' id='word_1_390' title='bbox 321 1860 430 1894; x_wconf 80' lang='grc' dir='ltr'><strong>ἄγγελοι</strong></span> <span class='ocrx_word' id='word_1_391' title='bbox 443 1869 450 1876; x_wconf 91' lang='grc'><strong>·</strong></span> <span class='ocrx_word' id='word_1_392' title='bbox 482 1860 563 1896; x_wconf 83' lang='grc' dir='ltr'><strong>κοινῷ</strong></span> <span class='ocrx_word' id='word_1_393' title='bbox 592 1860 623 1887; x_wconf 81' lang='grc' dir='ltr'><strong>δὲ</strong></span> <span class='ocrx_word' id='word_1_394' title='bbox 652 1860 764 1896; x_wconf 74' lang='grc' dir='ltr'><strong>ὀνόματι</strong></span> <span class='ocrx_word' id='word_1_395' title='bbox 789 1860 888 1891; x_wconf 80' lang='grc' dir='ltr'><strong>πάντες</strong></span> 
     </span>
    </p>
   </div>
   <div class='ocr_carea' id='block_1_54' title="bbox 105 1905 223 1940">
    <p class='ocr_par' dir='ltr' id='par_1_54' title="bbox 105 1905 223 1940">
     <span class='ocr_line' id='line_1_54' title="bbox 105 1905 223 1940; baseline 0 -8"><span class='ocrx_word' id='word_1_396' title='bbox 105 1905 223 1940; x_wconf 75' lang='grc' dir='ltr'><strong>ἄγγελοι.</strong></span> 
     </span>
    </p>
   </div>
   <div class='ocr_carea' id='block_1_55' title="bbox 140 1949 889 1987">
    <p class='ocr_par' dir='ltr' id='par_1_55' title="bbox 140 1949 889 1987">
     <span class='ocr_line' id='line_1_55' title="bbox 140 1949 889 1987; baseline -0.001 -9"><span class='ocrx_word' id='word_1_397' title='bbox 140 1951 296 1985; x_wconf 78' lang='grc' dir='ltr'><strong>Εὐταξίας.</strong></span> <span class='ocrx_word' id='word_1_398' title='bbox 310 1951 378 1987; x_wconf 61' lang='grc' dir='ltr'><strong>ΙῙερῪ¹</strong></span> <span class='ocrx_word' id='word_1_399' title='bbox 393 1950 518 1983; x_wconf 80' lang='grc' dir='ltr'><strong>εὐταξίας</strong></span> <span class='ocrx_word' id='word_1_400' title='bbox 531 1949 586 1978; x_wconf 87' lang='grc' dir='ltr'><strong>τῶν</strong></span> <span class='ocrx_word' id='word_1_401' title='bbox 599 1950 731 1986; x_wconf 78' lang='grc' dir='ltr'><strong>δευτέρων</strong></span> <span class='ocrx_word' id='word_1_402' title='bbox 745 1951 813 1986; x_wconf 82' lang='grc' dir='ltr'><strong>πρὸς</strong></span> <span class='ocrx_word' id='word_1_403' title='bbox 825 1951 889 1983; x_wconf 80' lang='grc' dir='ltr'><strong>τοὺς</strong></span> 
     </span>
    </p>
   </div>
   <div class='ocr_carea' id='block_1_56' title="bbox 105 1997 266 2033">
    <p class='ocr_par' dir='ltr' id='par_1_56' title="bbox 105 1997 266 2033">
     <span class='ocr_line' id='line_1_56' title="bbox 105 1997 266 2033; baseline -0.012 -8"><span class='ocrx_word' id='word_1_404' title='bbox 105 1997 191 2025; x_wconf 59' lang='lat' dir='ltr'><strong>dvorte</strong></span> <span class='ocrx_word' id='word_1_405' title='bbox 195 2005 266 2033; x_wconf 84' lang='grc' dir='ltr'><strong>ρους.</strong></span> 
     </span>
    </p>
   </div>
   <div class='ocr_carea' id='block_1_57' title="bbox 143 2041 890 2078">
    <p class='ocr_par' dir='ltr' id='par_1_57' title="bbox 143 2041 890 2078">
     <span class='ocr_line' id='line_1_57' title="bbox 143 2041 890 2078; baseline -0.001 -8"><span class='ocrx_word' id='word_1_406' title='bbox 143 2042 198 2069; x_wconf 79' lang='grc' dir='ltr'><strong>Τόν</strong></span> <span class='ocrx_word' id='word_1_407' title='bbox 215 2043 366 2070; x_wconf 78' lang='grc' dir='ltr'><strong>θειότατον</strong></span> <span class='ocrx_word' id='word_1_408' title='bbox 385 2041 525 2078; x_wconf 71' lang='grc' dir='ltr'><strong>Γαϐριὴλ.</strong></span> <span class='ocrx_word' id='word_1_409' title='bbox 551 2041 722 2078; x_wconf 84' lang='grc' dir='ltr'><strong>Σημείωσαι.</strong></span> <span class='ocrx_word' id='word_1_410' title='bbox 747 2042 787 2069; x_wconf 75' lang='grc' dir='ltr'><strong>ἇιι</strong></span> <span class='ocrx_word' id='word_1_411' title='bbox 814 2041 861 2070; x_wconf 75' lang='grc' dir='ltr'><strong>καὶ</strong></span> <span class='ocrx_word' id='word_1_412' title='bbox 876 2043 890 2069; x_wconf 84' lang='grc' dir='ltr'><strong>ό</strong></span> 
     </span>
    </p>
   </div>
   <div class='ocr_carea' id='block_1_58' title="bbox 105 2087 891 2124">
    <p class='ocr_par' dir='ltr' id='par_1_58' title="bbox 105 2087 891 2124">
     <span class='ocr_line' id='line_1_58' title="bbox 105 2087 891 2124; baseline -0.001 -9"><span class='ocrx_word' id='word_1_413' title='bbox 105 2087 223 2124; x_wconf 77' lang='grc' dir='ltr'><strong>Γαϐριὴλ</strong></span> <span class='ocrx_word' id='word_1_414' title='bbox 248 2088 298 2115; x_wconf 81' lang='grc' dir='ltr'><strong>οὐκ</strong></span> <span class='ocrx_word' id='word_1_415' title='bbox 320 2087 378 2115; x_wconf 74' lang='grc' dir='ltr'><strong>ἐστι</strong></span> <span class='ocrx_word' id='word_1_416' title='bbox 401 2087 455 2114; x_wconf 83' lang='grc' dir='ltr'><strong>τῶν</strong></span> <span class='ocrx_word' id='word_1_417' title='bbox 482 2088 625 2124; x_wconf 82' lang='grc' dir='ltr'><strong>ὰνωτέρων</strong></span> <span class='ocrx_word' id='word_1_418' title='bbox 652 2087 805 2123; x_wconf 78' lang='grc' dir='ltr'><strong>δυνάμεων,</strong></span> <span class='ocrx_word' id='word_1_419' title='bbox 823 2087 891 2115; x_wconf 76' lang='grc' dir='ltr'><strong>ἀλλὰ</strong></span> 
     </span>
    </p>
   </div>
   <div class='ocr_carea' id='block_1_59' title="bbox 106 2133 339 2169">
    <p class='ocr_par' dir='ltr' id='par_1_59' title="bbox 106 2133 339 2169">
     <span class='ocr_line' id='line_1_59' title="bbox 106 2133 339 2169; baseline 0.004 -9"><span class='ocrx_word' id='word_1_420' title='bbox 106 2133 160 2160; x_wconf 77' lang='grc' dir='ltr'><strong>τῶν</strong></span> <span class='ocrx_word' id='word_1_421' title='bbox 177 2134 238 2168; x_wconf 84' lang='grc' dir='ltr'><strong>ὑφει</strong></span> <span class='ocrx_word' id='word_1_422' title='bbox 242 2133 339 2169; x_wconf 86' lang='grc' dir='ltr'><strong>μένων.</strong></span> 
     </span>
    </p>
   </div>
   <div class='ocr_carea' id='block_1_60' title="bbox 147 2179 891 2215">
    <p class='ocr_par' dir='ltr' id='par_1_60' title="bbox 147 2179 891 2215">
     <span class='ocr_line' id='line_1_60' title="bbox 147 2179 891 2215; baseline 0 -9"><span class='ocrx_word' id='word_1_423' title='bbox 147 2179 317 2214; x_wconf 81' lang='grc' dir='ltr'><strong>Ἰεραρχίας.</strong></span> <span class='ocrx_word' id='word_1_424' title='bbox 342 2180 515 2215; x_wconf 81' lang='grc' dir='ltr'><strong>Σημείωσαι,</strong></span> <span class='ocrx_word' id='word_1_425' title='bbox 544 2180 585 2207; x_wconf 81' lang='grc' dir='ltr'><strong>ὅτι</strong></span> <span class='ocrx_word' id='word_1_426' title='bbox 619 2179 730 2215; x_wconf 87' lang='grc' dir='ltr'><strong>μίμημα</strong></span> <span class='ocrx_word' id='word_1_427' title='bbox 761 2179 810 2214; x_wconf 85' lang='grc' dir='ltr'><strong>τῆς</strong></span> <span class='ocrx_word' id='word_1_428' title='bbox 835 2179 891 2206; x_wconf 80' lang='grc' dir='ltr'><strong>ἄνω</strong></span> 
     </span>
    </p>
   </div>
   <div class='ocr_carea' id='block_1_61' title="bbox 107 2225 890 2264">
    <p class='ocr_par' dir='ltr' id='par_1_61' title="bbox 107 2225 890 2264">
     <span class='ocr_line' id='line_1_61' title="bbox 107 2225 890 2264; baseline -0.001 -12"><span class='ocrx_word' id='word_1_429' title='bbox 107 2225 239 2260; x_wconf 79' lang='grc' dir='ltr'><strong>μυστικῆς</strong></span> <span class='ocrx_word' id='word_1_430' title='bbox 263 2225 404 2261; x_wconf 84' lang='grc' dir='ltr'><strong>ίεραρχίας</strong></span> <span class='ocrx_word' id='word_1_431' title='bbox 431 2225 465 2253; x_wconf 87' lang='grc' dir='ltr'><strong>τὰ</strong></span> <span class='ocrx_word' id='word_1_432' title='bbox 485 2226 514 2252; x_wconf 69' lang='grc' dir='ltr'>ὲν</span> <span class='ocrx_word' id='word_1_433' title='bbox 536 2227 570 2262; x_wconf 84' lang='grc' dir='ltr'><strong>τῇ</strong></span> <span class='ocrx_word' id='word_1_434' title='bbox 591 2225 737 2264; x_wconf 60' lang='grc' dir='ltr'><strong>Ἐκκλησία⁵</strong></span> <span class='ocrx_word' id='word_1_435' title='bbox 760 2225 890 2260; x_wconf 85' lang='grc' dir='ltr'><strong>γινόμενα</strong></span> 
     </span>
    </p>
   </div>
   <div class='ocr_carea' id='block_1_62' title="bbox 936 991 1720 1029">
    <p class='ocr_par' dir='ltr' id='par_1_62' title="bbox 936 991 1720 1029">
     <span class='ocr_line' id='line_1_62' title="bbox 936 991 1720 1029; baseline -0.001 -9"><span class='ocrx_word' id='word_1_436' title='bbox 936 993 1037 1021; x_wconf 87' lang='lat' dir='ltr'><strong>habere</strong></span> <span class='ocrx_word' id='word_1_437' title='bbox 1052 993 1136 1021; x_wconf 82' lang='lat' dir='ltr'><strong>facies</strong></span> <span class='ocrx_word' id='word_1_438' title='bbox 1151 992 1300 1029; x_wconf 81' lang='lat' dir='ltr'><strong>ﬁnguntur,</strong></span> <span class='ocrx_word' id='word_1_439' title='bbox 1319 999 1445 1020; x_wconf 84' lang='lat' dir='ltr'><strong>sermone</strong></span> <span class='ocrx_word' id='word_1_440' title='bbox 1465 992 1635 1024; x_wconf 86' lang='lat' dir='ltr'><strong>declarante,</strong></span> <span class='ocrx_word' id='word_1_441' title='bbox 1648 991 1720 1027; x_wconf 89' lang='lat' dir='ltr'><strong>quod</strong></span> 
     </span>
    </p>
   </div>
   <div class='ocr_carea' id='block_1_63' title="bbox 937 1040 1719 1076">
    <p class='ocr_par' dir='ltr' id='par_1_63' title="bbox 937 1040 1719 1076">
     <span class='ocr_line' id='line_1_63' title="bbox 937 1040 1719 1076; baseline -0.003 -7"><span class='ocrx_word' id='word_1_442' title='bbox 937 1041 1094 1069; x_wconf 85' lang='lat' dir='ltr'><strong>indesinens</strong></span> <span class='ocrx_word' id='word_1_443' title='bbox 1108 1041 1144 1069; x_wconf 90' lang='lat' dir='ltr'><strong>sit</strong></span> <span class='ocrx_word' id='word_1_444' title='bbox 1159 1044 1185 1068; x_wconf 87' lang='lat' dir='ltr'><strong>et</strong></span> <span class='ocrx_word' id='word_1_445' title='bbox 1198 1040 1327 1076; x_wconf 79' lang='lat' dir='ltr'><strong>frequens</strong></span> <span class='ocrx_word' id='word_1_446' title='bbox 1340 1040 1462 1075; x_wconf 87' lang='lat' dir='ltr'><strong>ipsorum</strong></span> <span class='ocrx_word' id='word_1_447' title='bbox 1473 1040 1591 1076; x_wconf 87' lang='lat' dir='ltr'><strong>hymnus</strong></span> <span class='ocrx_word' id='word_1_448' title='bbox 1603 1049 1611 1068; x_wconf 84' lang='lat'><strong>:</strong></span> <span class='ocrx_word' id='word_1_449' title='bbox 1625 1040 1719 1075; x_wconf 84' lang='lat' dir='ltr'><strong>itaque</strong></span> 
     </span>
    </p>
   </div>
   <div class='ocr_carea' id='block_1_64' title="bbox 937 1087 1242 1123">
    <p class='ocr_par' dir='ltr' id='par_1_64' title="bbox 937 1087 1242 1123">
     <span class='ocr_line' id='line_1_64' title="bbox 937 1087 1242 1123; baseline -0.01 -7"><span class='ocrx_word' id='word_1_450' title='bbox 937 1088 971 1116; x_wconf 90' lang='lat' dir='ltr'><strong>de</strong></span> <span class='ocrx_word' id='word_1_451' title='bbox 985 1087 1098 1123; x_wconf 85' lang='lat' dir='ltr'><strong>reliquis</strong></span> <span class='ocrx_word' id='word_1_452' title='bbox 1113 1087 1242 1122; x_wconf 82' lang='lat' dir='ltr'><strong>intellige.</strong></span> 
     </span>
    </p>
   </div>
   <div class='ocr_carea' id='block_1_65' title="bbox 972 1173 1721 1211">
    <p class='ocr_par' dir='ltr' id='par_1_65' title="bbox 972 1173 1721 1211">
     <span class='ocr_line' id='line_1_65' title="bbox 972 1173 1721 1211; baseline -0.001 -8"><span class='ocrx_word' id='word_1_453' title='bbox 972 1175 1081 1211; x_wconf 84' lang='lat' dir='ltr'><strong>Signum</strong></span> <span class='ocrx_word' id='word_1_454' title='bbox 1098 1176 1125 1203; x_wconf 80' lang='lat' dir='ltr'><strong>in</strong></span> <span class='ocrx_word' id='word_1_455' title='bbox 1139 1175 1281 1211; x_wconf 76' lang='lat' dir='ltr'><strong>frontibus.</strong></span> <span class='ocrx_word' id='word_1_456' title='bbox 1299 1175 1369 1203; x_wconf 84' lang='lat' dir='ltr'><strong>Nota</strong></span> <span class='ocrx_word' id='word_1_457' title='bbox 1387 1173 1721 1210; x_wconf 65' lang='lat' dir='ltr'><strong>divinamfprazﬁguratio-</strong></span> 
     </span>
    </p>
   </div>
   <div class='ocr_carea' id='block_1_66' title="bbox 939 1218 1721 1256">
    <p class='ocr_par' dir='ltr' id='par_1_66' title="bbox 939 1218 1721 1256">
     <span class='ocr_line' id='line_1_66' title="bbox 939 1218 1721 1256; baseline -0.003 -8"><span class='ocrx_word' id='word_1_458' title='bbox 939 1228 1001 1248; x_wconf 88' lang='lat' dir='ltr'><strong>nem</strong></span> <span class='ocrx_word' id='word_1_459' title='bbox 1015 1229 1049 1248; x_wconf 80' lang='lat' dir='ltr'><strong>ex</strong></span> <span class='ocrx_word' id='word_1_460' title='bbox 1064 1221 1111 1248; x_wconf 92' lang='lat' dir='ltr'><strong>illo</strong></span> <span class='ocrx_word' id='word_1_461' title='bbox 1126 1221 1387 1256; x_wconf 81' lang='lat' dir='ltr'><strong>praemonstravisse,</strong></span> <span class='ocrx_word' id='word_1_462' title='bbox 1402 1220 1495 1248; x_wconf 88' lang='lat' dir='ltr'><strong>lldeles</strong></span> <span class='ocrx_word' id='word_1_463' title='bbox 1507 1219 1535 1247; x_wconf 89' lang='lat' dir='ltr'><strong>in</strong></span> <span class='ocrx_word' id='word_1_464' title='bbox 1552 1218 1641 1247; x_wconf 84' lang='lat' dir='ltr'><strong>fronte</strong></span> <span class='ocrx_word' id='word_1_465' title='bbox 1652 1219 1721 1247; x_wconf 83' lang='lat' dir='ltr'><strong>vivi—</strong></span> 
     </span>
    </p>
   </div>
   <div class='ocr_carea' id='block_1_67' title="bbox 940 1265 1717 1303">
    <p class='ocr_par' dir='ltr' id='par_1_67' title="bbox 940 1265 1717 1303">
     <span class='ocr_line' id='line_1_67' title="bbox 940 1265 1717 1303; baseline -0.004 -8"><span class='ocrx_word' id='word_1_466' title='bbox 940 1267 1020 1295; x_wconf 83' lang='lat' dir='ltr'><strong>ﬁcum</strong></span> <span class='ocrx_word' id='word_1_467' title='bbox 1035 1275 1172 1303; x_wconf 88' lang='lat' dir='ltr'><strong>opponere</strong></span> <span class='ocrx_word' id='word_1_468' title='bbox 1194 1267 1313 1303; x_wconf 91' lang='lat' dir='ltr'><strong>sigillum</strong></span> <span class='ocrx_word' id='word_1_469' title='bbox 1325 1287 1332 1300; x_wconf 87' lang='lat'><strong>,</strong></span> <span class='ocrx_word' id='word_1_470' title='bbox 1349 1269 1376 1294; x_wconf 88' lang='lat' dir='ltr'><strong>et</strong></span> <span class='ocrx_word' id='word_1_471' title='bbox 1398 1266 1553 1294; x_wconf 88' lang='lat' dir='ltr'><strong>conservari</strong></span> <span class='ocrx_word' id='word_1_472' title='bbox 1574 1265 1609 1294; x_wconf 86' lang='lat' dir='ltr'><strong>ab</strong></span> <span class='ocrx_word' id='word_1_473' title='bbox 1629 1268 1717 1293; x_wconf 52' lang='lat' dir='ltr'><strong>extera</strong></span> 
     </span>
    </p>
   </div>
   <div class='ocr_carea' id='block_1_68' title="bbox 939 1310 1721 1346">
    <p class='ocr_par' dir='ltr' id='par_1_68' title="bbox 939 1310 1721 1346">
     <span class='ocr_line' id='line_1_68' title="bbox 939 1310 1721 1346; baseline -0.001 -8"><span class='ocrx_word' id='word_1_474' title='bbox 939 1311 1091 1345; x_wconf 89' lang='lat' dir='ltr'><strong>minatore;</strong></span> <span class='ocrx_word' id='word_1_475' title='bbox 1107 1311 1155 1340; x_wconf 86' lang='lat' dir='ltr'><strong>sed</strong></span> <span class='ocrx_word' id='word_1_476' title='bbox 1170 1315 1227 1339; x_wconf 88' lang='lat' dir='ltr'><strong>tum</strong></span> <span class='ocrx_word' id='word_1_477' title='bbox 1240 1311 1348 1346; x_wconf 88' lang='lat' dir='ltr'><strong>quidem</strong></span> <span class='ocrx_word' id='word_1_478' title='bbox 1364 1310 1452 1346; x_wconf 78' lang='lat' dir='ltr'><strong>angeli</strong></span> <span class='ocrx_word' id='word_1_479' title='bbox 1468 1310 1496 1338; x_wconf 89' lang='lat' dir='ltr'><strong>in</strong></span> <span class='ocrx_word' id='word_1_480' title='bbox 1515 1310 1609 1338; x_wconf 87' lang='lat' dir='ltr'><strong>habitu</strong></span> <span class='ocrx_word' id='word_1_481' title='bbox 1628 1317 1721 1338; x_wconf 89' lang='lat' dir='ltr'><strong>sacer-</strong></span> 
     </span>
    </p>
   </div>
   <div class='ocr_carea' id='block_1_69' title="bbox 939 1355 1719 1393">
    <p class='ocr_par' dir='ltr' id='par_1_69' title="bbox 939 1355 1719 1393">
     <span class='ocr_line' id='line_1_69' title="bbox 939 1355 1719 1393; baseline -0.005 -7"><span class='ocrx_word' id='word_1_482' title='bbox 939 1357 1032 1386; x_wconf 86' lang='lat' dir='ltr'><strong>dotum</strong></span> <span class='ocrx_word' id='word_1_483' title='bbox 1049 1358 1100 1384; x_wconf 90' lang='lat' dir='ltr'><strong>hoc</strong></span> <span class='ocrx_word' id='word_1_484' title='bbox 1115 1357 1217 1392; x_wconf 88' lang='lat' dir='ltr'><strong>iniquis</strong></span> <span class='ocrx_word' id='word_1_485' title='bbox 1231 1357 1284 1393; x_wconf 75' lang='lat'><strong>32</strong></span> <span class='ocrx_word' id='word_1_486' title='bbox 1299 1356 1388 1384; x_wconf 82' lang='lat' dir='ltr'><strong>facere</strong></span> <span class='ocrx_word' id='word_1_487' title='bbox 1398 1355 1467 1391; x_wconf 83' lang='lat' dir='ltr'><strong>jussi</strong></span> <span class='ocrx_word' id='word_1_488' title='bbox 1484 1358 1548 1384; x_wconf 86' lang='lat' dir='ltr'><strong>sunt</strong></span> <span class='ocrx_word' id='word_1_489' title='bbox 1562 1355 1719 1390; x_wconf 86' lang='lat' dir='ltr'><strong>:cingulum</strong></span> 
     </span>
    </p>
   </div>
   <div class='ocr_carea' id='block_1_70' title="bbox 938 1401 1721 1435">
    <p class='ocr_par' dir='ltr' id='par_1_70' title="bbox 938 1401 1721 1435">
     <span class='ocr_line' id='line_1_70' title="bbox 938 1401 1721 1435; baseline -0.005 -4"><span class='ocrx_word' id='word_1_490' title='bbox 938 1402 1011 1431; x_wconf 90' lang='lat' dir='ltr'><strong>enim</strong></span> <span class='ocrx_word' id='word_1_491' title='bbox 1024 1406 1051 1430; x_wconf 89' lang='lat' dir='ltr'><strong>et</strong></span> <span class='ocrx_word' id='word_1_492' title='bbox 1064 1403 1159 1431; x_wconf 86' lang='lat' dir='ltr'><strong>talaris</strong></span> <span class='ocrx_word' id='word_1_493' title='bbox 1173 1403 1281 1435; x_wconf 81' lang='lat' dir='ltr'><strong>tunica,</strong></span> <span class='ocrx_word' id='word_1_494' title='bbox 1301 1402 1389 1430; x_wconf 85' lang='lat' dir='ltr'><strong>sacris</strong></span> <span class='ocrx_word' id='word_1_495' title='bbox 1405 1401 1611 1429; x_wconf 86' lang='lat' dir='ltr'><strong>convenientem</strong></span> <span class='ocrx_word' id='word_1_496' title='bbox 1629 1407 1721 1428; x_wconf 87' lang='lat' dir='ltr'><strong>sacer-</strong></span> 
     </span>
    </p>
   </div>
   <div class='ocr_carea' id='block_1_71' title="bbox 939 1447 1720 1485">
    <p class='ocr_par' dir='ltr' id='par_1_71' title="bbox 939 1447 1720 1485">
     <span class='ocr_line' id='line_1_71' title="bbox 939 1447 1720 1485; baseline -0.005 -8"><span class='ocrx_word' id='word_1_497' title='bbox 939 1449 1033 1477; x_wconf 85' lang='lat' dir='ltr'><strong>dotum</strong></span> <span class='ocrx_word' id='word_1_498' title='bbox 1047 1449 1182 1485; x_wconf 79' lang='lat' dir='ltr'><strong>signiﬁcat</strong></span> <span class='ocrx_word' id='word_1_499' title='bbox 1202 1449 1343 1482; x_wconf 86' lang='lat' dir='ltr'><strong>habitum;</strong></span> <span class='ocrx_word' id='word_1_500' title='bbox 1363 1456 1436 1476; x_wconf 91' lang='lat' dir='ltr'><strong>nunc</strong></span> <span class='ocrx_word' id='word_1_501' title='bbox 1450 1455 1516 1476; x_wconf 90' lang='lat' dir='ltr'><strong>vero</strong></span> <span class='ocrx_word' id='word_1_502' title='bbox 1527 1447 1608 1476; x_wconf 84' lang='lat' dir='ltr'><strong>etiam</strong></span> <span class='ocrx_word' id='word_1_503' title='bbox 1621 1454 1671 1474; x_wconf 85' lang='lat' dir='ltr'><strong>nos</strong></span> <span class='ocrx_word' id='word_1_504' title='bbox 1686 1447 1720 1474; x_wconf 85' lang='lat' dir='ltr'><strong>ll-</strong></span> 
     </span>
    </p>
   </div>
   <div class='ocr_carea' id='block_1_72' title="bbox 939 1493 1721 1531">
    <p class='ocr_par' dir='ltr' id='par_1_72' title="bbox 939 1493 1721 1531">
     <span class='ocr_line' id='line_1_72' title="bbox 939 1493 1721 1531; baseline -0.004 -8"><span class='ocrx_word' id='word_1_505' title='bbox 939 1494 1013 1523; x_wconf 83' lang='lat' dir='ltr'><strong>dclcs</strong></span> <span class='ocrx_word' id='word_1_506' title='bbox 1023 1495 1102 1523; x_wconf 85' lang='lat' dir='ltr'><strong>nobis</strong></span> <span class='ocrx_word' id='word_1_507' title='bbox 1115 1495 1182 1530; x_wconf 80' lang='lat' dir='ltr'><strong>ipsis</strong></span> <span class='ocrx_word' id='word_1_508' title='bbox 1192 1495 1299 1531; x_wconf 82' lang='lat' dir='ltr'><strong>signum</strong></span> <span class='ocrx_word' id='word_1_509' title='bbox 1312 1495 1403 1522; x_wconf 89' lang='lat' dir='ltr'><strong>crucis</strong></span> <span class='ocrx_word' id='word_1_510' title='bbox 1416 1495 1445 1522; x_wconf 89' lang='lat' dir='ltr'><strong>in</strong></span> <span class='ocrx_word' id='word_1_511' title='bbox 1461 1493 1550 1522; x_wconf 82' lang='lat' dir='ltr'><strong>fronte</strong></span> <span class='ocrx_word' id='word_1_512' title='bbox 1564 1493 1721 1528; x_wconf 83' lang='lat' dir='ltr'><strong>imprimen—</strong></span> 
     </span>
    </p>
   </div>
   <div class='ocr_carea' id='block_1_73' title="bbox 940 1539 1720 1577">
    <p class='ocr_par' dir='ltr' id='par_1_73' title="bbox 940 1539 1720 1577">
     <span class='ocr_line' id='line_1_73' title="bbox 940 1539 1720 1577; baseline -0.004 -8"><span class='ocrx_word' id='word_1_513' title='bbox 940 1546 991 1574; x_wconf 89' lang='lat' dir='ltr'><strong>tes,</strong></span> <span class='ocrx_word' id='word_1_514' title='bbox 1014 1541 1139 1577; x_wconf 78' lang='lat' dir='ltr'><strong>fugamus</strong></span> <span class='ocrx_word' id='word_1_515' title='bbox 1153 1542 1276 1575; x_wconf 84' lang='lat' dir='ltr'><strong>hostem;</strong></span> <span class='ocrx_word' id='word_1_516' title='bbox 1296 1549 1330 1569; x_wconf 83' lang='lat' dir='ltr'><strong>en</strong></span> <span class='ocrx_word' id='word_1_517' title='bbox 1355 1545 1382 1569; x_wconf 87' lang='lat' dir='ltr'><strong>et</strong></span> <span class='ocrx_word' id='word_1_518' title='bbox 1402 1541 1482 1568; x_wconf 87' lang='lat' dir='ltr'><strong>aliam</strong></span> <span class='ocrx_word' id='word_1_519' title='bbox 1498 1547 1606 1576; x_wconf 88' lang='lat' dir='ltr'><strong>quoque</strong></span> <span class='ocrx_word' id='word_1_520' title='bbox 1627 1539 1720 1567; x_wconf 61' lang='lat' dir='ltr'><strong>simili</strong></span> 
     </span>
    </p>
   </div>
   <div class='ocr_carea' id='block_1_74' title="bbox 939 1584 1719 1622">
    <p class='ocr_par' dir='ltr' id='par_1_74' title="bbox 939 1584 1719 1622">
     <span class='ocr_line' id='line_1_74' title="bbox 939 1584 1719 1622; baseline -0.005 -7"><span class='ocrx_word' id='word_1_521' title='bbox 939 1587 1060 1615; x_wconf 86' lang='lat' dir='ltr'><strong>tudinem</strong></span> <span class='ocrx_word' id='word_1_522' title='bbox 1072 1586 1355 1622; x_wconf 83' lang='lat' dir='ltr'><strong>Antiqui&#39;l&#39;estamenti</strong></span> <span class='ocrx_word' id='word_1_523' title='bbox 1370 1594 1431 1614; x_wconf 91' lang='lat' dir='ltr'><strong>cum</strong></span> <span class='ocrx_word' id='word_1_524' title='bbox 1443 1585 1528 1614; x_wconf 83' lang='lat' dir='ltr'><strong>Novo.</strong></span> <span class='ocrx_word' id='word_1_525' title='bbox 1538 1584 1606 1612; x_wconf 86' lang='lat' dir='ltr'><strong>Nota</strong></span> <span class='ocrx_word' id='word_1_526' title='bbox 1618 1589 1719 1618; x_wconf 86' lang='lat' dir='ltr'><strong>autem,</strong></span> 
     </span>
    </p>
   </div>
   <div class='ocr_carea' id='block_1_75' title="bbox 939 1631 1718 1667">
    <p class='ocr_par' dir='ltr' id='par_1_75' title="bbox 939 1631 1718 1667">
     <span class='ocr_line' id='line_1_75' title="bbox 939 1631 1718 1667; baseline -0.003 -6"><span class='ocrx_word' id='word_1_527' title='bbox 939 1634 989 1662; x_wconf 91' lang='lat' dir='ltr'><strong>hos</strong></span> <span class='ocrx_word' id='word_1_528' title='bbox 999 1641 1060 1662; x_wconf 90' lang='lat' dir='ltr'><strong>esse</strong></span> <span class='ocrx_word' id='word_1_529' title='bbox 1069 1638 1125 1662; x_wconf 88' lang='lat' dir='ltr'><strong>tres</strong></span> <span class='ocrx_word' id='word_1_530' title='bbox 1135 1634 1222 1661; x_wconf 86' lang='lat' dir='ltr'><strong>trinos</strong></span> <span class='ocrx_word' id='word_1_531' title='bbox 1233 1632 1342 1660; x_wconf 87' lang='lat' dir='ltr'><strong>ordines</strong></span> <span class='ocrx_word' id='word_1_532' title='bbox 1354 1631 1560 1667; x_wconf 82' lang='lat' dir='ltr'><strong>intelligibilium</strong></span> <span class='ocrx_word' id='word_1_533' title='bbox 1571 1631 1718 1659; x_wconf 86' lang='lat' dir='ltr'><strong>virtutum:</strong></span> 
     </span>
    </p>
   </div>
   <div class='ocr_carea' id='block_1_76' title="bbox 937 1675 1720 1714">
    <p class='ocr_par' dir='ltr' id='par_1_76' title="bbox 937 1675 1720 1714">
     <span class='ocr_line' id='line_1_76' title="bbox 937 1675 1720 1714; baseline -0.006 -7"><span class='ocrx_word' id='word_1_534' title='bbox 937 1679 1042 1714; x_wconf 84' lang='lat' dir='ltr'><strong>primus</strong></span> <span class='ocrx_word' id='word_1_535' title='bbox 1059 1678 1158 1710; x_wconf 88' lang='lat' dir='ltr'><strong>ternio,</strong></span> <span class='ocrx_word' id='word_1_536' title='bbox 1175 1677 1276 1709; x_wconf 83' lang='lat' dir='ltr'><strong>throni,</strong></span> <span class='ocrx_word' id='word_1_537' title='bbox 1296 1681 1352 1704; x_wconf 89' lang='lat' dir='ltr'><strong>tum</strong></span> <span class='ocrx_word' id='word_1_538' title='bbox 1369 1676 1519 1708; x_wconf 86' lang='lat' dir='ltr'><strong>cherubim,</strong></span> <span class='ocrx_word' id='word_1_539' title='bbox 1533 1675 1630 1703; x_wconf 91' lang='lat' dir='ltr'><strong>deinde</strong></span> <span class='ocrx_word' id='word_1_540' title='bbox 1645 1683 1720 1703; x_wconf 79' lang='lat' dir='ltr'><strong>sera-</strong></span> 
     </span>
    </p>
   </div>
   <div class='ocr_carea' id='block_1_77' title="bbox 937 1720 1720 1760">
    <p class='ocr_par' dir='ltr' id='par_1_77' title="bbox 937 1720 1720 1760">
     <span class='ocr_line' id='line_1_77' title="bbox 937 1720 1720 1760; baseline -0.006 -8"><span class='ocrx_word' id='word_1_541' title='bbox 937 1725 1022 1760; x_wconf 84' lang='lat' dir='ltr'><strong>phim.</strong></span> <span class='ocrx_word' id='word_1_542' title='bbox 1040 1723 1181 1751; x_wconf 87' lang='lat' dir='ltr'><strong>Secundus</strong></span> <span class='ocrx_word' id='word_1_543' title='bbox 1192 1723 1291 1755; x_wconf 84' lang='lat' dir='ltr'><strong>ternio,</strong></span> <span class='ocrx_word' id='word_1_544' title='bbox 1306 1721 1517 1753; x_wconf 84' lang='lat' dir='ltr'><strong>dominationes,</strong></span> <span class='ocrx_word' id='word_1_545' title='bbox 1531 1720 1656 1752; x_wconf 84' lang='lat' dir='ltr'><strong>virtutes,</strong></span> <span class='ocrx_word' id='word_1_546' title='bbox 1671 1727 1720 1755; x_wconf 88' lang='lat' dir='ltr'><strong>po-</strong></span> 
     </span>
    </p>
   </div>
   <div class='ocr_carea' id='block_1_78' title="bbox 938 1766 1719 1803">
    <p class='ocr_par' dir='ltr' id='par_1_78' title="bbox 938 1766 1719 1803">
     <span class='ocr_line' id='line_1_78' title="bbox 938 1766 1719 1803; baseline -0.008 -5"><span class='ocrx_word' id='word_1_547' title='bbox 938 1773 1068 1803; x_wconf 83' lang='lat' dir='ltr'><strong>testates;</strong></span> <span class='ocrx_word' id='word_1_548' title='bbox 1092 1769 1133 1796; x_wconf 83' lang='lat' dir='ltr'><strong>hae</strong></span> <span class='ocrx_word' id='word_1_549' title='bbox 1169 1768 1251 1796; x_wconf 82' lang='lat' dir='ltr'><strong>etiam</strong></span> <span class='ocrx_word' id='word_1_550' title='bbox 1273 1767 1368 1796; x_wconf 73' lang='lat' dir='ltr'><strong>mediae</strong></span> <span class='ocrx_word' id='word_1_551' title='bbox 1387 1767 1532 1800; x_wconf 87' lang='lat' dir='ltr'><strong>dicuntur;</strong></span> <span class='ocrx_word' id='word_1_552' title='bbox 1548 1766 1645 1794; x_wconf 87' lang='lat' dir='ltr'><strong>tertius</strong></span> <span class='ocrx_word' id='word_1_553' title='bbox 1664 1770 1719 1793; x_wconf 86' lang='lat' dir='ltr'><strong>ter-</strong></span> 
     </span>
    </p>
   </div>
   <div class='ocr_carea' id='block_1_79' title="bbox 939 1812 1719 1850">
    <p class='ocr_par' dir='ltr' id='par_1_79' title="bbox 939 1812 1719 1850">
     <span class='ocr_line' id='line_1_79' title="bbox 939 1812 1719 1850; baseline -0.008 -6"><span class='ocrx_word' id='word_1_554' title='bbox 939 1816 996 1848; x_wconf 87' lang='lat' dir='ltr'><strong>nio,</strong></span> <span class='ocrx_word' id='word_1_555' title='bbox 1007 1815 1187 1850; x_wconf 82' lang='lat' dir='ltr'><strong>principatus,</strong></span> <span class='ocrx_word' id='word_1_556' title='bbox 1201 1813 1369 1849; x_wconf 88' lang='lat' dir='ltr'><strong>archangeli,</strong></span> <span class='ocrx_word' id='word_1_557' title='bbox 1389 1812 1477 1848; x_wconf 82' lang='lat' dir='ltr'><strong>angeli</strong></span> <span class='ocrx_word' id='word_1_558' title='bbox 1491 1822 1498 1840; x_wconf 84' lang='lat'><strong>:</strong></span> <span class='ocrx_word' id='word_1_559' title='bbox 1515 1812 1652 1840; x_wconf 92' lang='lat' dir='ltr'><strong>communi</strong></span> <span class='ocrx_word' id='word_1_560' title='bbox 1670 1819 1719 1838; x_wconf 88' lang='lat' dir='ltr'><strong>au-</strong></span> 
     </span>
    </p>
   </div>
   <div class='ocr_carea' id='block_1_80' title="bbox 937 1859 1373 1895">
    <p class='ocr_par' dir='ltr' id='par_1_80' title="bbox 937 1859 1373 1895">
     <span class='ocr_line' id='line_1_80' title="bbox 937 1859 1373 1895; baseline -0.007 -5"><span class='ocrx_word' id='word_1_561' title='bbox 937 1867 992 1890; x_wconf 87' lang='lat' dir='ltr'><strong>tem</strong></span> <span class='ocrx_word' id='word_1_562' title='bbox 1009 1862 1120 1890; x_wconf 86' lang='lat' dir='ltr'><strong>nomine</strong></span> <span class='ocrx_word' id='word_1_563' title='bbox 1137 1861 1257 1889; x_wconf 82' lang='lat' dir='ltr'><strong>universi</strong></span> <span class='ocrx_word' id='word_1_564' title='bbox 1274 1859 1373 1895; x_wconf 83' lang='lat' dir='ltr'><strong>angeli.</strong></span> 
     </span>
    </p>
   </div>
   <div class='ocr_carea' id='block_1_81' title="bbox 974 1949 1718 1984">
    <p class='ocr_par' dir='ltr' id='par_1_81' title="bbox 974 1949 1718 1984">
     <span class='ocr_line' id='line_1_81' title="bbox 974 1949 1718 1984; baseline -0.007 -4"><span class='ocrx_word' id='word_1_565' title='bbox 974 1953 1042 1981; x_wconf 74' lang='lat' dir='ltr'><strong>Boni</strong></span> <span class='ocrx_word' id='word_1_566' title='bbox 1059 1952 1170 1980; x_wconf 74' lang='lat' dir='ltr'><strong>ordinis.</strong></span> <span class='ocrx_word' id='word_1_567' title='bbox 1192 1950 1230 1979; x_wconf 87' lang='lat' dir='ltr'><strong>De</strong></span> <span class='ocrx_word' id='word_1_568' title='bbox 1247 1955 1322 1979; x_wconf 90' lang='lat' dir='ltr'><strong>recto</strong></span> <span class='ocrx_word' id='word_1_569' title='bbox 1341 1949 1438 1979; x_wconf 86' lang='lat' dir='ltr'><strong>ordine</strong></span> <span class='ocrx_word' id='word_1_570' title='bbox 1457 1949 1638 1978; x_wconf 83' lang='lat' dir='ltr'><strong>secundorum</strong></span> <span class='ocrx_word' id='word_1_571' title='bbox 1654 1955 1718 1984; x_wconf 72' lang='lat' dir='ltr'><strong>erga</strong></span> 
     </span>
    </p>
   </div>
   <div class='ocr_carea' id='block_1_82' title="bbox 940 2006 1104 2027">
    <p class='ocr_par' dir='ltr' id='par_1_82' title="bbox 940 2006 1104 2027">
     <span class='ocr_line' id='line_1_82' title="bbox 940 2006 1104 2027; baseline -0.012 0"><span class='ocrx_word' id='word_1_572' title='bbox 940 2007 971 2027; x_wconf 76' lang='lat' dir='ltr'><strong>su</strong></span> <span class='ocrx_word' id='word_1_573' title='bbox 975 2006 1104 2027; x_wconf 73' lang='grc' dir='ltr'><strong>οεῐιοτεε.</strong></span> 
     </span>
    </p>
   </div>
   <div class='ocr_carea' id='block_1_83' title="bbox 973 2006 1719 2071">
    <p class='ocr_par' dir='ltr' id='par_1_83' title="bbox 973 2006 1719 2071">
     <span class='ocr_line' id='line_1_83' title="bbox 1008 2006 1104 2026; baseline 0.01 -1"><span class='ocrx_word' id='word_1_574' title='bbox 1008 2006 1104 2026; x_wconf 67' lang='grc'><strong>1⁵101³68.</strong></span> 
     </span>
     <span class='ocr_line' id='line_1_84' title="bbox 973 2006 1719 2071; baseline -0.007 0"><span class='ocrx_word' id='word_1_575' title='bbox 973 2006 1172 2071; x_wconf 54' lang='lat' dir='ltr'><strong>geiviniuimum</strong></span> <span class='ocrx_word' id='word_1_576' title='bbox 1190 2042 1346 2070; x_wconf 75' lang='lat' dir='ltr'><strong>Gabrielem.</strong></span> <span class='ocrx_word' id='word_1_577' title='bbox 1372 2040 1442 2070; x_wconf 80' lang='lat' dir='ltr'><strong>Nota</strong></span> <span class='ocrx_word' id='word_1_578' title='bbox 1464 2040 1546 2069; x_wconf 89' lang='lat' dir='ltr'><strong>etiam</strong></span> <span class='ocrx_word' id='word_1_579' title='bbox 1567 2039 1719 2067; x_wconf 84' lang='lat' dir='ltr'><strong>Gabrielem</strong></span> 
     </span>
    </p>
   </div>
   <div class='ocr_carea' id='block_1_84' title="bbox 938 2085 1666 2125">
    <p class='ocr_par' dir='ltr' id='par_1_84' title="bbox 938 2085 1666 2125">
     <span class='ocr_line' id='line_1_85' title="bbox 938 2085 1666 2125; baseline -0.007 -7"><span class='ocrx_word' id='word_1_580' title='bbox 938 2097 994 2118; x_wconf 85' lang='lat' dir='ltr'><strong>non</strong></span> <span class='ocrx_word' id='word_1_581' title='bbox 1009 2097 1070 2118; x_wconf 86' lang='lat' dir='ltr'><strong>esse</strong></span> <span class='ocrx_word' id='word_1_582' title='bbox 1084 2089 1257 2125; x_wconf 85' lang='lat' dir='ltr'><strong>superiorum</strong></span> <span class='ocrx_word' id='word_1_583' title='bbox 1270 2088 1412 2120; x_wconf 88' lang='lat' dir='ltr'><strong>virtutum,</strong></span> <span class='ocrx_word' id='word_1_584' title='bbox 1432 2086 1481 2114; x_wconf 84' lang='lat' dir='ltr'><strong>sed</strong></span> <span class='ocrx_word' id='word_1_585' title='bbox 1495 2085 1666 2113; x_wconf 83' lang='lat' dir='ltr'><strong>inferiorum.</strong></span> 
     </span>
    </p>
   </div>
   <div class='ocr_carea' id='block_1_85' title="bbox 976 2173 1719 2212">
    <p class='ocr_par' dir='ltr' id='par_1_85' title="bbox 976 2173 1719 2212">
     <span class='ocr_line' id='line_1_86' title="bbox 976 2173 1719 2212; baseline -0.009 -4"><span class='ocrx_word' id='word_1_586' title='bbox 976 2178 1150 2208; x_wconf 73' lang='lat' dir='ltr'><strong>Hierarchiae.</strong></span> <span class='ocrx_word' id='word_1_587' title='bbox 1164 2177 1245 2211; x_wconf 84' lang='lat' dir='ltr'><strong>Nota,</strong></span> <span class='ocrx_word' id='word_1_588' title='bbox 1259 2184 1291 2205; x_wconf 88' lang='lat' dir='ltr'><strong>ea</strong></span> <span class='ocrx_word' id='word_1_589' title='bbox 1305 2184 1366 2212; x_wconf 68' lang='lat' dir='ltr'><strong>qua:</strong></span> <span class='ocrx_word' id='word_1_590' title='bbox 1381 2175 1462 2204; x_wconf 90' lang='lat' dir='ltr'><strong>hodie</strong></span> <span class='ocrx_word' id='word_1_591' title='bbox 1475 2176 1503 2203; x_wconf 91' lang='lat' dir='ltr'><strong>in</strong></span> <span class='ocrx_word' id='word_1_592' title='bbox 1517 2174 1638 2202; x_wconf 84' lang='lat' dir='ltr'><strong>Ecclesia</strong></span> <span class='ocrx_word' id='word_1_593' title='bbox 1651 2173 1719 2201; x_wconf 85' lang='lat' dir='ltr'><strong>llunt</strong></span> 
     </span>
    </p>
   </div>
   <div class='ocr_carea' id='block_1_86' title="bbox 939 2220 1718 2258">
    <p class='ocr_par' dir='ltr' id='par_1_86' title="bbox 939 2220 1718 2258">
     <span class='ocr_line' id='line_1_87' title="bbox 939 2220 1718 2258; baseline -0.009 -4"><span class='ocrx_word' id='word_1_594' title='bbox 939 2234 1001 2255; x_wconf 84' lang='lat' dir='ltr'><strong>esse</strong></span> <span class='ocrx_word' id='word_1_595' title='bbox 1024 2225 1203 2253; x_wconf 83' lang='lat' dir='ltr'><strong>imitationem</strong></span> <span class='ocrx_word' id='word_1_596' title='bbox 1232 2230 1359 2258; x_wconf 84' lang='lat' dir='ltr'><strong>supernae</strong></span> <span class='ocrx_word' id='word_1_597' title='bbox 1390 2222 1512 2258; x_wconf 81' lang='lat' dir='ltr'><strong>mysticae</strong></span> <span class='ocrx_word' id='word_1_598' title='bbox 1541 2220 1718 2253; x_wconf 72' lang='lat' dir='ltr'><strong>hierarchiae;</strong></span> 
     </span>
    </p>
   </div>
   <div class='ocr_carea' id='block_1_87' title="bbox 107 2266 888 2308">
    <p class='ocr_par' dir='ltr' id='par_1_87' title="bbox 107 2271 888 2308">
     <span class='ocr_line' id='line_1_88' title="bbox 107 2271 888 2308; baseline 0 -10"><span class='ocrx_word' id='word_1_599' title='bbox 107 2272 239 2307; x_wconf 81' lang='grc' dir='ltr'><strong>σήμερον·</strong></span> <span class='ocrx_word' id='word_1_600' title='bbox 253 2273 300 2298; x_wconf 82' lang='grc' dir='ltr'><strong>καὶ</strong></span> <span class='ocrx_word' id='word_1_601' title='bbox 314 2271 369 2308; x_wconf 86' lang='grc' dir='ltr'><strong>γὰρ</strong></span> <span class='ocrx_word' id='word_1_602' title='bbox 381 2272 407 2298; x_wconf 79' lang='grc' dir='ltr'><strong>οἱ</strong></span> <span class='ocrx_word' id='word_1_603' title='bbox 424 2272 505 2308; x_wconf 76' lang='grc' dir='ltr'><strong>ἱερεῖς</strong></span> <span class='ocrx_word' id='word_1_604' title='bbox 521 2272 656 2308; x_wconf 78' lang='grc' dir='ltr'><strong>σφραγῖδα</strong></span> <span class='ocrx_word' id='word_1_605' title='bbox 673 2271 824 2299; x_wconf 73' lang='grc' dir='ltr'><strong>ἐπιτιθέασι</strong></span> <span class='ocrx_word' id='word_1_606' title='bbox 843 2271 888 2298; x_wconf 85' lang='grc' dir='ltr'><strong>τοῦ</strong></span> 
     </span>
    </p>
   </div>
   <div class='ocr_carea' id='block_1_88' title="bbox 942 2266 1720 2308">
    <p class='ocr_par' dir='ltr' id='par_1_88' title="bbox 942 2266 1720 2305">
     <span class='ocr_line' id='line_1_89' title="bbox 942 2266 1720 2305; baseline -0.009 -5"><span class='ocrx_word' id='word_1_607' title='bbox 942 2271 1041 2300; x_wconf 89' lang='lat' dir='ltr'><strong>etenim</strong></span> <span class='ocrx_word' id='word_1_608' title='bbox 1056 2270 1212 2299; x_wconf 85' lang='lat' dir='ltr'><strong>sacerdotes</strong></span> <span class='ocrx_word' id='word_1_609' title='bbox 1226 2270 1369 2305; x_wconf 87' lang='lat' dir='ltr'><strong>imponunt</strong></span> <span class='ocrx_word' id='word_1_610' title='bbox 1380 2268 1488 2304; x_wconf 84' lang='lat' dir='ltr'><strong>signum</strong></span> <span class='ocrx_word' id='word_1_611' title='bbox 1502 2267 1615 2295; x_wconf 74' lang='lat' dir='ltr'><strong>viviﬁca:</strong></span> <span class='ocrx_word' id='word_1_612' title='bbox 1629 2266 1720 2294; x_wconf 82' lang='lat' dir='ltr'><strong>crucis</strong></span> 
     </span>
    </p>
   </div>
   <div class='ocr_carea' id='block_1_89' title="bbox 107 2316 890 2353">
    <p class='ocr_par' dir='ltr' id='par_1_89' title="bbox 107 2316 890 2353">
     <span class='ocr_line' id='line_1_90' title="bbox 107 2316 890 2353; baseline 0.001 -10"><span class='ocrx_word' id='word_1_613' title='bbox 107 2316 238 2348; x_wconf 76' lang='grc' dir='ltr'><strong>ζωοποιοῦ</strong></span> <span class='ocrx_word' id='word_1_614' title='bbox 254 2317 370 2353; x_wconf 84' lang='grc' dir='ltr'><strong>σταυροῦ</strong></span> <span class='ocrx_word' id='word_1_615' title='bbox 384 2319 440 2350; x_wconf 83' lang='grc' dir='ltr'><strong>τοῖς</strong></span> <span class='ocrx_word' id='word_1_616' title='bbox 461 2317 604 2353; x_wconf 77' lang='grc' dir='ltr'><strong>προσιοῦσι</strong></span> <span class='ocrx_word' id='word_1_617' title='bbox 619 2317 658 2353; x_wconf 87' lang='grc' dir='ltr'>τῷ</span> <span class='ocrx_word' id='word_1_618' title='bbox 674 2317 825 2353; x_wconf 82' lang='grc' dir='ltr'><strong>μυστηρίῳ,</strong></span> <span class='ocrx_word' id='word_1_619' title='bbox 845 2316 890 2344; x_wconf 78' lang='grc' dir='ltr'><strong>διὰ</strong></span> 
     </span>
    </p>
   </div>
   <div class='ocr_carea' id='block_1_90' title="bbox 105 2362 889 2402">
    <p class='ocr_par' dir='ltr' id='par_1_90' title="bbox 105 2362 889 2402">
     <span class='ocr_line' id='line_1_91' title="bbox 105 2362 889 2402; baseline 0.001 -13"><span class='ocrx_word' id='word_1_620' title='bbox 105 2363 136 2389; x_wconf 85' lang='grc' dir='ltr'><strong>τὸ</strong></span> <span class='ocrx_word' id='word_1_621' title='bbox 161 2362 325 2402; x_wconf 66' lang='grc' dir='ltr'><strong>χωρισθῆναι</strong></span> <span class='ocrx_word' id='word_1_622' title='bbox 350 2364 447 2396; x_wconf 79' lang='grc' dir='ltr'><strong>αὐτοὺς</strong></span> <span class='ocrx_word' id='word_1_623' title='bbox 471 2364 525 2390; x_wconf 83' lang='grc' dir='ltr'><strong>τῶν</strong></span> <span class='ocrx_word' id='word_1_624' title='bbox 548 2363 684 2396; x_wconf 80' lang='grc' dir='ltr'><strong>ἀπίστων,</strong></span> <span class='ocrx_word' id='word_1_625' title='bbox 707 2364 754 2390; x_wconf 79' lang='grc' dir='ltr'><strong>καὶ</strong></span> <span class='ocrx_word' id='word_1_626' title='bbox 776 2363 820 2390; x_wconf 74' lang='grc' dir='ltr'><strong>ἵνα</strong></span> <span class='ocrx_word' id='word_1_627' title='bbox 843 2363 889 2390; x_wconf 80' lang='grc' dir='ltr'><strong>τὸν</strong></span> 
     </span>
    </p>
   </div>
   <div class='ocr_carea' id='block_1_91' title="bbox 107 2409 890 2445">
    <p class='ocr_par' dir='ltr' id='par_1_91' title="bbox 107 2409 890 2445">
     <span class='ocr_line' id='line_1_92' title="bbox 107 2409 890 2445; baseline 0.001 -10"><span class='ocrx_word' id='word_1_628' title='bbox 107 2409 201 2445; x_wconf 76' lang='grc' dir='ltr'><strong>ἐχθρὸν</strong></span> <span class='ocrx_word' id='word_1_629' title='bbox 218 2409 399 2443; x_wconf 59' lang='grc' dir='ltr'><strong>διαφύγωσιν</strong></span> <span class='ocrx_word' id='word_1_630' title='bbox 417 2410 503 2442; x_wconf 75' lang='grc' dir='ltr'><strong>ἄλλως</strong></span> <span class='ocrx_word' id='word_1_631' title='bbox 517 2418 546 2436; x_wconf 89' lang='grc' dir='ltr'><strong>τε</strong></span> <span class='ocrx_word' id='word_1_632' title='bbox 562 2410 610 2438; x_wconf 80' lang='grc' dir='ltr'><strong>καὶ</strong></span> <span class='ocrx_word' id='word_1_633' title='bbox 628 2409 704 2442; x_wconf 78' lang='grc' dir='ltr'><strong>τάξις</strong></span> <span class='ocrx_word' id='word_1_634' title='bbox 729 2409 890 2444; x_wconf 82' lang='grc' dir='ltr'><strong>φυλάττεται</strong></span> 
     </span>
    </p>
   </div>
   <div class='ocr_carea' id='block_1_92' title="bbox 107 2454 891 2492">
    <p class='ocr_par' dir='ltr' id='par_1_92' title="bbox 107 2454 891 2492">
     <span class='ocr_line' id='line_1_93' title="bbox 107 2454 891 2492; baseline -0.003 -8"><span class='ocrx_word' id='word_1_635' title='bbox 107 2454 178 2484; x_wconf 73' lang='grc' dir='ltr'><strong>κατὰ</strong></span> <span class='ocrx_word' id='word_1_636' title='bbox 192 2455 242 2491; x_wconf 81' lang='grc' dir='ltr'><strong>τὴν</strong></span> <span class='ocrx_word' id='word_1_637' title='bbox 264 2455 344 2490; x_wconf 77' lang='grc' dir='ltr'><strong>ἁγίαν</strong></span> <span class='ocrx_word' id='word_1_638' title='bbox 372 2456 553 2492; x_wconf 53' lang='grc' dir='ltr'><strong>Ἐκκλησίαν</strong></span> <span class='ocrx_word' id='word_1_639' title='bbox 580 2456 595 2482; x_wconf 79' lang='grc' dir='ltr'><strong>ὃ</strong></span> <span class='ocrx_word' id='word_1_640' title='bbox 617 2455 672 2492; x_wconf 82' lang='grc' dir='ltr'><strong>γὰρ</strong></span> <span class='ocrx_word' id='word_1_641' title='bbox 692 2457 778 2485; x_wconf 81' lang='grc' dir='ltr'><strong>ποιεῖν</strong></span> <span class='ocrx_word' id='word_1_642' title='bbox 802 2455 891 2482; x_wconf 84' lang='grc' dir='ltr'><strong>ὲπιτέ-</strong></span> 
     </span>
    </p>
   </div>
   <div class='ocr_carea' id='block_1_93' title="bbox 109 2501 888 2537">
    <p class='ocr_par' dir='ltr' id='par_1_93' title="bbox 109 2501 888 2537">
     <span class='ocr_line' id='line_1_94' title="bbox 109 2501 888 2537; baseline 0.001 -10"><span class='ocrx_word' id='word_1_643' title='bbox 109 2509 226 2536; x_wconf 79' lang='grc' dir='ltr'><strong>τραπται</strong></span> <span class='ocrx_word' id='word_1_644' title='bbox 240 2501 254 2528; x_wconf 85' lang='grc' dir='ltr'><strong>δ</strong></span> <span class='ocrx_word' id='word_1_645' title='bbox 268 2501 451 2534; x_wconf 78' lang='grc' dir='ltr'><strong>ὐποδιάκονος,</strong></span> <span class='ocrx_word' id='word_1_646' title='bbox 465 2502 495 2528; x_wconf 75' lang='grc' dir='ltr'><strong>οὐ</strong></span> <span class='ocrx_word' id='word_1_647' title='bbox 509 2501 631 2529; x_wconf 82' lang='grc' dir='ltr'><strong>ποιοῦσιν</strong></span> <span class='ocrx_word' id='word_1_648' title='bbox 645 2503 670 2528; x_wconf 74' lang='lat' dir='ltr'><strong>ot</strong></span> <span class='ocrx_word' id='word_1_649' title='bbox 686 2502 888 2537; x_wconf 80' lang='grc' dir='ltr'><strong>ὑποδεέστεροι·</strong></span> 
     </span>
    </p>
   </div>
   <div class='ocr_carea' id='block_1_94' title="bbox 107 2546 891 2583">
    <p class='ocr_par' dir='ltr' id='par_1_94' title="bbox 107 2546 891 2583">
     <span class='ocr_line' id='line_1_95' title="bbox 107 2546 891 2583; baseline 0.001 -10"><span class='ocrx_word' id='word_1_650' title='bbox 107 2547 153 2573; x_wconf 69' lang='grc' dir='ltr'><strong>καὶ</strong></span> <span class='ocrx_word' id='word_1_651' title='bbox 165 2546 180 2573; x_wconf 77' lang='grc' dir='ltr'><strong>δ</strong></span> <span class='ocrx_word' id='word_1_652' title='bbox 195 2548 267 2574; x_wconf 82' lang='grc' dir='ltr'><strong>ποιεῖ</strong></span> <span class='ocrx_word' id='word_1_653' title='bbox 283 2546 298 2572; x_wconf 79' lang='grc' dir='ltr'><em>ἁ</em></span> <span class='ocrx_word' id='word_1_654' title='bbox 319 2547 511 2583; x_wconf 78' lang='grc' dir='ltr'><strong>πρεσϐύτερος,</strong></span> <span class='ocrx_word' id='word_1_655' title='bbox 527 2548 558 2575; x_wconf 79' lang='grc' dir='ltr'><strong>οὐ</strong></span> <span class='ocrx_word' id='word_1_656' title='bbox 577 2549 650 2574; x_wconf 76' lang='grc' dir='ltr'><strong>ποιεῖ</strong></span> <span class='ocrx_word' id='word_1_657' title='bbox 665 2549 679 2575; x_wconf 84' lang='grc' dir='ltr'><strong>ὁ</strong></span> <span class='ocrx_word' id='word_1_658' title='bbox 691 2547 828 2580; x_wconf 84' lang='grc' dir='ltr'><strong>διάκονος·</strong></span> <span class='ocrx_word' id='word_1_659' title='bbox 844 2548 891 2574; x_wconf 82' lang='grc' dir='ltr'><strong>καὶ</strong></span> 
     </span>
    </p>
   </div>
   <div class='ocr_carea' id='block_1_95' title="bbox 108 2591 891 2630">
    <p class='ocr_par' dir='ltr' id='par_1_95' title="bbox 108 2591 891 2630">
     <span class='ocr_line' id='line_1_96' title="bbox 108 2591 891 2630; baseline 0.001 -11"><span class='ocrx_word' id='word_1_660' title='bbox 108 2591 198 2624; x_wconf 78' lang='grc' dir='ltr'><strong>ἁπλῶς</strong></span> <span class='ocrx_word' id='word_1_661' title='bbox 223 2593 326 2625; x_wconf 82' lang='grc' dir='ltr'><strong>εἰπεῖν,</strong></span> <span class='ocrx_word' id='word_1_662' title='bbox 348 2593 460 2626; x_wconf 71' lang='grc' dir='ltr'><strong>ἕκαστος</strong></span> <span class='ocrx_word' id='word_1_663' title='bbox 482 2593 538 2629; x_wconf 73' lang='grc' dir='ltr'><strong>ἔχει</strong></span> <span class='ocrx_word' id='word_1_664' title='bbox 561 2594 610 2629; x_wconf 83' lang='grc' dir='ltr'><strong>τὴν</strong></span> <span class='ocrx_word' id='word_1_665' title='bbox 635 2593 790 2630; x_wconf 80' lang='grc' dir='ltr'><strong>πρέπουσαν</strong></span> <span class='ocrx_word' id='word_1_666' title='bbox 817 2592 891 2629; x_wconf 81' lang='grc' dir='ltr'><strong>αὐτῴ</strong></span> 
     </span>
    </p>
   </div>
   <div class='ocr_carea' id='block_1_96' title="bbox 108 2638 891 2677">
    <p class='ocr_par' dir='ltr' id='par_1_96' title="bbox 108 2638 891 2677">
     <span class='ocr_line' id='line_1_97' title="bbox 108 2638 891 2677; baseline 0.004 -13"><span class='ocrx_word' id='word_1_667' title='bbox 108 2638 289 2675; x_wconf 82' lang='grc' dir='ltr'><strong>λειτουργίαν·</strong></span> <span class='ocrx_word' id='word_1_668' title='bbox 307 2639 388 2675; x_wconf 88' lang='grc' dir='ltr'><strong>κοινῷ</strong></span> <span class='ocrx_word' id='word_1_669' title='bbox 410 2640 439 2667; x_wconf 79' lang='grc' dir='ltr'><strong>δὲ</strong></span> <span class='ocrx_word' id='word_1_670' title='bbox 459 2640 569 2675; x_wconf 77' lang='grc' dir='ltr'><strong>ὀνόματι</strong></span> <span class='ocrx_word' id='word_1_671' title='bbox 588 2640 688 2672; x_wconf 81' lang='grc' dir='ltr'><strong>πάντες</strong></span> <span class='ocrx_word' id='word_1_672' title='bbox 703 2640 828 2677; x_wconf 77' lang='grc' dir='ltr'><strong>κληρικοὶ</strong></span> <span class='ocrx_word' id='word_1_673' title='bbox 844 2640 891 2667; x_wconf 77' lang='grc' dir='ltr'><strong>καὶ</strong></span> 
     </span>
    </p>
   </div>
   <div class='ocr_carea' id='block_1_97' title="bbox 107 2684 891 2721">
    <p class='ocr_par' dir='ltr' id='par_1_97' title="bbox 107 2684 891 2721">
     <span class='ocr_line' id='line_1_98' title="bbox 107 2684 891 2721; baseline 0.001 -10"><span class='ocrx_word' id='word_1_674' title='bbox 107 2684 256 2721; x_wconf 79' lang='grc' dir='ltr'><strong>λειτουργοὶ</strong></span> <span class='ocrx_word' id='word_1_675' title='bbox 278 2685 432 2718; x_wconf 83' lang='grc' dir='ltr'><strong>καλοῦνται,</strong></span> <span class='ocrx_word' id='word_1_676' title='bbox 449 2686 487 2718; x_wconf 79' lang='grc' dir='ltr'><strong>ὡς</strong></span> <span class='ocrx_word' id='word_1_677' title='bbox 510 2686 557 2714; x_wconf 78' lang='grc' dir='ltr'><strong>καὶ</strong></span> <span class='ocrx_word' id='word_1_678' title='bbox 580 2687 606 2713; x_wconf 77' lang='lat' dir='ltr'><strong>oi.</strong></span> <span class='ocrx_word' id='word_1_679' title='bbox 628 2686 751 2721; x_wconf 78' lang='grc' dir='ltr'><strong>ἄγγελοι·</strong></span> <span class='ocrx_word' id='word_1_680' title='bbox 768 2685 891 2713; x_wconf 72' lang='grc' dir='ltr'><strong>ἐντεῦθεν</strong></span> 
     </span>
    </p>
   </div>
   <div class='ocr_carea' id='block_1_98' title="bbox 150 2773 416 2803">
    <p class='ocr_par' dir='ltr' id='par_1_98' title="bbox 150 2773 416 2803">
     <span class='ocr_line' id='line_1_99' title="bbox 150 2773 416 2803; baseline 0.008 -2"><span class='ocrx_word' id='word_1_681' title='bbox 150 2779 161 2794; x_wconf 72' lang='grc' dir='ltr'><strong>ε</strong></span> <span class='ocrx_word' id='word_1_682' title='bbox 179 2773 275 2803; x_wconf 71' lang='lat' dir='ltr'><strong>Matth.</strong></span> <span class='ocrx_word' id='word_1_683' title='bbox 291 2782 355 2802; x_wconf 79' lang='lat' dir='ltr'><strong>xxv.</strong></span> <span class='ocrx_word' id='word_1_684' title='bbox 371 2775 416 2803; x_wconf 75' lang='lat'><strong>52.</strong></span> 
     </span>
    </p>
   </div>
   <div class='ocr_carea' id='block_1_99' title="bbox 942 2312 1722 2348">
    <p class='ocr_par' dir='ltr' id='par_1_99' title="bbox 942 2312 1722 2348">
     <span class='ocr_line' id='line_1_100' title="bbox 942 2312 1722 2348; baseline -0.01 -2"><span class='ocrx_word' id='word_1_685' title='bbox 942 2317 1134 2346; x_wconf 83' lang='lat' dir='ltr'><strong>accedentibus</strong></span> <span class='ocrx_word' id='word_1_686' title='bbox 1146 2315 1180 2343; x_wconf 89' lang='lat' dir='ltr'><strong>ad</strong></span> <span class='ocrx_word' id='word_1_687' title='bbox 1199 2318 1416 2347; x_wconf 87' lang='lat' dir='ltr'><strong>sacramentum;</strong></span> <span class='ocrx_word' id='word_1_688' title='bbox 1434 2313 1498 2348; x_wconf 90' lang='lat' dir='ltr'><strong>quia</strong></span> <span class='ocrx_word' id='word_1_689' title='bbox 1518 2312 1636 2347; x_wconf 85' lang='lat' dir='ltr'><strong>separati</strong></span> <span class='ocrx_word' id='word_1_690' title='bbox 1656 2314 1722 2339; x_wconf 85' lang='lat' dir='ltr'><strong>sunt</strong></span> 
     </span>
    </p>
   </div>
   <div class='ocr_carea' id='block_1_100' title="bbox 941 2358 1721 2396">
    <p class='ocr_par' dir='ltr' id='par_1_100' title="bbox 941 2358 1721 2396">
     <span class='ocr_line' id='line_1_101' title="bbox 941 2358 1721 2396; baseline -0.006 -6"><span class='ocrx_word' id='word_1_691' title='bbox 941 2364 975 2391; x_wconf 90' lang='lat' dir='ltr'><strong>ab</strong></span> <span class='ocrx_word' id='word_1_692' title='bbox 989 2362 1160 2394; x_wconf 84' lang='lat' dir='ltr'><strong>inﬁdelibus,</strong></span> <span class='ocrx_word' id='word_1_693' title='bbox 1175 2365 1272 2396; x_wconf 86' lang='lat' dir='ltr'><strong>atque,</strong></span> <span class='ocrx_word' id='word_1_694' title='bbox 1290 2365 1320 2388; x_wconf 92' lang='lat' dir='ltr'><strong>ut</strong></span> <span class='ocrx_word' id='word_1_695' title='bbox 1338 2361 1442 2388; x_wconf 85' lang='lat' dir='ltr'><strong>hostem</strong></span> <span class='ocrx_word' id='word_1_696' title='bbox 1463 2359 1624 2395; x_wconf 79' lang='lat' dir='ltr'><strong>effugerint;</strong></span> <span class='ocrx_word' id='word_1_697' title='bbox 1642 2358 1721 2386; x_wconf 85' lang='lat' dir='ltr'><strong>aliter</strong></span> 
     </span>
    </p>
   </div>
   <div class='ocr_carea' id='block_1_101' title="bbox 941 2405 1719 2444">
    <p class='ocr_par' dir='ltr' id='par_1_101' title="bbox 941 2405 1719 2444">
     <span class='ocr_line' id='line_1_102' title="bbox 941 2405 1719 2444; baseline -0.009 -7"><span class='ocrx_word' id='word_1_698' title='bbox 941 2415 1050 2444; x_wconf 86' lang='lat' dir='ltr'><strong>quoque</strong></span> <span class='ocrx_word' id='word_1_699' title='bbox 1071 2408 1139 2436; x_wconf 91' lang='lat' dir='ltr'><strong>ordo</strong></span> <span class='ocrx_word' id='word_1_700' title='bbox 1161 2407 1242 2436; x_wconf 88' lang='lat' dir='ltr'><strong>etiam</strong></span> <span class='ocrx_word' id='word_1_701' title='bbox 1258 2407 1285 2434; x_wconf 95' lang='lat' dir='ltr'><strong>in</strong></span> <span class='ocrx_word' id='word_1_702' title='bbox 1312 2410 1407 2436; x_wconf 83' lang='lat' dir='ltr'><strong>sancta</strong></span> <span class='ocrx_word' id='word_1_703' title='bbox 1429 2405 1551 2433; x_wconf 87' lang='lat' dir='ltr'><strong>Ecclesia</strong></span> <span class='ocrx_word' id='word_1_704' title='bbox 1576 2407 1719 2436; x_wconf 77' lang='lat' dir='ltr'><strong>servatur;</strong></span> 
     </span>
    </p>
   </div>
   <div class='ocr_carea' id='block_1_102' title="bbox 941 2450 1727 2493">
    <p class='ocr_par' dir='ltr' id='par_1_102' title="bbox 941 2450 1727 2493">
     <span class='ocr_line' id='line_1_103' title="bbox 941 2450 1727 2493; baseline -0.006 -11"><span class='ocrx_word' id='word_1_705' title='bbox 941 2454 1015 2493; x_wconf 86' lang='lat' dir='ltr'><strong>quod</strong></span> <span class='ocrx_word' id='word_1_706' title='bbox 1029 2454 1101 2482; x_wconf 88' lang='lat' dir='ltr'><strong>enim</strong></span> <span class='ocrx_word' id='word_1_707' title='bbox 1122 2453 1212 2481; x_wconf 84' lang='lat' dir='ltr'><strong>facere</strong></span> <span class='ocrx_word' id='word_1_708' title='bbox 1235 2453 1403 2481; x_wconf 86' lang='lat' dir='ltr'><strong>subdiacono</strong></span> <span class='ocrx_word' id='word_1_709' title='bbox 1428 2452 1572 2479; x_wconf 87' lang='lat' dir='ltr'><strong>mandatur</strong></span> <span class='ocrx_word' id='word_1_710' title='bbox 1584 2472 1591 2484; x_wconf 86' lang='lat'><strong>,</strong></span> <span class='ocrx_word' id='word_1_711' title='bbox 1609 2450 1727 2478; x_wconf 81' lang='lat' dir='ltr'><strong>minime</strong></span> 
     </span>
    </p>
   </div>
   <div class='ocr_carea' id='block_1_103' title="bbox 941 2495 1720 2534">
    <p class='ocr_par' dir='ltr' id='par_1_103' title="bbox 941 2495 1720 2534">
     <span class='ocr_line' id='line_1_104' title="bbox 941 2495 1720 2534; baseline -0.009 -5"><span class='ocrx_word' id='word_1_712' title='bbox 941 2501 1045 2530; x_wconf 80' lang='lat' dir='ltr'><strong>faciunt</strong></span> <span class='ocrx_word' id='word_1_713' title='bbox 1055 2499 1208 2532; x_wconf 79' lang='lat' dir='ltr'><strong>inferiores,</strong></span> <span class='ocrx_word' id='word_1_714' title='bbox 1221 2503 1249 2527; x_wconf 88' lang='lat' dir='ltr'><strong>et</strong></span> <span class='ocrx_word' id='word_1_715' title='bbox 1262 2498 1334 2534; x_wconf 89' lang='lat' dir='ltr'><strong>quod</strong></span> <span class='ocrx_word' id='word_1_716' title='bbox 1353 2497 1418 2525; x_wconf 81' lang='lat' dir='ltr'><strong>facit</strong></span> <span class='ocrx_word' id='word_1_717' title='bbox 1440 2497 1637 2531; x_wconf 85' lang='lat' dir='ltr'><strong>sacerdos,non</strong></span> <span class='ocrx_word' id='word_1_718' title='bbox 1657 2495 1720 2522; x_wconf 74' lang='lat' dir='ltr'><strong>facit</strong></span> 
     </span>
    </p>
   </div>
   <div class='ocr_carea' id='block_1_104' title="bbox 941 2542 1722 2581">
    <p class='ocr_par' dir='ltr' id='par_1_104' title="bbox 941 2542 1722 2581">
     <span class='ocr_line' id='line_1_105' title="bbox 941 2542 1722 2581; baseline -0.009 -6"><span class='ocrx_word' id='word_1_719' title='bbox 941 2547 1084 2579; x_wconf 87' lang='lat' dir='ltr'><strong>diaconus,</strong></span> <span class='ocrx_word' id='word_1_720' title='bbox 1102 2550 1183 2581; x_wconf 85' lang='lat' dir='ltr'><strong>atque</strong></span> <span class='ocrx_word' id='word_1_721' title='bbox 1202 2549 1233 2573; x_wconf 87' lang='lat' dir='ltr'><strong>ut</strong></span> <span class='ocrx_word' id='word_1_722' title='bbox 1248 2545 1331 2573; x_wconf 85' lang='lat' dir='ltr'><strong>verbo</strong></span> <span class='ocrx_word' id='word_1_723' title='bbox 1355 2543 1512 2577; x_wconf 84' lang='lat' dir='ltr'><strong>absolvam,</strong></span> <span class='ocrx_word' id='word_1_724' title='bbox 1534 2542 1722 2577; x_wconf 80' lang='lat' dir='ltr'><strong>unusquisque</strong></span> 
     </span>
    </p>
   </div>
   <div class='ocr_carea' id='block_1_105' title="bbox 941 2588 1722 2621">
    <p class='ocr_par' dir='ltr' id='par_1_105' title="bbox 941 2588 1722 2621">
     <span class='ocr_line' id='line_1_106' title="bbox 941 2588 1722 2621; baseline -0.01 0"><span class='ocrx_word' id='word_1_725' title='bbox 941 2593 1023 2621; x_wconf 86' lang='lat' dir='ltr'><strong>habet</strong></span> <span class='ocrx_word' id='word_1_726' title='bbox 1044 2592 1210 2620; x_wconf 83' lang='lat' dir='ltr'><strong>conveniens</strong></span> <span class='ocrx_word' id='word_1_727' title='bbox 1227 2591 1280 2620; x_wconf 91' lang='lat' dir='ltr'><strong>sibi</strong></span> <span class='ocrx_word' id='word_1_728' title='bbox 1299 2590 1496 2621; x_wconf 82' lang='lat' dir='ltr'><strong>ministerium;</strong></span> <span class='ocrx_word' id='word_1_729' title='bbox 1517 2588 1653 2617; x_wconf 90' lang='lat' dir='ltr'><strong>communi</strong></span> <span class='ocrx_word' id='word_1_730' title='bbox 1673 2594 1722 2614; x_wconf 84' lang='lat' dir='ltr'><strong>au-</strong></span> 
     </span>
    </p>
   </div>
   <div class='ocr_carea' id='block_1_106' title="bbox 941 2636 1721 2668">
    <p class='ocr_par' dir='ltr' id='par_1_106' title="bbox 941 2636 1721 2668">
     <span class='ocr_line' id='line_1_107' title="bbox 941 2636 1721 2668; baseline -0.012 0"><span class='ocrx_word' id='word_1_731' title='bbox 941 2644 996 2668; x_wconf 79' lang='lat' dir='ltr'><strong>tem</strong></span> <span class='ocrx_word' id='word_1_732' title='bbox 1019 2639 1129 2668; x_wconf 90' lang='lat' dir='ltr'><strong>nomine</strong></span> <span class='ocrx_word' id='word_1_733' title='bbox 1154 2646 1250 2666; x_wconf 91' lang='lat' dir='ltr'><strong>omnes</strong></span> <span class='ocrx_word' id='word_1_734' title='bbox 1275 2637 1367 2666; x_wconf 89' lang='lat' dir='ltr'><strong>clerici</strong></span> <span class='ocrx_word' id='word_1_735' title='bbox 1388 2641 1416 2664; x_wconf 92' lang='lat' dir='ltr'><strong>et</strong></span> <span class='ocrx_word' id='word_1_736' title='bbox 1443 2636 1560 2663; x_wconf 86' lang='lat' dir='ltr'><strong>ministri</strong></span> <span class='ocrx_word' id='word_1_737' title='bbox 1577 2636 1721 2664; x_wconf 75' lang='lat' dir='ltr'><strong>voeantur,</strong></span> 
     </span>
    </p>
   </div>
   <div class='ocr_carea' id='block_1_107' title="bbox 941 2682 1720 2721">
    <p class='ocr_par' dir='ltr' id='par_1_107' title="bbox 941 2682 1720 2721">
     <span class='ocr_line' id='line_1_108' title="bbox 941 2682 1720 2721; baseline -0.01 -7"><span class='ocrx_word' id='word_1_738' title='bbox 941 2685 1014 2714; x_wconf 80' lang='lat' dir='ltr'><strong>sicut</strong></span> <span class='ocrx_word' id='word_1_739' title='bbox 1027 2685 1109 2714; x_wconf 85' lang='lat' dir='ltr'><strong>etiam</strong></span> <span class='ocrx_word' id='word_1_740' title='bbox 1128 2684 1216 2721; x_wconf 83' lang='lat' dir='ltr'><strong>angeli</strong></span> <span class='ocrx_word' id='word_1_741' title='bbox 1231 2693 1239 2712; x_wconf 86' lang='lat'><strong>:</strong></span> <span class='ocrx_word' id='word_1_742' title='bbox 1256 2683 1328 2712; x_wconf 88' lang='lat' dir='ltr'><strong>unde</strong></span> <span class='ocrx_word' id='word_1_743' title='bbox 1349 2682 1498 2719; x_wconf 80' lang='lat' dir='ltr'><strong>intelligere</strong></span> <span class='ocrx_word' id='word_1_744' title='bbox 1515 2684 1639 2717; x_wconf 80' lang='lat' dir='ltr'><strong>oportet,</strong></span> <span class='ocrx_word' id='word_1_745' title='bbox 1652 2685 1720 2714; x_wconf 67' lang='lat' dir='ltr'><strong>quoe</strong></span> 
     </span>
    </p>
   </div>
   <div class='ocr_carea' id='block_1_108' title="bbox 572 2840 1251 2872">
    <p class='ocr_par' dir='ltr' id='par_1_108' title="bbox 572 2840 1251 2872">
     <span class='ocr_line' id='line_1_109' title="bbox 572 2840 1251 2872; baseline 0.001 -2"><span class='ocrx_word' id='word_1_746' title='bbox 572 2843 689 2871; x_wconf 67' lang='grc' dir='ltr'><strong>ῩΔΒΙιΕ</strong></span> <span class='ocrx_word' id='word_1_747' title='bbox 709 2841 904 2872; x_wconf 75' lang='lat' dir='ltr'><strong>LEGTIONES</strong></span> <span class='ocrx_word' id='word_1_748' title='bbox 919 2841 962 2870; x_wconf 85' lang='lat' dir='ltr'><strong>ET</strong></span> <span class='ocrx_word' id='word_1_749' title='bbox 977 2840 1251 2871; x_wconf 77' lang='lat' dir='ltr'><strong>CORRECTIONES.</strong></span> 
     </span>
    </p>
   </div>
   <div class='ocr_carea' id='block_1_109' title="bbox 162 2911 700 2950">
    <p class='ocr_par' dir='ltr' id='par_1_109' title="bbox 162 2911 700 2950">
     <span class='ocr_line' id='line_1_110' title="bbox 162 2911 700 2950; baseline 0.004 -10"><span class='ocrx_word' id='word_1_750' title='bbox 162 2911 184 2929; x_wconf 80' lang='lat'><strong>“</strong></span> <span class='ocrx_word' id='word_1_751' title='bbox 199 2912 253 2940; x_wconf 72' lang='grc' dir='ltr'><strong>ὅτε.</strong></span> <span class='ocrx_word' id='word_1_752' title='bbox 300 2912 322 2929; x_wconf 84' lang='grc'><strong>⁵⁷</strong></span> <span class='ocrx_word' id='word_1_753' title='bbox 339 2912 463 2948; x_wconf 82' lang='grc' dir='ltr'><strong>ἀγγέλου.</strong></span> <span class='ocrx_word' id='word_1_754' title='bbox 511 2912 533 2929; x_wconf 85' lang='grc'><strong>⁸⁸</strong></span> <span class='ocrx_word' id='word_1_755' title='bbox 547 2912 700 2950; x_wconf 83' lang='grc' dir='ltr'><strong>πρόσωπον.</strong></span> 
     </span>
    </p>
   </div>
  </div>
