1925 3060
212 188 249 216 8‘5
590 191 764 220 APPENDIX
783 190 828 218 AD
843 191 957 219 OPERA
976 191 1004 219 S.
1024 191 1173 220 DIONYSII
1189 192 1427 222 AREOPAGITE.
1795 195 1830 223 8‘

214 244 295 272 modo
307 244 410 272 dictum
425 245 461 273 sit
474 253 489 273 a
504 245 599 274 divino
613 247 751 283 Stephano
768 257 774 274 :
792 247 845 281 Qui
860 247 995 282 accepistis

1065 249 1099 284 ρὴ
1119 251 1200 281 νοεῖν,
1216 249 1275 281 πῶς
1289 249 1394 286 εἴρηται
1416 249 1455 285 τῷ
1476 249 1538 286 θείῳ
1552 250 1691 286 Στεφάνῳ·
1716 251 1829 286 οἵτινες

214 290 296 325 legem
316 290 343 317 in
369 290 539 325 dispositione
565 293 729 328 angelorum,
760 297 784 320 et
808 301 859 320 non
879 292 996 320 custodi-

213 336 263 362 stis
273 335 298 363 ἀ.

511 383 545 411 ΙΝ
564 384 640 412 CAP.
661 384 706 412 IX.

252 426 266 462 ᾗ
288 427 308 455 Ι.
330 427 578 463 Superessentialem
602 430 658 465 ejus
683 430 784 457 ordinis
807 430 995 465 principatum.

212 473 303 507 Ipsius
318 474 480 509 principium
497 475 622 504 facientis
642 477 811 511 principatus
830 476 997 504 demonstrat

214 521 473 554 superessentialem
491 521 595 550 ordinis
620 523 814 558 principatum,
839 523 896 558 ipse
921 523 997 558 prin-

214 564 354 599 cipatuum
370 566 448 593 ordo.

251 609 265 645 §
284 611 317 639 ll.
334 611 568 647 Archangelarum.
584 613 623 641 De
637 613 827 649 archangelico
846 618 954 647 ornatu,
970 619 997 642 et

214 658 280 693 quid
295 658 438 693 signiticet.

249 703 416 737 Hieran/tia.
431 704 499 732 Nota
511 706 740 734 universalitatem
754 716 759 734 :
773 715 880 735 omnem
893 707 996 735 hierar-

215 749 303 776 chiam
326 749 426 777 habere
443 751 553 787 primas
572 756 598 787 et
618 752 722 780 medias
746 757 828 788 atque
844 757 996 788 postremas

213 795 340 828 virtutes,
354 795 406 823 hoc
427 800 469 824 est
483 800 539 825 tres
555 798 640 825 trinos
654 798 776 826 ordines.

249 840 449 875 Sanctissimis,
469 842 517 871 Gr.
533 844 710 878 ἁγιωτάταις.
731 845 820 873 Scrib.
849 845 896 871 καὶ
917 845 995 881 ἱερω-

213 886 320 922 τάταις,
332 891 356 914 et
379 889 579 916 sacratissimis.
596 889 736 922 Quomodo
755 890 835 918 etiam
851 890 934 917 divini
952 899 996 918 ar-

214 932 338 969 changeli
358 941 420 961 cum
444 935 659 969 praecedentibus
675 940 702 963 et
721 936 898 971 sequentibus
921 943 996 964 com-

213 979 364 1007 municent.

249 1023 398 1052 Secundum
419 1030 589 1060 postremum.
611 1025 689 1059 Quod
707 1029 845 1055 extremus
870 1025 906 1054 sit
930 1025 997 1053 ordo

215 1070 384 1105 angelorum,
398 1074 424 1098 et
440 1071 570 1099 mundum
587 1071 734 1107 attingens.

391 1116 444 1151 33
464 1117 621 1145 Postremus
636 1117 725 1145 trinus
739 1117 818 1145 ordo.

356 1162 535 1197 Principatus,
555 1163 725 1198 Archangeli,
745 1163 847 1199 Angeli.

251 1207 285 1234 Et
297 1208 381 1243 magis
399 1208 444 1236 ad.
459 1208 615 1236 Extremum
631 1209 756 1236 ordinem
770 1209 923 1237 caelestium
943 1209 998 1236 vir-

214 1256 303 1281 tutum
319 1254 469 1289 digniorem
485 1262 555 1287 esse,
571 1253 754 1291 appellarique
772 1256 902 1291 angelos,
920 1260 950 1283 ut
965 1256 998 1282 ad

214 1299 340 1328 homines
366 1301 540 1329 accedentem
554 1321 561 1333 ,
585 1309 633 1337 per
652 1310 733 1337 quem
747 1303 830 1331 etiam
845 1303 935 1331 divina
950 1303 999 1330 ho-

214 1347 303 1374 mines
316 1346 476 1374 edocentur.

251 1393 324 1421 Nam
334 1394 438 1430 quidem
459 1402 618 1429 supremum.
645 1393 767 1422 Primum
786 1396 938 1424 ternionem
954 1404 999 1424 se-

214 1439 309 1467 cundo
322 1447 401 1468 sacre
411 1447 528 1475 praeesse
538 1461 546 1473 ,
561 1443 589 1468 et
603 1440 754 1468 secundum
772 1441 873 1474 tertio;
885 1441 998 1469 tertium

214 1488 306 1513 autem
329 1485 364 1513 iis
378 1486 424 1520 qui
447 1486 518 1513 inter
541 1485 666 1514 homines
689 1485 846 1514 sacerdotes
861 1492 946 1521 sunt,
971 1493 998 1516 et

154 1539 155 1542 η
214 1531 365 1566 inspiciunt
380 1539 413 1560 ea
425 1539 486 1567 quae
502 1531 537 1559 ab
552 1531 620 1567 ipsis
636 1531 714 1560 ﬁunt.

251 1576 396 1606 Occultius.
422 1577 565 1612 Quomodo
593 1578 634 1607 hae
662 1578 771 1614 quidem
804 1579 996 1613 obscuriores,

215 1623 269 1651 ille
284 1631 347 1651 vero
360 1624 512 1659 perspicuae
530 1626 616 1660 magis
631 1626 687 1654 sint
702 1625 872 1654 hierarchiaa.

251 1669 383 1698 Humanis
402 1671 568 1699 hierarchiis.
586 1671 703 1705 Quinam
728 1672 807 1700 nobis
828 1672 998 1700 hierarchice

214 1716 336 1750 praesint.
357 1715 427 1754 Nota
447 1715 708 1745 demonstrationem
734 1725 768 1744 ex
793 1716 920 1750 Daniele,
947 1718 998 1745 hoc

214 1764 257 1789 cst
287 1765 437 1790 extremum
465 1761 590 1790 ordinem
617 1763 779 1791 hierarchize
809 1767 911 1792 nostrae
946 1763 998 1790 im-

215 1813 322 1841 perare.

232 1881 237 1888 ,
252 1852 318 1885 Quae
328 1853 418 1880 etiam.
436 1837 669 1889 Subaudigndum,
685 1861 714 1883 ut
734 1857 769 1883 sit
789 1857 930 1884 secundum
953 1865 995 1884 or-

215 1897 303 1924 dinem
313 1917 321 1930 ,
337 1897 374 1924 ita
389 1902 419 1924 ut
433 1899 495 1927 talis
511 1901 546 1927 sit
559 1902 728 1928 constructio
745 1909 751 1927 :
767 1902 893 1937 equidem
911 1906 941 1929 ut
954 1910 997 1930 se-

215 1943 335 1970 cundum
351 1944 473 1971 ordinem
489 1945 534 1977 sit,
553 1949 580 1973 et
593 1947 639 1981 qui
654 1954 669 1973 a
682 1945 747 1981 Deo,
760 1952 787 1975 et
800 1951 908 1975 caetera.

251 1989 329 2023 Quod
345 1989 370 2017 si
383 1995 484 2025 quierat
504 1991 610 2026 aliquis.
637 1992 780 2025 Quomodo
801 1994 880 2022 bonis
894 1995 997 2030 angelis

215 2035 343 2070 gentibus
368 2036 518 2071 praefectis,
542 2037 617 2066 solus
639 2037 722 2066 Israel
741 2038 826 2067 Deum
848 2048 997 2076 cognosce-

215 2081 277 2116 bat;
290 2089 459 2119 unaquaeque
474 2084 546 2111 enim
561 2092 627 2120 gens
639 2085 723 2113 habet
740 2087 866 2122 angelum
886 2088 938 2115 sibi
952 2096 995 2116 se.

214 2125 326 2160 lectum,
342 2127 414 2155 sicut
426 2127 511 2156 Judaei
526 2129 683 2158 Michaelem
695 2140 701 2165 ;
714 2139 795 2167 quem
810 2140 843 2160 ex
858 2137 995 2168 postremo

214 2176 371 2200 sanctorum
387 2175 545 2210 angelorum
560 2176 656 2204 ordine
668 2185 729 2205 esse
743 2178 819 2206 dicit.

250 2218 424 2255 Nequaquam
444 2221 606 2256 angelorum.
630 2221 690 2250 Non
715 2228 829 2260 propter
856 2225 995 2260 imperan-

213 2264 284 2291 tium
301 2266 459 2301 angelorum
480 2267 589 2302 cuipam
612 2269 677 2296 talia
699 2269 782 2303 dicit;
809 2271 857 2298 sed
885 2277 996 2307 propter

214 2311 352 2345 propriam
367 2312 481 2339 liberam
496 2313 530 2342 ad
542 2321 575 2341 ea
589 2321 651 2349 quas
670 2315 783 2343 minime
806 2316 865 2345 ﬁeri
879 2318 992 2352 debent,
1009 2307 1032 2334 Ῑ)

214 2357 435 2391 propensionem.

249 2401 344 2428 Amore
368 2403 484 2436 proprio.
507 2402 593 2435 Nota,
614 2405 688 2439 quod
716 2405 832 2441 quisque
861 2407 913 2435 sibi
942 2408 994 2443 ipsi

213 2453 297 2474 causa
325 2447 390 2475 boni
414 2452 441 2475 et
473 2449 537 2476 mali
561 2450 693 2484 exsistat;
724 2460 800 2479 amor
824 2457 914 2480 autem
934 2462 995 2488 pro-

214 2491 286 2524 prius
309 2495 337 2518 et
360 2492 506 2525 pervicacia
532 2495 674 2529 aequaliter
696 2495 750 2524 sibi
767 2498 993 2532 complacentiam

214 2536 379 2571 signiﬁcant.

250 2582 307 2610 Hoc
322 2584 407 2618 ipsum
417 2586 600 2620 conﬁrmatur.
611 2586 671 2615 Non
687 2589 759 2622 quod
777 2589 850 2617 Deus
866 2589 992 2619 lsraclem

213 2629 302 2656 solum
316 2629 438 2664 elegerit,
453 2631 502 2659 sed
513 2631 585 2667 quod
597 2632 672 2660 solus
687 2633 770 2661 Israel
783 2635 897 2662 voluerit
908 2636 992 2665 Deum

213 2675 289 2711 sequi
308 2686 315 2704 :
333 2677 371 2704 ita
389 2677 462 2705 enim
482 2678 672 2713 interpretatio
692 2679 822 2708 dictionis
845 2682 992 2717 signiﬁcat,

213 2730 285 2749 mem
300 2722 384 2750 Deum
398 2723 504 2752 videns:
519 2725 560 2752 sic
575 2725 727 2761 intelligere
738 2725 880 2761 debemus,
889 2736 950 2764 qua:
964 2729 992 2757 in

266 2792 279 2811 α
299 2791 361 2820 Act.
378 2801 425 2827 vn,
441 2793 487 2822 53.

1048 293 1169 321 ἐλάϐετε
1183 295 1235 322 τὸν
1247 295 1340 330 νόμον
1353 296 1397 328 εις
1410 295 1548 330 διαταγὰς
1561 296 1704 330 ἀγγέλων,
1716 297 1764 324 καὶ
1774 298 1829 324 οὐκ

1046 339 1162 374 ἐφυλιῇξ
1163 348 1222 367 ατε.
1748 355 1750 359 π

1283 387 1337 413 ΕΙΣ
1355 387 1399 413 T0
1418 388 1542 415 ΚΕΦΑΛ.
1562 388 1600 415 ϐ’.

1086 431 1100 467 §
1114 431 1134 460 l.
1158 432 1351 467 Ὑπερούσιον
1365 433 1459 468 αὐτῆς
1473 434 1656 469 ταξιαρχίαν.
1678 435 1767 470 Δῦτῆς
1780 435 1829 471 τῆς

1048 479 1193 515 ἀρχοποιοῦ
1217 479 1304 516 ἀρχῆς
1323 480 1463 514 ἀναφαίνει
1483 481 1531 517 τὴν
1547 481 1705 516 ὑπερούσιον
1721 481 1829 517 ταξιαρ-

1048 525 1108 560 χίαν
1124 525 1191 562 αὑτὴ
1206 527 1222 562 ἡ
1237 526 1290 553 τῶν
1303 526 1395 562 ἀρχῶν
1408 527 1493 559 τάξις.

1084 614 1098 649 §
1116 613 1145 642 Il.
1169 614 1379 649 Ἀρχαγ-τέλων.
1404 615 1471 650 Περὶ
1490 614 1537 641 τοῦ
1558 613 1755 650 ἀρχαγγελικοῦ
1783 614 1829 641 26-

1049 667 1127 694 σμου,
1139 659 1185 686 καὶ
1196 660 1221 686 τί
1237 659 1321 696 δηλοῖ.

1088 707 1241 740 Ἰεραρχία.
1269 706 1423 742 Σημείωσαι
1446 706 1476 732 τὺ
1500 706 1661 736 καθολικὸν.
1686 705 1727 732 δτι
1754 706 1828 732 πᾶσα

1048 751 1170 787 ἰεραρχία
1191 751 1247 786 ἔχει
1272 751 1397 787 πρώτας,
1420 752 1466 778 καὶ
1488 752 1586 787 μέσας,
1609 752 1655 779 καὶ
1674 752 1828 783 τελευταίας

1045 797 1181 832 δυνάμεις,
1195 797 1330 824 τουτέστιν
1346 798 1374 824 αι
1389 798 1462 832 τρεῖς
1475 798 1611 833 τριαδικαὶ
1623 798 1722 830 τάξεις.

1088 842 1281 877 Ἀγιωτάταίς.
1306 843 1354 879 Γρ.
1376 843 1425 871 καὶ
1440 843 1616 878 ἱερωτάταις,
1649 843 1712 875 Πῶς
1735 844 1780 870 καὶ
1803 843 1828 869 ot

1047 889 1110 916 θεῖοι
1134 889 1296 924 ἁρχάγγελοι
1319 891 1378 922 ταῖς
1401 889 1454 925 πρὸ
1474 889 1561 916 αὐτῶν
1583 890 1629 917 καὶ
1655 891 1711 925 μετ’
1731 889 1828 921 αὐτοὺς

1048 935 1215 963 κοινωνοῦσι.

1083 1026 1164 1053 Κατὰ
1178 1027 1210 1053 τὸ
1223 1025 1404 1053 τελευταῖον.
1422 1026 1481 1053 ’Ότι
1497 1026 1596 1061 ἐσχάτη
1608 1025 1684 1059 τάξις
1697 1025 1827 1060 ἀγγέλων,

1049 1074 1096 1100 καὶ
1112 1073 1297 1108 περικόσμως.

1227 1119 1259 1145 Ἠ
1272 1118 1417 1145 τελευταία
1430 1118 1555 1154 τριαδικὴ
1568 1117 1653 1151 τάξις.

1107 1165 1201 1199 Ἀρχαὶ
1212 1185 1219 1198 ,
1331 1164 1527 1199 Ἁρχάγγελοι,
1636 1164 1776 1198 Ἄγγελοι.

1083 1211 1138 1238 Καὶ
1148 1210 1268 1245 μᾶλλον
1283 1211 1365 1245 πρός.
1375 1211 1434 1237 ’Ότι
1447 1211 1464 1245 ἡ
1479 1209 1618 1241 τελευταία
1634 1209 1709 1242 τάξις
1722 1209 1775 1235 τῶν
1785 1209 1830 1236 οὺ-

1051 1256 1147 1292 ρανίων
1157 1256 1296 1292 δυνάμεων
1312 1256 1409 1292 μᾶλλον
1420 1255 1482 1287 ἀξία
1491 1255 1564 1281 ἐστὶν
1579 1255 1687 1290 ἄγγελοι
1697 1263 1829 1291 προσαγο-

1049 1303 1175 1339 ρεύεσθαι
1185 1323 1192 1335 ,
1208 1303 1245 1334 ὼς
1261 1301 1445 1337 πλησιάζουσα
1460 1300 1629 1336 ἀνθρώποις,
1644 1301 1677 1328 δι’
1692 1299 1726 1333 ἧς
1739 1301 1829 1328 καὶτὰ

1048 1349 1107 1376 θεῖα
1124 1348 1252 1384 μυοῦνται
1265 1347 1410 1383 ἄνθρωποι.

1085 1394 1144 1428 Τὴν
1154 1394 1212 1429 μὲν
1225 1394 1279 1429 γὰρ
1290 1393 1465 1428 ὑπερτάτην.
1477 1393 1537 1419 Ὅτι
1550 1394 1567 1428 ἡ
1584 1393 1679 1429 πρώτη
1692 1392 1769 1428 τριὰς
1780 1393 1829 1427 τῆς

1047 1441 1175 1476 δευτέρας
1197 1441 1330 1476 ἱεραρχεί,
1345 1440 1393 1466 καὶ
1407 1441 1423 1475 ἡ
1439 1439 1552 1474 δευτέρα
1575 1439 1624 1474 τῆς
1639 1439 1748 1475 τρίτης⁸
1767 1439 1785 1474 ἡ
1799 1439 1828 1465 δὲ

1047 1487 1125 1522 τρίτη
1136 1486 1188 1513 τῶν
1203 1487 1231 1512 ὲν
1246 1485 1398 1522 ἀνθρώποις
1409 1485 1514 1521 ἱερέων,
1525 1485 1572 1512 καὶ
1585 1484 1702 1520 ἐφορῶσι
1715 1485 1750 1511 τὰ
1764 1485 1827 1520 παρ’

1047 1532 1135 1559 αὐτῶν
1149 1532 1306 1568 τελούμενα.

1082 1578 1372 1614 Κρυφιοειδέστερον.
1388 1578 1450 1610 Πῶς
1466 1578 1494 1605 αι
1516 1577 1565 1613 μὲν
1583 1577 1782 1613 κρυφιώτεραι,
1801 1577 1829 1603 at

1047 1625 1075 1652 δὲ
1090 1624 1287 1661 ἐμφανέστεραι
1303 1625 1445 1660 ἱεραρχίαι.

1086 1671 1151 1703 Ταῖς
1165 1671 1359 1705 ἀνθρωπείαις
1373 1669 1541 1704 ἱεραρχίαις.
1555 1670 1634 1701 Τίνες
1647 1669 1724 1705 ἡμῶν
1737 1670 1828 1705 ῐεραρν

1047 1717 1131 1752 χικῶς
1146 1718 1321 1753 ἐφεστήκασι.
1340 1716 1492 1752 Σημείωσαι
1510 1716 1559 1752 τὴν
1579 1715 1715 1748 ἀπόδειξιν
1736 1717 1768 1742 ὲκ
1782 1714 1828 1741 τοῦ

1047 1763 1160 1798 Δανιὴλ,
1184 1763 1321 1790 τουτέστιν
1345 1762 1461 1798 ἐσχάτην
1484 1762 1560 1795 τάξιν
1580 1761 1733 1788 ἐπιστατεῖν
1743 1761 1765 1778 ⁸⁸
1780 1761 1829 1796 τῆς

1048 1809 1107 1836 καθ’
1120 1810 1193 1845 ἡμᾶς
1209 1809 1359 1845 ίεραρχίας,

1081 1856 1135 1882 Καὶ
1147 1855 1211 1890 μὴν
1224 1855 1271 1882 καὶ
1283 1856 1312 1889 ἡ.
1322 1854 1400 1881 Κατὰ
1414 1853 1503 1881 κοινοῦ
1513 1854 1544 1880 τὸ
1557 1854 1606 1880 ἵνα
1615 1853 1634 1887 ᾖ
1645 1853 1719 1880 κατὰ
1732 1853 1827 1885 τάξιν.

1046 1903 1084 1934 ὠς
1098 1900 1166 1928 εἷναι
1179 1902 1228 1937 τὴν
1244 1901 1378 1934 σύνταξιν,
1392 1901 1439 1927 καὶ
1456 1900 1508 1936 μὴν
1527 1900 1570 1926 ἴνα
1584 1899 1654 1926 κατὰ
1665 1897 1768 1936 τάξινῇ
1782 1899 1828 1926 καὶ

1046 1949 1064 1983 ἡ
1079 1947 1154 1983 παρὰ
1169 1947 1246 1980 Θεοῦ,
1262 1948 1309 1974 καὶ
1324 1947 1358 1973 τὰ
1372 1946 1443 1981 ἑξῆς.

1079 1995 1114 2020 El
1130 1993 1164 2020 δέ
1178 2002 1222 2026 τις
1233 1993 1315 2028 φαίη.
1330 1992 1393 2024 Πῶς
1409 1991 1530 2026 ἀγγέλων
1546 1991 1654 2025 ἀγαθῶν
1669 1990 1828 2025 ἐφεστώτων

1045 2042 1101 2072 τοῖς
1126 2037 1217 2067 ἔθνεσι
1230 2060 1237 2072 ,
1265 2039 1344 2074 μόνος
1366 2038 1380 2063 ὁ
1405 2037 1511 2073 Ἰσραὴλ
1533 2036 1663 2070 ἐγίνωσκε
1683 2035 1727 2063 τὺν
1744 2036 1826 2063 Θεάν-

1047 2086 1159 2112 ἓκαστον
1183 2085 1237 2121 γὰρ
1255 2084 1329 2115 ἔθνος
1352 2083 1465 2118 ἄγγελον
1488 2082 1544 2118 ἔχει
1566 2081 1828 2117 ἀποκεκληρωμένω

1047 2131 1134 2167 αὐτῷ,
1150 2132 1188 2162 ὡς
1206 2131 1324 2157 Ἰουδαῖοι
1338 2129 1382 2156 τὸν
1401 2128 1525 2164 Μιχαὴλ,
1541 2128 1570 2154 ὃν
1586 2128 1694 2163 καὶτῆς
1710 2127 1829 2163 ἐσχάτης

1045 2177 1148 2209 τάξεως
1161 2176 1215 2203 τῶν
1233 2176 1317 2210 ἁγίων
1331 2174 1453 2209 ἀγγέλων
1465 2175 1555 2210 φησίν.

1082 2224 1146 2250 Ὀτι
1162 2223 1205 2258 μὴ
1227 2222 1279 2254 τὰς
1297 2221 1356 2247 τῶν
1376 2220 1520 2255 ἀγγέλων.
1547 2220 1588 2252 Οὐ,
1607 2219 1682 2255 παρὰ
1704 2219 1753 2255 τὴν
1774 2219 1829 2246 τῶν

1046 2269 1260 2297 ἐπιστατούντων
1273 2267 1396 2301 ἀγγέλων
1409 2267 1497 2294 αἰτίαν
1512 2267 1579 2302 φησι
1589 2267 1619 2293 τὺ
1633 2265 1745 2298 τοιοῦτο,
1762 2265 1829 2292 ἀλλὰ

1047 2315 1122 2352 παρὰ
1143 2315 1193 2350 τὴν
1217 2314 1320 2342 οἰκείαν
1341 2313 1511 2346 αὐτεξούσιον
1530 2313 1598 2349 πρὸς
1620 2313 1654 2340 τὰ
1676 2313 1713 2349 μὴ
1736 2312 1828 2340 δέοντα

1048 2363 1559 2411 ῤοῖη.ν’,.-.-..
1687 2405 1765 2411 .-

1085 2408 1123 2442 Τῇ
1137 2407 1287 2442 φιλαυτία.
1316 2406 1471 2442 Σημείωσαι
1490 2405 1530 2432 ὅτι
1548 2405 1662 2438 ἕκαστος
1684 2405 1770 2441 ἑαυτῷ
1785 2407 1827 2432 αἴ-

1047 2463 1102 2486 τιος
1115 2455 1160 2481 καὶ
1173 2453 1219 2480 τοῦ
1239 2452 1341 2488 ἀγαθοῦ
1362 2452 1409 2478 καὶ
1423 2451 1470 2478 τοῦ
1486 2451 1586 2478 κακοῦ·
1601 2452 1631 2478 τὸ
1643 2451 1671 2478 δὲ
1686 2451 1828 2486 φιλαυτία

1049 2503 1095 2528 καὶ
1110 2500 1252 2528 αὐθάδεια
1269 2501 1301 2527 ἐκ
1315 2499 1485 2536 παραλλήλου
1501 2499 1530 2525 τὸ
1543 2498 1708 2534 αὐτάρεσκον
1725 2497 1808 2533 δηλοῖ.

1086 2589 1174 2617 Τοῦτο
1189 2588 1222 2616 δὲ
1233 2588 1430 2624 μαρτυρεῖται.
1441 2588 1497 2623 Οὐχ
1507 2588 1547 2614 ὅτι
1562 2588 1576 2614 ὁ
1589 2587 1654 2618 Θεὸς
1662 2586 1706 2613 τὸν
1721 2586 1829 2621 Ἰσραὴλ

1049 2637 1128 2672 μόνον
1143 2635 1297 2669 ἐξελέξατο,
1312 2635 1368 2662 ἀλλ’
1387 2635 1428 2661 ὅτι
1447 2634 1461 2660 ό
1481 2633 1587 2669 Ἰσραὴλ
1603 2633 1680 2668 μόνος
1697 2631 1827 2668 ὲὸουλήθη

1048 2683 1160 2710 ἕπεσθαι
1174 2682 1232 2718 Θεῷ
1241 2691 1247 2697 ·
1256 2682 1326 2709 οὕτω
1339 2680 1394 2717 γὰρ
1409 2680 1468 2717 [καὶ
1483 2679 1511 2715 ἡ]
1528 2679 1658 2714 ἑρμηνεία
1670 2678 1718 2713 τῆς
1729 2677 1829 2711 λέξεως

1048 2729 1191 2764 σημαίνει,
1207 2728 1280 2761 νοῦς
1294 2727 1371 2762 ὀρῶν
1385 2725 1453 2763 [τὸν]
1477 2726 1564 2753 Θεόν·
1581 2724 1653 2751 οὕτω
1666 2725 1735 2751 νοεῖν
1751 2723 1828 2758 ὀφεί-

681 2851 798 2879 VARl/E
816 2849 1008 2882 LECTIONES
1024 2853 1069 2882 ET
1086 2851 1356 2882 CORRECTIONES.

268 2908 289 2925 "
304 2909 345 2937 ὂτι
359 2909 406 2938 καὶ
419 2911 436 2946 ἡ
452 2911 555 2946 ἐσχάτη
567 2910 644 2944 τάξις
658 2911 806 2939 ἐπιστατεῖ.
