  <div class='ocr_page' id='page_1' title='image "/cluster/home/n/w/nwhite01/storage/ocr_20150623/4/njp.32101010944526/050.png"; bbox 0 0 1925 3060; ppageno 0'>
   <div class='ocr_carea' id='block_1_1' title="bbox 164 129 1771 163">
    <p class='ocr_par' dir='ltr' id='par_1_1' title="bbox 164 129 1771 163">
     <span class='ocr_line' id='line_1_1' title="bbox 164 129 1771 163; baseline 0.003 -5"><span class='ocrx_word' id='word_1_1' title='bbox 164 129 201 158; x_wconf 76' lang='lat'><strong>85</strong></span> <span class='ocrx_word' id='word_1_2' title='bbox 499 132 528 162; x_wconf 90' lang='lat' dir='ltr'><strong>S.</strong></span> <span class='ocrx_word' id='word_1_3' title='bbox 546 133 671 162; x_wconf 70' lang='lat' dir='ltr'><strong>MAXIM</strong></span> <span class='ocrx_word' id='word_1_4' title='bbox 689 133 836 162; x_wconf 79' lang='lat' dir='ltr'><strong>SCHOLIA</strong></span> <span class='ocrx_word' id='word_1_5' title='bbox 852 134 886 163; x_wconf 84' lang='lat' dir='ltr'><strong>IN</strong></span> <span class='ocrx_word' id='word_1_6' title='bbox 904 129 1030 162; x_wconf 30' lang='lat' dir='ltr'><strong>LlBL’DE</strong></span> <span class='ocrx_word' id='word_1_7' title='bbox 1045 133 1205 162; x_wconf 74' lang='lat' dir='ltr'><strong>C(ELESTI</strong></span> <span class='ocrx_word' id='word_1_8' title='bbox 1222 133 1440 162; x_wconf 76' lang='lat' dir='ltr'><strong>HIEMRCHIA.</strong></span> <span class='ocrx_word' id='word_1_9' title='bbox 1737 135 1771 163; x_wconf 73' lang='lat'><strong>86</strong></span> 
     </span>
    </p>
   </div>
   <div class='ocr_carea' id='block_1_2' title="bbox 163 185 941 227">
    <p class='ocr_par' dir='ltr' id='par_1_2' title="bbox 163 185 941 227">
     <span class='ocr_line' id='line_1_2' title="bbox 163 185 941 227; baseline 0.009 -14"><span class='ocrx_word' id='word_1_10' title='bbox 163 185 246 222; x_wconf 75' lang='grc' dir='ltr'>λομεν</span> <span class='ocrx_word' id='word_1_11' title='bbox 264 187 300 214; x_wconf 68' lang='grc' dir='ltr'>τὰ</span> <span class='ocrx_word' id='word_1_12' title='bbox 319 188 348 214; x_wconf 88' lang='grc' dir='ltr'>ὲν</span> <span class='ocrx_word' id='word_1_13' title='bbox 362 190 396 224; x_wconf 82' lang='grc' dir='ltr'>τῇ</span> <span class='ocrx_word' id='word_1_14' title='bbox 413 188 468 225; x_wconf 82' lang='grc' dir='ltr'>ᾠδῇ</span> <span class='ocrx_word' id='word_1_15' title='bbox 482 190 619 222; x_wconf 87' lang='grc' dir='ltr'>Μωῡσέως</span> <span class='ocrx_word' id='word_1_16' title='bbox 636 192 782 227; x_wconf 82' lang='grc' dir='ltr'><strong>εἰρημένα,</strong></span> <span class='ocrx_word' id='word_1_17' title='bbox 804 192 941 226; x_wconf 73' lang='grc' dir='ltr'>Ἐγενήθη</span> 
     </span>
    </p>
   </div>
   <div class='ocr_carea' id='block_1_3' title="bbox 996 185 1771 227">
    <p class='ocr_par' dir='ltr' id='par_1_3' title="bbox 998 190 1771 226">
     <span class='ocr_line' id='line_1_3' title="bbox 998 190 1771 226; baseline 0 -7"><span class='ocrx_word' id='word_1_18' title='bbox 998 192 1106 226; x_wconf 83' lang='lat' dir='ltr'><strong>cantico</strong></span> <span class='ocrx_word' id='word_1_19' title='bbox 1121 191 1221 226; x_wconf 83' lang='lat' dir='ltr'><strong>Moysis</strong></span> <span class='ocrx_word' id='word_1_20' title='bbox 1233 191 1306 218; x_wconf 86' lang='lat' dir='ltr'><strong>dicta</strong></span> <span class='ocrx_word' id='word_1_21' title='bbox 1320 194 1394 223; x_wconf 90' lang='lat' dir='ltr'><strong>sunt,</strong></span> <span class='ocrx_word' id='word_1_22' title='bbox 1407 190 1506 218; x_wconf 76' lang='lat' dir='ltr'><strong>Factus</strong></span> <span class='ocrx_word' id='word_1_23' title='bbox 1517 195 1555 217; x_wconf 69' lang='lat' dir='ltr'><strong>est</strong></span> <span class='ocrx_word' id='word_1_24' title='bbox 1571 191 1655 224; x_wconf 84' lang='lat' dir='ltr'><strong>portio</strong></span> <span class='ocrx_word' id='word_1_25' title='bbox 1667 191 1771 219; x_wconf 82' lang='lat' dir='ltr'><strong>Domini</strong></span> 
     </span>
    </p>
   </div>
   <div class='ocr_carea' id='block_1_4' title="bbox 160 233 945 274">
    <p class='ocr_par' dir='ltr' id='par_1_4' title="bbox 160 233 945 274">
     <span class='ocr_line' id='line_1_4' title="bbox 160 233 945 274; baseline 0.005 -14"><span class='ocrx_word' id='word_1_26' title='bbox 160 233 246 268; x_wconf 75' lang='grc' dir='ltr'>μερὶς</span> <span class='ocrx_word' id='word_1_27' title='bbox 264 235 374 268; x_wconf 82' lang='grc' dir='ltr'><strong>Κυρίου</strong></span> <span class='ocrx_word' id='word_1_28' title='bbox 397 236 559 272; x_wconf 72' lang='grc' dir='ltr'>σχοίνισμα</span> <span class='ocrx_word' id='word_1_29' title='bbox 581 239 693 272; x_wconf 74' lang='grc' dir='ltr'>Ἰακὼϐ,</span> <span class='ocrx_word' id='word_1_30' title='bbox 714 239 782 274; x_wconf 80' lang='grc' dir='ltr'>ὅπερ</span> <span class='ocrx_word' id='word_1_31' title='bbox 804 238 878 274; x_wconf 86' lang='grc' dir='ltr'>δηλοῖ</span> <span class='ocrx_word' id='word_1_32' title='bbox 900 238 945 265; x_wconf 76' lang='grc' dir='ltr'>τὸν</span> 
     </span>
    </p>
   </div>
   <div class='ocr_carea' id='block_1_5' title="bbox 171 279 942 320">
    <p class='ocr_par' dir='ltr' id='par_1_5' title="bbox 171 279 942 320">
     <span class='ocr_line' id='line_1_5' title="bbox 171 279 942 320; baseline 0.008 -15"><span class='ocrx_word' id='word_1_33' title='bbox 171 279 293 315; x_wconf 84' lang='grc' dir='ltr'>Ἰσραήλ·</span> <span class='ocrx_word' id='word_1_34' title='bbox 309 280 358 315; x_wconf 79' lang='grc' dir='ltr'><strong>οὐχ</strong></span> <span class='ocrx_word' id='word_1_35' title='bbox 371 282 386 308; x_wconf 83' lang='grc' dir='ltr'><strong>ὁ</strong></span> <span class='ocrx_word' id='word_1_36' title='bbox 400 281 464 313; x_wconf 82' lang='grc' dir='ltr'><strong>Θεὸς</strong></span> <span class='ocrx_word' id='word_1_37' title='bbox 478 282 532 318; x_wconf 78' lang='grc' dir='ltr'><strong>γὰρ</strong></span> <span class='ocrx_word' id='word_1_38' title='bbox 546 283 590 310; x_wconf 78' lang='grc' dir='ltr'><strong>τὸν</strong></span> <span class='ocrx_word' id='word_1_39' title='bbox 610 284 717 320; x_wconf 82' lang='grc' dir='ltr'>Ἰσραὴλ</span> <span class='ocrx_word' id='word_1_40' title='bbox 739 284 817 319; x_wconf 84' lang='grc' dir='ltr'>μόνον</span> <span class='ocrx_word' id='word_1_41' title='bbox 839 284 942 319; x_wconf 82' lang='grc' dir='ltr'><strong>ἀγαπᾷ,</strong></span> 
     </span>
    </p>
   </div>
   <div class='ocr_carea' id='block_1_6' title="bbox 163 324 944 365">
    <p class='ocr_par' dir='ltr' id='par_1_6' title="bbox 163 324 944 365">
     <span class='ocr_line' id='line_1_6' title="bbox 163 324 944 365; baseline 0.008 -14"><span class='ocrx_word' id='word_1_42' title='bbox 163 324 202 356; x_wconf 84' lang='grc' dir='ltr'><strong>ὡς</strong></span> <span class='ocrx_word' id='word_1_43' title='bbox 221 327 267 353; x_wconf 78' lang='grc' dir='ltr'>καὶ</span> <span class='ocrx_word' id='word_1_44' title='bbox 279 327 293 352; x_wconf 84' lang='grc' dir='ltr'>ὁ</span> <span class='ocrx_word' id='word_1_45' title='bbox 312 327 469 360; x_wconf 81' lang='grc' dir='ltr'>Ἀπόστολος</span> <span class='ocrx_word' id='word_1_46' title='bbox 486 329 618 365; x_wconf 85' lang='grc' dir='ltr'>πολλαχοῦ</span> <span class='ocrx_word' id='word_1_47' title='bbox 633 330 764 364; x_wconf 71' lang='grc' dir='ltr'>ἐδήλωσεν</span> <span class='ocrx_word' id='word_1_48' title='bbox 780 330 862 357; x_wconf 84' lang='grc' dir='ltr'>εἰπών</span> <span class='ocrx_word' id='word_1_49' title='bbox 872 339 879 345; x_wconf 69' lang='grc' dir='ltr'><strong>ο</strong></span> <span class='ocrx_word' id='word_1_50' title='bbox 895 330 944 365; x_wconf 81' lang='grc' dir='ltr'><strong>Μὴ</strong></span> 
     </span>
    </p>
   </div>
   <div class='ocr_carea' id='block_1_7' title="bbox 162 371 945 408">
    <p class='ocr_par' dir='ltr' id='par_1_7' title="bbox 162 371 945 408">
     <span class='ocr_line' id='line_1_7' title="bbox 162 371 945 408; baseline 0.008 -11"><span class='ocrx_word' id='word_1_51' title='bbox 162 371 220 398; x_wconf 77' lang='grc' dir='ltr'>οὐκ</span> <span class='ocrx_word' id='word_1_52' title='bbox 238 372 323 403; x_wconf 68' lang='grc' dir='ltr'>ἐστιν</span> <span class='ocrx_word' id='word_1_53' title='bbox 338 374 354 399; x_wconf 82' lang='grc' dir='ltr'>ό</span> <span class='ocrx_word' id='word_1_54' title='bbox 371 373 441 406; x_wconf 81' lang='grc' dir='ltr'>Θεὸς</span> <span class='ocrx_word' id='word_1_55' title='bbox 458 375 504 401; x_wconf 79' lang='grc' dir='ltr'>καὶ</span> <span class='ocrx_word' id='word_1_56' title='bbox 521 375 635 408; x_wconf 83' lang='grc' dir='ltr'>ἐθνῶν;</span> <span class='ocrx_word' id='word_1_57' title='bbox 654 377 702 403; x_wconf 80' lang='grc' dir='ltr'><strong>ναὶ</strong></span> <span class='ocrx_word' id='word_1_58' title='bbox 719 377 766 403; x_wconf 76' lang='grc' dir='ltr'>καὶ</span> <span class='ocrx_word' id='word_1_59' title='bbox 785 376 888 408; x_wconf 72' lang='grc' dir='ltr'>ἐθνῶν,</span> <span class='ocrx_word' id='word_1_60' title='bbox 901 377 945 403; x_wconf 77' lang='grc' dir='ltr'><strong>εῖ-</strong></span> 
     </span>
    </p>
   </div>
   <div class='ocr_carea' id='block_1_8' title="bbox 162 417 943 458">
    <p class='ocr_par' dir='ltr' id='par_1_8' title="bbox 162 417 943 458">
     <span class='ocr_line' id='line_1_8' title="bbox 162 417 943 458; baseline 0.008 -15"><span class='ocrx_word' id='word_1_61' title='bbox 162 424 218 450; x_wconf 81' lang='grc' dir='ltr'><strong>περ</strong></span> <span class='ocrx_word' id='word_1_62' title='bbox 239 417 282 451; x_wconf 65' lang='lat' dir='ltr'><strong>sig&quot;</strong></span> <span class='ocrx_word' id='word_1_63' title='bbox 302 420 319 445; x_wconf 80' lang='grc' dir='ltr'><strong><em>ό</em></strong></span> <span class='ocrx_word' id='word_1_64' title='bbox 340 419 429 453; x_wconf 79' lang='grc' dir='ltr'><strong>Θεός”</strong></span> <span class='ocrx_word' id='word_1_65' title='bbox 450 420 504 446; x_wconf 86' lang='grc' dir='ltr'>ἀλλ’</span> <span class='ocrx_word' id='word_1_66' title='bbox 524 422 538 447; x_wconf 82' lang='grc' dir='ltr'>ὁ</span> <span class='ocrx_word' id='word_1_67' title='bbox 558 421 663 458; x_wconf 84' lang='grc' dir='ltr'>Ἰσραὴλ</span> <span class='ocrx_word' id='word_1_68' title='bbox 686 422 792 458; x_wconf 84' lang='grc' dir='ltr'>πρῶτος</span> <span class='ocrx_word' id='word_1_69' title='bbox 811 422 943 458; x_wconf 79' lang='grc' dir='ltr'><strong>ἐπορεύθη</strong></span> 
     </span>
    </p>
   </div>
   <div class='ocr_carea' id='block_1_9' title="bbox 162 462 944 502">
    <p class='ocr_par' dir='ltr' id='par_1_9' title="bbox 162 462 944 502">
     <span class='ocr_line' id='line_1_9' title="bbox 162 462 944 502; baseline 0.008 -13"><span class='ocrx_word' id='word_1_70' title='bbox 162 462 274 490; x_wconf 68' lang='grc' dir='ltr'>ὄπισθεν</span> <span class='ocrx_word' id='word_1_71' title='bbox 287 464 353 491; x_wconf 82' lang='grc' dir='ltr'><strong>Θεοῦ</strong></span> <span class='ocrx_word' id='word_1_72' title='bbox 365 485 372 496; x_wconf 89' lang='grc'><strong>,</strong></span> <span class='ocrx_word' id='word_1_73' title='bbox 387 466 448 492; x_wconf 78' lang='grc' dir='ltr'>ἐπεὶ</span> <span class='ocrx_word' id='word_1_74' title='bbox 464 465 576 502; x_wconf 78' lang='grc' dir='ltr'>ὕστερον</span> <span class='ocrx_word' id='word_1_75' title='bbox 591 468 710 500; x_wconf 82' lang='grc' dir='ltr'>ἀποστὰς</span> <span class='ocrx_word' id='word_1_76' title='bbox 720 469 766 494; x_wconf 77' lang='grc' dir='ltr'>καὶ</span> <span class='ocrx_word' id='word_1_77' title='bbox 781 469 862 499; x_wconf 82' lang='grc' dir='ltr'>αὐτὸς</span> <span class='ocrx_word' id='word_1_78' title='bbox 876 469 944 494; x_wconf 86' lang='grc' dir='ltr'>ἀπε-</span> 
     </span>
    </p>
   </div>
   <div class='ocr_carea' id='block_1_10' title="bbox 162 508 944 550">
    <p class='ocr_par' dir='ltr' id='par_1_10' title="bbox 162 508 944 550">
     <span class='ocr_line' id='line_1_10' title="bbox 162 508 944 550; baseline 0.009 -16"><span class='ocrx_word' id='word_1_79' title='bbox 162 508 277 544; x_wconf 82' lang='grc' dir='ltr'>διώχθη·</span> <span class='ocrx_word' id='word_1_80' title='bbox 291 510 321 537; x_wconf 85' lang='grc' dir='ltr'><strong>τὺ</strong></span> <span class='ocrx_word' id='word_1_81' title='bbox 336 510 389 546; x_wconf 85' lang='grc' dir='ltr'>γὰρ</span> <span class='ocrx_word' id='word_1_82' title='bbox 403 511 573 544; x_wconf 79' lang='grc' dir='ltr'><strong>αὐτεξούσιον</strong></span> <span class='ocrx_word' id='word_1_83' title='bbox 584 513 691 548; x_wconf 72' lang='grc' dir='ltr'>ἔχοντες</span> <span class='ocrx_word' id='word_1_84' title='bbox 705 515 728 540; x_wconf 88' lang='grc' dir='ltr'><strong>οἰ</strong></span> <span class='ocrx_word' id='word_1_85' title='bbox 743 514 890 550; x_wconf 80' lang='grc' dir='ltr'>ἄνθρωποι,</span> <span class='ocrx_word' id='word_1_86' title='bbox 901 515 944 540; x_wconf 83' lang='grc' dir='ltr'>ὅτε</span> 
     </span>
    </p>
   </div>
   <div class='ocr_carea' id='block_1_11' title="bbox 161 553 741 593">
    <p class='ocr_par' dir='ltr' id='par_1_11' title="bbox 161 553 741 593">
     <span class='ocr_line' id='line_1_11' title="bbox 161 553 741 593; baseline 0.01 -13"><span class='ocrx_word' id='word_1_87' title='bbox 161 553 280 588; x_wconf 79' lang='grc' dir='ltr'><strong>θέλουσι,</strong></span> <span class='ocrx_word' id='word_1_88' title='bbox 297 556 401 583; x_wconf 80' lang='grc' dir='ltr'>ποιοῦσι</span> <span class='ocrx_word' id='word_1_89' title='bbox 417 557 462 584; x_wconf 85' lang='grc' dir='ltr'>τὸν</span> <span class='ocrx_word' id='word_1_90' title='bbox 477 558 542 585; x_wconf 82' lang='grc' dir='ltr'>Θεὸν</span> <span class='ocrx_word' id='word_1_91' title='bbox 557 558 615 593; x_wconf 82' lang='grc' dir='ltr'>μεθ’</span> <span class='ocrx_word' id='word_1_92' title='bbox 630 559 741 586; x_wconf 78' lang='grc' dir='ltr'><strong>ἑαυτῶν.</strong></span> 
     </span>
    </p>
   </div>
   <div class='ocr_carea' id='block_1_12' title="bbox 198 602 909 641">
    <p class='ocr_par' dir='ltr' id='par_1_12' title="bbox 198 602 909 641">
     <span class='ocr_line' id='line_1_12' title="bbox 198 602 909 641; baseline 0.006 -13"><span class='ocrx_word' id='word_1_93' title='bbox 198 602 392 630; x_wconf 78' lang='grc' dir='ltr'>Ηεπονθέναι.</span> <span class='ocrx_word' id='word_1_94' title='bbox 411 603 471 630; x_wconf 84' lang='grc' dir='ltr'>’Ὁτι</span> <span class='ocrx_word' id='word_1_95' title='bbox 486 604 532 630; x_wconf 75' lang='grc' dir='ltr'>καὶ</span> <span class='ocrx_word' id='word_1_96' title='bbox 544 605 557 630; x_wconf 82' lang='grc' dir='ltr'>ὁ</span> <span class='ocrx_word' id='word_1_97' title='bbox 575 604 682 639; x_wconf 83' lang='grc' dir='ltr'>Ἰσραὴλ</span> <span class='ocrx_word' id='word_1_98' title='bbox 698 605 778 637; x_wconf 81' lang='grc' dir='ltr'>αὐτὸς</span> <span class='ocrx_word' id='word_1_99' title='bbox 794 604 909 641; x_wconf 83' lang='grc' dir='ltr'>ἀπέστη.</span> 
     </span>
    </p>
   </div>
   <div class='ocr_carea' id='block_1_13' title="bbox 197 646 743 684">
    <p class='ocr_par' dir='ltr' id='par_1_13' title="bbox 197 646 743 684">
     <span class='ocr_line' id='line_1_13' title="bbox 197 646 743 684; baseline 0.004 -11"><span class='ocrx_word' id='word_1_100' title='bbox 197 646 291 680; x_wconf 85' lang='grc' dir='ltr'><em>Ζωήν.</em></span> <span class='ocrx_word' id='word_1_101' title='bbox 311 648 370 674; x_wconf 82' lang='grc' dir='ltr'>’Ὁτι</span> <span class='ocrx_word' id='word_1_102' title='bbox 384 648 553 680; x_wconf 79' lang='grc' dir='ltr'>αὑτεξούσιος</span> <span class='ocrx_word' id='word_1_103' title='bbox 567 650 581 675; x_wconf 83' lang='grc' dir='ltr'>ὁ</span> <span class='ocrx_word' id='word_1_104' title='bbox 594 649 743 684; x_wconf 79' lang='grc' dir='ltr'>ἄνθρωπος.</span> 
     </span>
    </p>
   </div>
   <div class='ocr_carea' id='block_1_14' title="bbox 199 693 944 730">
    <p class='ocr_par' dir='ltr' id='par_1_14' title="bbox 199 693 944 730">
     <span class='ocr_line' id='line_1_14' title="bbox 199 693 944 730; baseline 0.005 -11"><span class='ocrx_word' id='word_1_105' title='bbox 199 693 321 726; x_wconf 79' lang='grc' dir='ltr'><strong>Ὅψεων.</strong></span> <span class='ocrx_word' id='word_1_106' title='bbox 339 694 425 729; x_wconf 87' lang='grc' dir='ltr'>Ὅπερ</span> <span class='ocrx_word' id='word_1_107' title='bbox 436 694 553 721; x_wconf 79' lang='grc' dir='ltr'>ἐνταῦθά</span> <span class='ocrx_word' id='word_1_108' title='bbox 568 703 648 730; x_wconf 77' lang='grc' dir='ltr'>φησιν</span> <span class='ocrx_word' id='word_1_109' title='bbox 663 696 677 721; x_wconf 80' lang='grc' dir='ltr'><strong><em>ὁ</em></strong></span> <span class='ocrx_word' id='word_1_110' title='bbox 688 695 791 730; x_wconf 85' lang='grc' dir='ltr'>Πατὴρ,</span> <span class='ocrx_word' id='word_1_111' title='bbox 807 695 885 722; x_wconf 78' lang='grc' dir='ltr'>τοῦτο</span> <span class='ocrx_word' id='word_1_112' title='bbox 899 697 944 723; x_wconf 73' lang='grc' dir='ltr'>καὶ</span> 
     </span>
    </p>
   </div>
   <div class='ocr_carea' id='block_1_15' title="bbox 161 738 944 777">
    <p class='ocr_par' dir='ltr' id='par_1_15' title="bbox 161 738 944 777">
     <span class='ocr_line' id='line_1_15' title="bbox 161 738 944 777; baseline 0.005 -13"><span class='ocrx_word' id='word_1_113' title='bbox 161 738 209 764; x_wconf 64' lang='grc' dir='ltr'><strong>ἐπὶ</strong></span> <span class='ocrx_word' id='word_1_114' title='bbox 219 738 265 764; x_wconf 80' lang='grc' dir='ltr'><strong>τοῦ</strong></span> <span class='ocrx_word' id='word_1_115' title='bbox 278 738 389 774; x_wconf 75' lang='grc' dir='ltr'><strong>ἡλιακοῦ</strong></span> <span class='ocrx_word' id='word_1_116' title='bbox 403 740 489 774; x_wconf 84' lang='grc' dir='ltr'>φωτὸς</span> <span class='ocrx_word' id='word_1_117' title='bbox 503 740 642 776; x_wconf 85' lang='grc' dir='ltr'>γινόμενον</span> <span class='ocrx_word' id='word_1_118' title='bbox 658 740 730 767; x_wconf 80' lang='grc' dir='ltr'>ἔστιν</span> <span class='ocrx_word' id='word_1_119' title='bbox 748 741 821 773; x_wconf 73' lang='grc' dir='ltr'>ἰδεῖν,</span> <span class='ocrx_word' id='word_1_120' title='bbox 836 742 881 767; x_wconf 79' lang='grc' dir='ltr'>ἐπὶ</span> <span class='ocrx_word' id='word_1_121' title='bbox 896 742 944 777; x_wconf 80' lang='grc' dir='ltr'>μὲν</span> 
     </span>
    </p>
   </div>
   <div class='ocr_carea' id='block_1_16' title="bbox 160 783 944 822">
    <p class='ocr_par' dir='ltr' id='par_1_16' title="bbox 160 783 944 822">
     <span class='ocr_line' id='line_1_16' title="bbox 160 783 944 822; baseline 0.006 -13"><span class='ocrx_word' id='word_1_122' title='bbox 160 783 215 810; x_wconf 77' lang='grc' dir='ltr'><strong>τῶν</strong></span> <span class='ocrx_word' id='word_1_123' title='bbox 232 784 366 819; x_wconf 67' lang='grc' dir='ltr'>διαφανιῖω</span> <span class='ocrx_word' id='word_1_124' title='bbox 389 785 473 817; x_wconf 86' lang='grc' dir='ltr'><strong>ὑλῶν,</strong></span> <span class='ocrx_word' id='word_1_125' title='bbox 493 786 543 821; x_wconf 79' lang='grc' dir='ltr'>τὴν</span> <span class='ocrx_word' id='word_1_126' title='bbox 562 786 665 813; x_wconf 75' lang='grc' dir='ltr'>οἰκείαν</span> <span class='ocrx_word' id='word_1_127' title='bbox 680 787 797 813; x_wconf 73' lang='grc' dir='ltr'><strong>διάδοσιν</strong></span> <span class='ocrx_word' id='word_1_128' title='bbox 819 787 944 822; x_wconf 86' lang='grc' dir='ltr'>ποιουμὲ-</span> 
     </span>
    </p>
   </div>
   <div class='ocr_carea' id='block_1_17' title="bbox 160 830 944 869">
    <p class='ocr_par' dir='ltr' id='par_1_17' title="bbox 160 830 944 869">
     <span class='ocr_line' id='line_1_17' title="bbox 160 830 944 869; baseline 0.005 -14"><span class='ocrx_word' id='word_1_129' title='bbox 160 837 207 855; x_wconf 83' lang='grc' dir='ltr'><strong>νου</strong></span> <span class='ocrx_word' id='word_1_130' title='bbox 216 837 222 844; x_wconf 89' lang='grc'><strong>·</strong></span> <span class='ocrx_word' id='word_1_131' title='bbox 238 830 283 856; x_wconf 69' lang='grc' dir='ltr'><strong>ἐπὶ</strong></span> <span class='ocrx_word' id='word_1_132' title='bbox 297 830 324 857; x_wconf 82' lang='grc' dir='ltr'>δὲ</span> <span class='ocrx_word' id='word_1_133' title='bbox 339 830 392 857; x_wconf 84' lang='grc' dir='ltr'><strong>τῶν</strong></span> <span class='ocrx_word' id='word_1_134' title='bbox 402 831 562 867; x_wconf 80' lang='grc' dir='ltr'><strong>παχυτέρων</strong></span> <span class='ocrx_word' id='word_1_135' title='bbox 575 832 622 867; x_wconf 82' lang='grc' dir='ltr'>οὐχ</span> <span class='ocrx_word' id='word_1_136' title='bbox 638 832 745 867; x_wconf 79' lang='grc' dir='ltr'>ὁμοίως,</span> <span class='ocrx_word' id='word_1_137' title='bbox 757 832 812 858; x_wconf 73' lang='grc' dir='ltr'>ἀλλ’</span> <span class='ocrx_word' id='word_1_138' title='bbox 826 832 842 867; x_wconf 90' lang='grc' dir='ltr'>ἢ</span> <span class='ocrx_word' id='word_1_139' title='bbox 857 833 944 869; x_wconf 85' lang='grc' dir='ltr'>πάντη</span> 
     </span>
    </p>
   </div>
   <div class='ocr_carea' id='block_1_18' title="bbox 994 236 1771 272">
    <p class='ocr_par' dir='ltr' id='par_1_18' title="bbox 994 236 1771 272">
     <span class='ocr_line' id='line_1_18' title="bbox 994 236 1771 272; baseline 0.001 -8"><span class='ocrx_word' id='word_1_140' title='bbox 994 238 1127 271; x_wconf 81' lang='lat' dir='ltr'><strong>funiculus</strong></span> <span class='ocrx_word' id='word_1_141' title='bbox 1147 237 1228 264; x_wconf 82' lang='lat' dir='ltr'><strong>Jacob</strong></span> <span class='ocrx_word' id='word_1_142' title='bbox 1240 242 1264 271; x_wconf 72' lang='grc' dir='ltr'><strong>ε,</strong></span> <span class='ocrx_word' id='word_1_143' title='bbox 1285 237 1358 272; x_wconf 92' lang='lat' dir='ltr'><strong>quod</strong></span> <span class='ocrx_word' id='word_1_144' title='bbox 1383 236 1518 272; x_wconf 82' lang='lat' dir='ltr'><strong>significat</strong></span> <span class='ocrx_word' id='word_1_145' title='bbox 1542 236 1690 270; x_wconf 85' lang='lat' dir='ltr'><strong>lsraelem;</strong></span> <span class='ocrx_word' id='word_1_146' title='bbox 1716 245 1771 265; x_wconf 88' lang='lat' dir='ltr'><strong>non</strong></span> 
     </span>
    </p>
   </div>
   <div class='ocr_carea' id='block_1_19' title="bbox 994 283 1770 318">
    <p class='ocr_par' dir='ltr' id='par_1_19' title="bbox 994 283 1770 318">
     <span class='ocr_line' id='line_1_19' title="bbox 994 283 1770 318; baseline 0 -8"><span class='ocrx_word' id='word_1_147' title='bbox 994 284 1066 311; x_wconf 89' lang='lat' dir='ltr'><strong>enim</strong></span> <span class='ocrx_word' id='word_1_148' title='bbox 1084 283 1157 311; x_wconf 89' lang='lat' dir='ltr'><strong>Deus</strong></span> <span class='ocrx_word' id='word_1_149' title='bbox 1171 283 1258 311; x_wconf 93' lang='lat' dir='ltr'><strong>solum</strong></span> <span class='ocrx_word' id='word_1_150' title='bbox 1277 283 1403 311; x_wconf 88' lang='lat' dir='ltr'><strong>lsraelem</strong></span> <span class='ocrx_word' id='word_1_151' title='bbox 1417 283 1523 318; x_wconf 75' lang='lat' dir='ltr'><strong>diligit,</strong></span> <span class='ocrx_word' id='word_1_152' title='bbox 1543 283 1770 318; x_wconf 87' lang='lat' dir='ltr'><strong>quemadmodum</strong></span> 
     </span>
    </p>
   </div>
   <div class='ocr_carea' id='block_1_20' title="bbox 993 328 1772 364">
    <p class='ocr_par' dir='ltr' id='par_1_20' title="bbox 993 328 1772 364">
     <span class='ocr_line' id='line_1_20' title="bbox 993 328 1772 364; baseline -0.001 -8"><span class='ocrx_word' id='word_1_153' title='bbox 993 330 1074 357; x_wconf 86' lang='lat' dir='ltr'><strong>etiam</strong></span> <span class='ocrx_word' id='word_1_154' title='bbox 1090 329 1237 364; x_wconf 80' lang='lat' dir='ltr'><strong>Apostolus</strong></span> <span class='ocrx_word' id='word_1_155' title='bbox 1251 336 1321 364; x_wconf 64' lang='lat' dir='ltr'><strong>saepe</strong></span> <span class='ocrx_word' id='word_1_156' title='bbox 1333 329 1480 356; x_wconf 76' lang='lat' dir='ltr'><strong>declaravit</strong></span> <span class='ocrx_word' id='word_1_157' title='bbox 1498 328 1592 356; x_wconf 92' lang='lat' dir='ltr'><strong>dicens</strong></span> <span class='ocrx_word' id='word_1_158' title='bbox 1604 338 1611 356; x_wconf 90' lang='lat'><strong>:</strong></span> <span class='ocrx_word' id='word_1_159' title='bbox 1630 328 1722 356; x_wconf 80' lang='lat' dir='ltr'><strong>Nonne</strong></span> <span class='ocrx_word' id='word_1_160' title='bbox 1733 333 1772 355; x_wconf 73' lang='lat' dir='ltr'><strong>est</strong></span> 
     </span>
    </p>
   </div>
   <div class='ocr_carea' id='block_1_21' title="bbox 993 374 1772 409">
    <p class='ocr_par' dir='ltr' id='par_1_21' title="bbox 993 374 1772 409">
     <span class='ocr_line' id='line_1_21' title="bbox 993 374 1772 409; baseline -0.001 -8"><span class='ocrx_word' id='word_1_161' title='bbox 993 375 1063 402; x_wconf 78' lang='lat' dir='ltr'><strong>Deus</strong></span> <span class='ocrx_word' id='word_1_162' title='bbox 1085 376 1162 402; x_wconf 87' lang='lat' dir='ltr'><strong>etiam</strong></span> <span class='ocrx_word' id='word_1_163' title='bbox 1184 375 1320 408; x_wconf 84' lang='lat' dir='ltr'><strong>gentium?</strong></span> <span class='ocrx_word' id='word_1_164' title='bbox 1340 374 1378 400; x_wconf 86' lang='lat' dir='ltr'><strong>ita</strong></span> <span class='ocrx_word' id='word_1_165' title='bbox 1397 374 1476 400; x_wconf 84' lang='lat' dir='ltr'><strong>etiam</strong></span> <span class='ocrx_word' id='word_1_166' title='bbox 1491 374 1623 409; x_wconf 85' lang='lat' dir='ltr'><strong>gentium,</strong></span> <span class='ocrx_word' id='word_1_167' title='bbox 1646 374 1772 409; x_wconf 74' lang='lat' dir='ltr'><strong>siquidem</strong></span> 
     </span>
    </p>
   </div>
   <div class='ocr_carea' id='block_1_22' title="bbox 994 419 1771 454">
    <p class='ocr_par' dir='ltr' id='par_1_22' title="bbox 994 419 1771 454">
     <span class='ocr_line' id='line_1_22' title="bbox 994 419 1771 454; baseline -0.003 -7"><span class='ocrx_word' id='word_1_168' title='bbox 994 429 1060 448; x_wconf 78' lang='lat' dir='ltr'><strong>unus</strong></span> <span class='ocrx_word' id='word_1_169' title='bbox 1073 420 1140 447; x_wconf 81' lang='lat' dir='ltr'><strong>Deus</strong></span> <span class='ocrx_word' id='word_1_170' title='bbox 1152 419 1162 439; x_wconf 73' lang='grc' dir='ltr'><strong>ί</strong></span> <span class='ocrx_word' id='word_1_171' title='bbox 1179 429 1184 445; x_wconf 88' lang='lat'>:</span> <span class='ocrx_word' id='word_1_172' title='bbox 1200 419 1247 447; x_wconf 84' lang='lat' dir='ltr'><strong>sed</strong></span> <span class='ocrx_word' id='word_1_173' title='bbox 1263 419 1345 447; x_wconf 89' lang='lat' dir='ltr'><strong>lsrael</strong></span> <span class='ocrx_word' id='word_1_174' title='bbox 1356 419 1459 454; x_wconf 87' lang='lat' dir='ltr'><strong>primus</strong></span> <span class='ocrx_word' id='word_1_175' title='bbox 1475 419 1522 446; x_wconf 85' lang='lat' dir='ltr'><strong>ivit</strong></span> <span class='ocrx_word' id='word_1_176' title='bbox 1533 423 1594 454; x_wconf 90' lang='lat' dir='ltr'><strong>post</strong></span> <span class='ocrx_word' id='word_1_177' title='bbox 1603 419 1696 451; x_wconf 87' lang='lat' dir='ltr'><strong>Deum,</strong></span> <span class='ocrx_word' id='word_1_178' title='bbox 1709 427 1771 446; x_wconf 88' lang='lat' dir='ltr'><strong>cum</strong></span> 
     </span>
    </p>
   </div>
   <div class='ocr_carea' id='block_1_23' title="bbox 993 465 1771 502">
    <p class='ocr_par' dir='ltr' id='par_1_23' title="bbox 993 465 1771 502">
     <span class='ocr_line' id='line_1_23' title="bbox 993 465 1771 502; baseline 0 -10"><span class='ocrx_word' id='word_1_179' title='bbox 993 473 1086 502; x_wconf 83' lang='lat' dir='ltr'><strong>postea</strong></span> <span class='ocrx_word' id='word_1_180' title='bbox 1102 466 1219 498; x_wconf 90' lang='lat' dir='ltr'><strong>defecit,</strong></span> <span class='ocrx_word' id='word_1_181' title='bbox 1242 466 1300 500; x_wconf 88' lang='lat' dir='ltr'><strong>ipse</strong></span> <span class='ocrx_word' id='word_1_182' title='bbox 1313 473 1422 501; x_wconf 82' lang='lat' dir='ltr'><strong>qunque</strong></span> <span class='ocrx_word' id='word_1_183' title='bbox 1439 466 1560 500; x_wconf 85' lang='lat' dir='ltr'><strong>abjectus</strong></span> <span class='ocrx_word' id='word_1_184' title='bbox 1576 470 1635 499; x_wconf 84' lang='lat' dir='ltr'><strong>est;</strong></span> <span class='ocrx_word' id='word_1_185' title='bbox 1656 465 1771 493; x_wconf 86' lang='lat' dir='ltr'><strong>liberum</strong></span> 
     </span>
    </p>
   </div>
   <div class='ocr_carea' id='block_1_24' title="bbox 993 511 1771 546">
    <p class='ocr_par' dir='ltr' id='par_1_24' title="bbox 993 511 1771 546">
     <span class='ocr_line' id='line_1_24' title="bbox 993 511 1771 546; baseline -0.003 -7"><span class='ocrx_word' id='word_1_186' title='bbox 993 513 1066 539; x_wconf 89' lang='lat' dir='ltr'><strong>enim</strong></span> <span class='ocrx_word' id='word_1_187' title='bbox 1082 512 1226 538; x_wconf 78' lang='lat' dir='ltr'><strong>arbitrium</strong></span> <span class='ocrx_word' id='word_1_188' title='bbox 1241 511 1372 538; x_wconf 88' lang='lat' dir='ltr'><strong>habentes</strong></span> <span class='ocrx_word' id='word_1_189' title='bbox 1386 511 1520 544; x_wconf 88' lang='lat' dir='ltr'><strong>homines,</strong></span> <span class='ocrx_word' id='word_1_190' title='bbox 1538 513 1646 546; x_wconf 83' lang='lat' dir='ltr'><strong>quando</strong></span> <span class='ocrx_word' id='word_1_191' title='bbox 1665 511 1771 543; x_wconf 88' lang='lat' dir='ltr'><strong>volunt,</strong></span> 
     </span>
    </p>
   </div>
   <div class='ocr_carea' id='block_1_25' title="bbox 994 557 1443 592">
    <p class='ocr_par' dir='ltr' id='par_1_25' title="bbox 994 557 1443 592">
     <span class='ocr_line' id='line_1_25' title="bbox 994 557 1443 592; baseline 0 -8"><span class='ocrx_word' id='word_1_192' title='bbox 994 557 1077 585; x_wconf 91' lang='lat' dir='ltr'><strong>Deum</strong></span> <span class='ocrx_word' id='word_1_193' title='bbox 1091 558 1142 586; x_wconf 87' lang='lat' dir='ltr'><strong>sibi</strong></span> <span class='ocrx_word' id='word_1_194' title='bbox 1158 561 1316 592; x_wconf 77' lang='lat' dir='ltr'><strong>praesentem</strong></span> <span class='ocrx_word' id='word_1_195' title='bbox 1331 557 1443 584; x_wconf 86' lang='lat' dir='ltr'><strong>faciunt.</strong></span> 
     </span>
    </p>
   </div>
   <div class='ocr_carea' id='block_1_26' title="bbox 1028 603 1771 640">
    <p class='ocr_par' dir='ltr' id='par_1_26' title="bbox 1028 603 1771 640">
     <span class='ocr_line' id='line_1_26' title="bbox 1028 603 1771 640; baseline 0.004 -10"><span class='ocrx_word' id='word_1_196' title='bbox 1028 604 1083 640; x_wconf 63' lang='grc'><strong>34</strong></span> <span class='ocrx_word' id='word_1_197' title='bbox 1094 604 1207 631; x_wconf 78' lang='lat' dir='ltr'><strong>Passum</strong></span> <span class='ocrx_word' id='word_1_198' title='bbox 1215 612 1279 631; x_wconf 77' lang='lat' dir='ltr'><strong>esse.</strong></span> <span class='ocrx_word' id='word_1_199' title='bbox 1292 603 1369 636; x_wconf 84' lang='lat' dir='ltr'><strong>Quod</strong></span> <span class='ocrx_word' id='word_1_200' title='bbox 1381 605 1463 631; x_wconf 87' lang='lat' dir='ltr'><strong>etiam</strong></span> <span class='ocrx_word' id='word_1_201' title='bbox 1475 605 1622 640; x_wconf 83' lang='lat' dir='ltr'><strong>ipselsracl</strong></span> <span class='ocrx_word' id='word_1_202' title='bbox 1632 604 1771 633; x_wconf 88' lang='lat' dir='ltr'><strong>defecerit.</strong></span> 
     </span>
    </p>
   </div>
   <div class='ocr_carea' id='block_1_27' title="bbox 1034 648 1526 684">
    <p class='ocr_par' dir='ltr' id='par_1_27' title="bbox 1034 648 1526 684">
     <span class='ocr_line' id='line_1_27' title="bbox 1034 648 1526 684; baseline 0.002 -9"><span class='ocrx_word' id='word_1_203' title='bbox 1034 649 1130 675; x_wconf 80' lang='lat' dir='ltr'><strong>Vitam.</strong></span> <span class='ocrx_word' id='word_1_204' title='bbox 1147 648 1226 681; x_wconf 84' lang='lat' dir='ltr'><strong>Quod</strong></span> <span class='ocrx_word' id='word_1_205' title='bbox 1241 649 1323 676; x_wconf 90' lang='lat' dir='ltr'><strong>homo</strong></span> <span class='ocrx_word' id='word_1_206' title='bbox 1338 649 1380 676; x_wconf 90' lang='lat' dir='ltr'><strong>sui</strong></span> <span class='ocrx_word' id='word_1_207' title='bbox 1397 649 1437 676; x_wconf 91' lang='lat' dir='ltr'><strong>sit.</strong></span> <span class='ocrx_word' id='word_1_208' title='bbox 1446 649 1526 684; x_wconf 79' lang='lat' dir='ltr'><strong>juris.</strong></span> 
     </span>
    </p>
   </div>
   <div class='ocr_carea' id='block_1_28' title="bbox 1032 693 1773 730">
    <p class='ocr_par' dir='ltr' id='par_1_28' title="bbox 1032 693 1773 730">
     <span class='ocr_line' id='line_1_28' title="bbox 1032 693 1773 730; baseline 0.004 -10"><span class='ocrx_word' id='word_1_209' title='bbox 1032 694 1183 721; x_wconf 82' lang='lat' dir='ltr'><strong>Oculorum.</strong></span> <span class='ocrx_word' id='word_1_210' title='bbox 1203 693 1281 727; x_wconf 86' lang='lat' dir='ltr'><strong>Quod</strong></span> <span class='ocrx_word' id='word_1_211' title='bbox 1303 694 1347 721; x_wconf 90' lang='lat' dir='ltr'><strong>hic</strong></span> <span class='ocrx_word' id='word_1_212' title='bbox 1368 693 1449 723; x_wconf 72' lang='lat' dir='ltr'><strong>Pater</strong></span> <span class='ocrx_word' id='word_1_213' title='bbox 1471 695 1528 722; x_wconf 85' lang='lat' dir='ltr'><strong>ait:</strong></span> <span class='ocrx_word' id='word_1_214' title='bbox 1548 695 1600 723; x_wconf 76' lang='lat' dir='ltr'><strong>hoc</strong></span> <span class='ocrx_word' id='word_1_215' title='bbox 1614 703 1723 730; x_wconf 88' lang='lat' dir='ltr'><strong>quoque</strong></span> <span class='ocrx_word' id='word_1_216' title='bbox 1745 696 1773 723; x_wconf 89' lang='lat' dir='ltr'><strong>in</strong></span> 
     </span>
    </p>
   </div>
   <div class='ocr_carea' id='block_1_29' title="bbox 995 739 1773 775">
    <p class='ocr_par' dir='ltr' id='par_1_29' title="bbox 995 739 1773 775">
     <span class='ocr_line' id='line_1_29' title="bbox 995 739 1773 775; baseline 0.003 -9"><span class='ocrx_word' id='word_1_217' title='bbox 995 739 1078 766; x_wconf 90' lang='lat' dir='ltr'><strong>solari</strong></span> <span class='ocrx_word' id='word_1_218' title='bbox 1101 739 1204 767; x_wconf 89' lang='lat' dir='ltr'><strong>lumine</strong></span> <span class='ocrx_word' id='word_1_219' title='bbox 1227 739 1284 767; x_wconf 82' lang='lat' dir='ltr'><strong>ﬁeri</strong></span> <span class='ocrx_word' id='word_1_220' title='bbox 1297 739 1390 767; x_wconf 81' lang='lat' dir='ltr'><strong>videre</strong></span> <span class='ocrx_word' id='word_1_221' title='bbox 1404 740 1477 772; x_wconf 86' lang='lat' dir='ltr'><strong>licet,</strong></span> <span class='ocrx_word' id='word_1_222' title='bbox 1492 740 1519 767; x_wconf 91' lang='lat' dir='ltr'><strong>in</strong></span> <span class='ocrx_word' id='word_1_223' title='bbox 1538 741 1773 775; x_wconf 80' lang='lat' dir='ltr'><strong>transparentibus</strong></span> 
     </span>
    </p>
   </div>
   <div class='ocr_carea' id='block_1_30' title="bbox 994 785 1776 820">
    <p class='ocr_par' dir='ltr' id='par_1_30' title="bbox 994 785 1776 820">
     <span class='ocr_line' id='line_1_30' title="bbox 994 785 1776 820; baseline 0.001 -8"><span class='ocrx_word' id='word_1_224' title='bbox 994 785 1103 820; x_wconf 90' lang='lat' dir='ltr'><strong>quidem</strong></span> <span class='ocrx_word' id='word_1_225' title='bbox 1119 785 1281 820; x_wconf 86' lang='lat' dir='ltr'><strong>corporibus</strong></span> <span class='ocrx_word' id='word_1_226' title='bbox 1296 785 1434 820; x_wconf 84' lang='lat' dir='ltr'><strong>propriam</strong></span> <span class='ocrx_word' id='word_1_227' title='bbox 1458 785 1574 813; x_wconf 77' lang='lat' dir='ltr'><strong>faciente</strong></span> <span class='ocrx_word' id='word_1_228' title='bbox 1589 787 1776 814; x_wconf 88' lang='lat' dir='ltr'><strong>communica-</strong></span> 
     </span>
    </p>
   </div>
   <div class='ocr_carea' id='block_1_31' title="bbox 994 831 1774 863">
    <p class='ocr_par' dir='ltr' id='par_1_31' title="bbox 994 831 1774 863">
     <span class='ocr_line' id='line_1_31' title="bbox 994 831 1774 863; baseline 0 -5"><span class='ocrx_word' id='word_1_229' title='bbox 994 832 1112 863; x_wconf 91' lang='lat' dir='ltr'><strong>tionem;</strong></span> <span class='ocrx_word' id='word_1_230' title='bbox 1142 831 1170 858; x_wconf 89' lang='lat' dir='ltr'><strong>in</strong></span> <span class='ocrx_word' id='word_1_231' title='bbox 1192 831 1374 860; x_wconf 82' lang='lat' dir='ltr'><strong>crassioribus</strong></span> <span class='ocrx_word' id='word_1_232' title='bbox 1396 834 1486 858; x_wconf 87' lang='lat' dir='ltr'><strong>autem</strong></span> <span class='ocrx_word' id='word_1_233' title='bbox 1501 838 1556 859; x_wconf 93' lang='lat' dir='ltr'><strong>non</strong></span> <span class='ocrx_word' id='word_1_234' title='bbox 1572 831 1706 863; x_wconf 85' lang='lat' dir='ltr'><strong>similiter,</strong></span> <span class='ocrx_word' id='word_1_235' title='bbox 1726 831 1774 859; x_wconf 84' lang='lat' dir='ltr'><strong>sed</strong></span> 
     </span>
    </p>
   </div>
   <div class='ocr_carea' id='block_1_32' title="bbox 161 874 941 914">
    <p class='ocr_par' dir='ltr' id='par_1_32' title="bbox 161 874 941 914">
     <span class='ocr_line' id='line_1_32' title="bbox 161 874 941 914; baseline 0.006 -14"><span class='ocrx_word' id='word_1_236' title='bbox 161 874 306 906; x_wconf 78' lang='grc' dir='ltr'>ἀδιαδότως</span> <span class='ocrx_word' id='word_1_237' title='bbox 328 875 345 911; x_wconf 87' lang='grc' dir='ltr'>ἢ</span> <span class='ocrx_word' id='word_1_238' title='bbox 369 875 505 912; x_wconf 84' lang='grc' dir='ltr'><strong>ἀμυδρῶς.</strong></span> <span class='ocrx_word' id='word_1_239' title='bbox 523 877 609 913; x_wconf 85' lang='grc' dir='ltr'><strong>Ὅπερ</strong></span> <span class='ocrx_word' id='word_1_240' title='bbox 633 876 678 904; x_wconf 80' lang='grc' dir='ltr'>οὖν</span> <span class='ocrx_word' id='word_1_241' title='bbox 704 877 818 904; x_wconf 81' lang='grc' dir='ltr'>ἐνταῦθα</span> <span class='ocrx_word' id='word_1_242' title='bbox 841 878 871 904; x_wconf 81' lang='grc' dir='ltr'>τὸ</span> <span class='ocrx_word' id='word_1_243' title='bbox 895 879 941 914; x_wconf 83' lang='grc' dir='ltr'>τῆς</span> 
     </span>
    </p>
   </div>
   <div class='ocr_carea' id='block_1_33' title="bbox 996 874 1775 914">
    <p class='ocr_par' dir='ltr' id='par_1_33' title="bbox 996 877 1775 912">
     <span class='ocr_line' id='line_1_33' title="bbox 996 877 1775 912; baseline 0.001 -8"><span class='ocrx_word' id='word_1_244' title='bbox 996 882 1041 904; x_wconf 88' lang='lat' dir='ltr'><strong>aut</strong></span> <span class='ocrx_word' id='word_1_245' title='bbox 1053 877 1164 904; x_wconf 90' lang='lat' dir='ltr'><strong>omnino</strong></span> <span class='ocrx_word' id='word_1_246' title='bbox 1176 877 1479 909; x_wconf 86' lang='lat' dir='ltr'><strong>incommunicahiliter,</strong></span> <span class='ocrx_word' id='word_1_247' title='bbox 1493 881 1540 905; x_wconf 81' lang='lat' dir='ltr'><strong>aut</strong></span> <span class='ocrx_word' id='word_1_248' title='bbox 1552 877 1687 911; x_wconf 85' lang='lat' dir='ltr'><strong>obscure;</strong></span> <span class='ocrx_word' id='word_1_249' title='bbox 1702 878 1775 912; x_wconf 86' lang='lat' dir='ltr'><strong>quod</strong></span> 
     </span>
    </p>
   </div>
   <div class='ocr_carea' id='block_1_34' title="bbox 162 919 939 959">
    <p class='ocr_par' dir='ltr' id='par_1_34' title="bbox 162 919 939 959">
     <span class='ocr_line' id='line_1_34' title="bbox 162 919 939 959; baseline 0.005 -12"><span class='ocrx_word' id='word_1_250' title='bbox 162 919 229 956; x_wconf 75' lang='grc' dir='ltr'>ὕλης</span> <span class='ocrx_word' id='word_1_251' title='bbox 240 920 366 956; x_wconf 84' lang='grc' dir='ltr'>διάφορον</span> <span class='ocrx_word' id='word_1_252' title='bbox 379 923 464 954; x_wconf 84' lang='grc' dir='ltr'>ποιεῖ,</span> <span class='ocrx_word' id='word_1_253' title='bbox 476 922 556 949; x_wconf 75' lang='grc' dir='ltr'>τοῦτο</span> <span class='ocrx_word' id='word_1_254' title='bbox 574 923 620 949; x_wconf 72' lang='grc' dir='ltr'><strong>ἐπὶ</strong></span> <span class='ocrx_word' id='word_1_255' title='bbox 634 923 682 958; x_wconf 85' lang='grc' dir='ltr'>τῆς</span> <span class='ocrx_word' id='word_1_256' title='bbox 696 923 770 955; x_wconf 85' lang='grc' dir='ltr'><strong>Θείας</strong></span> <span class='ocrx_word' id='word_1_257' title='bbox 783 924 939 959; x_wconf 83' lang='grc' dir='ltr'>ὲλλάμψεως</span> 
     </span>
    </p>
   </div>
   <div class='ocr_carea' id='block_1_35' title="bbox 160 965 834 1004">
    <p class='ocr_par' dir='ltr' id='par_1_35' title="bbox 160 965 834 1004">
     <span class='ocr_line' id='line_1_35' title="bbox 160 965 834 1004; baseline 0.004 -12"><span class='ocrx_word' id='word_1_258' title='bbox 160 967 178 1000; x_wconf 78' lang='grc' dir='ltr'><strong>ὴ</strong></span> <span class='ocrx_word' id='word_1_259' title='bbox 193 965 317 1002; x_wconf 79' lang='grc' dir='ltr'><strong>ἀνισότης</strong></span> <span class='ocrx_word' id='word_1_260' title='bbox 331 966 381 1002; x_wconf 86' lang='grc' dir='ltr'>τῆς</span> <span class='ocrx_word' id='word_1_261' title='bbox 394 967 563 1000; x_wconf 74' lang='grc' dir='ltr'>αὑτεξουσίου</span> <span class='ocrx_word' id='word_1_262' title='bbox 578 968 720 1003; x_wconf 75' lang='grc' dir='ltr'><strong>ἐργάζεται</strong></span> <span class='ocrx_word' id='word_1_263' title='bbox 738 969 834 1004; x_wconf 78' lang='grc' dir='ltr'>ῥοπῆς.</span> 
     </span>
    </p>
   </div>
   <div class='ocr_carea' id='block_1_36' title="bbox 202 1055 938 1094">
    <p class='ocr_par' dir='ltr' id='par_1_36' title="bbox 202 1055 938 1094">
     <span class='ocr_line' id='line_1_36' title="bbox 202 1055 938 1094; baseline 0.005 -13"><span class='ocrx_word' id='word_1_264' title='bbox 202 1055 394 1090; x_wconf 80' lang='grc' dir='ltr'>Ἀνομοιότης.</span> <span class='ocrx_word' id='word_1_265' title='bbox 415 1056 553 1091; x_wconf 78' lang='grc' dir='ltr'>Τουτέστι,</span> <span class='ocrx_word' id='word_1_266' title='bbox 572 1056 625 1083; x_wconf 85' lang='grc' dir='ltr'><strong>τῶν</strong></span> <span class='ocrx_word' id='word_1_267' title='bbox 639 1057 685 1084; x_wconf 81' lang='grc' dir='ltr'>τοῦ</span> <span class='ocrx_word' id='word_1_268' title='bbox 702 1057 747 1085; x_wconf 86' lang='grc' dir='ltr'>νοῦ</span> <span class='ocrx_word' id='word_1_269' title='bbox 764 1058 908 1094; x_wconf 64' lang='grc' dir='ltr'>ὀφθαλμῶν</span> <span class='ocrx_word' id='word_1_270' title='bbox 921 1060 938 1094; x_wconf 86' lang='grc' dir='ltr'>ἡ</span> 
     </span>
    </p>
   </div>
   <div class='ocr_carea' id='block_1_37' title="bbox 159 1101 332 1136">
    <p class='ocr_par' dir='ltr' id='par_1_37' title="bbox 159 1101 332 1136">
     <span class='ocr_line' id='line_1_37' title="bbox 159 1101 332 1136; baseline 0.006 -10"><span class='ocrx_word' id='word_1_271' title='bbox 159 1101 321 1136; x_wconf 78' lang='grc' dir='ltr'>παρατροπή</span> <span class='ocrx_word' id='word_1_272' title='bbox 326 1121 332 1127; x_wconf 97' lang='grc'>.</span> 
     </span>
    </p>
   </div>
   <div class='ocr_carea' id='block_1_38' title="bbox 199 1147 938 1186">
    <p class='ocr_par' dir='ltr' id='par_1_38' title="bbox 199 1147 938 1186">
     <span class='ocr_line' id='line_1_38' title="bbox 199 1147 938 1186; baseline 0.004 -12"><span class='ocrx_word' id='word_1_273' title='bbox 199 1147 233 1174; x_wconf 86' lang='grc' dir='ltr'>Ἢ</span> <span class='ocrx_word' id='word_1_274' title='bbox 250 1147 405 1181; x_wconf 75' lang='grc' dir='ltr'><strong>παντελῶς</strong></span> <span class='ocrx_word' id='word_1_275' title='bbox 419 1148 579 1183; x_wconf 77' lang='grc' dir='ltr'>ἀμέθεκτον</span> <span class='ocrx_word' id='word_1_276' title='bbox 594 1149 678 1176; x_wconf 78' lang='grc' dir='ltr'>ποιεῖ.</span> <span class='ocrx_word' id='word_1_277' title='bbox 697 1150 766 1186; x_wconf 84' lang='grc' dir='ltr'><strong>Ὅρα</strong></span> <span class='ocrx_word' id='word_1_278' title='bbox 780 1150 838 1182; x_wconf 87' lang='grc' dir='ltr'><strong>πῶς</strong></span> <span class='ocrx_word' id='word_1_279' title='bbox 857 1159 938 1186; x_wconf 78' lang='grc' dir='ltr'>φησιν</span> 
     </span>
    </p>
   </div>
   <div class='ocr_carea' id='block_1_39' title="bbox 158 1192 938 1231">
    <p class='ocr_par' dir='ltr' id='par_1_39' title="bbox 158 1192 938 1231">
     <span class='ocr_line' id='line_1_39' title="bbox 158 1192 938 1231; baseline 0.006 -14"><span class='ocrx_word' id='word_1_280' title='bbox 158 1192 234 1227; x_wconf 75' lang='grc' dir='ltr'>ἡμᾶς</span> <span class='ocrx_word' id='word_1_281' title='bbox 244 1192 341 1224; x_wconf 82' lang='grc' dir='ltr'>αὐτοὺς</span> <span class='ocrx_word' id='word_1_282' title='bbox 354 1193 456 1225; x_wconf 81' lang='grc' dir='ltr'>αἰτίους</span> <span class='ocrx_word' id='word_1_283' title='bbox 470 1192 537 1220; x_wconf 83' lang='grc' dir='ltr'>εἶναι</span> <span class='ocrx_word' id='word_1_284' title='bbox 550 1194 596 1221; x_wconf 81' lang='grc' dir='ltr'>τοῦ</span> <span class='ocrx_word' id='word_1_285' title='bbox 610 1194 735 1227; x_wconf 81' lang='grc' dir='ltr'>δέξασθαι</span> <span class='ocrx_word' id='word_1_286' title='bbox 750 1196 799 1231; x_wconf 85' lang='grc' dir='ltr'>τὴν</span> <span class='ocrx_word' id='word_1_287' title='bbox 808 1195 938 1231; x_wconf 76' lang='grc' dir='ltr'>ἓλλαμψιν</span> 
     </span>
    </p>
   </div>
   <div class='ocr_carea' id='block_1_40' title="bbox 157 1237 939 1277">
    <p class='ocr_par' dir='ltr' id='par_1_40' title="bbox 157 1237 939 1277">
     <span class='ocr_line' id='line_1_40' title="bbox 157 1237 939 1277; baseline 0.008 -14"><span class='ocrx_word' id='word_1_288' title='bbox 157 1237 208 1272; x_wconf 80' lang='grc' dir='ltr'>τὴν</span> <span class='ocrx_word' id='word_1_289' title='bbox 222 1237 310 1270; x_wconf 83' lang='grc' dir='ltr'><strong>Θείαν,</strong></span> <span class='ocrx_word' id='word_1_290' title='bbox 327 1238 343 1274; x_wconf 81' lang='grc' dir='ltr'>ἢ</span> <span class='ocrx_word' id='word_1_291' title='bbox 362 1238 460 1273; x_wconf 82' lang='grc' dir='ltr'>ὀλίγον,</span> <span class='ocrx_word' id='word_1_292' title='bbox 477 1239 493 1275; x_wconf 83' lang='grc' dir='ltr'>ἤ</span> <span class='ocrx_word' id='word_1_293' title='bbox 510 1240 576 1266; x_wconf 83' lang='grc' dir='ltr'>πολὺ</span> <span class='ocrx_word' id='word_1_294' title='bbox 590 1241 674 1276; x_wconf 82' lang='grc' dir='ltr'>αὐτῆς</span> <span class='ocrx_word' id='word_1_295' title='bbox 686 1241 823 1276; x_wconf 84' lang='grc' dir='ltr'>δέχεσθαι,</span> <span class='ocrx_word' id='word_1_296' title='bbox 838 1242 854 1277; x_wconf 87' lang='grc' dir='ltr'><strong>ἦ</strong></span> <span class='ocrx_word' id='word_1_297' title='bbox 871 1251 939 1269; x_wconf 87' lang='grc' dir='ltr'>παν-</span> 
     </span>
    </p>
   </div>
   <div class='ocr_carea' id='block_1_41' title="bbox 157 1282 938 1325">
    <p class='ocr_par' dir='ltr' id='par_1_41' title="bbox 157 1282 938 1325">
     <span class='ocr_line' id='line_1_41' title="bbox 157 1282 938 1325; baseline 0.01 -17"><span class='ocrx_word' id='word_1_298' title='bbox 157 1282 242 1315; x_wconf 76' lang='grc' dir='ltr'>τελῶς</span> <span class='ocrx_word' id='word_1_299' title='bbox 268 1284 351 1319; x_wconf 85' lang='grc' dir='ltr'>μηδὲν</span> <span class='ocrx_word' id='word_1_300' title='bbox 372 1285 457 1320; x_wconf 81' lang='grc' dir='ltr'>αὐτῆς</span> <span class='ocrx_word' id='word_1_301' title='bbox 479 1286 663 1319; x_wconf 79' lang='grc' dir='ltr'><strong>εἰσδέξασθαι,</strong></span> <span class='ocrx_word' id='word_1_302' title='bbox 685 1287 748 1314; x_wconf 79' lang='grc' dir='ltr'>ὅταν</span> <span class='ocrx_word' id='word_1_303' title='bbox 764 1288 832 1324; x_wconf 83' lang='grc' dir='ltr'>πρὸς</span> <span class='ocrx_word' id='word_1_304' title='bbox 855 1289 938 1325; x_wconf 80' lang='grc' dir='ltr'>αὐτὴν</span> 
     </span>
    </p>
   </div>
   <div class='ocr_carea' id='block_1_42' title="bbox 157 1327 939 1369">
    <p class='ocr_par' dir='ltr' id='par_1_42' title="bbox 157 1327 939 1369">
     <span class='ocr_line' id='line_1_42' title="bbox 157 1327 939 1369; baseline 0.008 -15"><span class='ocrx_word' id='word_1_305' title='bbox 157 1327 297 1356; x_wconf 80' lang='grc' dir='ltr'>ἀντίτυποι</span> <span class='ocrx_word' id='word_1_306' title='bbox 312 1330 463 1366; x_wconf 86' lang='grc' dir='ltr'>γενώμεθα,</span> <span class='ocrx_word' id='word_1_307' title='bbox 479 1331 558 1358; x_wconf 79' lang='grc' dir='ltr'>οἱονεὶ</span> <span class='ocrx_word' id='word_1_308' title='bbox 572 1331 683 1368; x_wconf 74' lang='grc' dir='ltr'>σκληροὶ</span> <span class='ocrx_word' id='word_1_309' title='bbox 694 1333 753 1368; x_wconf 73' lang='grc' dir='ltr'>ἦτοι</span> <span class='ocrx_word' id='word_1_310' title='bbox 764 1332 873 1359; x_wconf 88' lang='grc' dir='ltr'>λίθινοι·</span> <span class='ocrx_word' id='word_1_311' title='bbox 888 1342 939 1369; x_wconf 87' lang='grc' dir='ltr'>φη-</span> 
     </span>
    </p>
   </div>
   <div class='ocr_carea' id='block_1_43' title="bbox 162 1373 939 1414">
    <p class='ocr_par' dir='ltr' id='par_1_43' title="bbox 162 1373 939 1414">
     <span class='ocr_line' id='line_1_43' title="bbox 162 1373 939 1414; baseline 0.008 -14"><span class='ocrx_word' id='word_1_312' title='bbox 162 1374 201 1401; x_wconf 70' lang='grc' dir='ltr'>σιν</span> <span class='ocrx_word' id='word_1_313' title='bbox 222 1373 268 1401; x_wconf 82' lang='grc' dir='ltr'>οὖν</span> <span class='ocrx_word' id='word_1_314' title='bbox 282 1376 311 1403; x_wconf 81' lang='grc' dir='ltr'>ὲν</span> <span class='ocrx_word' id='word_1_315' title='bbox 330 1376 502 1411; x_wconf 80' lang='grc' dir='ltr'>Εὑαγγελίοις</span> <span class='ocrx_word' id='word_1_316' title='bbox 523 1378 603 1409; x_wconf 80' lang='grc' dir='ltr'>αὐτὸς</span> <span class='ocrx_word' id='word_1_317' title='bbox 617 1378 631 1404; x_wconf 82' lang='grc' dir='ltr'><strong><em>ὁ</em></strong></span> <span class='ocrx_word' id='word_1_318' title='bbox 647 1378 747 1414; x_wconf 84' lang='grc' dir='ltr'>Κύριος</span> <span class='ocrx_word' id='word_1_319' title='bbox 757 1387 763 1393; x_wconf 94' lang='grc'><strong>·</strong></span> <span class='ocrx_word' id='word_1_320' title='bbox 778 1379 903 1406; x_wconf 83' lang='grc' dir='ltr'>Δύναται</span> <span class='ocrx_word' id='word_1_321' title='bbox 922 1381 939 1406; x_wconf 86' lang='grc' dir='ltr'><em>ὁ</em></span> 
     </span>
    </p>
   </div>
   <div class='ocr_carea' id='block_1_44' title="bbox 159 1420 938 1458">
    <p class='ocr_par' dir='ltr' id='par_1_44' title="bbox 159 1420 938 1458">
     <span class='ocr_line' id='line_1_44' title="bbox 159 1420 938 1458; baseline 0.006 -12"><span class='ocrx_word' id='word_1_322' title='bbox 159 1420 230 1453; x_wconf 77' lang='grc' dir='ltr'>Θεὸς</span> <span class='ocrx_word' id='word_1_323' title='bbox 260 1421 294 1448; x_wconf 83' lang='grc' dir='ltr'>ἐκ</span> <span class='ocrx_word' id='word_1_324' title='bbox 320 1421 379 1448; x_wconf 78' lang='grc' dir='ltr'><strong>τῶν</strong></span> <span class='ocrx_word' id='word_1_325' title='bbox 400 1423 492 1450; x_wconf 78' lang='grc' dir='ltr'>λίθων</span> <span class='ocrx_word' id='word_1_326' title='bbox 515 1424 628 1450; x_wconf 76' lang='grc' dir='ltr'>τούτων</span> <span class='ocrx_word' id='word_1_327' title='bbox 651 1424 757 1458; x_wconf 81' lang='grc' dir='ltr'>ἐγεῖραι</span> <span class='ocrx_word' id='word_1_328' title='bbox 778 1424 868 1451; x_wconf 79' lang='grc' dir='ltr'>τέκνα</span> <span class='ocrx_word' id='word_1_329' title='bbox 899 1424 938 1458; x_wconf 80' lang='grc' dir='ltr'>τῷ</span> 
     </span>
    </p>
   </div>
   <div class='ocr_carea' id='block_1_45' title="bbox 165 1465 937 1505">
    <p class='ocr_par' dir='ltr' id='par_1_45' title="bbox 165 1465 937 1505">
     <span class='ocr_line' id='line_1_45' title="bbox 165 1465 937 1505; baseline 0.006 -13"><span class='ocrx_word' id='word_1_330' title='bbox 165 1465 301 1501; x_wconf 79' lang='grc' dir='ltr'>Ἀϐραάμ·</span> <span class='ocrx_word' id='word_1_331' title='bbox 325 1467 393 1503; x_wconf 82' lang='grc' dir='ltr'>ὅπερ</span> <span class='ocrx_word' id='word_1_332' title='bbox 415 1468 469 1503; x_wconf 88' lang='grc' dir='ltr'>γὰρ</span> <span class='ocrx_word' id='word_1_333' title='bbox 489 1469 555 1504; x_wconf 79' lang='grc' dir='ltr'>ἡμῖν</span> <span class='ocrx_word' id='word_1_334' title='bbox 579 1469 694 1505; x_wconf 78' lang='grc' dir='ltr'>σκληρὸν</span> <span class='ocrx_word' id='word_1_335' title='bbox 724 1470 770 1496; x_wconf 74' lang='grc' dir='ltr'><strong>καί¹</strong></span> <span class='ocrx_word' id='word_1_336' title='bbox 792 1470 937 1504; x_wconf 86' lang='grc' dir='ltr'>ἀδύνατον,</span> 
     </span>
    </p>
   </div>
   <div class='ocr_carea' id='block_1_46' title="bbox 157 1510 492 1548">
    <p class='ocr_par' dir='ltr' id='par_1_46' title="bbox 157 1510 492 1548">
     <span class='ocr_line' id='line_1_46' title="bbox 157 1510 492 1548; baseline 0.009 -11"><span class='ocrx_word' id='word_1_337' title='bbox 157 1510 235 1538; x_wconf 84' lang='grc' dir='ltr'>τοῦτο</span> <span class='ocrx_word' id='word_1_338' title='bbox 247 1512 285 1548; x_wconf 85' lang='grc' dir='ltr'>τῷ</span> <span class='ocrx_word' id='word_1_339' title='bbox 300 1511 359 1548; x_wconf 83' lang='grc' dir='ltr'><strong>Θεῷ</strong></span> <span class='ocrx_word' id='word_1_340' title='bbox 373 1513 492 1541; x_wconf 84' lang='grc' dir='ltr'>δυνατόν.</span> 
     </span>
    </p>
   </div>
   <div class='ocr_carea' id='block_1_47' title="bbox 989 921 1774 957">
    <p class='ocr_par' dir='ltr' id='par_1_47' title="bbox 989 921 1774 957">
     <span class='ocr_line' id='line_1_47' title="bbox 989 921 1774 957; baseline 0 -8"><span class='ocrx_word' id='word_1_341' title='bbox 989 921 1072 957; x_wconf 78' lang='lat' dir='ltr'><strong>igitur</strong></span> <span class='ocrx_word' id='word_1_342' title='bbox 1105 921 1149 948; x_wconf 88' lang='lat' dir='ltr'><strong>hic</strong></span> <span class='ocrx_word' id='word_1_343' title='bbox 1170 921 1317 949; x_wconf 81' lang='lat' dir='ltr'><strong>diversitas</strong></span> <span class='ocrx_word' id='word_1_344' title='bbox 1342 923 1466 956; x_wconf 86' lang='lat' dir='ltr'><strong>corporis</strong></span> <span class='ocrx_word' id='word_1_345' title='bbox 1493 922 1574 954; x_wconf 84' lang='lat' dir='ltr'><strong>facit,</strong></span> <span class='ocrx_word' id='word_1_346' title='bbox 1603 922 1656 949; x_wconf 90' lang='lat' dir='ltr'><strong>hoc</strong></span> <span class='ocrx_word' id='word_1_347' title='bbox 1677 923 1705 949; x_wconf 92' lang='lat' dir='ltr'><strong>in</strong></span> <span class='ocrx_word' id='word_1_348' title='bbox 1733 923 1774 949; x_wconf 94' lang='lat' dir='ltr'><strong>di-</strong></span> 
     </span>
    </p>
   </div>
   <div class='ocr_carea' id='block_1_48' title="bbox 988 967 1775 1004">
    <p class='ocr_par' dir='ltr' id='par_1_48' title="bbox 988 967 1775 1004">
     <span class='ocr_line' id='line_1_48' title="bbox 988 967 1775 1004; baseline 0 -9"><span class='ocrx_word' id='word_1_349' title='bbox 988 969 1052 995; x_wconf 89' lang='lat' dir='ltr'><strong>vina</strong></span> <span class='ocrx_word' id='word_1_350' title='bbox 1072 967 1253 995; x_wconf 86' lang='lat' dir='ltr'><strong>illustratione</strong></span> <span class='ocrx_word' id='word_1_351' title='bbox 1275 967 1444 1003; x_wconf 71' lang='lat' dir='ltr'><strong>inaequalitas</strong></span> <span class='ocrx_word' id='word_1_352' title='bbox 1467 968 1560 996; x_wconf 83' lang='lat' dir='ltr'><strong>liberae</strong></span> <span class='ocrx_word' id='word_1_353' title='bbox 1585 968 1775 1004; x_wconf 85' lang='lat' dir='ltr'><strong>propensionis</strong></span> 
     </span>
    </p>
   </div>
   <div class='ocr_carea' id='block_1_49' title="bbox 990 1016 1129 1047">
    <p class='ocr_par' dir='ltr' id='par_1_49' title="bbox 990 1016 1129 1047">
     <span class='ocr_line' id='line_1_49' title="bbox 990 1016 1129 1047; baseline -0.007 -7"><span class='ocrx_word' id='word_1_354' title='bbox 990 1016 1129 1047; x_wconf 87' lang='lat' dir='ltr'><strong>operatur.</strong></span> 
     </span>
    </p>
   </div>
   <div class='ocr_carea' id='block_1_50' title="bbox 1025 1058 1771 1091">
    <p class='ocr_par' dir='ltr' id='par_1_50' title="bbox 1025 1058 1771 1091">
     <span class='ocr_line' id='line_1_50' title="bbox 1025 1058 1771 1091; baseline 0.005 -7"><span class='ocrx_word' id='word_1_355' title='bbox 1025 1058 1231 1087; x_wconf 78' lang='lat' dir='ltr'><strong>Diuimilitudo.</strong></span> <span class='ocrx_word' id='word_1_356' title='bbox 1253 1058 1310 1091; x_wconf 81' lang='lat' dir='ltr'><strong>[loc</strong></span> <span class='ocrx_word' id='word_1_357' title='bbox 1329 1063 1371 1088; x_wconf 85' lang='lat' dir='ltr'><strong>est</strong></span> <span class='ocrx_word' id='word_1_358' title='bbox 1382 1059 1524 1087; x_wconf 88' lang='lat' dir='ltr'><strong>oculorum</strong></span> <span class='ocrx_word' id='word_1_359' title='bbox 1539 1060 1638 1088; x_wconf 88' lang='lat' dir='ltr'><strong>mentis</strong></span> <span class='ocrx_word' id='word_1_360' title='bbox 1653 1061 1771 1088; x_wconf 83' lang='lat' dir='ltr'><strong>aversio.</strong></span> 
     </span>
    </p>
   </div>
   <div class='ocr_carea' id='block_1_51' title="bbox 1024 1145 1775 1183">
    <p class='ocr_par' dir='ltr' id='par_1_51' title="bbox 1024 1145 1775 1183">
     <span class='ocr_line' id='line_1_51' title="bbox 1024 1145 1775 1183; baseline 0.001 -10"><span class='ocrx_word' id='word_1_361' title='bbox 1024 1145 1078 1174; x_wconf 78' lang='lat' dir='ltr'><strong>Aut</strong></span> <span class='ocrx_word' id='word_1_362' title='bbox 1097 1147 1201 1178; x_wconf 79' lang='lat' dir='ltr'><strong>omnino</strong></span> <span class='ocrx_word' id='word_1_363' title='bbox 1217 1155 1321 1175; x_wconf 73' lang='lat' dir='ltr'><strong>cassam</strong></span> <span class='ocrx_word' id='word_1_364' title='bbox 1345 1147 1420 1183; x_wconf 81' lang='lat' dir='ltr'><strong>facit.</strong></span> <span class='ocrx_word' id='word_1_365' title='bbox 1438 1147 1516 1180; x_wconf 85' lang='lat' dir='ltr'><strong>Vide,</strong></span> <span class='ocrx_word' id='word_1_366' title='bbox 1531 1148 1667 1183; x_wconf 89' lang='lat' dir='ltr'><strong>quomodo</strong></span> <span class='ocrx_word' id='word_1_367' title='bbox 1682 1147 1755 1175; x_wconf 88' lang='lat' dir='ltr'><strong>dicat</strong></span> <span class='ocrx_word' id='word_1_368' title='bbox 1766 1167 1775 1180; x_wconf 83' lang='lat'><em>.</em></span> 
     </span>
    </p>
   </div>
   <div class='ocr_carea' id='block_1_52' title="bbox 989 1192 1773 1229">
    <p class='ocr_par' dir='ltr' id='par_1_52' title="bbox 989 1192 1773 1229">
     <span class='ocr_line' id='line_1_52' title="bbox 989 1192 1773 1229; baseline 0.004 -9"><span class='ocrx_word' id='word_1_369' title='bbox 989 1199 1041 1220; x_wconf 78' lang='lat' dir='ltr'><strong>nos</strong></span> <span class='ocrx_word' id='word_1_370' title='bbox 1065 1192 1140 1227; x_wconf 86' lang='lat' dir='ltr'><strong>ipsos</strong></span> <span class='ocrx_word' id='word_1_371' title='bbox 1162 1200 1259 1220; x_wconf 81' lang='lat' dir='ltr'><strong>causas</strong></span> <span class='ocrx_word' id='word_1_372' title='bbox 1287 1200 1348 1221; x_wconf 88' lang='lat' dir='ltr'><strong>esse</strong></span> <span class='ocrx_word' id='word_1_373' title='bbox 1372 1193 1540 1229; x_wconf 89' lang='lat' dir='ltr'><strong>suscipiendi</strong></span> <span class='ocrx_word' id='word_1_374' title='bbox 1560 1193 1773 1223; x_wconf 85' lang='lat' dir='ltr'><strong>illustrationeln</strong></span> 
     </span>
    </p>
   </div>
   <div class='ocr_carea' id='block_1_53' title="bbox 989 1237 1772 1274">
    <p class='ocr_par' dir='ltr' id='par_1_53' title="bbox 989 1237 1772 1274">
     <span class='ocr_line' id='line_1_53' title="bbox 989 1237 1772 1274; baseline 0.003 -10"><span class='ocrx_word' id='word_1_375' title='bbox 989 1237 1124 1271; x_wconf 88' lang='lat' dir='ltr'><strong>divinam,</strong></span> <span class='ocrx_word' id='word_1_376' title='bbox 1141 1242 1187 1265; x_wconf 84' lang='lat' dir='ltr'><strong>aut</strong></span> <span class='ocrx_word' id='word_1_377' title='bbox 1203 1246 1299 1273; x_wconf 88' lang='lat' dir='ltr'><strong>parum</strong></span> <span class='ocrx_word' id='word_1_378' title='bbox 1312 1259 1319 1271; x_wconf 95' lang='lat'><strong>,</strong></span> <span class='ocrx_word' id='word_1_379' title='bbox 1337 1243 1384 1266; x_wconf 88' lang='lat' dir='ltr'><strong>aut</strong></span> <span class='ocrx_word' id='word_1_380' title='bbox 1400 1240 1515 1267; x_wconf 91' lang='lat' dir='ltr'><strong>multum</strong></span> <span class='ocrx_word' id='word_1_381' title='bbox 1530 1239 1617 1274; x_wconf 86' lang='lat' dir='ltr'><strong>ipsius</strong></span> <span class='ocrx_word' id='word_1_382' title='bbox 1636 1239 1772 1274; x_wconf 86' lang='lat' dir='ltr'><strong>accipere,</strong></span> 
     </span>
    </p>
   </div>
   <div class='ocr_carea' id='block_1_54' title="bbox 990 1283 1775 1320">
    <p class='ocr_par' dir='ltr' id='par_1_54' title="bbox 990 1283 1775 1320">
     <span class='ocr_line' id='line_1_54' title="bbox 990 1283 1775 1320; baseline 0.003 -10"><span class='ocrx_word' id='word_1_383' title='bbox 990 1287 1037 1310; x_wconf 89' lang='lat' dir='ltr'><strong>aut</strong></span> <span class='ocrx_word' id='word_1_384' title='bbox 1057 1283 1126 1310; x_wconf 84' lang='lat' dir='ltr'><strong>nihil</strong></span> <span class='ocrx_word' id='word_1_385' title='bbox 1150 1284 1261 1311; x_wconf 86' lang='lat' dir='ltr'><strong>omnino</strong></span> <span class='ocrx_word' id='word_1_386' title='bbox 1286 1284 1346 1319; x_wconf 89' lang='lat' dir='ltr'><strong>ejus</strong></span> <span class='ocrx_word' id='word_1_387' title='bbox 1371 1284 1530 1318; x_wconf 79' lang='lat' dir='ltr'><strong>admittere,</strong></span> <span class='ocrx_word' id='word_1_388' title='bbox 1546 1285 1656 1320; x_wconf 83' lang='lat' dir='ltr'><strong>quando</strong></span> <span class='ocrx_word' id='word_1_389' title='bbox 1679 1289 1775 1312; x_wconf 87' lang='lat' dir='ltr'><strong>contra</strong></span> 
     </span>
    </p>
   </div>
   <div class='ocr_carea' id='block_1_55' title="bbox 990 1328 1773 1365">
    <p class='ocr_par' dir='ltr' id='par_1_55' title="bbox 990 1328 1773 1365">
     <span class='ocr_line' id='line_1_55' title="bbox 990 1328 1773 1365; baseline 0.004 -11"><span class='ocrx_word' id='word_1_390' title='bbox 990 1328 1077 1363; x_wconf 87' lang='lat' dir='ltr'><strong>ipsam</strong></span> <span class='ocrx_word' id='word_1_391' title='bbox 1102 1329 1261 1357; x_wconf 85' lang='lat' dir='ltr'><strong>referientes</strong></span> <span class='ocrx_word' id='word_1_392' title='bbox 1284 1329 1416 1357; x_wconf 84' lang='lat' dir='ltr'><strong>fuerimus</strong></span> <span class='ocrx_word' id='word_1_393' title='bbox 1445 1336 1574 1365; x_wconf 88' lang='lat' dir='ltr'><strong>tanquam</strong></span> <span class='ocrx_word' id='word_1_394' title='bbox 1598 1330 1689 1364; x_wconf 84' lang='lat' dir='ltr'><strong>asperi</strong></span> <span class='ocrx_word' id='word_1_395' title='bbox 1723 1338 1773 1358; x_wconf 90' lang='lat' dir='ltr'><strong>seu</strong></span> 
     </span>
    </p>
   </div>
   <div class='ocr_carea' id='block_1_56' title="bbox 989 1374 1772 1411">
    <p class='ocr_par' dir='ltr' id='par_1_56' title="bbox 989 1374 1772 1411">
     <span class='ocr_line' id='line_1_56' title="bbox 989 1374 1772 1411; baseline 0.003 -10"><span class='ocrx_word' id='word_1_396' title='bbox 989 1374 1101 1409; x_wconf 86' lang='lat' dir='ltr'><strong>lapidei.</strong></span> <span class='ocrx_word' id='word_1_397' title='bbox 1129 1374 1174 1401; x_wconf 82' lang='lat' dir='ltr'><strong>Ait</strong></span> <span class='ocrx_word' id='word_1_398' title='bbox 1197 1375 1281 1410; x_wconf 78' lang='lat' dir='ltr'><strong>igitur</strong></span> <span class='ocrx_word' id='word_1_399' title='bbox 1304 1376 1333 1402; x_wconf 90' lang='lat' dir='ltr'><strong>in</strong></span> <span class='ocrx_word' id='word_1_400' title='bbox 1360 1375 1513 1411; x_wconf 79' lang='lat' dir='ltr'><strong>Evangeliis</strong></span> <span class='ocrx_word' id='word_1_401' title='bbox 1538 1377 1596 1411; x_wconf 88' lang='lat' dir='ltr'><strong>ipse</strong></span> <span class='ocrx_word' id='word_1_402' title='bbox 1618 1375 1772 1407; x_wconf 82' lang='lat' dir='ltr'><strong>Dominus:</strong></span> 
     </span>
    </p>
   </div>
   <div class='ocr_carea' id='block_1_57' title="bbox 990 1419 1773 1456">
    <p class='ocr_par' dir='ltr' id='par_1_57' title="bbox 990 1419 1773 1456">
     <span class='ocr_line' id='line_1_57' title="bbox 990 1419 1773 1456; baseline 0.004 -9"><span class='ocrx_word' id='word_1_403' title='bbox 990 1419 1081 1448; x_wconf 81' lang='lat' dir='ltr'><strong>Potest</strong></span> <span class='ocrx_word' id='word_1_404' title='bbox 1093 1420 1163 1448; x_wconf 77' lang='lat' dir='ltr'><strong>Deus</strong></span> <span class='ocrx_word' id='word_1_405' title='bbox 1172 1429 1204 1448; x_wconf 74' lang='lat' dir='ltr'><strong>ea:</strong></span> <span class='ocrx_word' id='word_1_406' title='bbox 1216 1421 1346 1456; x_wconf 73' lang='lat' dir='ltr'><strong>lapidibus</strong></span> <span class='ocrx_word' id='word_1_407' title='bbox 1361 1422 1401 1448; x_wconf 80' lang='lat' dir='ltr'><strong>his</strong></span> <span class='ocrx_word' id='word_1_408' title='bbox 1411 1423 1527 1455; x_wconf 52' lang='lat' dir='ltr'><strong>excitare</strong></span> <span class='ocrx_word' id='word_1_409' title='bbox 1537 1423 1606 1456; x_wconf 80' lang='lat' dir='ltr'><strong>ﬁlios</strong></span> <span class='ocrx_word' id='word_1_410' title='bbox 1618 1421 1753 1449; x_wconf 69' lang='lat' dir='ltr'><strong>Abrahaz‘</strong></span> <span class='ocrx_word' id='word_1_411' title='bbox 1765 1427 1773 1450; x_wconf 77' lang='grc' dir='ltr'>ς</span> 
     </span>
    </p>
   </div>
   <div class='ocr_carea' id='block_1_58' title="bbox 989 1466 1773 1503">
    <p class='ocr_par' dir='ltr' id='par_1_58' title="bbox 989 1466 1773 1503">
     <span class='ocr_line' id='line_1_58' title="bbox 989 1466 1773 1503; baseline 0.004 -10"><span class='ocrx_word' id='word_1_412' title='bbox 989 1466 1063 1502; x_wconf 88' lang='lat' dir='ltr'><strong>quod</strong></span> <span class='ocrx_word' id='word_1_413' title='bbox 1086 1467 1160 1494; x_wconf 89' lang='lat' dir='ltr'><strong>enim</strong></span> <span class='ocrx_word' id='word_1_414' title='bbox 1177 1467 1256 1495; x_wconf 87' lang='lat' dir='ltr'><strong>nobis</strong></span> <span class='ocrx_word' id='word_1_415' title='bbox 1278 1467 1376 1495; x_wconf 87' lang='lat' dir='ltr'><strong>durum</strong></span> <span class='ocrx_word' id='word_1_416' title='bbox 1399 1472 1426 1496; x_wconf 92' lang='lat' dir='ltr'><strong>et</strong></span> <span class='ocrx_word' id='word_1_417' title='bbox 1448 1468 1635 1503; x_wconf 83' lang='lat' dir='ltr'><strong>impossibile,</strong></span> <span class='ocrx_word' id='word_1_418' title='bbox 1650 1468 1703 1496; x_wconf 91' lang='lat' dir='ltr'><strong>hoc</strong></span> <span class='ocrx_word' id='word_1_419' title='bbox 1717 1467 1773 1496; x_wconf 90' lang='lat' dir='ltr'><strong>Dco</strong></span> 
     </span>
    </p>
   </div>
   <div class='ocr_carea' id='block_1_59' title="bbox 990 1514 1183 1549">
    <p class='ocr_par' dir='ltr' id='par_1_59' title="bbox 990 1514 1183 1549">
     <span class='ocr_line' id='line_1_59' title="bbox 990 1514 1183 1549; baseline 0.005 -8"><span class='ocrx_word' id='word_1_420' title='bbox 990 1517 1032 1541; x_wconf 85' lang='lat' dir='ltr'><strong>est</strong></span> <span class='ocrx_word' id='word_1_421' title='bbox 1045 1514 1183 1549; x_wconf 83' lang='lat' dir='ltr'><strong>possibile.</strong></span> 
     </span>
    </p>
   </div>
   <div class='ocr_carea' id='block_1_60' title="bbox 198 1554 941 1597">
    <p class='ocr_par' dir='ltr' id='par_1_60' title="bbox 198 1556 941 1597">
     <span class='ocr_line' id='line_1_60' title="bbox 198 1556 941 1597; baseline 0.005 -12"><span class='ocrx_word' id='word_1_422' title='bbox 198 1557 291 1592; x_wconf 84' lang='grc' dir='ltr'><em>Ἡμεῖς</em></span> <span class='ocrx_word' id='word_1_423' title='bbox 302 1556 517 1594; x_wconf 79' lang='grc' dir='ltr'>ἀνενεύσαμεν.</span> <span class='ocrx_word' id='word_1_424' title='bbox 537 1561 702 1596; x_wconf 84' lang='grc' dir='ltr'>Σημείωσαι,</span> <span class='ocrx_word' id='word_1_425' title='bbox 719 1562 836 1597; x_wconf 80' lang='grc' dir='ltr'>μάλιστα</span> <span class='ocrx_word' id='word_1_426' title='bbox 851 1561 941 1589; x_wconf 85' lang='grc' dir='ltr'><strong>ὲντεῦ-</strong></span> 
     </span>
    </p>
   </div>
   <div class='ocr_carea' id='block_1_61' title="bbox 996 1554 1773 1597">
    <p class='ocr_par' dir='ltr' id='par_1_61' title="bbox 1027 1559 1773 1591">
     <span class='ocr_line' id='line_1_61' title="bbox 1027 1559 1773 1591; baseline 0.003 -5"><span class='ocrx_word' id='word_1_427' title='bbox 1027 1559 1085 1587; x_wconf 79' lang='lat' dir='ltr'><strong>Nos</strong></span> <span class='ocrx_word' id='word_1_428' title='bbox 1107 1561 1270 1591; x_wconf 75' lang='lat' dir='ltr'><strong>mersimus.</strong></span> <span class='ocrx_word' id='word_1_429' title='bbox 1294 1561 1364 1589; x_wconf 86' lang='lat' dir='ltr'><strong>Nota</strong></span> <span class='ocrx_word' id='word_1_430' title='bbox 1386 1561 1503 1590; x_wconf 65' lang='lat' dir='ltr'><strong>maxime</strong></span> <span class='ocrx_word' id='word_1_431' title='bbox 1524 1569 1557 1588; x_wconf 79' lang='lat' dir='ltr'><strong>ex</strong></span> <span class='ocrx_word' id='word_1_432' title='bbox 1580 1561 1631 1589; x_wconf 89' lang='lat' dir='ltr'><strong>hoc</strong></span> <span class='ocrx_word' id='word_1_433' title='bbox 1653 1561 1713 1588; x_wconf 87' lang='lat' dir='ltr'><strong>loco</strong></span> <span class='ocrx_word' id='word_1_434' title='bbox 1728 1568 1773 1588; x_wconf 88' lang='lat' dir='ltr'><strong>rc-</strong></span> 
     </span>
    </p>
   </div>
   <div class='ocr_carea' id='block_1_62' title="bbox 157 1601 941 1645">
    <p class='ocr_par' dir='ltr' id='par_1_62' title="bbox 157 1601 940 1644">
     <span class='ocr_line' id='line_1_62' title="bbox 157 1601 940 1644; baseline 0.009 -16"><span class='ocrx_word' id='word_1_435' title='bbox 157 1601 203 1629; x_wconf 87' lang='grc' dir='ltr'><strong>θεν</strong></span> <span class='ocrx_word' id='word_1_436' title='bbox 217 1603 445 1639; x_wconf 79' lang='grc' dir='ltr'>ὲπιστομίζεται⁴¹⁰</span> <span class='ocrx_word' id='word_1_437' title='bbox 460 1605 508 1640; x_wconf 88' lang='grc' dir='ltr'>τὴν</span> <span class='ocrx_word' id='word_1_438' title='bbox 531 1606 645 1642; x_wconf 76' lang='grc' dir='ltr'>ἄκαιρόν</span> <span class='ocrx_word' id='word_1_439' title='bbox 663 1615 743 1634; x_wconf 87' lang='grc' dir='ltr'>τινων</span> <span class='ocrx_word' id='word_1_440' title='bbox 759 1609 806 1634; x_wconf 81' lang='grc' dir='ltr'>καὶ</span> <span class='ocrx_word' id='word_1_441' title='bbox 819 1608 940 1644; x_wconf 82' lang='grc' dir='ltr'>ἀδιάκρι-</span> 
     </span>
    </p>
   </div>
   <div class='ocr_carea' id='block_1_63' title="bbox 996 1601 1773 1645">
    <p class='ocr_par' dir='ltr' id='par_1_63' title="bbox 996 1606 1773 1645">
     <span class='ocr_line' id='line_1_63' title="bbox 996 1606 1773 1645; baseline 0.003 -12"><span class='ocrx_word' id='word_1_442' title='bbox 996 1606 1071 1641; x_wconf 83' lang='lat' dir='ltr'><strong>primi</strong></span> <span class='ocrx_word' id='word_1_443' title='bbox 1089 1607 1272 1645; x_wconf 83' lang='lat' dir='ltr'><strong>importunam</strong></span> <span class='ocrx_word' id='word_1_444' title='bbox 1296 1607 1476 1643; x_wconf 89' lang='lat' dir='ltr'><strong>quorumdam</strong></span> <span class='ocrx_word' id='word_1_445' title='bbox 1493 1612 1520 1635; x_wconf 90' lang='lat' dir='ltr'><strong>et</strong></span> <span class='ocrx_word' id='word_1_446' title='bbox 1540 1608 1714 1635; x_wconf 70' lang='lat' dir='ltr'><strong>indiscretum</strong></span> <span class='ocrx_word' id='word_1_447' title='bbox 1731 1607 1773 1634; x_wconf 86' lang='lat' dir='ltr'><strong>in-</strong></span> 
     </span>
    </p>
   </div>
   <div class='ocr_carea' id='block_1_64' title="bbox 158 1649 941 1687">
    <p class='ocr_par' dir='ltr' id='par_1_64' title="bbox 158 1649 940 1687">
     <span class='ocr_line' id='line_1_64' title="bbox 158 1649 940 1687; baseline 0.009 -13"><span class='ocrx_word' id='word_1_448' title='bbox 158 1656 202 1675; x_wconf 82' lang='grc' dir='ltr'><strong>τον</strong></span> <span class='ocrx_word' id='word_1_449' title='bbox 216 1649 402 1683; x_wconf 82' lang='grc' dir='ltr'>ἀπαιδευσίαν,</span> <span class='ocrx_word' id='word_1_450' title='bbox 419 1651 443 1678; x_wconf 86' lang='grc' dir='ltr'>οἳ</span> <span class='ocrx_word' id='word_1_451' title='bbox 459 1651 578 1687; x_wconf 85' lang='grc' dir='ltr'>τολμῶσι</span> <span class='ocrx_word' id='word_1_452' title='bbox 593 1652 717 1686; x_wconf 81' lang='grc' dir='ltr'>φάσκειν,</span> <span class='ocrx_word' id='word_1_453' title='bbox 732 1654 766 1680; x_wconf 87' lang='grc' dir='ltr'><strong>τὰ</strong></span> <span class='ocrx_word' id='word_1_454' title='bbox 783 1654 841 1681; x_wconf 85' lang='grc' dir='ltr'>θεῖα</span> <span class='ocrx_word' id='word_1_455' title='bbox 853 1654 940 1681; x_wconf 79' lang='grc' dir='ltr'>ταῦτα</span> 
     </span>
    </p>
   </div>
   <div class='ocr_carea' id='block_1_65' title="bbox 996 1649 1773 1687">
    <p class='ocr_par' dir='ltr' id='par_1_65' title="bbox 996 1650 1773 1686">
     <span class='ocr_line' id='line_1_65' title="bbox 996 1650 1773 1686; baseline 0.005 -10"><span class='ocrx_word' id='word_1_456' title='bbox 996 1650 1119 1683; x_wconf 82' lang='lat' dir='ltr'><strong>scitiam,</strong></span> <span class='ocrx_word' id='word_1_457' title='bbox 1133 1652 1180 1686; x_wconf 89' lang='lat' dir='ltr'><strong>qui</strong></span> <span class='ocrx_word' id='word_1_458' title='bbox 1197 1652 1299 1680; x_wconf 86' lang='lat' dir='ltr'><strong>audent</strong></span> <span class='ocrx_word' id='word_1_459' title='bbox 1313 1653 1414 1684; x_wconf 83' lang='lat' dir='ltr'><strong>dicere,</strong></span> <span class='ocrx_word' id='word_1_460' title='bbox 1427 1652 1535 1680; x_wconf 88' lang='lat' dir='ltr'><strong>divinos</strong></span> <span class='ocrx_word' id='word_1_461' title='bbox 1548 1653 1599 1681; x_wconf 89' lang='lat' dir='ltr'><strong>hos</strong></span> <span class='ocrx_word' id='word_1_462' title='bbox 1614 1653 1698 1680; x_wconf 90' lang='lat' dir='ltr'><strong>libros</strong></span> <span class='ocrx_word' id='word_1_463' title='bbox 1713 1660 1773 1680; x_wconf 82' lang='lat' dir='ltr'><strong>esse</strong></span> 
     </span>
    </p>
   </div>
   <div class='ocr_carea' id='block_1_66' title="bbox 158 1695 941 1736">
    <p class='ocr_par' dir='ltr' id='par_1_66' title="bbox 158 1695 941 1736">
     <span class='ocr_line' id='line_1_66' title="bbox 158 1695 941 1736; baseline 0.006 -14"><span class='ocrx_word' id='word_1_464' title='bbox 158 1695 358 1731; x_wconf 79' lang='grc' dir='ltr'>συγγράμματα</span> <span class='ocrx_word' id='word_1_465' title='bbox 367 1696 565 1733; x_wconf 78' lang='grc' dir='ltr'>Ἀπολλιναρίου</span> <span class='ocrx_word' id='word_1_466' title='bbox 577 1697 655 1730; x_wconf 85' lang='grc' dir='ltr'>εἰναι,</span> <span class='ocrx_word' id='word_1_467' title='bbox 669 1699 705 1734; x_wconf 86' lang='grc' dir='ltr'>μὴ</span> <span class='ocrx_word' id='word_1_468' title='bbox 712 1699 733 1715; x_wconf 76' lang='grc'><strong>⁶¹</strong></span> <span class='ocrx_word' id='word_1_469' title='bbox 745 1700 777 1729; x_wconf 67' lang='grc' dir='ltr'>ὲκ</span> <span class='ocrx_word' id='word_1_470' title='bbox 787 1700 841 1726; x_wconf 84' lang='grc' dir='ltr'><strong>τῶν</strong></span> <span class='ocrx_word' id='word_1_471' title='bbox 856 1709 941 1736; x_wconf 85' lang='grc' dir='ltr'>προσ-</span> 
     </span>
    </p>
   </div>
   <div class='ocr_carea' id='block_1_67' title="bbox 996 1695 1774 1736">
    <p class='ocr_par' dir='ltr' id='par_1_67' title="bbox 996 1695 1774 1734">
     <span class='ocr_line' id='line_1_67' title="bbox 996 1695 1774 1734; baseline 0.006 -13"><span class='ocrx_word' id='word_1_472' title='bbox 996 1695 1161 1730; x_wconf 63' lang='lat' dir='ltr'><strong>Apollinarii,</strong></span> <span class='ocrx_word' id='word_1_473' title='bbox 1182 1705 1216 1725; x_wconf 88' lang='lat' dir='ltr'><strong>ne</strong></span> <span class='ocrx_word' id='word_1_474' title='bbox 1230 1697 1338 1733; x_wconf 83' lang='lat' dir='ltr'><strong>quidem</strong></span> <span class='ocrx_word' id='word_1_475' title='bbox 1353 1706 1385 1726; x_wconf 79' lang='lat' dir='ltr'><strong>ex</strong></span> <span class='ocrx_word' id='word_1_476' title='bbox 1406 1698 1531 1733; x_wconf 86' lang='lat' dir='ltr'><strong>personis</strong></span> <span class='ocrx_word' id='word_1_477' title='bbox 1545 1706 1661 1734; x_wconf 90' lang='lat' dir='ltr'><strong>quarum</strong></span> <span class='ocrx_word' id='word_1_478' title='bbox 1677 1699 1774 1726; x_wconf 80' lang='grc' dir='ltr'>ιιιρωί-</span> 
     </span>
    </p>
   </div>
   <div class='ocr_carea' id='block_1_68' title="bbox 157 1737 941 1780">
    <p class='ocr_par' dir='ltr' id='par_1_68' title="bbox 157 1737 940 1780">
     <span class='ocr_line' id='line_1_68' title="bbox 157 1737 940 1780; baseline 0.005 -13"><span class='ocrx_word' id='word_1_479' title='bbox 157 1739 239 1767; x_wconf 89' lang='grc' dir='ltr'>ώπων</span> <span class='ocrx_word' id='word_1_480' title='bbox 252 1737 296 1768; x_wconf 85' lang='grc' dir='ltr'>ῶν·</span> <span class='ocrx_word' id='word_1_481' title='bbox 306 1742 467 1777; x_wconf 81' lang='grc' dir='ltr'><strong>μνημονεύει</strong></span> <span class='ocrx_word' id='word_1_482' title='bbox 495 1743 756 1779; x_wconf 76' lang='grc' dir='ltr'>καταστοχαζόμενοι</span> <span class='ocrx_word' id='word_1_483' title='bbox 768 1745 817 1779; x_wconf 87' lang='grc' dir='ltr'><strong>τῆς</strong></span> <span class='ocrx_word' id='word_1_484' title='bbox 830 1745 940 1780; x_wconf 85' lang='grc' dir='ltr'>ἀρχαιό-</span> 
     </span>
    </p>
   </div>
   <div class='ocr_carea' id='block_1_69' title="bbox 996 1737 1773 1780">
    <p class='ocr_par' dir='ltr' id='par_1_69' title="bbox 996 1743 1773 1779">
     <span class='ocr_line' id='line_1_69' title="bbox 996 1743 1773 1779; baseline 0.004 -10"><span class='ocrx_word' id='word_1_485' title='bbox 996 1743 1050 1776; x_wconf 84' lang='lat' dir='ltr'><strong>nit,</strong></span> <span class='ocrx_word' id='word_1_486' title='bbox 1068 1743 1257 1778; x_wconf 86' lang='lat' dir='ltr'><strong>antiquitatem</strong></span> <span class='ocrx_word' id='word_1_487' title='bbox 1272 1744 1324 1771; x_wconf 90' lang='lat' dir='ltr'><strong>viri</strong></span> <span class='ocrx_word' id='word_1_488' title='bbox 1346 1744 1540 1779; x_wconf 88' lang='lat' dir='ltr'><strong>conjicientes;</strong></span> <span class='ocrx_word' id='word_1_489' title='bbox 1564 1744 1611 1772; x_wconf 91' lang='lat' dir='ltr'><strong>sed</strong></span> <span class='ocrx_word' id='word_1_490' title='bbox 1637 1744 1706 1772; x_wconf 83' lang='lat' dir='ltr'><strong>falso</strong></span> <span class='ocrx_word' id='word_1_491' title='bbox 1730 1744 1773 1772; x_wconf 88' lang='lat' dir='ltr'><strong>in-</strong></span> 
     </span>
    </p>
   </div>
   <div class='ocr_carea' id='block_1_70' title="bbox 157 1786 941 1825">
    <p class='ocr_par' dir='ltr' id='par_1_70' title="bbox 157 1786 940 1825">
     <span class='ocr_line' id='line_1_70' title="bbox 157 1786 940 1825; baseline 0.006 -12"><span class='ocrx_word' id='word_1_492' title='bbox 157 1794 238 1822; x_wconf 65' lang='grc' dir='ltr'>·[ητος</span> <span class='ocrx_word' id='word_1_493' title='bbox 253 1786 299 1813; x_wconf 83' lang='grc' dir='ltr'>τοῦ</span> <span class='ocrx_word' id='word_1_494' title='bbox 314 1788 408 1824; x_wconf 80' lang='grc' dir='ltr'>ἀνδρὸς</span> <span class='ocrx_word' id='word_1_495' title='bbox 417 1808 424 1819; x_wconf 87' lang='grc'><strong>,</strong></span> <span class='ocrx_word' id='word_1_496' title='bbox 439 1788 506 1815; x_wconf 78' lang='grc' dir='ltr'>ἀλλὰ</span> <span class='ocrx_word' id='word_1_497' title='bbox 522 1789 739 1825; x_wconf 69' lang='grc' dir='ltr'>ψευδεπίγραφον</span> <span class='ocrx_word' id='word_1_498' title='bbox 752 1790 876 1825; x_wconf 85' lang='grc' dir='ltr'>λέγοντες</span> <span class='ocrx_word' id='word_1_499' title='bbox 891 1791 940 1825; x_wconf 85' lang='grc' dir='ltr'><strong>τὴν</strong></span> 
     </span>
    </p>
   </div>
   <div class='ocr_carea' id='block_1_71' title="bbox 996 1786 1773 1825">
    <p class='ocr_par' dir='ltr' id='par_1_71' title="bbox 996 1789 1773 1824">
     <span class='ocr_line' id='line_1_71' title="bbox 996 1789 1773 1824; baseline 0 -7"><span class='ocrx_word' id='word_1_500' title='bbox 996 1789 1120 1824; x_wconf 83' lang='lat' dir='ltr'><strong>scriptam</strong></span> <span class='ocrx_word' id='word_1_501' title='bbox 1133 1789 1252 1824; x_wconf 74' lang='lat' dir='ltr'><strong>Dionysii</strong></span> <span class='ocrx_word' id='word_1_502' title='bbox 1261 1790 1479 1824; x_wconf 85' lang='lat' dir='ltr'><strong>appellationem,</strong></span> <span class='ocrx_word' id='word_1_503' title='bbox 1489 1789 1593 1821; x_wconf 86' lang='lat' dir='ltr'><strong>dicunt,</strong></span> <span class='ocrx_word' id='word_1_504' title='bbox 1603 1797 1690 1824; x_wconf 90' lang='lat' dir='ltr'><strong>neque</strong></span> <span class='ocrx_word' id='word_1_505' title='bbox 1700 1790 1773 1824; x_wconf 91' lang='lat' dir='ltr'><strong>quod</strong></span> 
     </span>
    </p>
   </div>
   <div class='ocr_carea' id='block_1_72' title="bbox 158 1833 941 1872">
    <p class='ocr_par' dir='ltr' id='par_1_72' title="bbox 158 1833 940 1872">
     <span class='ocr_line' id='line_1_72' title="bbox 158 1833 940 1872; baseline 0.006 -14"><span class='ocrx_word' id='word_1_506' title='bbox 158 1833 292 1860; x_wconf 81' lang='grc' dir='ltr'>Διονυσίου</span> <span class='ocrx_word' id='word_1_507' title='bbox 303 1835 486 1870; x_wconf 77' lang='grc' dir='ltr'>προσηγορίαν</span> <span class='ocrx_word' id='word_1_508' title='bbox 497 1843 502 1849; x_wconf 94' lang='grc'>·</span> <span class='ocrx_word' id='word_1_509' title='bbox 516 1834 583 1870; x_wconf 83' lang='grc' dir='ltr'>μηδὲ</span> <span class='ocrx_word' id='word_1_510' title='bbox 591 1835 631 1861; x_wconf 77' lang='grc' dir='ltr'><strong>ὅτι</strong></span> <span class='ocrx_word' id='word_1_511' title='bbox 641 1835 687 1862; x_wconf 81' lang='grc' dir='ltr'>νῦν</span> <span class='ocrx_word' id='word_1_512' title='bbox 701 1834 730 1868; x_wconf 79' lang='grc' dir='ltr'>ἐξ</span> <span class='ocrx_word' id='word_1_513' title='bbox 742 1836 940 1872; x_wconf 83' lang='grc' dir='ltr'>είδωλολατρῶν</span> 
     </span>
    </p>
   </div>
   <div class='ocr_carea' id='block_1_73' title="bbox 996 1833 1772 1872">
    <p class='ocr_par' dir='ltr' id='par_1_73' title="bbox 996 1835 1772 1871">
     <span class='ocr_line' id='line_1_73' title="bbox 996 1835 1772 1871; baseline 0.003 -10"><span class='ocrx_word' id='word_1_514' title='bbox 996 1843 1063 1862; x_wconf 85' lang='lat' dir='ltr'><strong>nunc</strong></span> <span class='ocrx_word' id='word_1_515' title='bbox 1077 1835 1155 1866; x_wconf 84' lang='lat' dir='ltr'><strong>dixit,</strong></span> <span class='ocrx_word' id='word_1_516' title='bbox 1165 1843 1194 1863; x_wconf 87' lang='lat' dir='ltr'><strong>se</strong></span> <span class='ocrx_word' id='word_1_517' title='bbox 1204 1835 1237 1862; x_wconf 87' lang='lat' dir='ltr'><strong>ab</strong></span> <span class='ocrx_word' id='word_1_518' title='bbox 1248 1835 1398 1863; x_wconf 83' lang='lat' dir='ltr'><strong>idololatris</strong></span> <span class='ocrx_word' id='word_1_519' title='bbox 1412 1843 1593 1869; x_wconf 87' lang='lat' dir='ltr'><strong>conversum;</strong></span> <span class='ocrx_word' id='word_1_520' title='bbox 1605 1836 1680 1870; x_wconf 85' lang='lat' dir='ltr'><strong>atqui</strong></span> <span class='ocrx_word' id='word_1_521' title='bbox 1690 1836 1772 1871; x_wconf 85' lang='lat' dir='ltr'><strong>Apol-</strong></span> 
     </span>
    </p>
   </div>
   <div class='ocr_carea' id='block_1_74' title="bbox 157 1875 941 1917">
    <p class='ocr_par' dir='ltr' id='par_1_74' title="bbox 157 1875 938 1917">
     <span class='ocr_line' id='line_1_74' title="bbox 157 1875 938 1917; baseline 0.006 -12"><span class='ocrx_word' id='word_1_522' title='bbox 157 1875 233 1905; x_wconf 84' lang='grc' dir='ltr'>εἶπεν</span> <span class='ocrx_word' id='word_1_523' title='bbox 249 1880 329 1907; x_wconf 79' lang='grc' dir='ltr'>αὑτὸν</span> <span class='ocrx_word' id='word_1_524' title='bbox 336 1880 357 1896; x_wconf 72' lang='grc' dir='ltr'>θ’</span> <span class='ocrx_word' id='word_1_525' title='bbox 372 1880 530 1916; x_wconf 68' lang='grc' dir='ltr'>ἐπιστρέψαι</span> <span class='ocrx_word' id='word_1_526' title='bbox 542 1900 550 1913; x_wconf 88' lang='grc'><strong>,</strong></span> <span class='ocrx_word' id='word_1_527' title='bbox 567 1881 654 1907; x_wconf 84' lang='grc' dir='ltr'>καίτοι</span> <span class='ocrx_word' id='word_1_528' title='bbox 674 1881 874 1917; x_wconf 82' lang='grc' dir='ltr'>Ἀπολλινάριος</span> <span class='ocrx_word' id='word_1_529' title='bbox 889 1883 938 1910; x_wconf 78' lang='grc' dir='ltr'>οὐκ</span> 
     </span>
    </p>
   </div>
   <div class='ocr_carea' id='block_1_75' title="bbox 996 1875 1419 1917">
    <p class='ocr_par' dir='ltr' id='par_1_75' title="bbox 996 1881 1419 1909">
     <span class='ocr_line' id='line_1_75' title="bbox 996 1881 1419 1909; baseline 0.002 -1"><span class='ocrx_word' id='word_1_530' title='bbox 996 1881 1105 1909; x_wconf 68' lang='lat' dir='ltr'><strong>linat-ius</strong></span> <span class='ocrx_word' id='word_1_531' title='bbox 1122 1888 1175 1908; x_wconf 92' lang='lat' dir='ltr'><strong>non</strong></span> <span class='ocrx_word' id='word_1_532' title='bbox 1187 1885 1246 1908; x_wconf 85' lang='lat' dir='ltr'><strong>erat</strong></span> <span class='ocrx_word' id='word_1_533' title='bbox 1260 1889 1293 1908; x_wconf 81' lang='lat' dir='ltr'><strong>ex</strong></span> <span class='ocrx_word' id='word_1_534' title='bbox 1309 1881 1419 1909; x_wconf 87' lang='lat' dir='ltr'><strong>talibus.</strong></span> 
     </span>
    </p>
   </div>
   <div class='ocr_carea' id='block_1_76' title="bbox 157 1924 388 1961">
    <p class='ocr_par' dir='ltr' id='par_1_76' title="bbox 157 1924 388 1961">
     <span class='ocr_line' id='line_1_76' title="bbox 157 1924 388 1961; baseline 0.009 -11"><span class='ocrx_word' id='word_1_535' title='bbox 157 1925 189 1951; x_wconf 79' lang='grc' dir='ltr'>ἐκ</span> <span class='ocrx_word' id='word_1_536' title='bbox 203 1925 330 1952; x_wconf 80' lang='grc' dir='ltr'>τοιούτων</span> <span class='ocrx_word' id='word_1_537' title='bbox 345 1924 388 1961; x_wconf 83' lang='grc' dir='ltr'><strong>ἦν.</strong></span> 
     </span>
    </p>
   </div>
   <div class='ocr_carea' id='block_1_77' title="bbox 199 1970 939 2009">
    <p class='ocr_par' dir='ltr' id='par_1_77' title="bbox 199 1970 939 2009">
     <span class='ocr_line' id='line_1_77' title="bbox 199 1970 939 2009; baseline 0.007 -13"><span class='ocrx_word' id='word_1_538' title='bbox 199 1970 260 1997; x_wconf 82' lang='grc' dir='ltr'><strong>Ἐπὶ</strong></span> <span class='ocrx_word' id='word_1_539' title='bbox 283 1971 314 1997; x_wconf 66' lang='grc' dir='ltr'>τὸ</span> <span class='ocrx_word' id='word_1_540' title='bbox 332 1970 425 1999; x_wconf 77' lang='grc' dir='ltr'>πᾶσιν</span> <span class='ocrx_word' id='word_1_541' title='bbox 443 1973 572 2007; x_wconf 83' lang='grc' dir='ltr'>ἑτοίμως.</span> <span class='ocrx_word' id='word_1_542' title='bbox 591 1973 650 1999; x_wconf 85' lang='grc' dir='ltr'>’Ότι</span> <span class='ocrx_word' id='word_1_543' title='bbox 673 1973 687 1999; x_wconf 84' lang='grc' dir='ltr'>ὁ</span> <span class='ocrx_word' id='word_1_544' title='bbox 711 1973 777 2005; x_wconf 81' lang='grc' dir='ltr'>Θεὸς</span> <span class='ocrx_word' id='word_1_545' title='bbox 798 1974 876 2009; x_wconf 82' lang='grc' dir='ltr'>φύσει</span> <span class='ocrx_word' id='word_1_546' title='bbox 901 1975 939 2007; x_wconf 77' lang='grc' dir='ltr'>ὢν</span> 
     </span>
    </p>
   </div>
   <div class='ocr_carea' id='block_1_78' title="bbox 157 2015 938 2057">
    <p class='ocr_par' dir='ltr' id='par_1_78' title="bbox 157 2015 938 2057">
     <span class='ocr_line' id='line_1_78' title="bbox 157 2015 938 2057; baseline 0.009 -16"><span class='ocrx_word' id='word_1_547' title='bbox 157 2015 268 2050; x_wconf 77' lang='grc' dir='ltr'>ἀγαθὸς,</span> <span class='ocrx_word' id='word_1_548' title='bbox 281 2016 388 2052; x_wconf 71' lang='grc' dir='ltr'>ἕτοιμον</span> <span class='ocrx_word' id='word_1_549' title='bbox 403 2018 497 2044; x_wconf 80' lang='grc' dir='ltr'>ἑαυτὸν</span> <span class='ocrx_word' id='word_1_550' title='bbox 510 2020 566 2050; x_wconf 87' lang='grc' dir='ltr'>τοῖς</span> <span class='ocrx_word' id='word_1_551' title='bbox 581 2019 646 2045; x_wconf 80' lang='grc' dir='ltr'>πᾶσι</span> <span class='ocrx_word' id='word_1_552' title='bbox 662 2020 775 2056; x_wconf 81' lang='grc' dir='ltr'>παρέχει</span> <span class='ocrx_word' id='word_1_553' title='bbox 789 2022 829 2052; x_wconf 86' lang='grc' dir='ltr'><strong>είς</strong></span> <span class='ocrx_word' id='word_1_554' title='bbox 842 2021 872 2048; x_wconf 80' lang='grc' dir='ltr'>τὸ</span> <span class='ocrx_word' id='word_1_555' title='bbox 888 2030 938 2057; x_wconf 74' lang='grc' dir='ltr'>με-</span> 
     </span>
    </p>
   </div>
   <div class='ocr_carea' id='block_1_79' title="bbox 157 2061 938 2102">
    <p class='ocr_par' dir='ltr' id='par_1_79' title="bbox 157 2061 938 2102">
     <span class='ocr_line' id='line_1_79' title="bbox 157 2061 938 2102; baseline 0.008 -15"><span class='ocrx_word' id='word_1_556' title='bbox 157 2061 338 2097; x_wconf 78' lang='grc' dir='ltr'>ταλαμὸάνειν</span> <span class='ocrx_word' id='word_1_557' title='bbox 362 2063 411 2098; x_wconf 86' lang='grc' dir='ltr'>τῆς</span> <span class='ocrx_word' id='word_1_558' title='bbox 435 2063 576 2099; x_wconf 79' lang='grc' dir='ltr'>ἁγιότητος</span> <span class='ocrx_word' id='word_1_559' title='bbox 595 2065 676 2091; x_wconf 82' lang='grc' dir='ltr'>αὐτοῦ</span> <span class='ocrx_word' id='word_1_560' title='bbox 702 2065 749 2092; x_wconf 77' lang='grc' dir='ltr'><strong>καὶ</strong></span> <span class='ocrx_word' id='word_1_561' title='bbox 774 2066 938 2102; x_wconf 82' lang='grc' dir='ltr'>φωτισθῆναι</span> 
     </span>
    </p>
   </div>
   <div class='ocr_carea' id='block_1_80' title="bbox 157 2106 938 2147">
    <p class='ocr_par' dir='ltr' id='par_1_80' title="bbox 157 2106 938 2147">
     <span class='ocr_line' id='line_1_80' title="bbox 157 2106 938 2147; baseline 0.008 -15"><span class='ocrx_word' id='word_1_562' title='bbox 157 2106 206 2142; x_wconf 83' lang='grc' dir='ltr'>τὴν</span> <span class='ocrx_word' id='word_1_563' title='bbox 219 2106 317 2142; x_wconf 80' lang='grc' dir='ltr'>ψυχὴν,</span> <span class='ocrx_word' id='word_1_564' title='bbox 331 2107 422 2134; x_wconf 80' lang='grc' dir='ltr'>λοιπὸν</span> <span class='ocrx_word' id='word_1_565' title='bbox 436 2109 465 2136; x_wconf 82' lang='grc' dir='ltr'>τὸ</span> <span class='ocrx_word' id='word_1_566' title='bbox 477 2109 518 2143; x_wconf 77' lang='grc' dir='ltr'><strong>ἐφ’</strong></span> <span class='ocrx_word' id='word_1_567' title='bbox 533 2111 598 2145; x_wconf 82' lang='grc' dir='ltr'>ἡμῖν</span> <span class='ocrx_word' id='word_1_568' title='bbox 608 2110 738 2146; x_wconf 76' lang='grc' dir='ltr'>ζητεῖται,</span> <span class='ocrx_word' id='word_1_569' title='bbox 748 2111 787 2143; x_wconf 83' lang='grc' dir='ltr'>τὸ,</span> <span class='ocrx_word' id='word_1_570' title='bbox 802 2111 859 2143; x_wconf 86' lang='grc' dir='ltr'><strong>πῶς</strong></span> <span class='ocrx_word' id='word_1_571' title='bbox 873 2112 938 2147; x_wconf 82' lang='grc' dir='ltr'><strong>ἐρῶ-</strong></span> 
     </span>
    </p>
   </div>
   <div class='ocr_carea' id='block_1_81' title="bbox 159 2153 938 2193">
    <p class='ocr_par' dir='ltr' id='par_1_81' title="bbox 159 2153 938 2193">
     <span class='ocr_line' id='line_1_81' title="bbox 159 2153 938 2193; baseline 0.008 -15"><span class='ocrx_word' id='word_1_572' title='bbox 159 2161 207 2187; x_wconf 87' lang='grc' dir='ltr'><strong>μεν</strong></span> <span class='ocrx_word' id='word_1_573' title='bbox 223 2155 365 2188; x_wconf 79' lang='grc' dir='ltr'>μετασχεῖν</span> <span class='ocrx_word' id='word_1_574' title='bbox 378 2153 428 2189; x_wconf 78' lang='grc' dir='ltr'>τῆς</span> <span class='ocrx_word' id='word_1_575' title='bbox 440 2154 565 2189; x_wconf 83' lang='grc' dir='ltr'>γνώσεως</span> <span class='ocrx_word' id='word_1_576' title='bbox 580 2156 671 2187; x_wconf 79' lang='grc' dir='ltr'>αὑτοῦ,</span> <span class='ocrx_word' id='word_1_577' title='bbox 680 2156 722 2183; x_wconf 78' lang='grc' dir='ltr'>ἵνα</span> <span class='ocrx_word' id='word_1_578' title='bbox 736 2156 826 2193; x_wconf 83' lang='grc' dir='ltr'>δειχθῇ</span> <span class='ocrx_word' id='word_1_579' title='bbox 836 2157 865 2183; x_wconf 75' lang='grc' dir='ltr'><strong>τὸ</strong></span> <span class='ocrx_word' id='word_1_580' title='bbox 875 2158 938 2184; x_wconf 87' lang='grc' dir='ltr'>αὐτ-</span> 
     </span>
    </p>
   </div>
   <div class='ocr_carea' id='block_1_82' title="bbox 157 2197 937 2238">
    <p class='ocr_par' dir='ltr' id='par_1_82' title="bbox 157 2197 937 2238">
     <span class='ocr_line' id='line_1_82' title="bbox 157 2197 937 2238; baseline 0.006 -14"><span class='ocrx_word' id='word_1_581' title='bbox 157 2197 290 2230; x_wconf 78' lang='grc' dir='ltr'>εξούσιον·</span> <span class='ocrx_word' id='word_1_582' title='bbox 312 2200 341 2226; x_wconf 86' lang='grc' dir='ltr'><strong>ού</strong></span> <span class='ocrx_word' id='word_1_583' title='bbox 367 2199 420 2235; x_wconf 83' lang='grc' dir='ltr'>γὰρ</span> <span class='ocrx_word' id='word_1_584' title='bbox 443 2201 528 2232; x_wconf 82' lang='grc' dir='ltr'>αἴτιος</span> <span class='ocrx_word' id='word_1_585' title='bbox 549 2201 602 2228; x_wconf 85' lang='grc' dir='ltr'><strong>τῶν</strong></span> <span class='ocrx_word' id='word_1_586' title='bbox 627 2202 719 2228; x_wconf 85' lang='grc' dir='ltr'>κακῶν</span> <span class='ocrx_word' id='word_1_587' title='bbox 739 2204 758 2237; x_wconf 81' lang='grc' dir='ltr'><strong>ὁ¹</strong></span> <span class='ocrx_word' id='word_1_588' title='bbox 774 2202 852 2234; x_wconf 82' lang='grc' dir='ltr'>Θεὸς,</span> <span class='ocrx_word' id='word_1_589' title='bbox 870 2203 937 2238; x_wconf 80' lang='grc' dir='ltr'>ὅπερ</span> 
     </span>
    </p>
   </div>
   <div class='ocr_carea' id='block_1_83' title="bbox 157 2244 936 2284">
    <p class='ocr_par' dir='ltr' id='par_1_83' title="bbox 157 2244 936 2284">
     <span class='ocr_line' id='line_1_83' title="bbox 157 2244 936 2284; baseline 0.008 -15"><span class='ocrx_word' id='word_1_590' title='bbox 157 2244 229 2270; x_wconf 74' lang='grc' dir='ltr'>ἐστὶν</span> <span class='ocrx_word' id='word_1_591' title='bbox 242 2245 255 2271; x_wconf 83' lang='grc' dir='ltr'>ὁ</span> <span class='ocrx_word' id='word_1_592' title='bbox 269 2245 298 2278; x_wconf 80' lang='grc' dir='ltr'><strong>ἐξ</strong></span> <span class='ocrx_word' id='word_1_593' title='bbox 313 2246 393 2272; x_wconf 80' lang='grc' dir='ltr'>αὑτοῦ</span> <span class='ocrx_word' id='word_1_594' title='bbox 407 2246 580 2282; x_wconf 81' lang='grc' dir='ltr'>χωρισμός-ἡ</span> <span class='ocrx_word' id='word_1_595' title='bbox 590 2247 617 2273; x_wconf 82' lang='grc' dir='ltr'>δὲ</span> <span class='ocrx_word' id='word_1_596' title='bbox 631 2247 754 2280; x_wconf 82' lang='grc' dir='ltr'>σύνταξις</span> <span class='ocrx_word' id='word_1_597' title='bbox 767 2247 835 2284; x_wconf 81' lang='grc' dir='ltr'>αὕτη</span> <span class='ocrx_word' id='word_1_598' title='bbox 846 2257 852 2263; x_wconf 90' lang='grc'>·</span> <span class='ocrx_word' id='word_1_599' title='bbox 875 2249 936 2275; x_wconf 76' lang='grc' dir='ltr'>ἐπεὶ</span> 
     </span>
    </p>
   </div>
   <div class='ocr_carea' id='block_1_84' title="bbox 157 2289 937 2328">
    <p class='ocr_par' dir='ltr' id='par_1_84' title="bbox 157 2289 937 2328">
     <span class='ocr_line' id='line_1_84' title="bbox 157 2289 937 2328; baseline 0.008 -13"><span class='ocrx_word' id='word_1_600' title='bbox 157 2289 196 2315; x_wconf 74' lang='grc' dir='ltr'>ὅτι</span> <span class='ocrx_word' id='word_1_601' title='bbox 219 2298 251 2324; x_wconf 83' lang='grc' dir='ltr'>γε</span> <span class='ocrx_word' id='word_1_602' title='bbox 280 2291 326 2317; x_wconf 77' lang='grc' dir='ltr'><strong>καὶ</strong></span> <span class='ocrx_word' id='word_1_603' title='bbox 350 2290 403 2317; x_wconf 85' lang='grc' dir='ltr'><strong>τῶν</strong></span> <span class='ocrx_word' id='word_1_604' title='bbox 427 2292 526 2328; x_wconf 78' lang='grc' dir='ltr'>ἐτέρων</span> <span class='ocrx_word' id='word_1_605' title='bbox 549 2292 631 2320; x_wconf 77' lang='grc' dir='ltr'>ἐθνῶν</span> <span class='ocrx_word' id='word_1_606' title='bbox 662 2293 712 2320; x_wconf 81' lang='grc' dir='ltr'>οὐκ</span> <span class='ocrx_word' id='word_1_607' title='bbox 734 2294 843 2328; x_wconf 79' lang='grc' dir='ltr'>ἐκφυλοί</span> <span class='ocrx_word' id='word_1_608' title='bbox 867 2304 937 2327; x_wconf 81' lang='grc' dir='ltr'>τινες</span> 
     </span>
    </p>
   </div>
   <div class='ocr_carea' id='block_1_85' title="bbox 158 2335 937 2375">
    <p class='ocr_par' dir='ltr' id='par_1_85' title="bbox 158 2335 937 2375">
     <span class='ocr_line' id='line_1_85' title="bbox 158 2335 937 2375; baseline 0.008 -14"><span class='ocrx_word' id='word_1_609' title='bbox 158 2335 319 2362; x_wconf 77' lang='grc' dir='ltr'>ἐπεστάτουν</span> <span class='ocrx_word' id='word_1_610' title='bbox 336 2336 406 2369; x_wconf 82' lang='grc' dir='ltr'>θεοὶ,</span> <span class='ocrx_word' id='word_1_611' title='bbox 425 2337 473 2372; x_wconf 84' lang='grc' dir='ltr'><strong>μία</strong></span> <span class='ocrx_word' id='word_1_612' title='bbox 500 2338 527 2364; x_wconf 87' lang='grc' dir='ltr'>δὲ</span> <span class='ocrx_word' id='word_1_613' title='bbox 548 2339 655 2366; x_wconf 84' lang='grc' dir='ltr'>πάντων</span> <span class='ocrx_word' id='word_1_614' title='bbox 676 2340 762 2375; x_wconf 81' lang='grc' dir='ltr'><strong>ἀρχή·</strong></span> <span class='ocrx_word' id='word_1_615' title='bbox 786 2341 832 2367; x_wconf 74' lang='grc' dir='ltr'>καὶ</span> <span class='ocrx_word' id='word_1_616' title='bbox 852 2340 937 2373; x_wconf 82' lang='grc' dir='ltr'>οὓτως</span> 
     </span>
    </p>
   </div>
   <div class='ocr_carea' id='block_1_86' title="bbox 1026 1970 1772 2006">
    <p class='ocr_par' dir='ltr' id='par_1_86' title="bbox 1026 1970 1772 2006">
     <span class='ocr_line' id='line_1_86' title="bbox 1026 1970 1772 2006; baseline 0 -8"><span class='ocrx_word' id='word_1_617' title='bbox 1026 1971 1102 2004; x_wconf 81' lang='lat' dir='ltr'><strong>Quod</strong></span> <span class='ocrx_word' id='word_1_618' title='bbox 1112 1972 1138 1998; x_wconf 82' lang='lat' dir='ltr'><strong>in</strong></span> <span class='ocrx_word' id='word_1_619' title='bbox 1150 1977 1271 2006; x_wconf 87' lang='lat' dir='ltr'><strong>promptu</strong></span> <span class='ocrx_word' id='word_1_620' title='bbox 1285 1971 1414 1998; x_wconf 78' lang='lat' dir='ltr'><strong>omnibus.</strong></span> <span class='ocrx_word' id='word_1_621' title='bbox 1434 1970 1511 2003; x_wconf 91' lang='lat' dir='ltr'><strong>Quod</strong></span> <span class='ocrx_word' id='word_1_622' title='bbox 1526 1970 1597 1998; x_wconf 86' lang='lat' dir='ltr'><strong>Deus</strong></span> <span class='ocrx_word' id='word_1_623' title='bbox 1612 1975 1710 1997; x_wconf 87' lang='lat' dir='ltr'><strong>natura</strong></span> <span class='ocrx_word' id='word_1_624' title='bbox 1724 1970 1772 1998; x_wconf 87' lang='lat' dir='ltr'><strong>bo-</strong></span> 
     </span>
    </p>
   </div>
   <div class='ocr_carea' id='block_1_87' title="bbox 990 2016 1770 2053">
    <p class='ocr_par' dir='ltr' id='par_1_87' title="bbox 990 2016 1770 2053">
     <span class='ocr_line' id='line_1_87' title="bbox 990 2016 1770 2053; baseline -0.003 -9"><span class='ocrx_word' id='word_1_625' title='bbox 990 2025 1042 2045; x_wconf 91' lang='lat' dir='ltr'><strong>nus</strong></span> <span class='ocrx_word' id='word_1_626' title='bbox 1058 2019 1192 2046; x_wconf 78' lang='lat' dir='ltr'><strong>exsistens</strong></span> <span class='ocrx_word' id='word_1_627' title='bbox 1215 2021 1339 2053; x_wconf 84' lang='lat' dir='ltr'><strong>paratum</strong></span> <span class='ocrx_word' id='word_1_628' title='bbox 1352 2017 1473 2051; x_wconf 81' lang='lat' dir='ltr'><strong>scipsum</strong></span> <span class='ocrx_word' id='word_1_629' title='bbox 1489 2016 1618 2044; x_wconf 90' lang='lat' dir='ltr'><strong>omnibus</strong></span> <span class='ocrx_word' id='word_1_630' title='bbox 1633 2016 1770 2051; x_wconf 62' lang='lat' dir='ltr'><strong>praebeat,</strong></span> 
     </span>
    </p>
   </div>
   <div class='ocr_carea' id='block_1_88' title="bbox 989 2060 1770 2098">
    <p class='ocr_par' dir='ltr' id='par_1_88' title="bbox 989 2060 1770 2098">
     <span class='ocr_line' id='line_1_88' title="bbox 989 2060 1770 2098; baseline -0.004 -8"><span class='ocrx_word' id='word_1_631' title='bbox 989 2066 1018 2089; x_wconf 90' lang='lat' dir='ltr'><strong>ut</strong></span> <span class='ocrx_word' id='word_1_632' title='bbox 1033 2063 1194 2098; x_wconf 86' lang='lat' dir='ltr'><strong>participem</strong></span> <span class='ocrx_word' id='word_1_633' title='bbox 1208 2063 1241 2090; x_wconf 91' lang='lat' dir='ltr'><strong>de</strong></span> <span class='ocrx_word' id='word_1_634' title='bbox 1263 2063 1407 2090; x_wconf 87' lang='lat' dir='ltr'><strong>sanctitate</strong></span> <span class='ocrx_word' id='word_1_635' title='bbox 1422 2061 1508 2096; x_wconf 86' lang='lat' dir='ltr'><strong>ipsius</strong></span> <span class='ocrx_word' id='word_1_636' title='bbox 1518 2081 1525 2092; x_wconf 86' lang='lat'><strong><em>.</em></strong></span> <span class='ocrx_word' id='word_1_637' title='bbox 1542 2066 1569 2088; x_wconf 88' lang='lat' dir='ltr'><strong>et</strong></span> <span class='ocrx_word' id='word_1_638' title='bbox 1585 2062 1613 2088; x_wconf 91' lang='lat' dir='ltr'><strong>in</strong></span> <span class='ocrx_word' id='word_1_639' title='bbox 1627 2061 1718 2092; x_wconf 81' lang='lat' dir='ltr'><strong>anima</strong></span> <span class='ocrx_word' id='word_1_640' title='bbox 1736 2060 1770 2087; x_wconf 95' lang='lat' dir='ltr'><strong>il-</strong></span> 
     </span>
    </p>
   </div>
   <div class='ocr_carea' id='block_1_89' title="bbox 988 2106 1769 2143">
    <p class='ocr_par' dir='ltr' id='par_1_89' title="bbox 988 2106 1769 2143">
     <span class='ocr_line' id='line_1_89' title="bbox 988 2106 1769 2143; baseline -0.004 -8"><span class='ocrx_word' id='word_1_641' title='bbox 988 2108 1141 2136; x_wconf 88' lang='lat' dir='ltr'><strong>lustrentur</strong></span> <span class='ocrx_word' id='word_1_642' title='bbox 1161 2117 1168 2133; x_wconf 89' lang='lat'><strong>:</strong></span> <span class='ocrx_word' id='word_1_643' title='bbox 1189 2108 1323 2143; x_wconf 85' lang='lat' dir='ltr'><strong>reliquum</strong></span> <span class='ocrx_word' id='word_1_644' title='bbox 1346 2108 1375 2134; x_wconf 94' lang='lat' dir='ltr'><strong>in</strong></span> <span class='ocrx_word' id='word_1_645' title='bbox 1400 2107 1481 2134; x_wconf 88' lang='lat' dir='ltr'><strong>nobis</strong></span> <span class='ocrx_word' id='word_1_646' title='bbox 1504 2106 1587 2133; x_wconf 87' lang='lat' dir='ltr'><strong>situm</strong></span> <span class='ocrx_word' id='word_1_647' title='bbox 1611 2106 1769 2140; x_wconf 86' lang='lat' dir='ltr'><strong>requiritur,</strong></span> 
     </span>
    </p>
   </div>
   <div class='ocr_carea' id='block_1_90' title="bbox 988 2151 1771 2189">
    <p class='ocr_par' dir='ltr' id='par_1_90' title="bbox 988 2151 1771 2189">
     <span class='ocr_line' id='line_1_90' title="bbox 988 2151 1771 2189; baseline -0.005 -7"><span class='ocrx_word' id='word_1_648' title='bbox 988 2162 1085 2189; x_wconf 83' lang='lat' dir='ltr'><strong>nempe</strong></span> <span class='ocrx_word' id='word_1_649' title='bbox 1101 2153 1238 2189; x_wconf 89' lang='lat' dir='ltr'><strong>quomodo</strong></span> <span class='ocrx_word' id='word_1_650' title='bbox 1250 2153 1375 2187; x_wconf 89' lang='lat' dir='ltr'><strong>cupimus</strong></span> <span class='ocrx_word' id='word_1_651' title='bbox 1385 2172 1392 2185; x_wconf 92' lang='lat'><strong>,</strong></span> <span class='ocrx_word' id='word_1_652' title='bbox 1412 2151 1558 2186; x_wconf 86' lang='lat' dir='ltr'><strong>participes</strong></span> <span class='ocrx_word' id='word_1_653' title='bbox 1574 2151 1632 2178; x_wconf 83' lang='lat' dir='ltr'><strong>fieri</strong></span> <span class='ocrx_word' id='word_1_654' title='bbox 1647 2151 1708 2186; x_wconf 86' lang='lat' dir='ltr'><strong>ejus</strong></span> <span class='ocrx_word' id='word_1_655' title='bbox 1723 2158 1771 2178; x_wconf 87' lang='lat' dir='ltr'><strong>co-</strong></span> 
     </span>
    </p>
   </div>
   <div class='ocr_carea' id='block_1_91' title="bbox 988 2197 1772 2236">
    <p class='ocr_par' dir='ltr' id='par_1_91' title="bbox 988 2197 1772 2236">
     <span class='ocr_line' id='line_1_91' title="bbox 988 2197 1772 2236; baseline -0.003 -9"><span class='ocrx_word' id='word_1_656' title='bbox 988 2200 1130 2236; x_wconf 71' lang='lat' dir='ltr'><strong>gnitionis,</strong></span> <span class='ocrx_word' id='word_1_657' title='bbox 1148 2205 1178 2226; x_wconf 92' lang='lat' dir='ltr'><strong>ut</strong></span> <span class='ocrx_word' id='word_1_658' title='bbox 1192 2199 1353 2227; x_wconf 87' lang='lat' dir='ltr'><strong>ostendatur</strong></span> <span class='ocrx_word' id='word_1_659' title='bbox 1369 2199 1485 2225; x_wconf 89' lang='lat' dir='ltr'><strong>liberum</strong></span> <span class='ocrx_word' id='word_1_660' title='bbox 1503 2197 1647 2225; x_wconf 82' lang='lat' dir='ltr'><strong>arbitrium</strong></span> <span class='ocrx_word' id='word_1_661' title='bbox 1660 2205 1667 2222; x_wconf 73' lang='grc' dir='ltr'>ε</span> <span class='ocrx_word' id='word_1_662' title='bbox 1682 2204 1772 2232; x_wconf 82' lang='lat' dir='ltr'><strong>neque</strong></span> 
     </span>
    </p>
   </div>
   <div class='ocr_carea' id='block_1_92' title="bbox 952 2238 1771 2278">
    <p class='ocr_par' dir='ltr' id='par_1_92' title="bbox 952 2238 1771 2278">
     <span class='ocr_line' id='line_1_92' title="bbox 952 2238 1771 2278; baseline -0.004 -5"><span class='ocrx_word' id='word_1_663' title='bbox 952 2238 976 2267; x_wconf 83' lang='grc' dir='ltr'><strong>Ι)</strong></span> <span class='ocrx_word' id='word_1_664' title='bbox 988 2247 1061 2273; x_wconf 89' lang='lat' dir='ltr'><strong>enim</strong></span> <span class='ocrx_word' id='word_1_665' title='bbox 1075 2246 1146 2273; x_wconf 88' lang='lat' dir='ltr'><strong>Deus</strong></span> <span class='ocrx_word' id='word_1_666' title='bbox 1161 2251 1202 2273; x_wconf 86' lang='lat' dir='ltr'><strong>est</strong></span> <span class='ocrx_word' id='word_1_667' title='bbox 1223 2248 1319 2272; x_wconf 88' lang='lat' dir='ltr'><strong>auctor</strong></span> <span class='ocrx_word' id='word_1_668' title='bbox 1336 2244 1469 2272; x_wconf 91' lang='lat' dir='ltr'><strong>malorum</strong></span> <span class='ocrx_word' id='word_1_669' title='bbox 1479 2262 1488 2274; x_wconf 84' lang='grc'><em>.</em></span> <span class='ocrx_word' id='word_1_670' title='bbox 1512 2243 1585 2277; x_wconf 91' lang='lat' dir='ltr'><strong>quod</strong></span> <span class='ocrx_word' id='word_1_671' title='bbox 1606 2247 1649 2270; x_wconf 88' lang='lat' dir='ltr'><strong>est</strong></span> <span class='ocrx_word' id='word_1_672' title='bbox 1662 2243 1696 2270; x_wconf 85' lang='lat' dir='ltr'><strong>ab</strong></span> <span class='ocrx_word' id='word_1_673' title='bbox 1711 2243 1771 2278; x_wconf 88' lang='lat' dir='ltr'><strong>ipso</strong></span> 
     </span>
    </p>
   </div>
   <div class='ocr_carea' id='block_1_93' title="bbox 990 2287 1770 2328">
    <p class='ocr_par' dir='ltr' id='par_1_93' title="bbox 990 2287 1770 2328">
     <span class='ocr_line' id='line_1_93' title="bbox 990 2287 1770 2328; baseline -0.006 -8"><span class='ocrx_word' id='word_1_674' title='bbox 990 2292 1142 2328; x_wconf 87' lang='lat' dir='ltr'><strong>separatio;</strong></span> <span class='ocrx_word' id='word_1_675' title='bbox 1168 2291 1225 2318; x_wconf 64' lang='lat' dir='ltr'><strong>hinc</strong></span> <span class='ocrx_word' id='word_1_676' title='bbox 1251 2293 1293 2318; x_wconf 86' lang='lat' dir='ltr'><strong>est</strong></span> <span class='ocrx_word' id='word_1_677' title='bbox 1316 2294 1414 2317; x_wconf 86' lang='lat' dir='ltr'><strong>autem.</strong></span> <span class='ocrx_word' id='word_1_678' title='bbox 1429 2288 1621 2317; x_wconf 88' lang='lat' dir='ltr'><strong>constructio:</strong></span> <span class='ocrx_word' id='word_1_679' title='bbox 1636 2287 1770 2321; x_wconf 88' lang='lat' dir='ltr'><strong>Quoniam</strong></span> 
     </span>
    </p>
   </div>
   <div class='ocr_carea' id='block_1_94' title="bbox 990 2333 1770 2372">
    <p class='ocr_par' dir='ltr' id='par_1_94' title="bbox 990 2333 1770 2372">
     <span class='ocr_line' id='line_1_94' title="bbox 990 2333 1770 2372; baseline -0.008 -6"><span class='ocrx_word' id='word_1_680' title='bbox 990 2338 1095 2369; x_wconf 65' lang='lat' dir='ltr'><strong>caeteris</strong></span> <span class='ocrx_word' id='word_1_681' title='bbox 1116 2337 1198 2365; x_wconf 86' lang='lat' dir='ltr'><strong>etiam</strong></span> <span class='ocrx_word' id='word_1_682' title='bbox 1220 2337 1346 2372; x_wconf 76' lang='lat' dir='ltr'><strong>gentibus</strong></span> <span class='ocrx_word' id='word_1_683' title='bbox 1359 2343 1413 2363; x_wconf 88' lang='lat' dir='ltr'><strong>non</strong></span> <span class='ocrx_word' id='word_1_684' title='bbox 1428 2334 1513 2362; x_wconf 85' lang='lat' dir='ltr'><strong>exteri</strong></span> <span class='ocrx_word' id='word_1_685' title='bbox 1528 2333 1637 2369; x_wconf 87' lang='lat' dir='ltr'><strong>quidam</strong></span> <span class='ocrx_word' id='word_1_686' title='bbox 1653 2334 1770 2369; x_wconf 87' lang='lat' dir='ltr'><strong>impera-</strong></span> 
     </span>
    </p>
   </div>
   <div class='ocr_carea' id='block_1_95' title="bbox 158 2379 941 2421">
    <p class='ocr_par' dir='ltr' id='par_1_95' title="bbox 158 2381 937 2421">
     <span class='ocr_line' id='line_1_95' title="bbox 158 2381 937 2421; baseline 0.006 -14"><span class='ocrx_word' id='word_1_687' title='bbox 158 2381 254 2415; x_wconf 79' lang='grc' dir='ltr'>τᾶλλα,</span> <span class='ocrx_word' id='word_1_688' title='bbox 270 2382 313 2409; x_wconf 86' lang='grc' dir='ltr'><strong>διὰ</strong></span> <span class='ocrx_word' id='word_1_689' title='bbox 331 2383 425 2418; x_wconf 86' lang='grc' dir='ltr'>μέσου·</span> <span class='ocrx_word' id='word_1_690' title='bbox 444 2383 490 2410; x_wconf 72' lang='grc' dir='ltr'>καὶ</span> <span class='ocrx_word' id='word_1_691' title='bbox 507 2384 546 2410; x_wconf 79' lang='grc' dir='ltr'>ὅτι</span> <span class='ocrx_word' id='word_1_692' title='bbox 561 2385 607 2411; x_wconf 75' lang='grc' dir='ltr'>καὶ</span> <span class='ocrx_word' id='word_1_693' title='bbox 623 2385 676 2411; x_wconf 85' lang='grc' dir='ltr'><strong>τῶν</strong></span> <span class='ocrx_word' id='word_1_694' title='bbox 692 2386 776 2413; x_wconf 77' lang='grc' dir='ltr'>ἄλλων</span> <span class='ocrx_word' id='word_1_695' title='bbox 789 2386 873 2412; x_wconf 78' lang='grc' dir='ltr'>ἐθνῶν</span> <span class='ocrx_word' id='word_1_696' title='bbox 889 2386 937 2421; x_wconf 90' lang='grc' dir='ltr'><strong>μία</strong></span> 
     </span>
    </p>
   </div>
   <div class='ocr_carea' id='block_1_96' title="bbox 996 2379 1770 2421">
    <p class='ocr_par' dir='ltr' id='par_1_96' title="bbox 996 2379 1770 2414">
     <span class='ocr_line' id='line_1_96' title="bbox 996 2379 1770 2414; baseline -0.009 -3"><span class='ocrx_word' id='word_1_697' title='bbox 996 2385 1056 2411; x_wconf 82' lang='lat' dir='ltr'><strong>bant</strong></span> <span class='ocrx_word' id='word_1_698' title='bbox 1066 2383 1113 2413; x_wconf 89' lang='lat' dir='ltr'><strong>dii,</strong></span> <span class='ocrx_word' id='word_1_699' title='bbox 1126 2388 1209 2408; x_wconf 92' lang='lat' dir='ltr'><strong>unum</strong></span> <span class='ocrx_word' id='word_1_700' title='bbox 1226 2389 1289 2408; x_wconf 82' lang='lat' dir='ltr'><strong>vero</strong></span> <span class='ocrx_word' id='word_1_701' title='bbox 1303 2384 1346 2409; x_wconf 84' lang='lat' dir='ltr'><strong>est</strong></span> <span class='ocrx_word' id='word_1_702' title='bbox 1361 2379 1483 2411; x_wconf 90' lang='lat' dir='ltr'><strong>omnium</strong></span> <span class='ocrx_word' id='word_1_703' title='bbox 1497 2379 1672 2414; x_wconf 87' lang='lat' dir='ltr'><strong>principium,</strong></span> <span class='ocrx_word' id='word_1_704' title='bbox 1687 2382 1770 2413; x_wconf 87' lang='lat' dir='ltr'><strong>atque</strong></span> 
     </span>
    </p>
   </div>
   <div class='ocr_carea' id='block_1_97' title="bbox 158 2424 941 2467">
    <p class='ocr_par' dir='ltr' id='par_1_97' title="bbox 158 2426 936 2467">
     <span class='ocr_line' id='line_1_97' title="bbox 158 2426 936 2467; baseline 0.009 -14"><span class='ocrx_word' id='word_1_705' title='bbox 158 2427 228 2462; x_wconf 84' lang='grc' dir='ltr'>ἀρχὴ</span> <span class='ocrx_word' id='word_1_706' title='bbox 238 2427 284 2454; x_wconf 80' lang='grc' dir='ltr'>τοῦ</span> <span class='ocrx_word' id='word_1_707' title='bbox 297 2427 363 2454; x_wconf 83' lang='grc' dir='ltr'>Θεοῦ</span> <span class='ocrx_word' id='word_1_708' title='bbox 377 2426 455 2464; x_wconf 77' lang='grc' dir='ltr'>ἦρχε,</span> <span class='ocrx_word' id='word_1_709' title='bbox 468 2430 515 2456; x_wconf 80' lang='grc' dir='ltr'>καὶ</span> <span class='ocrx_word' id='word_1_710' title='bbox 530 2430 589 2457; x_wconf 84' lang='grc' dir='ltr'>τότε</span> <span class='ocrx_word' id='word_1_711' title='bbox 600 2430 644 2457; x_wconf 76' lang='grc' dir='ltr'><strong>διὰ</strong></span> <span class='ocrx_word' id='word_1_712' title='bbox 659 2431 711 2458; x_wconf 84' lang='grc' dir='ltr'><strong>τῶν</strong></span> <span class='ocrx_word' id='word_1_713' title='bbox 729 2432 800 2459; x_wconf 85' lang='grc' dir='ltr'>ἰδίων</span> <span class='ocrx_word' id='word_1_714' title='bbox 813 2432 936 2467; x_wconf 78' lang='grc' dir='ltr'>ἀγγέλων</span> 
     </span>
    </p>
   </div>
   <div class='ocr_carea' id='block_1_98' title="bbox 996 2424 1769 2467">
    <p class='ocr_par' dir='ltr' id='par_1_98' title="bbox 999 2424 1769 2464">
     <span class='ocr_line' id='line_1_98' title="bbox 999 2424 1769 2464; baseline -0.008 -8"><span class='ocrx_word' id='word_1_715' title='bbox 999 2435 1025 2456; x_wconf 85' lang='lat' dir='ltr'><strong>ta</strong></span> <span class='ocrx_word' id='word_1_716' title='bbox 1039 2429 1141 2464; x_wconf 85' lang='lat' dir='ltr'><strong>reliqua</strong></span> <span class='ocrx_word' id='word_1_717' title='bbox 1158 2427 1327 2455; x_wconf 87' lang='lat' dir='ltr'><strong>intermedia.</strong></span> <span class='ocrx_word' id='word_1_718' title='bbox 1344 2426 1378 2453; x_wconf 90' lang='lat' dir='ltr'><strong>Et</strong></span> <span class='ocrx_word' id='word_1_719' title='bbox 1392 2426 1464 2461; x_wconf 90' lang='lat' dir='ltr'><strong>quod</strong></span> <span class='ocrx_word' id='word_1_720' title='bbox 1481 2425 1542 2453; x_wconf 90' lang='lat' dir='ltr'><strong>aliis</strong></span> <span class='ocrx_word' id='word_1_721' title='bbox 1557 2432 1666 2460; x_wconf 88' lang='lat' dir='ltr'><strong>quoque</strong></span> <span class='ocrx_word' id='word_1_722' title='bbox 1684 2424 1769 2460; x_wconf 76' lang='lat' dir='ltr'><strong>genti-</strong></span> 
     </span>
    </p>
   </div>
   <div class='ocr_carea' id='block_1_99' title="bbox 161 2469 941 2509">
    <p class='ocr_par' dir='ltr' id='par_1_99' title="bbox 161 2472 392 2509">
     <span class='ocr_line' id='line_1_99' title="bbox 161 2472 392 2509; baseline 0.013 -11"><span class='ocrx_word' id='word_1_723' title='bbox 161 2472 354 2509; x_wconf 84' lang='grc' dir='ltr'>ἰεραρχούντων</span> <span class='ocrx_word' id='word_1_724' title='bbox 360 2474 392 2501; x_wconf 78' lang='grc'><strong>⁸³.</strong></span> 
     </span>
    </p>
   </div>
   <div class='ocr_carea' id='block_1_100' title="bbox 996 2469 1794 2509">
    <p class='ocr_par' dir='ltr' id='par_1_100' title="bbox 996 2469 1794 2507">
     <span class='ocr_line' id='line_1_100' title="bbox 996 2469 1794 2507; baseline -0.009 -5"><span class='ocrx_word' id='word_1_725' title='bbox 996 2483 1040 2502; x_wconf 73' lang='lat' dir='ltr'><strong>)us</strong></span> <span class='ocrx_word' id='word_1_726' title='bbox 1054 2482 1137 2501; x_wconf 92' lang='lat' dir='ltr'><strong>unum</strong></span> <span class='ocrx_word' id='word_1_727' title='bbox 1154 2473 1201 2501; x_wconf 85' lang='lat' dir='ltr'><strong>Dei</strong></span> <span class='ocrx_word' id='word_1_728' title='bbox 1217 2472 1361 2507; x_wconf 88' lang='lat' dir='ltr'><strong>imperium</strong></span> <span class='ocrx_word' id='word_1_729' title='bbox 1377 2471 1539 2506; x_wconf 73' lang='lat' dir='ltr'><strong>imperabat,</strong></span> <span class='ocrx_word' id='word_1_730' title='bbox 1551 2475 1610 2497; x_wconf 87' lang='lat' dir='ltr'><strong>tum</strong></span> <span class='ocrx_word' id='word_1_731' title='bbox 1625 2471 1706 2497; x_wconf 89' lang='lat' dir='ltr'><strong>etiam</strong></span> <span class='ocrx_word' id='word_1_732' title='bbox 1721 2476 1768 2504; x_wconf 89' lang='lat' dir='ltr'><strong>per</strong></span> <span class='ocrx_word' id='word_1_733' title='bbox 1788 2469 1794 2476; x_wconf 90' lang='lat'><strong>&#39;</strong></span> 
     </span>
    </p>
   </div>
   <div class='ocr_carea' id='block_1_101' title="bbox 990 2518 1519 2556">
    <p class='ocr_par' dir='ltr' id='par_1_101' title="bbox 990 2518 1519 2556">
     <span class='ocr_line' id='line_1_101' title="bbox 990 2518 1519 2556; baseline -0.004 -9"><span class='ocrx_word' id='word_1_734' title='bbox 990 2520 1115 2556; x_wconf 88' lang='lat' dir='ltr'><strong>proprios</strong></span> <span class='ocrx_word' id='word_1_735' title='bbox 1127 2520 1236 2555; x_wconf 81' lang='lat' dir='ltr'><strong>angelos</strong></span> <span class='ocrx_word' id='word_1_736' title='bbox 1252 2526 1331 2546; x_wconf 85' lang='lat' dir='ltr'><strong>sacre</strong></span> <span class='ocrx_word' id='word_1_737' title='bbox 1344 2518 1519 2554; x_wconf 85' lang='lat' dir='ltr'><strong>imperantes.</strong></span> 
     </span>
    </p>
   </div>
   <div class='ocr_carea' id='block_1_102' title="bbox 193 2563 941 2604">
    <p class='ocr_par' dir='ltr' id='par_1_102' title="bbox 193 2563 938 2604">
     <span class='ocr_line' id='line_1_102' title="bbox 193 2563 938 2604; baseline 0.008 -15"><span class='ocrx_word' id='word_1_738' title='bbox 193 2563 388 2598; x_wconf 75' lang='grc' dir='ltr'>Μελχισεδέκ.</span> <span class='ocrx_word' id='word_1_739' title='bbox 405 2566 559 2601; x_wconf 75' lang='grc' dir='ltr'>Σημείωσαι</span> <span class='ocrx_word' id='word_1_740' title='bbox 581 2567 615 2594; x_wconf 81' lang='grc' dir='ltr'><strong>τὰ</strong></span> <span class='ocrx_word' id='word_1_741' title='bbox 629 2569 691 2604; x_wconf 85' lang='grc' dir='ltr'>περὶ</span> <span class='ocrx_word' id='word_1_742' title='bbox 702 2569 748 2595; x_wconf 80' lang='grc' dir='ltr'>τοῦ</span> <span class='ocrx_word' id='word_1_743' title='bbox 762 2569 938 2604; x_wconf 76' lang='grc' dir='ltr'>Μελχισεδὲκ,</span> 
     </span>
    </p>
   </div>
   <div class='ocr_carea' id='block_1_103' title="bbox 996 2563 1802 2604">
    <p class='ocr_par' dir='ltr' id='par_1_103' title="bbox 1027 2565 1802 2600">
     <span class='ocr_line' id='line_1_103' title="bbox 1027 2565 1802 2600; baseline -0.009 -6"><span class='ocrx_word' id='word_1_744' title='bbox 1027 2565 1204 2594; x_wconf 81' lang='lat' dir='ltr'><strong>Melchisedee.</strong></span> <span class='ocrx_word' id='word_1_745' title='bbox 1220 2566 1288 2593; x_wconf 87' lang='lat' dir='ltr'><strong>Nota</strong></span> <span class='ocrx_word' id='word_1_746' title='bbox 1310 2573 1370 2600; x_wconf 75' lang='lat' dir='ltr'><strong>qua:</strong></span> <span class='ocrx_word' id='word_1_747' title='bbox 1390 2565 1423 2593; x_wconf 89' lang='lat' dir='ltr'><strong>de</strong></span> <span class='ocrx_word' id='word_1_748' title='bbox 1445 2565 1621 2592; x_wconf 83' lang='lat' dir='ltr'><strong>Melchisedec</strong></span> <span class='ocrx_word' id='word_1_749' title='bbox 1638 2568 1768 2597; x_wconf 86' lang='lat' dir='ltr'><strong>tanquam</strong></span> <span class='ocrx_word' id='word_1_750' title='bbox 1795 2576 1802 2582; x_wconf 74' lang='grc' dir='ltr'><strong>ι</strong></span> 
     </span>
    </p>
   </div>
   <div class='ocr_carea' id='block_1_104' title="bbox 160 2607 941 2650">
    <p class='ocr_par' dir='ltr' id='par_1_104' title="bbox 160 2607 940 2650">
     <span class='ocr_line' id='line_1_104' title="bbox 160 2607 940 2650; baseline 0.006 -14"><span class='ocrx_word' id='word_1_751' title='bbox 160 2607 196 2640; x_wconf 83' lang='grc' dir='ltr'><strong>ὡς</strong></span> <span class='ocrx_word' id='word_1_752' title='bbox 220 2610 346 2646; x_wconf 81' lang='grc' dir='ltr'>ίεράρχου</span> <span class='ocrx_word' id='word_1_753' title='bbox 367 2612 458 2644; x_wconf 72' lang='grc' dir='ltr'>ὄντος,</span> <span class='ocrx_word' id='word_1_754' title='bbox 476 2613 521 2639; x_wconf 82' lang='grc' dir='ltr'>καὶ</span> <span class='ocrx_word' id='word_1_755' title='bbox 538 2614 571 2649; x_wconf 86' lang='grc' dir='ltr'>τῇ</span> <span class='ocrx_word' id='word_1_756' title='bbox 593 2614 626 2640; x_wconf 77' lang='grc' dir='ltr'><strong>δι’</strong></span> <span class='ocrx_word' id='word_1_757' title='bbox 649 2614 769 2648; x_wconf 74' lang='grc' dir='ltr'>ἀγγέλων</span> <span class='ocrx_word' id='word_1_758' title='bbox 785 2615 879 2650; x_wconf 71' lang='grc' dir='ltr'>ὁδηγίᾳ</span> <span class='ocrx_word' id='word_1_759' title='bbox 895 2615 940 2641; x_wconf 82' lang='grc' dir='ltr'>τὸν</span> 
     </span>
    </p>
   </div>
   <div class='ocr_carea' id='block_1_105' title="bbox 996 2607 1766 2650">
    <p class='ocr_par' dir='ltr' id='par_1_105' title="bbox 996 2610 1766 2646">
     <span class='ocr_line' id='line_1_105' title="bbox 996 2610 1766 2646; baseline -0.008 -6"><span class='ocrx_word' id='word_1_760' title='bbox 996 2613 1137 2642; x_wconf 88' lang='lat' dir='ltr'><strong>hierarcha</strong></span> <span class='ocrx_word' id='word_1_761' title='bbox 1154 2613 1293 2645; x_wconf 88' lang='lat' dir='ltr'><strong>dicuntur,</strong></span> <span class='ocrx_word' id='word_1_762' title='bbox 1309 2615 1336 2640; x_wconf 90' lang='lat' dir='ltr'><strong>et</strong></span> <span class='ocrx_word' id='word_1_763' title='bbox 1354 2612 1388 2640; x_wconf 87' lang='lat' dir='ltr'><strong>de</strong></span> <span class='ocrx_word' id='word_1_764' title='bbox 1403 2619 1435 2639; x_wconf 92' lang='lat' dir='ltr'><strong>eo</strong></span> <span class='ocrx_word' id='word_1_765' title='bbox 1449 2613 1494 2646; x_wconf 86' lang='lat' dir='ltr'><strong>qui</strong></span> <span class='ocrx_word' id='word_1_766' title='bbox 1507 2610 1669 2639; x_wconf 86' lang='lat' dir='ltr'><strong>deductione</strong></span> <span class='ocrx_word' id='word_1_767' title='bbox 1684 2615 1766 2642; x_wconf 50' lang='lat' dir='ltr'><strong>auge»</strong></span> 
     </span>
    </p>
   </div>
   <div class='ocr_carea' id='block_1_106' title="bbox 210 2686 983 2724">
    <p class='ocr_par' dir='ltr' id='par_1_106' title="bbox 210 2686 983 2724">
     <span class='ocr_line' id='line_1_106' title="bbox 210 2686 983 2724; baseline 0.001 -8"><span class='ocrx_word' id='word_1_768' title='bbox 210 2687 311 2717; x_wconf 71' lang='lat' dir='ltr'><strong>&#39;Deut.</strong></span> <span class='ocrx_word' id='word_1_769' title='bbox 328 2697 414 2724; x_wconf 77' lang='lat' dir='ltr'><strong>xxxii,</strong></span> <span class='ocrx_word' id='word_1_770' title='bbox 430 2690 456 2717; x_wconf 85' lang='lat'><strong>9.</strong></span> <span class='ocrx_word' id='word_1_771' title='bbox 513 2690 520 2710; x_wconf 74' lang='grc' dir='ltr'><strong>ε</strong></span> <span class='ocrx_word' id='word_1_772' title='bbox 534 2689 612 2717; x_wconf 82' lang='lat' dir='ltr'><strong>Rom.</strong></span> <span class='ocrx_word' id='word_1_773' title='bbox 632 2698 673 2722; x_wconf 86' lang='grc' dir='ltr'>ιιι,</span> <span class='ocrx_word' id='word_1_774' title='bbox 688 2686 796 2717; x_wconf 73' lang='grc'><strong>29»50.8</strong></span> <span class='ocrx_word' id='word_1_775' title='bbox 815 2689 880 2717; x_wconf 91' lang='lat' dir='ltr'><strong>Luc.</strong></span> <span class='ocrx_word' id='word_1_776' title='bbox 902 2698 942 2722; x_wconf 89' lang='grc' dir='ltr'>ιιι,</span> <span class='ocrx_word' id='word_1_777' title='bbox 957 2689 983 2716; x_wconf 90' lang='lat'><strong>8.</strong></span> 
     </span>
    </p>
   </div>
   <div class='ocr_carea' id='block_1_107' title="bbox 631 2765 1301 2795">
    <p class='ocr_par' dir='ltr' id='par_1_107' title="bbox 631 2765 1301 2795">
     <span class='ocr_line' id='line_1_107' title="bbox 631 2765 1301 2795; baseline 0 -3"><span class='ocrx_word' id='word_1_778' title='bbox 631 2765 745 2793; x_wconf 65' lang='lat' dir='ltr'><strong>VARI/1‘1</strong></span> <span class='ocrx_word' id='word_1_779' title='bbox 764 2766 953 2794; x_wconf 81' lang='lat' dir='ltr'><strong>LECTIONES</strong></span> <span class='ocrx_word' id='word_1_780' title='bbox 971 2767 1014 2794; x_wconf 88' lang='lat' dir='ltr'>ET</span> <span class='ocrx_word' id='word_1_781' title='bbox 1033 2765 1301 2795; x_wconf 79' lang='lat' dir='ltr'><strong>CORRECTIONES.</strong></span> 
     </span>
    </p>
   </div>
   <div class='ocr_carea' id='block_1_108' title="bbox 198 2832 1064 2874">
    <p class='ocr_par' dir='ltr' id='par_1_108' title="bbox 198 2832 1064 2874">
     <span class='ocr_line' id='line_1_108' title="bbox 198 2832 1064 2874; baseline 0.007 -15"><span class='ocrx_word' id='word_1_782' title='bbox 198 2832 221 2849; x_wconf 79' lang='grc'><strong>⁵⁸</strong></span> <span class='ocrx_word' id='word_1_783' title='bbox 236 2832 464 2868; x_wconf 74' lang='grc' dir='ltr'>ἐπιστομίζεσθαι.</span> <span class='ocrx_word' id='word_1_784' title='bbox 500 2835 519 2851; x_wconf 88' lang='grc'><strong>¹¹</strong></span> <span class='ocrx_word' id='word_1_785' title='bbox 539 2836 614 2869; x_wconf 75' lang='grc' dir='ltr'>μηδέ,</span> <span class='ocrx_word' id='word_1_786' title='bbox 637 2836 670 2874; x_wconf 22' lang='grc' dir='ltr'><strong>Ἵθι</strong></span> <span class='ocrx_word' id='word_1_787' title='bbox 689 2835 792 2863; x_wconf 74' lang='grc' dir='ltr'>ἑαυτόν.</span> <span class='ocrx_word' id='word_1_788' title='bbox 826 2836 847 2853; x_wconf 80' lang='grc' dir='ltr'><strong>θ³</strong></span> <span class='ocrx_word' id='word_1_789' title='bbox 865 2835 1064 2872; x_wconf 72' lang='grc' dir='ltr'>ί;οαρχοῦντος.,</span> 
     </span>
    </p>
   </div>
  </div>
