1925 3060
163 133 199 164 87
580 130 752 160 APPENDIX
767 130 812 158 AD
827 129 941 159 OPEﬂA
962 128 990 157 S.
1008 125 1157 159 DIONYSII
1171 124 1410 158 ABEOPAGITAS.
1741 123 1782 151 88

164 192 253 222 lorum
267 197 362 218 verum
377 189 486 226 agnovit
503 199 509 217 :
523 193 656 226 sequentes
670 193 760 217 autem
790 188 868 221 dixit,
880 195 944 224 pro.-

1003 185 1078 218 ivcmc
1101 185 1165 217 ὅντα
1179 184 1245 211 Θεὸν
1267 183 1468 218 ἔπετνωκάιος’
1486 183 1651 220 ἑπομένους
1671 180 1700 208 δὲ
1719 181 1783 211 εἷπε

163 246 224 278 pter
238 240 389 267 libertatem
404 238 519 271 arbitrii,
537 241 565 266 et
580 246 635 266 non
649 237 828 266 coactionem.

199 284 252 321 35
267 284 280 320 §
295 283 340 312 1V.
355 283 501 312 Pharaoni.
516 283 587 311 Nota
609 283 682 318 quod
696 283 769 310 dicat
782 281 902 310 visiones
917 281 946 311 in

164 330 279 359 somniis
304 337 352 365 per
379 330 490 365 angelos
513 329 600 357 factas
619 328 722 361 fuisse,
745 327 898 361 Pharaoni,
919 331 947 355 et

163 375 436 409 Nabuchodonosori,
453 378 480 403 et
495 375 592 403 licium
607 374 786 411 ἐκφαντορίας
802 382 850 402 seu
863 374 947 402 inter-

163 422 338 460 pretationes.

200 467 321 496 Famuli.
336 467 436 504 Josepb
452 467 560 504 quidem
573 467 773 504 (Egyptiorum,
791 466 886 495 Daniel
897 475 947 494 au-

163 518 218 542 tem
234 515 445 551 Babyloniorum
456 535 463 548 ,
489 514 592 549 angelis
608 514 806 549 imperantibus
821 513 864 541 his
877 520 945 549 gen-

164 561 250 595 tibus,
267 561 316 589 Dei
330 562 471 589 voluntate
483 559 605 588 visiones
618 559 813 588 revelantibus.

200 651 285 684 Quasi
308 650 412 678 sortito.
432 649 502 677 Nota
525 649 779 683 interpretationem
800 650 946 678 verborum

162 696 262 725 cantici
273 696 374 732 Moysis
389 706 395 724 :
413 694 525 730 Quando
537 694 669 721 dividebat
680 694 832 723 Altissimus
847 700 944 731 gentes,

162 750 227 778 quos
243 741 364 776 dispersit
378 740 449 776 ﬁlios
460 739 563 772 Adam,
579 740 673 767 statuit
693 741 816 768 terminos
831 741 945 776 gentium

163 783 303 814 secundum
314 794 451 814 numerum
463 785 615 822 angelorum
626 785 675 813 Dei
682 790 722 817 ;et
737 786 823 820 factus
836 790 875 814 est
885 794 946 821 por-

163 833 199 860 tio
212 832 319 860 Domini
325 832 437 868 populus
445 831 540 865 Iacob,
549 833 682 867 funiculus
691 832 852 860 hwreditatis
863 833 945 867 ipsius

164 878 250 907 Israel
264 879 277 898 ιι
294 886 300 904 :
316 886 372 906 non
388 878 461 906 enim
476 882 596 915 oportet,
612 879 712 915 inquit,
732 878 859 907 arbitrari
873 878 945 906 divi-

163 926 234 954 sisse
249 933 311 953 cum
336 925 397 954 aliis
420 925 473 954 diis
489 930 536 953 aut
560 926 663 962 angelis
678 929 789 962 gentes;
804 934 860 955 non
873 926 947 954 enim

163 973 259 1000 sortito
273 972 371 1008 obtigit
384 972 440 1000 Deo
457 973 567 1008 quidem
591 973 674 1001 lsrael
684 993 692 1005 ,
715 972 776 1000 aliis
791 976 880 1000 autem
896 979 947 1000 an-

162 1018 231 1053 gelis
246 1018 384 1053 privatim,
395 1022 425 1045 ut
439 1018 467 1046 in
480 1019 558 1046 nullo
569 1018 623 1045 alio
637 1019 688 1054 ipsi
703 1017 758 1045 Deo
770 1018 945 1046 ministrent:

162 1063 280 1099 exempli
295 1063 394 1099 gratia,
411 1063 468 1091 haec
485 1071 551 1099 gens
566 1063 631 1091 huic
646 1063 742 1099 angelo
756 1067 829 1091 sorte
840 1063 946 1099 obtigit,

163 1117 253 1144 neque
267 1109 320 1137 ista
341 1116 407 1147 gens
427 1114 470 1137 est
490 1109 546 1137 Deo
559 1118 646 1143 curae,
663 1114 710 1137 aut
722 1109 790 1136 nulli
807 1109 852 1136 alii
869 1113 948 1137 vacat

164 1154 236 1189 apud
261 1154 363 1188 Deum,
390 1155 508 1190 alicujus
530 1156 618 1190 gentis
641 1156 753 1190 angelus
773 1165 780 1184 :
803 1163 868 1185 vero
891 1162 947 1183 non

163 1201 262 1236 aequali
275 1201 377 1229 honore
391 1201 434 1229 vel
445 1201 568 1237 opposite
580 1203 702 1237 suscepit
716 1201 788 1229 Deus
801 1202 871 1229 banc
883 1209 949 1237 gen-

163 1252 235 1281 tem;
258 1252 285 1276 et
300 1249 418 1284 quisque
432 1249 590 1285 angelorum
617 1249 811 1284 particularem
827 1253 946 1285 gentem,

164 1295 237 1323 sicut
252 1295 279 1322 in
296 1295 367 1323 lsaia
381 1295 485 1322 dictum
500 1299 552 1328 est,
569 1295 641 1330 quod
658 1295 783 1323 diabolus
795 1299 901 1324 montes
914 1295 949 1323 ad

163 1341 288 1374 boream,
315 1340 368 1368 hoc
384 1344 426 1369 est
446 1345 541 1376 gentes
557 1341 626 1368 dixit
643 1341 671 1368 in
685 1342 776 1377 seipso
790 1342 906 1376 habere,
921 1345 949 1369 et

165 1386 328 1414 contrariari
343 1386 408 1420 Deo,
434 1387 586 1422 similisque
602 1395 664 1415 esse
683 1387 834 1416 Altissimo.
851 1387 949 1417 Omnia

164 1432 237 1460 enim
263 1434 386 1461 serviunt
398 1432 463 1467 Deo,
480 1437 508 1462 et
530 1434 588 1469 ipse
604 1435 732 1462 omnibus
746 1435 862 1470 imperat
877 1444 884 1463 :
902 1436 949 1465 sed

160 1477 255 1514 ipsum
269 1483 467 1514 cognoscentes
481 1480 568 1515 pluris
583 1480 665 1515 facit;
679 1481 795 1517 ideoque
808 1482 866 1517 ipse
880 1482 950 1510 dici-

995 233 1039 260 διὰ
1049 232 1080 259 τὸ
1095 231 1263 266 αὐθαίρετον,
1280 231 1326 258 καὶ
1340 231 1370 257 οὐ
1385 229 1652 266 κατηναγκασμένον.

1032 279 1046 315 §
1059 278 1103 306 IV.
1118 277 1160 311 Τῷ
1179 276 1515 312 Φαραώ-Σημείωσαι,ὃτι
1526 275 1559 303 δι’
1575 275 1697 310 ἀγγέλων
1713 276 1784 313 φησὶ

995 325 1044 358 τὰς
1058 325 1118 352 καθ’
1135 324 1233 356 ὕπνους
1247 323 1373 359 γενέσθαι
1385 323 1492 359 ὁράσεις
1505 322 1544 358 τῷ
1555 321 1668 358 Φαραὼ,
1682 322 1730 350 καὶ
1741 322 1784 358 τῷ

996 370 1239 407 Ναϐουχοδονόσορ,
1254 370 1301 399 καὶ
1315 369 1364 401 τὰς
1377 369 1478 399 τούτων
1493 368 1683 404 ἐκφαντοριας,
1697 368 1784 403 {now

996 418 1153 454 ἑρμηνείας.

1031 463 1223 498 Θεράποντες.
1244 462 1273 489 '0
1290 461 1337 497 μὲν
1359 461 1457 497 Ἰωσὴφ
1470 460 1524 488 τῶν
1541 459 1710 494 Δίγυπτίων-
1725 459 1739 486 ό
1752 459 1786 488 δὲ

995 509 1093 545 Δανιὴλ
1112 509 1165 536 τῶν
1186 507 1365 535 Βαϐυλωνίων
1377 528 1384 541 ,
1400 507 1522 542 ἀγγέλων
1537 506 1591 534 τῶν
1607 505 1786 533 ἐπιστατούν-

995 564 1049 583 των
1065 557 1122 587 τοῖς
1134 555 1222 582 ἔθνεσι
1235 554 1349 587 τούτοις,
1361 553 1442 590 βουλῇ
1457 552 1524 580 Θεοῦ
1536 552 1784 581 ἀποκαλυπτόντων

995 602 1030 630 τὰ
1042 602 1168 638 ὁράματα
1174 601 1206 628 ⁸⁸.

1038 652 1301 687 Ἀποκληρωτικῶς.
1320 650 1475 687 Σημείωσαι
1491 649 1540 686 τὴν
1559 648 1704 686 ἑρμηνείαν
1727 648 1786 676 τῶν

998 698 1087 735 ῥητῶν
1098 698 1148 733 τῆς
1159 697 1280 729 Μωσέως
1288 696 1358 732 ᾠδῆς
1365 696 1439 723 ’Ὅτε
1450 695 1608 731 διεμέριζεν
1619 696 1635 721 ὁ
1642 695 1787 729 Ὕψιστος

995 745 1082 779 ἔθνη,
1100 744 1151 777 οὒς
1173 742 1338 779 διεμέρισεν
1353 742 1436 775 υἱοὺς
1456 741 1557 776 Ἀδάμ,
1570 741 1702 775 ἔστησεν
1717 739 1788 775 ὅρια

994 789 1089 818 ἐθνῶν
1103 791 1177 816 κατὰ
1192 788 1314 824 ἀριθμὸν
1333 787 1466 823 ἀγγέλων
1480 786 1567 814 Θεοῦ·
1590 786 1640 813 καὶ
1658 785 1786 820 ἐγενήθη

993 836 1078 872 μερὶς
1107 835 1218 870 Κυρίου
1249 834 1324 868 λαὸς
1355 833 1447 861 αὑτοῦ
1477 832 1591 867 Ἰακὼϐ,
1620 831 1788 866 σχοινισμα

996 881 1195 917 κληρονομίας
1216 880 1309 908 αὐτοῦ
1326 879 1445 914 Ἰσραήλ
1456 887 1463 894 ·
1484 878 1515 907 οὐ
1535 878 1590 914 γὰρ
1611 878 1667 911 δεῖ,
1682 877 1765 913 φησὶν
1777 897 1786 910 ,

995 928 1098 956 οτεσθαι
1123 926 1283 963 μερίσασθαι
1311 925 1379 961 πρὸς
1401 925 1511 961 ἐτέρους
1527 924 1605 956 θεοὺς
1622 923 1640 960 ἢ
1654 923 1788 958 ἀγγέλους

995 974 1030 1001 τὰ
1044 973 1107 1010 ἔθνη
1118 982 1124 989 ’
1138 973 1169 1000 οὺ
1184 972 1240 1008 γὰρ
1253 969 1484 1008 ἀποκληρωτικῶς
1495 970 1574 1006 ἔλαχε
1584 990 1591 1003 ,
1606 969 1645 1006 τῷ
1659 969 1718 1006 Θεῷ
1736 969 1787 1005 μὲν

1004 1019 1125 1056 Ἰσραὴλ,
1143 1020 1200 1050 τοῖς
1218 1019 1247 1046 δὲ
1273 1017 1361 1050 ἄλλοις
1377 1016 1502 1052 ἀγγέλοις
1518 1016 1605 1049 ἰδίως,
1622 1016 1660 1048 ὡς
1679 1016 1716 1051 μὴ
1729 1015 1788 1042 δια-

997 1067 1085 1093 κονεῖν
1100 1065 1198 1098 αὐτοὺς
1212 1065 1253 1097 εἰς
1268 1064 1331 1091 ἄλλο
1348 1073 1375 1091 τι
1389 1064 1428 1100 τῷ
1443 1063 1503 1099 Θεῷ
1514 1071 1521 1079 ·
1537 1060 1593 1090 οἷον
1607 1062 1673 1098 φέρε
1687 1062 1786 1094 είπεῖν,

997 1111 1056 1138 τόδε
1077 1111 1108 1138 τὸ
1124 1111 1200 1142 ἔθνος
1215 1110 1283 1146 τῷδε
1298 1110 1337 1146 τῷ
1352 1109 1459 1145 ἀγγέλῳ
1475 1109 1553 1144 ἔλαχε
1563 1129 1570 1141 ,
1586 1109 1633 1135 καὶ
1645 1107 1676 1134 οὺ
1711 1107 1787 1143 μέλει

997 1157 1036 1194 τῷ
1051 1157 1110 1192 Θεῷ
1125 1156 1171 1183 τοῦ
1186 1156 1276 1189 ἔθνους
1297 1156 1393 1183 αὑτοῦ·
1411 1156 1428 1192 ἢ
1442 1155 1473 1182 οὑ
1490 1154 1612 1191 σχολάζει
1629 1154 1715 1191 ἑτέρῳ
1730 1162 1787 1181 τινι

997 1203 1066 1240 πρὸς
1080 1203 1156 1235 Θεὸν,
1167 1203 1181 1229 ὁ
1196 1203 1243 1230 τοῦ
1260 1202 1350 1234 ἔθνους
1365 1202 1495 1237 ἄγγελος,
1507 1201 1563 1228 ἀλλ’
1580 1201 1633 1227 οὐδ’
1648 1200 1788 1236 oportuni;

998 1249 1015 1285 ἢ
1030 1249 1176 1282 ἀντιθέτως
1190 1248 1284 1275 ἔλαϐεν
1299 1250 1313 1275 ὁ
1323 1248 1390 1280 Θεὸς
1402 1248 1461 1275 τόδε
1471 1248 1501 1275 τὸ
1516 1248 1600 1280 ἔθνος,
1612 1247 1659 1274 καὶ
1672 1247 1787 1279 ἕκαστος

997 1295 1051 1322 τῶν
1064 1295 1186 1330 ἀγγέλων
1202 1295 1267 1322 [διον
1283 1294 1373 1327 ἔθνος,
1390 1294 1430 1326 ὡς
1443 1295 1472 1321 ὲν
1485 1293 1524 1330 τῷ
1545 1294 1644 1329 Ἡσαΐᾳ
1666 1292 1786 1329 εἴρηται,

998 1343 1040 1369 ὅτι
1063 1342 1078 1368 ὁ
1102 1341 1224 1373 διάϐολος
1245 1340 1280 1368 τὰ
1299 1341 1367 1376 πρὸς
1392 1340 1491 1377 βορρᾶν
1515 1339 1581 1376 ὅρη,
1605 1339 1730 1366 τουτέστι
1751 1338 1787 1365 τὰ

999 1388 1074 1424 ἔθνη,
1085 1385 1162 1414 εἶπεν
1176 1388 1204 1414 ὲν
1219 1386 1307 1422 ἑαυτῷ
1321 1386 1404 1422 ἔχειν,
1415 1387 1462 1414 καὶ
1473 1384 1658 1413 ἐναντιοῦσθαι
1667 1384 1706 1420 τῷ
1715 1383 1786 1420 Θεῷ,

999 1435 1046 1461 καὶ
1060 1433 1128 1461 εἶναι
1145 1434 1237 1474 ὅμοιος
1255 1433 1294 1469 τῷ
1316 1433 1452 1468 ’Υψίστῳ·
1470 1432 1557 1459 πάντα
1570 1431 1625 1468 γὰρ
1638 1430 1719 1459 δοῦλα
1738 1431 1786 1458 τοῦ

999 1479 1077 1514 Θεοῦ,
1091 1480 1138 1507 καὶ
1153 1480 1260 1506 πάντων
1275 1479 1357 1510 αὐτὸς
1371 1479 1463 1515 ἄρχει·
1479 1478 1546 1506 ἀλλὰ
1564 1479 1627 1510 τοὺς
1638 1477 1786 1512 γινώσκον-

164 1528 210 1552 ιυι·
234 1525 302 1560 ipsis
324 1525 476 1561 imperare,
501 1526 552 1554 etsi
581 1526 698 1554 habeant
731 1527 856 1562 angelum
882 1535 948 1563 pra:-

1003 1534 1048 1558 τας
1063 1526 1144 1553 αὑτὸν
1157 1526 1291 1562 προτιμᾷ·
1307 1524 1355 1552 καὶ
1369 1525 1413 1552 διὰ
1429 1523 1508 1551 τοῦτο
1522 1525 1569 1551 καὶ
1584 1524 1666 1555 αὐτὸς
1677 1523 1787 1558 λέγεται

164 1571 278 1604 fectum,
293 1571 365 1599 sicut
378 1571 461 1599 Israel
475 1571 651 1607 Michaelem;
666 1576 692 1601 et
707 1573 844 1608 quomodo
858 1573 948 1601 omni-

163 1618 217 1646 bus
239 1617 310 1646 Deus
330 1619 467 1654 imperans
479 1639 486 1651 ,
504 1627 552 1654 per
570 1619 759 1647 excellentiam
775 1623 866 1647 tamen
880 1619 949 1646 dici-

166 1667 211 1690 tur
235 1663 307 1692 Deus
323 1663 427 1696 lsrael,
453 1668 480 1692 et
502 1663 586 1693 Israel
607 1665 693 1700 ipsius
716 1665 843 1701 populus.
861 1666 950 1701 Atque

165 1710 283 1738 dicimus
296 1710 368 1746 quod
383 1710 454 1738 Deus
469 1711 590 1739 omnium
604 1715 646 1739 est
661 1711 733 1739 Deus
743 1721 751 1748 ξ
762 1711 950 1739 accedentium

166 1759 257 1783 autem
274 1756 307 1782 ad
320 1756 419 1791 ipsum,
436 1756 579 1793 ipsumque
593 1757 681 1784 solum
694 1757 864 1787 adorantium
877 1756 951 1792 juste

167 1801 239 1829 Deus
255 1801 372 1836 dicitur;
389 1802 487 1838 reliqui
500 1810 565 1831 vero
576 1802 650 1830 idola
664 1803 799 1836 colentes,
816 1803 886 1830 alios
898 1802 951 1830 sibi

164 1846 271 1876 faciunt
287 1847 362 1876 deos.

202 1892 304 1920 Factus
327 1898 366 1920 est
386 1902 448 1929 pars
471 1894 588 1922 Domini.
610 1893 694 1922 Recte
709 1895 904 1930 interpretatur
919 1895 952 1922 il-

167 1938 236 1967 lud:
253 1937 317 1965 Fuit
333 1947 395 1974 pars
410 1939 518 1969 Domini
534 1939 630 1967 Israel.
656 1939 804 1975 Oportebat
819 1940 913 1976 igitur,
928 1941 952 1968 si

168 1984 277 2021 quidem
287 1984 370 2013 Israel
379 1986 454 2013 solus
463 1986 646 2022 cognoscebat
657 1985 753 2018 Deum,
762 1987 851 2022 ipsum
862 1987 950 2014 solum

169 2039 184 2060 ο
196 2031 252 2059 Deo
267 2036 294 2060 et
310 2033 413 2068 angelis
426 2033 487 2067 ejus
500 2033 609 2067 curari;
624 2041 720 2061 verum
735 2034 762 2062 in
778 2034 830 2061 hoc
845 2041 953 2069 quoque

168 2077 323 2105 ostenditur
346 2078 480 2108 immensa
502 2082 529 2106 et
553 2078 751 2114 investigabilis
776 2079 823 2106 Dei
844 2079 952 2106 miseri-

168 2123 274 2155 cordia,
290 2124 363 2159 quod
379 2124 413 2152 iis
427 2125 508 2152 etiam
523 2125 571 2160 qui
586 2125 712 2153 videntur
723 2133 777 2153 non
791 2133 851 2153 esse
867 2126 952 2161 partis

168 2170 229 2205 ejus
239 2190 247 2203 ,
261 2171 455 2206 particularem
471 2172 597 2208 angelum
614 2172 793 2208 prmposuerit
806 2172 879 2208 genti
901 2180 951 2201 cu-,

1000 1572 1088 1599 αὐτῶν
1103 1572 1211 1609 ἄρχειν,
1221 1572 1274 1599 κᾶν
1290 1571 1405 1608 ἔχοιεν⁸⁵
1420 1570 1534 1606 ἄγγελον
1547 1570 1686 1606 ἐφεστῶτα
1696 1591 1703 1604 ,
1721 1569 1759 1602 ὡς
1771 1569 1790 1602 ὀγ

1006 1618 1114 1655 Ἰσραὴλ
1127 1618 1172 1645 τὸν
1186 1618 1305 1654 Μιχαὴλ.
1321 1618 1375 1645 Καὶ
1389 1617 1448 1649 πῶς
1461 1617 1570 1645 πάντων
1583 1618 1597 1644 ὁ
1611 1616 1679 1649 θεὸς
1692 1617 1783 1653 ἄρχων

1002 1667 1061 1692 κατ’
1075 1665 1212 1701 ἐξαίρετον
1225 1664 1272 1691 τοῦ
1287 1664 1395 1701 Ἰσραὴλ
1403 1664 1509 1699 λέγεται
1520 1663 1596 1696 Θεὸς,
1602 1663 1648 1690 καὶ
1657 1662 1786 1698 όἸσραὴλ

1002 1711 1102 1747 αὑτοῦ;
1121 1710 1175 1738 Καὶ
1191 1711 1323 1746 λέγομεν,
1341 1711 1381 1737 δτι
1397 1711 1411 1737 ὀ
1425 1710 1491 1742 Θεὸς
1504 1710 1612 1738 πάντων
1631 1710 1690 1736 ἐστὶ
1705 1709 1784 1741 Θεός·

1003 1757 1056 1785 τῶν
1072 1757 1100 1784 δὲ
1115 1756 1317 1793 πλησιαζόντων
1335 1756 1409 1792 αὐτῷ
1421 1776 1428 1788 ,
1446 1756 1492 1783 καὶ
1506 1756 1587 1783 αὑτὸν
1611 1757 1689 1792 μόνον
1704 1765 1787 1792 προσ-

1003 1804 1153 1832 κυνούντων
1176 1803 1283 1838 λέγεται
1306 1802 1373 1835 Θεὸς
1396 1802 1521 1834 δικαίως·
1549 1803 1573 1828 οἰ
1595 1802 1623 1828 δὲ
1639 1802 1661 1817 ⁸⁸
1683 1801 1785 1836 λοιποὶ,

1002 1850 1098 1877 εἴδωλα
1114 1850 1252 1883 σέϐοντες,
1269 1849 1378 1885 ἑτέρους
1392 1847 1513 1874 ποιοῦσιν
1527 1847 1629 1874 ἑαυτῶν
1646 1846 1732 1879 θεούς.

1043 1896 1182 1932 Ἐγεννήθη
1203 1895 1288 1931 μερὶς
1318 1894 1437 1928 Κυρίου.
1457 1893 1555 1925 Καλῶς
1576 1892 1720 1929 ὲρμηνεύει
1737 1892 1786 1920 τό’

1009 1940 1139 1978 Ἐγένετο
1149 1942 1235 1977 μερὶς
1250 1940 1359 1975 Κυρίου
1375 1940 1502 1974 Ἰσραήλ.
1531 1940 1628 1975 Ἐχρῆν
1642 1937 1699 1973 οὖν,
1709 1939 1791 1977 simpl

1002 1990 1017 2016 ὁ
1032 1988 1139 2024 Ἰσραὴλ
1154 1988 1232 2024 μόνος
1250 1986 1416 2021 ὲπεγίνωσκε
1434 1985 1516 2019 Θεὸν,
1543 1986 1622 2013 αὐτὸν
1640 1986 1718 2022 μόνον
1735 1986 1786 2013 ὑπὸ

1002 2034 1049 2061 τοῦ
1061 2034 1163 2070 Κυρίου
1178 2031 1399 2065 ἐπισκοπεῖσθαι,
1415 2032 1462 2059 καὶ
1479 2032 1533 2058 τῶν
1548 2031 1671 2066 ἀγγέλων
1687 2032 1789 2059 αὐτοῦ’,

1003 2080 1070 2107 ἀλλὰ
1084 2080 1131 2106 καὶ
1145 2080 1173 2106 ὲν
1187 2078 1273 2114 τούτῳ
1286 2078 1421 2105 δείκνυται
1436 2078 1466 2105 τὸ
1477 2078 1630 2114 ἀμέτρητον
1647 2079 1694 2106 καὶ
1705 2079 1788 2112 ἀνεξι-

1003 2126 1127 2162 χνίαστον
1143 2125 1216 2157 ἔλεος
1225 2124 1272 2151 τοῦ
1287 2123 1365 2157 Θεοῦ,
1382 2124 1424 2151 ὃτι
1440 2124 1487 2158 καὶ
1498 2126 1555 2156 τοῖς
1569 2124 1678 2153 δοκοῦσι
1696 2125 1733 2161 μὴ
1748 2123 1787 2152 εἷ-

1003 2182 1047 2200 ναι
1060 2172 1110 2207 τῆς
1127 2172 1234 2207 μερίδος
1246 2170 1340 2204 αὑτοῦ,
1351 2170 1415 2197 ῐδιον
1430 2170 1544 2205 ἄγγελον
1559 2171 1725 2207 προεϐάλετο
1738 2170 1787 2206 φύε

169 2216 274 2243 stodem
286 2226 291 2244 :
307 2216 380 2244 Oriri
393 2218 462 2244 enim
479 2217 544 2252 facit
558 2218 640 2245 solent
654 2227 730 2246 suum
746 2218 916 2253 superjastos
929 2225 948 2245 et

1004 2221 1075 2247 λακα
1089 2219 1136 2246 τοῦ
1151 2219 1255 2250 ἔθνους·
1279 2217 1443 2245 Ἀνατέλλει
1460 2217 1516 2251 γὰρ
1528 2216 1581 2244 τὸν
1594 2217 1683 2251 ἥλιον
1696 2217 1786 2244 αὐτοῦ

167 2262 282 2297 injustas
294 2263 301 2283 ί
313 2271 320 2296 ;
331 2267 357 2290 et
369 2264 483 2292 iterum:
498 2263 560 2292 Non
575 2265 661 2292 volens
673 2270 781 2292 mortem
795 2265 951 2300 peccatoris,

168 2307 214 2335 sed
228 2313 255 2334 ut
272 2313 437 2336 convertatur
451 2314 476 2337 et
491 2309 580 2337 vioat"
591 2319 599 2344 ;
611 2318 706 2338 verum
718 2310 803 2343 dices,
815 2310 953 2345 quomodo

168 2354 224 2389 36
232 2355 279 2389 qui
294 2355 396 2386 habent
408 2357 517 2392 angelos
533 2349 678 2385 sibia'Deo
690 2358 717 2385 in
733 2366 812 2393 reges
826 2361 853 2386 et
868 2358 952 2386 duces

169 2400 248 2428 datos
261 2420 269 2433 ,
294 2401 480 2432 discesserunt
495 2411 510 2430 a
527 2403 582 2433 Deo
598 2404 704 2432 vivente
719 2408 745 2432 et
769 2405 953 2432 adoraverunt

169 2446 262 2476 idola?
286 2446 406 2476 Dicimus
434 2457 543 2478 omnem
570 2450 760 2480 necessitatem
786 2451 820 2478 ab
849 2451 883 2479 iis
903 2451 950 2486 qui

170 2491 255 2519 Deum
273 2493 415 2523 intuentur
427 2496 568 2530 abactam;
583 2502 678 2524 contra
692 2505 758 2529 vero
772 2497 889 2524 liberum
905 2504 951 2523 ar-

122 2571 127 2578 .
171 2537 282 2568 bitu-ium
299 2539 500 2576 introductum;
517 2542 540 2570 si
553 2543 616 2577 quis
629 2543 712 2579 igitur
727 2543 809 2578 eligat
820 2549 882 2570 cum
897 2541 952 2569 Deo

225 2641 238 2661 h
256 2641 336 2671 Deut.
353 2652 441 2678 xxx",
457 2645 485 2679 8,
500 2647 526 2674 9.

1005 2266 1053 2293 ἐπὶ
1069 2265 1202 2297 δικαίους
1216 2264 1265 2291 καὶ
1280 2263 1413 2303 ἀδίκους.
1427 2263 1482 2290 Καὶ
1496 2262 1589 2290 πάλιν⁴
1601 2263 1627 2289 '0
1639 2263 1682 2298 μὴ
1696 2263 1787 2291 θέλων

1005 2313 1058 2340 τὸν
1071 2311 1198 2340 θάνατον
1216 2310 1268 2337 τοῦ
1283 2309 1473 2344 ἀμαρτωλοῦ,
1495 2310 1535 2343 ὡς
1556 2309 1588 2336 τὸ
1613 2309 1787 2344 ἐπιστρέψαι

1005 2359 1054 2386 καὶ
1079 2357 1132 2393 ζῇν
1146 2357 1249 2384 αὐτόν.
1270 2355 1337 2382 Ἀλλ’
1361 2356 1446 2391 ὲρεῖς·
1475 2357 1531 2382 Καὶ
1553 2356 1612 2388 πῶς
1636 2357 1660 2383 οί
1684 2356 1788 2392 ἔχοντες

1005 2405 1136 2440 ἀγγέλους
1147 2403 1221 2440 παρὰ
1231 2402 1277 2430 τοῦ
1288 2402 1355 2430 Θεοῦ
1369 2402 1528 2439 δεδομένους
1537 2403 1577 2435 είς
1590 2403 1620 2430 τὸ
1635 2404 1786 2432 ἐπιστατεῖν

1005 2451 1053 2478 καὶ
1062 2450 1185 2486 ἡγεῖσθαι
1197 2449 1461 2485 αὑτῶν,ἀπὲστησαν
1472 2448 1526 2476 ἀπὸ
1539 2449 1606 2476 Θεοῦ
1621 2448 1732 2481 ζῶντος,
1742 2448 1786 2475 καὶ

1005 2497 1210 2534 προσεκύνησαν
1227 2495 1360 2528 είδώλοις;
1376 2495 1497 2531 Λέγομεν
1507 2515 1515 2528 ,
1532 2495 1573 2522 ὅτι
1589 2496 1664 2522 πᾶσα
1682 2494 1784 2529 ἀνάγκη

1006 2544 1039 2571 ὲκ
1053 2543 1105 2570 τῶν
1119 2543 1159 2575 είς
1172 2542 1237 2569 Θεὸν
1251 2541 1375 2578 ὁρώντων
1388 2540 1514 2577 ἐλήλαται
1529 2541 1576 2568 καὶ
1584 2540 1745 2576 ἀντεισήχθη
1758 2540 1786 2566 τὸ

568 2647 577 2667 ὶ
597 2646 693 2674 Matth.
705 2655 734 2679 v,
753 2647 798 2674 45.
839 2646 852 2665 ¹ί
868 2645 965 2673 Ezecb.
980 2653 1079 2679 χχχιιι,
1094 2644 1121 2672 9.

641 2737 757 2766 VARLE
777 2736 972 2766 LECTIONES
987 2737 1030 2764 ET
1048 2734 1319 2765 CORRECTIONES.

225 2829 248 2873 ‘f
261 2830 450 2873 ἀπεκάλυπτον
477 2832 524 2861 καὶ
551 2831 625 2869 σαφῆ
650 2831 756 2861 ἐποίουν
781 2831 816 2860 τὰ
841 2831 948 2873 ὁράμ.1

1003 2839 1056 2861 mea
1082 2831 1230 2860 revelaoant
1258 2837 1289 2857 ac
1314 2826 1526 2864 manilutabant.

180 2864 202 2888 1⁸
216 2865 241 2899 οί
267 2865 330 2906 γάρ.

1581 2827 1603 2845 ⁸⁸
1620 2827 1701 2868 ἔχωσι
1730 2829 1783 2861 καί.
