1914 3063
143 188 175 215 89
473 188 502 217 S.
521 189 643 218 MAXIMI
661 190 806 220 SCHOLIA
824 193 859 220 IN
877 192 908 220 LI

964 193 1004 221 DE
1021 193 1183 222 ClELESTl
1200 194 1419 224 HIEBARCHIA.
1717 200 1750 228 90

94 239 95 242 ¹
142 245 380 281 αὐτοπροαίρετον·
398 245 464 278 εἴτις
480 244 527 274 οὖν
542 248 660 284 αἱρεῖται
683 251 731 277 σὺν
753 251 813 287 Θεῷ
838 249 906 278 εἶναι

969 260 1040 284 esse,
1057 257 1083 280 et
1097 253 1250 280 custoditur
1268 253 1302 281 ab
1321 255 1432 290 angelo,
1456 258 1483 282 et
1498 255 1665 290 disponitur.
1689 258 1747 285 ait:

143 292 296 328 φρουρεῖται
311 291 363 318 ὑπὸ
376 291 422 319 τοῦ
444 293 558 328 ἀγγέλου
569 315 577 328 ,
591 296 637 322 καὶ
655 295 798 323 τάττεται·
814 298 920 332 Κύριος

142 337 210 372 τὴρ,
229 337 312 373 φησὶ,
339 337 476 372 γινώσκει
499 339 571 367 ὁδὸν
592 340 727 368 δικαίων·
756 342 803 369 καὶ
823 343 919 370 πάλιν⁸

141 382 285 417 Νεὼτερος
296 383 386 418 ἤμην,
407 385 454 411 καὶ
470 384 524 420 γὰρ
537 385 670 421 ὲγῆρασα
681 409 688 421 ,
706 388 754 415 καὶ
771 389 826 416 οὐκ
839 388 921 416 εἶδον

141 428 254 456 δίκαιον
264 428 581 465 ἐγκαταλελειμμένον·
598 432 625 459 ετ
637 441 679 466 τις
691 433 720 461 δὲ
733 434 783 470 τὴν
798 435 920 462 ἐναντίαν

140 475 268 509 αἱρεῖται,
281 475 331 502 οὐκ
350 475 532 509 ἀναγκάζεται
556 478 608 505 ὑπὸ
621 478 668 505 τοῦ
683 480 798 514 ἀγγέλου
816 481 875 508 τόδε
892 490 919 508 τι

139 522 221 547 ποιεῖν
232 528 239 535 ·
262 517 338 552 οὗτος
351 522 405 557 γὰρ
420 523 435 549 ὁ
450 522 507 557 βίος
524 524 571 550 καὶ
585 524 724 561 κτηνώδης
741 525 856 561 μᾶλλον,
873 527 920 554 καὶ

138 566 186 594 οὐκ
206 566 440 603 αὑτοπροαίρετος.
465 568 572 604 ’Δμέλει
596 571 643 597 καὶ
666 571 730 607 περὶ
748 571 795 598 τοῦ
813 572 919 608 Ἰσραήλ

138 619 227 647 φησιν,
250 612 291 640 ὅτι
305 613 412 649 ἥμαρτε
431 615 478 641 καὶ
496 615 725 652 ὲμοσχοποίησεν·
746 617 919 652 Ἐπίγνωσιν

137 657 190 691 γὰρ
202 678 209 689 ,
224 658 306 694 φησὶ,
326 659 400 687 Θεοῦ
414 659 524 688 ἀπώσω
533 682 541 695 ,
556 662 605 689 καὶ
619 663 716 690 ὀπίσω
727 663 782 698 τῆς
798 664 919 698 καρδίας

136 710 192 730 σου
212 704 390 739 ἐπορεύθης,
407 707 531 735 τουτέστι
551 707 581 734 τὸ
601 708 665 736 ἴδιον
686 708 790 746 θέλημα
809 710 918 746 προετίν

137 756 235 784 μησας-

172 794 226 821 Τὸν
238 795 433 830 Μιχαήλ.”οτι
448 798 495 825 καὶ
508 799 522 826 ὁ
542 798 659 835 Ἰσραὴλ,
675 801 699 826 ει
714 801 760 827 καὶ
774 801 852 837 μερὶς
862 802 918 828 Κυ-

136 839 192 876 ρίου
207 841 324 876 ἐγένετο,
338 842 395 870 ἀλλ’
410 842 456 871 οὖν
467 845 514 871 καὶ
529 845 607 872 αὐτοὶ
625 846 707 873 ἰδικὸν
722 846 836 881 ἄγγελον
846 844 917 883 εἶχον

134 886 178 917 τδν
192 888 310 924 Μιχαὴλ.

970 297 1098 325 Dominus
1120 299 1188 325 enim
1214 299 1283 326 novit
1306 299 1374 326 uiam
1396 299 1527 333 iustorum
1542 300 1569 335 l;
1586 305 1613 328 et
1629 309 1724 330 rursus
1740 311 1747 328 :

969 342 1066 370 Iunior
1076 343 1116 378 [ui
1126 362 1135 376 ,
1147 344 1243 372 etenim
1263 345 1352 378 senui,
1367 348 1392 371 et
1406 352 1458 371 non
1473 344 1525 372 vidi
1536 345 1640 379 justum
1655 345 1749 372 dereli-

969 394 1067 417 ctum“
1079 399 1086 418 :
1099 390 1121 417 si
1139 390 1202 425 quis
1215 393 1304 418 autem
1316 392 1482 418 contrariam
1499 391 1569 418 viam
1583 392 1674 428 eligat.
1694 400 1750 420 non

970 436 1075 470 cogitur
1090 436 1124 463 ab
1140 437 1236 472 angelo
1265 437 1367 472 aliquid
1385 438 1451 464 certi
1474 436 1583 465 facere:
1600 437 1656 464 haec
1676 438 1749 465 enim

969 482 1032 509 vita:
1051 481 1120 509 ratio
1143 482 1271 517 pecuaria
1293 482 1384 517 potius
1406 486 1448 510 est
1460 489 1541 517 quam
1557 482 1643 510 libero
1664 490 1749 518 agens

969 527 1097 561 arbitrio;
1112 527 1240 555 nimirum
1257 527 1338 555 etiam
1354 527 1387 554 de
1399 526 1497 554 lsraele
1511 527 1587 558 dicit,
1601 527 1674 562 quod
1686 535 1750 562 pec-

968 573 1041 600 cavit
1064 576 1092 600 et
1111 573 1226 600 vitulum
1242 572 1325 603 fecit;
1344 571 1524 608 Cagm‘tionem
1544 573 1632 605 enim,
1649 573 1747 608 inquit,

968 617 1018 645 Dei
1041 618 1160 653 repulisti
1172 638 1179 651 ,
1199 623 1296 654 etpost
1317 627 1363 646 cor
1378 624 1452 645 tuum
1465 618 1624 652 ambulaui,
1641 619 1692 646 hoc
1706 623 1750 646 est

967 664 1134 692 voluntatem
1150 664 1286 700 propriam
1298 664 1480 701 praeposuisti.

1003 799 1168 828 Michaelem.
1183 799 1261 834 Quod
1276 799 1370 833 Israel,
1386 799 1438 828 etsi
1454 807 1517 835 pars
1530 798 1637 827 Domini
1653 799 1745 833 fuerit,

967 849 1058 873 tamen
1083 845 1134 881 ipsi
1153 846 1234 873 etiam
1249 845 1413 881 peculiarem
1438 845 1563 881 angelum
1589 844 1747 872 Michaelem

967 891 1122 919 habuerint.

173 923 374 969 Ὲθελοὺσίως.
391 935 476 964 Τοῦτό
499 945 565 972 φησι
578 937 623 967 διὰ
638 938 669 965 τὸ
684 937 853 972 αὐτεξούσιον
868 940 908 967 ml

1005 937 1170 966 Voluntaria.
1186 936 1244 965 Hoc
1260 937 1327 965 dicit
1348 940 1458 973 propter
1471 937 1610 972 propriam
1633 936 1748 965 liberta—

132 978 267 1008 ἀδίαστον.

365 1038 420 1065 ΕΙΣ
438 1038 481 1067 ΤΟ
498 1041 622 1069 ΚΕΦΑΛ.
644 1042 672 1068 I'.

166 1081 216 1118 §l.
251 1084 473 1119 Τελεταρχικῆς.
498 1086 697 1124 Τελεταρχικὴν
721 1088 771 1125 τὴν
794 1089 914 1125 άρχηγὺν

130 1129 177 1157 καὶ
192 1129 280 1157 αἰτίαν
293 1131 344 1166 τῆς
360 1131 448 1159 αὐτῶν
461 1132 637 1165 τελειώσεως.

166 1220 355 1255 Κρυφιωτέρα
367 1221 434 1256 μέν.
452 1222 607 1258 Σημείωσαι
632 1223 673 1251 δτι
693 1222 807 1251 ἐνταῦθα
822 1225 913 1260 σαφῶς

128 1263 210 1299 δηλοῖ,
220 1265 265 1292 διὰ
281 1266 360 1294 ποίαν
373 1267 461 1294 αἰτίαν
476 1269 504 1294 αἱ
514 1268 604 1301 τάξεις
618 1269 672 1296 τῶν
685 1271 819 1306 οὐρανίων
831 1271 911 1298 δυνά-

129 1318 199 1345 μεων
213 1311 300 1343 οὕτως
322 1312 391 1340 εἰσὶν
403 1335 410 1347 ,
428 1313 498 1340 ὥστε
529 1315 579 1350 τὴν
592 1315 641 1350 μὲν
659 1315 811 1353 ὑπερτέραν
828 1315 910 1344 εἶναι’

126 1356 174 1392 τὴν
189 1357 217 1384 δὲ
232 1358 335 1394 μέσηνο
352 1359 401 1394 τὴν
417 1359 446 1386 δὲ
460 1360 617 1388 τελευταίαν
627 1370 633 1377 ·
649 1362 721 1397 λέγει
738 1363 792 1399 γὰρ
805 1363 849 1390 διὰ
863 1364 912 1400 τὴν

125 1401 264 1439 ὰνωτέραν
279 1403 355 1437 τάξιν
364 1425 372 1437 ,
386 1406 447 1441 ἥτις
461 1407 518 1433 ἐστὶ
530 1407 618 1442 Θρόνοι
628 1429 635 1442 ,
652 1410 772 1445 σεραφὶμ.
784 1429 791 1441 ,
805 1410 852 1436 καὶ
865 1419 911 1446 χε-

127 1448 223 1484 ρου6ὶμ
234 1469 242 1482 ,
256 1450 297 1476 ὅτι
312 1451 357 1478 ὑπ’
373 1451 457 1487 αὐτῆς
472 1452 522 1486 τῆς
536 1452 610 1485 θείας
623 1454 751 1488 γνώσεως
774 1455 910 1491 ὲλλαμπό-

125 1502 218 1530 μεναι,
233 1496 278 1523 διὰ
291 1497 321 1523 τὸ
334 1498 444 1532 άμέσως
459 1500 503 1525 ὲπ*
516 1500 601 1535 αὐτὴν
616 1501 849 1534 ἐπανατείνεσθαι,
864 1503 911 1530 καὶ

124 1541 161 1576 μὴ
176 1541 251 1577 ἔχειν
270 1543 301 1569 τὸ
321 1543 524 1580 προλαμὸάνον,
541 1545 627 1578 οὕτως
642 1547 687 1574 ὑπ’
704 1547 789 1583 αὐτῆς
802 1549 852 1584 τῆς
866 1557 911 1576 τε-

122 1585 267 1634 λεταρχίας
281 1589 331 1624 τῆς
344 1589 418 1622 θείας
432 1592 601 1627 καθαίρεται,
620 1593 667 1620 καὶ
685 1593 845 1628 φωτίζεται,
862 1595 909 1622 καὶ
922 1604 943 1634 c

120 1632 363 1670 τελεσιουργεῖταιο
383 1637 408 1663 εἰ
421 1636 474 1672 γὰρ
489 1637 575 1670 οὕτως
602 1638 820 1676 ἐδημιουργήθη,
840 1639 909 1667 ὥστε

121 1678 215 1715 πρώτη
233 1678 315 1714 εἶναι,
330 1680 391 1708 οὔτε
406 1682 566 1718 καθάρσεως
580 1683 642 1710 οὔτε
656 1685 795 1720 φωτισμοῦ
809 1685 908 1720 ἐδέετο,

119 1723 189 1751 οὕτω
201 1726 365 1761 πλασθεῖσα,
380 1727 450 1754 ὥστε
461 1729 508 1755 καὶ
523 1729 585 1762 ἀξία
595 1728 664 1757 εἶναι
676 1731 725 1767 τῆς
738 1731 849 1767 πρώτης
861 1732 910 1759 τά-

120 1768 196 1813 ξεως.
210 1771 318 1804 Ἀλλως
334 1781 379 1807 τε,
401 1774 453 1810 ὅρα
465 1775 491 1801 τί
514 1775 587 1810 λέγει
607 1775 675 1811 μετὰ
695 1777 791 1813 μικρὸν
809 1778 823 1804 ὁ
839 1777 910 1810 θεῖος

119 1811 194 1848 οὗτος
218 1818 307 1854 ἀνὴρ,
332 1819 373 1852 ὠς
395 1820 584 1854 κρυφιωτέρα
603 1821 724 1856 μᾶλλόν
737 1811 838 1857 ἐστιν,
864 1823 908 1851 ὅτι

118 1863 290 1898 νοητοτέρα,
307 1864 356 1891 καὶ
372 1864 490 1899 μᾶλλον
504 1866 657 1901 ἀπλωτική
668 1876 674 1883 ·
690 1868 722 1894 ἐκ
737 1868 838 1896 τούτων
854 1868 908 1906 γὰρ

118 1908 174 1935 ἔστι
187 1910 271 1937 πλέον
285 1910 378 1938 λαϐεῖν
401 1911 432 1938 τὸ
450 1913 679 1948 αὑτοπροαίρετον
693 1914 797 1941 αὐτῶν·
813 1915 837 1941 εί
853 1915 907 1951 γὰρ

118 1954 155 1990 μὴ
171 1955 251 1983 πλέον
265 1957 321 1984 τῶν
335 1957 537 1994 ὑποδεεστέρων
560 1958 646 1994 ῆπλου
662 1959 774 1996 ἑαυτὴν,
793 1961 840 1987 καὶ
852 1961 907 1988 διε-

115 2002 215 2035 νοεῖτο,
235 2002 288 2030 οὐκ
310 2002 344 2029 ἂν
358 2004 507 2039 ἐπλησίαζε
522 2004 596 2040 Θεῷ·
617 2006 751 2040 ὲγγίσασα
768 2006 797 2033 δὲ
815 2007 875 2044 Θεῷ
885 2008 906 2024 ⁸⁷

116 2046 248 2080 ἑκουσίως
258 2070 265 2082 ,
281 2050 405 2084 κρεῖττον
420 2050 596 2086 καθαίρεται,
612 2051 660 2078 καὶ
676 2052 839 2086 φωτίζεται,
860 2053 907 2080 καὶ

114 2093 356 2130 τελεσιουργεῖται,
365 2096 488 2123 τουτέστι
496 2097 611 2132 ἐνεργεῖ
620 2097 656 2125 τὰ
669 2097 777 2132 τέλεια,
790 2099 849 2126 ἀντὶ
858 2099 905 2126 τοῦ

114 2138 149 2165 τὰ
171 2140 236 2176 περὶ
252 2141 335 2167 Θεὸν·
352 2141 399 2168 καὶ
421 2141 498 2168 τοῦτο
518 2140 595 2178 οἶμαι
613 2143 662 2179 τὴν
684 2143 795 2180 Γραφὴν
819 2146 903 2172 αἰνίτ-

113 2185 225 2212 τεσθαι’
240 2186 429 2221 Προσέλθετε
444 2187 517 2221 adt);-
541 2188 647 2222 αὐτὸν,
662 2190 709 2216 καὶ
726 2191 902 2225 φωτίσθητε,

113 2230 162 2256 καὶ
179 2231 216 2258 τὰ
230 2233 380 2266 πρόσωπα
391 2233 475 2268 ὑμῶν
484 2233 527 2268 μὴ
539 2236 745 2270 καταισχυνθῇ
752 2245 758 2251 ·
768 2236 838 2263 οὕτω
854 2238 901 2265 καὶ

965 986 1031 1016 tem,
1047 986 1075 1012 et
1089 990 1104 1010 a
1119 982 1249 1011 violentia
1265 983 1474 1011 immunitatem.

1261 1037 1295 1065 ΙΝ
1313 1038 1389 1066 CAP.
1409 1037 1444 1066 X.

999 1085 1013 1122 §
1033 1084 1054 1112 Ι.
1078 1084 1207 1112 Primitus
1222 1085 1360 1116 initiante,
1377 1084 1423 1112 Gr.
1440 1084 1643 1120 τελεταρχικῆς.
1665 1085 1747 1112 Τελε-

963 1131 1110 1168 ταρχικήν,
1134 1131 1285 1166 principem
1305 1134 1333 1159 et
1353 1138 1463 1158 causam
1479 1130 1655 1166 perfectionis
1671 1131 1745 1167 ipso-

962 1185 1034 1205 rum.

997 1222 1131 1251 Occultior
1152 1222 1266 1258 quidem.
1288 1223 1357 1251 Nota
1375 1222 1449 1259 quod
1473 1223 1519 1250 hic
1532 1223 1677 1251 manifeste
1697 1223 1745 1251 de-

962 1267 1066 1299 claret,
1083 1272 1193 1303 propter
1216 1275 1299 1302 quam
1321 1276 1433 1296 causam
1455 1268 1565 1296 ordines
1591 1268 1745 1296 caelestium

961 1314 1092 1341 virtutum
1115 1314 1182 1342 tales
1207 1314 1261 1341 sint
1276 1334 1283 1347 ,
1299 1317 1329 1341 ut
1348 1314 1392 1341 hic
1408 1313 1517 1349 quidem
1539 1322 1682 1349 supremus
1697 1314 1743 1344 sit.

961 1358 1014 1386 iste
1037 1357 1161 1391 medius,
1186 1358 1232 1386 ille
1259 1366 1324 1386 vero
1351 1362 1506 1393 postremus
1524 1359 1649 1386 exsistat.
1675 1357 1745 1385 Dicit

960 1403 1033 1432 enim
1046 1407 1157 1439 propter
1172 1411 1330 1439 supremum
1346 1403 1470 1431 ordinem
1482 1423 1490 1436 ,
1512 1403 1560 1439 qui
1583 1407 1625 1431 est
1641 1403 1743 1436 throni.

960 1450 1097 1485 seraphim
1111 1454 1138 1477 et
1154 1450 1305 1483 cherubim,
1321 1450 1395 1485 quod
1421 1449 1456 1477 ab
1471 1449 1530 1484 ipsa
1546 1449 1636 1476 divina
1650 1447 1744 1484 cogni-

960 1495 1034 1523 tione
1048 1496 1219 1523 illustrentur
1229 1505 1236 1528 ;
1246 1496 1311 1531 quia
1326 1495 1483 1524 immediate
1496 1495 1524 1522 in
1540 1495 1599 1529 ipsa
1615 1494 1742 1526 intendit,

960 1544 1083 1578 nihilque
1097 1542 1178 1570 habet
1191 1541 1264 1577 quod
1279 1545 1459 1577 praeoccupet,
1479 1541 1517 1568 ita
1532 1541 1566 1568 al)
1578 1541 1638 1576 ipso
1649 1540 1743 1568 divino

960 1591 1062 1617 rituum
1086 1588 1241 1624 principatu
1264 1592 1396 1623 purgatur
1421 1590 1448 1615 et
1478 1587 1633 1614 illustratur
1661 1589 1744 1621 atque

960 1635 1110 1671 perﬁcitur.
1128 1634 1156 1660 Si
1174 1633 1247 1661 enim
1267 1633 1307 1660 sic
1322 1635 1433 1660 creatus
1455 1635 1508 1664 est,
1527 1635 1557 1658 ut
1571 1631 1676 1666 primus
1694 1631 1741 1663 sit,

959 1689 1048 1716 neque
1061 1679 1234 1715 expiationis,
1247 1685 1334 1714 neque
1348 1677 1537 1705 illustrationis
1552 1676 1664 1711 indiget,
1678 1683 1742 1703 cum

959 1728 998 1755 ita
1023 1726 1127 1754 ellictus
1159 1726 1210 1758 sit,
1241 1728 1272 1752 ut
1304 1724 1387 1751 etiam
1412 1723 1510 1758 dignus
1533 1722 1621 1757 primo
1645 1721 1743 1749 ordine

958 1774 1082 1801 exsistat.
1098 1772 1184 1805 Alias,
1199 1770 1260 1798 vide
1275 1769 1341 1805 quid
1351 1769 1432 1804 paulo
1445 1773 1507 1804 post
1524 1768 1565 1796 vir
1577 1768 1621 1794 hic
1631 1767 1742 1794 divinus

958 1819 1031 1846 dicat
1044 1828 1050 1846 :
1068 1817 1144 1852 Quod
1161 1817 1307 1845 abstrusior
1321 1816 1405 1851 magis
1416 1815 1461 1847 sit.
1477 1815 1539 1849 quia
1551 1813 1741 1849 intelligibilior

957 1870 981 1892 et
996 1865 1106 1899 simplex
1120 1865 1220 1900 magis;
1236 1871 1269 1891 ex
1284 1863 1328 1893 his
1342 1863 1415 1890 enim
1429 1866 1518 1897 potest
1530 1860 1649 1895 amplius
1665 1859 1740 1894 ipso-

957 1919 1018 1938 rum
1045 1911 1162 1938 liberum
1183 1909 1325 1937 arbitrium
1347 1908 1458 1943 colligi:
1475 1907 1497 1934 si
1518 1906 1591 1934 enim
1611 1913 1665 1933 non
1680 1912 1741 1932 am-

957 1959 1029 1994 plius
1045 1956 1220 1985 inferioribus
1234 1956 1355 1991 seips'um
1372 1953 1543 1989 explicabat,
1561 1957 1588 1980 et
1605 1951 1740 1987 intellige-

956 2006 1003 2034 bat
1013 2027 1020 2036 ,
1033 2012 1099 2033 sane
1118 2012 1173 2032 non
1187 2003 1334 2031 accedebat
1344 2002 1378 2029 ad
1393 2001 1477 2029 Deum
1489 2010 1496 2034 ;
1513 1999 1738 2036 appropinquans

955 2051 1028 2078 enim
1042 2050 1193 2079 voluntarie
1207 2049 1274 2081 Deo,
1286 2049 1386 2076 melius
1402 2052 1534 2083 purgatur
1543 2049 1570 2073 et
1584 2046 1740 2078 illustratur.

956 2102 1037 2132 atque
1061 2097 1215 2132 perﬁcitur,
1241 2095 1294 2123 hoc
1312 2098 1371 2127 est,
1398 2094 1512 2128 perfecta
1533 2095 1666 2127 operatur,
1676 2099 1741 2126 pro,

955 2150 1016 2177 quo:
1038 2142 1122 2170 Deum
1145 2145 1277 2176 tangunt;
1292 2144 1374 2174 atque
1391 2139 1442 2166 hoc
1458 2138 1593 2171 arbitror,
1611 2135 1738 2171 Scriptu-
1796 2163 1798 2166 ,

955 2196 1013 2216 ram
1028 2188 1167 2216 insinuare
1180 2195 1186 2212 :
1204 2186 1325 2214 Accedite
1341 2184 1374 2212 ad
1388 2185 1483 2219 ipsum,
1499 2188 1523 2210 et
1537 2182 1741 2216 illuminamini,

954 2240 978 2263 et
995 2235 1075 2267 facies
1099 2238 1191 2262 vestra:
1213 2241 1264 2260 non
1283 2231 1475 2266 confundantur
1490 2235 1505 2249 ιι
1521 2239 1529 2257 :
1543 2229 1581 2256 ita
1602 2229 1683 2257 etiam
1704 2228 1743 2257 de.

112 2277 176 2312 περὶ
191 2277 248 2305 τῶν
265 2277 366 2314 ἐφεξῆς
380 2279 520 2315 δυνάμεων
535 2280 645 2316 νόησον,
661 2282 702 2308 ὅτι
714 2282 815 2318 ἑκάστη
832 2283 903 2310 κατά

964 2281 1008 2316 B7
1023 2280 1136 2316 reliquis
1149 2279 1296 2307 virtutibus
1327 2276 1465 2312 intellige,
1480 2275 1553 2311 quod
1567 2281 1744 2309 unaquaeque

110 2322 160 2357 τὴν
174 2323 281 2351 οἰκείαν
298 2324 441 2359 ἀναλογίαν
458 2326 510 2361 ὁρᾷ
523 2326 568 2353 τὸν
584 2326 664 2353 Θεόν·
679 2328 758 2355 τοῦτο
772 2329 904 2364 σαφέστε-

112 2375 158 2402 ρον
174 2368 249 2403 λέγει
268 2369 317 2396 καὶ
330 2370 360 2397 ὲν
373 2370 412 2406 τῷ
425 2371 498 2398 τέλει
511 2372 559 2399 τοῦ
577 2373 725 2407 κεφαλαίου
738 2374 843 2402 τούτου.

145 2412 160 2448 §
180 2415 213 2441 ll.
234 2415 470 2450 Ἐκφαντορικοί.
489 2417 549 2444 Ὅτι
568 2417 667 2450 πάντες
690 2419 714 2445 οἱ
738 2419 848 2454 ἄγγελοι
867 2419 903 2447 τά

110 2459 187 2494 παρὰ
202 2459 259 2486 τῶν
275 2460 329 2496 πρὸ
344 2461 434 2489 αὐτῶν
446 2463 487 2494 εἰς
499 2463 597 2495 αὐτοὺς
609 2464 746 2500 φερόμενα
762 2465 838 2499 φῶτα
846 2467 902 2498 τοῖς

111 2504 321 2542 ὑποδεεστέροις
342 2508 508 2542 ἐκφαίνουσι.
526 2510 603 2537 Κατὰ
623 2511 712 2537 κοινοῦ
734 2510 850 2547 ληπτέον
871 2511 902 2538 τὺ

110 2549 334 2586 ὲκφαντορικοι·
360 2554 393 2581 ὲκ
408 2555 475 2582 Θεοῦ
491 2556 519 2582 δὲ
534 2556 721 2592 κεκινημένων
747 2558 814 2593 φησὶ
838 2558 904 2594 περὶ

109 2595 159 2630 τῆς
176 2597 294 2633 πρώτης
309 2598 364 2625 τῶν
380 2601 500 2637 σεραφὶμ
509 2602 679 2638 ταξιαρχίας.
761 2599 763 2601 ’

144 2643 292 2678 Σεραφίμ.
312 2645 362 2672 Διὰ
377 2645 404 2672 τί
420 2648 484 2683 περὶ
502 2648 556 2674 τῶν
572 2648 693 2684 σεραφὶμ
708 2649 723 2675 ὁ
735 2648 805 2681 θεῖος
819 2649 902 2685 ὕμνος

109 2688 177 2722 φησι
192 2691 363 2726 κεκραγέναι
377 2692 469 2730 ἕτερον
477 2694 545 2730 πρὸς
556 2694 601 2721 τδν
615 2694 726 2731 ἓτερονς
743 2695 787 2722 διὰ
801 2695 832 2722 τὸ
839 2696 902 2727 τοὺς

955 2334 1005 2362 pro
1020 2334 1069 2354 sua
1084 2325 1260 2362 proportione
1275 2323 1365 2352 videat
1381 2322 1487 2356 Deum;
1514 2320 1670 2355 clariusque
1684 2320 1738 2347 hoc

955 2373 1022 2400 dicit
1036 2372 1064 2399 in
1079 2372 1132 2399 line
1146 2371 1228 2405 hujus
1242 2369 1351 2405 capitis.

991 2417 1053 2454 gll.
1074 2417 1289 2451 lnterpretantes.
1308 2415 1386 2448 Quod
1400 2421 1496 2442 omnes
1521 2411 1609 2448 angeli
1633 2411 1739 2443 lumina

955 2465 988 2493 ad
1004 2472 1034 2492 se
1044 2471 1059 2492 a
1074 2462 1261 2499 superioribus
1275 2461 1374 2493 delata,
1396 2459 1625 2496 indigentioribus
1645 2459 1738 2486 decla-

953 2515 1024 2545 rent,
1041 2509 1257 2539 subaudiendum
1272 2511 1324 2540 est,
1340 2508 1541 2543 interpretantes
1557 2513 1566 2532 :
1583 2512 1598 2532 a
1617 2505 1673 2533 Deo
1687 2511 1738 2532 au-

953 2561 1006 2585 tem
1022 2560 1205 2592 permotorum
1219 2554 1285 2582 dicit
1303 2554 1337 2582 de
1356 2554 1445 2589 primo
1460 2552 1565 2582 ordinis
1582 2551 1740 2587 principatu,

953 2604 1174 2640 seraphinorum.

988 2649 1134 2685 Seraphim.
1152 2649 1209 2677 Cur
1230 2649 1352 2677 divinum
1378 2647 1515 2676 canticum
1541 2645 1615 2673 dicat
1637 2643 1671 2671 de
1691 2650 1737 2670 seu

952 2696 1069 2731 raphim,
1095 2704 1180 2724 unum
1203 2696 1237 2723 ad
1264 2696 1380 2724 alterum
1405 2692 1559 2723 clamasse?
1585 2691 1650 2726 quia
1680 2689 1738 2722 sci:

148 2765 158 2785 1
175 2766 252 2795 Psal.
267 2776 289 2800 ι,
302 2768 328 2796 6.
367 2775 389 2791 ιιι
401 2769 475 2800 Psal.
494 2780 586 2806 xxxw,
598 2771 644 2800 25.
676 2777 696 2808 ,ιι
710 2772 782 2800 Psal.
801 2780 902 2806 xxxtu,
920 2770 948 2800 6.'

591 2850 707 2883 YARIE
724 2851 915 2885 LECTIONES
934 2852 978 2883 ΕΤ
996 2850 1270 2881 CORRECTIONES.

157 2913 180 2933 ον
198 2913 290 2956 αὐτῷ.
