1914 3063
169 184 203 213 Μ
539 182 710 211 APPENDIX
729 182 774 209 AD
790 180 904 210 OPERA
921 179 951 209 S.
967 177 1115 207 DlONYSll
1128 177 1366 206 AREOPAGITA'].
1446 180 1449 186 ‘
1748 176 1785 204 92

167 242 230 269 licet
254 240 333 276 primi
360 240 522 268 annuntiant
544 241 671 269 secundis
699 241 790 268 divina
813 239 953 275 mysteria.

1012 238 1134 274 πρώτους
1157 237 1297 272 ἀγγέλλειν
1317 236 1374 267 τοῖς
1392 234 1524 271 δευτέροις
1546 233 1579 261 τὰ
1601 232 1659 260 οεία
1683 233 1783 268 μυστή-

205 328 221 365 ς
235 329 280 356 lll.
302 328 364 356 Non
379 330 519 358 immerito.
533 329 570 356 Ex
583 329 739 357 rudiorihus
753 329 824 356 enim
843 328 952 356 institu-

167 375 290 403 tionibus
305 375 389 410 (quod
409 376 487 404 lactis
505 375 718 411 potionationem
739 373 885 409 Apostolus
901 381 951 401 vo-

168 421 251 455 cavit)
272 420 306 447 ad
326 421 430 454 media;
450 424 477 448 et
499 421 534 448 ab
551 421 594 448 his
611 421 645 448 ad
667 421 771 456 majora
791 428 839 447 seu
863 419 952 455 perfe-

168 471 274 494 ctorum
290 466 381 493 cibum
396 466 557 499 ascendens,
576 471 744 502 postremum
766 467 885 495 ostendit
907 474 953 494 or-

168 512 259 540 dinem
270 516 297 540 et
306 513 444 540 virtutem.
457 512 530 540 Licet
541 520 605 540 vero
616 517 643 540 et
657 513 714 540 alio
722 513 804 540 modo
821 513 878 540 haec
893 520 953 548 quae

168 558 259 585 locum
278 562 394 593 tangunt
413 559 573 594 intelligere,
600 562 682 594 atque
704 559 822 593 primum
843 559 952 594 quidem

169 604 260 632 dicere
292 604 468 632 intentionem
490 605 521 631 ad
548 604 575 631 id
591 604 662 639 quod
684 605 877 640 supereminet.
897 604 953 632 Me-

169 650 245 677 dium
260 654 360 683 autem,
377 651 582 683 conversionem
594 654 620 679 et
640 651 859 679 convolutionem
878 650 952 678 circa

168 697 273 731 ipsum;
292 700 458 732 postremum
476 704 550 730 vero,
569 705 630 725 eum
643 698 688 732 qui
700 697 776 724 illum
796 697 843 732 qui
859 697 953 725 subin-

169 743 304 777 digentior
323 747 375 776 est,
401 744 488 771 elevat
504 753 510 771 :
527 743 599 779 quod
616 751 682 771 sane
701 743 793 779 potius
809 743 837 770 in
851 743 953 779 angelis

169 788 385 824 intelligendum.

204 834 238 861 Et
250 835 348 868 primos
361 840 386 862 et
407 835 515 863 medios.
540 835 630 871 [Nota]
645 835 718 870 quod
738 835 954 870 uniuscujusque

169 884 294 908 nostrum
310 889 387 909 mens
403 882 506 917 primos
524 885 551 909 et
570 881 674 909 medios
694 886 721 909 et
735 885 888 917 postremos
905 889 952 908 or-

169 926 247 954 dines
257 927 366 959 habeat,
385 914 414 955 ut
429 927 562 963 intelligat
580 928 608 955 in
622 927 677 955 Deo
694 914 750 956 tres
763 927 814 955 hos
831 927 951 961 ordines,
968 914 990 941 Β

170 973 211 1000 sic
235 973 441 1008 intelligendum
471 978 588 1001 mentem
609 981 718 1001 omnem
743 973 843 1001 habere
857 981 953 1001 essen—

169 1019 234 1045 tiam
268 1019 418 1047 secundum
447 1027 529 1055 quam
554 1020 673 1055 primum
702 1020 825 1054 exsistit;
857 1020 954 1048 deinde

169 1065 250 1092 etiam
259 1066 398 1098 virtutem,
413 1066 562 1094 secundum
574 1073 655 1102 quam
667 1066 806 1102 perdurat,
815 1070 954 1101 postremo

170 1114 262 1139 autem
276 1111 432 1145 ellicaeiam,
451 1111 601 1140 secundum
623 1119 704 1147 quam
721 1113 832 1147 propria
851 1112 954 1140 faciens

170 1158 214 1192 pie
228 1158 294 1193 agit.
312 1157 374 1186 Haac
387 1158 470 1185 etiam
482 1158 510 1186 in
526 1158 616 1194 capite
630 1159 756 1194 sequenti
768 1159 908 1186 declarat:

207 1203 285 1232 Unde
296 1205 360 1235 licet
373 1204 437 1232 hinc
453 1208 545 1240 aperte
557 1209 584 1233 et
601 1205 660 1233 sine
673 1205 888 1232 contradictione
906 1212 953 1231 ac-

171 1251 273 1285 cipere,
289 1258 339 1278 nos
357 1251 439 1286 paulo
456 1255 518 1279 ante
532 1258 596 1278 vera
611 1251 783 1286 ascripsisse.
800 1250 870 1278 Ecce
881 1250 954 1278 enim

172 1297 308 1331 quomodo
329 1297 411 1324 dicit:
435 1297 600 1332 Unaquaeque
621 1297 730 1325 cwlestis
745 1302 822 1331 atque
840 1297 955 1324 humana

172 1351 255 1374 mens,
272 1343 370 1377 primas
385 1349 409 1370 et
423 1343 521 1370 medias
539 1348 719 1378 extremasque
734 1343 810 1370 habet
831 1343 955 1370 elevatio-

173 1397 228 1420 nes,
245 1388 387 1415 secundum
403 1397 468 1423 quas
484 1397 645 1425 unaqquue
658 1390 689 1422 ﬁt
704 1390 836 1424 particeps
851 1389 956 1416 divina—

173 1442 232 1461 rum
250 1439 274 1462 et
296 1435 330 1461 ad
357 1434 508 1462 Itierarchas
529 1435 714 1470 pertinentium
735 1435 953 1463 illustrationum.

173 1480 264 1508 Primo
277 1481 397 1516 quidem,
409 1480 473 1516 quia
486 1481 618 1516 aequalem
629 1481 698 1508 dixit
710 1481 850 1508 hominum
866 1485 892 1509 et
908 1489 955 1508 su-

173 1527 310 1562 periorum
329 1527 462 1554 virtutum
482 1527 615 1560 ordinem,
631 1527 791 1562 nullumque
814 1527 954 1555 hominum

1006 293 1058 320 ρια.

1039 331 1053 366 ς
1069 330 1113 357 Ill.
1129 330 1189 356 Οὐκ
1202 329 1371 360 ἀπεικότως.
1396 327 1443 353 Ἐκ
1459 326 1512 362 γὰρ
1527 325 1580 352 τῶν
1596 324 1782 360 ἁπλουστέρων

1004 377 1138 413 μυήσεων,
1147 377 1215 412 ὅπερ
1222 375 1355 410 γάλακτος
1365 373 1494 408 ποτισμὺν
1504 372 1630 399 ἐκάλεσεν
1637 373 1652 398 ὁ
1659 371 1783 398 Ἀπόστο-

1001 423 1056 454 λος⁷
1074 422 1143 458 πρὸς
1159 422 1193 449 τὰ
1212 422 1291 458 μέσα,
1307 421 1353 447 καὶ
1369 421 1401 446 ἐκ
1416 418 1517 446 τούτων
1531 418 1597 455 πρὸς
1609 417 1644 444 τὰ
1664 417 1782 453 μείζονα,

1001 469 1085 504 ἤγουν
1098 469 1148 504 τὴν
1164 468 1219 495 τῶν
1234 467 1342 494 τελείων
1359 465 1459 501 τροφὴν
1472 463 1563 496 ἀνιὼν,
1572 463 1620 500 τὴν
1629 463 1784 490 τελευταίαν

1002 513 1141 549 ἀναφαίνει
1159 513 1236 547 τάξιν
1252 513 1297 539 καὶ
1312 512 1435 548 δύναμιν.
1447 512 1524 537 Ἐστι
1539 510 1567 537 δὲ
1581 509 1628 537 καὶ
1641 509 1741 546 ἑτέρως
1748 508 1783 536 τὰ

1003 560 1074 587 κατὰ
1086 560 1131 586 τὸν
1154 560 1235 586 τόπον
1251 559 1354 594 νοῆσαι·
1373 558 1418 584 καὶ
1432 556 1542 593 πρώτην
1560 557 1609 591 μὲν
1631 556 1716 582 εἰπεῖν
1733 554 1783 590 τὴν

1003 605 1071 641 πρὸς
1083 606 1113 632 τὺ
1129 605 1322 641 ὑπερκείμενον
1344 603 1485 630 ἀνάτασιν·
1503 602 1587 638 μέσην
1605 601 1633 631 δὲ
1656 601 1704 637 τὴν
1720 601 1784 636 περὶ

1003 652 1084 678 αὐτὸν
1102 652 1274 687 ἀναστροφὴν
1297 650 1344 677 καὶ
1367 649 1507 682 συνέλιξιν·
1522 648 1677 675 τελευταίαν
1691 647 1720 674 δὲ
1734 648 1783 682 τὴν

1002 697 1034 723 τὸ
1052 697 1243 733 ὑποδεέστερον
1258 696 1419 731 ὰνάγουσαν,
1437 696 1451 722 ὃ
1473 695 1519 722 καὶ
1540 694 1637 730 μᾶλλον
1663 694 1709 720 ἐπὶ
1730 693 1784 721 τῶν

1004 743 1125 778 ἀγγέλων
1139 744 1256 780 νοητέον.

1039 832 1095 859 Καὶ
1109 832 1225 866 πρώτας
1239 832 1287 859 καὶ
1304 832 1409 867 μέσας.
1422 831 1600 868 [Σημείωσαι]
1615 831 1656 857 ὅτι
1670 830 1785 858 ἑκάστου

1005 878 1103 913 ἡμῶνό
1117 878 1178 909 νοῦς
1189 879 1297 913 πρώτας
1311 878 1358 905 καὶ
1374 879 1456 914 μέσας
1470 878 1517 904 καὶ
1529 877 1682 909 τελευταίας
1695 876 1784 909 τάξεις

1003 924 1060 959 ἔχει
1071 925 1111 956 εἰς
1125 924 1156 951 τὸ
1168 926 1236 951 νοεῖν
1244 924 1307 960 περὶ
1320 923 1386 950 Θεοῦ
1406 923 1455 955 τὰς
1475 925 1548 959 τρεῖς
1567 922 1655 955 τάξεις
1673 923 1782 954 ταύτας·

1004 970 1113 1006 νοητέον
1137 970 1233 1002 οὕτως,
1256 970 1295 997 ὃτι
1319 970 1372 1001 πᾶς
1393 969 1455 1001 νοῦς
1479 969 1534 1004 ἔχει
1555 968 1659 1000 οὐσίαν,
1674 968 1735 995 καθ’
1751 968 1785 1004 ἢν

1004 1020 1111 1057 πρῶτόν
1127 1021 1208 1047 ἐστιν·
1226 1017 1285 1047 εἶτα
1299 1020 1347 1046 καὶ
1354 1020 1477 1055 δύναμιν,
1494 1019 1553 1046 καθ’
1564 1019 1597 1054 ἢν
1611 1020 1722 1055 διαρκεῖ·
1739 1027 1784 1045 τε-

1004 1067 1124 1095 λευταῖον
1141 1066 1170 1094 δὲ
1181 1067 1330 1103 ἐνέργειαν,
1342 1066 1401 1093 καθ’
1413 1067 1445 1102 ῆν
1459 1066 1493 1093 τὰ
1503 1066 1589 1093 οἰκεῖα
1603 1065 1730 1101 πράττων
1739 1065 1784 1091 εὑ-

1005 1114 1087 1141 σεϐεῖ.
1108 1113 1200 1140 Ταῦτα
1215 1113 1261 1139 καὶ
1275 1113 1304 1139 ὲν
1314 1112 1352 1148 τῷ
1369 1111 1432 1148 ἑξῆς
1445 1112 1584 1147 κεφαλαίῳ
1599 1111 1749 1147 σαφηνίζει.

1041 1202 1120 1229 Ὅθεν
1135 1201 1257 1229 ἐντεῦθεν
1273 1201 1366 1236 σαφῶς
1386 1201 1432 1228 καὶ
1448 1201 1648 1237 ἀναντιρρήτως
1663 1201 1719 1227 ἔστι
1737 1201 1785 1228 λα-

1005 1248 1071 1281 ϐεῖν,
1087 1249 1127 1275 ὅτι
1140 1247 1225 1283 ἀληθῆ
1237 1247 1290 1283 πρὸ
1306 1247 1402 1284 μικροῦ
1422 1247 1646 1283 παρεγράψαμεν·
1665 1247 1718 1274 ἰδοὺ
1732 1246 1793 1283 γὰρ

1005 1293 1064 1326 πῶς
1088 1302 1179 1329 φησιν·
1202 1294 1349 1326 Ἕκαστος
1372 1293 1510 1327 οὐράνιος
1533 1293 1582 1320 καὶ
1604 1293 1787 1327 ἀνθρώπινος

1004 1340 1078 1373 νοῦς
1093 1339 1207 1374 πρώτας
1220 1340 1268 1366 καὶ
1280 1339 1377 1374 μέσας
1391 1340 1439 1366 καί
1455 1340 1628 1372 τελευταίας
1641 1340 1703 1374 ἔχει
1716 1340 1788 1366 ἀνα-

1005 1386 1110 1421 γωτὰς,
1124 1387 1187 1412 καθ’
1204 1385 1241 1418 ἃς
1253 1385 1379 1418 ἕκαστος
1394 1385 1432 1412 ὲν
1444 1386 1590 1420 μετουσίᾳ
1603 1385 1713 1420 γίνεται
1729 1385 1789 1413 τῶν

1005 1432 1092 1459 θείων
1105 1431 1154 1459 καὶ
1165 1431 1337 1467 ίεραρχικῶν
1349 1431 1538 1466 ἐλλάμψεων.
1555 1432 1664 1468 Πρῶτον
1675 1431 1734 1467 μὲν,
1748 1432 1788 1458 ὃτι

1006 1478 1066 1513 ἴσην
1081 1477 1157 1511 τάξιν
1174 1475 1234 1504 εἷπε
1258 1477 1311 1504 τῶν
1330 1477 1480 1513 ἀνθρώπων
1504 1477 1551 1507 καὶ
1566 1477 1619 1504 τῶν
1639 1477 1693 1504 ἄνω
1709 1477 1788 1504 δυνά-

1007 1533 1088 1560 μεων,
1104 1525 1150 1551 καὶ
1165 1524 1259 1551 οὐδένα
1267 1523 1320 1551 τῶν
1335 1523 1483 1560 ἀνθρώπων
1505 1524 1593 1559 ῐσμεν,
1607 1523 1667 1550 οὔτε
1684 1528 1789 1559 προφή-

174 1574 277 1601 scimus
293 1581 380 1609 neque
395 1573 553 1608 prophetam
563 1594 571 1607 ,
595 1581 683 1608 neque
696 1574 810 1608 justum,
827 1574 873 1609 qui
888 1574 956 1601 nihil

1012 1581 1056 1607 την
1069 1571 1131 1599 οὔτε
1146 1571 1262 1604 δίκαιον,
1279 1571 1361 1606 μηδὲν
1377 1571 1456 1597 θέντα
1470 1571 1519 1606 τῆς
1544 1570 1611 1602 ἰδίας
1628 1569 1791 1605 προφάσεως

173 1620 319 1654 peculiaris
332 1627 423 1648 causa:
438 1620 578 1655 posuerit,
594 1623 624 1646 ut
644 1620 678 1646 ad
697 1619 781 1648 Deum
803 1621 954 1649 accederet.

176 1665 244 1694 Vide
260 1666 332 1694 enim
351 1666 417 1702 quid
432 1666 506 1696 dicat
525 1666 549 1694 is
562 1666 609 1702 qui
626 1674 713 1701 usque
729 1666 762 1693 ad
778 1667 886 1694 tertium
901 1675 957 1694 cce.

174 1713 230 1740 lum
245 1713 378 1748 pervenit,
395 1714 458 1749 quia
480 1714 580 1749 castigo
593 1721 687 1747 corpus
709 1721 793 1740 meum
804 1718 828 1740 et
840 1713 868 1740 in
880 1714 958 1741 serti-

176 1761 257 1784 tutem
271 1757 369 1793 redigo,
382 1766 414 1785 ne
425 1758 493 1788 [orte
506 1766 565 1784 cum
578 1758 640 1784 aliis
651 1758 838 1792 prwdicavero,
849 1758 904 1791 ipse
916 1765 958 1784 re-

175 1804 272 1838 probus
290 1804 417 1838 eﬁiciar".
435 1803 533 1831 Postea
551 1803 695 1831 manifeste
715 1803 760 1830 hic
776 1803 841 1831 dicit
855 1808 880 1831 et
891 1803 958 1830 libe-

176 1859 236 1878 rum
249 1851 391 1879 arbitrium
404 1851 560 1885 angelorum
571 1856 598 1877 et
607 1850 753 1885 peculiaris
763 1851 884 1885 ipsorum
896 1857 959 1885 pro-

178 1897 317 1933 pensionis
332 1897 506 1932 cupiditatem
517 1915 524 1928 ,
539 1901 567 1923 ut
585 1900 674 1922 autem
690 1896 781 1923 nullus
796 1896 877 1923 nimis
893 1903 959 1922 con-

177 1943 357 1971 tentiosorum
372 1943 487 1974 rixetur,
499 1946 627 1977 tanquam
642 1949 692 1976 pro
711 1942 888 1969 conclusione
905 1942 960 1977 38

178 1990 254 2022 dicit,
277 1989 346 2016 nihil
361 1996 421 2016 esse
440 1988 543 2015 nullius
566 1988 605 2015 rei
621 1987 744 2023 indigum
761 1992 789 2016 et
806 1988 957 2021 αὐτοτελές,

178 2036 230 2063 hoc
241 2039 282 2063 est
297 2043 311 2062 a
326 2036 416 2070 seipse
430 2034 579 2070 perfectum
589 2054 596 2065 ,
611 2033 664 2062 nisi
679 2034 767 2061 solum
782 2033 876 2066 Deum,
892 2034 960 2062 adeo

179 2085 209 2110 ut
223 2082 312 2117 angeli
336 2086 364 2109 et
387 2081 510 2109 homines
530 2080 653 2116 profectu
668 2084 694 2108 et
708 2080 876 2115 perfectione
891 2080 960 2110 indi-

179 2132 268 2163 geant.

469 2173 501 2200 IN
521 2173 597 2202 CAP.
623 2172 669 2200 XI.

215 2220 305 2264 Neque
315 2220 384 2247 enim
396 2224 423 2246 ut
436 2220 463 2246 in
476 2220 574 2255 angelis
585 2219 670 2246 dicere
679 2227 827 2254 possumus.
840 2218 961 2246 Virtutes

1006 1619 1046 1650 είς
1063 1618 1093 1645 τὸ
1112 1617 1259 1653 πλησιάσαι
1272 1617 1340 1653 Θεῷ.
1354 1617 1422 1653 Ὂρα
1431 1617 1484 1652 γὰρ
1497 1617 1521 1643 τί
1542 1625 1623 1651 φησιν
1637 1617 1652 1643 ό
1666 1616 1717 1647 ἕως
1730 1616 1799 1651 τρί-Δ

1005 1674 1052 1692 του
1067 1664 1181 1701 οὐρανοῦ
1203 1664 1318 1699 φθάσας,
1335 1664 1376 1691 ὅτι
1389 1663 1543 1693 ὑπωπιάζω
1561 1671 1620 1697 μου
1639 1662 1673 1688 τὸ
1694 1661 1790 1696 σῶμα,

1006 1713 1055 1739 καὶ
1070 1710 1263 1746 δουλαγωγῶ,
1279 1710 1401 1745 μήπως,
1418 1709 1523 1742 ἄλλοις
1541 1708 1687 1742 κηρύξας,
1701 1708 1799 1741 αὐτὸς.

1007 1757 1146 1792 ἀδόκιμος
1160 1757 1295 1791 γένωμαι’
1312 1756 1407 1783 ἒπειτα
1431 1755 1522 1790 σαφῶς
1533 1753 1585 1781 ὧδέ
1600 1762 1665 1789 φησι
1678 1753 1710 1780 τὸ
1726 1754 1791 1780 αὺτ-

1007 1803 1126 1836 εξούσιον
1142 1804 1189 1830 καὶ
1210 1803 1264 1829 τῶν
1279 1802 1399 1836 ἀγγέλων
1411 1822 1418 1834 ,
1435 1802 1482 1828 καὶ
1495 1801 1544 1836 τὴν
1560 1801 1609 1835 τῆς
1625 1800 1692 1830 ἰδίας
1703 1799 1792 1826 αὐτῶν

1008 1849 1096 1885 ὁρμῆς
1110 1849 1210 1884 ἔφεσιν·
1230 1849 1272 1875 ἵνα
1288 1848 1315 1874 δὲ
1337 1848 1429 1883 μηδεὶς
1445 1847 1500 1872 τῶν
1514 1846 1573 1872 λίαν
1589 1845 1730 1880 ἐριστικῶν
1747 1854 1791 1879 φι-

1008 1895 1160 1930 λονεικήσῃ,
1175 1895 1213 1926 ὡς
1226 1895 1254 1921 ἐν
1268 1893 1386 1928 ἐπιλόγῳ
1399 1893 1492 1928 φησὶν,
1507 1892 1548 1918 ὃτι
1562 1891 1635 1918 οὐδὲν
1645 1890 1793 1925 ἀπροσδεὲς

1008 1941 1054 1967 καὶ
1081 1941 1232 1972 αὐτοτελὲς,
1248 1940 1384 1966 τουτέστιν
1399 1938 1444 1972 ἀφ’
1459 1937 1553 1964 ἑαυτοῦ
1575 1936 1686 1969 τέλειον,
1700 1936 1724 1962 εἰ
1753 1936 1791 1972 μὴ

1011 1987 1089 2022 μόνος
1103 1988 1117 2013 ὁ
1132 1987 1208 2018 Θεός·
1224 1986 1294 2012 ὥστε
1311 1985 1421 2019 ἄγγελοι
1434 1984 1481 2010 καὶ
1497 1983 1634 2019 ἄνθρωποι
1652 1982 1792 2018 προκοπῆς

1011 2033 1056 2060 καὶ
1070 2032 1233 2064 τελειώσεως
1248 2031 1361 2058 δέονται.

1236 2166 1290 2193 ΕΙΣ
1311 2165 1354 2192 T0
1375 2164 1498 2193 ΚΕΦΑΔ.
1515 2165 1566 2191 IA’.

1049 2215 1090 2241 Οὺ
1109 2213 1163 2248 γὰρ
1182 2212 1267 2239 ἐστιν
1284 2210 1379 2238 εἰπεῖν
1397 2211 1437 2243 ὠς
1453 2209 1502 2236 ἐπὶ
1526 2209 1584 2236 τῶν
1603 2209 1746 2244 ἀγγέλων.
1761 2210 1802 2239 ΔίΔ

179 2258 252 2295 enim
272 2267 398 2294 secunda:
412 2271 476 2295 sunt
490 2271 517 2294 ct
538 2267 633 2294 media:
651 2266 749 2294 triadis
764 2269 824 2301 post
839 2265 956 2293 domina-

1013 2259 1068 2294 γὰρ
1083 2259 1210 2294 δυνάμεις
1232 2258 1282 2292 τῆς
1306 2257 1433 2292 δευτέρας
1456 2255 1509 2282 είσὶ
1523 2256 1569 2282 καὶ
1585 2255 1669 2290 μέσης
1690 2255 1796 2290 τριάδος

181 2315 269 2342 tiones
286 2314 436 2347 ordinatae;
454 2314 490 2340 ita
506 2317 536 2341 ut
558 2321 612 2341 non
633 2314 696 2348 quia
717 2318 861 2348 postremae
887 2316 961 2343 sunt,

181 2369 276 2388 omnes
292 2360 402 2388 ordines
425 2361 514 2388 vocati
542 2361 597 2389 sint
622 2361 738 2388 virtutes
751 2381 758 2394 ,
777 2361 848 2388 sicut
863 2361 890 2387 in
911 2368 963 2387 an-

182 2408 259 2442 gelis.

218 2453 440 2481 Novissimarum.
458 2454 561 2481 Altiora
577 2453 678 2481 habere
690 2460 750 2488 qua:
764 2452 904 2483 inferiora,
922 2451 963 2478 in-

182 2500 282 2528 feriora
300 2509 364 2528 vero
376 2509 430 2528 non
447 2501 547 2528 habere
562 2508 621 2535 quia
637 2500 733 2526 altiora
751 2509 756 2526 :
773 2499 813 2526 sic
825 2499 907 2526 etiam
919 2505 965 2525 su-

183 2546 275 2581 perius
287 2547 389 2574 dictum
402 2550 455 2579 cst;
473 2547 612 2578 nimirum,
630 2546 716 2581 prima
733 2545 842 2580 quidem
865 2545 965 2571 habere

183 2593 295 2620 omnino
309 2592 529 2624 illustrationem,
548 2597 684 2627 postrema
699 2599 764 2619 vero
776 2591 883 2626 partim,
896 2591 966 2618 sicut

184 2643 279 2674 postea
293 2638 382 2665 dicit:
402 2638 441 2665 sic
460 2638 541 2665 etiam
562 2638 590 2664 in
615 2637 736 2665 Ecclesia
760 2637 879 2671 reperire
902 2639 966 2668 est;

185 2684 313 2713 sacerdos
323 2684 395 2711 enim
411 2687 500 2718 potest
513 2683 602 2710 facere
618 2684 708 2710 omnia
725 2683 895 2714 inferiorum,
913 2682 967 2709 sic-

186 2734 216 2757 ut
230 2730 408 2757 diaconorum
428 2732 454 2756 et
469 2729 652 2764 sequentium,
678 2729 793 2756 diacono
816 2732 905 2754 autem
922 2735 968 2754 sa-

189 2777 328 2804 cerdotum
352 2783 451 2803 munus
468 2775 544 2802 obire
570 2783 624 2802 non
648 2775 831 2810 permittitur;
849 2778 969 2800 nostram

187 2823 260 2850 enim
274 2823 454 2850 hierarchiam
472 2822 569 2850 imitari
585 2823 722 2851 cmlcstcm
739 2821 872 2852 ordinem,
890 2827 971 2854 supra

234 2917 252 2949 f'
266 2913 351 2943 lCor.
369 2923 406 2948 Ix,
419 2915 471 2958 27._

1017 2305 1085 2342 μετὰ
1094 2305 1143 2336 τὰς
1157 2304 1317 2339 κυριότητας
1326 2302 1495 2337 ταττόμεναι·
1514 2302 1583 2328 ὥστε
1598 2302 1646 2337 οὐχ
1657 2301 1694 2332 ὠς
1707 2300 1796 2327 τελευ-

1015 2351 1098 2378 ταίων
1115 2350 1204 2377 αὐτῶν
1224 2349 1310 2376 οὐσῶν
1329 2349 1413 2375 πᾶσαι
1429 2349 1457 2374 αί
1472 2347 1561 2381 τάξεις
1586 2347 1737 2383 ἐκλήθησαν
1752 2346 1797 2373 δυ-

1018 2397 1122 2432 νάμεις,
1140 2396 1178 2427 ὡς
1192 2396 1238 2422 ἐπὶ
1250 2395 1303 2422 τῶν
1315 2394 1447 2429 ἀγγέλων.

1053 2443 1114 2470 Τῶν
1132 2441 1275 2476 ἐσχάτων.
1297 2441 1358 2468 Ὅτι
1378 2441 1413 2467 τὰ
1436 2439 1490 2467 τῶν
1512 2439 1633 2475 ἐσχάτων
1651 2439 1743 2474 ἔχουσι
1763 2439 1802 2464 τὰ.

1017 2490 1212 2526 ὑπερκείμενα’
1229 2489 1262 2515 τὰ
1277 2489 1305 2515 δὲ
1324 2487 1377 2514 τῶν
1396 2487 1598 2523 ὑπερκειμένων
1618 2486 1667 2512 οὐκ
1690 2484 1746 2519 ἔχει
1764 2484 1799 2510 τά

1017 2536 1127 2572 ἔσχατα·
1149 2536 1219 2562 οὓτω
1240 2535 1286 2561 καὶ¹
1305 2533 1432 2569 ἀνωτέρω
1446 2534 1561 2569 εἴρηται,
1578 2531 1670 2567 ἐπειδὴ
1696 2530 1731 2556 τὰ
1749 2530 1799 2564 μὲν

1019 2583 1116 2619 πρῶτα
1137 2582 1234 2613 ὁλικῶς
1257 2581 1313 2616 ἔχει
1333 2581 1383 2616 τὴν
1405 2579 1544 2614 ἕλλαμψιν·
1560 2578 1594 2604 τὰ
1614 2577 1642 2604 δὲ
1657 2576 1798 2603 τελευταῖα

1021 2628 1150 2665 μερικῶς,
1165 2629 1202 2660 ὡς
1218 2627 1317 2662 ἑφεξῆς
1332 2635 1420 2661 φησιν.
1443 2625 1519 2652 Οὕτω
1533 2623 1579 2650 καὶ
1593 2624 1622 2649 ὲν
1633 2623 1666 2657 τῇ
1685 2621 1799 2655 Ἐκκλη-

1021 2676 1065 2712 σίᾳ
1081 2676 1154 2702 ἐστιν
1167 2675 1265 2710 εὑρεῖν·
1276 2675 1290 2700 ό
1300 2673 1353 2708 γὰρ
1369 2673 1457 2707 ἱερεὺς
1475 2670 1584 2697 δύναται
1605 2670 1690 2695 ποιεῖν
1703 2667 1750 2694 ὅλα
1766 2667 1805 2697 τὰ,

1020 2723 1074 2750 τῶν
1090 2721 1299 2756 ὑποδεεστέρων,
1316 2717 1370 2746 οἷον
1389 2717 1518 2745 διακόνων
1533 2715 1580 2742 καὶ
1594 2715 1647 2742 τῶν
1662 2713 1770 2749 ἑφεξῆς·
1786 2714 1801 2739 ὁ

1021 2771 1049 2797 δὲ
1063 2770 1183 2800 διάκονος
1197 2768 1230 2795 τὰ
1246 2767 1300 2793 τῶν
1317 2765 1410 2801 ἱερέων
1422 2764 1472 2790 οὐκ
1487 2761 1680 2797 ἐπιτέτραπται
1704 2761 1799 2786 ποιεῖν·

1024 2818 1062 2844 ὅτι
1077 2815 1129 2850 γὰρ
1145 2816 1161 2850 ἡ
1179 2814 1237 2841 καθ’
1255 2813 1327 2848 ἡμᾶς
1343 2811 1465 2848 ίεραρχία
1478 2810 1598 2845 μιμεῖται
1613 2807 1661 2842 τὴν
1675 2805 1801 2842 οὐρανίαν
