1914 3063
153 190 186 218 33
485 189 514 218 S.
533 189 657 217 MAXIM!
672 189 819 218 SCHOLIA
835 189 868 217 ΙΝ
886 190 950 218 LIB.
969 189 1013 217 DE
1031 189 1191 218 C(ELESTI
1208 187 1429 217 HIERARCIIIA.
1729 186 1764 214 θι

153 247 238 280 τάξιν,
255 248 367 283 εῐπομεν
377 248 441 275 ἄνω.
453 248 550 279 Καλῶς
561 249 590 275 δὲ
605 248 757 284 προσέθηκε
771 249 801 275 τὸ
815 249 928 282 ὀλικῶς,

986 248 1110 276 diximus.
1122 249 1206 276 Recte
1214 253 1304 276 autem
1317 247 1443 283 apposuit
1451 246 1567 276 omnino.
1580 245 1678 280 partim
1691 252 1763 272 enim

154 293 273 329 μερικῶς
282 294 336 330 γὰρ
348 294 497 330 μετέχουσι’
513 295 563 330 τὴν
579 295 702 327 σύνταξιν
718 295 745 321 δὲ
756 295 809 321 ἀπὸ
822 295 880 326 τοῦ,
897 297 933 322 οὺ

151 339 207 374 γὰρ
222 339 308 366 ἐστιν
322 340 426 372 εἰπεῖν,
441 340 493 371 ἓως
499 333 554 367 ὦδε
568 341 609 367 δεῖ
617 341 743 376 συνάψαι,
755 341 824 378 [καὶ]
848 341 933 378 ἀρχὴν

151 385 317 422 ποιήσασθαι
326 387 375 422 τῆς
387 387 512 422 ἀπορίας.

187 432 287 467 Φαμὲν
300 432 343 459 δέ.
362 433 423 465 Πῶς
439 433 539 465 πάντες
554 433 678 468 λέγονται
691 434 835 470 δυνάμεις;
847 434 935 461 τελευ-

150 479 214 505 ταία
226 478 280 514 γάρ
295 478 371 510 τάξις
385 480 401 515 ή
416 479 470 506 τῶν
482 479 574 515 ἀρχῶν
585 499 592 511 ,
617 480 663 507 καὶ
679 480 856 515 ἀρχαγγέλων
865 501 872 512 ,
888 481 934 507 καὶ

150 525 273 559 ἀγγέλων
286 525 354 551 ἐστί’
373 526 420 552 καὶ
432 525 506 561 ὅμως
522 526 568 552 καὶ
580 526 657 553 αὐτοὶ
668 527 796 562 δυνάμεις
806 527 879 554 ἐστιν
889 527 933 554 ὅτε

150 572 338 608 ὀνομάζονται.

186 621 238 653 Εις
252 619 362 648 οὐσίαν
372 620 422 647 καὶ
436 620 573 656 δύναμιν.
595 621 638 653 Ὡς
652 622 681 647 ὲν
697 621 875 657 ὑποδείγματι
887 623 934 657 ρη-

150 666 211 693 τέον
228 666 320 693 οὐσίαν
339 666 387 702 μὲν
399 667 484 693 εἰπεῖν
497 667 546 702 τὴν
563 668 648 703 πυρὸς
668 667 757 702 φύσιν·
778 668 890 703 δύναμιν
904 668 933 694 δὲ

149 713 252 748 ταύτης
263 713 294 740 τὸ
307 713 476 748 φωτιστικόψ
492 713 629 749 ἐνέργειαν
643 714 670 740 δὲ
682 714 709 740 τὸ
727 715 776 750 τῆς
794 715 934 750 δυνάμεως

149 758 332 795 ἀποτέλεσμα,
350 759 432 794 ἠγουν
442 759 473 786 τὸ
489 760 615 794 φωτίζειν
631 761 678 787 καὶ
692 761 790 787 καίειν.

185 850 218 877 Ἦ
232 849 372 883 οὐρανίας
386 849 529 884 δυνάμεις
544 850 751 884 ἀποκαλῶμεν.
775 850 932 886 Ὀμώνυμόν

149 896 223 922 ἐστιν
238 895 322 931 ὄνομα
335 897 364 922 at
378 895 528 930 ὁύνάμειις⁸
546 895 654 930 λέγεται
668 897 723 932 γὰρ
745 896 816 923 οὓτω
831 897 879 923 καὶ
901 897 932 923 τὸ

149 942 232 968 ίδικὸν
251 943 354 978 τάγμα,
368 943 490 969 τουτέστι
504 943 534 969 τὺ
549 943 673 979 δεύτερον
687 944 737 978 τῆς
753 943 839 978 μέσης
853 951 930 978 τρια-

148 987 226 1022 δικῆς
240 987 451 1024 διακοσμήσεως,
470 989 515 1016 καὶ
531 988 627 1020 κοινῶς
645 989 733 1016 πάντα
743 988 778 1015 τά
793 988 930 1024 τάγματα,

147 1034 187 1065 ὡς
202 1033 314 1069 δύναμιν
330 1034 426 1069 έχοντά
439 1043 509 1061 τινα.

187 1080 252 1113 Ταῖς
268 1081 449 1116 ὑφειμέναις.
467 1080 545 1108 Κατὰ
558 1082 646 1108 κοινοῦ
657 1081 688 1108 τὸ
709 1081 788 1116 ἡμᾶς
804 1081 929 1115 οἰητέον.

146 1126 312 1162 Σημείωσαι,
321 1127 379 1159 πῶς
388 1127 515 1163 ἀνωτέρω
526 1127 575 1163 μέν
586 1136 677 1164 φησιν,
688 1129 728 1154 ὅτι
739 1129 778 1160 εἰς
793 1128 855 1164 τρία
864 1128 932 1155 διαι-

147 1173 256 1209 ροῦνται
271 1174 300 1200 αξ
313 1174 456 1208 ἀγγελικαὶ
471 1173 570 1206 τάξεις,
586 1175 626 1205 εἰς
635 1175 739 1206 οὐσίαν,
751 1174 797 1201 καὶ
806 1173 929 1210 δύναμιν,

146 1221 194 1247 καὶ
207 1220 355 1256 ἐνέργειανο
371 1220 487 1248 ἐνταῦθα
500 1221 529 1247 δὲ
545 1221 618 1255 λέγει
629 1221 675 1248 τὸν
691 1220 779 1255 λόγον,
791 1222 824 1248 δι’
839 1221 868 1248 ὃν
884 1221 930 1248 δυ-

145 1268 241 1302 νάμεις
257 1268 341 1294 πᾶσαι
354 1267 508 1294 καλοῦνται.

181 1314 334 1348 Περισσῶς
345 1315 451 1348 έχουσι
462 1314 509 1341 καὶ
524 1313 585 1347 τάς.
601 1314 680 1340 Δοκεῖ
690 1323 748 1345 πως
761 1313 877 1341 ἐνταῦθα
887 1313 930 1340 λέ-

145 1369 215 1395 γειν,
232 1361 272 1387 ὅτι
292 1362 350 1388 κατ’
371 1360 449 1393 ἀξίαν
472 1360 500 1386 αἱ
521 1360 664 1394 ἀγγελικαὶ
678 1360 868 1396 διακοσμήσεις
881 1360 929 1396 δη-

147 1407 314 1443 μιουργικῶς
328 1407 490 1442 ἐτάχθησαν,
506 1407 537 1433 οὐ
550 1407 641 1441 σαφῶς
659 1407 687 1433 δὲ
702 1407 782 1433 τοῦτο
795 1407 929 1443 παρίστη-

147 1462 198 1480 σιν·
216 1454 272 1481 ἄνω
294 1453 348 1489 γὰρ
370 1453 400 1479 έν
420 1453 459 1489 τῷ
475 1453 527 1488 πρὸ
543 1453 637 1480 τούτου
652 1453 792 1488 κεφαλαίῳ
806 1453 930 1488 φανερῶς

145 1499 196 1535 τὴν
212 1499 300 1526 αὐτῶν
313 1499 404 1535 ἔφεσιν
417 1499 464 1526 καὶ
486 1499 576 1534 νόησιν
590 1498 672 1533 λέγει,
689 1499 778 1530 αίτίας
793 1499 877 1530 αὑτὰς
891 1496 930 1525 εἷ-

146 1554 190 1571 ναι
203 1545 254 1580 τῆς
272 1545 422 1581 ὑπερτέρας
444 1545 533 1572 αὐτῶν
548 1544 660 1578 τάξεως,
677 1545 772 1580 ἀμέλει
790 1545 831 1571 ὂτι
850 1545 897 1572 καὶ
906 1545 929 1561 ⁸⁸

984 294 1203 327 communicant;
1219 293 1451 321 constructionem
1464 299 1529 319 vero
1537 291 1571 318 ab
1584 299 1627 322 eo,
1636 299 1687 318 non
1695 291 1764 317 enim

984 339 1069 367 dicere
1088 348 1226 375 possumus
1236 360 1243 372 .
1267 340 1409 374 hucusque
1427 342 1588 366 connectere
1604 340 1722 372 oportet.
1737 340 1764 364 et

984 386 1147 421 principium
1163 385 1252 413 facere
1266 384 1456 412 dubitationis.

1019 431 1137 458 Dicimus
1157 436 1255 458 autem.
1271 430 1413 463 Quomodo
1429 436 1523 458 omnes
1536 429 1663 455 dicantur
1676 427 1765 454 virtu-

984 481 1025 504 tes
1038 485 1044 502 :
1059 482 1212 512 postremus
1227 477 1361 511 siquidem
1376 475 1444 502 ordo
1459 475 1670 510 principatuum.
1683 477 1710 500 ct
1721 481 1765 500 ar-

984 523 1178 558 changelorum
1202 527 1228 550 et
1249 523 1406 558 angelorum
1425 526 1481 554 est;
1496 525 1615 548 attamen
1642 520 1765 555 quando-

984 576 1037 603 que
1051 569 1103 604 ipsi
1117 569 1199 596 etiam
1213 568 1328 595 virtutes
1342 567 1530 595 nominantur.

1020 614 1053 641 In
1069 615 1209 642 essentiam
1223 618 1248 641 et
1264 614 1394 640 virtutem.
1414 612 1554 647 Tanquam
1572 612 1687 647 exempli
1701 619 1765 648 gra-

983 662 1020 688 tia
1040 661 1202 692 dicendum,
1229 659 1376 688 essentiam
1398 659 1507 694 quidem
1521 658 1672 693 appellasse
1695 658 1764 694 ignis

983 711 1124 739 naturam;
1140 706 1267 733 virtutem
1283 713 1357 741 vero,
1370 704 1425 731 vim
1439 705 1499 739 ejus
1509 704 1542 731 ad
1556 703 1764 737 illustrandum;

983 752 1128 780 ellicaciam
1144 757 1246 784 autem,
1262 751 1375 778 virtutis
1391 750 1527 783 ell'ectum,
1548 758 1595 778 seu
1612 749 1766 778 illuminare

983 803 1009 826 et
1023 799 1193 826 comburere.

1023 845 1068 872 Vel
1084 846 1197 872 cwlestes
1216 845 1325 871 uirtutes
1341 843 1512 877 appellamus.
1529 842 1631 870 Nomen
1658 843 1764 870 virtutes

982 895 1024 919 est
1041 892 1233 926 homonymum
1249 899 1254 916 :
1277 890 1314 917 ita
1337 890 1408 917 enim
1427 890 1577 924 appellatur
1593 893 1620 916 et
1638 889 1764 923 proprius

982 937 1069 968 ordo,
1095 937 1123 964 id
1143 941 1186 964 est
1202 936 1340 964 secundus
1363 935 1458 963 media).
1478 935 1556 962 trime
1578 935 1764 970 dispositionis

981 982 1142 1010 hicrarchia
1159 992 1165 1009 :
1182 982 1417 1017 communiterque
1443 982 1554 1009 ordines
1577 981 1697 1009 universi
1709 1001 1716 1013 ,
1735 985 1764 1008 ut

981 1029 1028 1064 qui
1042 1028 1170 1056 virtutem
1186 1028 1307 1063 aliquam
1322 1028 1453 1056 habeant.

1017 1074 1202 1109 lnfen'Oribus.
1220 1073 1444 1102 Subaudiendum
1456 1073 1488 1100 τὺ
1507 1081 1553 1100 ποι
1569 1073 1762 1102 arbitrantium.

980 1120 1061 1154 Nota,
1073 1120 1210 1156 quomodo
1225 1120 1352 1156 superius
1365 1119 1474 1155 quidem
1485 1119 1559 1146 dicat
1574 1119 1710 1154 angelicas
1723 1127 1765 1147 on

981 1167 1059 1195 dines
1076 1167 1103 1194 in
1115 1167 1169 1194 tria
1182 1167 1284 1201 dividi,
1308 1166 1337 1193 in
1361 1166 1519 1197 essentiam,
1533 1169 1560 1193 et
1583 1166 1721 1198 virtutem,
1737 1169 1764 1194 et

980 1213 1140 1241 efﬁcaciam.
1159 1212 1209 1240 Hic
1223 1216 1312 1240 autem
1332 1212 1399 1240 dicit
1412 1212 1544 1239 rationem
1559 1215 1668 1247 propter
1683 1219 1763 1247 quam

980 1259 1097 1288 virtutes
1111 1266 1207 1286 omnes
1222 1262 1366 1286 vocentur.

1015 1305 1125 1332 Abunde
1139 1305 1281 1332 continent.
1301 1303 1416 1331 Videtur
1431 1302 1631 1339 quodammodo
1660 1303 1706 1331 bic
1719 1303 1760 1331 di-

981 1358 1044 1379 cere
1059 1351 1197 1386 angclicas
1214 1350 1414 1385 descriptiones
1430 1350 1580 1377 secundum
1596 1351 1763 1379 creationem

980 1397 1008 1424 in
1023 1397 1078 1432 39
1090 1397 1213 1424 ordinem
1228 1397 1364 1430 redactas,
1381 1404 1436 1423 non
1451 1400 1541 1423 tamen
1558 1396 1702 1424 manifeste
1713 1397 1761 1424 h0(

979 1443 1106 1477 exponit;
1124 1450 1206 1477 supra
1229 1441 1301 1469 enim
1319 1442 1346 1469 in
1362 1442 1450 1476 capite
1469 1441 1540 1476 quod
1558 1441 1609 1469 hoc
1624 1442 1762 1476 praecedit,

980 1492 1073 1524 aperte
1088 1488 1209 1523 ipsorum
1226 1487 1413 1523 cupiditatem,
1430 1492 1457 1515 et
1474 1488 1685 1516 intelleclionem
1697 1489 1762 1516 dicit

980 1535 1054 1569 ipsas
1068 1541 1167 1562 causas
1182 1541 1242 1562 esse
1257 1534 1407 1569 superioris
1421 1534 1542 1568 ipsorum
1557 1534 1678 1568 ordinis;
1690 1535 1765 1562 vide-

145 1580 330 1628 καθαίρεσθαι
342 1580 390 1618 καὶ
409 1590 589 1625 φωτίζεσθαι,
607 1591 654 1618 καὶ
674 1590 840 1617 τελειοῦσθαι
853 1589 928 1617 εἶπεν

991 1581 1042 1608 icet
1058 1580 1121 1615 quia
1135 1580 1202 1608 dixit
1218 1580 1292 1615 ipsas
1308 1580 1435 1615 purgari,
1460 1580 1593 1607 illustrari
1610 1584 1690 1615 atque
1702 1589 1761 1616 ρει-η

146 1637 241 1668 αὐτάς.
258 1637 351 1663 Ἔστιν
364 1635 410 1663 οὗν
426 1637 634 1672 ἐπιχειρήσαντα
647 1638 733 1663 εἰπεῖν
749 1636 876 1669 εὐσεϐῶς,
888 1637 929 1663 ὃτι

144 1683 160 1708 ὁ
173 1682 248 1714 Θεὸς,
274 1681 406 1718 προειδὼς
432 1682 521 1709 αὐτῶν
543 1682 592 1718 τὴν
607 1683 656 1717 τῆς
672 1682 790 1717 ἐφέσεως
812 1683 927 1718 κίνησιν,

145 1729 193 1756 καὶ
207 1729 257 1760 τὰς
273 1728 361 1756 αὐτῶν
371 1728 462 1761 τάξεις
477 1728 555 1761 ἀξίας
564 1728 652 1755 αὐτῶν
666 1730 835 1764 παρήγαγεν,
851 1730 880 1761 ἐξ
891 1727 928 1756 ὧν

144 1775 195 1801 οὐκ
208 1774 241 1802 ἃν
252 1774 322 1801 εῐποι
338 1783 380 1806 τις
394 1773 479 1805 αὑτὰς
487 1774 615 1800 δύνασθαι
629 1774 763 1806 ἐκπεσεῖν,
776 1774 819 1801 διὰ
829 1774 858 1801 τὺ
872 1774 927 1807 ἕξιν

145 1821 205 1847 τινὰ
227 1820 378 1856 κτήσασθαι
395 1821 462 1856 πρὸς
478 1820 508 1847 τὸ
524 1820 623 1854 ἀγαθὸν
637 1820 680 1847 διὰ
703 1821 754 1855 τῆς
767 1821 835 1854 ἄγαν
851 1820 928 1858 θελή-

145 1876 224 1899 σεως·
235 1867 298 1899 τοὺς
320 1866 349 1894 δὲ
373 1867 520 1901 ἀγγέλους,
533 1866 654 1893 τουτέστι
675 1866 739 1898 τοὺς
757 1867 928 1900 τελευταίους

143 1913 306 1948 διακόσμους
320 1912 473 1948 ἐνδέχεσθαι
485 1913 549 1944 ἴσως
561 1913 608 1939 καὶ
621 1913 668 1938 ἐπὶ
678 1913 708 1938 τὸ
721 1914 811 1948 χεῖρον
826 1914 927 1949 τραπῆ-

143 1967 196 1985 ναι·
213 1957 287 1985 εἶπεν
302 1959 399 1990 αὐτοὺς
407 1958 460 1994 γὰρ
473 1958 676 1994 περικοσμίους,
696 1958 726 1991 ἐξ
739 1955 776 1985 ὧν
789 1957 863 1994 οἶμαι
879 1959 926 1986 καὶ

142 2005 189 2031 τὸν
201 2004 320 2031 διάϐολόν
337 2013 400 2031 ποτε
417 2003 484 2031 εἶναι
499 2005 552 2040 πρὸ
565 2005 612 2031 τοῦ
628 2005 665 2041 μὴ
680 2006 816 2031 ὲκπεσεῐν-
838 2006 886 2031 καὶ
901 2006 927 2032 εἴ

142 2058 185 2081 τις
197 2050 298 2077 τούτων
307 2050 468 2086 τελειότερον
481 2049 559 2083 οἶδεν,
576 2051 642 2078 αίτῶ
656 2051 759 2086 μαθεῖν.
772 2051 925 2087 Σημείωσαι

142 2096 181 2126 δὲ,
197 2096 255 2128 πῶς
274 2096 344 2123 κατὰ
363 2097 439 2129 τάξιν
460 2097 489 2123 αἱ
504 2097 646 2132 άγγελικα)⁸
661 2098 853 2133 διακοσμήσεις
876 2098 924 2134 δη-

143 2142 310 2176 μιουργικῶς
324 2143 511 2179 παρήχοησαν.

365 2229 419 2256 ΕΙΣ
437 2230 481 2256 ΤΟ
500 2230 625 2257 ΚΕΦΑΛ.
645 2230 693 2256 ΙνΒ¹.

175 2274 189 2310 §
202 2275 222 2301 1.
238 2275 380 2309 Ζττινεῖται.
395 2276 458 2307 Πῶς
471 2277 495 2302 ot
509 2256 653 2312 καθ’
669 2277 748 2311 ἱερεῖς
758 2276 866 2310 ἄγγελοι
880 2276 923 2303 λέ-
939 2256 961 2284 D

139 2329 242 2355 γονται.

174 2367 188 2402 ς
203 2368 235 2394 ll.
251 2367 299 2403 [α’]
314 2367 414 2402 Φαμὲν
426 2368 481 2403 γὰρ
501 2368 546 2395 ὅτι
561 2368 675 2402 ὑλικῆς.
688 2368 855 2403 Σημείωσαι,
870 2369 921 2399 ὅτι,

138 2414 163 2439 εί
174 2414 221 2439 καὶ
233 2414 282 2449 τῆς
295 2414 349 2440 τῶν
359 2414 487 2450 ἀνωτέρω
498 2414 637 2449 δυνάμεων
652 2414 811 2441 ἀποδέουσιν
828 2415 921 2450 ὁλότη-

138 2467 183 2490 τος
194 2459 218 2485 ot
232 2459 351 2494 ἔσχατοι,
367 2460 424 2487 ἀλλ’
435 2457 482 2487 οὖν
498 2461 612 2496 μερικῆς
628 2460 770 2496 μετέχουσι
787 2460 881 2495 σοφίας
890 2469 920 2486 τε

138 2506 186 2532 καὶ
201 2505 327 2540 γνώσεως
336 2506 383 2533 καὶ
393 2506 479 2533 αὐτοί.

172 2550 220 2587 [β’]
235 2553 270 2578 Al
283 2551 318 2578 δὲ
330 2551 390 2578 τῶν
404 2553 455 2580 ὑπ’
469 2553 588 2585 αὐτούς.
606 2553 654 2584 Τίς
663 2553 683 2588 ή
692 2552 768 2588 ὁλικὴ
784 2554 864 2588 σοφία
875 2553 921 2580 καὶ

140 2596 258 2631 μέθεξις,
274 2597 321 2624 καὶ
338 2597 380 2629 τίς
395 2599 411 2632 ἠ
432 2599 541 2634 μερική·
558 2599 589 2625 τὸ
605 2598 634 2625 δὲ
648 2598 722 2626 κατὰ
737 2598 865 2634 δύναμιν
880 2599 921 2625 οὶ-

138 2644 224 2670 κείιιν
237 2643 285 2679 τὴν
302 2645 496 2680 προαιρετικὴν
507 2644 620 2681 δύναμιν
636 2645 743 2680 νοητέον
760 2645 884 2672 ἐνταῦθα.

172 2729 221 2766 [γ’]
239 2731 380 2765 Ὦρισται.
405 2733 578 2768 Σημείωσαι,
595 2733 636 2760 ὅτι
651 2733 772 2768 ὥρισται
793 2735 823 2761 οὺ
847 2735 921 2770 δηλοί

133 2776 304 2813 εἱμαρμένην
318 2778 380 2806 τινὰ
395 2779 442 2807 καὶ
456 2779 630 2815 ἀπαράϐατον
650 2780 782 2816 ἀνάγκην,
798 2781 836 2812 ὼς
858 2780 920 2807 είώ-

981 1627 1024 1654 ﬁci
1045 1635 1050 1652 :
1078 1627 1142 1654 licet
1158 1627 1240 1662 igitur
1263 1626 1448 1661 conjecturam
1475 1626 1641 1662 aggredienti
1671 1626 1762 1655 dicere

979 1681 1041 1700 cum
1056 1673 1166 1706 pietate,
1186 1672 1270 1700 Deum
1286 1672 1446 1708 praevidisse
1461 1672 1619 1707 cupiditatis
1641 1672 1761 1706 ipsarum

979 1719 1138 1752 motionem.
1156 1724 1236 1755 atque
1253 1719 1374 1753 ipsarum
1397 1718 1508 1745 ordines
1527 1717 1568 1745 eis
1588 1718 1685 1753 dignos
1699 1725 1765 1753 pro-

947 1771 952 1776 ‘
978 1765 1090 1792 duxisse
1102 1784 1110 1798 ,
1132 1772 1166 1792 ex
1185 1764 1284 1800 quibus
1300 1772 1380 1791 nemo
1404 1764 1502 1792 dixerit
1518 1764 1592 1799 ipsas
1607 1764 1696 1792 delabi
1713 1772 1763 1799 po.—

978 1810 1074 1842 tuisse,
1091 1817 1123 1838 eo
1139 1810 1211 1846 quod
1228 1810 1348 1837 habitum
1365 1810 1481 1845 aliquem
1492 1811 1526 1838 ad
1542 1810 1643 1838 bonum
1660 1810 1762 1838 habue-

977 1857 1042 1888 rint,
1056 1860 1167 1891 propter
1182 1856 1293 1883 nimiam
1309 1856 1492 1890 voluntatem;
1507 1856 1616 1891 angelos
1627 1855 1762 1889 vero,hoc

977 1905 1018 1929 est
1033 1907 1197 1937 postremos,
1211 1901 1354 1930 admittere
1368 1902 1494 1930 fortassis
1510 1902 1591 1930 etiam
1603 1903 1760 1930 conversio-

977 1955 1038 1975 nem
1050 1948 1084 1974 ad
1099 1948 1200 1975 malum
1219 1956 1225 1973 :
1243 1948 1312 1975 dixit
1333 1949 1405 1976 enim
1420 1956 1468 1975 eos
1479 1949 1552 1975 circa
1574 1948 1703 1975 mundum
1719 1948 1760 1975 af-

977 1993 1032 2026 ﬁci,
1047 2002 1080 2022 ex
1097 1994 1196 2029 quibus
1218 1994 1336 2021 arbitror
1352 1994 1489 2022 diabolum
1506 1995 1587 2021 etiam
1608 1994 1694 2022 fuisse
1709 2002 1760 2021 an-

976 2043 1086 2075 tequam
1114 2041 1275 2068 corruisset.
1301 2039 1330 2068 Si
1353 2039 1462 2075 quidem
1488 2039 1587 2075 aliquis
1611 2039 1760 2074 perfectius

975 2085 1036 2113 istis
1050 2086 1115 2120 quid
1129 2086 1245 2118 noverit,
1255 2086 1362 2114 discere
1372 2086 1490 2121 postulo.
1506 2085 1574 2112 Nota
1586 2090 1686 2118 autem,
1695 2093 1760 2120 quo-

974 2131 1055 2158 modo
1071 2132 1200 2166 angelica).
1212 2131 1410 2167 descriptiones
1420 2139 1469 2166 per
1479 2132 1644 2159 creationem
1659 2132 1760 2167 produ-

974 2180 1023 2204 cta:
1039 2177 1150 2205 fuerint.

1265 2223 1297 2250 ΙΝ
1317 2222 1392 2250 CAP.
1412 2222 1470 2251 XII.

1012 2271 1027 2306 ᾗ
1049 2270 1068 2298 Ι.
1091 2271 1236 2304 Quwritur.
1258 2270 1382 2303 Quanam
1407 2269 1512 2297 ratione
1536 2269 1691 2298 sacerdotes
1708 2277 1759 2298 no-

975 2318 1025 2345 stri
1039 2318 1127 2353 angeli
1140 2317 1276 2344 dicantur.

1011 2363 1071 2400 §ll.
1095 2362 1214 2390 Dicimus
1233 2363 1302 2389 enim
1329 2362 1469 2396 integram.
1493 2361 1564 2388 Nota
1586 2362 1676 2397 quod,
1705 2364 1758 2391 etsi

973 2410 1106 2444 postremi
1127 2413 1238 2436 careant
1254 2412 1311 2435 tota
1334 2409 1506 2443 superiorum
1521 2409 1652 2436 virtutum
1668 2408 1758 2444 perfe-

973 2457 1080 2488 ctione,
1098 2459 1218 2483 attamen
1243 2455 1317 2490 ipsos
1344 2455 1517 2490 particularis
1533 2458 1590 2482 tum
1617 2455 1758 2491 sapientia:

973 2507 1030 2529 tum
1043 2502 1207 2537 cognitionis
1223 2501 1369 2536 participes
1386 2509 1457 2529 esse.

1008 2549 1177 2583 Inferiorum.
1194 2548 1322 2581 Quaenam
1330 2548 1364 2575 sit
1378 2551 1436 2575 tota
1446 2548 1580 2583 sapientia
1591 2553 1671 2583 atque
1681 2555 1756 2575 com-

972 2595 1130 2627 municatio,
1143 2598 1170 2622 et
1182 2602 1306 2629 quaenam
1320 2595 1508 2630 particularis;
1524 2594 1591 2622 illud
1607 2598 1697 2621 autem
1712 2602 1754 2621 sa-

971 2643 1085 2669 cundum
1100 2641 1221 2668 virtutem
1242 2642 1387 2675 propriam,
1402 2641 1606 2676 intelligendum
1629 2640 1680 2667 hoc
1694 2640 1755 2666 loco

971 2691 1014 2715 est
1027 2687 1061 2715 de
1075 2687 1203 2715 facultate
1219 2687 1403 2722 praeeligendi.

1009 2733 1196 2766 Distributum,
1215 2741 1260 2760 seu
1275 2733 1422 2768 deﬁnitum.
1442 2732 1510 2760 Nota
1522 2733 1634 2768 ὥρισται
1648 2739 1702 2758 non
1716 2730 1754 2758 si-

973 2781 1102 2816 gniﬁcare
1116 2780 1200 2808 fatum
1221 2780 1330 2816 aliquod
1350 2784 1376 2808 et
1400 2780 1589 2809 necessitatem
1610 2777 1753 2806 inevitabi-

610 2857 730 2885 VARIIE
747 2855 937 2886 LECTIONES
954 2856 998 2885 ET
1017 2855 1286 2887 CORRECTIONES.

169 2918 193 2936 "
207 2919 267 2950 ἇοεν
285 2920 338 2948 καί.
