1914 3063
150 179 187 209 95
553 177 724 206 ΛΡΡΕΝΒΙΧ
739 177 783 205 ΔΙ)
797 177 911 206 ΟΡΕΚΑ

993 177 1056 203 »1οΝ
1064 176 1079 202 ἴ
1086 176 1128 202 SI!
1143 175 1332 202 AtlEOl-‘AGI'I
1339 175 1383 202 ΑΕ.
1733 175 1771 206 κ

150 237 213 268 lem,
227 236 298 264 sicut
314 236 402 264 solent
413 237 490 264 multi
504 236 610 270 dicere;
626 244 721 264 verum
733 236 845 271 ὥρισται
859 235 929 271 poni-

993 233 1052 260 Βασι
1066 233 1158 260 πολλοὶ
1172 232 1269 263 λέγειν·
1292 231 1359 259 ἀλλὰ
1371 231 1402 258 τὸ
1416 231 1537 266 ὥρισται
1550 232 1610 259 ἀντὶ
1622 231 1668 259 τοῦ
1681 232 1770 260 διατό-

149 287 195 310 tur
208 291 256 318 pro
277 284 431 310 ordinatum
452 287 494 311 est
518 283 666 311 secundum
687 283 806 318 aliquam
826 282 936 310 virtutis

149 329 365 364 proportionem,
382 329 452 357 forte
463 329 580 363 mentis;
593 336 676 364 supra
689 335 771 363 quam
785 328 936 363 intelligere

149 382 204 402 non
219 378 335 409 oportet.

181 415 194 449 ἕ
214 421 260 448 III.
275 420 403 447 Invenies.
416 421 557 453 Quomodo
575 420 656 448 etiam
671 421 809 448 communi
825 421 936 448 nomine

149 465 186 492 dii
203 469 336 493 vocentur
358 471 416 494 tum
443 466 541 501 angeli,
565 471 623 493 tum
650 467 770 501 religiosi
799 466 934 500 homines,

149 511 298 539 secundum
317 512 382 539 illud
406 511 554 547 Scriptura;
570 522 577 539 :
594 512 650 548 Ego
671 513 743 539 dixi:
759 513 804 540 Dii
831 514 894 540 estis
909 518 932 541 ιι.

185 557 328 592 Exempla.
343 558 485 592 Quomodo
499 562 526 586 ct
542 559 658 593 qualiter
670 563 697 586 et
711 559 861 587 secundum
869 559 935 594 quid

148 604 249 632 divinis
262 605 343 640 digna
359 605 449 632 habita
461 610 525 632 sunt
536 605 703 633 nominibus.

424 661 457 688 IN
477 661 553 689 CAP.
583 661 653 689 XIII.

183 707 197 743 §
219 708 240 734 Ι.
265 706 411 741 Seraphim.
434 707 504 735 Nota
525 708 539 734 6
566 707 686 744 σεραφίμ
709 707 737 735 in
757 715 856 748 genere
876 716 935 735 ma-

148 754 264 781 sculino.

184 798 288 825 Etenim
311 799 442 826 dubitabit
469 799 577 835 aliquis.
607 799 742 833 Quoniam
765 799 932 827 contrarium

148 852 278 880 apparere
296 845 377 872 dictis
392 846 511 879 videtur;
528 846 597 873 dixit
611 847 684 874 enim
708 850 799 881 antea,
817 846 931 874 inferio-

146 898 191 918 res
207 890 288 918 abiis
303 890 357 927 40
368 891 414 926 qui
431 892 505 926 ipsos
519 896 662 927 superant,
677 900 733 920 non
748 897 841 920 autem
856 901 871 919 a
885 901 932 921 su-

145 937 247 972 premis
268 937 370 970 doceri,
396 938 476 966 sicuti
492 939 600 966 tertium
616 939 739 968 ordinem
753 947 769 967 a
791 940 891 973 medio,
905 943 932 968 et

145 983 265 1010 medium
282 983 316 1011 ab
337 991 370 1012 eo
395 985 440 1019 qui
462 988 504 1012 est
519 985 646 1013 omnibus
657 986 802 1020 superior;
817 987 932 1022 quasita

145 1033 234 1058 autem
249 1029 306 1057 lucc
320 1029 438 1063 fuerant,
452 1034 533 1066 atque
546 1039 562 1058 a
577 1031 736 1063 diversitate
751 1033 850 1060 soluta.

180 1074 193 1110 §
209 1075 242 1102 ll.
259 1074 442 1108 Peccatorum,
458 1084 515 1112 qua:
530 1078 658 1104 recensita
677 1082 749 1105 sunt.
769 1077 828 1105 Non
851 1086 931 1114 posse

145 1110 237 1148 doceri
246 1121 350 1152 divina.
364 1122 417 1150 nisi
430 1123 507 1158 prius
517 1123 642 1152 dimissio
653 1128 827 1159 peccatorum
838 1124 928 1158 fuerit;

145 1173 207 1193 nam
222 1167 358 1203 seraphim
373 1169 532 1205 ὲμπρηστής
547 1177 596 1198 seu
609 1170 714 1199 calidus
726 1171 887 1206 explicatur.

176 1253 190 1289 §
214 1254 261 1281 ΙΙΙ.
282 1255 357 1283 Alius
376 1256 437 1283 item
451 1256 521 1284 haud
534 1257 687 1286 admodum.
709 1257 778 1285 Nota
799 1258 866 1286 illud
877 1267 930 1286 non

145 1300 297 1334 admodum,
319 1309 374 1328 non
394 1310 507 1337 prorsus
521 1304 554 1331 ad
577 1304 808 1340 comparationem
824 1304 929 1332 medio-

144 1346 249 1373 critatis
260 1347 362 1374 dictum
377 1347 471 1382 fuisse,
480 1350 551 1377 sicut
562 1358 617 1377 non
631 1351 667 1377 ita
674 1351 775 1378 dictum
787 1356 829 1379 est
843 1351 908 1379 illud
921 1361 928 1379 :

144 1400 195 1418 non
213 1392 287 1420 valde
309 1393 463 1427 absurdum,
482 1399 511 1422 ut
525 1396 691 1424 arbitremur
704 1405 764 1429 nos,
780 1397 930 1425 absurdum

143 1437 251 1472 quidem
272 1445 385 1472 prorsus
399 1447 460 1467 esse
472 1460 479 1472 ,
496 1440 544 1468 sed
567 1441 740 1470 mediocriter
765 1442 928 1477 absurdum;

143 1491 238 1510 verum
254 1485 334 1512 etiam
350 1493 399 1520 pro
416 1486 534 1520 positivo
548 1487 700 1516 collocatur
715 1499 721 1516 :
740 1489 792 1517 hoc
805 1494 857 1521 est,
876 1497 930 1516 non

142 1528 251 1556 videtur
265 1531 332 1558 mihi
348 1531 497 1559 absurdum
513 1540 584 1566 esse,
602 1538 681 1562 caute
695 1540 725 1562 ut
736 1535 929 1572 philosophum

986 289 1083 307 τακται
1107 279 1178 306 κατά
1194 279 1348 315 ὡρισμένην
1363 278 1424 305 τινὰ
1448 278 1593 313 ἀναλογίαν
1619 279 1767 315 δυνάμεως,

985 325 1032 352 τοῦ
1043 325 1089 353 νοῦ
1105 326 1196 361 τυχὸν,
1213 325 1284 360 ὑπὲρ
1296 325 1330 360 ἣν
1344 324 1439 360 νοῆσαι
1449 325 1480 352 οὺ
1495 325 1558 360 χρή.

1021 415 1035 451 §
1050 415 1093 442 III.
1110 414 1154 451 [δ’]
1172 414 1328 448 Εὐρήσεις.
1343 413 1406 446 Πῶς
1423 414 1468 440 καὶ
1483 413 1538 440 θεοὶ
1552 413 1688 448 λέγονται,
1701 414 1768 440 οἵτε

985 460 1094 495 ἄγγελοι
1116 460 1198 495 κοινῷ
1219 460 1340 496 ὀνόματι,
1362 460 1409 486 καὶ
1431 460 1457 486 οἱ
1479 459 1595 494 φιλόθεοι
1622 459 1769 495 ἅνθρωποι,

984 505 1054 533 κατά
1067 506 1107 534 τό·
1124 506 1197 541 Ἐγὼ
1210 506 1288 533 εἶπα·
1300 506 1365 534 Θεοί
1373 506 1454 534 ἐστε.

1027 550 1233 586 Ὲξῃρημένης.
1258 551 1320 583 Πῶς
1332 572 1339 583 ,
1362 552 1408 578 καὶ
1430 552 1504 586 ποῖα,
1520 551 1567 580 καὶ
1582 550 1652 581 κατὰ
1674 551 1702 578 τι
1715 552 1770 583 τῶν

985 595 1064 624 θείων
1078 597 1215 632 ὀνομάτων
1232 596 1354 632 ἠξίωται.

1211 654 1266 680 ΕΙΣ
1285 654 1327 680 ΤΟ
1345 654 1469 683 ΚΕΦΑΛ.
1490 653 1540 681 II".

1019 699 1033 736 §
1053 701 1074 727 Ι.
1096 700 1127 727 ὀ
1141 701 1280 735 σεραφίμ.
1294 700 1446 736 Σημείωσαι
1463 701 1480 727 ό
1496 698 1626 734 σεραφὶμ
1638 698 1768 735 ἀρσενικῇ

983 745 1080 773 κλίσει.

1017 792 1073 818 Καὶ
1088 791 1144 827 γὰρ
1157 791 1317 826 ἀπορήσειέ
1331 800 1385 824 τις.
1409 791 1515 827 Ἐπειδὴ
1531 792 1717 826 ὲναντιοφανὲς
1732 791 1769 819 εἷ-

983 847 1025 866 ναι
1036 838 1109 865 δοκεῖ
1123 839 1180 870 τοῖς
1193 837 1325 873 λεχθεῖσιν
1341 845 1349 853 ο
1363 837 1415 872 ἔφη
1430 837 1484 873 γὰρ
1498 837 1551 873 πρὸ
1561 837 1672 871 τούτων,
1685 837 1725 864 ὅτι
1735 837 1770 864 τὰ

983 884 1124 920 κατώτερα
1140 884 1192 911 ὑπὸ
1214 883 1268 910 τῶν
1289 883 1493 920 ὑπερκειμένων
1509 883 1588 917 αὐτὰ,
1610 883 1640 910 οὐ
1666 883 1718 919 μὴν
1736 883 1769 914 ὲκ

982 931 1037 958 τῶν
1056 930 1188 957 ἀνωτάτω
1211 929 1358 965 μυοῦνται,
1378 927 1463 965 οἷονὴ
1483 930 1562 965 τρίτη
1576 928 1652 962 τάξις
1674 930 1707 956 ὲκ
1719 929 1769 964 τῆς

983 978 1080 1013 μέσης,
1096 977 1145 1004 καὶ
1158 978 1174 1013 ὴ
1191 976 1261 1012 μέση
1271 977 1304 1003 ὲκ
1318 976 1369 1011 τῆς
1380 975 1448 1003 ὅλων
1463 975 1611 1011 ἀνωτέρας.
1634 974 1769 1010 Ἐζητήθη

981 1025 1010 1054 δὲ
1026 1024 1113 1051 ταῦτα
1124 1024 1171 1051 καὶ
1185 1023 1315 1058 διαφορᾶς
1324 1022 1346 1038 ⁸³
1361 1021 1487 1057 ὲπελύθη.

1017 1071 1030 1107 §
1053 1071 1085 1098 II.
1113 1069 1162 1106 [α’]
1185 1068 1357 1104 Εἱρημένωγ
1377 1067 1534 1103 ἁμαρτιῶν.
1556 1067 1616 1094 Ὅτι
1638 1067 1688 1094 οὐκ
1710 1066 1768 1095 ἐστι

983 1116 1117 1153 μυηθῆναι
1132 1115 1166 1143 τὰ
1181 1115 1250 1148 θεῖα,
1267 1116 1291 1142 εί
1303 1115 1341 1151 μὴ
1354 1115 1465 1150 γένηται
1483 1113 1614 1149 πρότερον
1627 1112 1768 1149 ἁμαρτιῶν

981 1163 1086 1198 ἄφεσις.
1109 1163 1137 1189 Ὁ
1148 1162 1202 1197 γὰρ
1217 1159 1529 1197 σεραφεὶμὲμπρηστὴς,
1545 1159 1604 1195 ἦτοι
1615 1158 1768 1194 θερμαίνων

980 1209 1170 1245 ἑρμηνεύεται.

1016 1255 1029 1291 §
1047 1255 1093 1281 IlI.
1110 1253 1157 1290 [β’]
1174 1253 1292 1287 Ἕτερος
1308 1252 1342 1279 δὲ
1355 1253 1391 1280 οὐ
1413 1252 1540 1286 σφόδρα.
1562 1250 1747 1286 Σημείωσαι⁷⁰
1758 1269 1767 1282 ,

979 1301 1021 1328 ὅτι
1034 1300 1065 1327 τὸ
1074 1301 1109 1327 οὐ
1123 1299 1248 1333 σφόδρα,
1262 1299 1293 1325 οὐ
1307 1298 1415 1329 πάντως
1426 1297 1493 1332 πρὸς
1509 1296 1650 1332 σύγκρισιν
1664 1295 1711 1323 τοῦ
1723 1305 1768 1332 με-

979 1346 1055 1383 τρίου
1071 1346 1189 1381 εῐρηται-
1205 1341 1261 1371 οἷον
1275 1345 1325 1379 οὐχ
1339 1343 1424 1374 οὕτως
1437 1343 1543 1378 εἴρηται
1556 1342 1586 1368 τὸ
1600 1343 1637 1369 οὐ
1651 1341 1769 1377 σφόδρα

980 1392 1109 1425 ἄτοπον,
1133 1390 1203 1419 ὥστε
1227 1390 1336 1426 νομίσαι
1358 1390 1442 1425 ἡμᾶς,
1464 1389 1504 1415 ὅτι
1519 1389 1618 1416 ἄτοπον
1638 1388 1686 1423 μὲν
1709 1387 1767 1416 ἔστι

980 1438 1099 1470 πάντως,
1115 1437 1232 1474 μετρίως
1243 1436 1272 1463 δὲ
1286 1436 1394 1467 ἄτοπον·
1413 1435 1480 1463 ἀλλὰ
1496 1435 1542 1462 καὶ
1555 1435 1616 1462 ἀντὶ
1630 1433 1677 1462 τοῦ
1692 1433 1768 1462 Omt-

980 1485 1029 1512 κοῦ
1041 1486 1139 1516 κεῖται,
1154 1483 1303 1514 τουτέστιν,
1317 1483 1348 1509 οὐ
1357 1482 1430 1509 δοκεῖ
1443 1490 1486 1517 μοι
1497 1481 1596 1509 ἄτοπον
1608 1479 1677 1508 εἶναι
1692 1478 1768 1507 εὐλα-

980 1530 1035 1561 ϐῶς
1044 1529 1259 1565 ἀποφαινόμενος
1272 1528 1328 1555 ἔθει
1343 1527 1489 1562 φιλοσόφῳ,
1505 1527 1572 1554 ἀλλὰ
1587 1527 1634 1554 καὶ
1647 1527 1707 1554 ἀντὶ
1718 1525 1769 1557 τοῦ

143 1575 221 1603 decet
234 1577 429 1612 pronuntians;
461 1579 530 1614 quin
552 1580 634 1607 etiam
656 1588 722 1616 pro,
746 1581 822 1608 nullo
837 1580 928 1614 modo,

993 1575 1105 1612 ηὐδαμῶς
1121 1577 1219 1607 κεῖται,
1233 1575 1300 1602 ὡσεὶ
1315 1573 1416 1608 ἔλεγεν,
1433 1573 1558 1609 οὐδαμῶς
1573 1574 1682 1601 ἄτοπον.

142 1622 268 1657 ponitur,
291 1627 419 1659 tanquam
444 1625 468 1653 si
489 1626 608 1660 diceret,
632 1628 709 1658 nullo
729 1629 811 1657 modo
833 1629 931 1657 absur-

142 1668 218 1696 duro.

177 1716 230 1749 Qui
252 1717 397 1752 a/finxerat.
418 1717 615 1750 Nota,divinas
634 1719 830 1755 prophetarum
848 1721 931 1749 visio-

141 1769 199 1793 nes,
216 1763 358 1797 przefectos
371 1765 483 1800 angelos
495 1765 561 1793 dicit
580 1765 740 1802 afﬁngentes
757 1767 785 1794 in
801 1767 931 1803 imagina-

143 1807 247 1834 tionem
258 1809 395 1838 adducere
410 1819 505 1838 eorum
521 1819 582 1846 qua:
592 1812 668 1839 cerni
682 1812 808 1841 videntur
825 1823 830 1840 :
847 1814 931 1850 aanig-
948 1831 951 1834 ι

142 1857 215 1880 mata
229 1855 302 1882 enim
315 1860 343 1883 et
357 1856 446 1892 signa,
463 1865 518 1885 non
542 1865 606 1885 vero
618 1859 708 1888 nudas
724 1867 768 1887 res
785 1864 812 1887 et
836 1867 931 1888 essen-

142 1900 196 1927 tias
207 1900 346 1929 videbant.
436 1939 439 1941 ἓ
827 1898 830 1899 ⁷

180 1945 211 1973 1η
231 1947 326 1975 Deum.
347 1949 445 1982 Vides,
472 1951 582 1986 angelos
598 1952 645 1987 qui
670 1953 850 1981 revelationes
864 1961 930 1988 pro-

143 1991 240 2026 phetas
255 1993 364 2027 docent,
381 1995 418 2022 ita
432 1994 546 2030 fecisse;
569 1997 766 2032 promovebant
783 1998 857 2033 ipsos
874 1998 931 2033 pri-

142 2047 186 2066 ma
206 2040 316 2075 quidem
328 2041 417 2069 forma
433 2042 466 2069 ad
482 2042 566 2069 Deum
582 2042 703 2070 universi
715 2044 825 2078 proprie
840 2048 931 2071 aucto-

142 2093 216 2119 rem;
232 2087 396 2115 sccundario
407 2092 498 2116 autem
516 2089 549 2116 ad
563 2092 678 2122 mentes,
691 2097 750 2124 quae
763 2091 856 2124 prima
869 2094 930 2125 post

143 2131 229 2160 Deum
243 2134 389 2169 positione,
405 2139 431 2162 et
444 2134 490 2162 Dei
505 2136 640 2172 exemplo,
653 2136 820 2171 imperantes
829 2137 930 2165 hicrar—

143 2178 222 2211 Chiae,
239 2187 299 2214 quae
315 2180 387 2216 apud
403 2180 498 2209 Deum.
515 2180 578 2209 Ilaec
590 2186 685 2217 postea
700 2182 790 2210 docet.

178 2223 213 2251 Et
235 2226 270 2252 ad
289 2227 387 2253 omnia.
404 2226 483 2261 Nota,
506 2227 551 2255 Dei
569 2228 767 2262 providentiam
785 2229 818 2257 ad
834 2237 929 2257 omnes

1017 1711 1065 1748 [γ’]
1090 1711 1272 1744 Διαπλάσας.
1299 1710 1465 1746 Σημείωσαι,
1483 1709 1524 1735 ὃτι
1549 1708 1599 1740 τὰς
1623 1707 1698 1740 θείας
1712 1707 1767 1735 τῶν

981 1757 1128 1794 προφητῶν
1141 1758 1261 1793 ὁράσεις,
1270 1757 1334 1789 τοὺς
1347 1756 1501 1791 ἐφεστῶτας
1510 1754 1625 1791 [αὐτοῖς]
1635 1754 1768 1789 ἀγγέλους

982 1804 1048 1839 φησὶ
1072 1803 1282 1834 διαπλάττοντας
1311 1803 1352 1834 είς
1375 1801 1525 1836 φαντασίαν
1548 1800 1624 1834 ἄγειν
1647 1800 1701 1826 τῶν
1723 1799 1767 1826 δο-

981 1850 1100 1877 κούντων
1121 1848 1248 1884 ὁρᾶσθαι·
1273 1849 1421 1883 αἰνίγματα
1443 1847 1497 1882 γὰρ
1519 1847 1567 1873 καὶ
1589 1846 1720 1881 σύμϐολα,
1735 1846 1771 1875 eo,

982 1895 1035 1931 μὴν
1046 1895 1137 1930 γυμνὰ
1147 1895 1296 1931 πράγματα
1306 1894 1352 1920 καὶ
1365 1893 1457 1925 οὐσίας
1470 1891 1571 1928 ἑώρων.

1023 1941 1085 1968 Ἐπὶ
1095 1942 1179 1968 Geor.
1194 1941 1274 1977 Ὁρᾷς
1285 1940 1326 1966 ὅτι
1338 1940 1362 1966 οι
1378 1939 1505 1974 μυοῦντες
1515 1937 1623 1972 ἄγγελοι
1635 1936 1684 1968 τὰς
1698 1937 1762 1964 ἀπο-

982 1988 1111 2023 καλύψεις
1129 1988 1192 2019 τοὺς
1213 1987 1355 2022 προφήτας
1375 1985 1461 2017 οὕτως
1480 1984 1597 2011 ὲποίουψ
1622 1983 1771 2018 ἀνάγοντες-

980 2035 1079 2066 αὐτοὺς
1096 2034 1280 2069 πρωτοτὺπως
1294 2033 1340 2058 ἐπὶ
1356 2031 1421 2058 Θεὸν
1433 2031 1478 2058 τὸν
1493 2030 1601 2057 πάντων
1615 2029 1717 2066 κυρίως
1725 2029 1768 2056 αἲξ

979 2089 1045 2108 τιον’
1061 2080 1193 2115 δευτέρως
1207 2079 1235 2106 δὲ
1251 2079 1296 2105 ὲπὶ
1316 2078 1378 2109 τοὺς
1400 2077 1468 2113 μετά
1483 2076 1548 2103 Θεὸν
1564 2075 1687 2112 πρώτους
1703 2075 1769 2110 νόας

981 2126 1054 2153 θέσει
1066 2127 1113 2153 καὶ
1124 2126 1246 2157 θεοειδῶς
1262 2125 1395 2161 ἄρχοντας
1404 2124 1453 2159 τῆς
1473 2123 1519 2150 ἐπὶ
1533 2123 1598 2150 Θεὸν
1616 2121 1766 2158 ἱεραρχίας.

981 2172 1072 2199 Ταῦτα
1086 2172 1183 2207 ἐφεξῆς
1197 2171 1324 2198 διδάσκει.

1015 2220 1070 2247 Καὶ
1085 2219 1134 2246 διὰ
1147 2218 1275 2245 πάντων.
1293 2216 1456 2252 Σημείωσαι,
1468 2216 1508 2242 ὅτι
1517 2215 1563 2241 ἐπὶ
1575 2214 1678 2245 πάντας
1689 2215 1706 2249 ἡ
1718 2213 1768 2244 τοῦ⁴

143 2271 249 2298 occulte
270 2273 429 2307 pervenire;
446 2277 472 2301 et
487 2273 611 2301 infimum
626 2275 753 2310 angelum
769 2276 863 2304 eodem
880 2285 929 2305 no-

993 2266 1049 2293 )soﬁ
1062 2266 1174 2301 πρόνοια
1188 2264 1275 2300 διήκει
1284 2263 1416 2300 κρυφίως,
1433 2263 1481 2290 καὶ
1494 2262 1534 2289 ὅτι
1551 2260 1704 2296 κατιίηερος
1717 2260 1766 2295 ἀγ-

142 2317 214 2343 mine
229 2325 289 2344 cum
301 2319 437 2354 seraphiut
452 2319 593 2355 appellari.

179 2361 234 2389 Pro
248 2368 337 2398 captu.
351 2363 405 2391 Seu
419 2365 569 2392 secundum
584 2374 741 2394 mensuram
760 2368 870 2395 virtutis
886 2376 930 2396 eo-

144 2415 214 2440 rum,
226 2409 273 2444 qui
285 2409 375 2437 lumen
386 2411 530 2446 recipiunt,
540 2411 738 2440 illustrationes
748 2421 856 2450 quoque
866 2422 929 2449 pro-

144 2453 240 2482 tendit.

179 2499 328 2528 Secundum
339 2501 472 2536 cujusque.
485 2501 628 2534 Quomodo
640 2503 739 2531 divina:
750 2504 927 2532 illuminatio-

145 2555 193 2577 nes
207 2546 371 2582 quibusdam
386 2547 518 2574 clariores
531 2567 538 2579 ,
556 2548 691 2583 aliquibus
707 2558 771 2578 vero
784 2551 928 2580 obscuri0«

145 2601 188 2626 res
207 2592 417 2624 distribuantur,
433 2593 557 2627 exemplo
572 2593 703 2622 declarat.

180 2638 294 2666 Salaria.
307 2637 465 2674 Exemplum
478 2638 530 2666 hoc
540 2639 620 2666 etiam
634 2643 762 2676 superius
775 2644 929 2678 appositum

147 2684 211 2718 iuit;
228 2685 343 2720 primam
359 2689 449 2711 autem
464 2684 605 2712 materiam
626 2693 716 2720 vocat,
731 2689 830 2716 vitrum
845 2694 872 2718 et
892 2691 930 2718 si-

148 2731 240 2765 miles;
254 2730 483 2766 quemadmodum
497 2734 524 2758 et
540 2733 714 2767 crassiorem,
737 2735 808 2762 sicut
822 2736 929 2771 dumos,

184 2803 198 2822 ι)
212 2797 284 2826 Psal.
304 2806 396 2831 Luxt,
413 2798 439 2825 6.

983 2312 1060 2347 γελος
1076 2311 1226 2347 ὁμωνύμως
1243 2310 1363 2346 σεραφὶμ
1378 2308 1548 2344 ὀνομάζεται.

1024 2358 1202 2393 Ἀναλόνως.
1215 2357 1317 2391 Ἥγουν
1332 2354 1402 2382 κατὰ
1412 2354 1442 2381 τὸ
1459 2354 1555 2389 μέτρον
1565 2353 1615 2389 τῆς
1627 2352 1682 2380 τῶν
1691 2352 1766 2388 δεχο-

985 2405 1073 2441 μένων
1088 2404 1228 2440 δυνάμεως
1237 2402 1344 2434 καὶτὰς
1357 2401 1502 2438 ὲλλάμψεις
1516 2400 1638 2428 ἐκτείνει.

1014 2505 1096 2533 Κατὰ
1110 2504 1168 2539 τὴν
1176 2503 1314 2538 ἑκάστης.
1331 2503 1394 2536 Πῶς
1407 2503 1436 2531 αἱ
1457 2503 1527 2530 θεῖαι
1540 2500 1687 2538 ὲλλάμψεις
1698 2519 1705 2531 ι
1726 2499 1766 2530 εἰς

980 2552 1066 2583 ἐνίους
1081 2551 1130 2587 μὲν
1150 2552 1304 2586 φανότεραι,
1320 2551 1359 2582 εἰς
1374 2549 1460 2581 ἐνίους
1472 2549 1500 2575 δὲ
1513 2547 1693 2584 ἀμυδρότεραι
1706 2545 1764 2572 δια-

980 2599 1105 2631 δίδονται1
1123 2598 1156 2625 ὲκ
1167 2598 1386 2634 παραδείγματος
1401 2595 1553 2632 σαφηνίζει.

1021 2645 1168 2679 Ἠλιακῆς.
1184 2645 1220 2671 Τὸ
1235 2644 1383 2678 ὑπόδειγμα
1396 2641 1474 2668 τοῦτο
1486 2641 1533 2668 καὶ
1543 2638 1669 2674 ἀνωτέρω
1694 2644 1765 2674 παρ-

980 2691 1184 2731 ετέθησπρώτην
1198 2691 1226 2717 δὲ
1240 2690 1306 2726 ὕλην
1317 2689 1384 2725 φησὶ
1397 2688 1446 2723 τὴν
1460 2687 1536 2714 ὕελον
1545 2686 1591 2713 καὶ
1601 2685 1650 2716 τὰς
1658 2684 1763 2720 ὁμοίας·

982 2730 1076 2774 ὥσπερ
1090 2739 1137 2765 καὶ
1151 2737 1318 2773 παχυτέραν,
1333 2733 1388 2763 οἷον
1399 2733 1562 2768 οῐκους,¹καὶ
1578 2731 1706 2767 σπήλαια,
1718 2730 1766 2758 καὶ

621 2845 737 2874 ΥΑΒΙᾹΞ
756 2845 948 2877 LECTIONES
963 2848 1006 2876 ΕΤ
1023 2848 1294 2878 CORRECTIONES.

202 2903 224 2920 ⁶⁸
242 2903 384 2939 διαφόρως.
433 2906 455 2922 ⁷⁰
474 2907 647 2943 σημειωτέον.
