1925 3060
142 161 176 189 9⁵1

474 160 502 188 S.
521 158 645 186 MAXIM]
662 152 808 186 SCHOLIA
824 157 859 185 IN
875 156 939 186 LIB.
958 155 1002 184 DE
1018 149 1179 185 C(ELESTI
1199 156 1420 184 HIERARCHIA.

1729 158 1763 187 98

141 219 176 246 τὰ
199 218 386 254 παραπλήσια.
405 216 517 248 ’Ἄλλως⁸
537 216 647 252 πρώτην
671 215 736 251 ὕλην
759 215 808 250 τὴν
825 214 925 249 λεπτὴν

981 219 1004 242 ει
1018 221 1115 250 specus
1131 217 1157 241 et
1172 213 1283 242 similia.
1305 212 1391 240 Aliter
1405 212 1522 247 primam
1537 213 1680 241 materiam
1695 213 1764 242 dicit

142 265 190 293 καὶ
202 265 309 301 ἀερώδη
323 265 371 291 καὶ
385 263 517 300 καθαράν.

175 311 272 339 Πάλιν
289 311 309 345 ’ἡ
327 310 421 344 πυρὸς
441 310 592 345 θερμότης.
614 309 713 340 Καλῶς
732 307 875 340 ἀπεικάζει
888 307 928 342 τῷ

141 358 201 394 Θεῷ
216 358 246 385 τὸ
265 357 331 394 ἠὗρ’
354 356 427 390 λέγει
446 355 500 391 γὰρ
516 356 533 391 ἡ
548 355 653 391 Γραφή·
677 354 703 381 Ὀ
718 354 752 380 δὲ
773 353 846 386 Θεὸς
868 352 927 386 πῦρ

142 404 365 431 καταναλίσκον
377 402 453 429 ἐστί’
469 402 516 429 καὶ
531 402 571 428 ὅτι
585 401 616 428 τὸ
640 402 688 437 μὲν
710 400 792 427 αὑτοῦ
816 400 928 436 Θερμαί-

142 458 192 481 νει,
207 450 237 476 τὸ
250 449 279 476 δὲ
294 449 445 476 κατακαίει·
466 448 538 475 οὕτω
552 448 599 475 καὶ
619 448 633 474 ὁ
647 447 712 479 Θεὸς
725 447 788 479 τοὺς
803 445 928 482 προσιόν-

141 505 192 528 τας
208 495 282 531 αὐτῷ
296 495 422 530 φωτίζει,
436 494 501 526 τοὺς
524 494 551 521 δὲ
571 493 752 525 ἀπιστοῦντας
775 492 927 524 κατακαίει,

141 543 205 574 τοὺς
225 542 262 578 μὴ
281 543 310 568 ὲν
333 542 423 569 πίστει
448 540 607 576 προσιόντας
627 541 674 567 καὶ
700 538 928 575 προσεγγίζοντας

142 587 228 624 αὐτῷ.

177 634 253 668 Πρὸς
278 633 312 661 δὲ
334 634 387 667 τὰς
414 633 592 666 ἁντιτυπεῖς.
627 629 694 660 Οἷον
713 631 853 667 ἀδάμαντα
881 629 928 657 καὶ

143 679 224 716 ὕδωρ.

177 726 322 761 Φυσικῆς.
347 725 451 753 Φυσικὰ
473 725 546 760 λέγει
560 725 595 751 τά
623 723 739 759 αἰσθητά
762 722 809 749 καὶ
830 721 925 758 ὁρατά.

148 772 244 799 Ἰστέον
257 772 296 804 δὲ,
312 773 352 799 ὅτι
375 773 404 799 ὲν
425 773 481 804 τοῖς
503 772 617 807 νοητοῖς,
639 770 668 797 at
687 769 854 812 ἀρεταὶ¹ούκ
873 769 927 794 είσὶ

143 819 216 845 κατά
241 818 420 854 συμϐεϐηκὸς,
444 817 481 850 ὡς
505 819 570 854 παρ’
583 818 659 853 ἡμῖν,
683 816 739 843 ἀλλ’
762 815 777 841 ὁ
799 815 864 846 Θεὸς
879 814 928 850 μὲν

141 864 199 890 ἔστι
226 864 300 897 ζῶσα
324 864 408 900 ἀρετὴ
439 864 487 891 καὶ
515 863 660 899 αὐτοτελὴς
683 861 730 889 καὶ
765 861 926 897 ἀπροσδεὴς,

141 910 181 937 ἃτι
197 910 363 946 ὑπερουσίως
382 910 520 943 οὺσὶωται,
536 911 582 937 καὶ
609 909 788 945 μεταδοτικῶς
815 909 927 944 ὲκφοιτᾷ

141 957 181 988 εἰς
209 957 244 984 τά
272 958 317 984 ἀπ’
346 957 432 992 αὐτῆς
458 956 496 989 ὡς
528 957 616 988 αἰτίας
643 955 740 991 οὔσης,
768 955 927 992 ὑπάρξαντα

145 1003 247 1038 νοητά’
276 1003 352 1039 πηγὴ
387 1003 436 1038 μὲν
462 1001 508 1030 οὗν
542 1003 592 1038 τῆς
630 1002 730 1038 ἀρετῆς
768 1001 857 1037 ζώσης
880 1001 928 1028 κα)⁸

141 1046 254 1084 θεούσης
268 1049 338 1076 κατὰ
357 1049 387 1076 τὸ
400 1047 508 1084 ἐφικτὸν
523 1049 545 1064 ¹¹¹
560 1048 622 1080 τοὺς
642 1048 803 1084 μετέχοντας
824 1047 925 1079 ὁΘεός·

140 1094 196 1120 ἀλλ’
227 1095 301 1129 ὅμως
330 1095 370 1126 είς
399 1094 511 1130 πρόοδον
550 1094 738 1130 προνοητικῶς
767 1095 879 1130 ἐκφοιτᾷ
905 1095 926 1111 ⁷¹

139 1139 180 1173 εις
198 1140 233 1167 τὰ
256 1140 421 1168 οὺσιωθέντα
444 1141 490 1167 ὑπ’
504 1139 588 1167 αὐτοῦ
613 1140 713 1175 νοητά·
742 1140 789 1167 καὶ
809 1140 927 1176 ἀκρότης

139 1187 187 1214 καὶ
207 1187 341 1223 τελειότης
365 1186 436 1213 κατά
455 1186 534 1213 τοῦτο
548 1184 616 1213 εἶναι
639 1186 692 1213 τῶν
706 1186 775 1213 νοῶν
795 1187 845 1213 οὐκ
859 1187 927 1213 ἀπο-

141 1233 243 1261 ϐάλλει.
266 1234 304 1260 Οὐ
319 1232 390 1260 κατὰ
407 1233 577 1269 ωμὸεὸηκὸς
592 1231 640 1260 οὖν
659 1232 685 1259 ot
699 1233 766 1265 νόες,
783 1233 821 1264 ὡς
834 1234 925 1268 ἡμεῖς,

140 1280 231 1315 ἔχουσι
253 1280 302 1316 τὴν
319 1280 429 1316 ἀρετὴν,
445 1279 494 1315 τὴν
510 1280 639 1316 φρόνησιν
656 1279 686 1312 ἐξ
704 1280 847 1315 ἀσκήσεως
871 1277 926 1307 οἷον

139 1326 157 1362 ἢ
173 1327 327 1362 μαθήσεως,
346 1325 423 1362 ἢτὴν
438 1326 618 1361 δικαιοσύνην,
640 1325 656 1360 ἧ
681 1326 731 1362 τὴν
750 1325 926 1362 σωφροσύνην

139 1369 172 1400 δι’
186 1373 359 1408 ἐγκρατείας,
381 1372 398 1408 ἢ
415 1371 463 1408 τὴν
485 1372 595 1408 ἀνδρίαν
614 1371 644 1404 ἒξ
662 1372 787 1404 εὐθεσίας
801 1372 926 1407 σώματος

139 1420 187 1446 καὶ
209 1419 330 1456 νεύρων·
346 1420 377 1446 οὐ
392 1420 448 1455 γὰρ
471 1419 509 1451 ὡς
532 1419 595 1446 ἄλλο
617 1420 647 1446 ὲν
669 1419 750 1455 ἄλλῳ,
773 1420 802 1446 ἐν
821 1419 926 1452 τούτοις

139 1466 156 1501 ἡ
177 1466 259 1501 ἀρετή
271 1474 278 1480 ·
298 1465 365 1492 ἀλλὰ
386 1465 417 1492 τὸ
436 1465 471 1492 τά
492 1466 578 1492 οἰκεῖα
589 1466 708 1501 ἐνεργεῖν
719 1465 765 1493 καὶ
779 1465 926 1498 ἀπαύστως

140 1511 321 1538 ἀνατετάσθαι
339 1511 406 1547 πρὸς
420 1511 485 1538 Θεὸν
508 1512 555 1538 καὶ
576 1513 615 1543 εἰς
635 1512 766 1544 ἑαυτοὺς,
796 1510 876 1538 τοῦτο
895 1511 925 1538 ὲν

943 891 964 919 Β

143 1556 236 1589 αὐτοῖς
258 1557 433 1592 θεομίμητον,
453 1557 537 1593 ἀρετὴ
549 1565 556 1572 ·
575 1557 651 1590 τάξις
676 1557 704 1584 δὲ
723 1557 797 1593 ὅμως
816 1555 866 1593 τὴν
886 1557 925 1589 ὡς
937 1560 959 1590 c

140 1602 219 1629 ἄλλον
238 1603 267 1629 ὲν
289 1602 361 1638 ἄλλῳ
377 1602 561 1637 διαφυλάττει,
578 1602 616 1634 ὡς
637 1603 668 1629 τό
680 1610 686 1616 ·
713 1599 747 1637 ζῇ
761 1602 796 1630 ἐν
817 1601 881 1637 ἐμοὶ
904 1603 924 1637 ἡ

139 1647 225 1682 ψυχή
243 1656 312 1681 σου,
327 1649 387 1676 ἀντὶ
400 1648 459 1680 τοῦ,
475 1649 491 1684 ἡ
510 1649 560 1684 τῆς
574 1649 746 1680 διδασκαλίας
769 1649 923 1684 μετάδοσις·

139 1692 172 1719 τὸ
188 1693 217 1720 δὲ
241 1693 412 1729 συμϐεϐηκὸς
438 1694 467 1720 ὲν
491 1693 662 1729 ὑποκειμένῳ
686 1694 754 1730 ὅπερ
780 1694 830 1721 οὐκ
853 1694 926 1721 ἔστιν

140 1739 216 1765 ἐκεῖ·
232 1738 365 1766 ἀσύνθετα
381 1738 435 1774 γὰρ
459 1738 506 1765 καὶ
532 1738 601 1765 ἀῡλα
627 1740 728 1771 ἐκεῖνα,
749 1739 796 1766 καὶ
813 1738 848 1766 τὰ
867 1738 925 1775 εἴδη

140 1785 231 1812 αὐτῶν
249 1786 326 1818 ζωαὶ,
350 1785 400 1820 οὐχ
420 1784 458 1816 ὡς
477 1785 506 1811 ὲν
522 1784 582 1821 ΰλῃ.
606 1785 660 1812 Καὶ
678 1784 764 1812 ταῦτα
779 1785 828 1821 μὲν
846 1786 860 1812 ὁ
873 1793 926 1812 πα-

141 1831 286 1867 ραγράψας
300 1831 418 1867 ἐνόησεν.
443 1831 508 1866 Ἔχε
522 1831 549 1858 δὲ
564 1831 634 1858 κατά
649 1831 710 1859 νοῦν
729 1832 778 1864 τὰς
792 1832 862 1868 ὲμάς
877 1841 926 1868 ση-

143 1877 279 1913 μειώσεις,
294 1877 344 1909 τὰς
357 1877 411 1914 πρὸ
429 1877 511 1914 τριῶν
531 1877 636 1913 φύλλων
647 1887 654 1893 ·
677 1878 724 1905 καὶ
738 1878 854 1906 ἐνταῦθα
871 1879 925 1916 γὰρ

140 1924 173 1951 τὸ
204 1924 345 1960 ἐφιέμεναι
379 1925 411 1960 τῇ
453 1924 508 1959 ὲμῇ
535 1923 627 1959 νοήσει
659 1925 798 1960 συνεργεῖ·
826 1925 873 1952 καὶ
899 1925 924 1952 οἱ

141 1969 259 2004 πατέρες
279 1969 307 1996 δὲ
329 1968 415 2000 οὕτως
432 1969 555 2004 ἐνόησαν,
585 1969 633 1996 καὶ
652 1969 734 2002 αὐτὸς
755 1969 784 1996 δὲ
803 1969 875 1996 δοκεῖ
894 1966 925 1997 τὸ

141 2015 370 2051 αὐτοπροαίρετον
404 2014 468 2051 [τῶν
507 2015 640 2051 ἀγγέλων,
682 2014 721 2048 ὡς
747 2016 806 2052 μετ’
834 2015 924 2050 ὀλίγον

140 2061 289 2098 εὑρήσεις].

179 2150 347 2185 Ταξιαρχία.
368 2150 511 2177 Τουτέστιν
526 2150 540 2176 ὀ
554 2150 628 2182 Θεός.

180 2198 282 2224 Ἔστιν
294 2197 354 2224 οὖν
368 2197 471 2224 ἅπασι.
498 2197 652 2232 Σημειωσαι
673 2197 713 2224 ἂτι
735 2197 823 2232 φωτὸς
843 2198 921 2225 οὐσία

140 2245 156 2270 ὁ
166 2243 241 2275 Θεὸς,
253 2243 300 2270 καὶ
311 2242 342 2269 τὸ
355 2242 434 2278 φύσει
449 2243 544 2278 ἀρετὴ,
558 2243 605 2269 καὶ
619 2242 691 2269 θέσει
707 2243 803 2280 ἀρετή.

183 2333 343 2369 Ἠγοῦντιιι.
369 2331 538 2367 Σημείωσαι,
554 2331 596 2358 ὅτι
610 2330 679 2367 μετὰ
692 2331 757 2358 Θεὸν
775 2331 846 2368 ἀρχὴ
872 2332 926 2359 πά-

143 2388 194 2415 σης
207 2378 307 2414 ἀρετῆς
325 2378 350 2404 οἱ
362 2375 495 2404 ἅνώτατοι
511 2376 581 2409 νόες,
593 2376 626 2403 δι1
646 2372 685 2403 ὧν
697 2376 813 2412 πρώτων
829 2376 926 2412 ἔχομεν

142 2425 192 2462 τὴν
204 2425 250 2452 τοῦ
265 2424 331 2451 Θεοῦ
347 2423 487 2458 ἐλλαμψιν.

186 2471 344 2506 Ἐμπὺριον
363 2470 503 2503 ἰδιότητα.
524 2467 678 2504 Σημείωσαι
711 2468 752 2496 ὅτι
774 2469 844 2496 κατά
864 2469 925 2497 ίδιό-

141 2523 211 2551 τητα
225 2513 353 2550 ὲμπύριοι
367 2513 392 2540 οι
405 2513 537 2551 ἀνώτατοι
550 2512 617 2544 νόες.

180 2559 317 2594 Θρονίαν,
346 2558 445 2589 Καλῶς
472 2556 616 2593 ὲρμηνεύει
635 2557 662 2584 τί
684 2558 736 2585 εισι
762 2557 851 2595 θρόνοι
872 2560 925 2587 τῶν

142 2605 285 2641 οὐρανίων,
318 2603 349 2630 τὸ
377 2602 551 2638 ἀνεῳγμένην
580 2601 628 2638 τὴν
655 2603 718 2638 περὶ
739 2603 806 2631 Θεοῦ
834 2605 926 2642 νόησιν

143 2650 232 2686 ἐχειν·
252 2649 360 2685 θρονιαν
385 2647 414 2675 δέ
432 2656 514 2683 φησιν
538 2647 655 2684 ἰδιότητα
673 2649 721 2685 τὴν
735 2650 923 2686 ἀποκληρωτι-

143 2695 201 2727 κῶς
219 2694 420 2730 ἀποφανθεῖσαν
431 2693 485 2720 τῶν
502 2693 587 2727 ἁγίων
601 2693 701 2729 θρόνων
715 2695 812 2731 ἀρχήν.

182 2770 198 2791 1
211 2764 292 2792 llcbr.
309 2772 364 2796 xu,
376 2763 421 2792 29.

939 2229 961 2257 Ι)

978 267 1049 292 eam,
1064 267 1125 294 quae
1144 259 1245 291 tenuis,
1263 265 1354 291 aerea,
1368 262 1395 286 et
1410 266 1477 294 pura
1493 263 1547 287 est.

1013 304 1113 332 lterum
1135 304 1209 331 calor
1223 304 1301 340 ignis.
1326 303 1411 332 Recte
1425 305 1565 339 componit
1587 304 1677 339 ignem
1701 312 1764 333 cum

978 349 1051 384 Deo;
1070 349 1136 377 dicit
1159 350 1232 377 enim
1258 348 1411 384 Scriptura,
1433 349 1505 376 Deus
1519 349 1588 385 ignis
1611 358 1764 379 consumens

977 402 1041 425 est‘l
1061 406 1068 424 :
1091 401 1119 424 et
1139 396 1268 432 quoniam
1291 396 1362 431 ignis
1381 395 1481 430 partim
1499 395 1641 428 calefacit,
1666 398 1765 432 partim

978 441 1127 475 comburit;
1145 441 1185 470 sic
1207 441 1288 468 etiam
1311 439 1383 468 Deus
1398 440 1559 468 accedentes
1576 441 1610 468 ad
1626 442 1714 476 ipsum
1733 443 1766 470 il-A

978 488 1103 519 luminat.
1117 487 1275 514 incredulos
1297 490 1387 514 autem
1402 487 1449 521 qui
1464 495 1513 521 per
1524 487 1602 514 ﬁdem
1611 495 1698 522 neque
1710 489 1762 524 41

978 534 1113 562 accedunt
1127 541 1215 570 neque.
1226 533 1447 568 appropinquant
1461 534 1524 569 ipsi,
1542 535 1686 562 comburit.

1018 623 1113 651 Verum
1128 623 1155 650 in
1169 621 1372 649 reluctantibus.
1388 620 1465 649 Sicut
1480 622 1624 651 adamante
1639 624 1668 652 et
1681 632 1762 660 aqua.
1788 624 1793 632 ‘

1014 711 1168 739 Naturalis.
1186 710 1329 738 Naturalia
1347 714 1426 738 vocat
1441 710 1580 739 sensibilis
1596 714 1622 738 et
1633 713 1761 742 visibilia.

979 758 1128 787 Sciendum
1147 765 1230 793 porro
1242 758 1359 785 virtutes
1378 765 1433 784 non
1445 764 1507 784 esse
1521 765 1568 792 per
1589 758 1715 787 accidens
1735 760 1763 787 in

978 805 1013 833 iis
1028 812 1089 841 quae
1114 808 1206 832 mente
1236 804 1426 839 percipiuntur
1453 803 1525 830 sicut
1548 803 1575 830 in
1597 804 1693 838 nobis;
1715 806 1763 833 sed

979 851 1052 879 Deus
1067 850 1176 886 quidem
1198 853 1241 878 est
1255 850 1344 877 virtus
1360 849 1420 876 viva
1435 853 1462 876 et
1478 857 1526 884 per
1547 858 1577 877 se
1597 850 1716 885 perfecta
1736 857 1763 880 et

977 897 1081 924 nullius
1103 895 1215 931 indiga;
1240 895 1305 930 quia
1331 896 1598 930 superessentialiter
1616 899 1762 927 essentiam

978 943 1085 975 habuit,
1104 946 1131 970 et
1149 942 1324 970 distributive
1339 942 1395 969 exit
1418 942 1444 969 in
1460 949 1491 970 ea
1509 943 1691 979 intelligibilia
1703 954 1763 981 qua;

977 997 1027 1025 per
1041 989 1128 1025 ipsam
1144 992 1240 1023 utpote
1251 995 1363 1016 causam
1378 989 1525 1018 exsistunt.
1535 989 1607 1018 Deus
1628 992 1763 1027 siquidem

977 1040 1019 1063 est
1039 1035 1101 1063 fons
1115 1035 1184 1063 vivae
1199 1035 1309 1063 virtutis
1334 1039 1361 1063 et
1384 1040 1516 1070 quantum
1540 1036 1602 1064 licet
1621 1037 1687 1066 deos
1706 1039 1762 1066 eili-

977 1082 1076 1110 cientis
1098 1081 1245 1117 participes
1261 1088 1268 1107 :
1285 1085 1376 1109 tamen
1400 1082 1434 1109 ad
1449 1082 1600 1117 prodeundi
1627 1085 1763 1113 actionem

976 1128 1033 1156 exit
1047 1127 1221 1163 providenter
1237 1127 1457 1163 inintelligibilia
1467 1136 1527 1164 quae
1544 1129 1578 1156 al)
1591 1130 1651 1165 ipso
1667 1138 1762 1159 essen-

977 1175 1044 1202 tiam
1059 1178 1243 1210 acceperunt;
1263 1182 1353 1209 neque
1375 1175 1478 1202 idcirco
1492 1175 1593 1203 desinit
1608 1184 1669 1205 esse
1684 1177 1763 1205 faSLi-

975 1220 1050 1256 gium
1062 1225 1089 1248 et
1103 1220 1235 1256 perfectio
1256 1221 1400 1248 mentium.
1416 1220 1476 1248 Non
1497 1221 1579 1256 igitur
1593 1226 1699 1251 mentes
1714 1231 1762 1259 per

976 1267 1115 1299 accidens,
1140 1267 1222 1295 sicuti
1244 1275 1306 1299 nos,
1320 1268 1421 1296 habent
1436 1267 1576 1300 virtutem,
1592 1270 1676 1297 veluti
1696 1278 1762 1306 pru-

976 1313 1096 1340 dentiam
1118 1321 1166 1348 per
1185 1313 1347 1341 exercitium
1371 1317 1398 1341 et
1420 1314 1605 1349 disciplinam,
1621 1315 1662 1343 vel
1681 1316 1763 1351 justi-

976 1360 1052 1391 tiam,
1069 1363 1115 1386 aut
1131 1360 1340 1395 temperantiam
1359 1368 1407 1396 per
1422 1361 1628 1393 continentiam,
1648 1363 1689 1390 vel
1705 1363 1763 1390 for-

975 1405 1119 1434 titudinem
1135 1413 1183 1442 per
1199 1407 1298 1434 bonam
1315 1407 1440 1442 corporis
1452 1412 1478 1435 et
1491 1415 1637 1435 nervorum
1650 1415 1762 1444 compo-

975 1452 1121 1486 sitionem;
1138 1460 1194 1480 non
1208 1452 1282 1480 enim
1303 1457 1332 1480 ut
1346 1453 1420 1480 aliud
1438 1454 1466 1480 in
1482 1453 1546 1486 alio,
1563 1454 1591 1481 in
1607 1454 1650 1482 his
1661 1455 1759 1491 virtus;

976 1497 1024 1526 sed
1047 1498 1158 1533 propria
1182 1499 1290 1534 operari
1318 1504 1345 1526 et
1372 1499 1545 1528 incessanter
1575 1501 1603 1528 in
1622 1500 1707 1528 Deum
1733 1507 1760 1529 et

975 1544 1081 1579 seipsos
1096 1544 1247 1577 intendere,
1264 1545 1321 1572 haec
1338 1545 1365 1572 in
1381 1545 1448 1580 ipsis
1461 1545 1508 1574 Dei
1523 1546 1650 1578 imitatio,
1674 1547 1761 1575 virtus

976 1591 1114 1618 censenda
1129 1594 1189 1625 est;
1209 1595 1328 1619 attamen
1354 1592 1490 1624 ordinem,
1512 1596 1541 1620 ut
1566 1593 1636 1620 alius
1659 1593 1685 1620 in
1707 1593 1761 1620 alio

975 1636 1111 1670 custodit,
1126 1640 1156 1663 ut
1177 1638 1264 1664 illud:
1294 1637 1362 1664 Vivit
1386 1638 1413 1665 in
1433 1646 1474 1665 me
1496 1639 1587 1665 anima
1616 1643 1672 1670 tua,
1699 1646 1760 1673 pro,

975 1682 1108 1710 doctrinae
1121 1684 1334 1711 communicatio
1347 1693 1353 1710 :
1368 1684 1496 1711 accidens
1511 1687 1601 1711 autem
1625 1684 1653 1711 in
1669 1684 1774 1722 subje-V

974 1732 1030 1762 cto,
1043 1729 1116 1765 quod
1133 1730 1221 1762 abest,
1237 1730 1361 1764 exsistit;
1385 1730 1519 1765 simplicia
1543 1730 1615 1758 enim
1637 1731 1683 1758 illa
1697 1736 1762 1759 sunt

974 1779 1001 1802 et
1017 1776 1137 1803 materia:
1149 1776 1280 1811 expertia,
1297 1776 1455 1812 speciesque
1468 1776 1601 1812 ipsorum,
1617 1777 1687 1808 vitae,
1705 1783 1760 1805 non

975 1820 1046 1848 sicut
1059 1821 1087 1848 in
1103 1821 1216 1849 materia
1231 1830 1238 1848 :
1255 1825 1283 1849 et
1298 1822 1355 1849 haec
1367 1822 1476 1857 quidem
1494 1823 1518 1851 is
1532 1823 1579 1858 qui
1594 1823 1621 1851 in
1637 1824 1760 1859 margine

974 1867 1113 1894 adnotavit
1142 1868 1291 1902 intellexit;
1317 1876 1392 1897 meas
1420 1873 1510 1897 autem
1543 1869 1760 1903 observationes,

974 1922 1035 1950 quae
1053 1914 1081 1941 in
1106 1914 1194 1942 tribus
1211 1918 1275 1942 ante
1291 1914 1374 1948 foliis,
1397 1915 1425 1942 in
1441 1918 1531 1943 mente
1549 1915 1658 1947 habeto,
1679 1916 1761 1944 isthic

977 1959 1050 1987 enim
1063 1959 1095 1986 τὸ
1106 1959 1246 1995 ὲφιὲμεναι
1267 1959 1419 1995 cupientes,
1438 1960 1650 1988 intellectionem
1672 1969 1760 1989 meam

973 2005 1100 2041 adjuvat;
1116 2010 1144 2034 et
1155 2005 1251 2034 Patres
1271 2007 1309 2034 ita
1325 2007 1528 2038 intellexerunt,
1544 2011 1626 2042 atque
1650 2007 1708 2042 ipse
1727 2009 1761 2035 li-

972 2051 1067 2080 herum
1093 2052 1235 2080 arbitrium
1261 2051 1443 2089 [angelorum]
1468 2053 1587 2080 admittit
1616 2052 1663 2089 [ut
1677 2054 1760 2088 paulo

972 2102 1034 2134 post
1062 2098 1216 2135 invenies].

1008 2145 1117 2173 Ordinis
1127 2145 1210 2180 origo,
1227 2143 1274 2172 Gr.
1296 2144 1450 2180 ταξιαρχία.
1467 2143 1495 2171 id
1509 2148 1551 2172 est
1565 2144 1647 2173 Deus.

1008 2190 1057 2218 Eat
1080 2191 1162 2226 igitur
1186 2191 1316 2218 omnibus.
1338 2190 1418 2221 Nota,
1448 2189 1533 2217 Deum
1565 2197 1627 2218 esse
1648 2190 1758 2219 luminis

975 2237 1123 2265 essentiam
1145 2241 1172 2264 et
1192 2239 1288 2263 natura
1312 2236 1452 2269 virtutem,
1475 2239 1501 2263 et
1523 2235 1678 2264 deﬁnitione
1700 2238 1756 2264 vir-

974 2286 1070 2311 tutem.

1009 2329 1130 2357 Censent.
1146 2327 1226 2359 Nota,
1248 2335 1389 2362 supremas
1405 2330 1509 2354 mentes
1524 2334 1586 2354 esse
1599 2331 1661 2362 post
1674 2327 1757 2355 Deum

974 2375 1137 2410 principium
1162 2373 1251 2401 omnis
1272 2373 1397 2406 virtutis,
1418 2380 1468 2408 per
1489 2381 1557 2408 quas
1577 2373 1692 2408 primatu
1708 2373 1757 2402 Dei

975 2421 1186 2449 illustrationcm
1201 2420 1360 2454 accipimus.

1012 2467 1119 2504 lgneam
1132 2467 1326 2502 proprietatem.
1337 2465 1406 2494 Nota
1421 2473 1563 2502 supremas
1577 2471 1682 2495 mentes
1696 2474 1759 2494 esse

976 2514 1125 2543 secundum
1137 2514 1331 2549 proprietatem
1346 2513 1450 2549 igneas.

1011 2561 1088 2589 Solii.
1106 2559 1190 2588 Recte
1213 2560 1416 2595 interpretatur,
1432 2559 1497 2595 quid
1513 2560 1568 2588 sint
1582 2559 1661 2588 sedes
1675 2558 1755 2586 εωιθ.

975 2607 1069 2639 stium,
1092 2609 1212 2642 apertam
1228 2606 1261 2634 de
1275 2605 1330 2634 Deo
1349 2607 1541 2642 cogitationem
1563 2605 1679 2638 habere;
1694 2603 1756 2631 solii

975 2658 1065 2680 autem
1089 2652 1156 2680 dicit
1181 2653 1387 2688 proprietatem,
1414 2652 1511 2680 sortito
1539 2651 1757 2679 demonstratum

975 2702 1132 2727 sanctorum
1143 2699 1302 2726 thronorum
1318 2698 1510 2734 principatum.

609 2822 725 2851 VARl/E
744 2821 933 2851 LECTIONES
949 2821 993 2850 ET
1009 2820 1281 2850 CORRECTIONES.

179 2895 199 2912 ⁷¹
213 2894 250 2927 ὡς
266 2894 383 2930 ἐφικτόν.
415 2895 438 2911 "'
449 2894 590 2929 ὲκφοιτῶν.
