1925 3060
171 178 205 207 99
555 171 728 200 APPENDIX
742 170 787 198 AD
805 169 918 198 OPERA
940 168 968 196 S.
982 165 1131 195 DIONYSII
1145 162 1388 192 AREOPAGITIE.

209 232 376 268 Interiorum.
394 230 432 258 De
446 229 577 264 subjectis
591 229 741 259 ordinibus,
757 226 894 262 quomodo
908 232 955 261 per
970 233 993 261 Α

169 279 273 315 primos
288 276 389 304 divinis
403 275 616 302 communicent.

203 323 257 360 5.2
272 323 376 349 Dictus.
392 321 472 349 Venit
491 320 525 347 ad
535 318 743 354 explicationem
759 316 900 352 propositi.

206 411 220 447 ᾗ
240 410 284 437 iV.
304 409 398 436 Aiebat
419 409 518 442 itaque.
531 407 594 442 Agit
609 405 643 433 dc
658 405 747 439 coqui
760 403 877 434 dixerat,
893 409 955 429 eum

169 465 224 485 non
249 456 333 483 fuisse
354 454 502 490 seraphim.
518 460 598 488 quem
613 451 700 479 Isaias
714 450 792 481 vidit,
808 449 855 475 sed
872 455 955 474 unum

169 509 202 531 ex
227 501 404 530 inferioribus
428 499 589 531 ordinibus;
615 498 686 524 hanc
705 497 776 523 enim
799 495 955 529 opinionem

169 550 333 583 propugnat,
353 553 435 581 quam
460 545 542 580 paulo
567 547 630 571 ante
650 543 678 570 in
701 542 835 578 principio
857 541 954 576 capitis

169 593 305 624 declarat,
333 592 378 619 ubi
405 591 496 618 dicit:
515 590 590 616 Alius
616 594 703 616 autem
733 597 785 616 non
812 587 954 615 admodum

171 639 326 671 absurdam,
338 642 366 665 et
380 645 440 672 qua:
454 638 622 671 sequuntur;

206 686 341 720 Tanquam
364 684 390 710 in
411 682 546 718 symbolis.
573 681 707 714 Quoniam
729 680 866 716 scraphim
896 680 953 708 alas

171 740 216 759 sex
236 731 368 758 habentes
381 730 464 757 videt.

207 778 239 804 Et
254 778 323 804 circa
339 776 422 803 Deum
437 775 591 802 collocatas.
608 774 694 801 Habet
707 773 779 802 enim
794 772 950 808 Scriptura:

171 824 283 852 Stabant
296 824 322 850 in
337 823 449 849 circuitu
464 822 520 856 ejus
535 826 558 849 τ.

204 869 302 896 Didicit
323 870 420 904 itaque.
454 867 529 900 Vide,
558 866 688 901 quidnam
714 865 832 893 disceret
856 864 951 897 Isaias,

1737 159 1788 187 100

1047 222 1234 258 ’Υφειμένιιηκκ
1261 221 1328 256 Περὶ
1358 219 1410 245 τῶν
1439 216 1642 252 ὑπώεϐηκυιῶν
1676 216 1789 249 τάξεων,

1007 272 1080 302 ὅπως
1096 269 1139 296 διὰ
1152 268 1205 295 τῶν
1220 266 1334 303 πρώτων
1352 265 1491 301 μετέχουσι
1506 263 1560 290 τῶν
1577 262 1666 290 θείων.

1043 317 1099 349 Τὰς
1113 313 1279 349 εἰρημένας.
1295 310 1395 338 Ἦλθεν
1417 311 1455 342 είς
1476 309 1605 345 ἐξήγησιν
1618 308 1665 335 τοῦ
1679 317 1790 344 προκει-

1008 363 1088 398 μένου
1093 381 1100 389 .
1313 379 1316 383 .

1041 408 1166 441 Ἔλεγεν
1180 406 1244 433 οὖν.
1268 405 1335 440 Περὶ
1352 402 1399 430 τοῦ
1420 401 1541 434 εἰπόντος
1565 401 1656 436 φησὶν,
1684 401 1724 427 ὅτι
1743 401 1792 435 οὐχ

1004 455 1019 480 ὁ
1042 453 1162 489 σεραφὶμ
1191 452 1355 487 ἐτύγχανεν,
1384 450 1398 476 ὁ
1424 448 1516 484 ὀφθεὶς
1536 448 1575 484 τῷ
1598 448 1706 483 Ἡσαΐᾳ,
1724 447 1791 474 ἀλλά

1003 510 1045 533 τις
1067 501 1120 528 τῶν
1141 499 1303 534 κατωτέρων
1325 497 1462 532 ἀγγέλων
1488 494 1574 530 ταύτῃ
1598 493 1652 529 γὰρ
1675 495 1708 529 τῇ
1731 493 1792 529 δόξῃ

1004 547 1217 581 ἐπαγωνίζεται·
1246 545 1280 581 ἢν
1300 545 1352 580 πρὸ
1374 543 1464 577 ὀλίγου
1493 540 1635 576 ἀναφαίνει
1663 541 1697 574 τῇ
1722 539 1792 574 ἀρχῇ

1003 594 1049 621 τοῦ
1071 593 1229 629 κεφαλαίου,
1250 591 1314 618 ἔνθα
1329 589 1537 625 φησὶν,-ἒτερος
1556 586 1591 613 δὲ
1612 586 1647 612 οὐ
1669 584 1786 619 σφόδρα

1003 641 1125 671 ἄτοπον,
1139 639 1187 666 καὶ
1199 638 1233 664 τὰ
1246 637 1319 672 ἑξῆς.
1503 649 1507 651 ν

1045 687 1092 718 Ὧς
1112 685 1147 711 ἐν
1163 684 1335 719 συμϐόλοις.
1362 680 1470 716 Ἐπειδὴ
1492 678 1662 714 ὲξαπτέρυγα
1685 677 1735 712 ὁρᾷ
1757 675 1792 702 τὰ

1004 731 1135 766 σεραφίμ.

1039 776 1095 803 Καὶ
1119 775 1186 809 περὶ
1209 774 1282 801 Θεὸν
1305 772 1473 807 ἱδρυμένας.
1492 771 1567 806 Ἔχει
1584 768 1639 804 γὰρ
1656 767 1687 794 τὸ
1705 767 1794 800 λόγιον

1003 822 1044 848 ὃτι
1062 821 1202 853 Εἰστήκει
1215 820 1316 850 κύκλῳ
1331 817 1433 845 αὺτοῦ.

1047 867 1226 902 Ἐμάνθιινεν
1245 866 1311 892 οὖν.
1329 865 1400 900 Ὅρα
1421 863 1448 889 τί
1473 861 1621 897 ἐμάνθανεν
1636 860 1649 886 ὀ
1669 857 1792 888 Ἡσαΐας,

170 923 250 950 quem
269 919 348 942 vocat
362 913 535 948 theologum,
560 913 679 947 ignotam
701 919 762 939 esse
781 911 951 938 divinitatem

1024 913 1121 941 νκαλεῐ
1144 912 1278 945 θεολόγον,
1304 911 1343 937 ὅτι
1367 909 1504 943 ἄγνωστον
1530 907 1560 933 τὸ
1574 906 1650 931 Θεῖον
1665 904 1711 930 καὶ¹
1732 904 1794 933 ταῖς

170 962 250 989 etiam
273 961 410 996 supremis
426 959 585 990 virtutibus,
599 963 626 986 ct
648 959 714 985 nihil
740 958 768 984 in
792 958 874 985 rebus
896 965 957 985 esse

170 1008 208 1035 illi
235 1008 332 1035 simile.
362 1006 447 1034 Porro
474 1006 538 1032 ὄντα
559 1012 620 1040 qua:
645 1008 719 1036 sunt,
742 1003 900 1031 dicebamus
928 1003 956 1030 in

170 1053 332 1088 praecedenti
343 1053 424 1084 libro,
439 1059 499 1087 qua:
511 1054 601 1078 mente
616 1054 642 1078 et
657 1057 740 1078 sensu
756 1049 958 1085 percipiuntur;

171 1100 229 1128 haec
254 1104 343 1127 autem
362 1099 511 1126 docebatur
533 1097 674 1132 propheta,
699 1100 843 1131 postquam
865 1103 879 1121 a
893 1103 957 1130 pro-

173 1147 239 1182 priis
253 1146 372 1182 peccatis
393 1144 520 1180 expiatus
535 1143 650 1177 fuisset;
674 1142 707 1170 de
718 1150 773 1178 quo
789 1142 870 1177 paulo
896 1145 958 1176 post

172 1193 306 1220 dicemus.

208 1237 345 1272 Seraphim
353 1235 652 1268 docebatur.,Quidnam
665 1234 811 1262 doceretur
822 1241 871 1269 per
885 1240 959 1260 sera-

173 1285 261 1320 phim.

209 1330 322 1357 Nomen.
333 1329 525 1363 lnterpretatio
541 1327 661 1355 nominis
677 1326 826 1362 seraphim.

208 1377 330 1404 Alarum.
343 1375 414 1408 Quid
430 1382 526 1410 pennae
542 1373 712 1409 signiﬁcent.

209 1421 243 1449 In
267 1421 350 1448 Deum
372 1421 400 1447 in
421 1420 523 1454 primis.
552 1419 625 1446 Dixit
649 1418 721 1446 enim
750 1424 833 1453 supra
854 1417 882 1444 in
907 1416 959 1444 [ine

173 1467 272 1496 decimi
295 1467 403 1503 capitis,
421 1466 577 1493 universam
592 1465 744 1496 caelestem,
765 1467 792 1492 et
812 1464 959 1490 humanam

173 1517 291 1542 mentem
318 1513 419 1540 habere
440 1512 545 1547 primos
571 1515 597 1538 et
627 1511 731 1538 medios
755 1514 782 1537 et
808 1513 959 1544 postremos

174 1561 285 1588 ordines
302 1568 308 1585 :
327 1559 425 1587 merito
447 1559 530 1593 igitur
549 1565 597 1585 sex
613 1557 671 1584 alas
697 1556 766 1583 dixit
790 1555 890 1582 habere
904 1554 960 1581 vir-

174 1610 256 1639 tutes,
286 1610 316 1633 ut
340 1605 448 1633 duabus
473 1603 558 1630 facies
583 1605 718 1637 tegerent,
745 1601 842 1628 mediis
867 1603 958 1628 autem

173 1652 266 1687 pedes,
280 1651 394 1686 reliquis
406 1657 468 1678 vero
484 1650 558 1676 circa
570 1648 655 1675 Deum
670 1647 804 1678 volarent,
817 1645 888 1681 quod
901 1646 960 1680 ipse

173 1698 314 1727 vocaverit
329 1703 486 1732 supremam
502 1695 692 1723 intentionem.
706 1693 776 1720 Nota
790 1700 864 1724 vero,
880 1692 960 1728 quid-

175 1752 238 1771 nam
255 1743 402 1771 multitudo
417 1742 517 1777 pedum
533 1744 560 1768 et
579 1739 711 1767 facierum
729 1739 757 1766 in
770 1738 918 1774 seraphim,
933 1742 960 1765 et

175 1797 225 1817 cur
238 1790 330 1824 aliqua
348 1791 485 1824 tegantur.

210 1877 350 1905 Scnarum.
376 1876 446 1903 Nota
474 1873 613 1910 quomodo
641 1873 758 1901 adducat
787 1880 833 1900 sex
857 1879 960 1907 pennas

176 1928 335 1950 sanctorum
350 1921 500 1956 seraphim.

217 1969 348 1996 Visorum.
366 1967 396 1995 ld
407 1971 449 1995 est
469 1975 483 1994 a
496 1967 630 2002 propheta
645 1969 842 2001 spectatorum.

213 2059 412 2087 Sublimiorum.
425 2057 454 2085 In
471 2056 586 2093 tegendo
602 2055 696 2086 iacies,
709 2053 918 2089 profundiorum
935 2054 961 2080 in

178 2105 293 2141 legendo
309 2105 402 2141 pedes,
419 2112 466 2139 per
486 2103 590 2130 medias
611 2105 702 2129 autem
721 2099 846 2136 (pennas)
873 2103 962 2134 aptam

178 2154 323 2180 rationem.

214 2199 248 2226 Et
274 2199 438 2226 celerrimum
466 2196 555 2224 laudis
581 2200 698 2222 caulam.
718 2193 786 2221 Illud
809 2203 816 2221 :
838 2193 960 2226 Sanctus,

1006 959 1134 986 ἀνωτάτω
1155 957 1294 992 δυνάμεσι,
1311 955 1357 982 καὶ
1372 954 1412 980 ὅτι
1426 947 1566 979 οὐδὲν’τῶν
1577 950 1662 976 ὄντων
1672 948 1792 983 ἐμφερὲς

1006 1005 1089 1040 αὐτῷ.
1108 1005 1191 1030 ’Όντα
1212 1003 1239 1029 δὲ
1252 1001 1363 1037 εἴπομεν
1377 1000 1405 1026 ὲν
1421 998 1460 1034 τῷ
1473 997 1524 1033 πρὸ
1539 996 1632 1022 τούτου
1652 993 1745 1030 βιὸλίῳ
1760 992 1794 1019 τὰ

1007 1053 1088 1089 νοητὰ
1106 1052 1154 1079 καὶ
1177 1049 1311 1085 αἰσθητά·
1337 1046 1424 1074 ταῦτα
1445 1045 1473 1071 δὲ
1497 1045 1602 1079 μυεῖται
1624 1042 1638 1068 ὸ
1652 1040 1794 1089 προιέὶήτης

1009 1083 1113 1137 μετὰτὸ
1126 1083 1296 1133 καθαρθῆναι
1312 1094 1365 1121 τῶν
1381 1093 1452 1120 ίδίων
1473 1089 1624 1127 ἁμαρτιῶν,
1634 1088 1698 1124 περὶ
1705 1083 1735 1114 οὗ
1750 1094 1793 1121 μι-

1008 1145 1073 1181 κρὸν
1089 1144 1201 1179 ὕστερον
1212 1140 1338 1177 ἐροῦμεν.

1043 1232 1174 1268 lopas/tiu
1187 1229 1314 1266 ἐμυεῖτο.
1331 1228 1364 1255 Τί
1378 1227 1485 1263 ὲμυεῖτο
1496 1222 1540 1251 διὰ
1550 1223 1584 1250 τὰ
1596 1220 1726 1258 σεραφίμ.

1050 1318 1243 1353 Ἐπωνινμίας.
1261 1314 1408 1351 Ἐρμηνεία
1423 1311 1520 1348 σεραφί
1524 1320 1553 1347 μ..

1043 1363 1170 1398 Πτερῶν.
1186 1363 1218 1389 Τί
1233 1361 1306 1396 δηλοῖ
1322 1359 1356 1386 τὰ
1374 1358 1472 1394 πτερά.

1047 1411 1105 1445 Τὴν
1119 1409 1167 1437 ἐπὶ
1182 1409 1215 1436 τὸ
1227 1407 1311 1435 Θεῖον
1326 1406 1359 1432 ἐν·
1372 1403 1507 1439 πρώταις.
1523 1398 1607 1428 Εἶπεν
1622 1400 1677 1428 ἄνω
1690 1398 1744 1435 γὰρ
1764 1399 1792 1425 ἐν

1009 1458 1047 1494 τῷ
1056 1457 1125 1484 τέλει
1135 1454 1181 1482 τοῦ
1195 1453 1307 1480 δεκάτου
1314 1450 1470 1485 κεφαλαίου,
1478 1448 1519 1474 ὃτι
1527 1447 1581 1478 πᾶς
1588 1443 1735 1481 [οὐράνιος]
1745 1443 1791 1469 καὶ

1009 1502 1176 1539 ἀνθρώπειος
1193 1499 1255 1530 νοῦς
1268 1498 1314 1524 καὶ
1330 1495 1451 1532 πρώτας,
1468 1493 1514 1520 καὶ
1531 1492 1626 1528 μέσας,
1641 1490 1687 1517 καὶ
1706 1487 1794 1515 τελευ-

1010 1533 1088 1580 ταίας
1101 1546 1262 1584 ἕχειτάξεις,
1270 1542 1387 1572 Εἰκότως
1397 1538 1443 1566 οὖν
1450 1538 1480 1571 ἒξ
1489 1538 1628 1573 πτέρυγας
1636 1533 1710 1561 εἶπεν
1721 1533 1793 1568 ἔχειν

973 1578 994 1606 c
1010 1596 1057 1632 τὴν
1068 1578 1191 1629 δύναμιν,
1205 1578 1249 1618 ἵνα
1260 1590 1318 1620 ταῖς
1332 1588 1379 1624 μὲν
1393 1585 1452 1613 δυσὶ
1466 1584 1589 1617 καλύπτῃ
1600 1581 1635 1608 τὰ
1648 1580 1791 1632 expectatum,

1010 1624 1069 1673 ταῖς
1082 1641 1110 1668 δὲ
1122 1624 1217 1676 μέσαις
1230 1637 1292 1667 τοὺς
1307 1634 1388 1664 πόδας
1398 1641 1405 1647 ·
1420 1632 1479 1662 ταῖς
1492 1630 1520 1656 δὲ
1540 1628 1646 1658 λοιπαῖς
1666 1625 1696 1652 τὸ
1716 1624 1792 1651 Θεῐον

1010 1686 1202 1724 περιπετῆται,
1222 1683 1289 1717 ὅπερ
1301 1678 1375 1707 εἶπεν
1394 1677 1474 1709 αὐτὸς
1494 1675 1542 1711 τὴν
1558 1672 1712 1709 ὑπερτάτην
1728 1670 1793 1697 ἀνά-

1009 1717 1097 1762 τασιν.
1119 1717 1272 1767 Σημείωσαι
1293 1727 1321 1752 δὲ
1339 1725 1365 1751 τί
1387 1724 1417 1751 τὸ
1442 1722 1577 1749 πολύπουν
1598 1719 1645 1746 καὶ
1664 1718 1694 1744 τδ
1714 1717 1795 1743 πολυ-

1010 1765 1156 1817 πρόσωπον
1181 1776 1234 1803 τῶν
1268 1772 1402 1809 σεραφὶμ,
1441 1769 1488 1796 καὶ
1516 1767 1560 1795 διὰ
1590 1767 1616 1793 τί
1649 1765 1795 1792 σκέπονται

1010 1828 1079 1855 ἔνια.

1052 1869 1211 1905 Ἑξαπλῆς.
1230 1868 1396 1904 Σημείωσαι,
1412 1864 1469 1895 πῶς
1483 1861 1576 1895 ἀνάγει
1590 1859 1637 1891 τὰς
1652 1858 1681 1890 ἓξ
1695 1857 1795 1892 πτέρυ-

1011 1929 1062 1956 γας
1076 1919 1129 1945 τῶν
1145 1917 1228 1951 ἁγίων
1244 1913 1374 1949 σεραφίμ.

1052 1949 1230 1999 ζορωμέκων.
1261 1959 1389 1987 Τουτὲστι
1417 1956 1470 1983 τῶν
1501 1953 1553 1981 ὑπὸ
1579 1951 1625 1978 τοῦ
1652 1949 1793 1986 προφήτου

1012 2010 1214 2048 θεωρουμένων.

1050 2041 1327 2091 Τωνὶὺψηλοτέρων.
1352 2050 1400 2076 Διὰ
1422 2047 1469 2075 τοῦ
1490 2045 1634 2073 καλύπτειν
1658 2042 1692 2068 τὰ
1711 2041 1795 2078 πρόσ-

1012 2112 1090 2132 ωπα·
1112 2086 1166 2129 τῶν
1180 2086 1214 2127 ’δὲ
1231 2086 1394 2134 βαθυτέρων,
1416 2093 1461 2121 διὰ
1483 2091 1530 2118 τοῦ
1554 2088 1701 2116 καλύπτειν
1732 2086 1795 2117 τοὺς

1014 2151 1111 2182 πόδας·
1125 2147 1170 2175 διὰ
1182 2147 1209 2173 δὲ
1219 2145 1272 2172 τῶν
1289 2143 1377 2179 μέσων
1392 2141 1440 2175 τὴν
1455 2137 1634 2174 συμμετρίαν.

1047 2179 1103 2223 Καὶ
1124 2191 1326 2226 πολυτίμητον
1337 2186 1493 2222 ὑμνῳδίαν.
1510 2183 1562 2209 Τό’
1577 2182 1686 2215 Ἀγιος,
1702 2179 1794 2226 ᾂγιος,

179 2251 286 2273 sanctus
297 2265 304 2276 ,
320 2249 426 2272 sanctus
443 2247 453 2260 ³
472 2251 477 2268 :
496 2241 630 2277 signiﬁcat
646 2248 710 2268 vero
732 2240 813 2267 etiam
836 2240 959 2275 angelum

1024 2244 1095 2278 ἱγιος
1105 2249 1112 2256 ·
1128 2225 1253 2275 σημαίνει
1268 2235 1296 2262 δὲ
1310 2235 1349 2261 ὅτι
1368 2233 1414 2260 καὶ
1441 2229 1563 2265 ἄγγελος,
1577 2227 1636 2254 κατ’
1651 2225 1795 2280 ἀζκμλογίαν

182 2291 331 2319 secundum
356 2289 472 2325 propriae
489 2288 597 2315 virtutis
613 2286 816 2322 proportionem
842 2286 959 2320 accipere

1024 2270 1061 2324 της
1083 2270 1327 2318 ἰδίας-’δυνάμεωω
1345 2279 1451 2314 δέχεται
1477 2276 1526 2311 τὴν
1554 2273 1630 2300 θείαν
1651 2270 1793 2321 tuatui/tv,

181 2340 301 2368 divinam
326 2338 545 2367 illustrationem,
562 2336 706 2370 ipsumque
728 2333 868 2368 prophetis
891 2340 962 2359 com-

180 2385 321 2413 municare
337 2388 468 2419 quantum
484 2381 606 2417 capiunt,
622 2388 677 2407 non
693 2384 826 2415 quantum
848 2378 906 2413 ipse
919 2385 966 2405 co-

181 2431 299 2467 gnoscit.

217 2477 287 2511 Quia
301 2477 416 2511 expiatio
429 2479 476 2503 est.
503 2474 636 2507 Quidnam
655 2473 691 2501 sit
705 2471 833 2507 expiatio,
852 2474 879 2498 et
896 2476 965 2505 quo-

181 2524 262 2552 modo
276 2524 322 2550 ﬁat
338 2531 353 2549 a
364 2522 419 2550 Deo
435 2523 462 2549 in
478 2519 704 2555 intelligibilibus.

218 2569 283 2598 Hie:
296 2574 392 2597 autem.
406 2568 516 2595 Scilicet
531 2566 656 2602 purgatio
670 2568 716 2591 aut
727 2562 893 2591 communio.

216 2616 270 2653 43
286 2615 441 2651 Prwcipuis.
465 2613 525 2641 Non
549 2612 621 2640 enim
638 2610 727 2645 qualis
741 2613 782 2637 est
795 2607 919 2644 purgatio
935 2607 960 2634 in

183 2663 349 2696 hominibus,
368 2662 429 2689 talis
443 2666 485 2688 est
497 2659 579 2687 etiam
596 2658 624 2685 in
636 2655 814 2691 incorporeis.

218 2709 283 2741 Qua-
294 2709 392 2735 circum
408 2714 476 2734 eam.
497 2705 608 2732 Circum
622 2710 694 2734 eam,
707 2700 873 2729 thearchiam
888 2700 963 2727 scili-

184 2758 236 2786 cet,
253 2754 279 2781 id
294 2758 335 2782 est
355 2753 428 2780 circa
441 2751 537 2778 Deum.

221 2800 333 2827 Exsistit
345 2797 494 2832 manifesta.
515 2795 643 2830 Purgatio
657 2793 791 2822 videlicet.

224 2893 234 2907 τ
251 2889 335 2916 Apoc.
349 2894 395 2917 vii,
416 2885 459 2914 il.
499 2889 509 2904 ι
528 2885 578 2913 lsa.
597 2889 634 2915 vr,
652 2880 683 2914 3;
699 2880 782 2915 Apoc.
797 2886 834 2912 ιν,
849 2880 875 2909 8,

1013 2316 1060 2361 καὶἱ
1073 2331 1154 2363 αὐτὸς
1170 2316 1328 2366 μεταδίδωσι
1341 2326 1395 2357 τοῖς
1407 2322 1569 2359 προφήταις,
1581 2320 1642 2346 ὅσον
1653 2316 1793 2353 χωροῦσιν,

1014 2380 1063 2415 οὐχ
1073 2379 1123 2405 ὅσα
1138 2375 1268 2411 γινώσκει
1285 2371 1374 2403 αὑτός.

1025 2484 1026 2487 η
1051 2468 1114 2494 Ὅτι
1137 2463 1280 2498 κάθαρσίς
1295 2462 1369 2489 ἐστι.
1391 2459 1423 2486 Τί
1443 2459 1500 2485 εστι
1515 2456 1657 2491 κάθαρσις.
1673 2452 1720 2479 καὶ
1738 2451 1795 2482 πῶς

1015 2516 1054 2546 είς
1068 2513 1101 2540 τὰ
1115 2511 1197 2547 νοητὰ
1212 2510 1316 2544 γίνεται
1330 2505 1406 2542 παρὰ
1419 2503 1464 2532 τοῦ
1477 2502 1554 2530 Θεοῦ.

1051 2558 1132 2592 Αὐτὴ
1149 2543 1191 2584 δέ.
1259 2554 1390 2589 κάθαρσις
1405 2549 1504 2586 δηλαδὴ
1519 2548 1535 2584 ἦ
1550 2549 1566 2583 ἡ
1585 2543 1722 2592 μετουσία.

1057 2587 1276 2638 Ἐξῃρημέναις.
1295 2587 1339 2626 Οὑ-
1355 2597 1408 2633 γὰρ
1428 2596 1471 2623 οἵα
1493 2593 1550 2620 ἐστὶ
1573 2592 1625 2618 τῶν
1646 2587 1794 2638 ἀνθρώπων

1015 2653 1030 2687 ἡ
1048 2635 1189 2685 κάθαρσις,
1204 2646 1313 2681 τοιαύτη
1326 2644 1385 2671 ἐστὶ
1402 2643 1447 2670 καὶ
1460 2639 1568 2667 ἐπὶτῶν
1579 2635 1738 2687 ἀσωμάτων.

1054 2680 1201 2728 Ταῖς-περὶ
1217 2691 1322 2725 αὑτήν.
1347 2690 1415 2725 Περὶ
1435 2687 1519 2723 αὐτὴν
1540 2685 1589 2721 τὴν
1607 2680 1735 2718 θεαρχίαν
1748 2680 1795 2715 δη-

1015 2743 1111 2773 λονότι,
1124 2740 1246 2768 τουτέστι
1263 2738 1326 2773 περὶ
1339 2737 1384 2763 τὸν
1396 2735 1471 2762 Θεόν.

1059 2788 1217 2823 Ἐκφαίνει.
1246 2785 1278 2813 Ἦ
1293 2783 1423 2818 κάθαρσις
1444 2779 1573 2816 δηλονότι.
