1914 3063
111 211 116 215 .
147 186 192 215 101

478 185 506 212 S.
525 183 648 212 MAXIM!
666 183 811 212 SCHOLIA
827 183 860 211 IN
879 182 942 211 LIB.
962 181 1005 210 DE
1020 181 1181 210 C(ELESTI
1197 180 1420 210 HIERARCHIA.

1705 183 1756 211 102

185 243 250 270 Ἐπί
269 242 303 269 δὲ
317 241 375 269 τῶν
389 242 542 275 δευτέρων.
569 242 682 268 Σκοπεῖν
701 240 751 272 δεῖ,
772 241 814 267 ὅτι
831 239 923 273 διαφέ-

1013 238 1046 266 In
1067 238 1188 266 secundis
1211 243 1308 266 autent.
1327 237 1510 265 Considerarc
1535 241 1657 272 oportet,
1684 239 1756 273 quod

148 298 203 325 ρειν
221 289 303 324 φησὶν
318 288 348 314 οὺ
368 287 483 323 μετρίως
490 287 512 302 ⁷³
528 288 556 313 ὲν
574 286 612 322 τῷ
626 286 735 313 θεοειδεῖ
748 287 836 313 πᾶσαν
854 285 925 312 ἀσώ-

149 344 230 371 ματον
244 334 358 369 δύναμιν
368 342 375 349 ο
387 333 454 360 πολὺ
472 333 521 368 μὲν
540 332 594 368 γὰρ
609 332 680 367 ἔχειν
693 332 724 358 τὸ
735 332 848 363 θεοειδὲς
864 332 926 363 τοὺς

147 381 274 407 ἀνωτάτω
306 379 380 411 νόας,
403 379 545 413 ὑφειμένον
564 378 591 404 δὲ
613 378 721 410 λοιπὸν,
741 377 854 405 καθόσον
879 378 925 404 καὶ

147 428 162 463 ἡ
184 426 260 459 τάξις
285 426 397 452 ἀπαιτεῖ
425 425 487 456 τοὺς
510 423 619 456 λοιποὺς
647 424 728 456 νόας,
762 424 841 459 μέχρι
870 423 924 450 τῶν

148 473 280 510 ἐσχάτων⁸
301 472 380 499 πλέον
401 472 429 497 δὲ
450 471 496 498 καὶ
513 471 565 497 τῶν
589 471 709 506 ἐσχάτων
729 471 778 502 τὰς
791 470 926 506 ἡμετέρας

147 519 232 555 ψυχάς
243 519 266 535 ⁷⁸
279 527 287 533 ·
303 518 365 544 ἐπεὶ
380 518 428 544 καὶ
448 517 554 544 πάντων
568 517 621 543 τῶν
642 517 708 543 νοῶν
723 516 789 543 πολὺ
805 516 925 543 λείπεται

147 569 233 605 ἡκαθ“
249 569 323 604 ἡμᾶς
335 567 420 603 ψυχή.
433 567 489 594 Καὶ
503 568 520 602 ἡ
534 566 593 592 θεία
612 565 700 592 τοίνυν
721 564 851 600 ἐλλαμψις
866 573 927 590 συν-

147 615 252 650 ηγμένη
282 622 340 645 πως
370 613 469 649 μᾶλλον
495 613 542 639 καὶ
564 612 764 647 συνεσταλμένη
785 611 926 646 Θεωρεϊται

147 662 215 697 πρὸς
240 661 289 697 τὴν
313 658 368 686 οἷον
394 661 434 691 εἰς
461 659 547 695 μῆκος
567 659 715 686 ἀπόστασιν
737 658 786 694 τῆς
799 659 838 690 είς
861 658 927 684 Θεὸν

148 707 328 741 πλησιάσεως,
343 705 495 739 συνάγουσα
508 706 588 732 οἱονεὶ
603 705 670 740 αὐτὴ
684 706 700 740 ὴ
723 704 782 732 θεία
797 704 927 740 ἐλλαμψις

148 752 196 788 τὴν
216 752 318 778 οἰκείαν
339 752 490 787 φανέρωσιν
513 751 581 787 πρὸς
605 751 635 778 τὸ
650 752 748 778 ἑνιαῖον
762 751 808 778 καὶ
826 750 928 778 ἁπλοῦν

148 797 233 832 αὐτῆς
251 798 388 832 ἄγνωστον
398 804 404 812 ·
424 797 560 832 ἄγνωστος
579 797 632 832 γάρ
647 798 719 823 ἐστιν
739 798 753 824 ὁ
765 797 830 829 Θεὸς
843 797 873 823 οὑ
885 796 928 823 διὰ

149 843 282 870 ποικιλίαν
297 843 480 878 συλλογισμῶν
492 843 673 878 ἀγνοουμένην
686 845 759 879 ἡμῖν,
777 844 844 870 ἀλλὰ
858 843 929 871 κατὰ

149 889 251 916 ἑνιαίαν
264 889 324 916 τινὰ
343 889 411 924 πρὸς
429 888 463 916 τὰ
479 889 539 916 καθ’
553 890 636 924 ἡμᾶς,
656 890 716 916 καθ’
737 889 766 916 ἓν
780 889 827 917 καὶ
843 890 928 917 καθά-

149 935 204 967 παξ
217 935 406 971 ἀκατάληπτον
423 935 570 962 ἀθανασίαν
587 935 620 963 ⁷⁵.

191 1023 362 1058 Ἐμπυρίως.
395 1023 568 1058 Σημείωσαι,
597 1023 638 1049 ὅτι
668 1023 799 1059 ὲμπύριος
831 1023 928 1058 ίδιότης

149 1069 203 1095 τῶν
223 1069 342 1104 σεραφίμ
364 1069 432 1100 ἐστι,
448 1069 495 1095 καὶ
517 1068 586 1100 πῶς,
606 1069 720 1102 ἀγγέλου
741 1069 926 1104 καθαίροντος,

148 1115 183 1142 τὰ
191 1116 310 1151 σεραφὶμ
319 1115 424 1151 εἴρηται
435 1115 585 1151 καθαίρειν,
595 1116 641 1142 ttat
652 1115 705 1150 πρὸ
716 1115 818 1142 τούτων
828 1117 842 1142 ὁ
851 1115 926 1147 Θεός.

186 1162 226 1188 Ἦ
248 1161 357 1196 Ιερέων.
381 1161 534 1197 Σημείωσαι
548 1162 588 1188 δτι
604 1162 627 1188 oi
646 1163 726 1197 ιερεῖς
743 1161 928 1197 ὑποὸεὸήκασι

148 1208 194 1235 τὸν
209 1209 352 1245 ἱεράρχην·
374 1209 421 1235 καὶ
441 1209 480 1235 ὃτι
498 1208 561 1235 ἀλλο
582 1208 708 1244 φωτίζειν
726 1209 772 1235 καὶ
794 1208 857 1235 ἄλλο
880 1217 929 1236 κα-

149 1254 268 1290 θαίρειν·
287 1255 332 1281 καὶ
349 1255 389 1281 ὅτι
403 1255 465 1282 ἄλλο
485 1254 654 1289 λειτουργὸς,
679 1255 724 1281 καὶ
742 1254 805 1281 ἄλλο
823 1254 926 1290 ἱερεύς·

149 1300 264 1327 καὶτῶν
282 1301 374 1336 ἱερέων
398 1301 598 1336 καθαιρούντων
622 1301 639 1336 ἦ
659 1300 838 1335 φωτιζόντων,
858 1301 872 1327 ὁ
890 1301 928 1326 ἱε-

149 1346 254 1382 ράρχης
272 1347 379 1380 λέγεται
392 1348 476 1373 ποιεῖν
484 1347 527 1374 ⁷⁸”.

185 1392 335 1426 Manum-nc
348 1392 522 1426 ἀτρέπτους.
544 1392 604 1418 ’Ότι
620 1393 633 1418 ὁ
648 1392 713 1424 θεὸς
729 1393 743 1418 ὁ
758 1392 806 1419 καὶ
823 1391 930 1419 πάντων

148 1437 249 1472 ὁμοίως
276 1437 331 1463 τῶν
357 1437 458 1472 νοητῶν
485 1437 667 1473 δημιουργὸς,
698 1437 778 1469 αὐτὸς
810 1438 857 1464 καὶ
881 1437 930 1469 τὰς

150 1483 261 1519 πρώτας
282 1484 376 1515 οὐσίας
392 1484 494 1520 συνέχει
514 1484 561 1510 καὶ
578 1484 702 1519 διατηρεῖ
715 1484 786 1519 -πρὸς
801 1483 931 1520 ἀτρεψίαν

150 1529 198 1555 καὶ
217 1529 443 1564 ἀμεταπτωσίαν·
464 1529 615 1565 ἀτρέπτους
636 1529 664 1555 δὲ
680 1531 749 1556 νοεῖν
770 1530 809 1556 δεῖ
823 1529 931 1566 [αὑτὰς]

976 285 1049 312 dicat
1068 293 1121 312 non
1138 292 1233 320 parum
1249 285 1405 319 discrepare
1425 285 1453 311 in
1469 284 1691 312 dissimilitudine
1716 285 1757 312 in-

975 339 1133 366 corpoream
1143 339 1251 358 omnem
1267 331 1411 364 virtutem;
1431 330 1546 357 multum
1561 330 1693 365 siquidem
1712 330 1756 358 Dei

976 376 1162 404 similitudinis
1177 377 1277 403 habere
1291 383 1432 410 supremas
1452 381 1567 408 mentes,
1583 385 1678 411 parum
1695 384 1757 405 vero

976 423 1049 451 illius
1072 423 1143 458 quod
1162 422 1315 457 reliquum,
1333 425 1469 456 quatenus
1487 423 1568 449 etiam
1591 423 1658 450 ordo
1677 431 1756 458 expo-

976 471 1037 502 scit,
1049 473 1159 496 ceteras
1175 472 1278 496 mentes
1290 476 1376 504 usque
1390 468 1422 495 ad
1435 471 1572 496 extremas
1584 478 1591 501 ;
1607 470 1692 497 multo
1709 478 1759 498 au-

976 520 1029 543 tem
1041 516 1131 543 minus
1142 515 1272 542 extremis
1282 519 1391 542 nostras
1406 516 1487 542 etiam
1502 515 1621 547 animas,
1637 517 1759 551 quando-

976 562 1084 597 quidem
1111 562 1200 588 anima
1228 565 1321 588 nostra
1341 562 1375 587 ab
1392 561 1520 588 omnibus
1539 563 1675 590 mentibus
1690 564 1760 590 mul-

978 613 1034 635 tum
1058 608 1151 636 distet.
1176 607 1209 634 Et
1233 608 1325 635 divina
1351 608 1435 643 igitur
1458 609 1605 637 illustratio
1628 609 1762 644 quodam-

977 654 1058 681 modo
1083 658 1178 681 coacta
1200 654 1254 680 imo
1272 658 1413 681 contracta
1438 656 1617 690 conspicitur,
1636 657 1662 684 in
1680 657 1761 692 longa
1784 647 1789 655 ”

977 702 1050 729 velut
1070 701 1200 729 distantia
1226 709 1354 729 accessus
1375 702 1408 728 ad
1423 701 1518 734 Deum,
1548 706 1678 737 tanquam
1704 703 1762 731 haec

978 747 1068 775 divina
1090 748 1235 775 illustratio
1258 751 1367 783 cogeret
1395 748 1532 782 propriam
1564 749 1761 777 maniicstatio-

978 801 1040 821 nem
1062 794 1089 820 in
1105 801 1187 820 unam
1205 797 1231 821 et
1247 793 1397 828 simplicem
1414 794 1455 821 sui
1469 794 1648 829 ignorantiam
1662 805 1669 822 :
1684 795 1762 831 igno-

979 844 1024 868 tus
1038 841 1109 868 enim
1130 844 1172 868 est
1184 839 1255 868 Deus
1273 848 1328 867 non
1349 844 1459 875 propter
1473 841 1630 869 varietatem
1651 843 1762 869 ratioci-

981 887 1120 914 nationum
1143 887 1221 914 nobis
1235 887 1366 922 ignotam,
1387 888 1434 915 sed
1450 888 1598 915 secundum
1615 896 1696 916 unam
1712 889 1761 916 ali-

978 940 1059 968 quam
1071 933 1097 960 in
1110 933 1188 960 nobis
1203 933 1363 967 simpliciter
1376 937 1402 960 et
1418 933 1544 962 absolute
1556 934 1762 969 incomprehen-

978 979 1083 1006 sibilem
1098 979 1306 1014 ignorationem.

1013 1025 1067 1052 Per
1080 1026 1173 1061 ignem.
1194 1025 1262 1052 Nota
1276 1026 1382 1061 igneam
1399 1026 1590 1061 proprietatem
1612 1034 1673 1054 esse
1686 1034 1763 1054 sera-

978 1071 1124 1106 phinorum
1138 1081 1145 1105 ;
1163 1075 1190 1099 et
1205 1071 1340 1107 quomodo
1356 1073 1451 1107 angelo
1465 1076 1607 1108 purgante,
1623 1074 1762 1108 seraphini

978 1116 1105 1144 dicantur
1115 1124 1242 1152 purgare,
1257 1121 1284 1146 et
1297 1122 1360 1144 ante
1375 1118 1424 1145 hos
1438 1117 1520 1145 Deus.

1013 1165 1065 1191 Aut
1079 1164 1256 1192 sacerdotum.
1281 1164 1349 1192 Nota
1366 1166 1523 1193 sacerdotes
1537 1173 1598 1193 esse
1618 1165 1762 1194 inferiores

979 1210 1153 1245 prmsulibus,
1176 1214 1203 1238 et
1216 1211 1291 1238 aliud
1312 1219 1374 1239 esse
1398 1211 1553 1240 illuminare
1566 1217 1594 1240 et
1608 1213 1681 1240 aliud
1697 1221 1762 1248 pur-

979 1263 1057 1291 gare;
1087 1260 1168 1292 atque
1184 1257 1257 1284 aliud
1275 1265 1336 1285 esse
1357 1257 1524 1290 ministrum,
1539 1261 1567 1286 et
1581 1258 1654 1286 aliud
1672 1266 1762 1286 sacer-

979 1301 1085 1336 dotem;
1110 1303 1352 1338 sacerdotibusque
1367 1304 1548 1340 purgantibus
1561 1310 1607 1332 aut
1621 1305 1762 1333 illustrano

980 1348 1064 1381 tibus,
1079 1349 1178 1384 praesul
1192 1349 1293 1376 dicitur
1309 1350 1408 1377 facere.

1016 1393 1178 1421 Conservam
1207 1394 1394 1422 immutabiles.
1423 1394 1506 1423 Deum
1527 1396 1647 1423 omnium
1663 1397 1764 1431 puriter

982 1440 1192 1476 intelligibilium
1205 1445 1367 1474 creatorem,
1382 1442 1485 1476 primas
1505 1450 1613 1477 quoque
1629 1444 1764 1472 essentias

982 1486 1122 1514 continere
1136 1491 1163 1514 et
1177 1494 1338 1515 conservare
1352 1496 1386 1515 ne
1402 1488 1578 1515 immutentur
1590 1492 1616 1516 et
1627 1488 1763 1522 decidant;

983 1532 1167 1560 immutabiles
1187 1540 1253 1560 vero
1268 1533 1420 1569 intelligere
1445 1538 1552 1569 oportet
1576 1535 1603 1562 in
1624 1535 1671 1562 illo
1691 1535 1764 1570 quod

150 1576 211 1602 κατ’
227 1577 315 1602 ἐκεῖνο
334 1576 393 1603 καθ’
407 1577 421 1603 ὅ
438 1577 516 1608 εἰσιν,
540 1575 594 1603 οἷον
616 1577 655 1608 είς
674 1577 704 1603 τὸ
725 1576 866 1609 ἀθάνατον,
891 1578 928 1609 είς

986 1579 1163 1608 substantiam
1176 1580 1271 1615 tangit,
1287 1581 1360 1607 velut
1376 1581 1403 1607 in
1419 1581 1633 1615 immortalitate,
1654 1581 1681 1608 in
1697 1582 1763 1613 vita,

149 1623 200 1658 τὴν
220 1623 302 1658 ζωὴν,
326 1623 386 1649 καθ’
409 1623 441 1659 ἢν
465 1623 608 1650 οὐσίωνται
626 1625 665 1656 είς
681 1624 711 1651 τὸ
725 1622 793 1651 εἷναι
810 1624 882 1659 φῶς·
902 1625 931 1651 ὲν

149 1669 255 1701 τούτοις
268 1669 322 1706 γὰρ
340 1669 386 1696 καὶ
405 1670 588 1706 ἀμεταϐόλους
610 1671 753 1703 οὑσιωδῶς,
779 1671 826 1698 καὶ
845 1671 884 1703 είς
902 1670 932 1697 τὸ

151 1717 190 1752 μὴ
218 1717 367 1753 τρέπεσθαι
395 1717 435 1748 εἰς
462 1717 594 1752 ὲκφύλους
625 1718 787 1753 ἐπιθυμίας,
814 1718 861 1746 ἅτε
885 1719 932 1744 καλ¹

149 1763 355 1796 αὐτεξουσίως,
379 1763 392 1789 ὁ
406 1763 470 1795 Θεὸς
493 1764 596 1798 συνέχει
619 1764 717 1795 αὐτοὺς
732 1764 778 1790 καὶ
800 1763 930 1800 διατηρεῖ.

149 1809 188 1835 Τὸ
202 1809 252 1844 μὲν
265 1809 319 1845 γὰρ
342 1810 410 1844 πρὸς
429 1809 509 1836 αὑτὸν
527 1810 549 1825 ⁷⁸
564 1809 749 1836 ἀνατείνεσθαι
771 1809 820 1845 τῆς
843 1810 932 1836 αὐτῶν

148 1855 208 1881 ἐστι
230 1856 325 1890 νοερᾶς
347 1855 548 1891 προαιρέσεως·
568 1855 598 1881 τὸ
618 1855 646 1882 δὲ
666 1856 751 1882 εἰσαεὶ
771 1855 834 1891 περὶ
854 1855 933 1882 τοῦτο

147 1901 270 1937 διαρκεῖν
284 1901 334 1936 τῆς
350 1901 515 1937 ἀντιλήψεως
538 1902 594 1928 ἐστι
608 1901 654 1928 τοῦ
668 1901 734 1928 Θεοῦ
745 1911 752 1917 ι
776 1901 864 1928 πάντα
878 1901 932 1937 γὰρ

148 1947 235 1973 δεῖται
244 1946 317 1982 [τῆς]
325 1946 392 1973 Θεοῦ
411 1946 545 1982 βοηθείας.

191 1992 222 2018 Ὃ
242 1992 334 2019 ταῦτά
350 2000 389 2027 με
411 1991 570 2019 διδάσκω.
594 1991 758 2027 Σημείωσαι,
781 1992 821 2018 ὅτι
847 1992 932 2019 ταῦτα

147 2039 214 2074 παρ’
229 2038 320 2074 ἑτέρου
336 2038 435 2074 ἔμαθεν
450 2040 464 2065 ὁ
479 2039 564 2074 μέγας
578 2039 721 2070 Διονύσιος.

190 2085 350 2120 Ἰεράρχης.
375 2085 542 2120 Σημείωσαι,
565 2086 604 2112 ὅτι
631 2085 699 2120 μετὰ
713 2085 779 2111 Θεὸν
801 2085 932 2121 ἡγεμόνες

146 2131 196 2158 καὶ
209 2131 234 2157 οἱ
249 2131 378 2158 ἀνωτάτω
391 2130 542 2166 διάκοσμοι.

185 2176 323 2210 Θεοειδῶς
347 2176 489 2211 ἐμυήθην.
523 2177 554 2203 Ἦ
584 2177 631 2203 τοῦ
654 2177 768 2211 ἀγγέλου
795 2177 930 2211 ἡθοποιία,

145 2223 248 2250 ὡσανεὶ
257 2223 271 2249 ὁ
281 2223 418 2258 καθαίρων
429 2223 541 2257 ἄγγελος
555 2223 600 2249 τὸν
622 2223 744 2255 Ἡσαΐαν,
760 2222 845 2249 ταῦτα
859 2222 932 2258 αὺτῴ

145 2268 223 2303 ἔλεγε
237 2269 300 2303 περὶ
313 2268 367 2295 τῶν
383 2269 515 2303 σεραφίμ.

186 2316 225 2342 Ἦ
236 2314 304 2348 παρ’
325 2315 443 2342 ἑαυτοῦ.
465 2314 519 2350 Τὴν
540 2314 599 2341 καθ’
625 2315 773 2350 ὑπέρϐασιν
787 2315 834 2341 τοῦ
849 2314 931 2350 ῥητοῦ

145 2361 274 2394 σύνταξιν
298 2361 367 2396 μετὰ
389 2361 501 2388 πλεῖστα
523 2361 716 2396 ἀποδιδομένην
739 2361 810 2387 οὕτω
836 2369 932 2387 συντα-

144 2408 225 2435 κτέον
237 2416 243 2422 ·
262 2408 311 2443 τῆς
331 2407 380 2442 σῆς
400 2407 422 2434 δ’
438 2407 470 2434 ἂν
485 2407 527 2442 εἴη
552 2408 648 2442 νοερᾶς
665 2407 827 2442 ἐπιστήμης,
850 2407 865 2442 ἢ
882 2406 930 2442 τὴν

143 2454 236 2482 αἰτίαν
259 2454 359 2489 ταύτην
379 2453 524 2486 δέξασθαι,
549 2453 565 2489 ἢ
590 2453 655 2489 παρ’
679 2453 774 2480 ἑαυτοῦ
798 2453 929 2489 εὐρεῖν,ἢ

143 2501 214 2536 παρ’
227 2501 320 2536 ἐτέρου
338 2501 441 2535 μαθεῖν,
457 2501 503 2527 καὶ
518 2500 688 2535 ἀνακαλύψαι
713 2499 810 2535 μᾶλλον
826 2499 928 2534 ἐαυτῷ

142 2547 225 2583 εἰπερ
238 2547 267 2574 δὲ
283 2544 338 2574 οἶόν
356 2555 384 2573 τε
399 2547 446 2574 καὶ
468 2547 529 2582 ἐμοὶ
543 2547 672 2578 ὡσαύτως
685 2545 854 2581 ἀνακαλύψαι
869 2545 932 2580 περὶ

142 2592 269 2627 ἀγγέλων
292 2592 409 2628 ἐραστὴν
426 2593 550 2629 θεωρίαν.
571 2593 606 2619 Τὸ
621 2592 742 2628 τιμῆσαι
757 2592 785 2619 δὲ
801 2593 861 2619 ἀντὶ
883 2592 929 2618 τοῦ

143 2638 337 2673 προτιμῆσαι.
353 2638 529 2674 [Σημείωσαι,
550 2639 590 2665 ὄτι
613 2639 661 2671 τὰς
682 2638 728 2665 τοῦ
752 2638 820 2665 Θεοῦ
845 2639 931 2670 δόσεις

143 2685 322 2720 προξενοῦσιν
333 2686 398 2720 ἡμῖν
409 2686 432 2712 οἱ
443 2685 577 2721 ἄγγελοι.]

982 1626 1132 1654 secundum
1156 1634 1237 1661 quam
1263 1627 1410 1654 essentiam
1441 1631 1615 1661 acceperunt,
1643 1627 1671 1654 in
1691 1627 1766 1655 exsi-

983 1673 1079 1702 stendo
1093 1674 1206 1701 lumen:
1227 1673 1270 1701 his
1285 1673 1358 1700 enim
1378 1673 1560 1700 immutabiles
1584 1678 1647 1700 sunt
1671 1681 1765 1701 essen-

982 1719 1103 1752 tialiter,
1121 1723 1148 1746 et
1168 1727 1202 1746 ne
1224 1722 1364 1746 mutentur
1396 1718 1424 1745 in
1450 1722 1558 1746 exteras
1581 1719 1763 1753 cupiditates,

983 1769 1012 1792 ut
1034 1772 1094 1800 quae
1121 1769 1185 1792 sunt
1202 1765 1279 1792 liberi
1300 1764 1420 1797 arbitrii,
1450 1763 1520 1792 Deus
1542 1765 1665 1793 continet
1690 1766 1764 1800 ipsas

983 1815 1010 1839 et
1023 1815 1175 1838 conservat.
1202 1810 1231 1837 ln
1248 1811 1335 1845 ipsum
1351 1811 1421 1838 enim
1438 1809 1546 1846 (Deum)
1572 1810 1712 1839 intendere
1730 1812 1764 1839 ab

982 1857 1143 1892 intelligenti
1164 1864 1259 1884 eorum
1275 1856 1392 1884 consilio
1419 1856 1527 1891 pendet,
1552 1864 1658 1892 semper
1674 1861 1764 1885 autem

983 1903 1010 1930 in
1039 1903 1092 1930 isto
1113 1910 1287 1938 perseverare
1313 1909 1326 1929 a
1343 1902 1389 1930 Dei
1413 1902 1511 1936 pendet
1530 1903 1646 1935 auxilio,
1673 1903 1764 1930 omnia

982 1949 1054 1977 enim
1070 1948 1117 1976 Dci
1133 1949 1233 1976 auxilio
1247 1956 1316 1984 opus
1331 1948 1439 1975 habent.

1018 1995 1070 2028 Qui
1092 1994 1146 2021 lum:
1169 2002 1209 2021 me
1229 1993 1348 2022 docebat.
1372 1993 1441 2021 Nota
1464 2001 1590 2029 magnum
1605 1993 1765 2030 Dionysium

983 2040 1039 2067 haec
1055 2041 1088 2068 ab
1101 2041 1155 2068 alio
1170 2041 1308 2068 didicisse.

1017 2085 1071 2122 Μ
1091 2086 1249 2114 "ferare/ta.
1270 2086 1339 2114 Nota
1355 2093 1416 2121 post
1430 2085 1525 2119 Deum,
1543 2086 1680 2122 principes
1703 2094 1765 2115 esse

983 2139 1125 2166 supremos
1140 2133 1260 2160 ordines.

1017 2176 1187 2211 Deiformiter
1209 2177 1315 2204 edoctus
1337 2177 1397 2212 fuit.
1422 2177 1508 2205 Fictio
1537 2185 1642 2205 morum
1663 2178 1763 2213 angeli,

982 2225 1111 2257 tanquam
1129 2222 1241 2257 angelus
1254 2221 1352 2249 Isaiam
1365 2230 1532 2257 expurgans,
1546 2222 1602 2249 hate
1618 2221 1655 2249 illi
1671 2222 1705 2250 de
1719 2230 1764 2250 se-

983 2268 1105 2302 rapltinis
1123 2268 1236 2296 diceret.

1019 2316 1070 2341 Aut
1081 2323 1126 2349 per
1137 2323 1172 2342 se.
1181 2314 1327 2342 Sententia:
1340 2314 1422 2348 hujus
1432 2315 1601 2341 constructio
1614 2315 1765 2343 secundum

983 2361 1229 2396 transgressionem
1253 2363 1314 2395 post
1337 2360 1452 2394 plurima
1479 2359 1635 2387 redeuntem
1659 2361 1699 2387 sic
1723 2365 1766 2389 est

983 2406 1166 2434 construenda
1180 2415 1186 2432 ε
1214 2410 1265 2432 tuae
1280 2413 1343 2432 vero
1358 2405 1532 2440 intelligentis
1547 2405 1667 2433 scientiae
1681 2410 1764 2439 esset,

983 2459 1030 2480 aut
1050 2460 1160 2480 causam
1183 2453 1254 2479 hanc
1271 2452 1430 2483 admittere,
1452 2455 1498 2479 aut
1515 2459 1564 2486 per
1585 2454 1611 2479 te
1633 2451 1784 2486 invenire,‘

985 2503 1032 2526 aut
1050 2498 1084 2525 ab
1104 2498 1157 2524 alio
1181 2497 1296 2528 discere,
1315 2500 1342 2523 et
1362 2496 1454 2531 potius
1475 2496 1522 2523 tibi
1542 2496 1661 2523 revelare
1677 2506 1683 2523 :
1700 2497 1766 2531 quin

985 2545 1065 2572 etiam
1086 2543 1109 2571 si
1126 2543 1183 2570 ﬁeri
1198 2543 1286 2578 possit
1304 2542 1371 2569 mibi
1395 2541 1520 2569 similiter
1541 2541 1651 2569 charam
1666 2542 1699 2569 de
1714 2550 1765 2569 an~

984 2591 1052 2626 gelis
1070 2589 1325 2624 contemplationem
1358 2588 1489 2616 revelare.
1517 2588 1636 2623 Τιμῆσαι
1657 2588 1766 2622 ponitur

983 2644 1033 2671 pro
1047 2635 1223 2670 προτιμῆσαι,
1237 2633 1380 2669 praeferre:
1392 2633 1472 2670 [Nota
1482 2642 1547 2662 vero
1554 2633 1663 2669 angelos
1674 2632 1765 2660 divina

987 2683 1057 2710 dona
1069 2681 1148 2708 nobis
1163 2678 1387 2715 communicare]

603 2772 718 2800 νᾹῆιῶ
738 2772 928 2801 LECTIONES
943 2772 987 2799 ET
1008 2768 1283 2799 CORBECTIONES.

190 2856 212 2872 ⁷³
228 2856 266 2892 μὴ
301 2855 407 2892 ετρίως.
453 2855 477 2872 ⁷⁵
493 2855 573 2891 μέχρι
600 2851 653 2881 τῶν
681 2855 813 2891 ἐσχάτων,
847 2853 988 2889 ὑφειμένον
1018 2852 1046 2878 δὲ
1073 2852 1136 2883 τοὺς
1189 2851 1225 2876 ετ’
1255 2849 1361 2880 αὐτοὺς,
1391 2847 1438 2874 καὶ
1467 2846 1505 2872 ἔτι
1537 2845 1678 2886 ᾥφειμένον
1701 2845 1764 2877 τοὺς

202 2892 214 2901 ᾳ
267 2865 318 2901 il...
350 2900 353 2901 ν
381 2900 386 2901 .
402 2891 423 2901 ,1
441 2891 491 2901 4-,,
508 2892 536 2901 ε-
548 2881 595 2901 '1.-.
612 2900 625 2901 η
641 2890 664 2901 ex
682 2891 788 2901 1‘...___..
805 2890 851 2901 _x._
867 2889 1001 2901 .«..-_£-_-
1016 2887 1103 2901 .t....l..
1152 2860 1188 2901 7y.
1197 2885 1307 2901 Dunlmm
1337 2882 1468 2901 ἢνυωρτίηυ
1506 2889 1546 2901 rm
1570 2881 1763 2901 ngsprrlwnllum

142 2887 371 2927 ὑποδεεστέρους,
379 2891 426 2918 καὶ
439 2887 627 2927 τῶνὲσῇίάτων
639 2890 666 2916 δὲ
681 2887 789 2917 ἔλαττον
803 2890 851 2927 τᾲς
867 2887 1001 2927 ὑμετέρας
1016 2887 1113 2927 «politi.

1192 2885 1320 2918 Pachyni.
1336 2882 1481 2917 ἀγνωσίαν,
1506 2882 1547 2907 cui
1570 2881 1764 2907 assentiendum

143 2936 251 2959 censeo,
266 2921 329 2962 quia
343 2921 476 2954 ἀθανασία
491 2921 602 2953 Ιιοόίοεὶ
617 2926 789 2962 ἀναρμοστεῖ.
824 2926 857 2942 ⁷⁸”
873 2921 928 2951 iuet

990 2932 1024 2950 ιν.
1055 2921 1080 2938 ⁷⁷⁸
1097 2921 1173 2948 Θεόν.
