1925 3060
185 160 236 188 103

585 158 756 187 ΑΡΡΕΝθιΧ
770 159 814 187 AD
831 157 947 188 OPERA
961 159 990 187 S.
1008 150 1155 188 DlONYSll
1174 159 1415 190 AREOPAGITE.

1751 161 1802 190 106

218 217 416 252 1ηιενρτειίὸιιε.
433 217 594 250 Considera,
611 217 666 246 Deo
681 218 761 246 nobis
781 218 808 245 in
825 218 959 253 apertiont

1051 218 1287 252 Προξενούντων.
1310 219 1418 252 Σκόπει,
1442 220 1493 252 ὅτι,
1514 219 1581 247 Θεοῦ
1604 213 1719 253 διδόντος
1734 222 1800 257 ημῖν

181 263 238 292 oris
253 264 340 290 nostri
363 264 475 291 verbum
493 264 693 300 suppeditante,
718 265 828 299 angelos
843 266 967 299 pararios

181 315 272 344 agere,
290 314 363 345 patet
376 318 424 338 eos
440 317 490 345 pro
509 311 600 343 nobis,
619 315 748 345 tanquam
763 311 868 346 legatos
884 311 968 338 inter‘

181 356 287 383 cedere.

460 401 494 428 1N
513 401 591 429 CAP.
613 400 682 428 XIV.

215 446 300 474 Mille.
316 446 379 475 Haec
392 447 417 474 in
432 447 542 476 Daniele
555 448 637 475 dicta.

215 493 357 528 Inﬁrmum
364 500 388 523 et
396 499 570 522 contractum.
579 495 718 524 lnlirmum
730 496 839 526 modum
847 495 964 526 vocaVil.

179 547 323 567 numerum
345 540 497 572 hominum.
514 543 639 575 respectu
659 541 764 569 numeri
785 542 964 576 angelorum:

178 585 281 612 dictum
304 586 438 621 siquidem
462 589 504 613 est
524 593 539 612 a
560 585 679 621 quodam
704 586 774 620 alio,
801 587 905 615 scilicet
919 586 966 613 Di-

177 631 259 667 dymo
278 639 350 659 caeco
367 639 372 657 :
387 631 539 667 Nonaginta
561 639 660 659 novem
684 639 749 660 oves
764 640 825 660 esse
838 633 963 668 angelos:

179 685 261 705 unam
275 682 365 706 autem
379 685 439 712 quae
451 678 580 713 perierat,
597 685 658 705 esse
673 685 723 706 nos
740 678 875 706 homines.

213 768 339 796 Scienter.
365 768 444 801 Nota,
460 776 522 796 eum
537 768 628 796 dicere
651 768 762 803 angelos
787 768 862 803 ipsos
876 768 965 795 scien-

177 817 238 846 ter,
276 823 331 842 non
357 815 487 850 discipuli
518 815 606 843 instar
633 814 772 850 opinando
798 822 964 850 cognoscere

177 860 360 893 deﬁnitiones,
377 862 460 888 veluti
474 867 593 896 quantus
608 861 644 889 sit
658 860 809 888 cmlestium
826 861 964 888 essentia-

177 914 237 934 rum
251 914 382 934 numerus
396 914 411 934 a
426 907 482 934 Deo
496 907 578 935 etiam
599 907 627 934 in
639 907 692 934 isto
710 907 873 934 illustratos.

465 995 499 1024 IN
518 995 594 1024 CAP.
615 995 674 1024 XV.

213 1042 254 1078 §l.
265 1041 349 1069 Prout
359 1041 464 1077 angelos
476 1043 557 1069 decet.
572 1040 649 1068 Sicut
657 1041 781 1074 linteum,
789 1040 959 1068 sicutcarbo.

211 1089 309 1116 Sensus
323 1088 471 1123 anagogici,
490 1087 538 1116 Gr.
557 1087 766 1123 ἀνακαθάρσεις.
793 1086 960 1122 Ἀνακαθάρα

176 1143 232 1167 est;
253 1139 333 1162 vocat
356 1134 593 1170 interpretationes
614 1134 669 1160 vim
703 1133 857 1168 exponendi
891 1133 960 1161 ritus

176 1182 316 1214 habentes,
333 1188 381 1216 per
400 1187 469 1216 quas
483 1180 561 1215 signa
578 1187 638 1214 quae
654 1179 681 1206 in
695 1179 729 1207 iis
744 1187 805 1214 qua:
819 1179 958 1212 dicuntur,

175 1228 293 1256 absurda
308 1227 443 1258 videntur,
460 1230 658 1261 expurgantur.

211 1273 284 1300 Nam
298 1273 322 1300 si
336 1273 452 1308 quidem.
471 1271 559 1306 Supra
579 1271 651 1298 enim
666 1270 783 1303 dixerat,
805 1271 959 1306 superiores

174 1320 289 1348 virtutes
303 1327 382 1347 sacro
405 1318 519 1353 imperio
531 1325 648 1354 praeesse
670 1318 847 1352 sequentibus
866 1321 893 1345 et
906 1324 960 1345 me-

174 1367 234 1394 dias
247 1364 454 1401 posterioribus,
470 1367 497 1392 et
515 1371 610 1391 earum
625 1364 791 1398 posteriores
803 1363 871 1391 viris
890 1371 959 1399 pon—

175 1413 304 1440 tiﬁcibus.
321 1411 380 1440 Non
406 1411 479 1438 enim
500 1410 579 1444 dixit,
591 1410 715 1437 eumdem
735 1409 858 1437 ordinem
873 1409 958 1444 impe-

174 1467 237 1487 rare
260 1457 448 1493 sequentibus,
472 1460 499 1485 et
526 1456 561 1484 ab
587 1455 684 1483 iisdem
708 1455 782 1490 regi;
806 1463 900 1482 verum
921 1456 958 1482 ita

173 1505 253 1537 dixit,
269 1505 386 1540 primum
399 1504 522 1531 ordinem
540 1503 675 1538 imperare
689 1502 799 1537 quidem
814 1502 954 1538 sequenti-

1018 263 1094 298 λόγον
1108 265 1137 291 ὲν
1152 264 1251 298 ἀνοίξει
1266 265 1312 292 τοῦ
1328 267 1459 302 στόματος
1473 266 1560 302 ἡμῶν,
1575 267 1683 301 ἄγγελοι
1704 268 1802 303 προξε.

1017 310 1102 344 νοῦσι,
1116 311 1195 346 δῆλον
1208 311 1246 343 ὼς
1262 311 1332 347 ὑπὲρ
1350 312 1425 347 ἡμῶν
1439 312 1643 348 πρεσϐεύοντες.

1235 401 1290 427 ΕΙΣ
1316 401 1359 427 ΤΟ
1384 401 1508 428 ΚΕΦΑΛ.
1533 403 1581 428 1Δ¹.

1050 445 1162 479 Χιλίας.
1178 445 1271 473 Ταῦτα
1285 446 1314 474 ἐν
1329 447 1367 482 τῷ
1381 447 1478 483 Δανιὴλ
1491 448 1608 484 εἴρηται.

1053 491 1232 526 mli-domm?
1251 492 1300 519 καὶ
1321 494 1578 528 συνεσταλμένην.
1607 494 1717 530 Ἀσθενῆ
1734 503 1801 531 συμ-

1017 537 1129 573 μετρίαν
1147 538 1258 565 ὲκάλεσε
1281 538 1328 566 τὸν
1350 539 1404 566 τῶν
1427 540 1577 576 ἀνθρώπων
1597 541 1712 577 ἀριθμὸν
1733 542 1801 578 πρὸς

1014 582 1060 608 τὸν
1082 582 1136 609 τῶν
1155 583 1293 617 ἀγγέλωνι
1320 584 1426 620 εἴρηται
1446 586 1500 621 γὰρ
1520 587 1567 613 κα)⁸
1580 587 1664 622 ἑτέρῳ
1677 587 1740 618 τινὶ,
1756 589 1800 614 Δι-

1013 629 1090 666 δύμῳ
1104 630 1221 666 δηλονότι
1234 631 1273 667 τῷ
1286 631 1377 667 τυφλῷ
1389 640 1395 646 ·
1412 631 1452 658 Τὰ
1467 633 1515 667 μὲν
1529 633 1705 668 ἐννενήκοντα
1723 633 1799 660 ὲννὲα

1014 674 1138 710 πρόϐατα
1156 672 1225 703 εἶναι
1243 677 1306 708 τοὺς
1321 677 1451 711 ἀγγέλους
1462 685 1468 692 ·
1483 677 1514 704 τὸ
1527 677 1555 704 δὲ
1569 677 1598 704 ἓν
1616 677 1646 704 τὸ
1662 677 1799 709 ἀπολωλὸς

1014 721 1088 756 ἡμᾶς
1100 721 1163 753 τοὺς
1179 721 1347 757 ἀνθρώπους.

1056 767 1244 800 Γνωστικῶς.
1275 768 1500 803 Σημείωσαι,ὂτι
1532 769 1579 796 καὶ
1611 769 1709 801 αὐτοὺς
1736 769 1798 801 τοὺς

1014 811 1145 846 ἀγγέλους
1171 813 1238 848 φησὶ
1259 814 1426 847 γνωστικιῖκ,
1450 815 1481 841 οὐ
1510 815 1677 851 μαθητικῶς,
1701 815 1798 842 ειδέναι

1013 858 1076 889 τοὺς
1109 859 1252 893 ὁρισμοὺς,
1284 860 1364 886 οἱονεὶ
1397 860 1436 893 τὸ,
1468 861 1550 892 πόσος
1581 860 1634 887 τῶν
1665 861 1798 896 οὐρανίων

1013 903 1112 929 οὐσιῶν
1133 904 1250 940 ὑπάρχει
1263 905 1277 931 ό
1292 905 1416 941 ἀριθμὸς,
1434 906 1465 933 ὲκ
1479 906 1546 933 Θεοῦ
1560 907 1607 933 καὶ
1623 905 1702 933 τοῦτο
1716 915 1798 941 φωτι-

1013 948 1135 981 σθέντας.

1238 997 1292 1023 ΕΙΣ
1311 997 1354 1024 ΤΟ
1373 998 1496 1024 ΚΕΦΑΛι
1515 998 1566 1025 IE’.

1046 1041 1060 1077 §
1079 1043 1100 1070 1.
1127 1042 1391 1079 Ἀττελοπρεποῦς.
1412 1044 1456 1075 Ὠς
1469 1043 1558 1079 ὀθόνη,
1573 1044 1611 1076 ὡς
1625 1043 1738 1080 ἄνθραξ.

1053 1087 1292 1123 Ἀνακαθὰρσεις.
1324 1089 1534 1125 ’Λνακαθάρο-εις
1548 1090 1614 1126 φησὶ
1627 1090 1677 1122 τὰς
1695 1091 1795 1126 ἐξηγη-

1010 1133 1089 1165 τικὰς
1109 1135 1271 1170 ἑρμηνείας,
1297 1135 1330 1162 δι’
1358 1132 1394 1162 ὧν
1418 1135 1592 1171 καθαίρονται
1615 1136 1668 1163 τῶν
1691 1137 1720 1163 ὲν
1742 1138 1797 1168 τοῖς

1010 1179 1164 1214 λεγομένοις
1186 1180 1335 1207 δοκούντων
1347 1181 1455 1208 ἀτόπων
1471 1181 1504 1208 τὰ
1519 1181 1648 1217 σύμῦολα.

1044 1277 1079 1303 El
1097 1275 1156 1311 μὲν
1178 1276 1243 1311 γάρ.
1269 1277 1342 1304 Ἀνω
1364 1278 1418 1314 γὰρ
1445 1276 1531 1311 εἶπεν,
1555 1279 1596 1306 ὅτι
1616 1279 1644 1306 al.
1664 1278 1797 1314 ἀνώτεραι

1008 1321 1136 1358 δυνάμεις
1154 1323 1308 1358 ἰεραρχοῧσι
1331 1324 1380 1356 τὰς
1401 1325 1457 1360 μετ’
1482 1325 1576 1357 αὐτὰς,
1597 1324 1644 1352 καὶ
1664 1326 1691 1351 αἱ
1715 1324 1795 1360 μέσαι

1007 1367 1057 1400 τὰς
1072 1366 1188 1404 ὑστέρας
1199 1388 1206 1402 ,
1223 1369 1269 1396 καὶ
1291 1371 1318 1397 αἱ
1333 1369 1444 1407 ὕστεραι
1462 1369 1551 1398 αὐτῶν
1566 1372 1628 1403 τοὺς
1649 1371 1678 1398 ὲν
1693 1370 1797 1406 ἀνθρώ·

1009 1423 1070 1447 ποις
1090 1415 1229 1452 ίεράρχας.
1252 1416 1320 1443 Οὔτε
1342 1416 1397 1454 γὰρ
1418 1415 1506 1449 εἶπεν,
1529 1418 1570 1445 ὅτι
1595 1418 1612 1454 ὴ
1629 1417 1698 1453 αὑτὴ
1719 1416 1796 1450 τάξις

1008 1462 1056 1488 καὶ
1068 1461 1146 1497 ἄρχει
1159 1461 1198 1498 τῷ
1210 1462 1232 1478 ⁷⁷
1249 1462 1307 1498 μετ’
1321 1462 1415 1499 αὐτὴν,
1435 1464 1482 1490 καὶ
1502 1463 1613 1500 ἄρχεται
1637 1464 1682 1490 ὑπ’
1696 1463 1795 1495 αὐτῶν,

1007 1506 1063 1534 ἀλλ1
1088 1507 1174 1540 οὕτως
1199 1505 1284 1541 εἷπεν,
1311 1508 1352 1535 ὅτι
1379 1509 1396 1544 ή
1421 1508 1516 1545 πρώτη
1543 1509 1620 1542 τάξις
1643 1509 1721 1544 ἄρχει
1746 1509 1795 1544 μὲν

174 1551 237 1583 bus,
253 1551 310 1586 regi
324 1558 389 1578 vero
402 1558 418 1577 a
430 1549 649 1585 praecedentibus
663 1555 670 1574 :
684 1548 725 1576 sic
737 1555 846 1583 quoque
859 1548 886 1575 in
901 1555 956 1576 es.

1019 1553 1137 1589 ιὺτὴν⁷⁷⁶,
1147 1553 1259 1590 ἄρχεται
1272 1554 1300 1581 δὲ
1314 1554 1367 1581 ὑπὸ
1380 1554 1433 1581 τῶν
1447 1555 1499 1590 πρὸ
1511 1555 1606 1591 αὐτῆς·
1615 1555 1686 1582 οὓτω
1699 1555 1746 1582 καὶ
1756 1557 1796 1588 εἰς

173 1598 240 1625 teris
259 1596 473 1632 intelligendum.

210 1642 281 1670 Nam
296 1644 320 1670 εἰ
336 1644 364 1669 in
375 1643 459 1670 sacris
475 1642 539 1677 regi.
561 1640 619 1670 Hoc
633 1642 691 1670 vult
701 1641 803 1674 dicere,
817 1641 840 1669 si
857 1640 959 1668 dixeri—

172 1697 235 1718 mus
252 1689 355 1724 primos
370 1689 481 1716 ordines
496 1695 576 1716 sacro
591 1687 706 1724 imperio
721 1695 838 1724 praeesse
853 1690 960 1723 postre-

174 1735 237 1768 mis,
257 1735 354 1762 deinde
368 1735 489 1762 vicissim
506 1739 658 1769 postremos
670 1741 749 1762 sacro
760 1733 875 1769 imperio
888 1741 958 1768 prae-

173 1789 234 1809 esse
258 1781 353 1817 primis
377 1781 531 1815 ordinibus,
557 1788 573 1808 a
590 1780 689 1816 quibus
703 1780 758 1816 45
772 1781 854 1808 etiam
880 1786 958 1808 sacro

174 1828 288 1862 imperio
301 1831 444 1862 reguntur,
459 1827 579 1854 absurda
592 1831 635 1854 est
649 1826 797 1854 sententia.

210 1873 290 1901 Haud
305 1874 453 1909 incongrue.
465 1872 524 1900 Non
543 1872 691 1901 absurdum
717 1872 815 1907 inquit,
827 1871 958 1906 imagines

174 1927 234 1954 qua:
247 1919 274 1946 in
288 1919 389 1947 divinis
403 1918 543 1954 responsis
553 1917 699 1953 Scriptum
712 1917 884 1952 reperiuntur
897 1917 958 1943 uni-

174 1965 262 1992 versis
290 1964 450 1992 caelestibus
475 1963 622 1991 virtutibus
645 1963 810 1994 attribuere,
829 1966 958 1998 tanquam

174 2019 270 2039 omnes
293 2010 357 2043 sint,
375 2013 405 2037 ut
418 2010 456 2037 ita
469 2009 569 2042 dicam,
585 2008 715 2036 sublimes
731 2011 759 2036 et
779 2008 913 2036 salutares
931 2011 958 2035 et

175 2056 302 2088 scientes,
318 2055 369 2084 etsi
383 2063 438 2083 non
452 2055 593 2090 aequaliter
606 2062 613 2082 :
630 2053 678 2082 sed
694 2054 736 2082 ha:
746 2053 853 2089 quidem
867 2054 957 2080 excel-

174 2102 271 2135 lentes,
287 2101 346 2129 istze
358 2109 423 2129 vero
439 2100 572 2129 remissae.

208 2147 249 2174 Ad
259 2147 403 2175 anteriora.
422 2145 554 2182 Superius
567 2149 594 2173 et
611 2146 744 2174 eminens.

210 2235 267 2272 §ll.
293 2235 474 2270 Incipiendum
498 2239 522 2262 et
546 2234 724 2270 qua'rcndum.
751 2233 841 2270 [Nota]
855 2241 904 2261 cur
927 2234 954 2262 in

174 2281 306 2316 angelicis
319 2281 412 2316 ﬁguris
428 2280 547 2308 maxime
562 2279 628 2315 quid
642 2280 750 2315 igneum
766 2279 906 2314 probetur,
928 2283 955 2306 et

173 2334 258 2362 quare
278 2326 417 2362 Scriptura
441 2331 472 2354 ut
495 2327 642 2362 plurimum
669 2325 742 2353 dicat
761 2333 806 2353 res
828 2326 954 2353 caelestes

174 2381 235 2402 esse
248 2373 352 2408 igneas,
363 2377 390 2400 et
404 2373 565 2409 seraphinos
580 2371 707 2400 ardentes
717 2371 781 2400 dici.

209 2470 373 2499 lncensores.
389 2470 580 2506 lnterpretatio
599 2469 717 2497 nominis
737 2469 883 2504 seraphim.

208 2517 301 2545 Sancti
323 2517 401 2544 enim.
419 2515 475 2543 Cur
486 2515 568 2544 etiam
586 2515 657 2544 Deus
674 2516 702 2543 in
717 2515 778 2551 igne
791 2519 955 2550 conspectus

173 2562 219 2591 sit.

208 2608 319 2637 Sensilis
343 2608 412 2635 enim
433 2607 511 2643 ignis.
537 2605 702 2634 Admiranda
730 2613 796 2634 sane
824 2605 955 2634 naturalis

172 2655 329 2683 dissertatio
342 2654 375 2682 de
390 2654 461 2690 igne.
471 2653 562 2688 Ignem
574 2652 696 2680 videmus
711 2653 786 2680 omni
800 2652 840 2680 rei
855 2659 953 2680 conse-

172 2701 303 2727 minatum
332 2699 391 2727 sine
411 2698 584 2731 admistione,
602 2697 653 2724 hoc
669 2700 710 2724 est
725 2697 836 2724 minime
853 2697 954 2731 permi-

171 2751 243 2773 atum
256 2745 290 2773 iis
306 2746 332 2772 in
344 2745 444 2781 quibus
455 2744 573 2772 exsistit.
585 2742 636 2771 Per
649 2743 738 2770 omnia
752 2750 809 2770 vero
822 2747 951 2777 penetrat.

1008 1600 1058 1632 τὰς
1072 1599 1136 1636 ἑξῆς
1149 1601 1267 1635 νοητέον.

1043 1646 1080 1673 El
1090 1644 1149 1679 μὲν
1161 1645 1216 1679 γὰρ
1230 1644 1437 1680 ιεραρχεῖσθαι.
1469 1645 1502 1673 ’Ὀ
1520 1654 1587 1681 φησι
1609 1645 1687 1672 τοῦτό
1710 1645 1794 1677 ἐστιν,

1009 1691 1060 1723 ὅτι,
1074 1691 1099 1717 εί
1119 1689 1168 1722 τὰς
1189 1689 1300 1726 πρώτας
1321 1689 1411 1722 τάξεις
1433 1690 1563 1726 ἐλέγομεν
1593 1692 1727 1726 ίεραρχεῖν
1741 1691 1796 1717 τῶν

1008 1735 1180 1767 τελευταίων,
1195 1734 1254 1762 εἶτα
1276 1736 1356 1763 πάλιν
1370 1736 1454 1768 αὐτὰς
1467 1736 1517 1768 τὰς
1533 1736 1688 1768 τελευταίας
1702 1737 1794 1772 ιεραρ-

1009 1783 1065 1818 χεῖν
1077 1782 1131 1809 τῶν
1153 1782 1269 1818 πρώτων
1288 1782 1401 1815 τάξεων,
1417 1783 1462 1817 ὑφ’
1475 1779 1511 1810 ὧν
1526 1783 1573 1809 καὶ
1596 1782 1794 1818 ἱεραρχοῦνται,

1008 1828 1107 1855 ἄτοπον
1123 1829 1238 1864 πρᾶγμα
1253 1826 1297 1864 ἦν.

1050 1874 1110 1900 οὐκ
1127 1873 1299 1906 ἀπεικότως.
1321 1874 1378 1900 οὐκ
1399 1872 1498 1900 ἄτοπόν
1522 1881 1588 1908 φησι
1614 1873 1665 1904 τὰς
1685 1873 1715 1900 ὲν
1738 1875 1795 1905 τοῖς

1011 1917 1111 1952 λογίοις
1129 1918 1178 1954 τῆς
1201 1918 1311 1954 Γραφῆς
1333 1918 1439 1949 εἰκόνας
1460 1918 1560 1950 πάσαις
1585 1920 1645 1950 ταῖς
1676 1918 1793 1954 ἐπουρα-

1008 1964 1079 1997 νίαις
1098 1964 1227 2000 δυνάμεσι
1243 1964 1419 1999 περιτιθέναι,
1434 1963 1473 1995 ὡς
1488 1964 1587 1996 πάσας,
1607 1964 1674 2000 φέρε
1695 1965 1792 1998 εἰπεῖν,

1008 2007 1077 2037 εἶναι
1094 2009 1208 2045 ὑψηλὰς,
1226 2009 1272 2036 καὶ
1291 2009 1450 2045 σωτηρίους,
1464 2010 1511 2037 καὶ
1526 2011 1689 2044 γνωστικὰς,
1707 2012 1730 2038 εί
1747 2011 1794 2038 καὶ

1009 2055 1047 2092 μὴ
1072 2055 1180 2090 ὁμοίως·
1203 2054 1270 2081 ἀλλὰ
1296 2054 1346 2087 τὰς
1373 2055 1422 2090 μὲν
1455 2055 1673 2092 ὑπερκειμένως,
1690 2056 1739 2089 τὰς
1764 2057 1794 2084 δὲ

1009 2103 1069 2138 ὑφει
1073 2102 1170 2138 μένως.

1043 2149 1098 2176 Καὶ
1112 2148 1144 2175 τὸ
1171 2148 1245 2183 πρὸς
1268 2148 1301 2175 τὸ
1321 2148 1454 2182 ἄναντες.
1480 2149 1626 2186 ’Δνώτερον
1641 2150 1689 2177 καὶ
1711 2149 1794 2186 ὑπερ-

1008 2194 1142 2230 κείμενον.

972 2227 993 2255 θ
1043 2227 1104 2276 ςιι.
1133 2240 1271 2274 Ἀρκτέον
1304 2240 1353 2267 καὶ
1380 2239 1527 2275 ζητητέον.
1557 2242 1723 2278 Σημείωσαι,
1749 2242 1794 2269 διὰ

1005 2286 1032 2313 τι
1056 2286 1085 2312 ὲν
1105 2288 1160 2318 τοῖς
1175 2286 1330 2320 ἀγγελικοῖς
1345 2286 1441 2319 τύποις
1464 2287 1500 2323 μὴ
1522 2288 1656 2324 ὲμπύριον
1674 2288 1792 2324 μάλιστα

1006 2331 1248 2367 παραλαμϐάνεται
1262 2352 1269 2365 ,
1293 2332 1340 2358 καὶ
1363 2331 1407 2358 διὰ
1427 2331 1453 2358 τί
1473 2333 1508 2359 τὰ
1530 2334 1595 2369 περὶ
1621 2334 1657 2360 τὰ
1681 2334 1792 2370 οὐράνια

1007 2377 1117 2413 πυρώδη
1133 2377 1171 2409 ὡς
1186 2377 1231 2404 ὲπὶ
1246 2377 1369 2405 πλεῖστόν
1392 2386 1473 2414 φησιν
1489 2379 1506 2414 ὴ
1525 2378 1630 2416 Γραφή.
1644 2380 1699 2407 Καὶ
1714 2380 1754 2407 ὅτι
1767 2381 1792 2406 οἱ

1010 2424 1130 2460 σεραφὶμ
1143 2423 1234 2460 ἑμπρη
1239 2423 1298 2450 σταὶ
1315 2423 1457 2458 λέγονταιω

1049 2468 1237 2503 Ἐμπρηστὰς
1253 2468 1352 2501 ὄντας.
1375 2467 1522 2504 Ἐρμηνεία
1538 2468 1667 2505 σεραφίμ.

1044 2516 1077 2542 οι
1095 2514 1150 2550 τὰρ
1171 2513 1253 2548 ἱεροί.
1275 2513 1325 2540 Διὰ
1345 2512 1371 2540 τί
1396 2515 1443 2541 καὶ
1457 2514 1472 2540 ὁ
1490 2513 1556 2546 Θεὸς
1575 2514 1615 2546 εἰς
1634 2513 1690 2550 πῦρ
1710 2510 1791 2540 ὲοεω-

1008 2560 1087 2597 ρήθη-

1044 2606 1078 2633 Τὸ
1107 2605 1163 2641 γὰρ
1195 2606 1339 2640 αἰσθητὸν
1368 2606 1437 2641 πῦρ.
1459 2605 1618 2640 Φυσιολογία
1648 2604 1790 2640 θαυμαστὴ

1006 2654 1069 2690 περὶ
1091 2653 1186 2689 πυρός.
1208 2653 1245 2679 Τὸ
1260 2653 1316 2689 πῦρ
1327 2653 1434 2689 ὁρῶμεν
1449 2652 1487 2689 τῷ
1504 2653 1585 2679 παντὶ
1600 2651 1790 2688 κατεσπαρμέ-

1004 2708 1059 2732 νον,
1076 2698 1184 2734 ἀμιγῶς
1200 2699 1239 2732 δὲ,
1257 2699 1394 2726 τουτέστιν
1410 2698 1460 2725 οὒκ
1475 2698 1676 2734 ἁναφυρόμενον
1691 2699 1746 2729 τοῖς
1761 2698 1790 2724 ὲν

1002 2742 1044 2778 οἷς
1068 2745 1194 2782 ὑπάρχει.
1212 2746 1263 2773 Διὰ
1287 2745 1407 2774 πάντων
1425 2745 1460 2772 δὲ
1487 2744 1582 2781 φοιτᾷ·
1600 2745 1736 2772 τουτέστιν
1758 2743 1791 2770 οὑ

624 2821 739 2850 VARUS
756 2820 947 2850 LECTIONES
961 2822 1005 2852 ET
1022 2823 1298 2853 CORRECTIONES.

208 2903 230 2919 "
246 2904 304 2936 ταῖς
342 2903 376 2920 ⁷⁷⁸
391 2903 468 2940 ἄρχει
483 2903 531 2939 μὲν
547 2903 607 2936 ταῖς
623 2902 680 2939 μετ’
695 2902 789 2938 αὑτήν.
