1925 3060
107 153 157 182 105

437 154 465 183 S.
484 154 606 184 MAXIMI
623 154 768 184 SCHOLIA
784 155 817 182 ΙΝ
833 156 898 185 LIB.
916 156 960 184 DE
976 157 1136 185 C(ELESTI
1154 157 1375 188 HIERARCHIA.

1681 165 1732 195 ιοθ

106 199 229 235 καθάπερ
252 198 284 226 τδ
298 199 370 236 ὕδωρ
387 202 510 238 προφανῆ
525 201 575 237 τὴν
589 202 658 239 πρὸς
673 203 723 238 τὴν
738 202 790 238 γῆν
806 204 881 230 ποιεῖ-

942 203 971 230 ld
988 207 1041 235 est.
1063 212 1116 231 non
1131 205 1202 232 sicut
1217 213 1286 241 aqua
1312 205 1486 235 manifestam
1502 207 1568 237 facit
1581 216 1643 238 cum
1660 215 1734 240 terra

108 254 153 272 ται
169 245 251 281 μίξιν·
267 245 338 272 οὕτω
354 247 402 273 καὶ
419 247 449 274 τὸ
462 247 528 283 πῦρ,
547 248 715 283 καταφλέγον
725 248 756 275 τὸ
772 249 826 275 πᾶν
846 249 892 276 καὶ

108 292 267 321 ἀναλίσκον·
286 293 414 330 ἐξῄρηται
433 295 473 327 δὲ,
492 296 574 331 ἧγουν
598 295 759 332 ὑπέρκειται
783 295 891 323 πάντων

104 340 162 366 κατ’
178 339 328 376 ἐξαίρετον,
349 341 489 376 στοιχείων
505 341 615 377 δηλαδὴ,
632 341 703 369 κατὰ
726 341 757 369 τὸ
776 342 891 379 δραστή-

104 394 169 421 ριον·
179 386 373 421 ἄγνωστον-δὲ
382 388 447 414 αὐτὸ
454 387 503 415 καὶ
513 388 639 423 κρύφιον
650 388 737 422 καλεῖ,
750 388 788 421 ὡς
802 389 891 425 ὑπάρ-

102 441 148 467 χον
166 433 215 468 μὲν
231 433 261 461 ὲν
277 433 353 466 ὕλαις
365 435 446 467 τισὶν,
463 435 494 461 οὺ
510 435 670 470 φαινόμενον
687 435 716 462 δὲ
729 435 791 471 δίχα
802 445 891 473 παρα-

102 478 220 515 τρίψεως
255 479 272 516 ἢ
307 480 370 508 ἄνευ
406 480 473 517 ὕλης
504 481 632 517 δεκτικῆς
663 482 714 518 τῆς
750 483 890 519 ἐνεργείας

101 526 194 559 αὑτοῦ,
220 526 392 563 δεικνύμενον
419 528 468 555 καὶ
495 528 566 555 κατὰ
593 527 672 556 τοῦτο
700 529 889 565 ἄσχετονςκαὶ

101 571 271 608 ἀθεώρητον
292 574 392 610 ὁμοίως
414 575 461 602 καὶ
488 574 538 607 τὰς
553 575 649 607 λοιπὰς
662 575 709 603 τοῦ
725 576 810 612 πυρὸς
825 576 887 603 ἰδιό-

101 626 184 654 τητας
200 619 360 655 θεωρητέον,
377 620 489 653 ἅστινας
504 619 581 654 οὗτος
592 622 607 648 ὁ
626 622 722 658 Πατὴρ
738 623 798 649 κατ’
811 622 888 649 εὐσε-

101 664 136 699 ϐῆ
146 665 291 701 ἀναγωγήν
301 663 331 693 τε
353 667 399 694 καὶ
413 667 516 695 ἔννοιαν
532 668 626 695 ἔλασεν
642 669 688 695 ἐπὶ
698 669 765 695 Θεοῦ
785 678 814 695 τε
840 670 887 696 καὶ

103 711 254 745 ἀγγελικῶν
268 712 383 747 φῦσεων.
391 714 545 749 Σημείωσαι
557 715 584 742 δὲ
597 715 640 742 διὰ
650 715 675 742 τί
686 715 787 751 Κύριος
797 716 812 742 ὁ
822 715 887 748 Θεὸς

100 756 138 788 ὼς
147 755 203 792 πῦρ
214 757 353 794 ἐθεωρήθη
363 759 502 793 πολλάκις,
515 760 561 788 καὶ
577 760 647 788 κατὰ
659 761 685 788 τί
693 761 716 778 ⁷⁸
727 762 744 798 ἡ
759 761 886 796 ὁμοίωσις

100 801 147 829 τοῦ
162 803 248 838 πυρὸς
264 804 333 840 πρὸς
346 804 391 832 τὸν
405 805 480 833 Θεόν.

942 249 1162 278 eommistionem
1177 261 1183 277 :
1198 251 1238 280 sic
1251 251 1333 280 etiam
1348 253 1418 288 ignis
1429 254 1594 284 comburens
1604 256 1732 286 universa

942 298 970 323 et
980 303 1163 331 consumens;
1175 302 1318 334 exemptus
1328 303 1418 327 autem
1433 304 1475 329 est
1487 309 1535 330 seu
1547 304 1732 338 supereminet

943 341 1071 369 omnibus
1100 350 1149 377 per
1175 343 1376 378 excellentiam,
1400 345 1545 376 elementis
1571 347 1687 382 scilicet,
1702 350 1732 379 in

940 386 1113 422 eﬂicacitate;
1124 389 1243 424 ignotum
1258 395 1345 418 autem
1356 395 1380 419 et
1392 392 1524 420 occultum
1534 393 1624 429 ipsum
1638 399 1730 430 vocat,

944 435 974 459 nt
990 433 1166 462 exsistentem
1185 436 1293 470 quidem
1310 438 1337 465 in
1355 438 1476 466 materiis
1492 440 1731 474 quibusdam,non

940 482 1114 513 apparentem
1129 488 1195 509 vero
1210 481 1270 510 sine
1293 483 1442 516 attritione,
1460 490 1507 513 aut
1529 486 1589 514 sine
1611 488 1727 516 materia

939 523 1110 554 efﬁcacitatis
1127 527 1187 562 ejus
1207 529 1312 563 capaci,
1330 529 1450 565 dumque
1464 531 1632 566 ostenditur,
1644 534 1730 562 etiam

939 573 997 597 tum
1025 571 1147 599 cohiberi
1175 577 1201 600 et
1229 574 1314 603 videri
1339 575 1445 610 nequit.
1465 575 1607 612 Similique
1644 579 1728 608 modo

938 616 1058 651 reliquas
1085 618 1155 653 ignis
1186 620 1367 654 proprietates
1397 624 1579 658 contemplari
1607 629 1727 660 oportet,

939 669 1007 697 quas
1024 663 1068 691 hic
1084 663 1164 692 Pater
1180 666 1329 694 secundum
1345 668 1416 703 piam
1434 670 1533 698 mentis
1546 671 1728 701 elevationem

938 712 966 736 et
974 709 1175 738 meditationem
1186 713 1335 747 usurpabat
1345 718 1402 741 tum
1413 714 1441 742 in
1448 714 1515 749 Deo,
1530 720 1588 744 tum
1604 718 1632 745 in
1647 725 1729 754 ange-

939 754 1002 784 licis
1017 757 1132 785 naturis.
1149 757 1219 786 Nota
1236 767 1299 786 vero
1310 767 1360 787 cur
1367 760 1498 789 Dominus
1509 761 1582 790 Deus
1598 767 1727 799 tanquam

941 800 1014 836 ignis
1038 801 1114 830 visus
1141 803 1178 830 sit
1208 804 1383 840 frequenter,
1408 809 1436 834 et
1462 807 1490 835 in
1516 815 1572 844 quo
1595 806 1728 838 consistat

936 847 1086 876 similitudo
1112 848 1184 885 ignis
1208 858 1269 878 cum
1288 850 1352 879 Deo.

141 891 330 927 Ἀκράτητον,
345 894 458 930 ἀμιγὲς,
474 895 665 931 διακριτικόν.
674 896 829 932 Σημείωσαι
838 897 881 925 Εκ-

971 891 1065 920 Teneri
1079 894 1232 930 miscerique
1247 903 1298 923 non
1313 901 1408 930 potest,
1418 898 1568 927 secernendi
1575 900 1626 928 vim
1638 901 1725 929 habet.

99 946 198 974 φρασιν
214 939 342 976 αἰσθητοῦ
358 941 454 977 πυρὸς,
470 941 530 977 ἦτοι
553 942 672 970 ἔπαινον·
687 943 819 979 διακρίνει
833 945 887 981 γὰρ

99 984 146 1010 καὶ
168 984 217 1017 τὰς
241 984 317 1018 ὕλας⁷
328 983 384 1014 οἷον
402 987 532 1023 μόλυϐδον
556 989 610 1016 ἀπὸ
625 989 756 1026 ἀργύρου,
773 991 821 1017 καὶ
838 990 887 1023 τὰς

99 1029 239 1066 κολλήσεις
259 1031 371 1059 διαλύει·
395 1033 575 1061 ἀναλλοίωτον
590 1035 629 1068 δὲ,
646 1036 713 1063 καθὸ
727 1036 838 1064 δυνατὸν
851 1038 885 1070 ⁷⁹,

99 1076 225 1110 μένοντος
240 1078 287 1104 τοῦ
304 1079 493 1116 ὑποκειμένου,
509 1082 646 1108 τουτέστιν
665 1082 750 1119 αὐτῆς
772 1084 822 1119 τῆς
841 1084 886 1112 οὒ-

99 1121 158 1154 σίας
173 1122 220 1150 τοῦ
237 1124 332 1160 πυρὸς,
351 1125 529 1161 μεταϐάλλειν
544 1127 609 1154 αὐτὸ
631 1128 660 1155 ὲν
682 1130 738 1161 τοῖς
762 1130 885 1165 πάθεσιν,

97 1166 153 1195 οἷον
168 1169 295 1203 γενέσθαι
311 1171 377 1198 αὐτὸ
394 1172 558 1208 στρογγύλον
573 1174 590 1210 ἢ
619 1175 761 1207 κωνοειδὲς
772 1176 805 1210 ⁸ο,
818 1177 886 1214 ὅπερ

96 1213 126 1240 ὲν
141 1216 197 1246 τοῖς
212 1216 316 1251 γητνοις
332 1217 407 1245 ἐστὶν
422 1219 523 1255 εὑρεῖν,
539 1219 556 1255 ἢ
572 1220 668 1247 παθεῖν
682 1221 717 1248 τὰ
731 1222 778 1249 τοῦ
793 1213 883 1259 ἀέρος,

95 1256 151 1286 οἷον
166 1259 303 1297 φθαρῆναι
318 1262 363 1290 διὰ
377 1263 431 1290 τῶν
446 1264 687 1302 ἀναθυμιάσεων,ῆ
705 1256 872 1304 Μχυνθῆναι

96 1304 113 1341 ἢ
128 1307 176 1333 καὶ
191 1307 229 1339 ὼς
243 1307 274 1334 τὸ
290 1308 362 1345 ὕδωρ
376 1310 530 1345 μεταϐολὰς
545 1311 681 1346 δέξασθαι.

135 1396 292 1432 ’Υφέσεωᾳ
311 1399 446 1427 Οὐδέποτε
462 1401 516 1437 γὰρ
531 1405 615 1439 χωρεῖ
630 1404 677 1432 ἐπὶ
692 1405 726 1433 τὰ
742 1407 826 1435 κάτω.

130 1443 355 1479 Ὶὶιυτοκινητον.
378 1445 514 1480 Ὡσαύτως
529 1449 695 1485 κινούμενον.

137 1520 323 1556 Ἀπροσδεές.
342 1525 402 1552 ’Ὁτι
418 1526 566 1562 ἀπροσδεὲς
581 1529 673 1565 ἑτέρου
696 1531 726 1557 τὺ
741 1532 807 1568 πῦρ,
823 1533 882 1561 καί-

92 1575 134 1594 τοι
148 1567 236 1595 δέεταί
258 1578 330 1603 τινος
354 1572 533 1609 ὑποκειμένου
548 1575 589 1608 εῐς
603 1576 634 1603 τὸ
649 1567 805 1614 ὲξαφθῆναι·
822 1581 881 1608 ἀλλ’

91 1613 124 1640 οὒ
148 1614 226 1641 τοῦτο
250 1615 339 1651 λέγει,
355 1618 411 1645 ἀλλ’
428 1620 469 1646 ὅτι
484 1620 514 1647 τὸ
530 1621 586 1658 πῦρ
601 1623 631 1650 οὐ
649 1613 775 1659 μίγνυται
795 1627 881 1665 ἑτέρῳ

93 1660 228 1696 στοιχείῳ,
244 1662 305 1689 οὐδὲ
320 1665 457 1699 κιρνᾶται,
473 1666 511 1698 ὡς
532 1667 563 1694 τὸ
581 1667 653 1704 ὕδωρ
667 1672 700 1706 τῇ
716 1673 760 1707 γῇ·
778 1672 818 1700 διὸ
833 1660 881 1702 atati.

91 1704 121 1730 ὲν
139 1707 280 1741 στοιχείοις
296 1708 451 1743 μονοούσιον
467 1711 531 1739 αὐτὸ
547 1712 612 1741 ἔνιοι
628 1715 801 1752 κεκλήκασιν.

128 1749 143 1786 §
166 1750 209 1778 Ill.
240 1753 532 1791 Ἀνθρωπομόρφο-υς.
562 1759 612 1786 Διὰ
634 1761 660 1788 τί
676 1749 723 1789 καὶ
738 1764 879 1800 ἀνθρωπό-

91 1804 191 1832 μορφοι
205 1797 413 1827 διαπλάττονται
429 1802 454 1828 οἱ
469 1802 590 1838 ἄγγελοι.

126 1842 182 1869 Καὶ
197 1844 230 1870 τὸ
250 1846 314 1872 κατ’
328 1846 482 1882 αἴσθησιν.
499 1850 655 1886 Σημείωσαι
678 1854 728 1890 τὴν
748 1855 880 1894 διαφορὰν

88 1887 136 1915 τοῦ
155 1889 284 1926 αίσθητοῦ
306 1892 360 1920 τῶν
382 1893 487 1930 ἀλόγων
504 1896 581 1929 ζώων
597 1899 665 1935 πρὸς
679 1887 711 1927 τέ
724 1887 880 1939 uicerim;th

87 1934 151 1984 των.
160 1935 286 1984 λογικῶν,
302 1939 382 1984 ἡμῶν
397 1940 478 1977 λέγω·
495 1943 530 1971 τὰ
547 1944 597 1980 μὲν
613 1934 667 1983 γὰρ
682 1947 767 1984 ἄλογα
825 1952 880 1979 πᾶν

87 1980 219 2017 αἴσθησίς
231 1983 295 2018 είσι,
310 1984 343 2011 δι’
363 1983 398 2022 ἧς
416 1988 464 2015 καὶ
488 1980 661 2021 συνίστανται
681 1980 780 2031 ἀνὸἧτα
803 1996 876 2024 ὅντα·

86 2027 118 2054 ὲν
134 2027 163 2055 δὲ
182 2029 258 2065 ἡμῖν,
274 2029 361 2068 βραχὺ
379 2033 410 2060 τὸ
433 2035 599 2072 αἰσθητικόν·
617 2039 648 2066 οὐ
675 2027 780 2078 γιῐιρνδι⁷
795 2044 878 2072 αὐτοῦ

87 2075 283 2111 συνιστάμεθα,
297 2078 364 2105 ἀλλὰ
373 2079 418 2107 διὰ
430 2081 477 2108 τοῦ
491 2083 594 2123 νοεροῢ·
609 2084 669 2113 ὅθεν
683 2075 731 2114 καὶ
747 2088 815 2123 μετὰ
829 2089 877 2116 θά-

85 2128 167 2172 νατον
179 2120 220 2148 ἔτι
239 2123 331 2159 ἐσμὲν,
345 2124 419 2162 ψυχὴ
437 2121 518 2164 νοερᾶ
531 2129 616 2163 ὄντες.
637 2132 698 2160 Ἐπὶ
710 2120 810 2163 the»
826 2137 877 2172 ἀγ-

85 2166 174 2202 γέλων
189 2168 250 2195 οὐδὲ
265 2170 296 2197 τὸ
312 2170 480 2207 βραχύτατον
495 2175 552 2203 ἐστι
566 2177 620 2204 τῶν
634 2179 796 2216 αἰσθήσεων,
809 2166 878 2211 ἀλλὰ

84 2213 172 2260 τύπος
190 2217 279 2251 παχὺς
288 2217 310 2234 ⁸³
325 2218 359 2245 τὰ
378 2219 438 2246 καθ’
453 2222 527 2257 ἡμᾶς
539 2232 545 2238 ·
563 2213 748 2260 ὲλάχιστοννδὲ
767 2228 812 2256 τὸν
828 2230 876 2257 ἄν-

85 2259 197 2308 θρωίιτον
213 2263 273 2289 κατ’
285 2263 410 2302 αἴσθησίν
424 2275 514 2303 φησιν,
526 2270 575 2305 οὐχ
585 2259 686 2303 ὼςντῶν
699 2273 785 2302 ἄλλων
799 2275 876 2308 ζώων

85 2306 215 2340 πλείονας
234 2309 374 2346 αίσθήσεις
396 2312 522 2348 ἐχόντων,
549 2316 618 2344 ἀλλὰ
644 2306 874 2358 δραστικωτέρας,

84 2352 135 2402 καὶ
149 2352 302 2402 ΔΔὸξυτέρςις.
327 2357 446 2395 Δῐνιγμα
469 2360 497 2388 δὲ
517 2362 597 2390 τοῦτο
621 2352 753 2401 λαμϐάνει
766 2368 796 2395 τὸ

82 2398 220 2452 ἀγγέλους
237 2402 282 2452 ’μὴ
307 2405 457 2452 κεχρῆσθαι
474 2407 523 2443 μὲν
541 2411 598 2442 τοῖς
613 2398 674 2438 καθ’
689 2412 762 2448 ἡμᾶς
779 2398 873 2452 alcon;

83 2444 191 2479 τηρίοις
203 2453 210 2461 ο
233 2446 376 2484 ὑπερέχειν
394 2450 423 2477 δὲ
442 2453 513 2479 κατᾶ
536 2454 603 2482 πολὺ
624 2455 664 2492 τῷ
689 2444 808 2494 cceptth
823 2444 874 2497 τίῗίς

83 2491 182 2526 νοερᾶς
195 2491 351 2540 δυνάνμεωςε
367 2495 462 2534 ὥσπερ
478 2499 525 2526 καὶ
540 2491 682 2537 ἄνθρωπος
757 2505 804 2533 τοῦ
826 2491 872 2534 νοθ

83 2537 206 2590 ὑπεροχῇ
223 2539 270 2590 καὶ
281 2541 324 2590 Δτῷ
340 2542 461 2590 λογισμῷ
474 2545 524 2581 τῆς
538 2547 634 2583 ἀλόγου
651 2537 757 2585 φύσεως
768 2556 871 2590 κρατεῖ.

194 2583 403 2634 μένοιετικάς.
420 2590 453 2617 Τί
480 2592 505 2618 οἱ
533 2583 666 2629 ὀφθαλμοί
693 2583 754 2624 τῶν
770 2583 872 2634 νοητῶν

80 2626 205 2680 δηλοῦσι,
223 2630 275 2680 καὶ
288 2631 315 2658 τί
335 2633 370 2660 τὰ
385 2626 565 2673 ὀσφραντὰ⁸¹,
579 2626 718 2669 τουτέστιν
738 2643 766 2669 αἱ
781 2626 851 2680 ῥῖνες
863 2655 869 2661 ·

80 2674 131 2700 καὶ
152 2674 179 2701 τί
202 2675 237 2704 τὰ
258 2675 327 2710 ὦτα,
346 2681 393 2708 καὶ
415 2683 441 2710 τί
459 2684 476 2720 ἡ
495 2685 598 2719 γεῦσις,
616 2689 663 2715 καὶ
678 2689 704 2715 τί
719 2691 735 2725 ἡ
752 2674 818 2727 diei],
836 2674 870 2728 iw

938 938 1009 967 Nota
1035 940 1235 975 expositionem
1259 942 1368 970 sensilis
1383 943 1454 978 ignis
1464 952 1513 974 seu
1527 945 1654 976 laudem:
1669 947 1727 975 dis-

938 985 1040 1021 tinguit
1070 986 1144 1014 enim
1169 987 1251 1016 etiam
1266 989 1407 1023 materias,
1435 991 1506 1018 sicut
1527 992 1668 1027 plumbum
1692 994 1727 1022 ab

936 1036 1065 1067 argento,
1081 1036 1109 1060 et
1129 1033 1380 1069 conglutinationes
1396 1035 1522 1065 dissolvit
1539 1047 1546 1066 :
1561 1041 1725 1068 commutari

936 1081 1027 1106 autem
1049 1086 1106 1106 non
1128 1082 1230 1114 potest,
1245 1084 1381 1116 quatenus
1404 1081 1573 1117 impossibile
1593 1088 1646 1117 est,
1667 1093 1727 1113 ma-

937 1127 1018 1152 nente
1033 1124 1171 1160 subjecto,
1183 1125 1235 1154 hoc
1249 1129 1293 1154 est
1306 1127 1400 1155 eadem
1416 1128 1487 1164 ignis
1505 1133 1613 1162 natura,
1624 1133 1726 1163 mutari

934 1169 1023 1204 ipsum
1037 1170 1065 1198 in
1087 1171 1311 1206 proprietatibus,
1329 1173 1402 1201 sicut
1419 1181 1482 1202 eum
1499 1174 1558 1203 ﬁeri
1575 1177 1726 1207 rotundum

934 1219 962 1243 et
977 1216 1172 1250 acuminatum,
1185 1218 1256 1253 quod
1274 1218 1301 1246 in
1316 1219 1494 1249 terrestribus
1509 1221 1633 1251 invenire
1643 1223 1724 1258 licet;

934 1265 981 1289 aut
996 1262 1068 1291 aeris
1081 1263 1262 1298 proprietates
1276 1265 1430 1298 admittere,
1445 1266 1517 1296 sicut
1529 1275 1577 1304 per
1590 1276 1724 1305 evapora-

933 1308 1021 1337 tiones
1036 1309 1187 1345 corrumpi,
1204 1313 1252 1337 aut
1267 1311 1442 1347 condensari,
1460 1314 1503 1342 vel
1527 1315 1600 1344 sicut
1623 1324 1723 1352 aquam

934 1354 1101 1383 mutationes
1118 1357 1269 1391 suscipere.

968 1399 1156 1435 Dejectionem.
1175 1401 1320 1438 Nunquam
1338 1405 1410 1433 enim
1426 1405 1557 1435 inferiora
1574 1410 1650 1444 petit.

966 1446 1022 1483 46
1035 1447 1069 1475 Se
1084 1448 1142 1483 ipso
1162 1454 1288 1477 mouetur.
1302 1450 1381 1484 Quod
1396 1459 1506 1489 semper
1522 1455 1620 1485 eodem
1641 1457 1723 1487 modo

934 1497 1041 1521 movetu
1046 1501 1068 1522 Γ.

970 1538 1032 1567 Non
1044 1545 1110 1576 eget.
1128 1540 1219 1576 Ignem
1229 1543 1314 1571 altero
1327 1552 1381 1572 non
1390 1544 1520 1581 indigere,
1530 1548 1582 1576 etsi
1598 1549 1723 1584 subjecto

934 1585 1025 1621 aliquo
1038 1586 1158 1623 indigeat
1172 1592 1201 1616 nt
1211 1589 1393 1618 accendatur:
1405 1599 1496 1620 verum
1509 1594 1560 1621 hoc
1575 1602 1629 1622 non
1639 1595 1722 1631 dicit;

931 1631 981 1660 sed
1001 1632 1091 1670 ignem
1116 1641 1172 1661 non
1190 1636 1364 1665 commisceri
1379 1637 1457 1665 alteri
1469 1638 1613 1673 elemento,
1631 1649 1721 1677 neque

932 1677 1004 1706 sicut
1020 1685 1117 1714 aquam
1134 1683 1214 1708 terra:
1232 1682 1408 1716 permisceri;
1423 1683 1527 1712 idcirco
1539 1685 1623 1721 aliqui
1639 1695 1721 1716 voca-

932 1727 996 1750 runt
1012 1724 1102 1759 ipsum
1119 1726 1208 1754 solum
1225 1726 1254 1753 in
1271 1734 1321 1755 suo
1337 1736 1446 1763 genere.

970 1769 983 1806 §
1007 1770 1052 1798 lll.
1071 1770 1198 1800 Humana
1213 1773 1310 1808 forma.
1326 1774 1382 1803 Cur
1397 1776 1486 1812 angeli
1503 1777 1622 1807 humana
1633 1779 1720 1810 forma

931 1817 1129 1852 perlingantur.

966 1862 1001 1890 Et
1017 1872 1094 1892 censu
1114 1865 1230 1900 quidem.
1244 1865 1312 1895 Nota
1331 1867 1511 1898 diﬂerentiam
1527 1871 1638 1901 sensilis
1653 1873 1719 1902 bru-

930 1913 1021 1939 tornm
1037 1911 1230 1947 animantium,
1247 1917 1274 1941 et
1290 1915 1400 1943 sensilis
1416 1916 1591 1946 rationalium
1602 1939 1610 1952 ,
1630 1921 1718 1949 nostri

930 1956 1040 1991 inquam
1062 1966 1069 1991 ;
1086 1957 1167 1987 bruta
1182 1959 1255 1987 enim
1271 1967 1385 1995 prorsus
1400 1966 1465 1990 sunt
1481 1971 1596 1999 sensus;
1611 1973 1645 1994 ex
1663 1974 1718 2002 quo

929 2002 1010 2030 etiam
1023 2008 1161 2038 constant,
1179 2009 1272 2041 utpote
1287 2007 1425 2036 intellectu
1439 2009 1585 2045 destituta;
1598 2012 1626 2039 in
1637 2013 1718 2042 nobis

929 2051 1020 2076 autem
1036 2049 1174 2078 modicum
1188 2055 1230 2080 est
1245 2053 1356 2085 sensile,
1370 2062 1459 2090 neque
1474 2056 1546 2085 enim
1560 2065 1593 2084 ex
1603 2065 1636 2085 eo
1650 2066 1717 2087 con-

928 2098 1042 2128 stamus,
1055 2096 1103 2123 sed
1119 2103 1152 2124 ex
1169 2097 1329 2134 intelligibili
1340 2099 1418 2132 ;ideo
1430 2100 1512 2128 etiam
1524 2105 1586 2136 post
1599 2107 1716 2132 mortem

927 2140 1110 2176 persistimus,
1122 2149 1183 2170 cum
1199 2143 1286 2171 simus
1298 2145 1398 2172 animal
1410 2146 1549 2184 intellectu
1559 2148 1713 2182 przeditnm.

927 2186 957 2213 ln
976 2187 1080 2223 angelis
1094 2193 1185 2216 autem
1201 2197 1289 2225 neque
1304 2191 1448 2219 minimum
1461 2200 1559 2222 sensus
1567 2196 1713 2230 reperitur,

892 2245 914 2273 ο
928 2240 1021 2260 verum
1036 2238 1130 2262 nostra
1146 2240 1210 2264 sunt
1224 2236 1299 2264 rudis
1313 2237 1424 2265 illorum
1440 2238 1527 2274 ﬁgura
1545 2249 1552 2268 :
1570 2241 1714 2271 minimum

927 2284 992 2306 vero
1008 2279 1046 2306 ait
1055 2279 1193 2309 hominem
1209 2282 1359 2311 secundum
1374 2291 1497 2317 sensum,
1510 2292 1566 2314 non
1576 2287 1650 2322 quod
1661 2287 1714 2316 alia

927 2324 1056 2353 animalia
1071 2327 1164 2362 plures
1178 2328 1296 2357 habeant
1312 2337 1422 2363 sensus,
1438 2331 1487 2359 sed
1506 2332 1673 2362 elIicaciores
1685 2339 1714 2364 et

926 2371 1075 2400 acutiores.
1104 2372 1235 2409 Sequitur
1259 2379 1351 2404 autem
1380 2376 1433 2404 hoc
1456 2377 1586 2413 aenigma,
1602 2380 1713 2416 angelos

926 2424 982 2450 non
999 2417 1037 2446 uti
1053 2419 1156 2448 nostris
1183 2428 1314 2449 sensuum
1346 2422 1555 2459 instrumentis;
1582 2434 1713 2462 superare

926 2467 1016 2491 autem
1023 2464 1168 2499 plurimum
1178 2466 1354 2504 intelligentis
1361 2471 1439 2505 copia
1446 2471 1584 2501 facultatis
1597 2483 1604 2501 :
1618 2481 1713 2509 quem-

927 2509 1074 2537 admodum
1103 2511 1185 2540 lmmo
1208 2513 1291 2542 etiam
1317 2516 1415 2544 mentis
1440 2518 1602 2546 excellentia
1626 2523 1652 2548 et
1667 2528 1712 2548 ra-

926 2555 1101 2586 tiocinatione
1118 2559 1303 2589 irrationalem
1319 2561 1404 2590 vincit
1419 2568 1557 2593 naturam.
1712 2581 1720 2592 ι.

965 2602 1074 2632 Videndi
1085 2604 1236 2639 facultates.
1254 2605 1388 2639 Quidnam
1404 2610 1477 2639 Oculi
1499 2611 1708 2647 intelligibilium

925 2649 1089 2684 signiﬁcent,
1106 2655 1133 2678 ct
1148 2652 1215 2687 quid
1233 2652 1363 2682 facultate
1385 2654 1518 2684 odorandi
1539 2657 1662 2692 praedita,
1681 2658 1708 2685 id

924 2699 967 2722 est
989 2704 1082 2730 nares,
1093 2703 1120 2725 et
1142 2698 1208 2734 quid
1232 2707 1323 2734 aures,
1341 2705 1369 2729 et
1384 2701 1449 2737 quid
1472 2707 1579 2738 gustus,
1595 2707 1623 2732 et
1642 2703 1707 2739 quid

543 2786 660 2816 VARIE
680 2788 871 2820 LECTIONES
891 2793 935 2822 ET
954 2795 1232 2828 CORRECTIONES.

128 2861 153 2878 "
162 2862 207 2890 διὰ
218 2863 255 2890 τί.

79 2896 106 2913 ⁸⁸
132 2898 282 2933 γωνοειδές.

163 2944 297 2977 Panos.
320 2948 378 2979 Gs.
397 2949 445 2981 ll“.

305 2865 329 2913 ἒς
343 2866 436 2913 eff-1'20
445 2876 520 2913 -ςιιηι
536 2869 665 2913 [zachng
685 2871 746 2913 καθ’
760 2873 775 2899 ὃ
788 2874 819 2900 οὐ
838 2874 881 2913 δον

937 2886 958 2908 ν,
974 2882 1020 2904 aut
1044 2879 1147 2907 sallem‘
1159 2881 1228 2909 addo
1250 2883 1292 2913 οὐ,
1314 2883 1382 2910 sicut
1404 2885 1420 2913 ἡ
1445 2885 1589 2913 ἀκολουθία

1612 2885 1694 2921 exigit

306 2900 328 2916 "
345 2900 429 2930 Puch.
443 2903 527 2936 τύπος
542 2900 644 2941 βραχῖκς
657 2907 780 2935 ἐκείνων
796 2900 881 2944 proice

938 2900 958 2908 γ,
974 2900 1018 2904 η...
1044 2900 1137 2907 ,μη-ν...
1159 2900 1228 2909 ..νυν
1250 2900 1292 2913 vv,
1314 2900 1382 2910 οιιοιι
1406 2900 1413 2910 ι
1445 2900 1589 2913 ειυλυυνιυι
1612 2900 1619 2913 t

937 2913 1038 2942 κείνων
1051 2917 1198 2944 necessario
1213 2917 1367 2946 addendum.
1397 2900 1420 2936 ’ί
1433 2920 1619 2956 ὀσφραντικάέ

1584 2967 1608 3012 ιγ
