1925 3060
201 152 252 180 107

577 144 752 176 ΔΡΡΕΝΒΙΧ
771 146 817 174 ΔΙ)
836 145 950 174 OPERA
970 145 1000 173 S.
1017 142 1166 173 DIONYSll
1184 141 1435 174 ARIEICDI’AGI'I'd‘Z.2

1773 147 1825 176 108

200 215 302 244 tactus,
318 216 399 245 quem
426 207 582 236 facultatem
605 205 733 243 tangendi
757 209 836 233 vocat
854 214 860 232 :
878 208 905 232 et
920 204 984 239 quid

1040 204 1153 240 immﬂv
1172 212 1238 239 φησι
1250 212 1256 219 ⁸
1276 204 1323 231 καὶ¹
1340 204 1366 230 τί
1391 203 1426 230 τὰ
1449 203 1582 240 βλέφαρα,
1598 204 1644 231 καὶ
1662 205 1690 231 αἱ
1703 205 1804 242 όφρύες
1815 215 1825 225 ·

201 257 347 294 palpebrae,
365 254 524 290 supercilia,
547 257 574 280 et
589 252 655 288 quid
678 252 776 288 pubes,
791 255 818 279 et
835 251 900 286 quid
922 250 986 278 den-

201 309 254 337 tes,
269 307 296 332 et
306 302 371 338 quid
385 300 503 333 humeri,
513 303 540 327 et
547 299 669 332 brachia,
685 306 745 334 quae
757 298 836 326 ulnas
851 301 944 325 vocat:
958 300 986 324 et

201 351 268 387 quid
294 353 404 386 pectus,
421 352 449 376 et
470 346 536 382 quid
560 346 683 378 dorsum,
693 349 721 372 et
741 344 835 380 pedes,
848 349 875 372 et
890 343 986 372 levitas

201 403 368 434 pennarum,
383 398 411 423 et
426 401 487 430 quae
500 393 639 427 deinceps.

237 443 304 477 ριιω
309 441 389 470 odore
402 440 590 476 percipiuntur.
599 437 629 466 In
640 437 684 466 his
690 437 723 466 de
731 441 828 464 natura
835 436 986 472 proprieta-

201 491 238 518 tis
248 495 387 524 corporeae
401 486 539 514 facultatis
551 483 685 512 odorandi
699 483 821 516 disserit,
833 482 984 511 secundum

201 528 389 565 sublimiorem
405 533 538 561 rationem
550 530 693 564 transfert,
705 530 778 558 sicut
789 529 871 557 etiam
881 529 986 564 reliqua

200 583 321 610 humana
344 579 475 611 membra,
493 579 528 606 ad
549 577 807 613 contemplationem
820 575 985 603 naturalium

201 630 229 658 in
246 627 350 664 angelis
366 625 537 653 facultatum.

237 674 272 702 Et
287 673 461 702 nutritiorum
471 669 627 698 rivulorum.
642 669 770 697 Rivulum
780 668 899 703 intellige
909 667 986 695 insu-

198 720 348 757 perabilem
387 716 528 753 sapientia:
564 716 716 747 fusionem,
741 714 891 743 secundum
919 713 986 741 illud

201 766 352 801 Scriptura;
364 761 526 798 :E/fundam
543 761 575 788 de
588 761 684 796 spiritu
697 768 753 788 meo
769 760 796 787 in
811 767 913 786 omnem
927 767 986 786 car-

199 812 290 844 nem‘,
305 815 332 838 et
344 817 404 846 qua
415 812 578 844 sequuntur.
592 807 689 835 Divina
705 807 778 835 enim
794 805 914 842 cognitio
927 813 987 841 per-

199 857 299 885 transit
314 863 330 883 a
345 855 400 884 Deo
415 862 465 891 per
492 853 678 890 intelligibiles
692 853 809 880 virtutes
829 851 864 880 ad
877 851 986 880 divinos

199 903 325 932 homines
342 901 430 938 [juxta
443 900 578 935 cujusque
592 897 822 934 proportionem].

235 945 410 978 Uniformem.
426 944 508 972 Juxta
523 943 716 972 iutellectionis
735 942 948 978 susceptionem.

236 992 354 1020 Provida
378 992 484 1019 virtute.
515 989 659 1023 Universa,
683 989 784 1025 inquit,
807 988 986 1024 intelligibilis

141 1032 144 1036 Ἴ
199 1040 288 1068 virtus
303 1038 425 1066 divinam
443 1037 472 1064 in
487 1044 518 1065 se
540 1036 642 1063 factam
657 1035 840 1071 cognitionem
855 1034 986 1070 multipli-

199 1091 255 1119 cat,
268 1086 296 1114 id
309 1088 351 1113 est
368 1083 422 1120 47
440 1082 607 1114 manifestat,
622 1086 652 1109 ut
671 1089 687 1109 a
711 1081 790 1109 nobis
807 1081 984 1116 intelligatur,

199 1132 264 1160 dum
276 1139 309 1159 ea
321 1138 384 1166 quae
394 1133 539 1166 conspecta
551 1133 615 1158 sunt
627 1128 838 1164 explicatzsicut
851 1129 922 1165 apud
937 1128 986 1156 Da-

199 1177 299 1205 nielem
312 1177 446 1210 invenies,
458 1184 520 1204 cum
535 1176 648 1212 angelus
658 1175 697 1203 illi
711 1176 836 1211 exposuit
849 1176 985 1204 somnium

199 1221 273 1258 quod
290 1221 406 1249 viderat.

234 1267 288 1295 Cor
299 1271 397 1294 autem.
411 1266 657 1303 Comprehenditur
666 1273 682 1294 a
691 1267 772 1295 nobis
783 1274 842 1298 eor.
855 1271 984 1302 tanquam

199 1318 325 1343 centrum
349 1314 424 1349 quod
444 1314 533 1350 primo
549 1314 632 1342 vitam
654 1313 783 1349 suscipit;
797 1313 925 1348 quoniam
939 1320 984 1340 se-

199 1360 320 1387 cundum
349 1359 474 1387 divinum
501 1358 632 1387 Basilium
662 1359 780 1394 primum
795 1362 905 1387 creatur
918 1365 983 1391 cor;

199 1406 300 1435 deinde
326 1405 413 1434 veluti
428 1413 461 1433 ex
485 1409 582 1433 centro
608 1405 767 1433 universum
794 1412 894 1440 corpus
908 1404 985 1433 eilin-

199 1454 284 1490 gitur,
302 1453 340 1480 ita
365 1456 394 1480 ut
414 1452 498 1479 vitam
512 1451 585 1479 hanc
607 1451 705 1487 quovis
718 1451 745 1479 in
758 1458 859 1486 corpus
874 1455 984 1486 proten-

199 1501 264 1528 dat;
279 1499 337 1527 sive
357 1499 429 1526 enim
451 1498 613 1534 congenitus
628 1497 703 1525 calor
728 1504 828 1532 corpus
851 1496 982 1529 viviﬁcet,

198 1547 257 1576 sive
282 1546 407 1582 spiritus.
422 1545 480 1573 sive
506 1545 630 1581 sanguis,
646 1544 761 1572 istorum
786 1544 906 1571 omnium
921 1543 984 1571 fons

197 1596 240 1622 est
261 1576 320 1620 cor.
338 1591 456 1628 Ideoque
468 1576 627 1620 visumvestr
637 1589 800 1625 quibusdam
816 1597 897 1618 omne
909 1591 983 1625 quod
997 1576 1018 1606 ο

197 1640 283 1668 vitam
298 1638 424 1667 conferre
435 1638 507 1666 valet
525 1637 607 1665 simul
622 1641 649 1665 et
661 1637 746 1665 veluti
758 1636 810 1664 hoc
823 1636 883 1664 loco
895 1637 984 1672 primo

197 1687 318 1715 maxime
342 1685 472 1718 stabiliri,
486 1684 537 1712 etsi
553 1684 581 1712 in
597 1683 671 1711 omni
696 1683 820 1718 corporis
836 1683 897 1710 loco
911 1684 985 1712 exsi-

197 1736 263 1765 stat,
273 1739 362 1767 neque
374 1731 436 1760 loco
450 1731 614 1763 detineatur,
630 1738 719 1765 neque
733 1729 794 1757 loco
808 1729 984 1758 circumscri-

197 1778 290 1810 batur,
307 1785 396 1813 neque
410 1785 427 1804 a
442 1784 558 1812 corpore
584 1776 766 1804 contineatur.
785 1775 830 1804 Sic
849 1777 932 1811 igitur
955 1776 983 1803 in

197 1823 383 1852 invisibilibus
409 1822 493 1850 etiam
511 1821 665 1855 ordinibus,
689 1821 747 1850 sive
767 1822 796 1849 in
815 1829 914 1858 genere
927 1821 984 1850 sive

198 1870 227 1897 in
237 1867 328 1905 specie
337 1868 521 1896 ministrando
537 1868 754 1904 providentibus,
770 1872 898 1904 tanquam
910 1868 983 1896 enim

198 1917 227 1944 in
243 1915 377 1949 medio,et
390 1915 482 1943 cordis
496 1915 567 1947 loco,
584 1919 612 1942 et
626 1915 709 1942 veluti
725 1918 848 1942 centrum
866 1914 984 1942 fontanae

197 1961 261 1989 vita:
276 1961 406 1988 collocari
423 1960 508 1996 ipsas,
527 1960 756 1988 considerandum
770 1965 829 1994 est;
842 1961 893 1989 etsi
918 1968 984 1988 con-

195 2007 281 2035 tineri
295 2009 443 2042 nequeant,
459 2014 548 2042 neque
568 2006 629 2034 loco
647 2006 921 2040 circumscribantur,
937 2010 985 2034 aut

197 2053 378 2089 corporaliter
387 2055 465 2088 parte
479 2060 574 2081 eorum
589 2060 650 2088 quas
663 2056 837 2086 conservant,
853 2053 984 2082 divinitus

198 2104 311 2136 accepto
328 2098 516 2136 prospiciendi
534 2102 680 2134 praecepto.

203 2166 205 2168 -
235 2146 270 2174 Et
281 2155 340 2183 qua:
352 2150 468 2174 tueatur.
481 2144 653 2174 Sententiam
669 2145 723 2172 isto
735 2151 867 2180 compone
881 2145 982 2173 modo:

198 2193 265 2227 Qum
275 2193 385 2221 vitalem
399 2191 621 2220 distributionem
635 2194 756 2225 tueatur;
777 2190 890 2219 deinde:
911 2191 985 2219 velut

198 2239 227 2266 in
243 2239 368 2274 subjecto
383 2238 476 2266 corde.

236 2283 429 2320 Propter-quod
434 2285 514 2312 etiam
523 2289 660 2320 pennatus.
671 2283 726 2313 Cur
735 2284 817 2320 pedes
824 2284 982 2319 angelorum

200 2330 322 2365 pennati,
341 2334 371 2357 ut
385 2331 512 2358 ostendat
528 2330 685 2359 facultatem
699 2338 747 2366 per
762 2338 792 2359 se
807 2330 945 2362 movendi,
957 2333 984 2357 et

199 2376 254 2402 vim
261 2375 288 2402 iu
296 2375 380 2403 Deum
387 2376 558 2410 intendendi,
565 2379 592 2405 et
599 2377 701 2404 nullam
712 2385 774 2404 cum
786 2376 902 2404 terrenis
914 2382 986 2403 com-

200 2421 370 2454 munionem",
379 2426 512 2457 quantum
530 2423 558 2450 in
573 2431 603 2452 se
617 2423 693 2451 nullo
707 2422 861 2458 perturbari
876 2421 983 2456 aﬂ'ectu,

200 2467 310 2503 quando
333 2468 415 2495 etiam
432 2469 461 2496 in
475 2473 548 2497 terra
564 2470 654 2506 angeli
668 2470 810 2504 conspecti
821 2474 896 2498 sunt.

234 2513 348 2540 Alarum
367 2514 469 2542 levitas.
483 2514 619 2548 Quidnam
634 2516 707 2543 leves
721 2522 827 2550 pennas.

235 2559 270 2586 Et
287 2567 392 2594 purum.
410 2561 452 2589 Ab
468 2566 644 2590 externorum
658 2562 821 2597 adiectione,
837 2559 919 2587 veluti
934 2559 985 2586 ali—

200 2609 365 2638 mentorum,
392 2610 419 2634 et
443 2609 683 2641 vestimentorum;
698 2608 798 2643 quibus
812 2609 905 2634 nostra
917 2613 984 2632 con-

200 2654 354 2679 servantur.

238 2708 247 2726 ι
265 2707 324 2736 Joel
351 2717 382 2743 ιι,
393 2709 438 2738 28.

1036 250 1085 277 καὶ
1105 249 1132 276 τί
1146 249 1211 285 ἤδη,
1226 250 1274 276 καὶ
1290 250 1316 276 τί
1333 250 1357 276 οἱ
1371 249 1486 284 όδόντες,
1504 251 1551 277 καλ⁴
1566 250 1592 276 τί
1607 252 1631 278 οί
1644 249 1724 288 ὦμοι,
1739 254 1786 280 καὶ
1799 254 1826 281 οι

1037 295 1186 332 βραχίονες,
1197 295 1244 328 οὒς
1257 295 1359 327 ὠλένας
1375 296 1441 332 φησί
1450 304 1456 310 ·
1472 296 1519 323 καὶ
1530 296 1556 323 τί
1568 297 1599 323 τὸ
1615 298 1721 333 στῆθος·
1738 299 1785 326 καὶ
1798 299 1825 326 τί

1036 343 1067 369 τὸ
1080 342 1174 374 νῶτον,
1196 343 1243 369 καὶ
1256 343 1281 369 οί
1298 342 1386 374 πόδες·
1404 342 1450 370 καὶ
1464 343 1491 370 τί
1505 343 1536 370 τὸ
1565 343 1679 380 ἐλαφρὸν
1694 345 1749 373 τῶν
1763 354 1825 373 πτερ-

986 402 989 406 <
1037 388 1102 424 ρῶν,
1117 389 1164 415 καὶ
1177 388 1211 415 τὰ
1226 388 1300 424 ἑξῆς.

1042 452 1045 455 ‹
1075 434 1129 467 Τὰς
1147 434 1181 461 δὲ
1202 434 1262 461 τῶν
1279 435 1465 469 ὀσφραντῶν.
1477 435 1521 463 Ἐν
1535 435 1638 468 τούτοις
1657 438 1824 474 φυσιολογεί-

1035 489 1080 507 ται
1105 481 1136 508 τὸ
1166 481 1262 517 ἰδίωμα.
1290 481 1338 508 τοῦ
1365 482 1519 517 σωματικοῦ
1542 482 1681 519 ὀφθαλμοῦ
1692 484 1733 500 ⁸³·
1753 485 1825 512 κατὰ

1036 527 1180 563 ἀναγωγὴν
1202 527 1231 554 δὲ
1250 527 1337 554 ταῦτα
1359 527 1530 563 μεταϐάλλει,
1546 528 1640 564 ὥσπερ
1656 530 1703 556 καὶ
1720 529 1755 557 τὰ
1769 531 1824 558 τῶν

1036 574 1136 601 λοιπῶν
1155 573 1332 610 ἀνθρωπίνων
1356 574 1454 610 μελῶν,
1472 576 1512 607 είς
1527 575 1644 611 θεωρίαν
1656 576 1710 603 τῶν
1725 577 1754 604 ἐν
1772 577 1809 611 ὰγ

1036 620 1125 653 γέλοις
1142 619 1263 655 φυσικῶν
1278 620 1429 656 δυνάμεων.

1071 665 1126 692 Καὶ
1145 666 1292 700 τροφίμων
1306 666 1428 701 ὀχετῶν.
1449 667 1555 703 ὀχετὸν
1579 667 1675 704 νόησον
1699 668 1749 704 τὴν
1772 668 1824 704 τῆς

1038 711 1132 746 σοφίας
1145 712 1345 748 ἀνυπέρϐλητον
1360 713 1448 748 χύσιν,
1460 713 1529 741 κατὰ
1543 714 1574 741 τὸ
1589 714 1732 750 εἰρημένον
1743 723 1749 730 ·
1759 715 1824 742 Ἐκ-

1036 757 1094 792 χεῶ
1101 757 1163 785 ἀπὸ
1174 758 1226 785 τοῦ
1237 759 1406 794 πνεύματός
1413 767 1473 794 μου
1487 759 1536 786 ἐπὶ
1543 759 1646 788 πᾶσαν
1658 760 1766 795 σάρκα,
1776 761 1824 788 καὶ

1036 804 1071 831 τὰ
1089 804 1161 840 ἑξῆς.
1178 805 1313 832 Διαϐαίνει
1325 805 1377 842 γὰρ
1392 806 1408 841 ἡ
1427 805 1486 833 θεία
1501 806 1600 840 γνῶσις
1614 807 1668 833 ἀπὸ
1685 807 1733 834 τοῦ
1754 807 1823 835 Θεοῦ

1036 851 1080 878 διὰ
1105 850 1159 877 τῶν
1185 851 1287 887 νοητῶν
1308 851 1448 887 δυνάμεων
1472 852 1518 879 ἐπὶ
1531 853 1596 885 τοὺς
1617 852 1704 886 θείους
1719 853 1824 890 ἀνθρώ-

1000 899 1022 926 Β
1035 905 1102 928 πους
1122 896 1205 932 [κατὰ
1220 897 1268 933 τὴν
1283 897 1398 925 ἑκάστου
1407 898 1580 935 ὰναλογίαν].

1077 943 1221 978 Ἐνοδιδῆ.
1239 944 1317 971 Κατὰ
1332 944 1487 980 παράληψιν
1503 946 1629 981 νοήσεως.
1673 967 1675 969 .

1070 989 1257 1024 Προνοητικῇ
1269 989 1403 1025 δυνάμει.
1420 991 1508 1023 Πᾶσα,
1523 991 1599 1027 φησὶ,
1617 991 1698 1028 νοητὴ
1711 991 1824 1028 δύναμις

1034 1035 1083 1071 τὴν
1092 1035 1237 1071 γινομένην
1251 1036 1291 1068 είς
1305 1036 1388 1072 αὐτὴν
1405 1037 1480 1063 θείαν
1496 1038 1595 1071 γνῶσιν
1610 1030 1824 1074 πληθύνει,τουτσ

1039 1084 1097 1112 ἐστι
1123 1082 1263 1118 σαφηνίζει
1282 1082 1348 1118 πρὸς
1362 1083 1392 1109 τὸ
1406 1082 1534 1119 νοηθῆναι
1554 1083 1823 1120 ὑφ’ήμῶν,διερμη-

1034 1128 1147 1156 νεύουσα
1167 1128 1201 1155 τὰ
1220 1127 1361 1165 ὁραθέντα,
1371 1129 1414 1160 νὼς
1428 1128 1504 1164 παρὰ
1517 1129 1556 1164 τῷ
1571 1129 1670 1165 Δανιὴλ
1683 1130 1821 1166 εὑρήσεις,

1034 1175 1079 1202 ὅτε
1090 1175 1286 1210 διηρμήνευσεν
1307 1174 1381 1210 αὐτῷ
1398 1175 1412 1201 ὁ
1431 1175 1547 1210 ἄγγελος
1564 1175 1594 1202 τὸ
1609 1175 1734 1202 ἐνύπνιον
1753 1176 1823 1212 ὅπερ

1034 1219 1088 1248 εἶδε
1095 1222 1140 1247 ⁸³⁸.

1074 1267 1134 1302 Τὴν
1153 1267 1178 1294 δ’
1194 1267 1232 1294 αὖ
1247 1266 1381 1302 καρδίαν.
1397 1267 1622 1304 Περιείληπται⁸⁶
1637 1269 1703 1305 παρ’
1722 1269 1788 1305 ἡμῖν
1804 1269 1822 1304 ἡ

1035 1314 1142 1350 καρδία,
1165 1311 1220 1340 οἷον
1239 1314 1350 1350 κέντρον
1364 1313 1480 1350 πρώτως
1500 1314 1548 1350 τὴν
1565 1315 1637 1351 ζωὴν
1655 1315 1821 1351 δεδεγμένον,

1034 1361 1127 1396 ἐπειδὴ
1155 1360 1226 1387 κατὰ
1245 1361 1290 1387 τὸν
1307 1360 1377 1387 θεῖον
1395 1361 1533 1387 Βασίλειον
1550 1361 1644 1397 πρώτη
1666 1362 1788 1394 κτίζεται
1803 1363 1821 1398 ή

1034 1408 1133 1444 καρδία
1145 1415 1152 1422 ·
1169 1404 1227 1434 εἶτα
1238 1407 1276 1439 ὡς
1286 1407 1341 1434 ἀπὸ
1354 1407 1464 1443 κέντρου
1480 1408 1533 1434 πᾶν
1542 1407 1573 1434 τὺ
1583 1408 1662 1443 σῶμα
1673 1408 1823 1444 πλαστουρ-

1035 1455 1134 1488 γεῐται,
1165 1453 1235 1480 ὥστε
1257 1452 1393 1488 πανταχοῦ
1409 1453 1510 1490 ταύτην
1528 1454 1578 1490 τὴν
1594 1454 1665 1490 ζωὴν
1682 1455 1823 1483 διατείνειν

1034 1501 1074 1532 είς
1083 1499 1113 1526 τὸ
1125 1499 1211 1535 σῶμα·
1225 1500 1280 1526 είτε
1295 1499 1349 1535 γὰρ
1363 1500 1379 1535 ἡ
1399 1499 1536 1535 σύμφυτος
1551 1501 1684 1537 θερμότης
1698 1502 1824 1535 ζωοποιεῖ

1034 1546 1065 1572 τὸ
1082 1545 1170 1582 σῶμα,
1188 1545 1242 1572 εἴτε
1259 1546 1289 1572 τὸ
1304 1545 1421 1582 πνεῦμα,
1437 1546 1492 1572 εἴτε
1502 1546 1533 1573 τὸ
1549 1544 1628 1582 αἷμα,
1643 1548 1751 1576 πάντων
1761 1549 1823 1576 τού-

1034 1601 1088 1619 των
1115 1592 1191 1628 πηγὴ
1214 1593 1231 1628 ἡ
1253 1591 1360 1628 καρδία.
1377 1592 1422 1619 Διὸ
1446 1593 1493 1619 καί
1522 1602 1593 1620 τισιν
1622 1594 1694 1627 ἔδοξε
1715 1596 1768 1622 πᾶν
1793 1595 1824 1622 τὸ

1034 1637 1146 1671 ζωτικὸν
1168 1637 1264 1674 ἀθρόον
1286 1638 1333 1665 καὶ
1358 1635 1413 1665 οἷον
1435 1638 1551 1666 ἐνταῦθα
1568 1639 1683 1675 πρώτως
1707 1641 1823 1676 μάλιστα

1035 1684 1168 1720 ἱδρῦσθαι,
1199 1684 1287 1711 καίτοι
1317 1685 1452 1720 πανταχοῦ
1471 1684 1519 1711 τοῦ
1535 1685 1660 1721 σώματος
1678 1687 1718 1720 δν,
1734 1687 1780 1714 καὶ
1792 1688 1822 1714 οὐ

1033 1733 1212 1768 κατεχόμενον
1231 1732 1322 1768 τόπῳ,
1338 1732 1399 1759 οὔτε
1419 1733 1674 1769 περιγεγραμμένον
1689 1735 1718 1761 ὲν
1732 1734 1822 1770 τόπῳ,

1033 1778 1094 1805 οὒτε
1117 1778 1292 1813 συνεχόμενον
1317 1778 1370 1805 ὑπὸ
1385 1777 1432 1805 τοῦ
1455 1777 1589 1814 σώματος.
1607 1776 1699 1810 Οὕτως
1715 1778 1761 1807 οὖν
1776 1781 1823 1807 καὶ

1034 1825 1080 1852 ἐπὶ
1103 1825 1156 1852 τῶν
1185 1823 1308 1860 ἀοράτων
1326 1823 1440 1857 τάξεων,
1455 1824 1511 1851 εἴτε
1539 1825 1569 1851 ὲν
1591 1825 1631 1860 τῷ
1659 1825 1751 1859 παντὶ,
1769 1827 1823 1854 εἴτε

1034 1872 1093 1899 κατ’
1103 1869 1171 1903 εἶδος
1183 1870 1341 1902 διακονικῶς
1356 1870 1539 1906 προνοουσῶν·
1554 1871 1636 1898 οἱονεὶ
1644 1872 1698 1908 γὰρ
1707 1873 1736 1899 ἐν
1748 1873 1824 1909 μέσῳ

1034 1918 1081 1945 καὶ
1103 1917 1215 1954 καρδίας
1238 1917 1313 1953 τόπῳ
1334 1916 1443 1952 νοητέον
1466 1916 1560 1950 αὐτὰς,
1577 1917 1625 1944 καὶ
1650 1917 1688 1950 ὦς
1712 1918 1823 1956 κέντρον

1034 1963 1154 1999 πηγαίας
1173 1962 1246 1999 ζωῆς
1267 1962 1400 1998 ἱδρῦσθαι·
1416 1962 1504 1989 καίτοι
1519 1963 1647 1998 ἀκρατεῖς
1665 1962 1757 1998 οὔσας,
1776 1966 1824 1993 καὶ

1033 2011 1064 2038 οὐ
1089 2009 1348 2046 περιγεγραμμένας
1363 2007 1448 2044 τόπῳ,
1463 2008 1480 2044 ἢ
1496 2008 1573 2044 μέρει
1591 2011 1768 2046 σωματικῶς,
1784 2007 1822 2039 ὧν

1036 2057 1177 2092 συνέχουσι
1195 2056 1318 2092 προνοεῖν
1334 2054 1425 2081 θεόθεν
1440 2055 1590 2090 ταχθεῖσαι.

1070 2144 1126 2172 Kal
1138 2143 1170 2171 τὸ
1184 2141 1390 2178 φρουρητικόν.
1411 2141 1447 2168 Τὸ
1464 2141 1545 2178 ῥητὸν
1559 2141 1645 2176 οὕτως
1661 2145 1768 2177 σύνθες·
1785 2145 1822 2173 Τὸ

1035 2189 1216 2228 φρουρητικὺν
1232 2189 1283 2224 τῆς
1301 2187 1434 2221 ζωοποιοῦ
1450 2188 1592 2222 διαδόσεως
1603 2197 1610 2205 ·
1627 2187 1695 2217 εἶτα·
1720 2193 1758 2224 ὡς
1775 2193 1823 2220 ἐπὶ

1000 2248 1022 2276 ι)
1034 2239 1083 2274 τῆς
1097 2235 1278 2272 ὑποκειμένης
1292 2235 1414 2270 καρδίας.

1069 2284 1116 2311 Διὸ
1129 2283 1177 2310 καὶ
1191 2281 1386 2316 ὑποπτέρους.
1405 2280 1456 2308 Διὰ
1467 2281 1493 2308 τί
1509 2281 1694 2318 ἐπτερωμένοι
1704 2284 1728 2311 οι
1743 2285 1823 2318 πόδες

1034 2331 1088 2358 τῶν
1106 2328 1244 2364 ἀγγέλων,
1260 2328 1303 2354 ἵνα
1318 2327 1392 2364 δείξῃ
1410 2328 1441 2354 τὸ
1454 2327 1638 2364 αὐτοκίνητον,
1650 2330 1697 2357 καὶ
1712 2330 1742 2357 τὸ
1755 2331 1822 2367 πρὸς

1034 2377 1064 2404 τὺ
1080 2377 1156 2405 Θεῖον
1170 2373 1340 2407 ἀνατατικὺν,
1358 2373 1405 2400 καὶ
1420 2373 1489 2409 πρὸς
1506 2373 1541 2400 τὰ
1557 2374 1666 2409 ἐπίγεια
1675 2377 1822 2413 ἀκοινώνη-

1034 2431 1091 2456 τον,
1106 2422 1166 2449 ὅσον
1183 2421 1220 2457 μὴ
1235 2420 1265 2447 τὸ
1275 2418 1395 2456 ἐμπαθὲς
1408 2419 1436 2446 ἐν
1449 2419 1540 2451 αὐτοῖς
1555 2417 1633 2452 εἶναι,
1650 2421 1711 2448 ἐπεὶ
1731 2421 1822 2458 ὤφθης

980 2483 983 2486 ν
1037 2478 1086 2496 σαν
1101 2468 1148 2495 καὶ
1163 2468 1210 2494 ἐπὶ
1224 2467 1275 2502 γῆς
1291 2465 1411 2500 ἄγγελοι.

1070 2513 1188 2548 Πτερῶν
1202 2513 1339 2548 ἑλαφρία.
1356 2512 1388 2538 Τί
1404 2511 1509 2548 ἐλαφρὰ
1526 2514 1660 2548 πτερωτά.
1676 2535 1683 2546 ,

1069 2561 1125 2588 Καὶ
1144 2559 1317 2594 καθαρεῦον.
1332 2558 1388 2593 Τῆς
1407 2557 1461 2584 τῶν
1479 2558 1556 2591 ὲκτὸς
1577 2560 1743 2596 προσθήκης,
1766 2559 1822 2590 οἷον

1033 2607 1140 2644 τροφῶν
1165 2607 1211 2635 καὶ
1225 2601 1392 2642 ἀμφίων,οἶς
1420 2603 1454 2630 τὰ
1483 2604 1542 2632 καθ’
1558 2605 1630 2641 ἡμᾶς
1663 2610 1818 2643 συγκρατεὶ

1033 2664 1088 2682 ται.

662 2751 779 2780 VABIE
797 2752 990 2782 LECTIONES
1009 2753 1052 2782 ET
1070 2752 1347 2782 CORRECTIONES.

237 2835 260 2851 ⁸⁸
273 2834 463 2873 ῥσφραντικσῦ,
479 2834 545 2873 nihil
567 2834 636 2873 epim
651 2842 786 2873 commune
799 2835 880 2863 oculis
897 2832 957 2863 ἐήῖη
973 2830 984 2862 ἱ

1040 2831 1108 2863 αιιι.”
1133 2835 1168 2873 '_"_
1189 2836 1339 2873 Ἥρμήνευε
1368 2837 1401 2865 τὰ
1416 2837 1477 2865 καθ’
1494 2837 1576 2867 ὕπνον
1589 2839 1732 2873 ὁραθέντα,
1751 2841 1820 2870 κατὰ

197 2870 261 2902 τοὺς
276 2869 375 2903 ὕπνους
390 2871 404 2898 ὁ
427 2869 549 2905 ἄγγελος.
573 2869 802 2905 Inlerprelabatur
816 2879 847 2898 ea
864 2879 922 2911 quae
929 2879 978 2904 per

1040 2877 1110 2898 mum
1126 2869 1235 2899 viderat.

1288 2876 1297 2889 ‘
1312 2873 1502 2910 προείληπται.
1519 2880 1522 2883 ’
