1914 3063
122 168 169 197 109

467 166 496 195 S.
514 165 639 194 MAXIM]
655 165 800 195 SCHOLIA
815 165 848 193 IN
865 165 902 193 Lll

959 165 991 193 )E
1007 163 1169 193 C(ELESTI
1183 163 1404 192 HlERARCHlA.

1658 103 1668 118 ι

1685 162 1738 192 H0

151 223 370 257 Πολυποίκιλος
385 223 487 257 σοφία.
510 222 542 248 Ἦ
558 221 747 253 πολυποίκιλος
763 221 844 256 σοφία
856 220 902 247 τοῦ

990 220 1165 255 Multiformis
1179 220 1319 255 sapientia.
1341 219 1421 247 Varia
1444 219 1577 256 sapientia
1598 219 1658 249 Dei.
1675 220 1738 250 Haec

118 270 191 298 Θεοῦ.
208 270 293 297 Τοῦτο
314 270 346 296 τὸ
372 269 451 305 ῥητὸν
475 268 650 295 ἀτεοστολικόν
666 270 738 295 ἐστι·
756 268 804 295 καὶ
818 267 862 294 διὰ
876 268 903 294 τί

119 314 301 341 πολυποίκιλον
330 313 414 349 αὐτὴν
444 311 519 339 εἷπεν
545 314 559 340 ὁ
582 313 653 344 θεῖος
676 312 859 349 ἀνήρςκαὶτοι
873 311 904 338 τὸ

118 361 233 388 ποικίλον
263 361 310 387 ἐπὶ
331 361 484 397 κακούργου
510 360 654 395 δεχόμεθα,
683 359 768 391 ἄλλως
795 368 826 386 τε
856 359 904 386 καὶ

119 407 229 434 ἐνταῦθα
260 407 275 434 ὁ
301 407 388 443 μέγας
415 406 551 438 Διονύσιος
585 406 673 441 ἁπλῆν
705 405 752 432 καὶ
777 405 903 432 πολυποί-

120 454 189 485 κιλον
207 453 292 488 αὐτὴν
322 451 382 479 εἶπε
396 461 402 467 ·
435 452 508 479 δοκεῖ
537 452 564 479 δὲ
589 452 624 478 τὰ
645 452 668 468 ⁸³
701 451 746 478 δύο
776 451 900 478 ἐναντία·

118 498 227 535 λέγομεν
242 497 299 532 οὖν,
315 498 355 525 ὅτι
372 498 402 524 τὸ
418 498 490 534 ἁπλῆ
505 497 585 533 σοφία
600 497 644 524 διὰ
663 497 741 524 τοῦτο
756 495 842 529 εἶπεν,
860 497 903 523 ἵνα

119 544 222 581 δηλώσῃ
236 545 267 571 τὸ
281 544 426 571 ἀσύνθετον
440 543 488 570 τοῦ
503 543 582 578 Θεοῦ,
599 543 647 571 καὶ
661 543 692 570 τὸ
713 543 847 579 μηδεμιᾶς
861 543 902 569 δι-

120 591 199 627 πλόης
215 591 400 626 ὲπιδεὸμενον·
418 589 479 616 οὕτε
500 589 555 626 γὰρ
575 591 608 616 ὲκ
634 589 776 625 μαθήσεως
792 589 872 624 σοφὸς
888 590 903 616 ὁ

119 636 190 670 Θεὸς,
200 636 256 663 ἀλλ’
266 637 425 673 αὐτόχρημα
435 636 516 671 σοφία
532 635 599 662 ἐστί.
608 636 644 662 Τὸ
658 636 687 662 δὲ
703 635 901 668 πολυποίκιλον,

118 683 182 710 διότι
194 684 234 714 είς
250 682 334 708 πολλὰ
348 681 475 717 γνώσεως
494 681 552 717 εἴδη
574 681 774 717 μιτατυποῦται
795 681 839 708 διὰ
853 682 903 718 τὴν

118 730 169 757 τῶν
199 729 410 765 ὲλλαμπομένων
439 729 589 756 ἀσθένειαν·
606 729 750 766 ἀρχιερεὺς
768 728 823 764 γάρ
844 729 903 755 ἐστι

123 778 207 813 μέγας
237 777 405 812 συμπάσχων
434 777 494 807 ταῖς
523 775 601 811 ἡμῶν
621 774 782 806 ἀσθενείαις.
802 775 837 802 Ἦ
856 775 903 801 καὶ

118 824 200 855 οὕτως
210 832 217 839 ·
236 823 320 859 ’Δπλῆ
338 823 387 859 μὲν
402 823 508 856 λέγεται
525 821 603 856 σοφία
619 821 755 858 Θεοῦτπρδ
768 821 819 856 τῆς
832 822 904 848 οἱκο-

120 870 223 906 νομιας,
248 870 289 897 ὅτι
311 870 400 896 πάντα.
426 869 464 901 ὼς
492 868 558 900 Θεὸς
579 866 788 905 ἐδημιούργησε,
805 868 852 894 καὶ
875 867 904 894 ὲν

955 268 1090 295 sententia
1117 272 1159 294 est
1183 267 1355 301 Apostoli“;
1374 270 1402 293 et
1430 273 1517 301 quare
1535 266 1610 294 illam
1632 267 1737 294 variam

955 313 1101 349 appellavit
1117 313 1160 341 vir
1183 313 1309 341 divinus?
1321 312 1374 340 etsi
1402 313 1506 340 varium
1535 321 1585 348 pro
1615 313 1739 341 maleﬁco

954 367 1130 395 usurpemus,
1145 364 1233 387 tomen
1248 359 1325 387 aliter
1334 358 1387 386 hoc
1396 359 1459 386 loco
1470 358 1739 396 magnusDionysius

954 406 1077 434 eamdem
1107 405 1284 441 sapientiam,
1314 406 1467 441 simplicem
1495 410 1523 433 et
1552 406 1738 434 multivariam

954 452 1023 479 dixit
1040 461 1047 477 :
1063 451 1192 480 videntur
1210 459 1292 487 porro
1306 452 1361 479 duo
1374 454 1529 485 contraria;
1544 453 1662 481 dicimus
1687 453 1740 480 ila-

953 506 1016 534 que,
1024 506 1085 526 eum
1092 499 1153 526 ideo
1162 499 1314 534 simplicem
1321 499 1482 534 sapientiam
1488 498 1601 532 dixisse,
1608 503 1638 526 ut
1648 499 1739 527 decla-

953 547 1027 571 raret
1034 543 1083 571 Dei
1096 544 1307 580 simplicitatem,
1317 549 1345 572 et
1355 545 1390 571 ab
1399 545 1471 572 omni
1488 545 1673 580 duplicatione
1688 546 1740 573 itu-

953 590 1131 624 munitatem;
1157 598 1245 626 neque
1277 592 1349 618 enim
1378 589 1449 618 Deus
1473 590 1604 619 discendo
1617 592 1738 627 sapiens,

953 636 1001 664 sed
1016 641 1057 664 est
1071 644 1167 672 reapse
1188 637 1339 672 Sapientia.
1362 637 1545 664 Multivariam
1559 642 1660 670 autem,
1674 638 1739 673 quia

953 681 982 708 in
1003 683 1104 710 multas
1127 683 1293 718 cognitionis
1308 683 1414 718 species
1440 687 1552 719 propter
1565 683 1621 720 48
1632 692 1739 718 eorum,

953 728 1001 764 qui
1024 729 1197 757 illustrantur
1220 729 1408 757 inﬁrmitatem
1432 730 1661 764 transformatur;
1676 739 1741 759 nam

953 779 995 802 est
1008 782 1123 811 magnus
1145 775 1265 811 pontifex
1290 777 1393 804 nostris
1409 777 1580 812 compatiens
1595 777 1741 805 inﬁrmita-

952 820 1026 847 tibus
1034 825 1058 847 ιι.
1067 819 1114 848 Vel
1121 821 1201 848 etiam
1209 822 1263 849 isto
1269 822 1351 850 modo
1362 832 1368 850 :
1386 823 1506 858 Simplex
1513 823 1623 859 quidem
1637 824 1741 851 dicitur

954 864 1002 894 Dei
1018 867 1151 901 sapientia
1166 871 1231 895 ante
1245 868 1478 903 dispensationem
1495 869 1534 904 (id
1550 874 1593 897 est
1614 869 1742 901 incarna-

117 917 171 948 ¹τοῖς
195 917 253 944 τότε
275 916 390 948 δικαίοις
403 916 451 952 τὴν
469 916 534 943 ἰδίαν
549 914 784 952 ,ἀπερικαλύπτως
798 913 899 941 ἐπιδει-

959 911 1062 948 ionem)
1074 922 1080 939 :
1091 913 1181 940 omnia
1191 914 1264 942 enim
1272 919 1302 942 ut
1315 914 1387 942 Deus
1402 915 1477 948 fecit,
1489 919 1516 943 et
1526 915 1554 942 in
1563 915 1647 950 justis
1662 915 1741 944 istius

118 962 247 998 κνύμενος
262 962 385 997 δύναμιν,
396 962 434 994 ὡς
449 962 494 988 ἐπὶ
510 961 631 993 Μωσέως
646 961 692 988 καὶ
708 960 842 996 Ἀϐραὰμ,
857 960 904 987 καὶ

117 1008 170 1035 τῶν
186 1008 258 1044 ἑξῆς·
275 1009 320 1035 ὅτε
329 1009 357 1035 δὲ
371 1008 403 1035 τὸ
416 1008 467 1044 τῆς
475 1008 630 1043 οίκονομίας
642 1008 790 1044 μυστήριον
798 1013 904 1043 κατειρ-

118 1055 226 1089 γάζετο,
243 1056 261 1090 ἡ
277 1055 495 1087 πολυποίκιλος
509 1055 621 1087 εἰκότως
636 1055 760 1091 κληθείη.
779 1054 902 1091 ΙἈνθρω-

118 1110 168 1134 πος
183 1102 237 1138 γὰρ
251 1102 404 1138 γενόμενος,
422 1102 469 1129 καὶ
485 1101 538 1128 ὑπὸ
552 1102 633 1137 νόμον
650 1101 832 1138 χρηματίσας,
843 1099 904 1136 [καὶ

119 1147 236 1184 nubium]
252 1149 299 1176 καὶ
316 1149 345 1174 ὲν
361 1149 476 1183 ⁵νεκροῖς
491 1146 621 1182 εὑρεθεὶς¹
637 1146 709 1174 οὕτω
728 1147 771 1173 διὰ
792 1145 902 1183 σαρκὸς,

117 1195 164 1222 καὶ
185 1195 234 1230 τῆς
258 1194 370 1230 ἐνούσης
385 1194 452 1230 αὐτῇ
469 1193 619 1226 ἀσθενείας,
636 1192 800 1230 ἐθριάμϐευε
816 1193 904 1220 πάντα

117 1241 223 1279 ἐχθρὸν,
231 1241 279 1268 και)¹
294 1241 339 1268 τὸν
349 1241 417 1277 ᾅδην
433 1240 552 1276 ὲνίκησε,
563 1241 619 1272 τοῖς
628 1240 684 1266 ἐκεῖ
693 1240 905 1276 φρουρουμένοις

117 1288 262 1315 ἀνάστασιν
277 1287 483 1324 δωρησάμενος·
495 1286 575 1313 τοῦτό
590 1287 649 1313 ἐστι
663 1285 695 1313 τὸ
715 1286 839 1331 ποικίλον
854 1286 904 1321 τῆς

117 1333 199 1360 αὑτοῦ
216 1333 323 1368 σοφίας,
339 1333 380 1359 ὅτι
398 1333 431 1359 δι’
452 1332 592 1364 ἀσθενείας
607 1331 779 1368 περιεγένετο
793 1331 848 1358 τῶν
863 1331 905 1358 δο-

118 1379 236 1407 κούντων
254 1378 383 1414 ἰσχυρῶν.

151 1468 297 1494 Καθόλου.
314 1467 370 1494 Καὶ
384 1467 413 1494 ὲν
428 1467 467 1503 τῷ
482 1467 552 1502 Περὶ
560 1467 646 1495 θείων
666 1467 819 1502 ὀνομάτων
834 1468 906 1504 λόγῳ

116 1513 256 1548 κεφαλαίῳ
271 1513 291 1539 8’
307 1513 431 1545 πλατέως
452 1513 620 1549 ὲσαφηνίσθη
641 1513 669 1540 τί
690 1514 800 1548 νοητὸν
819 1514 865 1540 καὶ
879 1513 906 1540 τί

115 1561 233 1595 νοερόν·
251 1558 298 1587 νῦν
313 1559 341 1586 δὲ
354 1559 435 1591 αὐτὸς
449 1560 463 1586 ὁ
474 1559 560 1595 μέγας
580 1559 718 1591 Διονύσιος
741 1560 884 1596 σαφηνίζει
896 1568 904 1576 ·

115 1589 225 1640 νοητὸν
234 1607 282 1642 μὲν
297 1605 351 1642 γὰρ
367 1589 454 1632 ἐκεῖνο
474 1589 604 1641 τυγχάνει
619 1606 650 1633 τὸ
665 1589 819 1642 νοούμενον,
833 1589 905 1646 ὄττερ
918 1589 939 1619 c

115 1654 229 1685 εἰκότως
253 1653 300 1680 καὶ
324 1652 470 1688 ὲλλάμπειν
493 1652 525 1679 τὸ
541 1652 598 1687 φῶς
612 1651 721 1687 λέγεται
733 1661 739 1668 δ
756 1653 863 1688 νοερὸν
877 1653 906 1680 δὲ

115 1700 183 1726 αὐτὸ
196 1700 227 1726 τὸ
242 1699 317 1726 νοοῦν
338 1699 686 1736 ὑπάρχονιὲλλαμπόμενον,
702 1699 749 1726 καὶ
766 1699 906 1734 συντόμως

115 1747 214 1779 εἰπεῖν,
231 1746 259 1772 αἱ
276 1738 490 1782 ὑπερϐεϐηκυῖαι
518 1744 606 1772 οὐσίαι
621 1745 725 1781 νοηταὶ,
742 1746 770 1772 αἱ
786 1744 814 1771 δὲ
830 1745 906 1777 ὑφει-

119 1793 199 1829 μέναι
214 1792 316 1829 νοεραὶ,
334 1793 380 1819 καὶ
396 1792 550 1827 ὑποδέὸηκε
565 1792 597 1819 τὺ
615 1792 692 1819 νοοῦν
706 1792 736 1819 τὸ
751 1792 904 1828 νοούμενον.

114 1839 230 1875 Νοητῶς
239 1840 287 1875 μὲν
303 1839 463 1875 ἐλλάμπονὴ
481 1838 540 1865 θεία
556 1838 652 1873 φύσις·
661 1838 762 1874 νοερῶς
769 1839 797 1865 δὲ
808 1838 906 1874 ἐλλαμ-

115 1885 234 1921 πόμενον
249 1886 267 1920 ἡ
282 1885 423 1921 ἀγγελική.

157 2031 328 2066 ἰερατικήν.
350 2031 504 2066 Σημείωσαι
519 2030 544 2057 τί
559 2030 590 2057 τὺ
607 2030 742 2067 ἱερατικὸν
761 2030 861 2066 ἔνδυμα
875 2031 904 2057 ὲν

122 2077 252 2112 Ἰεζεκιὴλ
268 2078 315 2104 καὶ
330 2077 439 2111 Δανιὴλ.

151 2124 332 2158 ivra/rans)?
351 2123 452 2150 αὐτῶν
472 2123 546 2155 ἕξιν.
563 2122 684 2159 Εἴπομεν
714 2122 856 2158 ἀνωτέρω,
877 2123 904 2148 τί

115 2171 191 2196 ἐστιν
220 2169 276 2202 ἕξις
306 2169 351 2196 ἐπὶ
381 2169 543 2204 ἀσωμάτων.
576 2169 630 2196 Καὶ
656 2168 791 2202 ἀνάγνωθι
816 2169 844 2194 ἐν
865 2168 904 2203 τῷ

115 2215 223 2251 ἑϐδόμῳ
238 2216 390 2252 κεφαλαίῳ·
408 2216 438 2242 τὸ
455 2216 622 2251 συνηγμένον
637 2215 666 2242 δὲ
680 2215 727 2242 καὶ
742 2215 904 2242 ἁσκέδαστον

954 959 1085 993 temporis
1096 963 1189 994 aperte
1201 961 1340 995 propriam
1357 960 1505 989 ostendens
1519 961 1658 994 virtutem,
1668 962 1741 990 velut

954 1003 983 1030 in
1010 1003 1084 1032 Mose
1112 1005 1301 1038 etiAbraham
1317 1011 1345 1034 et
1361 1008 1483 1042 caeteris;
1509 1008 1621 1043 quando
1649 1012 1741 1036 autem

954 1049 1167 1085 dispensationis
1188 1053 1349 1088 mysterium
1367 1054 1543 1089 operabatur,
1561 1055 1658 1083 merito
1671 1055 1742 1082 mul-

955 1097 1050 1124 tivaria
1066 1098 1196 1132 sapientia
1211 1103 1324 1127 vocatus
1340 1099 1432 1128 fuerit.
1457 1099 1525 1128 Nam
1540 1101 1623 1128 homo
1639 1100 1740 1133 factus,

956 1146 985 1170 et
996 1143 1049 1179 legi
1066 1144 1217 1179 subjectus,
1235 1145 1274 1182 [et
1296 1147 1418 1183 passus,j
1435 1151 1516 1183 atque
1532 1147 1604 1176 inter
1618 1153 1743 1178 mortuos

954 1189 1092 1223 inventus,
1110 1191 1151 1218 sic
1167 1199 1216 1226 per
1227 1199 1338 1220 carnem
1354 1197 1381 1221 et
1396 1193 1572 1222 inhaerentem
1589 1194 1642 1223 sibi
1663 1195 1742 1223 inﬁr-

955 1236 1089 1270 mitatem,
1103 1236 1138 1265 de
1158 1238 1234 1265 omni
1257 1239 1335 1267 hoste
1349 1240 1540 1276 triumphavit,
1558 1244 1585 1269 et
1601 1240 1741 1269 infernum

955 1283 1036 1316 vicit,
1056 1283 1091 1311 iis
1116 1283 1164 1319 qui
1188 1284 1246 1312 illic
1272 1286 1485 1314 asservahantur
1512 1288 1742 1316 resurrectionem

955 1329 1070 1365 largitus
1087 1339 1094 1358 :
1110 1330 1169 1358 haec
1182 1335 1225 1359 est
1239 1331 1299 1366 ejus
1319 1332 1460 1367 sapientiae
1474 1334 1604 1367 varietas,
1620 1342 1653 1363 eo
1669 1335 1743 1371 quod

955 1383 1005 1410 per
1020 1376 1206 1404 inﬁrmitatem
1225 1385 1284 1410 eos,
1302 1378 1348 1413 qui
1373 1378 1459 1407 fortes
1474 1379 1639 1408 videbantur
1664 1389 1744 1417 supe-

955 1423 1065 1450 raverit.

993 1467 1118 1497 Omnino.
1134 1468 1164 1497 In
1179 1469 1250 1498 libro
1262 1471 1345 1498 etiam
1360 1471 1399 1498 De
1411 1471 1509 1499 divinis
1524 1472 1673 1500 nominibus
1692 1481 1741 1501 ca-

956 1513 1012 1549 pite
1038 1518 1149 1550 quarto,
1165 1516 1290 1551 pluribus
1312 1517 1476 1553 explicatum
1491 1521 1533 1546 est
1549 1526 1565 1546 a
1580 1519 1660 1547 nobis
1675 1519 1742 1555 quid

957 1559 994 1587 sit
1008 1560 1174 1596 intelligibilc
1188 1567 1214 1590 et
1226 1563 1291 1598 quid
1308 1563 1455 1599 intelligens
1469 1572 1479 1591 :
1492 1573 1566 1593 nunc
1581 1570 1671 1594 autem
1683 1567 1743 1602 ipse

956 1614 1070 1642 magnus
1100 1607 1247 1644 Dionysius
1275 1610 1389 1644 exponit
1405 1619 1413 1639 :
1429 1611 1592 1647 intelligibite
1607 1613 1742 1648 siquidem

955 1651 1023 1680 illud
1039 1657 1081 1682 est
1096 1653 1169 1689 quod
1187 1655 1359 1690 intelligitur,
1372 1656 1448 1691 quod
1467 1657 1646 1692 probabiliter
1659 1659 1742 1687 etiam

956 1698 1048 1726 lumen
1079 1699 1217 1728 illustrare
1243 1701 1344 1728 dicitur
1369 1711 1376 1729 :
1403 1703 1551 1738 intelligens
1578 1712 1644 1732 vero
1669 1705 1742 1740 quod
1790 1705 1794 1709 ’

956 1747 1046 1782 ipsum
1077 1747 1233 1783 intelligens
1259 1748 1427 1776 illustratum
1443 1750 1568 1784 exsistit;
1602 1755 1683 1787 atque
1712 1756 1742 1778 ut

956 1794 1131 1829 paucioribus
1158 1795 1316 1828 absolvam,
1345 1789 1500 1831 superiores
1534 1797 1645 1826 ordines
1677 1804 1743 1826 sunt

956 1841 1149 1877 intelligibiles,
1163 1842 1307 1870 inferiores
1321 1851 1385 1871 vero
1401 1843 1594 1879 intelligentes,
1606 1845 1678 1881 quod
1699 1845 1743 1872 in-

955 1888 1097 1923 telligitur,
1126 1888 1236 1923 subjicit
1263 1888 1348 1922 illud,
1373 1889 1445 1924 quod
1477 1890 1616 1926 intelligit.
1644 1890 1742 1919 Divina

955 1937 1054 1961 natura
1070 1934 1208 1962 intellecta
1231 1934 1369 1969 illustrat;
1387 1936 1510 1971 angelica
1536 1940 1628 1965 autem
1643 1941 1742 1965 natura

955 1980 1120 2015 intelligens,
1132 1981 1297 2010 illustratur.

991 2025 1197 2054 Sacerdotalem.
1229 2027 1298 2056 Nota
1314 2028 1380 2064 quid
1402 2029 1487 2057 vestis
1508 2029 1688 2059 sacerdotalis
1712 2032 1741 2059 in

955 2072 1095 2102 Ezechiele
1111 2079 1138 2101 et
1152 2073 1273 2102 Daniele.

988 2120 1086 2148 Eorum
1096 2122 1213 2149 habitum
1222 2123 1370 2151 collectum.
1383 2123 1507 2150 Diximus
1523 2123 1660 2158 superius,
1675 2125 1740 2159 quid

955 2168 990 2194 sit
1003 2168 1113 2196 habitus
1130 2168 1157 2195 iu
1169 2169 1348 2204 ineorporeis.
1365 2168 1436 2203 Lege
1459 2169 1543 2196 etiam
1558 2174 1641 2204 caput
1657 2171 1741 2204 septi-

954 2222 1041 2246 mum,
1056 2215 1225 2242 coactionem
1242 2220 1330 2243 autem
1346 2220 1374 2243 et
1382 2216 1569 2243 collectionem
1580 2216 1741 2244 intellectio—

113 2262 171 2289 τῶν
196 2262 329 2298 νοήσεωνο
350 2261 395 2288 διὰ
415 2260 516 2288 τούτων
541 2261 615 2297 δηλοί
628 2261 642 2287 ό
658 2260 751 2298 Πατὴρ
771 2261 835 2297 περ).
855 2260 902 2292 τὰς

959 2269 1036 2295 num;
1051 2269 1099 2296 per
1113 2261 1170 2289 haec
1181 2261 1302 2289 declarat
1315 2261 1396 2289 Pater
1409 2262 1483 2289 eirea
1498 2262 1604 2290 divinas
1619 2263 1742 2291 illustra-

114 2307 193 2339 θείας
215 2307 371 2344 ὲλλάμψεις,
388 2308 435 2334 καὶ
453 2308 502 2343 τὴν
525 2307 629 2334 οἰκείαν
645 2308 673 2334 ὲν
688 2309 721 2343 τῇ
737 2307 785 2334 τοῦ
800 2307 903 2342 ἀγαθοῦ

112 2354 184 2381 Θεοῦ
202 2356 268 2390 μονῇ
282 2354 435 2389 ταύτότητα
451 2353 657 2390 συνειλουμένην
673 2354 717 2380 διὰ
731 2354 840 2386 παντός.

133 2400 141 2412 “
156 2401 325 2436 Ἀνομοίων.
348 2401 462 2428 ’Υλικῶν
477 2401 606 2436 δηλονότι.

153 2448 169 2484 §
180 2447 212 2475 V.
229 2447 424 2482 Γεωμετρικά.
442 2448 510 2484 Περὶ
521 2447 626 2474 σκευῶν
636 2447 828 2484 γεωμετρικῶν
837 2448 860 2467 υ
874 2448 903 2476 ὲν

119 2494 251 2529 Ίεζεκιὴλ
271 2493 318 2520 καὶ
331 2494 462 2530 Ζαχαρίᾳ.

157 2539 423 2574 Ἐπανορθωτικήν.
439 2531 483 2572 Ὠς
491 2540 522 2567 τὸ
530 2540 605 2575 ξίφος
627 2541 656 2567 ὲν
669 2541 821 2573 Βασιλείαις
832 2550 839 2556 ·
856 2542 903 2568 καὶ

110 2588 143 2614 τὺ
160 2587 293 2623 δρέπανον
309 2587 338 2613 ὲν
354 2587 477 2623 Ζαχαρία
491 2586 531 2622 τῷ
547 2588 684 2624 προφήτῃ.

148 2632 224 2669 ενι.
250 2632 400 2668 Ἀνέμους.
425 2633 479 2660 Τοῦ
505 2634 632 2669 κειμένου
662 2633 738 2670 παρά
760 2633 800 2667 τῷ
822 2633 903 2661 Δαῦὶδ

108 2678 191 2715 οἶμαι
196 2680 276 2707 αὑτὸν
286 2688 339 2715 μνη
343 2679 474 2715 μονεύειν,
483 2681 515 2706 ὐ
520 2680 688 2715 περιπατῶν
694 2681 742 2708 ἐπὶ
751 2681 902 2715 πτερύγων

108 2725 243 2760 ἀνέμων,
267 2725 332 2757 ἴσως
346 2725 396 2761 τὴν
411 2725 543 2762 ἀνάληψιν
552 2726 599 2753 τοῦ
614 2726 733 2763 Χριστοῦ
744 2727 901 2762 δηλοῦντος·

174 2787 194 2804 ι’
212 2786 311 2821 Ephes.
328 2794 370 2819 Ill,
389 2785 432 2813 10.
486 2792 501 2806 '-
517 2785 597 2814 Hebr.
615 2794 652 2819 ιν,
670 2787 714 2814 l5.

953 2307 1054 2338 tiones,
1063 2311 1090 2335 et
1097 2307 1236 2342 propriam
1245 2308 1273 2335 in
1281 2308 1347 2335 boni
1354 2307 1403 2336 Dei
1410 2308 1552 2337 mansione
1559 2309 1739 2342 identitatem,

955 2354 1126 2381 eonvolutam
1143 2354 1218 2380 omni
1232 2357 1364 2389 tempore.

990 2400 1177 2428 Dissimilium.
1194 2400 1374 2439 illaterialium
1390 2400 1506 2429 scilicet.

989 2445 1003 2481 ᾗ
1020 2445 1064 2474 Ὺ.
1083 2446 1254 2474 Geometrica.
1268 2446 1306 2475 De
1319 2447 1492 2483 geometricis
1507 2447 1698 2478 instrumentis
1712 2450 1740 2478 in

954 2491 1096 2520 Ezechiele
1111 2497 1138 2520 et
1150 2492 1291 2521 Zacharia.

990 2538 1188 2567 Correttricem.
1209 2539 1287 2567 Sicut
1309 2539 1416 2575 gladius
1435 2539 1464 2567 in
1479 2540 1558 2569 libris
1572 2540 1688 2577 Regum,
1713 2547 1741 2570 et

955 2585 1010 2613 falx
1029 2586 1055 2612 in
1075 2585 1207 2613 Zacharia
1224 2586 1367 2622 propheta.

986 2631 1000 2667 §
1031 2631 1073 2660 Vl.
1094 2631 1197 2659 Ventos.
1213 2631 1340 2660 Arbitror
1359 2632 1449 2667 ipsum
1465 2633 1630 2661 mentionem
1651 2634 1741 2662 facere

955 2678 1028 2706 illius
1053 2679 1125 2714 quod
1150 2679 1177 2706 in
1193 2678 1296 2707 Davide
1311 2679 1438 2712 habetur,
1458 2679 1512 2713 Qui
1526 2680 1646 2707 ambulat
1661 2687 1740 2714 super

953 2733 1053 2760 pennas
1068 2731 1201 2754 ventorum
1211 2728 1254 2761 ““;
1269 2725 1340 2754 forte
1358 2726 1418 2762 ejus
1432 2726 1505 2762 quod
1525 2727 1738 2762 assumptlonem

771 2788 796 2806 ιν
809 2786 854 2814 Ps.
868 2793 928 2819 cm,
945 2786 971 2813 5.

572 2857 688 2887 VARUE
706 2857 897 2888 LECTIONES
913 2856 958 2885 ET
973 2856 1248 2886 CORRECTIONES.

166 2911 191 2929 ³⁸
205 2912 301 2941 ταῦτα.
334 2913 358 2930 ⁸⁸
372 2913 525 2948 ἱερατικῶν.
