1914 3063
190 165 240 194 Ml

600 159 773 189 APPENDIX
793 158 844 193 AD
868 158 984 188 OPBBA
1001 159 1030 188 S.
1047 158 1197 188 DIONYSll
1215 159 1457 189 AREOPAGITE.

1761 163 1815 192 HI

189 219 294 250 Christi
308 219 459 256 signiﬁcat;
469 218 600 254 quoniam
614 218 695 245 Pater
709 217 737 245 in
752 218 931 252 sequentibus
945 218 977 246 ail

1040 217 1093 245 ian-:1
1104 217 1150 245 καὶ
1161 219 1191 245 ἐν
1206 219 1262 250 τοῖς
1275 218 1339 254 ἑξῆς
1353 219 1367 245 ὸ
1382 217 1487 254 Πατὴρ,
1500 217 1613 254 νεφέλης
1626 217 1724 251 αὐτοὺς
1734 227 1813 256 περι-

189 270 266 305 ipsos
281 267 372 303 specie
385 266 466 294 nubis
480 265 594 297 euictos,
606 271 639 292 eo
655 264 728 300 quod
740 263 844 292 dictum
857 264 908 293 sit:
918 263 978 291 Nu-

191 315 234 342 bes
248 313 362 349 suscepit
375 319 435 340 eum
451 312 482 338 ab
498 311 581 338 oculis
592 312 708 345 ipsorum
722 314 748 336 ν.

172 365 179 400 ι
224 361 328 396 Absque
334 367 419 387 mora.
427 359 500 386 Dixit
507 358 603 386 merito
609 357 705 392 absque
711 364 786 384 mora
793 365 802 384 :
809 364 872 384 nam
880 356 908 384 in
914 364 977 385 sen-

191 408 288 437 silibus
312 405 421 442 proprie
437 412 483 433 res
500 404 566 431 ﬁunt
580 403 697 435 tardius,
713 406 741 430 et
759 402 788 430 in
803 405 933 438 tempore.
947 402 977 430 ln

190 453 360 490 incorporeis
367 455 457 479 autem
468 454 494 478 et
502 448 728 484 intelligibilibus,
738 451 840 483 puncto
846 448 977 484 temporis

190 506 217 530 et
227 505 355 537 perpetuo
364 502 390 526 et
403 498 462 526 sine
473 494 708 530 cunctatione“
715 493 909 530 perficiuntur;
921 502 976 522 non

190 551 297 584 oportet
312 546 396 581 igitur
410 548 518 578 tempus
539 541 567 568 in
583 540 802 576 intelligibilibus
823 540 974 568 nominare.

225 593 409 629 Efﬁciendum.
424 589 489 621 Pro,
506 588 682 627 spirationem
699 590 746 614 aut
765 587 938 615 rolationem.

225 640 339 675 Subque.
366 638 404 666 Ex
420 637 481 664 loco
496 642 626 670 supremo
640 634 675 662 ad
692 633 842 667 infernum,
859 634 931 662 sicut
947 633 975 660 in

189 687 264 716 scala
278 684 374 713 Jacob.

223 733 310 760 Aerei.
331 730 401 758 Nota
421 729 494 757 enim
519 727 612 756 dicere
636 730 760 758 ventum,
785 733 895 754 aereum
919 727 976 760 spl-

187 779 281 806 ritum.

226 824 379 851 Ventosum.
399 821 460 850 Alia
482 819 678 855 contemplatio
700 817 890 854 appellationis
909 825 976 845 ven-

187 874 288 898 torum.

1028 262 1192 291 πλάττεσθαι
1209 263 1280 291 ῐδέαν
1301 263 1393 299 φησιν,
1412 263 1456 290 διὰ
1477 263 1509 290 τὸ
1536 263 1677 300 εἰρῆσθαι·
1692 265 1812 301 Νεφέλη

1027 309 1179 337 ὑπέλαϐεν
1196 310 1289 337 αὐτὸν
1307 309 1366 337 ἀπὸ
1381 309 1441 336 τῶν
1456 309 1618 344 ὀφθαλμῶν·
1632 310 1740 339 αὐτῶν.

1068 353 1223 388 Ἀχρόνως.
1249 353 1396 388 Ἀχρόνως
1415 354 1530 386 εἰκότως
1545 354 1596 391 ἔφη
1606 363 1613 370 ·
1630 355 1677 382 ἐπὶ
1692 355 1745 393 γάρ
1758 357 1815 384 τῶν

1027 399 1163 435 αἰσθητῶν
1183 399 1285 437 κυρίως
1299 401 1328 426 έν
1343 400 1432 437 χρόνῳ
1451 401 1498 427 καὶ
1514 400 1666 437 βραδύτερα
1685 401 1721 428 τὰ
1739 403 1814 438 γινό-

1028 454 1114 482 μενα·
1135 446 1182 473 ἐπὶ
1203 445 1232 472 δὲ
1255 445 1310 472 τῶν
1332 445 1486 481 ἀσωμάτων
1503 446 1550 474 καὶ
1571 447 1673 482 νοητῶν
1693 447 1815 485 ἀχρόνως

1028 492 1073 519 καὶ
1094 491 1210 523 αἰωνίως
1228 491 1275 518 καὶ
1290 490 1405 527 ἀμελητὶ
1419 490 1698 526 τελεσιουργεῖται-οὺ
1713 492 1754 520 δεῖ
1767 491 1814 521 οὖν

1026 537 1120 574 χρόνον
1136 538 1183 564 ἐπὶ
1195 537 1251 564 τῶν
1263 537 1365 573 νοητῶν
1380 537 1533 573 ὀνομάζειν.

1061 584 1199 618 Ποίησιν.
1222 583 1294 610 Ἀντὶ
1308 582 1355 610 τοῦ
1371 583 1482 610 πνεῦσιν
1496 583 1512 620 ἦ
1528 584 1635 620 πτῆσιν.

1061 630 1117 657 Καὶ
1133 629 1192 664 τὴν
1206 629 1330 657 ἄνωθεν.
1353 629 1390 656 Τὸ
1405 630 1433 657 δὲ
1448 630 1550 658 ἀνωθεν
1563 631 1609 657 ἐπὶ
1623 631 1657 658 τὰ
1672 631 1758 664 κάτω,
1774 631 1814 663 ὡς

1025 677 1073 704 ἐπὶ
1085 676 1135 712 τῆς
1156 676 1252 704 Ἰακὼϐ
1272 676 1415 712 κλιμακος.

1068 723 1192 757 ’Λεριου.
1207 723 1380 759 Σημείωσαι,
1400 723 1442 750 ὃτι
1456 723 1548 760 ἀέριον
1565 723 1673 759 πνεῦμα
1688 723 1735 751 τὸν
1749 723 1814 751 ἄνε-

1027 778 1077 805 μον
1093 768 1177 803 λέγει.

1067 815 1245 850 Ἀνεμιαίαν.
1266 815 1364 851 Ἑτέρα
1382 815 1483 851 θεωρία
1506 815 1558 851 τῆς
1579 815 1688 851 ἀνέμων
1709 816 1815 843 ἐπωνυ-

1027 862 1100 897 μίας.

222 897 376 950 Symboiica
391 913 532 948 theologia.
554 911 625 939 Nota
646 914 674 939 et
688 910 771 938 alium
791 909 852 945 ejus
875 909 974 937 librum

1061 907 1234 943 Συμϐολικῇ
1255 908 1401 944 θεολοτιᾳ.
1421 908 1575 944 Σημείωσαι
1594 909 1641 935 καὶ
1656 908 1749 945 ἓτερον
1763 908 1813 935 αὗ-

186 961 331 990 ineditum.
357 960 654 993 Quadrielemcntarem
676 962 767 985 autem
785 956 974 992 purgationem

187 1008 253 1037 dicit
273 1014 428 1035 sermonem
452 1005 528 1033 aliud
549 1003 641 1032 verbis
662 1003 737 1031 aliud
761 1010 844 1032 sensu
859 1001 893 1030 de
908 1009 976 1037 qua-

187 1059 251 1083 tuor
273 1053 414 1082 elementis
439 1051 656 1087 signiﬁcantem,
682 1054 802 1078 mentem
830 1048 865 1076 ad
890 1049 976 1077 subli-

187 1101 302 1129 miorem
321 1099 503 1135 cognitionem
528 1097 734 1133 perducentem.
759 1095 842 1131 Signa
862 1099 976 1127 vero.ut

187 1147 435 1182 videtur,quatuor
457 1145 654 1173 elementorum
677 1142 764 1178 magis
791 1142 839 1169 illo
862 1142 890 1169 in
915 1143 976 1169 loco

186 1193 328 1230 explicuit.
383 1191 452 1219 Nota
480 1195 570 1218 aulem
603 1188 741 1225 quomodo
782 1187 976 1223 interpretetur

187 1239 274 1268 illud:
290 1238 405 1273 Spiritus
420 1237 464 1264 ubi
477 1237 531 1264 vult
553 1235 638 1270 spirat
650 1237 687 1268 τ’,
711 1242 759 1269 per
778 1241 810 1262 ea
832 1241 892 1269 qua
908 1233 975 1261 aﬂ‘e-

187 1291 303 1319 runtur;
334 1284 401 1312 dicit
425 1283 498 1312 enim
530 1293 536 1310 :
562 1281 654 1310 Nescis
683 1280 751 1308 unde
771 1280 859 1312 venit,
882 1284 976 1315 etquo

187 1333 260 1360 udi!
274 1339 299 1360 ι.

227 1377 483 1413 Supermundialiter
515 1375 637 1410 repletas.
675 1374 753 1402 Sicut
785 1373 859 1402 enim
889 1373 976 1402 nubes

187 1429 284 1454 evocat
306 1432 404 1460 aquam
420 1423 515 1455 maris,
537 1426 564 1450 et
583 1420 698 1449 eﬂ‘uudit
721 1421 811 1456 ipsam
832 1420 859 1447 in
877 1419 976 1448 faciem

188 1476 279 1504 terrae,
307 1470 457 1499 secundum
483 1468 677 1504 Scripturam:
704 1466 758 1501 Qui
777 1471 854 1494 vocat
879 1474 976 1502 aquam

186 1519 280 1551 maris,
289 1522 314 1545 et
324 1516 527 1552 e/funditipmm
542 1516 569 1542 in
579 1515 728 1542 universam
741 1513 835 1548 faciem
850 1517 927 1541 terrm
938 1516 975 1548 I‘;

1024 954 1072 988 τοῦ
1088 954 1256 990 σύγγραμμα
1273 955 1309 991 μὴ
1324 954 1472 990 φερόμενον
1482 963 1489 970 ·
1506 955 1696 990 τετράστοιχον
1711 954 1740 980 δὲ
1752 954 1816 981 ἀνα-

1025 1001 1158 1037 κάθαρσιν
1173 1002 1223 1038 τὴν
1241 1001 1294 1028 τῶν
1317 1001 1457 1037 τεσσάρων
1482 1001 1620 1037 στοιχείων
1638 1000 1814 1036 ἀναγωγικὴν

1024 1047 1189 1084 ἀλληγορεαν
1214 1047 1296 1083 φησί’
1312 1047 1347 1074 τὰ
1367 1047 1487 1083 σύμϐολα
1503 1047 1532 1074 δὲ
1543 1067 1551 1080 ,
1567 1047 1605 1079 ὡς
1620 1046 1702 1077 ἔοικε,
1714 1046 1821 1082 μᾶλλον

1024 1094 1078 1122 τῶν
1091 1095 1231 1131 τεσσάρων
1248 1094 1387 1130 στοιχείων
1401 1095 1460 1121 ἐκεῖ
1473 1094 1517 1121 διὰ
1531 1094 1647 1130 θεωρίας
1668 1092 1812 1126 ἀνέτπυξε.

1025 1140 1182 1176 Σημείωσαι
1206 1141 1255 1172 δὲ,
1285 1141 1346 1172 πῶς
1361 1140 1508 1176 ἑρμηνεὺει
1530 1138 1577 1166 τό·
1602 1139 1724 1174 Πνεῦμα
1736 1138 1818 1166 ὅπου

1026 1187 1104 1214 θέλει
1119 1186 1196 1220 πνεῖ,
1206 1186 1251 1213 διὰ
1263 1186 1317 1227 τῶν
1334 1186 1539 1222 ἐπιφερομένων
1550 1195 1557 1201 ·
1580 1186 1646 1222 φησὶ
1661 1185 1715 1222 γάρ
1726 1194 1732 1200 ·
1751 1187 1814 1213 οῠκ

1026 1231 1109 1265 οἶδας
1123 1232 1215 1260 πόθεν
1228 1232 1354 1266 ἔρχεται,
1365 1231 1415 1259 καὶ
1429 1231 1488 1259 ποῦ
1502 1231 1618 1267 ὑπάγει.

1068 1367 1290 1402 ’Υπερκοσμίως
1304 1365 1618 1401 ἀποπεπληρωμένοις.
1634 1365 1739 1400 ’Ὠσπερ
1758 1364 1817 1400 γὰρΔ

1026 1414 1043 1450 ἡ
1063 1413 1161 1449 νεφέλη
1186 1413 1380 1449 προσκαλεῖται
1394 1412 1425 1439 τὸ
1437 1412 1488 1449 τῆς
1511 1411 1648 1447 θαλάσσης
1667 1410 1749 1446 ὕδωρ,
1766 1411 1814 1437 καὶ

1027 1461 1103 1495 ἐκχεῖ
1119 1459 1184 1486 αὐτὸ
1202 1459 1249 1485 ὲπὶ
1268 1458 1299 1485 τὸ
1317 1458 1462 1494 πρόσωπον
1479 1458 1528 1493 τῆς
1545 1458 1614 1493 γῆς,
1634 1455 1704 1484 κατὰ
1723 1457 1754 1483 τδ
1774 1457 1813 1482 εὶ-

1027 1505 1160 1542 ρημένον·
1189 1505 1221 1532 ‘0
1243 1504 1509 1539 προσκαλούμενος
1531 1503 1564 1530 τὸ
1587 1502 1665 1537 ὕδωρ
1685 1502 1740 1537 τῆς
1762 1503 1813 1529 θα-

187 1566 229 1593 sic
236 1565 317 1593 etiam
330 1567 436 1591 mentes
443 1562 582 1598 propriam
592 1561 773 1595 suscipientes
781 1559 974 1596 cognitionem,

1040 1551 1148 1586 Ιάσσης
1157 1572 1164 1584 ,
1179 1551 1228 1579 καὶ
1243 1550 1357 1585 ἐκχέων
1372 1549 1444 1577 αὐτὸ
1460 1549 1510 1576 ἐπὶ
1525 1547 1586 1577 πᾶν
1603 1548 1635 1575 τὸ
1650 1547 1812 1582 πρόσωπον

187 1611 275 1638 instar
288 1609 402 1637 nubium
418 1608 446 1636 in
461 1607 608 1635 inferiores
622 1606 770 1641 explicant.

230 1744 292 1772 Sine
312 1743 397 1778 [αδιιι.
427 1741 518 1773 Dixit,
544 1740 599 1767 sine
623 1739 714 1774 fastu.
739 1746 787 1767 seu
813 1742 975 1774 temperate;

187 1792 279 1820 lumen
303 1790 377 1819 enim
403 1789 430 1816 in
451 1788 524 1816 nube
545 1786 695 1815 refractum
710 1793 743 1813 ac
757 1786 903 1814 remissum
923 1788 975 1814 est.

225 1890 324 1918 Imbria
357 1887 562 1924 generationem.
587 1885 648 1912 Alia
671 1884 779 1913 ratione
808 1885 977 1920 contempla—

188 1942 246 1970 tur,
263 1935 328 1972 quid
343 1935 431 1962 nubes
453 1932 624 1968 signiﬁcent;
640 1931 735 1959 ordine
760 1935 851 1959 autern
864 1931 978 1959 descen-

190 1984 259 2011 dens
281 1981 359 2013 dicit,
386 1980 530 2010 electrum,
549 1986 586 2006 azs
609 1981 637 2005 et
650 1981 741 2005 certos
763 1978 879 2009 colores,
896 1981 978 2012 atque

191 2030 294 2057 formas
309 2027 429 2055 ferarum
443 2023 547 2060 aliquid
562 2024 590 2051 in
605 2023 708 2058 angelis
723 2023 888 2058 signiﬁcare.

225 2072 438 2109 Recepiaculum.
460 2070 650 2105 Excipientem
675 2069 765 2097 sinum
790 2069 897 2096 vocavit
922 2073 978 2096 ter-

189 2129 248 2150 ram
264 2120 371 2156 pluvias
394 2117 601 2152 suscipientem,
616 2123 665 2151 per
690 2115 765 2150 ipsas
788 2114 912 2150 proprios
928 2122 977 2150 pa-

189 2169 306 2196 rientem
322 2166 440 2194 fructus.

226 2214 241 2250 ᾗ
265 2213 318 2241 Vll.
337 2211 389 2240 Sed
407 2210 533 2246 quoniam
548 2208 611 2236 haec.
628 2207 665 2236 De
681 2207 774 2243 ﬁguris
790 2206 892 2235 formas
909 2206 978 2234 fera-

190 2268 252 2288 rum
268 2257 460 2287 referentibus.

228 2306 243 2342 ς
263 2305 329 2333 Vlll.
355 2304 542 2339 Vestigiorum.
575 2301 645 2329 Nota
674 2309 706 2329 ex
731 2300 783 2328 hoc
808 2300 868 2328 loco
891 2299 979 2328 leonis

194 2357 336 2384 naturam;
351 2351 446 2378 dicunt
460 2350 532 2377 enim
552 2351 696 2376 venatores
713 2347 797 2374 latere
816 2345 980 2381 cupientem,

193 2399 258 2426 dum
278 2397 389 2429 incedit.
403 2396 517 2431 vestigia
540 2402 601 2427 sua,
616 2402 651 2422 ne
664 2395 878 2429 cognoscantur,
895 2391 981 2420 cauda

195 2445 302 2476 delere;
317 2443 390 2470 unde
405 2446 432 2470 et
446 2441 480 2470 de
490 2441 546 2469 Deo
575 2441 676 2469 dicitur
695 2448 702 2465 ι
722 2438 754 2466 In
773 2439 843 2466 mari
863 2438 905 2465 via
924 2442 981 2468 tua,

194 2495 219 2518 ει
241 2489 341 2516 semitm
356 2493 408 2515 tua
429 2488 459 2514 in
475 2487 550 2522 aquis
571 2486 676 2519 multis,
695 2489 720 2513 et
737 2485 846 2520 vestigia
868 2488 914 2512 tua
931 2491 983 2510 non

194 2533 665 2571 cognoscentis”:quemadmodum
686 2531 759 2559 enim
778 2530 822 2558 via
846 2538 901 2557 non
924 2536 983 2556 ser-

195 2586 275 2610 vatur
298 2581 326 2608 in
350 2580 444 2615 aquis,
466 2586 555 2614 neque
573 2574 688 2613 vestigia
709 2577 813 2608 leonis,
839 2576 876 2602 ita
893 2582 982 2610 neque

195 2635 308 2664 gressus
319 2625 378 2654 Dei.

232 2672 412 2700 Facilitatem.
435 2670 595 2699 Acutissimi
623 2669 756 2704 siquidem
781 2667 857 2696 visus
881 2665 982 2693 animal

194 2725 240 2747 est
258 2719 358 2754 aquila.
399 2717 482 2744 Fama
507 2720 550 2744 est
573 2716 679 2751 aquilas
703 2715 740 2741 ita
764 2719 923 2749 germanum
948 2711 983 2738 ab

197 2766 323 2794 adultero
347 2765 441 2793 foetum
456 2763 611 2791 discernere
636 2772 642 2788 :
668 2761 691 2789 si
709 2759 855 2789 intenderit
878 2758 982 2793 absque

1027 1599 1083 1633 τῆς
1100 1598 1171 1634 γῆς’
1191 1597 1262 1625 οὕτω
1285 1598 1331 1624 καὶ
1351 1597 1376 1624 οἱ
1396 1596 1456 1628 νόες
1477 1596 1615 1631 δεχόμενοι
1639 1594 1689 1630 τὴν
1711 1593 1813 1620 οἰκείαν

1027 1646 1137 1680 γνῶσιν,
1151 1644 1266 1680 νεφελῶν
1280 1644 1358 1679 δίκην
1368 1643 1415 1670 ἐπὶ
1424 1643 1487 1674 τοὺς
1499 1642 1708 1677 ὑποδεεστέρους
1718 1639 1813 1667 ἁπλοῦ-

1029 1701 1080 1720 σιν.

1070 1738 1339 1773 Ἀνεκπομπεύτως,
1353 1734 1615 1770 Ἀνεκπομπεύτως
1623 1733 1714 1768 φησὶν,
1730 1733 1813 1767 ἤγουν

1029 1785 1260 1821 συγκεχραμένως
1274 1793 1280 1799 -
1310 1782 1496 1817 ἀναπόϐλητον
1522 1780 1577 1816 γὰρ
1606 1780 1634 1806 ὲν
1661 1777 1759 1813 νεφέλῃ
1782 1776 1813 1804 τὺ

1028 1840 1095 1866 φως.

1070 1876 1286 1912 Ὀμϐροτοκίιιν.
1309 1874 1425 1910 Ἑτέρως
1446 1873 1558 1908 θεωρεῖ,
1582 1871 1609 1898 τί
1633 1870 1742 1905 νεφέλαι
1765 1878 1814 1906 ση-

1030 1924 1168 1960 μαίνουσν
1186 1920 1363 1958 παρακατιὼν
1379 1921 1423 1953 δὲ,
1444 1919 1471 1945 τι
1497 1927 1562 1954 φησι
1586 1917 1728 1952 σημαίνειν
1750 1916 1814 1952 ἢλε-

1029 1978 1126 2006 κτρον,
1148 1969 1196 1996 καὶ
1216 1967 1330 2004 χαλκὸν,
1345 1966 1392 1993 καὶ
1410 1965 1445 1992 τὰ
1460 1963 1524 1991 ποιὰ
1541 1960 1673 1998 χρώματα
1687 1961 1734 1988 καὶ
1750 1969 1816 1997 μορ-

1029 2017 1082 2052 φὰς
1096 2016 1197 2052 θηρίων
1211 2014 1257 2041 ἐπὶ
1270 2012 1401 2047 ἀγγέλων.

1066 2061 1246 2098 Ἐκδόχειον.
1271 2058 1442 2092 Ἐκὸὀχειον
1451 2055 1565 2087 κόλπον,
1580 2054 1628 2091 τὴν
1645 2055 1707 2085 τοὺς
1723 2053 1816 2085 ὑετοὺς

1029 2107 1228 2144 ὑποδεχομένην
1242 2105 1366 2140 ὠνόμασε
1382 2103 1448 2139 γῆν,
1464 2102 1497 2129 δι’
1510 2101 1599 2128 αὐτῶν
1618 2101 1681 2132 τοὺς
1701 2099 1816 2130 οἰκείους

1027 2155 1169 2182 τίκτουσαν
1185 2150 1316 2188 καρπούς.

1065 2200 1079 2236 §
1098 2199 1155 2227 Vll.
1183 2198 1262 2226 Ἀλλ’
1276 2195 1378 2230 ἐπειδὴ
1394 2194 1496 2222 ταῦτα.
1520 2194 1588 2230 Περὶ
1607 2193 1661 2220 τῶν
1680 2192 1818 2229 θηρομὸρ-

995 2242 1016 2269 Ῑ)
1032 2256 1089 2282 φων
1104 2245 1207 2272 τύπων.

1069 2293 1156 2330 ςνιιι.
1166 2291 1279 2326 Ἰχνῶν.
1286 2291 1323 2325 Ση
1330 2289 1443 2324 μείωσαι
1453 2287 1483 2314 τδ
1490 2287 1601 2322 φυσικὸν
1609 2285 1655 2313 τοῦ
1662 2286 1766 2318 λέοντος
1772 2286 1817 2312 ἐν-

1032 2339 1141 2367 τεῦθεν·
1154 2337 1221 2373 φασὶ
1235 2336 1289 2372 γὰρ
1311 2335 1435 2367 annui);
1442 2332 1750 2370 οηρεύονταςλανθάνειν
1757 2331 1818 2366 βου-

1032 2387 1143 2422 λόμενος
1154 2406 1162 2418 ,
1177 2383 1343 2420 περιπατῶν,
1359 2383 1392 2418 τῇ
1413 2381 1482 2416 οὐρᾷ
1502 2379 1658 2415 ἐξαφανίζει
1672 2378 1705 2405 τὰ
1722 2377 1817 2405 ἑαυτοῦ

1033 2434 1106 2469 ἴχνη,
1121 2432 1165 2459 ἵνα
1174 2431 1211 2467 μὴ
1220 2427 1377 2465 γνωσθῶσιν
1389 2436 1395 2442 ·
1412 2427 1472 2454 ὅθεν
1486 2426 1534 2453 καὶ
1544 2426 1608 2462 περὶ
1618 2424 1685 2452 Θεοῦ
1696 2424 1816 2460 εἴρηται·

1039 2480 1090 2506 Ἐν
1104 2477 1142 2513 τῇ
1157 2475 1297 2510 θαλάσσῃ
1312 2475 1331 2509 ἠ
1341 2473 1410 2506 ὁδός
1423 2480 1492 2506 σου,
1503 2472 1551 2499 καὶ
1562 2473 1591 2498 αἱ
1604 2471 1695 2505 τρίΰοι
1710 2477 1768 2497 σου
1783 2469 1820 2496 ἐν

1032 2525 1123 2557 ὕδασι
1149 2521 1295 2554 πολλοῖς,
1317 2520 1366 2547 καὶ
1387 2519 1424 2546 τὰ
1453 2519 1522 2553 ἴχνη
1542 2525 1600 2544 σου
1621 2517 1656 2543 οὐ
1680 2515 1818 2550 γνωσθή-

1033 2578 1137 2598 σονται
1147 2578 1154 2584 ·
1172 2568 1266 2604 ὥσπερ
1278 2566 1332 2603 γὰρ
1343 2566 1402 2598 ὁδὸς
1415 2566 1443 2592 ὲν
1455 2564 1547 2591 ’ὑδασιν
1563 2563 1593 2590 οὐ
1610 2560 1724 2594 σώζεται
1735 2580 1742 2593 ,
1756 2560 1820 2588 οὔτε

1035 2620 1094 2654 ῐχνη
1111 2617 1231 2648 λέοντος,
1247 2613 1334 2645 οὕτως
1349 2612 1409 2639 οὔτε
1423 2610 1490 2638 Θεοῦ
1508 2610 1624 2645 πορεῖαι.

1069 2651 1259 2698 έὺμήχανον.
1285 2657 1503 2692 Ὀξυωπέστατον
1526 2655 1579 2690 γὰρ
1601 2653 1669 2686 ζῶον
1694 2653 1708 2679 ὁ
1729 2651 1818 2684 ἀετός,

1035 2711 1119 2745 Λόγος
1133 2709 1186 2745 γὰρ
1199 2708 1262 2739 τοὺς
1276 2706 1371 2736 ἀετοὺς
1383 2703 1437 2730 τῶν
1448 2701 1613 2737 τικτομένων
1627 2698 1661 2725 τὰ
1674 2699 1774 2734 γνήσια
1787 2699 1822 2725 ὲκ

1035 2744 1089 2783 τῶν
1103 2744 1186 2782 νόθων
1208 2753 1278 2780 οὕτω
1291 2749 1438 2786 διακρίνειν
1451 2756 1458 2764 ι
1477 2747 1524 2775 ἐὰν
1540 2744 1696 2774 ἀτενίσωσιν
1715 2744 1821 2780 demp-

231 2909 244 2925 '
343 2909 364 2936 ι,
384 2901 410 2930 9.
448 2902 471 2922 τ’
484 2899 562 2929 Joan.
578 2905 619 2932 ιιι,
633 2897 661 2930 8ε
699 2902 712 2917 ι
724 2894 792 2924 Ιιιὶᾶ.
829 2896 854 2916 ι’
869 2893 962 2927 Amos,

1040 2912 1046 2918 .
1088 2895 1099 2906 ν
1112 2889 1184 2919 Psal.
1198 2895 1288 2920 Lxxw,
1304 2886 1348 2914 ΞΟ.
