1914 3063
117 169 172 198 “3

453 171 482 199 S.
500 171 624 201 MAXIM]
641 172 787 203 SCHOLIA
802 175 837 204 IN
851 175 916 206 LIB.
934 176 979 205 DE
995 177 1158 208 C(ELESTI
1173 179 1394 210 HlEﬂARCHLA.

1690 187 1743 215 ιιι

115 227 235 264 δαμυκτὶ
248 228 318 264 πρὸς
331 228 377 256 τὸν
390 228 480 265 ἥλιον,
497 231 596 267 γνήσιά
610 232 679 259 είσιν
690 241 697 248 ·
713 233 737 260 εῐ
753 233 781 260 δὲ
799 234 837 271 μὴ
847 254 854 267 ,
867 234 894 261 ὡς

955 236 1104 265 nictatione
1125 237 1152 265 in
1174 238 1258 267 solem
1269 258 1276 270 ,
1294 246 1442 275 germanus
1456 243 1513 273 est;
1531 240 1575 269 sin
1589 249 1666 276 vero,
1679 247 1741 272 tan-

115 274 182 302 νόθα
198 274 428 302 ἀποδάλλονταιθτ
440 276 490 312 τῆς
513 277 627 309 καλιᾶς·
652 277 738 311 οὕτως
760 277 807 307 οὖν
830 281 905 308 καὶὸ

117 320 157 356 μὴ
181 320 331 357 δυνάμενος
355 321 482 358 καθαρῶς
503 322 544 358 τῷ
570 323 638 360 ήλίῳ
660 324 710 360 τῆς
733 325 905 363 δικαιοσύνης

115 367 239 395 ἀτενίσαι
252 388 260 401 ,
275 368 352 401 νόθος
365 369 415 405 τῆς
428 369 511 396 αὐτοῦ
525 369 652 405 γνώσεως
667 372 833 408 εὑρίσκεται.

152 414 208 441 Καὶ
234 414 353 442 λευκῶν
375 414 444 450 μέν.
473 416 629 453 Σημείωσαι
652 417 679 445 τί
701 417 780 445 ⁴ῐπποι
801 419 902 453 λευκοὶ,

115 461 226 494 κυανοὶ,
244 461 368 497 ἐρυθροὶ,
391 461 555 498 σύμμικτοι·
576 464 701 500 ἀνόμοιον
716 465 745 492 δὲ
757 466 903 502 ὁμοιότητα

115 508 173 535 ἀνω
188 508 286 540 τελέως
299 508 502 547 ἐσαφηνίσαμεν
515 510 544 537 ὲν
558 509 675 548 δευτέρῳ
689 512 828 548 κεφαλαίῳ
840 513 903 540 τού-

112 561 163 580 του
177 553 224 581 τοῦ
240 553 354 589 βιϐλίου.

154 600 214 635 Τὴν
227 601 290 628 κατ’
302 600 469 629 εὐθεῐὴνπδ
481 600 540 637 τὴν
553 603 622 639 πρὸς
636 603 667 631 τὸ
677 604 804 640 δύναμιν
818 606 903 642 ἁρμο-

115 645 195 673 στέον
207 655 214 662 ·
235 646 269 673 τὰ
282 647 311 674 δὲ
327 647 408 674 λοιπά
421 647 466 675 διὰ
482 649 574 684 μέσου.

151 694 222 720 Κατ’
237 693 348 728 ἀλλην.
369 694 467 731 Ἑτέρα
481 695 581 731 θεωρία
594 697 633 729 είς
647 698 710 730 τοὺς
724 698 847 734 τροχοὺς.

150 739 276 774 ιἐλτέλ.
300 740 455 776 Σημείωσαι
469 742 496 768 τί
512 743 637 779 σημαίνει
655 743 687 770 τὸ
700 744 808 780 γελτὲλ
826 745 901 781 παρά

114 785 155 822 τῷ
173 787 302 823 προφήτῃ
323 786 462 824 ’ἰεζεκιήλ

150 832 260 867 Χαρᾶς.
285 833 349 866 Πῶς
367 834 491 869 λέγονται
515 835 620 872 χαίρειν
643 837 678 863 τὰ
701 837 828 873 οὐράνια,
854 839 900 876 καὶ

114 878 183 906 αὐτὸ
195 879 226 906 τδ
240 879 326 909 Θεῖον.

955 291 1037 319 quam
1059 284 1230 313 adulterinus
1250 285 1377 320 dejicitur
1398 292 1414 313 e
1436 285 1502 314 nido
1524 294 1531 313 :
1554 287 1595 315 sic
1614 296 1680 324 ergo
1693 290 1741 326 qui

954 330 1050 365 nequit
1063 338 1130 366 pure
1151 331 1179 359 in
1195 332 1281 360 solem
1302 331 1416 368 justitize
1429 332 1582 367 intendere,
1598 334 1703 364 alienus
1725 344 1741 364 a

954 375 1047 404 divina
1064 378 1220 413 cognitione
1235 378 1379 413 reperitur.

989 421 1024 449 Et
1035 423 1156 450 alborum
1171 424 1285 459 quidem.
1304 424 1373 453 Nota
1386 425 1516 460 quidnam
1532 426 1585 463 50
1595 428 1657 464 equi
1674 429 1739 464 albi,

954 469 1072 502 caerulei,
1088 470 1175 503 rubri,
1189 471 1265 498 misti
1279 472 1380 500 coloris
1396 472 1563 508 signiﬁcent;
1579 474 1739 503 dissimilem

953 521 1036 550 porro
1061 515 1269 544 similitudinem
1294 518 1414 553 perfecte
1437 525 1519 553 supra
1538 519 1566 547 in
1586 521 1675 556 capite
1696 529 1740 549 se-

953 562 1043 590 cundo
1057 562 1213 598 bujuslibri
1228 566 1413 599 exposuimus.

989 607 1049 643 Τὴν
1072 610 1136 636 κατ’
1161 610 1289 638 εὐθεῖαν.
1318 612 1375 648 Τήν
1402 614 1584 649 coaptandum
1609 617 1652 642 est
1676 621 1738 642 cum

951 654 1064 691 δύναμιν
1078 663 1085 681 :
1101 656 1206 692 reliqua
1219 665 1284 686 vero
1300 662 1364 686 sunt
1377 659 1548 688 inlermedia.

987 701 1137 730 Secundum
1153 703 1246 732 aliam.
1267 704 1326 733 Alia
1344 707 1538 742 contemplatio
1557 707 1585 734 in
1598 712 1683 736 rotas.

987 748 1085 784 Celgel.
1110 749 1179 777 Nota
1206 751 1273 786 quid
1296 751 1429 788 signiﬁcet
1459 753 1552 788 gelgel,
1576 754 1648 790 apud
1673 761 1738 789 pro-

951 794 1058 830 phetam
1074 796 1253 825 Ezechielem.

986 841 1100 870 Gaudio.
1129 842 1272 876 Quomodo
1303 844 1426 880 gaudere
1455 845 1582 874 dicantur
1603 846 1736 880 cwlestia,

951 886 1063 922 ipseque
1075 887 1158 917 Deus.

156 925 318 960 Ἐμπαθής.
339 926 471 962 Ἑμπαθῆ
488 928 583 964 ἡδονὴν
597 929 647 965 τὴν
660 929 831 966 ἀνθρωπίνην
849 939 894 966 φη-

987 921 1139 962 Ραεείίήιίε.
1162 934 1334 970 Voluptatem
1358 936 1505 964 humanam
1531 937 1598 965 dicit
1620 938 1736 972 passibi-

114 971 169 1003 σὶν,
183 972 222 1004 ὡς
234 973 267 1008 τῇ
282 973 347 1008 περὶ
359 973 390 1000 τὸ
410 973 489 1009 σῶμα
504 975 673 1012 εὐαλλοιώτῳ
688 976 822 1012 ὲμπαθεὶᾳ
837 985 899 1004 συν-

113 1018 274 1054 ισταμένην.

157 1063 337 1099 Ῥᾳστιίηκ-ην.
355 1065 392 1092 Τὸ
407 1066 457 1102 τῆς
468 1066 627 1102 ῥᾳστώνης
640 1067 723 1105 ὄνομα
737 1069 838 1097 τίθεται
851 1071 899 1106 μὲν

112 1109 161 1137 ἐπὶ
175 1110 230 1137 τῶν
245 1113 335 1139 πονεῖν
351 1112 387 1148 μὴ
403 1112 584 1148 βουλομένων,
604 1114 671 1142 ἀλλά
692 1116 827 1152 διαφόρως
843 1116 893 1153 ζῇν

113 1155 264 1192 ῑλομένων·
281 1158 406 1193 σημαίνει
424 1158 452 1185 δὲ
475 1159 491 1195 ἡ
512 1159 584 1192 λέξις
605 1160 634 1186 τὸ
655 1160 764 1197 εὐχερὲς
784 1163 831 1189 καὶ
849 1163 899 1190 οὐκ

112 1203 240 1231 ἐπίπονον
252 1212 259 1220 ·
279 1204 395 1231 ἐνταῦθα
415 1205 505 1240 μέντοι
526 1206 557 1232 τὺ
576 1206 708 1242 μακάριον
728 1207 774 1234 καὶ
795 1207 899 1240 ἀπαθὲς

112 1250 160 1277 καὶ
174 1250 304 1286 ἀόχλητον
319 1250 469 1285 ὑποφαίνει.
487 1251 592 1284 ΙἌλλως
598 1252 758 1288 ῥᾳστώνην
770 1255 836 1290 φησὶ
848 1254 898 1290 τήν

111 1295 237 1323 εὐκολίαν
253 1297 300 1324 καὶ
321 1297 469 1334 εὐμάρειαν
485 1297 603 1334 ψυχικὴν
618 1300 646 1326 ὲν
661 1299 810 1327 ἀναπαύσει
829 1301 898 1336 μετά

111 1341 246 1376 ἀπαθείας
257 1351 264 1359 ·
279 1343 417 1378 ἀναλόγως
430 1341 476 1371 οὖν
494 1344 542 1371 καὶ
555 1345 602 1372 ἐπὶ
615 1345 737 1380 ἀγγέλων
747 1347 864 1382 νοητέον.

147 1431 328 1460 Εὐπάθειαν.
349 1434 520 1462 Εὑπάθειαν
533 1435 571 1467 ὥς
579 1435 611 1462 ἐκ
623 1436 678 1463 τῶν
691 1437 750 1464 καθ’
759 1439 833 1474 ἡμᾶς
847 1438 896 1466 λα-

112 1476 169 1505 θὼν
184 1478 250 1514 ἔφη·
266 1479 342 1515 δηλοῖ
359 1479 389 1507 δὲ
404 1480 436 1507 τὸ
456 1479 487 1508 εὖ
510 1481 582 1517 ἔχειν
595 1482 638 1509 διὰ
652 1483 751 1516 παντὸς
762 1504 770 1516 ,
787 1485 833 1512 καὶ
847 1485 896 1521 τὴν

113 1523 241 1561 ἀπήμονα
256 1526 429 1554 κατάστασιν.

951 979 1011 1012 lem,
1026 979 1108 1007 veluti
1131 979 1273 1009 all‘ectione
1295 981 1375 1009 facile
1398 983 1473 1010 circa
1499 990 1598 1019 corpus
1613 982 1737 1011 mutabili

950 1028 1133 1053 constantem.

986 1068 1167 1099 Facilitatem.
1183 1070 1230 1100 Gr.
1248 1072 1397 1109 ῥᾳστώνην.
1416 1073 1520 1102 Nomen
1535 1074 1670 1110 ῥᾳστώνη,
1683 1081 1733 1110 po-

949 1115 1026 1143 nitur
1038 1124 1088 1152 pro
1101 1117 1135 1145 iis
1150 1118 1196 1153 qui
1210 1117 1337 1146 laborare
1351 1119 1466 1152 nolunt,
1480 1119 1529 1147 sed
1545 1119 1624 1147 aliter
1645 1120 1736 1149 vivere

949 1161 1069 1197 eligunt;
1085 1162 1222 1198 signiﬁcat
1237 1167 1328 1192 autem
1339 1165 1424 1192 dictio
1439 1163 1530 1198 facile,
1552 1173 1642 1201 neque
1656 1165 1735 1194 labo-

948 1207 1052 1235 riosum
1071 1216 1079 1234 :
1101 1208 1147 1236 hic
1169 1216 1235 1238 vero
1259 1209 1381 1244 beatum,
1405 1210 1465 1239 sine
1487 1210 1650 1244 aﬁ‘ectione,
1676 1212 1737 1240 sine

949 1255 1103 1283 turbatione
1126 1255 1257 1284 insinuat.
1282 1255 1379 1289 Aliter,
1402 1256 1543 1294 ῥᾳστώνην
1557 1261 1636 1285 vocat
1658 1265 1736 1286 com-

949 1302 1105 1330 moditatem
1133 1307 1160 1330 et
1184 1302 1343 1331 facilitatem
1380 1303 1477 1331 animae
1501 1303 1529 1331 in
1555 1304 1649 1340 requie
1675 1305 1736 1333 sine

949 1347 1104 1382 alfcctione;
1120 1356 1182 1377 cum
1197 1350 1372 1385 proportione
1392 1350 1475 1385 igitur
1491 1350 1573 1379 etiam
1590 1351 1620 1378 in
1631 1351 1735 1387 angelis

948 1394 1177 1423 considerandum
1192 1399 1245 1424 est.

982 1440 1084 1468 Bonam
1098 1441 1272 1476 eiectionem,
1280 1442 1327 1470 Gr.
1336 1441 1492 1471 εὐπάθειαν.
1501 1442 1666 1476 Εὺπάθειαν,
1680 1443 1735 1471 sic-

949 1491 979 1514 ut
989 1495 1022 1514 ex
1034 1488 1117 1516 rebus
1133 1488 1237 1517 nostris
1257 1488 1409 1524 intelligere
1423 1489 1521 1525 potuit,
1547 1493 1680 1525 usurpat;
1696 1490 1734 1517 si-

948 1534 1059 1569 gnificat
1081 1542 1156 1567 vero.
1181 1535 1250 1562 bene
1279 1535 1382 1564 habere
1413 1535 1444 1564 in
1465 1535 1541 1564 omni
1565 1540 1686 1572 tempore
1708 1539 1735 1564 et

949 1581 1113 1609 incolumem
1129 1585 1242 1609 statum.

149 1612 274 1664 :Ardpsc
294 1615 374 1649 ἱεροί.
392 1615 484 1643 Ταῦτα
503 1618 552 1653 οὐχ
574 1615 629 1646 οἷόν
645 1627 675 1645 τε
694 1620 765 1646 νοεῖν
779 1619 818 1652 ὡς
831 1621 894 1654 elei,

987 1626 1044 1654 Viri
1057 1627 1152 1654 sancti.
1170 1626 1341 1663 lmpossibile
1359 1630 1413 1660 est,
1428 1627 1485 1656 haec
1499 1627 1651 1664 intelligere
1663 1628 1736 1656 sicut

112 1657 183 1694 πλὴν
196 1660 222 1686 εἰ
242 1659 279 1696 μὴ
294 1661 358 1693 τοὺς
378 1661 541 1695 ἀξιωθέντας
559 1664 687 1701 τοιαύτης
708 1665 875 1703 τελειότητος
886 1689 894 1701 ,

111 1705 222 1738 ὁποίους
240 1707 295 1742 ἀρα
318 1708 365 1734 καὶ
389 1706 457 1736 εἶναι
478 1711 611 1746 προσήκει
637 1711 749 1748 ἄνδρας,
771 1713 897 1750 καθάπερ

111 1752 127 1778 ό
140 1751 217 1786 ἀγιος
227 1750 304 1785 οὗτός
320 1762 402 1790 φησιν
414 1755 504 1791 ἱερεὺς
515 1757 547 1790 ⁸³,
562 1756 633 1784 ὥστε
647 1759 692 1785 καὶ
704 1758 782 1786 θείων
797 1760 896 1796 ἐλλάμ-

112 1797 184 1832 ψεων
198 1797 346 1835 ἀξιωθῆναι
360 1801 424 1836 περὶ
433 1801 481 1838 τὴν
496 1802 549 1829 τῶν
560 1803 643 1830 ὄντων
656 1804 765 1839 γνῶσιν,
777 1807 824 1833 καὶ
832 1808 896 1843 περὶ

111 1843 162 1880 τὴν
182 1845 250 1880 πρὸς
265 1845 311 1873 τδν
332 1846 397 1874 Θεὸν
413 1848 536 1884 καθαρὰν
558 1850 704 1878 ἀνάτασιν·
720 1852 752 1879 ἐκ
767 1853 821 1889 γὰρ
841 1854 896 1881 τῶν

111 1891 238 1918 τοιούτων
252 1892 410 1929 ὲλλάμψεων
427 1894 569 1931 θεούμενος
578 1917 586 1930 ,
602 1896 693 1924 λοιπὸν
704 1899 718 1925 ό
731 1899 792 1931 νοῦς
809 1899 857 1936 [ὡς
867 1901 896 1927 ὲν

113 1937 188 1972 ῥᾴονι
201 1937 275 1973 λήξει
290 1939 444 1976 γενόμενος]
460 1942 490 1967 ὲν
504 1941 558 1975 ἕξει
573 1943 676 1977 γίνεται
690 1944 741 1980 τῆς
751 1945 896 1982 ἀγγελικῆς

112 1983 223 2018 ἡδονῆς,
239 1985 285 2011 καὶ
300 1985 350 2021 τῆς
366 1987 396 2012 ὲν
417 1987 530 2020 ἐκείνοις
547 1989 705 2025 ἀοχλησίας,
723 1990 784 2017 καθ’
798 1992 830 2027 ἢν
848 1993 897 2029 ῥᾳ-

113 2030 310 2066 στωνευόμενος
323 2031 414 2060 λοιπὸν
427 2034 441 2060 ὁ
456 2033 534 2066 νοῦς,
550 2035 587 2067 ὡς
601 2036 630 2062 ὲν
647 2037 722 2072 ῥᾴονι
737 2037 811 2073 λήξει
825 2039 897 2073 γενό-

113 2085 193 2112 μενος
204 2097 213 2109 ,
230 2078 277 2104 ἐπὶ
288 2079 320 2114 τῇ
346 2079 469 2116 σωτηρίᾳ
488 2080 543 2107 τῶν
569 2081 728 2117 σωζομένων
740 2102 747 2115 ,
770 2084 894 2118 ἀπαθῶν,

111 2122 172 2149 καθ’
186 2123 248 2150 ὅσον
261 2123 381 2157 δυνατὸν,
394 2124 460 2151 Θεὸν
476 2127 662 2161 μιμεῖται,τὺν
674 2127 782 2156 θέλοντα
792 2130 896 2163 πάντας

112 2168 271 2205 ἀνθρώπους
280 2169 411 2205 σωθῆναι,
421 2171 576 2204 ἀπολαύσας
587 2172 643 2200 τῶν
658 2173 705 2201 τοῦ
720 2174 787 2202 Θεοῦ
803 2176 896 2213 θεουρ-

113 2214 169 2248 γῶν
183 2215 392 2251 ὲπιφοιτήσεων,
407 2217 529 2244 τουτέστι
542 2218 597 2247 τῶν
609 2219 688 2252 θεοὺς
706 2221 895 2259 ἐργαζομένων

947 1675 1021 1704 sunt,
1037 1672 1090 1700 nisi
1108 1673 1143 1700 iis
1158 1673 1204 1708 qui
1219 1673 1294 1709 digni
1307 1674 1392 1702 habiti
1408 1677 1472 1702 sunt
1486 1667 1533 1701 tal'i
1549 1674 1733 1710 perfectione,

946 1719 1042 1754 quales
1062 1718 1156 1753 utique
1175 1719 1256 1746 etiam
1274 1719 1350 1747 viros
1373 1727 1434 1748 esse
1460 1719 1608 1753 convenit,
1638 1727 1733 1756 quem.

947 1763 1091 1791 admodum
1114 1768 1225 1792 sanctus
1250 1765 1295 1792 hic
1320 1765 1369 1798 ait,
1392 1765 1558 1798 sacerdotes,
1583 1768 1614 1793 ut
1633 1765 1733 1794 divinis

947 1817 1054 1844 quoque
1078 1810 1105 1837 in
1119 1818 1210 1838 rerum
1235 1811 1391 1846 cognitione
1414 1811 1643 1840 illustrationibus
1657 1812 1734 1848 digni

946 1859 1119 1890 censeantur,
1127 1859 1154 1884 et
1169 1857 1197 1884 in
1210 1865 1278 1892 pura
1296 1857 1325 1884 in
1338 1856 1424 1885 Deum
1439 1857 1605 1889 intentione;
1621 1865 1656 1886 ex
1671 1858 1736 1886 tali-

947 1902 997 1930 bus
1011 1902 1083 1929 enim
1102 1902 1330 1931 “lustrationibus
1344 1911 1421 1932 mens
1433 1902 1503 1932 deus
1517 1903 1623 1937 elIecta,
1638 1907 1733 1939 postea

949 1947 1158 1984 [expeditiorem
1191 1953 1291 1977 statum
1313 1949 1430 1985 adepta]
1453 1949 1562 1978 exsistit
1586 1949 1615 1977 in
1639 1950 1733 1977 habitu

946 1995 1075 2030 angelica:
1086 1995 1247 2031 voluptatis,
1261 1999 1289 2024 et
1304 1995 1378 2024 illius
1391 2003 1451 2031 quae
1466 1996 1494 2023 in
1509 1996 1578 2032 ipsis
1594 1999 1637 2024 est
1657 2000 1733 2024 tran-

945 2041 1107 2077 quillitatis;
1125 2041 1153 2069 in
1167 2048 1221 2077 qua
1235 2049 1324 2075 mens,
1338 2041 1436 2069 deinde
1455 2041 1625 2069 commodam
1648 2049 1732 2078 agens

945 2087 1029 2114 vitam
1045 2091 1075 2114 ut
1090 2087 1119 2115 in
1129 2088 1235 2115 meliori
1249 2087 1385 2116 exsistens
1400 2091 1483 2120 sorte,
1495 2091 1606 2123 propter
1615 2087 1732 2115 salutem

944 2141 1041 2162 eorum
1061 2133 1109 2168 qui
1130 2133 1165 2161 ab
1186 2133 1261 2162 omni
1283 2133 1383 2161 aﬁ‘ectu
1407 2133 1486 2162 liberi
1506 2137 1658 2166 servantur,
1681 2140 1732 2168 pro

945 2179 1050 2208 viribus
1072 2179 1167 2212 Deum,
1190 2187 1285 2207 omnes
1308 2179 1414 2208 servari
1433 2180 1580 2213 volentem,
1595 2179 1729 2212 imitatur,

946 2224 1040 2253 fruens
1059 2225 1160 2253 divinis
1184 2225 1341 2260 illapsibus,
1357 2225 1385 2253 id
1407 2228 1448 2253 est
1460 2224 1526 2253 deos
1548 2224 1730 2253 elﬁcientibus

112 2261 158 2287 καὶ
170 2261 533 2300 ἀπστελουσῶν.[Θεουργοὺς
541 2265 570 2291 δὲ
580 2266 705 2303 ὲπιφοιτή
710 2276 765 2301 σεις
773 2271 839 2306 φησὶ
845 2271 894 2303 τὰς

954 2275 972 2299 tt
983 2271 1186 2307 perﬁcientibus
1201 2271 1414 2300 visitationibus.
1429 2271 1556 2307 [Deillcos
1568 2274 1658 2299 autem
1670 2272 1730 2299 illa—

112 2305 188 2339 θεοὺς
201 2307 388 2343 ὲργαζομένας
400 2309 447 2335 καὶ
460 2309 665 2348 ἀποτελούσας.]

147 2352 211 2380 Ὀτι
236 2353 297 2381 τῶν
311 2354 371 2389 μὲν
394 2355 454 2390 τὴν
481 2357 694 2393 ὑπερκόσμιον.
727 2359 895 2397 [Σημείωσαι

111 2398 162 2436 δὲ,]
191 2400 233 2427 ὅτι
254 2400 297 2427 δεῖ
321 2401 367 2427 τὸν
394 2401 542 2436 ἀγνοοῦντα
577 2404 614 2439 μὴ
636 2405 765 2442 ὲρυθριᾷν
794 2409 823 2435 ὲν
853 2407 894 2441 οἷς

111 2446 254 2481 ἠγνόησεν,
273 2446 330 2473 ἀλλ’
349 2447 489 2482 ὁμολογεῖν
509 2449 559 2485 τὴν
581 2450 706 2485 ἄγνοιαν,
726 2453 773 2480 καὶ
796 2454 832 2490 μὴ
855 2455 894 2487 ὡς

102 2491 204 2528 νιτυχεν
225 2492 420 2528 ἀποκρίνεσθαι
442 2495 507 2530 περὶ
528 2492 566 2523 ὧν
585 2496 729 2533 ἠγνόησεν,
743 2500 838 2528 Ίστέον
853 2502 892 2535 δὲ,

111 2537 153 2565 δτι
169 2537 204 2565 τὰ
220 2539 398 2575 γνωρίσματα
410 2539 482 2575 ἅπερ
500 2538 572 2576 εῐχον
586 2542 626 2569 ἐτι
641 2543 769 2581 Ἕλληνες
781 2546 857 2579 ὄντες
867 2549 892 2574 oi

111 2583 196 2618 ἅγιοι,
221 2581 294 2611 οὗτοι
314 2585 361 2612 καὶ
379 2585 446 2620 μετά
461 2586 492 2613 τὸ
514 2587 674 2623 ἐπιπρέψαι
693 2590 762 2626 πρὸς
775 2591 892 2628 Χριστὸν

112 2629 330 2666 ἀνερυθριάστως
357 2631 512 2668 ἐπέγραφον
538 2634 654 2667 ἑαυτοῖς.
684 2635 747 2664 Ἰδοὺ
771 2638 826 2674 γὰρ
848 2639 896 2666 καὶ

109 2673 391 2714 οὗτοςᾋρεοπαγίτην
400 2679 478 2706 καλεῖ
490 2680 598 2708 ἑαυτόν·
613 2681 660 2708 καὶ
671 2682 686 2709 ὁ
698 2682 768 2715 θεῖος
786 2673 894 2713 Ἰούσττ-

111 2731 156 2755 νος
167 2724 196 2750 ὲν
209 2724 248 2760 τῷ
261 2724 341 2760 Πρὸς
348 2725 501 2760 ’Έλληνας
513 2727 584 2764 λόγῳ
602 2728 741 2758 Ἱουστίνου
756 2731 893 2768 ἐπέγραψε

113 2769 264 2805 φιλοσόφου.

947 2325 1014 2353 psus
1027 2321 1108 2345 vocat
1118 2325 1166 2345 eos
1177 2317 1224 2352 qui
1238 2317 1305 2346 deos
1320 2317 1439 2345 efﬁciunt
1463 2324 1495 2344 ac
1506 2317 1676 2354 perﬁciunt.]

983 2363 1164 2396 Quorumdam
1182 2363 1433 2398 mpermundialem.
1458 2362 1538 2399 [Nota
1552 2363 1628 2400 vero]
1651 2371 1733 2399 opor-

945 2413 1004 2437 tere
1034 2410 1202 2445 ignorantem
1229 2410 1341 2437 minime
1367 2409 1530 2438 erubescere
1558 2410 1587 2437 in
1613 2410 1648 2438 iis
1672 2418 1732 2446 qua:

946 2455 1072 2491 ignorat;
1098 2456 1146 2483 sed
1167 2455 1247 2483 fateri
1268 2455 1461 2491 ignorantiam,
1475 2463 1564 2491 neque
1582 2460 1664 2492 prout
1688 2464 1732 2485 oc-

947 2501 1033 2530 currit
1053 2502 1218 2537 respondere
1245 2501 1279 2529 de
1300 2502 1335 2529 iis
1361 2509 1422 2537 quae
1440 2502 1563 2537 ignorat;
1588 2503 1731 2530 sciendum

946 2551 1037 2576 autem
1060 2551 1111 2581 est,
1134 2551 1245 2576 sanctos
1265 2548 1359 2575 titulos
1382 2548 1451 2576 istos
1473 2556 1542 2583 quos
1561 2556 1623 2576 cum
1641 2548 1732 2576 adhuc

946 2593 1061 2630 gentiles
1083 2597 1161 2621 erant
1184 2593 1338 2626 habebant,
1362 2593 1415 2621 sibi
1438 2597 1501 2629 post
1523 2593 1730 2621 conversionem

946 2640 981 2668 ad
999 2640 1140 2668 Christum
1163 2640 1223 2669 sine
1246 2640 1347 2668 rubore
1368 2640 1540 2676 ascripsisse.
1564 2639 1634 2668 Ecce
1657 2640 1729 2668 enim
1768 2660 1770 2663 ι

945 2687 1029 2715 etiam
1045 2687 1089 2715 hic
1103 2686 1295 2723 Areopagilam
1310 2695 1340 2715 se
1353 2692 1453 2715 vocat:
1466 2691 1493 2715 et
1514 2687 1594 2714 divus
1607 2686 1734 2714 Justinus

945 2733 973 2761 in
995 2733 1065 2761 libro
1080 2733 1212 2761 Adversus
1228 2733 1348 2769 gentiles,
1365 2732 1494 2769 ascripsit
1515 2731 1617 2760 Justini
1638 2731 1729 2767 philo.-

947 2780 1036 2816 sophi.

565 2865 682 2896 VARUE
702 2868 895 2913 LECTIONE§
909 2871 954 2898 ET
969 2870 1243 2900 CORBECTIONES.

142 2919 165 2936 ⁸³
181 2920 364 2949 ἔκδάλλονται.
398 2923 420 2939 ⁸⁸
437 2922 536 2959 ἱερέας.
