  <div class='ocr_page' id='page_1' title='image "/cluster/home/n/w/nwhite01/storage/ocr_20150623/4/njp.32101010944526/065.png"; bbox 0 0 1925 3060; ppageno 0'>
   <div class='ocr_carea' id='block_1_1' title="bbox 199 168 251 197">
    <p class='ocr_par' dir='ltr' id='par_1_1' title="bbox 199 168 251 197">
     <span class='ocr_line' id='line_1_1' title="bbox 199 168 251 197; baseline 0 0"><span class='ocrx_word' id='word_1_1' title='bbox 199 168 251 197; x_wconf 74' lang='lat' dir='ltr'><strong>H5</strong></span> 
     </span>
    </p>
   </div>
   <div class='ocr_carea' id='block_1_2' title="bbox 583 167 1430 200">
    <p class='ocr_par' dir='ltr' id='par_1_2' title="bbox 583 167 1430 200">
     <span class='ocr_line' id='line_1_2' title="bbox 583 167 1430 200; baseline 0.002 -2"><span class='ocrx_word' id='word_1_2' title='bbox 583 168 822 198; x_wconf 58' lang='lat' dir='ltr'><strong>APPENDIXAD</strong></span> <span class='ocrx_word' id='word_1_3' title='bbox 841 168 954 198; x_wconf 76' lang='lat' dir='ltr'><strong>OPERA</strong></span> <span class='ocrx_word' id='word_1_4' title='bbox 974 168 1002 197; x_wconf 89' lang='lat' dir='ltr'><strong>S.</strong></span> <span class='ocrx_word' id='word_1_5' title='bbox 1020 167 1170 198; x_wconf 80' lang='lat' dir='ltr'><strong>DlONYSIl</strong></span> <span class='ocrx_word' id='word_1_6' title='bbox 1185 169 1430 200; x_wconf 69' lang='lat' dir='ltr'><strong>AREOPAGITE.</strong></span> 
     </span>
    </p>
   </div>
   <div class='ocr_carea' id='block_1_3' title="bbox 1758 170 1808 199">
    <p class='ocr_par' dir='ltr' id='par_1_3' title="bbox 1758 170 1808 199">
     <span class='ocr_line' id='line_1_3' title="bbox 1758 170 1808 199; baseline 0 0"><span class='ocrx_word' id='word_1_7' title='bbox 1758 170 1808 199; x_wconf 71' lang='lat'><strong>“6</strong></span> 
     </span>
    </p>
   </div>
   <div class='ocr_carea' id='block_1_4' title="bbox 199 255 1802 277">
    <p class='ocr_par' dir='ltr' id='par_1_4' title="bbox 199 255 1802 277">
     <span class='ocr_line' id='line_1_4' title="bbox 199 255 1802 277; baseline 0.001 -3"><span class='ocrx_word' id='word_1_8' title='bbox 199 255 1802 277; x_wconf 33' lang='grc' dir='ltr'><strong>Μ</strong></span> 
     </span>
    </p>
   </div>
   <div class='ocr_carea' id='block_1_5' title="bbox 759 350 1254 420">
    <p class='ocr_par' dir='ltr' id='par_1_5' title="bbox 759 350 1254 420">
     <span class='ocr_line' id='line_1_5' title="bbox 759 350 1254 420; baseline 0 -2"><span class='ocrx_word' id='word_1_9' title='bbox 759 352 933 420; x_wconf 88' lang='grc' dir='ltr'><strong>ΤΟΥ</strong></span> <span class='ocrx_word' id='word_1_10' title='bbox 969 350 1254 420; x_wconf 90' lang='grc' dir='ltr'>ΑΥΤΟΥ</span> 
     </span>
    </p>
   </div>
   <div class='ocr_carea' id='block_1_6' title="bbox 941 465 1061 515">
    <p class='ocr_par' dir='ltr' id='par_1_6' title="bbox 941 465 1061 515">
     <span class='ocr_line' id='line_1_6' title="bbox 941 465 1061 515; baseline 0.008 -1"><span class='ocrx_word' id='word_1_11' title='bbox 941 488 996 515; x_wconf 84' lang='grc' dir='ltr'><strong>ΕΙΣ</strong></span> <span class='ocrx_word' id='word_1_12' title='bbox 1014 465 1061 515; x_wconf 15' lang='grc' dir='ltr'><strong>Τογ</strong></span> 
     </span>
    </p>
   </div>
   <div class='ocr_carea' id='block_1_7' title="bbox 449 583 1574 631">
    <p class='ocr_par' dir='ltr' id='par_1_7' title="bbox 449 583 1574 631">
     <span class='ocr_line' id='line_1_7' title="bbox 449 583 1574 631; baseline 0.004 -4"><span class='ocrx_word' id='word_1_13' title='bbox 449 585 579 628; x_wconf 92' lang='grc' dir='ltr'><strong>ΠΕΡΙ</strong></span> <span class='ocrx_word' id='word_1_14' title='bbox 612 584 721 628; x_wconf 91' lang='grc' dir='ltr'><strong>ΤΗΣ</strong></span> <span class='ocrx_word' id='word_1_15' title='bbox 756 584 1240 630; x_wconf 83' lang='grc' dir='ltr'><strong>ΕΚΚΑΗΣΙΑΣΤΙΚΗΣ</strong></span> <span class='ocrx_word' id='word_1_16' title='bbox 1277 583 1574 631; x_wconf 83' lang='grc' dir='ltr'><strong>ΙΕΡΑΡΧΙΑΣ-</strong></span> 
     </span>
    </p>
   </div>
   <div class='ocr_carea' id='block_1_8' title="bbox 410 771 1605 868">
    <p class='ocr_par' dir='ltr' id='par_1_8' title="bbox 410 771 1605 868">
     <span class='ocr_line' id='line_1_8' title="bbox 410 771 1605 868; baseline -0.003 -14"><span class='ocrx_word' id='word_1_17' title='bbox 410 777 845 857; x_wconf 85' lang='lat' dir='ltr'><strong>EJUSDEM</strong></span> <span class='ocrx_word' id='word_1_18' title='bbox 899 771 1605 868; x_wconf 77' lang='lat' dir='ltr'><strong>COMMENTARIA&#39;</strong></span> 
     </span>
    </p>
   </div>
   <div class='ocr_carea' id='block_1_9' title="bbox 839 944 1171 990">
    <p class='ocr_par' dir='ltr' id='par_1_9' title="bbox 839 944 1171 990">
     <span class='ocr_line' id='line_1_9' title="bbox 839 944 1171 990; baseline -0.003 -1"><span class='ocrx_word' id='word_1_19' title='bbox 839 944 902 989; x_wconf 89' lang='lat' dir='ltr'><strong>IN</strong></span> <span class='ocrx_word' id='word_1_20' title='bbox 940 944 1171 990; x_wconf 82' lang='lat' dir='ltr'><strong>LIBRUM</strong></span> 
     </span>
    </p>
   </div>
   <div class='ocr_carea' id='block_1_10' title="bbox 417 1059 1586 1124">
    <p class='ocr_par' dir='ltr' id='par_1_10' title="bbox 417 1059 1586 1124">
     <span class='ocr_line' id='line_1_10' title="bbox 417 1059 1586 1124; baseline -0.004 -1"><span class='ocrx_word' id='word_1_21' title='bbox 417 1066 508 1123; x_wconf 91' lang='lat' dir='ltr'><strong>DE</strong></span> <span class='ocrx_word' id='word_1_22' title='bbox 546 1060 1100 1124; x_wconf 87' lang='lat' dir='ltr'><strong>ECCLESIASTICA</strong></span> <span class='ocrx_word' id='word_1_23' title='bbox 1135 1059 1586 1120; x_wconf 83' lang='lat' dir='ltr'><strong>HIERARCHIA</strong></span> 
     </span>
    </p>
   </div>
   <div class='ocr_carea' id='block_1_11' title="bbox 373 1185 1620 1231">
    <p class='ocr_par' dir='ltr' id='par_1_11' title="bbox 373 1185 1620 1231">
     <span class='ocr_line' id='line_1_11' title="bbox 373 1185 1620 1231; baseline -0.006 -8"><span class='ocrx_word' id='word_1_24' title='bbox 373 1193 550 1231; x_wconf 86' lang='lat' dir='ltr'><strong>lnterprete</strong></span> <span class='ocrx_word' id='word_1_25' title='bbox 564 1191 656 1222; x_wconf 85' lang='lat' dir='ltr'><strong>Petro</strong></span> <span class='ocrx_word' id='word_1_26' title='bbox 672 1188 850 1222; x_wconf 76' lang='lat' dir='ltr'><strong>Lansselio.</strong></span> <span class='ocrx_word' id='word_1_27' title='bbox 865 1186 1108 1227; x_wconf 82' lang='lat' dir='ltr'><strong>Gravelingano,</strong></span> <span class='ocrx_word' id='word_1_28' title='bbox 1125 1195 1142 1218; x_wconf 90' lang='lat' dir='ltr'><strong>e</strong></span> <span class='ocrx_word' id='word_1_29' title='bbox 1158 1187 1312 1218; x_wconf 79' lang='lat' dir='ltr'><strong>Societate</strong></span> <span class='ocrx_word' id='word_1_30' title='bbox 1328 1187 1407 1218; x_wconf 84' lang='lat' dir='ltr'><strong>Jesu</strong></span> <span class='ocrx_word' id='word_1_31' title='bbox 1422 1185 1620 1226; x_wconf 81' lang='lat' dir='ltr'><strong>presbytero.</strong></span> 
     </span>
    </p>
   </div>
   <div class='ocr_carea' id='block_1_12' title="bbox 450 1330 706 1367">
    <p class='ocr_par' dir='ltr' id='par_1_12' title="bbox 450 1330 706 1367">
     <span class='ocr_line' id='line_1_12' title="bbox 450 1330 706 1367; baseline -0.008 -7"><span class='ocrx_word' id='word_1_32' title='bbox 450 1330 501 1367; x_wconf 80' lang='lat'><strong>51</strong></span> <span class='ocrx_word' id='word_1_33' title='bbox 522 1330 556 1359; x_wconf 84' lang='lat' dir='ltr'><strong>IN</strong></span> <span class='ocrx_word' id='word_1_34' title='bbox 581 1331 659 1359; x_wconf 84' lang='lat' dir='ltr'><strong>CAP.</strong></span> <span class='ocrx_word' id='word_1_35' title='bbox 684 1331 706 1358; x_wconf 82' lang='lat'><strong>1.</strong></span> 
     </span>
    </p>
   </div>
   <div class='ocr_carea' id='block_1_13' title="bbox 223 1386 971 1424">
    <p class='ocr_par' dir='ltr' id='par_1_13' title="bbox 223 1386 971 1424">
     <span class='ocr_line' id='line_1_13' title="bbox 223 1386 971 1424; baseline -0.001 -9"><span class='ocrx_word' id='word_1_36' title='bbox 223 1387 239 1424; x_wconf 67' lang='grc' dir='ltr'><strong>ς</strong></span> <span class='ocrx_word' id='word_1_37' title='bbox 257 1387 279 1415; x_wconf 89' lang='lat' dir='ltr'><strong>l.</strong></span> <span class='ocrx_word' id='word_1_38' title='bbox 299 1387 417 1422; x_wconf 62' lang='grc' dir='ltr'><strong>Βαίβιος.</strong></span> <span class='ocrx_word' id='word_1_39' title='bbox 439 1387 569 1416; x_wconf 82' lang='lat' dir='ltr'><strong>Deiticam</strong></span> <span class='ocrx_word' id='word_1_40' title='bbox 590 1388 708 1423; x_wconf 85' lang='lat' dir='ltr'><strong>appellat</strong></span> <span class='ocrx_word' id='word_1_41' title='bbox 721 1395 792 1420; x_wconf 80' lang='lat' dir='ltr'><strong>eam,</strong></span> <span class='ocrx_word' id='word_1_42' title='bbox 810 1394 870 1423; x_wconf 68' lang='lat' dir='ltr'><strong>quae</strong></span> <span class='ocrx_word' id='word_1_43' title='bbox 885 1394 901 1414; x_wconf 87' lang='lat' dir='ltr'><strong>a</strong></span> <span class='ocrx_word' id='word_1_44' title='bbox 916 1386 971 1414; x_wconf 87' lang='lat' dir='ltr'><strong>Deo</strong></span> 
     </span>
    </p>
   </div>
   <div class='ocr_carea' id='block_1_14' title="bbox 186 1433 972 1470">
    <p class='ocr_par' dir='ltr' id='par_1_14' title="bbox 186 1433 972 1470">
     <span class='ocr_line' id='line_1_14' title="bbox 186 1433 972 1470; baseline 0 -9"><span class='ocrx_word' id='word_1_45' title='bbox 186 1433 336 1470; x_wconf 85' lang='lat' dir='ltr'><strong>perﬁcitur,</strong></span> <span class='ocrx_word' id='word_1_46' title='bbox 347 1433 406 1462; x_wconf 85' lang='lat' dir='ltr'><strong>sive</strong></span> <span class='ocrx_word' id='word_1_47' title='bbox 419 1441 479 1470; x_wconf 67' lang='lat' dir='ltr'><strong>quae</strong></span> <span class='ocrx_word' id='word_1_48' title='bbox 492 1434 650 1462; x_wconf 88' lang='lat' dir='ltr'><strong>hominibus</strong></span> <span class='ocrx_word' id='word_1_49' title='bbox 664 1434 753 1468; x_wconf 87' lang='lat' dir='ltr'><strong>datur,</strong></span> <span class='ocrx_word' id='word_1_50' title='bbox 765 1434 853 1469; x_wconf 88' lang='lat' dir='ltr'><strong>adque</strong></span> <span class='ocrx_word' id='word_1_51' title='bbox 868 1433 972 1461; x_wconf 91' lang='lat' dir='ltr'><strong>idcirco</strong></span> 
     </span>
    </p>
   </div>
   <div class='ocr_carea' id='block_1_15' title="bbox 186 1479 971 1516">
    <p class='ocr_par' dir='ltr' id='par_1_15' title="bbox 186 1479 971 1516">
     <span class='ocr_line' id='line_1_15' title="bbox 186 1479 971 1516; baseline -0.003 -8"><span class='ocrx_word' id='word_1_52' title='bbox 186 1481 261 1516; x_wconf 90' lang='lat' dir='ltr'><strong>quod</strong></span> <span class='ocrx_word' id='word_1_53' title='bbox 279 1480 499 1510; x_wconf 85' lang='lat' dir='ltr'><strong>Christianorum</strong></span> <span class='ocrx_word' id='word_1_54' title='bbox 522 1480 677 1508; x_wconf 83' lang='lat' dir='ltr'><strong>hierarchia</strong></span> <span class='ocrx_word' id='word_1_55' title='bbox 699 1479 766 1508; x_wconf 86' lang='lat' dir='ltr'><strong>deos</strong></span> <span class='ocrx_word' id='word_1_56' title='bbox 787 1479 853 1507; x_wconf 82' lang='lat' dir='ltr'><strong>facit</strong></span> <span class='ocrx_word' id='word_1_57' title='bbox 875 1484 903 1507; x_wconf 85' lang='lat' dir='ltr'><strong>et</strong></span> <span class='ocrx_word' id='word_1_58' title='bbox 924 1479 971 1507; x_wconf 87' lang='lat' dir='ltr'><strong>ab-</strong></span> 
     </span>
    </p>
   </div>
   <div class='ocr_carea' id='block_1_16' title="bbox 185 1527 278 1556">
    <p class='ocr_par' dir='ltr' id='par_1_16' title="bbox 185 1527 278 1556">
     <span class='ocr_line' id='line_1_16' title="bbox 185 1527 278 1556; baseline 0 -1"><span class='ocrx_word' id='word_1_59' title='bbox 185 1527 278 1556; x_wconf 87' lang='lat' dir='ltr'><strong>solvit.</strong></span> 
     </span>
    </p>
   </div>
   <div class='ocr_carea' id='block_1_17' title="bbox 221 1572 970 1608">
    <p class='ocr_par' dir='ltr' id='par_1_17' title="bbox 221 1572 970 1608">
     <span class='ocr_line' id='line_1_17' title="bbox 221 1572 970 1608; baseline -0.003 -6"><span class='ocrx_word' id='word_1_60' title='bbox 221 1574 416 1603; x_wconf 78' lang='lat' dir='ltr'><strong>Traditionum.</strong></span> <span class='ocrx_word' id='word_1_61' title='bbox 431 1573 501 1608; x_wconf 84' lang='lat' dir='ltr'><strong>Quia</strong></span> <span class='ocrx_word' id='word_1_62' title='bbox 515 1573 695 1602; x_wconf 83' lang='lat' dir='ltr'><strong>ecclesiastici</strong></span> <span class='ocrx_word' id='word_1_63' title='bbox 709 1572 813 1601; x_wconf 83' lang='lat' dir='ltr'><strong>ordinis</strong></span> <span class='ocrx_word' id='word_1_64' title='bbox 829 1573 970 1601; x_wconf 82' lang='lat' dir='ltr'><strong>scientiam</strong></span> 
     </span>
    </p>
   </div>
   <div class='ocr_carea' id='block_1_18' title="bbox 183 1621 461 1657">
    <p class='ocr_par' dir='ltr' id='par_1_18' title="bbox 183 1621 461 1657">
     <span class='ocr_line' id='line_1_18' title="bbox 183 1621 461 1657; baseline 0.004 -10"><span class='ocrx_word' id='word_1_65' title='bbox 183 1621 332 1649; x_wconf 84' lang='lat' dir='ltr'><strong>traditione</strong></span> <span class='ocrx_word' id='word_1_66' title='bbox 347 1621 461 1657; x_wconf 87' lang='lat' dir='ltr'><strong>accepit.</strong></span> 
     </span>
    </p>
   </div>
   <div class='ocr_carea' id='block_1_19' title="bbox 220 1665 971 1702">
    <p class='ocr_par' dir='ltr' id='par_1_19' title="bbox 220 1665 971 1702">
     <span class='ocr_line' id='line_1_19' title="bbox 220 1665 971 1702; baseline -0.001 -8"><span class='ocrx_word' id='word_1_67' title='bbox 220 1666 283 1694; x_wconf 85' lang='lat' dir='ltr'><strong>Non</strong></span> <span class='ocrx_word' id='word_1_68' title='bbox 297 1667 434 1702; x_wconf 66' lang='lat' dir='ltr'><strong>explodas.</strong></span> <span class='ocrx_word' id='word_1_69' title='bbox 444 1666 473 1695; x_wconf 88' lang='lat' dir='ltr'><strong>ld</strong></span> <span class='ocrx_word' id='word_1_70' title='bbox 486 1671 540 1700; x_wconf 86' lang='lat' dir='ltr'><strong>est,</strong></span> <span class='ocrx_word' id='word_1_71' title='bbox 556 1673 611 1694; x_wconf 92' lang='lat' dir='ltr'><strong>non</strong></span> <span class='ocrx_word' id='word_1_72' title='bbox 629 1665 743 1694; x_wconf 83' lang='lat' dir='ltr'><strong>ridicule</strong></span> <span class='ocrx_word' id='word_1_73' title='bbox 751 1670 778 1694; x_wconf 89' lang='lat' dir='ltr'><strong>et</strong></span> <span class='ocrx_word' id='word_1_74' title='bbox 791 1667 971 1694; x_wconf 82' lang='lat' dir='ltr'><strong>irreverenter</strong></span> 
     </span>
    </p>
   </div>
   <div class='ocr_carea' id='block_1_20' title="bbox 182 1712 969 1748">
    <p class='ocr_par' dir='ltr' id='par_1_20' title="bbox 182 1712 969 1748">
     <span class='ocr_line' id='line_1_20' title="bbox 182 1712 969 1748; baseline 0 -9"><span class='ocrx_word' id='word_1_75' title='bbox 182 1712 329 1740; x_wconf 81' lang='lat' dir='ltr'><strong>manifesta</strong></span> <span class='ocrx_word' id='word_1_76' title='bbox 361 1714 490 1742; x_wconf 85' lang='lat' dir='ltr'><strong>omnibus</strong></span> <span class='ocrx_word' id='word_1_77' title='bbox 522 1713 645 1748; x_wconf 79' lang='lat' dir='ltr'><strong>profanis</strong></span> <span class='ocrx_word' id='word_1_78' title='bbox 675 1712 770 1745; x_wconf 80' lang='lat' dir='ltr'><strong>facies.</strong></span> <span class='ocrx_word' id='word_1_79' title='bbox 798 1713 969 1741; x_wconf 83' lang='lat' dir='ltr'><strong>occasionem</strong></span> 
     </span>
    </p>
   </div>
   <div class='ocr_carea' id='block_1_21' title="bbox 182 1758 896 1796">
    <p class='ocr_par' dir='ltr' id='par_1_21' title="bbox 182 1758 896 1796">
     <span class='ocr_line' id='line_1_21' title="bbox 182 1758 896 1796; baseline 0.001 -10"><span class='ocrx_word' id='word_1_80' title='bbox 182 1759 268 1793; x_wconf 83' lang='lat' dir='ltr'><strong>risus,</strong></span> <span class='ocrx_word' id='word_1_81' title='bbox 283 1759 391 1789; x_wconf 84' lang='lat' dir='ltr'><strong>divinas</strong></span> <span class='ocrx_word' id='word_1_82' title='bbox 407 1765 434 1789; x_wconf 90' lang='lat' dir='ltr'><strong>et</strong></span> <span class='ocrx_word' id='word_1_83' title='bbox 449 1760 572 1796; x_wconf 81' lang='lat' dir='ltr'><strong>mysterii</strong></span> <span class='ocrx_word' id='word_1_84' title='bbox 581 1760 686 1795; x_wconf 66' lang='lat' dir='ltr'><strong>plenas</strong></span> <span class='ocrx_word' id='word_1_85' title='bbox 701 1760 752 1796; x_wconf 82' lang='lat' dir='ltr'><strong>[res</strong></span> <span class='ocrx_word' id='word_1_86' title='bbox 766 1758 896 1788; x_wconf 80' lang='lat' dir='ltr'><strong>eﬂiciens.</strong></span> 
     </span>
    </p>
   </div>
   <div class='ocr_carea' id='block_1_22' title="bbox 218 1849 970 1885">
    <p class='ocr_par' dir='ltr' id='par_1_22' title="bbox 218 1849 970 1885">
     <span class='ocr_line' id='line_1_22' title="bbox 218 1849 970 1885; baseline -0.001 -7"><span class='ocrx_word' id='word_1_87' title='bbox 218 1849 290 1878; x_wconf 80' lang='lat' dir='ltr'><strong>Solis</strong></span> <span class='ocrx_word' id='word_1_88' title='bbox 308 1857 368 1877; x_wconf 74' lang='lat' dir='ltr'><strong>vero</strong></span> <span class='ocrx_word' id='word_1_89' title='bbox 383 1850 492 1878; x_wconf 75' lang='lat' dir='ltr'><strong>sanctis.</strong></span> <span class='ocrx_word' id='word_1_90' title='bbox 517 1850 587 1883; x_wconf 80' lang='lat' dir='ltr'><strong>Quia</strong></span> <span class='ocrx_word' id='word_1_91' title='bbox 599 1857 655 1877; x_wconf 90' lang='lat' dir='ltr'><strong>non</strong></span> <span class='ocrx_word' id='word_1_92' title='bbox 670 1853 777 1885; x_wconf 80' lang='lat' dir='ltr'><strong>oportet</strong></span> <span class='ocrx_word' id='word_1_93' title='bbox 797 1854 893 1879; x_wconf 80' lang='lat' dir='ltr'><strong>sancta</strong></span> <span class='ocrx_word' id='word_1_94' title='bbox 907 1857 970 1885; x_wconf 88' lang='lat' dir='ltr'><strong>pro-</strong></span> 
     </span>
    </p>
   </div>
   <div class='ocr_carea' id='block_1_23' title="bbox 181 1895 938 1932">
    <p class='ocr_par' dir='ltr' id='par_1_23' title="bbox 181 1895 938 1932">
     <span class='ocr_line' id='line_1_23' title="bbox 181 1895 938 1932; baseline 0 -8"><span class='ocrx_word' id='word_1_95' title='bbox 181 1895 255 1924; x_wconf 70' lang='lat' dir='ltr'><strong>fanis</strong></span> <span class='ocrx_word' id='word_1_96' title='bbox 273 1896 422 1931; x_wconf 82' lang='lat' dir='ltr'><strong>explicare,</strong></span> <span class='ocrx_word' id='word_1_97' title='bbox 436 1903 488 1924; x_wconf 90' lang='lat' dir='ltr'><strong>nec</strong></span> <span class='ocrx_word' id='word_1_98' title='bbox 505 1896 670 1932; x_wconf 78' lang='lat' dir='ltr'><strong>margaritas</strong></span> <span class='ocrx_word' id='word_1_99' title='bbox 685 1897 780 1924; x_wconf 87' lang='lat' dir='ltr'><strong>suibus</strong></span> <span class='ocrx_word' id='word_1_100' title='bbox 794 1897 938 1932; x_wconf 86' lang='lat' dir='ltr'><strong>projicere.</strong></span> 
     </span>
    </p>
   </div>
   <div class='ocr_carea' id='block_1_24' title="bbox 983 1332 1010 1362">
    <p class='ocr_par' dir='ltr' id='par_1_24' title="bbox 983 1332 1010 1362">
     <span class='ocr_line' id='line_1_24' title="bbox 983 1332 1010 1362; baseline 0 0"><span class='ocrx_word' id='word_1_101' title='bbox 983 1332 1010 1362; x_wconf 79' lang='grc' dir='ltr'><strong>Δ</strong></span> 
     </span>
    </p>
   </div>
   <div class='ocr_carea' id='block_1_25' title="bbox 1255 1328 1578 1357">
    <p class='ocr_par' dir='ltr' id='par_1_25' title="bbox 1255 1328 1578 1357">
     <span class='ocr_line' id='line_1_25' title="bbox 1255 1328 1578 1357; baseline 0.003 -3"><span class='ocrx_word' id='word_1_102' title='bbox 1255 1328 1309 1355; x_wconf 86' lang='grc' dir='ltr'><strong>ΕΙΣ</strong></span> <span class='ocrx_word' id='word_1_103' title='bbox 1328 1328 1373 1355; x_wconf 86' lang='grc' dir='ltr'><strong>ΤΟ</strong></span> <span class='ocrx_word' id='word_1_104' title='bbox 1390 1328 1516 1357; x_wconf 76' lang='grc' dir='ltr'><strong>ΚΕΦΑΛ.</strong></span> <span class='ocrx_word' id='word_1_105' title='bbox 1536 1329 1578 1356; x_wconf 86' lang='lat' dir='ltr'><strong>A’.</strong></span> 
     </span>
    </p>
   </div>
   <div class='ocr_carea' id='block_1_26' title="bbox 1056 1385 1804 1423">
    <p class='ocr_par' dir='ltr' id='par_1_26' title="bbox 1056 1385 1804 1423">
     <span class='ocr_line' id='line_1_26' title="bbox 1056 1385 1804 1423; baseline 0.004 -11"><span class='ocrx_word' id='word_1_106' title='bbox 1056 1385 1070 1421; x_wconf 65' lang='grc' dir='ltr'><strong>ς</strong></span> <span class='ocrx_word' id='word_1_107' title='bbox 1086 1386 1105 1413; x_wconf 90' lang='lat' dir='ltr'><strong>l.</strong></span> <span class='ocrx_word' id='word_1_108' title='bbox 1125 1385 1166 1422; x_wconf 84' lang='grc' dir='ltr'><strong>[α]</strong></span> <span class='ocrx_word' id='word_1_109' title='bbox 1183 1385 1371 1420; x_wconf 81' lang='grc' dir='ltr'><strong>Θεουργικῆς.</strong></span> <span class='ocrx_word' id='word_1_110' title='bbox 1383 1385 1550 1422; x_wconf 85' lang='grc' dir='ltr'><strong>Θεουργικῆς</strong></span> <span class='ocrx_word' id='word_1_111' title='bbox 1559 1395 1625 1423; x_wconf 86' lang='grc' dir='ltr'>φησι</span> <span class='ocrx_word' id='word_1_112' title='bbox 1637 1386 1687 1422; x_wconf 84' lang='grc' dir='ltr'>τῆς</span> <span class='ocrx_word' id='word_1_113' title='bbox 1697 1386 1729 1414; x_wconf 77' lang='grc' dir='ltr'><strong>ἐκ</strong></span> <span class='ocrx_word' id='word_1_114' title='bbox 1736 1387 1804 1415; x_wconf 81' lang='grc' dir='ltr'><strong>Θεοῦ</strong></span> 
     </span>
    </p>
   </div>
   <div class='ocr_carea' id='block_1_27' title="bbox 1021 1431 1807 1468">
    <p class='ocr_par' dir='ltr' id='par_1_27' title="bbox 1021 1431 1807 1468">
     <span class='ocr_line' id='line_1_27' title="bbox 1021 1431 1807 1468; baseline 0.004 -10"><span class='ocrx_word' id='word_1_115' title='bbox 1021 1431 1235 1468; x_wconf 75' lang='grc' dir='ltr'><strong>ἐνεργουμένης,</strong></span> <span class='ocrx_word' id='word_1_116' title='bbox 1261 1432 1344 1468; x_wconf 77' lang='grc' dir='ltr'>ἥγουν</span> <span class='ocrx_word' id='word_1_117' title='bbox 1362 1431 1485 1468; x_wconf 76' lang='grc' dir='ltr'><strong>δοθείσης</strong></span> <span class='ocrx_word' id='word_1_118' title='bbox 1506 1431 1678 1468; x_wconf 81' lang='grc' dir='ltr'>ἀνθρώποις,</span> <span class='ocrx_word' id='word_1_119' title='bbox 1701 1433 1748 1460; x_wconf 76' lang='grc' dir='ltr'><strong>καὶ</strong></span> <span class='ocrx_word' id='word_1_120' title='bbox 1765 1434 1807 1461; x_wconf 80' lang='grc' dir='ltr'>ὅτι</span> 
     </span>
    </p>
   </div>
   <div class='ocr_carea' id='block_1_28' title="bbox 1022 1477 1805 1515">
    <p class='ocr_par' dir='ltr' id='par_1_28' title="bbox 1022 1477 1805 1515">
     <span class='ocr_line' id='line_1_28' title="bbox 1022 1477 1805 1515; baseline 0.003 -11"><span class='ocrx_word' id='word_1_121' title='bbox 1022 1477 1100 1510; x_wconf 83' lang='grc' dir='ltr'>θεοὺς</span> <span class='ocrx_word' id='word_1_122' title='bbox 1120 1478 1303 1514; x_wconf 78' lang='grc' dir='ltr'><strong>ἀπεργάζεται</strong></span> <span class='ocrx_word' id='word_1_123' title='bbox 1328 1478 1375 1505; x_wconf 83' lang='grc' dir='ltr'><strong>καὶ</strong></span> <span class='ocrx_word' id='word_1_124' title='bbox 1396 1478 1521 1506; x_wconf 79' lang='grc' dir='ltr'>ἀποτελεϊ</span> <span class='ocrx_word' id='word_1_125' title='bbox 1543 1480 1560 1514; x_wconf 79' lang='grc' dir='ltr'><strong>ἡ</strong></span> <span class='ocrx_word' id='word_1_126' title='bbox 1584 1480 1614 1506; x_wconf 80' lang='grc' dir='ltr'>ὲν</span> <span class='ocrx_word' id='word_1_127' title='bbox 1635 1480 1805 1515; x_wconf 73' lang='grc' dir='ltr'>Χριπιανοῖς</span> 
     </span>
    </p>
   </div>
   <div class='ocr_carea' id='block_1_29' title="bbox 1022 1524 1158 1560">
    <p class='ocr_par' dir='ltr' id='par_1_29' title="bbox 1022 1524 1158 1560">
     <span class='ocr_line' id='line_1_29' title="bbox 1022 1524 1158 1560; baseline 0.007 -10"><span class='ocrx_word' id='word_1_128' title='bbox 1022 1524 1158 1560; x_wconf 77' lang='grc' dir='ltr'>ιεραρχία.</span> 
     </span>
    </p>
   </div>
   <div class='ocr_carea' id='block_1_30' title="bbox 1055 1571 1806 1608">
    <p class='ocr_par' dir='ltr' id='par_1_30' title="bbox 1055 1571 1806 1608">
     <span class='ocr_line' id='line_1_30' title="bbox 1055 1571 1806 1608; baseline 0 -10"><span class='ocrx_word' id='word_1_129' title='bbox 1055 1571 1263 1606; x_wconf 75' lang='grc' dir='ltr'><strong>Παραὸόσεων,</strong></span> <span class='ocrx_word' id='word_1_130' title='bbox 1277 1571 1338 1599; x_wconf 88' lang='grc' dir='ltr'><strong>Ὅτι</strong></span> <span class='ocrx_word' id='word_1_131' title='bbox 1353 1571 1402 1608; x_wconf 87' lang='grc' dir='ltr'>τὴν</span> <span class='ocrx_word' id='word_1_132' title='bbox 1418 1571 1577 1607; x_wconf 77' lang='grc' dir='ltr'>ἱεραρχικὴν</span> <span class='ocrx_word' id='word_1_133' title='bbox 1594 1571 1750 1607; x_wconf 75' lang='grc' dir='ltr'><strong>ἐπιστήμην</strong></span> <span class='ocrx_word' id='word_1_134' title='bbox 1773 1572 1806 1598; x_wconf 74' lang='grc' dir='ltr'><strong>ὲκ</strong></span> 
     </span>
    </p>
   </div>
   <div class='ocr_carea' id='block_1_31' title="bbox 1021 1617 1373 1653">
    <p class='ocr_par' dir='ltr' id='par_1_31' title="bbox 1021 1617 1373 1653">
     <span class='ocr_line' id='line_1_31' title="bbox 1021 1617 1373 1653; baseline 0.006 -10"><span class='ocrx_word' id='word_1_135' title='bbox 1021 1617 1195 1653; x_wconf 76' lang='grc' dir='ltr'><strong>παραδόσεως</strong></span> <span class='ocrx_word' id='word_1_136' title='bbox 1211 1617 1373 1653; x_wconf 81' lang='grc' dir='ltr'>παρέλαϐεν.</span> 
     </span>
    </p>
   </div>
   <div class='ocr_carea' id='block_1_32' title="bbox 1058 1662 1806 1699">
    <p class='ocr_par' dir='ltr' id='par_1_32' title="bbox 1058 1662 1806 1699">
     <span class='ocr_line' id='line_1_32' title="bbox 1058 1662 1806 1699; baseline 0.001 -9"><span class='ocrx_word' id='word_1_137' title='bbox 1058 1662 1096 1699; x_wconf 78' lang='grc' dir='ltr'><strong>[β]</strong></span> <span class='ocrx_word' id='word_1_138' title='bbox 1121 1665 1184 1691; x_wconf 82' lang='grc' dir='ltr'><strong>Οὐκ</strong></span> <span class='ocrx_word' id='word_1_139' title='bbox 1213 1664 1376 1698; x_wconf 78' lang='grc' dir='ltr'><strong>ἐξορχήσῃ.</strong></span> <span class='ocrx_word' id='word_1_140' title='bbox 1407 1664 1550 1692; x_wconf 81' lang='grc' dir='ltr'>Τουτέστιν</span> <span class='ocrx_word' id='word_1_141' title='bbox 1578 1664 1609 1691; x_wconf 84' lang='grc' dir='ltr'><strong>οὺ</strong></span> <span class='ocrx_word' id='word_1_142' title='bbox 1638 1664 1806 1699; x_wconf 83' lang='grc' dir='ltr'>παιγνιωδῶς</span> 
     </span>
    </p>
   </div>
   <div class='ocr_carea' id='block_1_33' title="bbox 1021 1710 1806 1746">
    <p class='ocr_par' dir='ltr' id='par_1_33' title="bbox 1021 1710 1806 1746">
     <span class='ocr_line' id='line_1_33' title="bbox 1021 1710 1806 1746; baseline 0.001 -10"><span class='ocrx_word' id='word_1_143' title='bbox 1021 1710 1068 1737; x_wconf 77' lang='grc' dir='ltr'>καὶ</span> <span class='ocrx_word' id='word_1_144' title='bbox 1089 1710 1243 1742; x_wconf 78' lang='grc' dir='ltr'>ἀνευλαὸῶς</span> <span class='ocrx_word' id='word_1_145' title='bbox 1265 1711 1387 1746; x_wconf 82' lang='grc' dir='ltr'><strong>ποιήσεις</strong></span> <span class='ocrx_word' id='word_1_146' title='bbox 1408 1711 1474 1738; x_wconf 84' lang='grc' dir='ltr'><strong>πᾶσι</strong></span> <span class='ocrx_word' id='word_1_147' title='bbox 1497 1712 1553 1743; x_wconf 86' lang='grc' dir='ltr'>τοῖς</span> <span class='ocrx_word' id='word_1_148' title='bbox 1581 1711 1699 1746; x_wconf 83' lang='grc' dir='ltr'>ὰνιέροις</span> <span class='ocrx_word' id='word_1_149' title='bbox 1720 1719 1806 1737; x_wconf 84' lang='grc' dir='ltr'>κατα-</span> 
     </span>
    </p>
   </div>
   <div class='ocr_carea' id='block_1_34' title="bbox 1021 1756 1806 1793">
    <p class='ocr_par' dir='ltr' id='par_1_34' title="bbox 1021 1756 1806 1793">
     <span class='ocr_line' id='line_1_34' title="bbox 1021 1756 1806 1793; baseline 0 -10"><span class='ocrx_word' id='word_1_150' title='bbox 1021 1757 1111 1792; x_wconf 83' lang='grc' dir='ltr'>φανῆ,</span> <span class='ocrx_word' id='word_1_151' title='bbox 1137 1756 1252 1791; x_wconf 84' lang='grc' dir='ltr'><strong>γέλωτος</strong></span> <span class='ocrx_word' id='word_1_152' title='bbox 1277 1757 1404 1793; x_wconf 80' lang='grc' dir='ltr'>ἀφορμὴν</span> <span class='ocrx_word' id='word_1_153' title='bbox 1425 1757 1599 1793; x_wconf 83' lang='grc' dir='ltr'>ποιούμενος,</span> <span class='ocrx_word' id='word_1_154' title='bbox 1618 1758 1652 1784; x_wconf 83' lang='grc' dir='ltr'>τὰ</span> <span class='ocrx_word' id='word_1_155' title='bbox 1676 1757 1734 1784; x_wconf 84' lang='grc' dir='ltr'>θεῖα</span> <span class='ocrx_word' id='word_1_156' title='bbox 1759 1757 1806 1784; x_wconf 74' lang='grc' dir='ltr'><strong>καὶ</strong></span> 
     </span>
    </p>
   </div>
   <div class='ocr_carea' id='block_1_35' title="bbox 1023 1803 1151 1838">
    <p class='ocr_par' dir='ltr' id='par_1_35' title="bbox 1023 1803 1151 1838">
     <span class='ocr_line' id='line_1_35' title="bbox 1023 1803 1151 1838; baseline 0.008 -9"><span class='ocrx_word' id='word_1_157' title='bbox 1023 1803 1151 1838; x_wconf 80' lang='grc' dir='ltr'><strong>μυστικά.</strong></span> 
     </span>
    </p>
   </div>
   <div class='ocr_carea' id='block_1_36' title="bbox 1056 1849 1806 1886">
    <p class='ocr_par' dir='ltr' id='par_1_36' title="bbox 1056 1849 1806 1886">
     <span class='ocr_line' id='line_1_36' title="bbox 1056 1849 1806 1886; baseline 0 -9"><span class='ocrx_word' id='word_1_158' title='bbox 1056 1850 1096 1886; x_wconf 74' lang='grc' dir='ltr'><strong>[γ]</strong></span> <span class='ocrx_word' id='word_1_159' title='bbox 1123 1849 1223 1884; x_wconf 76' lang='grc' dir='ltr'>’Ῑεροῖς</span> <span class='ocrx_word' id='word_1_160' title='bbox 1237 1850 1271 1877; x_wconf 79' lang='grc' dir='ltr'><strong>δὲ</strong></span> <span class='ocrx_word' id='word_1_161' title='bbox 1281 1850 1395 1885; x_wconf 82' lang='grc' dir='ltr'><strong>μόνοις.</strong></span> <span class='ocrx_word' id='word_1_162' title='bbox 1418 1850 1479 1877; x_wconf 74' lang='grc' dir='ltr'>Ὀτι</span> <span class='ocrx_word' id='word_1_163' title='bbox 1503 1849 1534 1877; x_wconf 81' lang='grc' dir='ltr'><strong>οὐ</strong></span> <span class='ocrx_word' id='word_1_164' title='bbox 1552 1850 1592 1876; x_wconf 88' lang='grc' dir='ltr'><strong>δεῖ</strong></span> <span class='ocrx_word' id='word_1_165' title='bbox 1606 1849 1641 1876; x_wconf 81' lang='grc' dir='ltr'><strong>τὰ</strong></span> <span class='ocrx_word' id='word_1_166' title='bbox 1656 1849 1722 1883; x_wconf 82' lang='grc' dir='ltr'>ἆγια</span> <span class='ocrx_word' id='word_1_167' title='bbox 1748 1851 1806 1882; x_wconf 77' lang='grc' dir='ltr'>τοῖς</span> 
     </span>
    </p>
   </div>
   <div class='ocr_carea' id='block_1_37' title="bbox 1021 1896 1807 1933">
    <p class='ocr_par' dir='ltr' id='par_1_37' title="bbox 1021 1896 1807 1933">
     <span class='ocr_line' id='line_1_37' title="bbox 1021 1896 1807 1933; baseline 0.001 -11"><span class='ocrx_word' id='word_1_168' title='bbox 1021 1896 1142 1932; x_wconf 79' lang='grc' dir='ltr'>βεϐήλοις</span> <span class='ocrx_word' id='word_1_169' title='bbox 1155 1897 1301 1931; x_wconf 80' lang='grc' dir='ltr'>ἐκφαίνειν,</span> <span class='ocrx_word' id='word_1_170' title='bbox 1313 1896 1373 1923; x_wconf 79' lang='grc' dir='ltr'><strong>οὐδὲ</strong></span> <span class='ocrx_word' id='word_1_171' title='bbox 1381 1896 1444 1928; x_wconf 85' lang='grc' dir='ltr'>τοὺς</span> <span class='ocrx_word' id='word_1_172' title='bbox 1458 1896 1628 1932; x_wconf 82' lang='grc' dir='ltr'>μαργαρίτας</span> <span class='ocrx_word' id='word_1_173' title='bbox 1639 1898 1694 1928; x_wconf 79' lang='grc' dir='ltr'>τοῖς</span> <span class='ocrx_word' id='word_1_174' title='bbox 1705 1897 1807 1933; x_wconf 79' lang='grc' dir='ltr'>χοίροις</span> 
     </span>
    </p>
   </div>
   <div class='ocr_carea' id='block_1_38' title="bbox 1022 1943 1137 1979">
    <p class='ocr_par' dir='ltr' id='par_1_38' title="bbox 1022 1943 1137 1979">
     <span class='ocr_line' id='line_1_38' title="bbox 1022 1943 1137 1979; baseline 0.009 -9"><span class='ocrx_word' id='word_1_175' title='bbox 1022 1943 1137 1979; x_wconf 76' lang='grc' dir='ltr'>ῥίπτειν.</span> 
     </span>
    </p>
   </div>
   <div class='ocr_carea' id='block_1_39' title="bbox 216 1985 963 2031">
    <p class='ocr_par' dir='ltr' id='par_1_39' title="bbox 216 1985 963 2017">
     <span class='ocr_line' id='line_1_39' title="bbox 216 1985 963 2017; baseline 0.003 -4"><span class='ocrx_word' id='word_1_176' title='bbox 216 1985 390 2013; x_wconf 75' lang='lat' dir='ltr'><strong>Diviniuima</strong></span> <span class='ocrx_word' id='word_1_177' title='bbox 403 1994 487 2017; x_wconf 78' lang='lat' dir='ltr'><strong>mens.</strong></span> <span class='ocrx_word' id='word_1_178' title='bbox 509 1986 665 2015; x_wconf 84' lang='lat' dir='ltr'><strong>Notandum</strong></span> <span class='ocrx_word' id='word_1_179' title='bbox 693 1990 735 2014; x_wconf 85' lang='lat' dir='ltr'><strong>est</strong></span> <span class='ocrx_word' id='word_1_180' title='bbox 758 1991 854 2015; x_wconf 84' lang='lat' dir='ltr'><strong>contra</strong></span> <span class='ocrx_word' id='word_1_181' title='bbox 874 1987 963 2015; x_wconf 86' lang='lat' dir='ltr'><strong>Nesto-</strong></span> 
     </span>
    </p>
   </div>
   <div class='ocr_carea' id='block_1_40' title="bbox 1031 1985 1806 2031">
    <p class='ocr_par' dir='ltr' id='par_1_40' title="bbox 1057 1987 1806 2025">
     <span class='ocr_line' id='line_1_40' title="bbox 1057 1987 1806 2025; baseline 0 -9"><span class='ocrx_word' id='word_1_182' title='bbox 1057 1989 1092 2025; x_wconf 87' lang='grc' dir='ltr'><strong>[δ]</strong></span> <span class='ocrx_word' id='word_1_183' title='bbox 1123 1990 1154 2016; x_wconf 80' lang='lat'><strong>&#39;0</strong></span> <span class='ocrx_word' id='word_1_184' title='bbox 1177 1987 1409 2023; x_wconf 79' lang='grc' dir='ltr'>θεαρχικώτατος</span> <span class='ocrx_word' id='word_1_185' title='bbox 1431 1987 1513 2021; x_wconf 83' lang='grc' dir='ltr'><strong>νοῦς.</strong></span> <span class='ocrx_word' id='word_1_186' title='bbox 1541 1988 1710 2024; x_wconf 88' lang='grc' dir='ltr'>Σημειωτέον</span> <span class='ocrx_word' id='word_1_187' title='bbox 1735 1989 1806 2016; x_wconf 77' lang='grc' dir='ltr'>κατὰ</span> 
     </span>
    </p>
   </div>
   <div class='ocr_carea' id='block_1_41' title="bbox 180 2032 969 2065">
    <p class='ocr_par' dir='ltr' id='par_1_41' title="bbox 180 2032 969 2065">
     <span class='ocr_line' id='line_1_41' title="bbox 180 2032 969 2065; baseline 0.005 -6"><span class='ocrx_word' id='word_1_188' title='bbox 180 2032 286 2065; x_wconf 81' lang='lat' dir='ltr'><strong>rianos,</strong></span> <span class='ocrx_word' id='word_1_189' title='bbox 307 2035 426 2060; x_wconf 88' lang='lat' dir='ltr'><strong>mentem</strong></span> <span class='ocrx_word' id='word_1_190' title='bbox 443 2033 524 2060; x_wconf 84' lang='lat' dir='ltr'><strong>etiam</strong></span> <span class='ocrx_word' id='word_1_191' title='bbox 544 2033 577 2061; x_wconf 89' lang='lat' dir='ltr'><strong>de</strong></span> <span class='ocrx_word' id='word_1_192' title='bbox 589 2033 645 2061; x_wconf 87' lang='lat' dir='ltr'><strong>Deo</strong></span> <span class='ocrx_word' id='word_1_193' title='bbox 659 2033 723 2061; x_wconf 89' lang='lat' dir='ltr'><strong>dici.</strong></span> <span class='ocrx_word' id='word_1_194' title='bbox 740 2032 969 2063; x_wconf 79' lang='lat' dir='ltr'><strong>Sanctiﬁcationis</strong></span> 
     </span>
    </p>
   </div>
   <div class='ocr_carea' id='block_1_42' title="bbox 180 2078 737 2114">
    <p class='ocr_par' dir='ltr' id='par_1_42' title="bbox 180 2078 737 2114">
     <span class='ocr_line' id='line_1_42' title="bbox 180 2078 737 2114; baseline 0.002 -8"><span class='ocrx_word' id='word_1_195' title='bbox 180 2083 272 2106; x_wconf 68' lang='lat' dir='ltr'><strong>autem</strong></span> <span class='ocrx_word' id='word_1_196' title='bbox 290 2078 348 2106; x_wconf 80' lang='lat' dir='ltr'><strong>sive</strong></span> <span class='ocrx_word' id='word_1_197' title='bbox 362 2078 490 2114; x_wconf 77' lang='lat' dir='ltr'><strong>puritatis</strong></span> <span class='ocrx_word' id='word_1_198' title='bbox 502 2079 536 2107; x_wconf 85' lang='lat' dir='ltr'><strong>ad</strong></span> <span class='ocrx_word' id='word_1_199' title='bbox 554 2081 737 2108; x_wconf 80' lang='lat' dir='ltr'><strong>sanctitatem.</strong></span> 
     </span>
    </p>
   </div>
   <div class='ocr_carea' id='block_1_43' title="bbox 221 2124 966 2162">
    <p class='ocr_par' dir='ltr' id='par_1_43' title="bbox 221 2124 966 2162">
     <span class='ocr_line' id='line_1_43' title="bbox 221 2124 966 2162; baseline 0.004 -10"><span class='ocrx_word' id='word_1_200' title='bbox 221 2124 274 2160; x_wconf 71' lang='lat'><strong>52</strong></span> <span class='ocrx_word' id='word_1_201' title='bbox 293 2125 389 2158; x_wconf 79' lang='lat' dir='ltr'><strong>Quoad</strong></span> <span class='ocrx_word' id='word_1_202' title='bbox 416 2126 475 2160; x_wconf 79' lang='lat' dir='ltr'><strong>ﬁeri</strong></span> <span class='ocrx_word' id='word_1_203' title='bbox 501 2130 597 2161; x_wconf 81' lang='lat' dir='ltr'><strong>potest.</strong></span> <span class='ocrx_word' id='word_1_204' title='bbox 618 2126 774 2154; x_wconf 89' lang='lat' dir='ltr'><strong>Secundum</strong></span> <span class='ocrx_word' id='word_1_205' title='bbox 802 2131 966 2162; x_wconf 86' lang='lat' dir='ltr'><strong>potestatem</strong></span> 
     </span>
    </p>
   </div>
   <div class='ocr_carea' id='block_1_44' title="bbox 179 2172 969 2208">
    <p class='ocr_par' dir='ltr' id='par_1_44' title="bbox 179 2172 969 2208">
     <span class='ocr_line' id='line_1_44' title="bbox 179 2172 969 2208; baseline 0.003 -9"><span class='ocrx_word' id='word_1_206' title='bbox 179 2172 378 2205; x_wconf 86' lang='lat' dir='ltr'><strong>essentiarum,</strong></span> <span class='ocrx_word' id='word_1_207' title='bbox 404 2180 465 2207; x_wconf 85' lang='lat' dir='ltr'><strong>quae</strong></span> <span class='ocrx_word' id='word_1_208' title='bbox 489 2177 580 2201; x_wconf 85' lang='lat' dir='ltr'><strong>mente</strong></span> <span class='ocrx_word' id='word_1_209' title='bbox 605 2176 670 2201; x_wconf 91' lang='lat' dir='ltr'><strong>sunt</strong></span> <span class='ocrx_word' id='word_1_210' title='bbox 690 2172 828 2208; x_wconf 59' lang='lat' dir='ltr'><strong>praditae,</strong></span> <span class='ocrx_word' id='word_1_211' title='bbox 854 2178 882 2201; x_wconf 87' lang='lat' dir='ltr'><strong>et</strong></span> <span class='ocrx_word' id='word_1_212' title='bbox 910 2173 969 2201; x_wconf 84' lang='lat' dir='ltr'><strong>sola</strong></span> 
     </span>
    </p>
   </div>
   <div class='ocr_carea' id='block_1_45' title="bbox 178 2219 967 2255">
    <p class='ocr_par' dir='ltr' id='par_1_45' title="bbox 178 2219 967 2255">
     <span class='ocr_line' id='line_1_45' title="bbox 178 2219 967 2255; baseline 0.001 -9"><span class='ocrx_word' id='word_1_213' title='bbox 178 2221 271 2247; x_wconf 77' lang='lat' dir='ltr'><strong>mente</strong></span> <span class='ocrx_word' id='word_1_214' title='bbox 286 2223 507 2254; x_wconf 74' lang='lat' dir='ltr'><strong>cognoscuntur;</strong></span> <span class='ocrx_word' id='word_1_215' title='bbox 527 2227 616 2255; x_wconf 84' lang='lat' dir='ltr'><strong>neque</strong></span> <span class='ocrx_word' id='word_1_216' title='bbox 630 2220 703 2248; x_wconf 89' lang='lat' dir='ltr'><strong>enim</strong></span> <span class='ocrx_word' id='word_1_217' title='bbox 713 2219 804 2252; x_wconf 86' lang='lat' dir='ltr'><strong>Jesus,</strong></span> <span class='ocrx_word' id='word_1_218' title='bbox 817 2220 967 2249; x_wconf 87' lang='lat' dir='ltr'><strong>secundum</strong></span> 
     </span>
    </p>
   </div>
   <div class='ocr_carea' id='block_1_46' title="bbox 178 2266 965 2302">
    <p class='ocr_par' dir='ltr' id='par_1_46' title="bbox 178 2266 965 2302">
     <span class='ocr_line' id='line_1_46' title="bbox 178 2266 965 2302; baseline 0.003 -10"><span class='ocrx_word' id='word_1_219' title='bbox 178 2268 341 2300; x_wconf 83' lang='lat' dir='ltr'><strong>potestatem</strong></span> <span class='ocrx_word' id='word_1_220' title='bbox 358 2273 435 2293; x_wconf 86' lang='lat' dir='ltr'><strong>suam</strong></span> <span class='ocrx_word' id='word_1_221' title='bbox 451 2266 524 2301; x_wconf 88' lang='lat' dir='ltr'><strong>(scil.</strong></span> <span class='ocrx_word' id='word_1_222' title='bbox 540 2267 675 2302; x_wconf 83' lang='grc' dir='ltr'><strong>ἀφομοιοῖ,</strong></span> <span class='ocrx_word' id='word_1_223' title='bbox 688 2267 741 2295; x_wconf 87' lang='lat' dir='ltr'><strong>sibi</strong></span> <span class='ocrx_word' id='word_1_224' title='bbox 757 2267 861 2295; x_wconf 89' lang='lat' dir='ltr'><strong>similes</strong></span> <span class='ocrx_word' id='word_1_225' title='bbox 873 2266 965 2302; x_wconf 80' lang='lat' dir='ltr'><strong>facit);</strong></span> 
     </span>
    </p>
   </div>
   <div class='ocr_carea' id='block_1_47' title="bbox 178 2310 911 2347">
    <p class='ocr_par' dir='ltr' id='par_1_47' title="bbox 178 2310 911 2347">
     <span class='ocr_line' id='line_1_47' title="bbox 178 2310 911 2347; baseline 0.005 -10"><span class='ocrx_word' id='word_1_226' title='bbox 178 2313 222 2337; x_wconf 87' lang='lat' dir='ltr'><strong>est</strong></span> <span class='ocrx_word' id='word_1_227' title='bbox 233 2310 307 2338; x_wconf 87' lang='lat' dir='ltr'><strong>enim</strong></span> <span class='ocrx_word' id='word_1_228' title='bbox 323 2311 435 2339; x_wconf 77' lang='lat' dir='ltr'><strong>inﬁnitae</strong></span> <span class='ocrx_word' id='word_1_229' title='bbox 446 2312 599 2347; x_wconf 87' lang='lat' dir='ltr'><strong>potestatis,</strong></span> <span class='ocrx_word' id='word_1_230' title='bbox 612 2320 674 2340; x_wconf 88' lang='lat' dir='ltr'><strong>cum</strong></span> <span class='ocrx_word' id='word_1_231' title='bbox 690 2313 726 2341; x_wconf 90' lang='lat' dir='ltr'><strong>sit</strong></span> <span class='ocrx_word' id='word_1_232' title='bbox 736 2313 817 2341; x_wconf 91' lang='lat' dir='ltr'><strong>etiam</strong></span> <span class='ocrx_word' id='word_1_233' title='bbox 829 2312 911 2341; x_wconf 91' lang='lat' dir='ltr'><strong>Deus.</strong></span> 
     </span>
    </p>
   </div>
   <div class='ocr_carea' id='block_1_48' title="bbox 213 2356 967 2395">
    <p class='ocr_par' dir='ltr' id='par_1_48' title="bbox 213 2356 967 2395">
     <span class='ocr_line' id='line_1_48' title="bbox 213 2356 967 2395; baseline 0.005 -11"><span class='ocrx_word' id='word_1_234' title='bbox 213 2356 360 2385; x_wconf 79' lang='lat' dir='ltr'><strong>Connectit.</strong></span> <span class='ocrx_word' id='word_1_235' title='bbox 384 2356 576 2393; x_wconf 87' lang='lat' dir='ltr'><strong>lnterpretatio</strong></span> <span class='ocrx_word' id='word_1_236' title='bbox 590 2360 687 2386; x_wconf 89' lang='lat' dir='ltr'><strong>horum</strong></span> <span class='ocrx_word' id='word_1_237' title='bbox 702 2363 746 2387; x_wconf 90' lang='lat' dir='ltr'><strong>est</strong></span> <span class='ocrx_word' id='word_1_238' title='bbox 766 2360 795 2387; x_wconf 92' lang='lat' dir='ltr'><strong>in</strong></span> <span class='ocrx_word' id='word_1_239' title='bbox 807 2360 902 2395; x_wconf 89' lang='lat' dir='ltr'><strong>quinto</strong></span> <span class='ocrx_word' id='word_1_240' title='bbox 920 2368 967 2388; x_wconf 88' lang='lat' dir='ltr'><strong>ca-</strong></span> 
     </span>
    </p>
   </div>
   <div class='ocr_carea' id='block_1_49' title="bbox 178 2402 649 2437">
    <p class='ocr_par' dir='ltr' id='par_1_49' title="bbox 178 2402 649 2437">
     <span class='ocr_line' id='line_1_49' title="bbox 178 2402 649 2437; baseline 0.006 -7"><span class='ocrx_word' id='word_1_241' title='bbox 178 2402 235 2437; x_wconf 85' lang='lat' dir='ltr'><strong>pite</strong></span> <span class='ocrx_word' id='word_1_242' title='bbox 249 2403 310 2430; x_wconf 81' lang='lat' dir='ltr'><strong>libri</strong></span> <span class='ocrx_word' id='word_1_243' title='bbox 325 2403 363 2431; x_wconf 84' lang='lat' dir='ltr'><strong>De</strong></span> <span class='ocrx_word' id='word_1_244' title='bbox 377 2403 472 2432; x_wconf 79' lang='lat' dir='ltr'><strong>divinis</strong></span> <span class='ocrx_word' id='word_1_245' title='bbox 487 2405 649 2434; x_wconf 76' lang='lat' dir='ltr'><strong>nominibus.</strong></span> 
     </span>
    </p>
   </div>
   <div class='ocr_carea' id='block_1_50' title="bbox 213 2448 967 2483">
    <p class='ocr_par' dir='ltr' id='par_1_50' title="bbox 213 2448 967 2483">
     <span class='ocr_line' id='line_1_50' title="bbox 213 2448 967 2483; baseline 0.011 -8"><span class='ocrx_word' id='word_1_246' title='bbox 213 2448 314 2477; x_wconf 75' lang='lat' dir='ltr'><strong>Multas</strong></span> <span class='ocrx_word' id='word_1_247' title='bbox 338 2452 489 2479; x_wconf 76' lang='lat' dir='ltr'><strong>varietates.</strong></span> <span class='ocrx_word' id='word_1_248' title='bbox 512 2451 612 2480; x_wconf 83' lang='lat' dir='ltr'><strong>Multas</strong></span> <span class='ocrx_word' id='word_1_249' title='bbox 637 2453 781 2482; x_wconf 86' lang='lat' dir='ltr'><strong>varietates</strong></span> <span class='ocrx_word' id='word_1_250' title='bbox 808 2454 866 2483; x_wconf 85' lang='lat' dir='ltr'><strong>sive</strong></span> <span class='ocrx_word' id='word_1_251' title='bbox 887 2454 967 2483; x_wconf 85' lang='lat' dir='ltr'><strong>dissi-</strong></span> 
     </span>
    </p>
   </div>
   <div class='ocr_carea' id='block_1_51' title="bbox 176 2495 966 2537">
    <p class='ocr_par' dir='ltr' id='par_1_51' title="bbox 176 2495 966 2537">
     <span class='ocr_line' id='line_1_51' title="bbox 176 2495 966 2537; baseline 0.01 -16"><span class='ocrx_word' id='word_1_252' title='bbox 176 2495 347 2524; x_wconf 79' lang='lat' dir='ltr'><strong>militudines</strong></span> <span class='ocrx_word' id='word_1_253' title='bbox 368 2497 423 2526; x_wconf 88' lang='lat' dir='ltr'><strong>dici</strong></span> <span class='ocrx_word' id='word_1_254' title='bbox 446 2498 575 2533; x_wconf 83' lang='lat' dir='ltr'><strong>arbitror,</strong></span> <span class='ocrx_word' id='word_1_255' title='bbox 598 2501 684 2528; x_wconf 93' lang='lat' dir='ltr'><strong>multa</strong></span> <span class='ocrx_word' id='word_1_256' title='bbox 708 2509 807 2537; x_wconf 72' lang='lat' dir='ltr'><strong>genera</strong></span> <span class='ocrx_word' id='word_1_257' title='bbox 832 2501 966 2530; x_wconf 87' lang='lat' dir='ltr'><strong>sollicitu-</strong></span> 
     </span>
    </p>
   </div>
   <div class='ocr_carea' id='block_1_52' title="bbox 176 2542 968 2583">
    <p class='ocr_par' dir='ltr' id='par_1_52' title="bbox 176 2542 968 2583">
     <span class='ocr_line' id='line_1_52' title="bbox 176 2542 968 2583; baseline 0.008 -14"><span class='ocrx_word' id='word_1_258' title='bbox 176 2542 272 2570; x_wconf 88' lang='lat' dir='ltr'><strong>dinum</strong></span> <span class='ocrx_word' id='word_1_259' title='bbox 291 2543 326 2571; x_wconf 83' lang='lat' dir='ltr'><strong>ad</strong></span> <span class='ocrx_word' id='word_1_260' title='bbox 343 2551 453 2572; x_wconf 83' lang='lat' dir='ltr'><strong>carnem</strong></span> <span class='ocrx_word' id='word_1_261' title='bbox 483 2553 531 2574; x_wconf 87' lang='lat' dir='ltr'><strong>seu</strong></span> <span class='ocrx_word' id='word_1_262' title='bbox 549 2554 649 2582; x_wconf 87' lang='lat' dir='ltr'><strong>corpus</strong></span> <span class='ocrx_word' id='word_1_263' title='bbox 669 2547 866 2582; x_wconf 88' lang='lat' dir='ltr'><strong>pertinentium</strong></span> <span class='ocrx_word' id='word_1_264' title='bbox 890 2548 968 2583; x_wconf 85' lang='lat' dir='ltr'><strong>cupi-</strong></span> 
     </span>
    </p>
   </div>
   <div class='ocr_carea' id='block_1_53' title="bbox 176 2588 963 2625">
    <p class='ocr_par' dir='ltr' id='par_1_53' title="bbox 176 2588 963 2625">
     <span class='ocr_line' id='line_1_53' title="bbox 176 2588 963 2625; baseline 0.008 -10"><span class='ocrx_word' id='word_1_265' title='bbox 176 2588 305 2623; x_wconf 82' lang='lat' dir='ltr'><strong>ditatum,</strong></span> <span class='ocrx_word' id='word_1_266' title='bbox 328 2592 397 2625; x_wconf 76' lang='lat' dir='ltr'><strong>qu&#39;as</strong></span> <span class='ocrx_word' id='word_1_267' title='bbox 413 2590 546 2619; x_wconf 88' lang='lat' dir='ltr'><strong>Dominus</strong></span> <span class='ocrx_word' id='word_1_268' title='bbox 562 2596 638 2620; x_wconf 81' lang='lat' dir='ltr'><strong>vetat</strong></span> <span class='ocrx_word' id='word_1_269' title='bbox 662 2602 668 2620; x_wconf 94' lang='lat'><strong>:</strong></span> <span class='ocrx_word' id='word_1_270' title='bbox 690 2593 849 2621; x_wconf 91' lang='lat' dir='ltr'><strong>uniusmodi</strong></span> <span class='ocrx_word' id='word_1_271' title='bbox 873 2598 963 2621; x_wconf 88' lang='lat' dir='ltr'><strong>autem</strong></span> 
     </span>
    </p>
   </div>
   <div class='ocr_carea' id='block_1_54' title="bbox 175 2634 963 2675">
    <p class='ocr_par' dir='ltr' id='par_1_54' title="bbox 175 2634 963 2675">
     <span class='ocr_line' id='line_1_54' title="bbox 175 2634 963 2675; baseline 0.009 -14"><span class='ocrx_word' id='word_1_272' title='bbox 175 2634 350 2671; x_wconf 78' lang='lat' dir='ltr'><strong>divinamque</strong></span> <span class='ocrx_word' id='word_1_273' title='bbox 371 2638 466 2672; x_wconf 86' lang='lat' dir='ltr'><strong>vitam,</strong></span> <span class='ocrx_word' id='word_1_274' title='bbox 493 2639 612 2673; x_wconf 90' lang='lat' dir='ltr'><strong>primum</strong></span> <span class='ocrx_word' id='word_1_275' title='bbox 633 2647 753 2674; x_wconf 73' lang='lat' dir='ltr'><strong>quau-ere</strong></span> <span class='ocrx_word' id='word_1_276' title='bbox 777 2647 892 2675; x_wconf 80' lang='lat' dir='ltr'><strong>regnum</strong></span> <span class='ocrx_word' id='word_1_277' title='bbox 915 2640 963 2668; x_wconf 88' lang='lat' dir='ltr'><strong>Dei</strong></span> 
     </span>
    </p>
   </div>
   <div class='ocr_carea' id='block_1_55' title="bbox 1019 2033 1805 2071">
    <p class='ocr_par' dir='ltr' id='par_1_55' title="bbox 1019 2033 1805 2071">
     <span class='ocr_line' id='line_1_55' title="bbox 1019 2033 1805 2071; baseline 0.001 -10"><span class='ocrx_word' id='word_1_278' title='bbox 1019 2034 1217 2071; x_wconf 84' lang='grc' dir='ltr'>Νεστοριανῶν,</span> <span class='ocrx_word' id='word_1_279' title='bbox 1237 2035 1278 2061; x_wconf 78' lang='grc' dir='ltr'><strong>ὅτι</strong></span> <span class='ocrx_word' id='word_1_280' title='bbox 1299 2033 1361 2065; x_wconf 85' lang='grc' dir='ltr'><strong>νοῦς</strong></span> <span class='ocrx_word' id='word_1_281' title='bbox 1377 2033 1423 2060; x_wconf 75' lang='grc' dir='ltr'>καὶ</span> <span class='ocrx_word' id='word_1_282' title='bbox 1437 2034 1484 2060; x_wconf 74' lang='grc' dir='ltr'><strong>ἐπὶ</strong></span> <span class='ocrx_word' id='word_1_283' title='bbox 1499 2033 1565 2061; x_wconf 81' lang='grc' dir='ltr'><strong>Θεοῦ</strong></span> <span class='ocrx_word' id='word_1_284' title='bbox 1583 2034 1691 2069; x_wconf 82' lang='grc' dir='ltr'>λέγεται</span> <span class='ocrx_word' id='word_1_285' title='bbox 1703 2043 1709 2050; x_wconf 92' lang='grc'><strong>·</strong></span> <span class='ocrx_word' id='word_1_286' title='bbox 1724 2035 1805 2070; x_wconf 83' lang='grc' dir='ltr'>ἁγια-</span> 
     </span>
    </p>
   </div>
   <div class='ocr_carea' id='block_1_56' title="bbox 1020 2080 1672 2117">
    <p class='ocr_par' dir='ltr' id='par_1_56' title="bbox 1020 2080 1672 2117">
     <span class='ocr_line' id='line_1_56' title="bbox 1020 2080 1672 2117; baseline 0 -9"><span class='ocrx_word' id='word_1_287' title='bbox 1020 2081 1110 2114; x_wconf 77' lang='grc' dir='ltr'>οτείας</span> <span class='ocrx_word' id='word_1_288' title='bbox 1123 2082 1166 2115; x_wconf 80' lang='grc' dir='ltr'><strong>δὲ,</strong></span> <span class='ocrx_word' id='word_1_289' title='bbox 1182 2082 1241 2117; x_wconf 72' lang='grc' dir='ltr'>ἦτοι</span> <span class='ocrx_word' id='word_1_290' title='bbox 1255 2080 1439 2116; x_wconf 83' lang='grc' dir='ltr'>καθαρότητος</span> <span class='ocrx_word' id='word_1_291' title='bbox 1453 2081 1493 2113; x_wconf 79' lang='grc' dir='ltr'>εἰς</span> <span class='ocrx_word' id='word_1_292' title='bbox 1508 2080 1672 2117; x_wconf 84' lang='grc' dir='ltr'>ἁγιωσύνην.</span> 
     </span>
    </p>
   </div>
   <div class='ocr_carea' id='block_1_57' title="bbox 1052 2127 1806 2165">
    <p class='ocr_par' dir='ltr' id='par_1_57' title="bbox 1052 2127 1806 2165">
     <span class='ocr_line' id='line_1_57' title="bbox 1052 2127 1806 2165; baseline 0 -10"><span class='ocrx_word' id='word_1_293' title='bbox 1052 2127 1090 2165; x_wconf 72' lang='grc' dir='ltr'><strong>Ῐε]</strong></span> <span class='ocrx_word' id='word_1_294' title='bbox 1113 2130 1195 2155; x_wconf 80' lang='grc' dir='ltr'>Κατὰ</span> <span class='ocrx_word' id='word_1_295' title='bbox 1209 2127 1346 2162; x_wconf 79' lang='grc' dir='ltr'><strong>δύναμιν.</strong></span> <span class='ocrx_word' id='word_1_296' title='bbox 1363 2127 1423 2154; x_wconf 87' lang='grc' dir='ltr'><strong>Τῶν</strong></span> <span class='ocrx_word' id='word_1_297' title='bbox 1435 2127 1535 2164; x_wconf 87' lang='grc' dir='ltr'>νοερῶν</span> <span class='ocrx_word' id='word_1_298' title='bbox 1546 2127 1634 2154; x_wconf 84' lang='grc' dir='ltr'>αὐτῶν</span> <span class='ocrx_word' id='word_1_299' title='bbox 1648 2128 1745 2155; x_wconf 82' lang='grc' dir='ltr'><strong>οὐσιῶν</strong></span> <span class='ocrx_word' id='word_1_300' title='bbox 1757 2129 1806 2155; x_wconf 82' lang='grc' dir='ltr'>καὶ</span> 
     </span>
    </p>
   </div>
   <div class='ocr_carea' id='block_1_58' title="bbox 1018 2174 1805 2211">
    <p class='ocr_par' dir='ltr' id='par_1_58' title="bbox 1018 2174 1805 2211">
     <span class='ocr_line' id='line_1_58' title="bbox 1018 2174 1805 2211; baseline -0.001 -9"><span class='ocrx_word' id='word_1_301' title='bbox 1018 2175 1123 2211; x_wconf 79' lang='grc' dir='ltr'><strong>νοητῶν</strong></span> <span class='ocrx_word' id='word_1_302' title='bbox 1135 2174 1205 2202; x_wconf 81' lang='grc' dir='ltr'>κατὰ</span> <span class='ocrx_word' id='word_1_303' title='bbox 1218 2174 1267 2210; x_wconf 83' lang='grc' dir='ltr'>τὴν</span> <span class='ocrx_word' id='word_1_304' title='bbox 1281 2174 1395 2209; x_wconf 85' lang='grc' dir='ltr'>δύναμιν</span> <span class='ocrx_word' id='word_1_305' title='bbox 1406 2182 1413 2189; x_wconf 89' lang='grc'>·</span> <span class='ocrx_word' id='word_1_306' title='bbox 1428 2174 1459 2200; x_wconf 88' lang='grc' dir='ltr'><strong>οὑ</strong></span> <span class='ocrx_word' id='word_1_307' title='bbox 1473 2174 1527 2210; x_wconf 86' lang='grc' dir='ltr'><strong>γὰρ</strong></span> <span class='ocrx_word' id='word_1_308' title='bbox 1541 2174 1612 2201; x_wconf 80' lang='grc' dir='ltr'>κατὰ</span> <span class='ocrx_word' id='word_1_309' title='bbox 1626 2175 1675 2211; x_wconf 86' lang='grc' dir='ltr'>τὴν</span> <span class='ocrx_word' id='word_1_310' title='bbox 1691 2175 1772 2202; x_wconf 81' lang='grc' dir='ltr'>αὑτοῦ</span> <span class='ocrx_word' id='word_1_311' title='bbox 1781 2176 1805 2192; x_wconf 69' lang='grc' dir='ltr'><strong>θ’</strong></span> 
     </span>
    </p>
   </div>
   <div class='ocr_carea' id='block_1_59' title="bbox 1018 2219 1805 2257">
    <p class='ocr_par' dir='ltr' id='par_1_59' title="bbox 1018 2219 1805 2257">
     <span class='ocr_line' id='line_1_59' title="bbox 1018 2219 1805 2257; baseline 0 -9"><span class='ocrx_word' id='word_1_312' title='bbox 1018 2221 1132 2257; x_wconf 84' lang='grc' dir='ltr'>δύναμιν</span> <span class='ocrx_word' id='word_1_313' title='bbox 1158 2220 1273 2256; x_wconf 66' lang='grc' dir='ltr'><strong>Ἰησοῦς*</strong></span> <span class='ocrx_word' id='word_1_314' title='bbox 1312 2219 1525 2256; x_wconf 79' lang='grc' dir='ltr'>ἀπειροδύναμος</span> <span class='ocrx_word' id='word_1_315' title='bbox 1569 2220 1634 2256; x_wconf 78' lang='grc' dir='ltr'><strong>γὰρ,</strong></span> <span class='ocrx_word' id='word_1_316' title='bbox 1666 2221 1714 2248; x_wconf 82' lang='grc' dir='ltr'>ἆτε</span> <span class='ocrx_word' id='word_1_317' title='bbox 1757 2222 1805 2249; x_wconf 75' lang='grc' dir='ltr'><strong>καὶ</strong></span> 
     </span>
    </p>
   </div>
   <div class='ocr_carea' id='block_1_60' title="bbox 1017 2268 1091 2300">
    <p class='ocr_par' dir='ltr' id='par_1_60' title="bbox 1017 2268 1091 2300">
     <span class='ocr_line' id='line_1_60' title="bbox 1017 2268 1091 2300; baseline 0 -6"><span class='ocrx_word' id='word_1_318' title='bbox 1017 2268 1091 2300; x_wconf 80' lang='grc' dir='ltr'>Θεός.</span> 
     </span>
    </p>
   </div>
   <div class='ocr_carea' id='block_1_61' title="bbox 1052 2357 1802 2395">
    <p class='ocr_par' dir='ltr' id='par_1_61' title="bbox 1052 2357 1802 2395">
     <span class='ocr_line' id='line_1_61' title="bbox 1052 2357 1802 2395; baseline -0.001 -9"><span class='ocrx_word' id='word_1_319' title='bbox 1052 2358 1096 2395; x_wconf 84' lang='grc' dir='ltr'><strong>[ς’]</strong></span> <span class='ocrx_word' id='word_1_320' title='bbox 1121 2359 1325 2394; x_wconf 82' lang='grc' dir='ltr'><strong>Συμπτύσσει.</strong></span> <span class='ocrx_word' id='word_1_321' title='bbox 1351 2359 1383 2385; x_wconf 88' lang='grc' dir='ltr'><strong>Ἦ</strong></span> <span class='ocrx_word' id='word_1_322' title='bbox 1399 2358 1531 2394; x_wconf 81' lang='grc' dir='ltr'>ἑρμηνεία</span> <span class='ocrx_word' id='word_1_323' title='bbox 1554 2357 1656 2385; x_wconf 83' lang='grc' dir='ltr'>τούτων</span> <span class='ocrx_word' id='word_1_324' title='bbox 1673 2358 1746 2385; x_wconf 72' lang='grc' dir='ltr'>ἐστὶν</span> <span class='ocrx_word' id='word_1_325' title='bbox 1772 2359 1802 2385; x_wconf 78' lang='grc' dir='ltr'>ὲν</span> 
     </span>
    </p>
   </div>
   <div class='ocr_carea' id='block_1_62' title="bbox 1015 2404 1699 2440">
    <p class='ocr_par' dir='ltr' id='par_1_62' title="bbox 1015 2404 1699 2440">
     <span class='ocr_line' id='line_1_62' title="bbox 1015 2404 1699 2440; baseline 0 -8"><span class='ocrx_word' id='word_1_326' title='bbox 1015 2405 1054 2440; x_wconf 82' lang='grc' dir='ltr'>τῷ</span> <span class='ocrx_word' id='word_1_327' title='bbox 1070 2405 1141 2439; x_wconf 83' lang='grc' dir='ltr'>Περὶ</span> <span class='ocrx_word' id='word_1_328' title='bbox 1154 2405 1239 2432; x_wconf 79' lang='grc' dir='ltr'><strong>θείων</strong></span> <span class='ocrx_word' id='word_1_329' title='bbox 1251 2404 1404 2440; x_wconf 79' lang='grc' dir='ltr'><strong>ὀνομάτων</strong></span> <span class='ocrx_word' id='word_1_330' title='bbox 1418 2405 1535 2440; x_wconf 82' lang='grc' dir='ltr'><strong>πέμπτῳ</strong></span> <span class='ocrx_word' id='word_1_331' title='bbox 1549 2404 1699 2439; x_wconf 84' lang='grc' dir='ltr'>κεφαλαίῳ.</span> 
     </span>
    </p>
   </div>
   <div class='ocr_carea' id='block_1_63' title="bbox 1053 2447 1802 2487">
    <p class='ocr_par' dir='ltr' id='par_1_63' title="bbox 1053 2447 1802 2487">
     <span class='ocr_line' id='line_1_63' title="bbox 1053 2447 1802 2487; baseline -0.003 -9"><span class='ocrx_word' id='word_1_332' title='bbox 1053 2450 1090 2487; x_wconf 75' lang='grc' dir='ltr'><strong>[ζ]</strong></span> <span class='ocrx_word' id='word_1_333' title='bbox 1113 2451 1234 2484; x_wconf 76' lang='grc' dir='ltr'>Πολλὰς</span> <span class='ocrx_word' id='word_1_334' title='bbox 1247 2451 1430 2485; x_wconf 77' lang='grc' dir='ltr'>ἑτερότητας.</span> <span class='ocrx_word' id='word_1_335' title='bbox 1443 2450 1546 2482; x_wconf 84' lang='grc' dir='ltr'><strong>Πολλὰς</strong></span> <span class='ocrx_word' id='word_1_336' title='bbox 1556 2449 1716 2486; x_wconf 78' lang='grc' dir='ltr'>ἑτερότητας</span> <span class='ocrx_word' id='word_1_337' title='bbox 1726 2447 1802 2485; x_wconf 80' lang='grc' dir='ltr'>οἶμαι</span> 
     </span>
    </p>
   </div>
   <div class='ocr_carea' id='block_1_64' title="bbox 1015 2495 1803 2533">
    <p class='ocr_par' dir='ltr' id='par_1_64' title="bbox 1015 2495 1803 2533">
     <span class='ocr_line' id='line_1_64' title="bbox 1015 2495 1803 2533; baseline -0.005 -8"><span class='ocrx_word' id='word_1_338' title='bbox 1015 2498 1141 2533; x_wconf 82' lang='grc' dir='ltr'>λέγεσθαι</span> <span class='ocrx_word' id='word_1_339' title='bbox 1164 2498 1214 2530; x_wconf 80' lang='grc' dir='ltr'>τὰς</span> <span class='ocrx_word' id='word_1_340' title='bbox 1239 2498 1387 2530; x_wconf 80' lang='grc' dir='ltr'><strong>πολυειδεῖς</strong></span> <span class='ocrx_word' id='word_1_341' title='bbox 1407 2497 1461 2523; x_wconf 88' lang='grc' dir='ltr'><strong>τῶν</strong></span> <span class='ocrx_word' id='word_1_342' title='bbox 1485 2495 1623 2532; x_wconf 85' lang='grc' dir='ltr'>σαρκικῶν</span> <span class='ocrx_word' id='word_1_343' title='bbox 1650 2495 1803 2530; x_wconf 77' lang='grc' dir='ltr'>ἐπιθυμιῶν</span> 
     </span>
    </p>
   </div>
   <div class='ocr_carea' id='block_1_65' title="bbox 1017 2541 1803 2581">
    <p class='ocr_par' dir='ltr' id='par_1_65' title="bbox 1017 2541 1803 2581">
     <span class='ocr_line' id='line_1_65' title="bbox 1017 2541 1803 2581; baseline -0.006 -9"><span class='ocrx_word' id='word_1_344' title='bbox 1017 2546 1150 2581; x_wconf 80' lang='grc' dir='ltr'>μερίμνας</span> <span class='ocrx_word' id='word_1_345' title='bbox 1160 2565 1168 2577; x_wconf 84' lang='grc'><em>,</em></span> <span class='ocrx_word' id='word_1_346' title='bbox 1182 2545 1215 2577; x_wconf 82' lang='grc' dir='ltr'>ἃς</span> <span class='ocrx_word' id='word_1_347' title='bbox 1229 2544 1396 2580; x_wconf 85' lang='grc' dir='ltr'>ἀπαγορεύει</span> <span class='ocrx_word' id='word_1_348' title='bbox 1415 2545 1430 2571; x_wconf 81' lang='grc' dir='ltr'>ὁ</span> <span class='ocrx_word' id='word_1_349' title='bbox 1453 2543 1555 2579; x_wconf 81' lang='grc' dir='ltr'>Κύριος</span> <span class='ocrx_word' id='word_1_350' title='bbox 1567 2551 1573 2558; x_wconf 73' lang='lat'>&#39;</span> <span class='ocrx_word' id='word_1_351' title='bbox 1590 2542 1690 2577; x_wconf 84' lang='grc' dir='ltr'>ἐνοειδῆ</span> <span class='ocrx_word' id='word_1_352' title='bbox 1706 2541 1735 2567; x_wconf 80' lang='grc' dir='ltr'><strong>δὲ</strong></span> <span class='ocrx_word' id='word_1_353' title='bbox 1753 2542 1803 2568; x_wconf 76' lang='grc' dir='ltr'>καὶ</span> 
     </span>
    </p>
   </div>
   <div class='ocr_carea' id='block_1_66' title="bbox 1008 2587 1801 2627">
    <p class='ocr_par' dir='ltr' id='par_1_66' title="bbox 1008 2587 1801 2627">
     <span class='ocr_line' id='line_1_66' title="bbox 1008 2587 1801 2627; baseline -0.006 -9"><span class='ocrx_word' id='word_1_354' title='bbox 1008 2591 1090 2618; x_wconf 74' lang='grc' dir='ltr'>θείαν</span> <span class='ocrx_word' id='word_1_355' title='bbox 1108 2591 1179 2627; x_wconf 83' lang='grc' dir='ltr'><strong>ζωὴν</strong></span> <span class='ocrx_word' id='word_1_356' title='bbox 1194 2591 1224 2618; x_wconf 84' lang='grc' dir='ltr'>τὸ</span> <span class='ocrx_word' id='word_1_357' title='bbox 1238 2591 1328 2626; x_wconf 83' lang='grc' dir='ltr'>ζητεῖν</span> <span class='ocrx_word' id='word_1_358' title='bbox 1345 2592 1374 2617; x_wconf 82' lang='grc' dir='ltr'>ἐν</span> <span class='ocrx_word' id='word_1_359' title='bbox 1390 2589 1507 2625; x_wconf 84' lang='grc' dir='ltr'><strong>πρώτοις</strong></span> <span class='ocrx_word' id='word_1_360' title='bbox 1527 2588 1577 2624; x_wconf 81' lang='grc' dir='ltr'>τὴν</span> <span class='ocrx_word' id='word_1_361' title='bbox 1597 2587 1733 2623; x_wconf 81' lang='grc' dir='ltr'>βασιλείαν</span> <span class='ocrx_word' id='word_1_362' title='bbox 1751 2587 1801 2614; x_wconf 82' lang='grc' dir='ltr'>τοῦ</span> 
     </span>
    </p>
   </div>
   <div class='ocr_carea' id='block_1_67' title="bbox 1014 2634 1803 2674">
    <p class='ocr_par' dir='ltr' id='par_1_67' title="bbox 1014 2634 1803 2674">
     <span class='ocr_line' id='line_1_67' title="bbox 1014 2634 1803 2674; baseline -0.006 -9"><span class='ocrx_word' id='word_1_363' title='bbox 1014 2638 1082 2665; x_wconf 77' lang='grc' dir='ltr'>Θεοῦ</span> <span class='ocrx_word' id='word_1_364' title='bbox 1097 2639 1144 2665; x_wconf 79' lang='grc' dir='ltr'><strong>καὶ</strong></span> <span class='ocrx_word' id='word_1_365' title='bbox 1153 2638 1202 2674; x_wconf 83' lang='grc' dir='ltr'>τὴν</span> <span class='ocrx_word' id='word_1_366' title='bbox 1211 2637 1382 2672; x_wconf 83' lang='grc' dir='ltr'>δικαιοσύνην</span> <span class='ocrx_word' id='word_1_367' title='bbox 1397 2636 1478 2664; x_wconf 74' lang='grc' dir='ltr'>αὑτοῦ</span> <span class='ocrx_word' id='word_1_368' title='bbox 1488 2656 1496 2668; x_wconf 84' lang='grc'><em>,</em></span> <span class='ocrx_word' id='word_1_369' title='bbox 1512 2637 1581 2672; x_wconf 83' lang='grc' dir='ltr'>ὅπερ</span> <span class='ocrx_word' id='word_1_370' title='bbox 1597 2637 1610 2663; x_wconf 82' lang='grc' dir='ltr'>ὁ</span> <span class='ocrx_word' id='word_1_371' title='bbox 1624 2634 1725 2670; x_wconf 70' lang='grc' dir='ltr'>Κύριος</span> <span class='ocrx_word' id='word_1_372' title='bbox 1740 2635 1803 2670; x_wconf 57' lang='lat' dir='ltr'><strong>tto-f1-</strong></span> 
     </span>
    </p>
   </div>
   <div class='ocr_carea' id='block_1_68' title="bbox 175 2671 963 2721">
    <p class='ocr_par' dir='ltr' id='par_1_68' title="bbox 175 2671 961 2721">
     <span class='ocr_line' id='line_1_68' title="bbox 175 2671 961 2721; baseline 0.009 -13"><span class='ocrx_word' id='word_1_373' title='bbox 175 2685 202 2709; x_wconf 85' lang='lat' dir='ltr'><strong>et</strong></span> <span class='ocrx_word' id='word_1_374' title='bbox 213 2681 350 2717; x_wconf 83' lang='lat' dir='ltr'><strong>justitiam</strong></span> <span class='ocrx_word' id='word_1_375' title='bbox 375 2671 503 2719; x_wconf 32' lang='lat' dir='ltr'><strong>ejusfid</strong></span> <span class='ocrx_word' id='word_1_376' title='bbox 515 2686 588 2721; x_wconf 86' lang='lat' dir='ltr'><strong>quod</strong></span> <span class='ocrx_word' id='word_1_377' title='bbox 608 2671 771 2721; x_wconf 53' lang='lat' dir='ltr'><strong>siéniﬁcavit</strong></span> <span class='ocrx_word' id='word_1_378' title='bbox 784 2671 916 2714; x_wconf 68' lang='lat' dir='ltr'><strong>Dominus</strong></span> <span class='ocrx_word' id='word_1_379' title='bbox 931 2687 961 2715; x_wconf 89' lang='lat' dir='ltr'><strong>in</strong></span> 
     </span>
    </p>
   </div>
   <div class='ocr_carea' id='block_1_69' title="bbox 1031 2671 1799 2721">
    <p class='ocr_par' dir='ltr' id='par_1_69' title="bbox 1031 2679 1799 2720">
     <span class='ocr_line' id='line_1_69' title="bbox 1031 2679 1799 2720; baseline -0.007 -8"><span class='ocrx_word' id='word_1_380' title='bbox 1031 2693 1109 2718; x_wconf 71' lang='grc' dir='ltr'>ιανεν,</span> <span class='ocrx_word' id='word_1_381' title='bbox 1125 2684 1208 2712; x_wconf 87' lang='grc' dir='ltr'>εἰπὼν</span> <span class='ocrx_word' id='word_1_382' title='bbox 1222 2686 1250 2711; x_wconf 84' lang='grc' dir='ltr'>ὲν</span> <span class='ocrx_word' id='word_1_383' title='bbox 1267 2685 1299 2720; x_wconf 83' lang='grc' dir='ltr'>τῇ</span> <span class='ocrx_word' id='word_1_384' title='bbox 1315 2685 1401 2720; x_wconf 81' lang='grc' dir='ltr'><strong>εὐχῇ,</strong></span> <span class='ocrx_word' id='word_1_385' title='bbox 1416 2684 1466 2711; x_wconf 78' lang='grc' dir='ltr'><strong>ἵνα</strong></span> <span class='ocrx_word' id='word_1_386' title='bbox 1479 2682 1555 2710; x_wconf 84' lang='grc' dir='ltr'><strong>ὦσιν</strong></span> <span class='ocrx_word' id='word_1_387' title='bbox 1569 2682 1620 2710; x_wconf 80' lang='grc' dir='ltr'><strong>ἕν·</strong></span> <span class='ocrx_word' id='word_1_388' title='bbox 1637 2680 1669 2708; x_wconf 81' lang='grc' dir='ltr'><strong>τὺ</strong></span> <span class='ocrx_word' id='word_1_389' title='bbox 1683 2680 1711 2708; x_wconf 73' lang='grc' dir='ltr'><strong>δὲ</strong></span> <span class='ocrx_word' id='word_1_390' title='bbox 1726 2679 1799 2708; x_wconf 79' lang='grc' dir='ltr'><strong>οὕτω</strong></span> 
     </span>
    </p>
   </div>
   <div class='ocr_carea' id='block_1_70' title="bbox 634 2817 1314 2850">
    <p class='ocr_par' dir='ltr' id='par_1_70' title="bbox 634 2817 1314 2850">
     <span class='ocr_line' id='line_1_70' title="bbox 634 2817 1314 2850; baseline 0.004 -5"><span class='ocrx_word' id='word_1_391' title='bbox 634 2817 752 2847; x_wconf 66' lang='lat' dir='ltr'><strong>VARI/ﬁ</strong></span> <span class='ocrx_word' id='word_1_392' title='bbox 769 2818 962 2848; x_wconf 84' lang='lat' dir='ltr'><strong>LECTIONES</strong></span> <span class='ocrx_word' id='word_1_393' title='bbox 981 2820 1024 2849; x_wconf 87' lang='grc' dir='ltr'><strong>ΕΤ</strong></span> <span class='ocrx_word' id='word_1_394' title='bbox 1041 2819 1314 2850; x_wconf 79' lang='lat' dir='ltr'><strong>CORRECTIONES.</strong></span> 
     </span>
    </p>
   </div>
   <div class='ocr_carea' id='block_1_71' title="bbox 207 2902 348 2930">
    <p class='ocr_par' dir='ltr' id='par_1_71' title="bbox 207 2902 348 2930">
     <span class='ocr_line' id='line_1_71' title="bbox 207 2902 348 2930; baseline 0 0"><span class='ocrx_word' id='word_1_395' title='bbox 207 2902 229 2919; x_wconf 76' lang='grc'><strong>⁸³</strong></span> <span class='ocrx_word' id='word_1_396' title='bbox 239 2903 348 2930; x_wconf 68' lang='grc' dir='ltr'>δαυτοῦ-</span> 
     </span>
    </p>
   </div>
  </div>
