1925 3060
142 125 198 154 H7

497 124 525 153 S.
544 123 667 153 MAXIM]
685 123 833 153 SCHOLIA
847 124 882 153 IN
898 125 962 154 LIB.
982 125 1027 154 DE
1043 125 1184 155 ECCLES.
1203 125 1389 156 lllERABCH.
1406 136 1414 160 ·,

1710 131 1762 159 “8

140 183 310 211 πεποιῶσθαι
324 183 373 219 τὴν
387 182 474 219 ψυχὴν
483 202 491 215 ,
504 181 559 215 ἕξιν
574 181 650 218 ἱερὰν
664 182 833 210 ἀπεκάλεσεν
843 202 850 216 ,
867 183 911 219 ἥτι

977 184 1143 219 precatione,
1159 192 1222 212 cum
1244 185 1326 219 dicit,
1351 190 1381 212 ut
1401 185 1455 213 sint
1471 193 1552 212 unum
1567 190 1594 219 I;
1615 186 1656 214 slc
1671 192 1762 215 autem

139 230 190 257 καὶ
204 229 321 266 μάλιστα
338 229 394 261 τοῖς
408 228 564 264 ἱερωμένοις
577 227 734 265 πρεπώδης.

174 368 230 396 Καὶ
248 368 303 403 τῆς
325 368 391 396 τῶνι
401 368 553 404 θεαμάτων
568 368 715 404 γνώσεως.
730 368 857 395 Τουτέστι
869 368 924 396 τῶν

137 415 204 450 περὶ
219 414 286 441 Θεοῦ
301 415 386 449 λόγων
405 416 452 442 καὶ
467 415 638 451 διδαγμάτων
653 414 702 451 τὴν
711 415 924 451 ὲπιπημονικὴν

137 462 300 497 κατανόησιν
308 471 314 477 -
332 463 362 489 οὺ
376 461 430 498 γὰρ
442 462 505 498 ἄχρι
520 461 600 498 ψιλῆς
608 462 658 497 τῆς
668 462 722 489 τῶν
732 462 829 496 λογίων
839 462 924 498 ἀκοῆς

136 508 155 543 ἢ
172 509 350 544 ἐκφωνήσεως
359 508 393 536 τὰ
407 508 460 536 τῶν
472 508 551 544 ἱερῶν
568 509 703 545 μυήσεων,
715 507 782 535 ἀλλὰ
791 509 823 544 τῇ
835 517 924 544 παρα-

135 554 294 590 κολουθήσει
311 555 360 590 τῆς
373 554 489 586 διανοίας
505 555 550 581 καὶ
570 555 604 590 τῇ
629 555 733 582 συνέσει
752 555 806 582 τῶν
823 555 922 590 ὑμνου-

137 600 226 635 μένων
238 609 244 616 ·
261 600 330 627 οὕτω
349 601 403 637 γὰρ
417 602 465 628 καὶ
494 602 518 627 οἱ
535 601 605 628 κατὰ
630 601 696 628 Θεὸν
719 601 825 637 πρῶτον
839 601 919 635 ἀφιε-

134 646 246 682 ροῦνται
269 646 352 683 αὐτῷ,
376 647 422 674 καὶ
440 645 491 673 εἷθ’
512 646 599 678 οὕτως
622 646 726 682 ἑτέροις
749 646 780 673 τὸ
803 645 921 673 τοιοῦτον

134 693 294 729 προξενοῦσι
303 702 310 709 ·
326 692 489 720 τελειοῦνται
499 713 506 725 ,
523 693 571 720 καὶ
585 693 666 720 πάλιν
679 692 836 720 τελειοῦσιν.

170 833 183 869 §
202 833 236 860 ῙΙ.
263 832 409 868 Ἀττέλων
428 832 505 861 ἐστι.
527 832 588 859 Ὀτι
602 831 652 864 τὰς
668 831 746 858 ἐννέα
764 830 856 863 τάξεις
873 829 920 857 καὶ

975 230 1100 258 aﬂ'ectam
1115 238 1177 258 esse
1195 231 1278 259 veluti
1291 231 1425 267 qualitate
1448 231 1540 266 aliqua
1562 231 1694 265 animam,
1717 240 1762 261 sa-

975 277 1190 305 crum-habitum
1206 278 1371 311 nominavit;
1395 277 1443 313 qui
1457 277 1540 305 etiam
1555 278 1674 306 maxime
1695 286 1762 307 con—

975 326 1096 350 secratos
1111 323 1236 351 homines
1251 323 1339 352 decet.
1369 347 1371 350 .

977 387 981 395 .
1014 369 1150 396 Vitiarium
1167 370 1248 396 etiam
1270 370 1425 406 cognitione.
1447 369 1476 398 ld
1499 373 1541 398 est
1561 370 1706 398 verborum
1727 371 1761 399 de

975 413 1043 447 Deo,
1069 419 1096 442 et
1118 420 1315 450 praeceptorum
1343 415 1401 444 sive
1420 415 1644 444 documentorum
1665 416 1760 452 cogni-

975 460 1050 488 tione
1073 460 1245 494 scientiﬁca;
1273 469 1364 497 neque
1390 462 1463 489 enim
1487 469 1573 497 usque
1598 462 1632 490 ad
1657 463 1759 490 nudam

973 507 1118 534 verborum
1134 507 1289 536 divinorum
1311 508 1549 542 auditione,m,.aut
1564 510 1760 544 pronuntiatio‘

973 560 1037 581 nem
1057 560 1143 581 sacra:
1157 553 1290 581 doctrinae
1312 557 1418 581 tantum
1439 554 1592 588 pertinent;
1617 555 1665 583 sed
1687 563 1760 583 asse-

973 599 1093 630 cutione~
1111 599 1226 631 mentis,
1249 603 1276 627 et
1296 599 1474 635 intelligentia
1499 608 1595 628 eorum
1617 608 1678 636 quat
1702 601 1760 628 lau-

972 644 1085 678 dantur,
1099 644 1270 678 continetur;
1292 644 1334 671 sic
1352 644 1437 677 enim,
1460 644 1509 680 qui
1530 644 1587 672 Deo
1608 645 1757 679 adhaerent,

971 690 1091 725 primum
1107 690 1132 718 ei
1151 694 1358 723 consecrantur,
1377 689 1475 718 deinde
1494 691 1599 721 caeteris
1623 691 1759 727 ejusmodi

971 736 1056 765 ritum
1079 736 1210 770 tradunt;
1224 736 1422 771 perﬁciuntur,
1443 740 1525 772 atque
1555 745 1652 766 rursus
1674 738 1757 774 perli-

971 782 1056 810 ciunt.

970 854 975 860 ,
1008 827 1022 863 §
1040 827 1072 856 ll.
1092 827 1252 864 Angelorum
1263 833 1313 856 est.
1336 827 1414 862 Quod
1433 836 1530 857 novem
1550 829 1757 860 ordinesetiam

131 878 182 906 νῦν
200 878 338 913 λέγει,λᾶς
353 878 547 914 προωνόμασεν
568 879 597 905 ὲν
614 877 654 913 τῷ
675 876 748 911 Περὶ
766 875 822 910 τῆς
841 876 911 909 θείας

971 883 1043 903 nunc
1057 875 1136 908 dicit,
1151 883 1222 911 quos
1236 874 1313 910 prius
1326 875 1441 907 in,lil)ro
1451 874 1491 902 De
1500 875 1598 907 malem
1609 875 1757 903 hierarcliia

132 924 282 959 ιεραρχίας
295 924 376 959 λόγῳ.

167 971 223 998 Kal
234 970 318 998 πᾶσα
331 970 351 1004 ἠ
367 971 426 999 νῦν
438 970 621 1007 ὑμνουμένη.
644 969 694 1002 Τίς
707 970 724 1005 ή
739 969 851 1006 δύναμις
864 969 919 997 πά-

132 1026 184 1053 σης
198 1018 349 1054 ίεραρχὶας.

166 1063 266 1090 Αὐτόν
280 1072 312 1090 τε
326 1063 379 1091 τὸν
391 1063 542 1098 ἱεράρχην.
556 1062 685 1090 Τουτέστι
697 1063 743 1091 τὸν
757 1063 915 1092 ἐπίσκοπον.

167 1151 222 1179 Καὶ
234 1153 296 1186 ταῖς
309 1153 518 1188 ὐποὸεὸηκόσι.
534 1154 602 1190 Περὶ
614 1154 768 1190 προκοπῶν.

172 1199 406 1234 ’Υποΰεϐηκότας
420 1200 554 1228 ἔπεσθαι.
570 1200 785 1237 Πρεσϐυτὲρους.

173 1244 253 1273 Ἀλλ’
274 1247 303 1272 ai
324 1245 393 1280 μέν.
418 1246 564 1282 Σύγκρισις
586 1246 636 1282 τῆς
660 1246 788 1282 οὐρανίας
806 1245 853 1274 καὶ
866 1247 916 1283 τῆς

129 1290 263 1326 αἰσθητῆς
277 1291 428 1328 ίεραρχίας.

163 1335 318 1371 Αισθητῶν
337 1337 506 1372 συμϐόλων.
531 1337 653 1374 Δίσθητὰ
677 1338 799 1374 σύμϐολά
813 1340 866 1367 εισι
880 1339 915 1367 τὰ

127 1381 197 1418 ἑξῆς
211 1382 361 1418 δηλούμενα
386 1383 537 1420 μυστήρια·
562 1384 686 1411 τουτέστι
715 1385 746 1411 τὸ
763 1385 912 1421 βάπτισμα,

127 1427 186 1462 ἦτοι
204 1426 332 1463 φώτισμα
343 1435 350 1442 ·
366 1428 383 1463 ή
398 1427 507 1461 σύναξις
518 1448 526 1462 ,
549 1428 632 1463 ἤγουν
651 1428 683 1455 τὸ
704 1428 754 1463 τῆς
773 1429 914 1461 κοινωνίας

128 1473 286 1511 μυστήριον,
305 1473 354 1501 καὶ
366 1473 402 1500 τὰ
418 1473 509 1501 λοιπά.

165 1519 218 1546 Ἓν
227 1519 286 1554 μὲν
298 1519 392 1547 ἔστιν.
415 1519 445 1547 '0
457 1519 523 1552 Θεὸς
539 1520 669 1556 δηλονότι.

164 1566 225 1599 οὐχ
247 1565 374 1598 ἐνιαίως.
398 1565 471 1592 Ἀντὶ
485 1565 534 1592 τοῦ
549 1565 687 1599 ἑνοειδῶς,
711 1566 759 1594 καὶ
780 1567 841 1595 καθ’
864 1566 913 1594 ενα

127 1609 174 1636 καὶ
189 1609 234 1636 τὸν
250 1609 331 1637 αὐτὸν
344 1609 454 1646 τρόπον.

161 1653 282 1688 Νοητῶν
289 1662 331 1682 τε.
340 1653 508 1690 Σημειωτέον
519 1654 564 1687 ⁸⁸⁸,
574 1654 654 1681 ὅτιτὸ
662 1654 802 1691 σύνταγμα
812 1655 826 1682 ὃ
838 1655 913 1691 αὐτῷ

125 1700 239 1736 ἐποιήθη
252 1700 275 1716 ⁸⁸
287 1701 351 1736 περὶ
361 1700 462 1736 νοητῶν
478 1699 526 1727 καὶ
547 1700 693 1736 αἰσθητῶν,
705 1702 769 1737 παρ’
784 1702 850 1737 ἡμῖν
863 1702 912 1736 οὐχ

125 1745 248 1782 εὕρηται.

159 1789 410 1825 Διεξοδικώτερον.
433 1790 510 1818 Ἀντὶν
519 1790 567 1818 τοῦ
582 1791 760 1828 πλατύτερον.

160 1835 239 1871 ειη.
265 1835 307 1872 [α]
331 1837 414 1863 Ἐστι
432 1836 491 1871 μὲν
515 1837 659 1872 ὶεραρχία.
685 1837 821 1874 Ἱεραρχία
842 1839 910 1872 ἐστὶ,

125 1883 200 1917 φησὶ,
217 1882 308 1915 καθὼς
323 1883 340 1918 ἡ
353 1883 438 1919 σεπτὴ
451 1882 534 1919 ἡμῶν
546 1883 692 1919 παράδοσις
705 1884 862 1921 παρίστησι,
877 1885 912 1912 τὰ

125 1927 274 1960 καθολικῶς
288 1927 460 1964 θεωρούμενα
473 1928 490 1964 ἢ
504 1929 640 1965 λεγόμενα
652 1930 717 1965 περὶ
730 1930 784 1956 τῶν
800 1939 911 1966 προκει-

126 1973 223 2010 μένων,
238 1974 320 2010 ἤγουν
342 1975 528 2011 ὑποκειμένων
552 1975 631 2011 ίερῶν
651 1975 831 2012 πραγμάτων·
849 1977 910 2012 ἦτοι

123 2019 151 2047 δὲ
173 2021 220 2048 καὶ
241 2020 425 2057 πραττόμενα.
440 2021 707 2056 Συγκεφαλαιωσιν
723 2021 777 2058 γὰρ
797 2022 847 2058 τὴν
861 2021 908 2048 τοῦ

124 2066 184 2093 ὅλου
204 2066 348 2102 περίληψιν
365 2065 453 2105 λέγει,
470 2065 564 2102 ὥσπερ
585 2066 632 2093 καὶ
645 2066 908 2102 ἀνακεφαλαίωσιν

124 2111 236 2147 λέγομεν
247 2111 279 2138 τὸ
292 2110 469 2138 ἐπαναλαϐεῖν
479 2109 622 2146 ἐν’ὀλίγοις
634 2111 668 2138 τὰ
682 2111 873 2148 προλεχθέντα.

157 2201 197 2238 [β]
227 2201 463 2236 Καθολικωτάτη.
498 2201 639 2229 Καθολικά
676 2202 735 2229 ἐστι
764 2202 799 2230 τὰ
830 2212 909 2239 περι-

123 2246 296 2283 εκτικὼτερα.
313 2248 396 2283 Φησὶν
419 2245 476 2280 οὖν,
497 2248 548 2281 ὃτι,
573 2247 653 2284 τυχὸν
677 2248 786 2284 ἁπάσης
804 2248 908 2282 τάξεως

124 2293 261 2329 ίεραρχίας
276 2293 433 2329 λεγομένης,
456 2294 580 2330 ἱεραρχία
600 2294 673 2321 ἐστὶν
693 2294 802 2330 ἁπάσης
816 2295 908 2331 ἱεραρ-

122 2337 207 2373 χίαςὴ
222 2337 395 2373 ἀρχικωτέρα
409 2338 455 2365 καὶ
475 2339 642 2375 γενικωτέρα
658 2339 902 2374 συγκεφαλαίωσις·

121 2380 175 2409 οἷον
193 2383 243 2418 τῆς
263 2383 455 2419 πρεσϐυτέρων
479 2384 636 2420 ἱεραρχίας,
653 2385 777 2412 τουτέστι
791 2385 903 2418 τάξεως,

123 2428 244 2464 ῑεραρχία
253 2429 267 2455 ὁ
281 2429 429 2461 ἐπίσκοπος
438 2450 445 2462 ,
460 2430 573 2465 ὀφείλων
587 2430 739 2465 γινώσκειν,
753 2431 903 2468 καθαίρειν,

122 2474 255 2509 φωτίζειν,
272 2474 400 2502 τελειοῦνο
411 2475 460 2511 τῆς
475 2475 604 2502 διακόνων
622 2476 762 2512 ἱεραρχιας
777 2477 904 2512 ίεραρχία

121 2520 134 2546 ό
147 2519 342 2555 ἀρχιδιάκονος,
360 2520 389 2552 ὃς
401 2521 508 2555 ,ὀφείλει
525 2520 668 2555 γινώσκειν
686 2522 735 2553 τὰς
753 2521 904 2558 λειτουργι-

121 2564 169 2597 ut;
192 2566 340 2602 ἐνεργείας·
363 2567 410 2594 καὶ
428 2565 499 2594 οὕτω
513 2566 630 2602 καθεξῆς
645 2566 682 2594 τὰ
701 2567 782 2594 λοιπὰ
808 2569 904 2596 συντά-

121 2619 210 2649 γματα
223 2612 268 2638 ⁹⁶⁹.

154 2657 194 2694 [γ]
221 2659 493 2694 Συγκεεραλαίωσις.
514 2660 604 2695 Ἱερῶν
631 2660 864 2696 συγκεφαλαίωσις
885 2663 902 2698 ἡ

121 2704 216 2738 γνῶσις
230 2705 330 2737 παντὸς
345 2705 481 2742 ἱερατικοῦ
495 2705 642 2741 τάγματος.

155 2765 166 2779 ι
179 2759 258 2789 Joan.
276 2769 343 2794 xvn,
355 2761 399 2789 ll.

932 922 956 952 B
969 921 1131 952 nominavit,

1003 967 1040 995 Et
1065 967 1150 995 omnis
1161 968 1206 1004 qui
1220 967 1297 997 modo
1313 967 1486 1002 praedicatur.
1503 966 1571 1001 Quae
1591 967 1690 998 vissit.
1698 968 1757 997 uni-

967 1021 1054 1042 versae
1065 1013 1237 1043 hierarchiae.

963 1080 970 1084 .
1003 1059 1039 1087 Et
1064 1059 1153 1095 ipsum
1179 1060 1250 1087 sacri
1264 1059 1366 1088 ordinis
1384 1060 1542 1101 antistitem.
1572 1059 1605 1088 Id
1629 1063 1672 1088 est
1695 1060 1755 1096 epi-

967 1113 1091 1142 scopum.

1001 1152 1178 1188 Subditosque
1201 1161 1274 1181 suos.
1301 1152 1376 1189 (Agit
1387 1152 1442 1188 hic)
1467 1151 1502 1180 de
1524 1152 1753 1188 promotionibus.

1000 1197 1046 1226 Sic
1060 1202 1089 1224 ut
1104 1197 1203 1225 subditi
1223 1202 1376 1233 sequantur.
1391 1196 1581 1233 Prcsbyteros.

1001 1243 1134 1273 Caeterum
1153 1245 1213 1271 isne
1238 1243 1354 1279 quidem.
1374 1243 1549 1279 Comparatio
1563 1244 1684 1272 caelestis
1699 1244 1754 1273 bie-

964 1291 1090 1322 rarchiae,
1105 1294 1133 1319 et
1146 1290 1206 1326 ejus
1224 1298 1285 1326 quae
1303 1290 1355 1318 sub
1368 1298 1478 1318 sensum
1491 1290 1575 1318 cadit.

1000 1337 1172 1366 Semibilium
1190 1337 1337 1372 signorum.
1368 1336 1451 1372 Signa
1471 1336 1610 1365 sensibilia
1628 1340 1692 1364 sunt
1706 1344 1753 1364 sa-

963 1388 1105 1413 cramenta
1121 1391 1182 1420 qua:
1201 1383 1331 1419 deinceps
1344 1386 1539 1418 exponuntur:
1561 1383 1589 1411 id
1604 1387 1646 1411 est
1663 1383 1753 1418 bapti-

963 1438 1050 1464 smus,
1072 1430 1131 1459 sive
1151 1430 1314 1464 illustratio;
1334 1429 1462 1466 synaxis,_
1479 1430 1538 1458 sive
1551 1430 1752 1463 communionis

965 1482 1180 1510 sacramentum,
1193 1482 1221 1505 et
1234 1481 1343 1505 caetera.

1001 1521 1088 1550 Unum
1106 1523 1210 1559 quidem
1226 1527 1276 1552 est.
1290 1522 1403 1552 Scilicet
1419 1521 1505 1552 Deus.

958 1589 961 1591 .
1000 1567 1063 1596 Non
1083 1567 1219 1596 Imimode.
1251 1567 1511 1601 Prc,unit‘ormiter
1539 1571 1567 1595 et
1596 1567 1750 1599 secundum

964 1621 1051 1641 unum
1075 1613 1256 1647 eumdemque
1275 1613 1397 1640 modum.

998 1658 1038 1686 De
1059 1658 1266 1690 intellectilibus.
1298 1657 1455 1691 Notandum
1475 1662 1531 1691 est,
1547 1658 1648 1686 librum
1667 1666 1750 1694 quem

963 1705 1073 1740 scripsit
1087 1705 1119 1733 de
1136 1705 1171 1733 iis
1187 1713 1247 1741 quae
1257 1704 1634 1740 iiItelligentiagcontinentur,
1648 1708 1676 1733 et
1689 1712 1750 1740 quae

963 1751 1016 1779 sub
1029 1759 1140 1780 sensum
1156 1751 1268 1783 cadunt,
1289 1750 1360 1786 apud
1375 1758 1427 1780 nos
1444 1757 1500 1778 non
1515 1750 1641 1778 inveniri.

998 1798 1108 1829 Fusius.
1124 1797 1189 1831 Pro,
1203 1798 1286 1826 latius
1300 1797 1477 1833 etpluribus.

998 1843 1050 1879 53
1067 1843 1081 1880 §
1097 1844 1142 1872 HI.
1158 1844 1207 1871 Est
1220 1843 1325 1879 quidem
1342 1843 1502 1877 hierarchia.
1517 1842 1680 1871 Hierarchia
1693 1847 1747 1876 est,

961 1890 1061 1925 inquit,
1074 1890 1147 1918 sicut
1159 1890 1314 1918 veneranda
1327 1889 1440 1920 traditio
1453 1892 1548 1917 nostra
1558 1889 1698 1925 proponit,
1711 1897 1745 1917 ea

961 1943 1022 1972 quae.
1033 1936 1196 1972 generaliter
1206 1939 1235 1964 et
1256 1935 1385 1964 universe
1397 1934 1535 1968 videntur,
1550 1939 1598 1963 aut
1618 1935 1748 1967 dicuntur

961 1982 996 2010 de
1012 1982 1100 2013 sacris
1116 1982 1198 2010 rebus
1215 1989 1276 2017 quae
1295 1981 1443 2018 propositae
1463 1989 1511 2011 seu
1527 1981 1656 2016 subjectae
1670 1984 1745 2012 sunt.

960 2029 1020 2057 sive
1033 2028 1114 2056 etiam
1128 2035 1190 2063 qua:
1210 2031 1338 2063 aguntur.
1354 2027 1593 2062 Συγκεςραλαίωσιν
1615 2027 1687 2054 enim
1703 2029 1747 2053 to-

959 2075 1016 2105 tius
1039 2074 1255 2109 complexionem
1283 2074 1368 2106 dicit,
1399 2073 1471 2101 sicut
1498 2073 1582 2100 etiam
1607 2073 1745 2107 ἀνακεφα-

959 2120 1071 2148 λαίωσιν
1088 2120 1208 2147 dicimns
1220 2123 1345 2155 repetere
1359 2119 1456 2154 paucis
1471 2126 1503 2146 ea
1519 2125 1580 2153 quae
1596 2121 1660 2145 ante
1671 2117 1745 2145 dicta

959 2170 1036 2194 sunt.

994 2211 1210 2240 Generalissima.
1226 2210 1369 2239 Generalia
1383 2213 1447 2238 sunt
1457 2217 1490 2238 ea
1500 2217 1560 2245 quae
1575 2210 1663 2245 magis
1677 2216 1745 2240 con-

959 2259 1057 2287 tinent.
1071 2258 1117 2285 Ait
1129 2265 1194 2294 ergo
1207 2257 1293 2293 quod,
1303 2256 1420 2285 fortasse
1437 2256 1512 2284 omni
1526 2256 1745 2288 ordinehierar-

961 2305 1023 2333 chia
1043 2309 1214 2339 nuncupata,
1237 2303 1392 2331 hierarchia
1413 2306 1457 2331 est
1472 2303 1561 2332 omnis
1584 2303 1745 2331 hierarchite

959 2351 1137 2387 principalior
1153 2351 1359 2387 generaliorque
1381 2356 1502 2382 summa;
1526 2352 1556 2375 ut
1571 2349 1744 2385 presbytero-

957 2405 1019 2424 rum
1034 2397 1204 2430 hierarchiae,
1225 2397 1253 2424 id
1267 2399 1310 2424 est
1324 2395 1439 2428 ordinis,
1460 2394 1616 2425 hierarchia
1635 2396 1744 2431 episco-

957 2451 1027 2479 pus,
1055 2443 1101 2478 qui
1121 2443 1193 2471 scire
1211 2443 1301 2476 debet,
1317 2449 1451 2477 purgare,
1469 2441 1608 2469 illustrare
1619 2446 1647 2470 et
1659 2442 1743 2478 peril-

957 2497 1035 2524 cere;
1054 2489 1231 2517 diaconorum
1248 2489 1410 2516 hierarchiaa
1436 2487 1590 2516 hierarchia
1605 2488 1742 2516 archidia-

956 2543 1053 2569 conus,
1069 2536 1116 2571 qui
1138 2536 1248 2571 cognita
1270 2535 1370 2563 habere
1386 2534 1468 2562 debet
1491 2534 1579 2562 cilicia
1601 2535 1741 2563 ministro-

914 2614 925 2624 .
955 2589 1017 2610 rum
1030 2591 1037 2610 :
1054 2585 1135 2617 atque
1150 2582 1188 2609 ita
1203 2582 1332 2616 deinceps
1348 2580 1445 2616 reliqui
1461 2580 1583 2609 ordines.

938 2646 943 2651 ἠ
991 2662 1274 2693 διηρπακδσρι-οτυω
1287 2667 1394 2689 summa
1415 2663 1443 2688 et
1456 2659 1608 2695 complexio
1622 2662 1665 2687 est
1678 2665 1739 2686 om-

955 2710 998 2738 nis
1012 2709 1193 2739 ecclesiastici
1208 2709 1314 2738 ordinis
1328 2706 1453 2736 scientia.

573 2806 959 2847 VABIEALECTIONLQET
977 2810 1253 2840 CORBECTIONES.

154 2871 186 2888 ¹⁸⁶
203 2873 364 2909 σημείωσαι.
397 2874 420 2892 ⁹⁰
436 2877 564 2913 ἐπονήθη.
598 2878 778 2915 νο¹τάγματα.
