1925 3060
210 151 261 180 H9

556 151 726 181 ΑΡΡΕἙΒΙΧ
750 153 798 181 AD
818 153 933 185 OPERA
959 155 988 185 S.
1014 156 1162 187 DlONYSlI
1178 159 1418 190 AREOPAGITE.

1770 165 1823 194 520

245 209 333 244 Hujus
357 210 440 245 origo.
466 209 545 244 Quod
568 212 735 250 principium
759 215 942 251 hierarchiae,
967 225 978 246 ε

1079 219 1116 256 [δ]
1140 221 1250 256 Ταύτης
1258 222 1348 258 ἀρχή.
1365 223 1414 255 Τίς
1428 223 1445 259 ἡ
1457 222 1528 260 ἁρχὴ
1543 223 1594 260 τῆς
1607 223 1761 263 ἱεραρχίαςγ,
1776 225 1824 252 καὶ

208 255 327 292 (ibidem)
344 255 377 283 de
392 255 534 285 Trinitate.

244 300 356 328 Notum.
373 300 453 334 Nota,
472 307 596 331 sanctam
610 304 769 334 Trinitatem
790 307 928 343 cognitum
944 309 994 337 ha-

207 346 273 374 bere
297 347 368 382 quod
396 348 431 375 de
458 350 568 384 propria
594 351 714 378 essentia
737 353 866 388 cognosci
887 359 991 390 potest,

207 393 280 420 sicut
290 401 364 421 nunc
380 393 497 423 dicimus
508 396 646 431 propriam
662 397 844 428 substantiam
858 400 916 429 haec
933 402 991 430 sola

206 440 359 474 cognoscit.

240 484 400 513 Rationalis.
417 485 486 514 Nota
500 488 611 523 angelos
623 492 650 517 et
664 489 789 520 homines
803 491 919 521 rationis
927 501 991 529 par-

205 530 303 567 ticipes
318 540 380 560 esse
391 537 515 561 naturas.

204 580 206 582 '
239 576 306 605 Haac
320 586 380 606 vero
395 587 447 606 non
462 579 552 609 aliter.
570 572 650 610 Salus
663 583 777 612 scilicet.

238 622 306 650 Han:
324 628 411 650 autem
426 625 570 659 deiﬁcatio.
587 626 658 661 Quid
673 628 709 656 sit
724 629 872 659 deiﬁcatio.

239 667 413 697 Hierarchiaa.
428 670 496 704 Quis
522 671 558 699 sit
582 673 644 701 linis
665 675 800 704 universae
810 676 986 711 hierarchim,

202 717 230 742 et
254 715 346 750 qualia
371 715 448 744 obire
469 721 593 752 oporteat
615 719 782 755 episcopum.
807 721 886 757 Nota,
907 724 987 752 tinem

203 767 252 788 seu
279 769 391 797 scopum
433 764 569 792 universa:
609 765 770 795 hierarchiae
803 769 931 805 angelica;
961 776 988 799 et

202 807 338 841 humanae,
375 816 436 836 esse
472 808 519 837 Dei
548 818 695 847 rerumque
727 813 882 842 divinarum
915 823 988 845 amo-

200 859 271 886 rem,
284 857 311 881 et
323 861 384 889 qua:
394 853 523 891 deinceps
536 861 696 885 enumerata
710 862 785 887 sunt.
800 859 869 887 Illud
883 865 984 895 autem,

1043 268 1107 303 περὶ
1120 268 1242 304 Τριάδος.

1077 311 1115 349 [ε]
1143 313 1326 348 Ἑπιστητόν.
1357 315 1521 352 Σημείωσαι,
1540 317 1581 344 ὅτι
1612 317 1630 353 ἠ
1652 317 1718 352 ἁγία
1739 317 1823 353 Τριὰς

1041 359 1184 395 ἐπιστητὸν
1202 359 1258 396 ἔχει
1279 361 1309 387 τὸ
1329 360 1379 396 τῆς
1398 361 1499 394 οἰκείας
1513 361 1656 398 ὑπάρξεως
1675 357 1821 399 γνώριμον,

1040 407 1078 439 ὡς
1091 407 1140 443 τὴν
1154 406 1202 435 νῦν
1215 416 1303 443 φαμεν
1315 407 1365 444 τὴν
1388 407 1456 435 ιδίαν
1475 409 1579 443 οὐσίαν,
1595 409 1662 445 μόνη
1680 409 1748 446 αὕτη
1762 409 1822 437 ὲπί-

1041 461 1144 480 σταται.

1080 498 1111 526 Ἠ
1121 497 1237 533 λογική.
1249 498 1418 534 Σημείωσαι,
1432 498 1472 526 ὅτι
1488 499 1597 534 ἄγγελοι
1612 499 1659 527 καὶ
1684 499 1821 536 ἄνθρωποι

1038 543 1145 577 λογικαί
1158 544 1227 571 εἰσιν
1241 544 1341 571 οὐσίαι.

1078 588 1108 616 Ἠ
1119 588 1153 616 δὲ
1165 590 1222 623 οὐχ
1232 589 1345 624 ἑτέρως.
1361 590 1487 626 Σιιγτηρία
1499 590 1628 627 δηλονότι.

1078 635 1109 662 'H
1123 634 1156 662 δὲ
1169 635 1284 669 θέωσις.
1300 636 1332 663 Τί
1347 636 1421 663 ἐστιν
1433 637 1450 672 ἡ
1467 636 1573 669 θέωσις.

1077 681 1243 715 Ἶεραρχίας.
1267 681 1300 707 Τί
1322 681 1353 708 τὸ
1375 682 1462 717 πέρας
1484 682 1574 718 πάσης
1595 682 1746 719 ἱεραρχίας,
1774 684 1820 711 καὶ

1036 725 1116 752 ὁποῖα
1124 726 1170 753 δεῖ
1193 726 1312 761 μετιέναι
1332 727 1378 754 τὸν
1395 727 1533 763 ἱεράρχην.
1552 728 1707 764 Σημείωσαι
1721 728 1764 760 δὲ,
1779 729 1820 755 ὅτι

1035 771 1067 798 τὸ
1079 771 1164 803 τέλος,
1179 772 1263 807 ἤγουν
1283 772 1330 799 τὸν
1355 772 1455 799 σκοπὸν
1469 772 1577 808 ἁπάσης
1600 774 1737 809 ἱεραρχίας
1750 771 1819 802 εἶναι

1035 816 1108 852 λέγει
1121 817 1171 852 τῆς
1183 817 1331 852 ὰγγελικῆς
1344 818 1390 844 καὶ
1403 817 1453 854 τῆς
1471 819 1500 845 ὲν
1522 818 1675 854 ἀνθρώποις
1688 819 1738 856 τὴν
1751 820 1819 856 πρὸς

1035 862 1102 890 Θεὸν
1115 863 1161 890 καὶ
1173 863 1207 890 τὰ
1220 863 1278 890 θεῖα
1291 863 1439 900 ἀγάπησιν,
1451 864 1497 891 καὶ
1512 864 1547 892 τὰ
1563 865 1626 900 ἑξῆς
1645 865 1818 901 κατειλεγμέ-

200 907 262 933 quae
279 907 336 927 uno
359 900 442 928 modo
468 902 555 930 sacris
578 906 724 938 operatur,
745 904 880 941 declarat,
905 907 978 943 plant

1037 917 1077 935 να.
1092 908 1129 935 Τὸ
1141 908 1171 935 δὲ
1186 909 1292 941 ἐνιαίως
1313 909 1523 945 ἱερουργουμένη
1537 909 1611 946 δηλοῖ
1626 910 1657 937 τὸ
1669 900 1818 946 ὁλοσχερῶς

200 949 229 973 et
249 945 307 973 sola
330 945 365 973 ad
386 947 468 975 talem
492 947 595 975 cultum
618 950 798 979 conversione
813 952 903 987 ipsum
925 960 986 981 cer-

199 998 276 1020 nere.

236 1037 252 1074 §
269 1037 314 1067 IV.
335 1038 454 1074 Superis.
472 1039 558 1074 Nota,
585 1043 721 1078 quomodo
739 1043 810 1073 Deus
827 1051 985 1081 permoveat

198 1083 314 1113 virtutes
339 1085 540 1121 intelligibiles,
567 1091 594 1115 et
627 1089 764 1124 quomodo
791 1098 842 1119 nos
865 1091 985 1121 illustre-

199 1137 246 1157 mu
251 1137 274 1158 Γ.

235 1176 297 1204 Non
316 1178 385 1205 enim
406 1179 580 1208 extrinsecus.
601 1179 732 1209 Homines
749 1181 860 1217 quidem
879 1184 984 1213 ostrina-

198 1229 291 1255 secus,
307 1222 336 1251 id
348 1226 390 1251 est
401 1231 417 1251 a
436 1228 534 1252 creata?
552 1229 656 1253 natura!
674 1229 906 1263 contemplatione
923 1238 984 1257 ver-

196 1267 294 1303 bisque
308 1268 486 1304 docentibus,
502 1274 530 1298 et
552 1271 613 1299 aliis
629 1272 751 1307 ejusdem
768 1275 875 1309 generis
890 1283 983 1304 veram

197 1314 380 1349 cognitionem
401 1315 599 1352 scientiamque
621 1318 768 1353 hauriunt;
788 1320 877 1356 angeli
892 1327 982 1350 autem

197 1359 272 1387 intus
287 1368 336 1396 per
358 1362 457 1390 mentis
479 1370 536 1391 suae
551 1363 606 1390 vim
628 1364 813 1401 illustrantur,
837 1366 982 1403 divinaque

196 1406 337 1434 voluntate
358 1407 555 1443 insigniuntur,
577 1409 605 1436 id
625 1413 667 1437 est
688 1410 889 1446 exprimuntur,
906 1417 934 1440 et
948 1413 982 1441 ad

196 1450 245 1479 Dei
260 1451 450 1486 imitationem,
474 1458 501 1482 et
519 1454 553 1482 ad
568 1462 662 1483 eorum
680 1463 739 1492 qua:
752 1461 828 1490 sunt,
846 1461 981 1493 quatenus

197 1502 272 1530 sunt,
289 1499 483 1534 cognitionem.

231 1543 285 1572 Sed
307 1544 467 1581 intelligibili
490 1546 602 1575 ratione.
628 1547 886 1582 Considerandum,
912 1558 980 1585 quo-

194 1589 276 1618 modo
288 1590 466 1624 intrinsecus,
480 1599 534 1620 non
551 1593 606 1630 54
623 1594 689 1623 foris
704 1600 731 1623 et
744 1596 916 1624 extrinsecus
933 1596 979 1624 Dei

195 1636 415 1670 illustrationes,
445 1638 551 1667 divinas
573 1644 678 1668 mentes
702 1646 880 1677 promoveant
908 1651 915 1669 :
941 1642 980 1670 ait

194 1683 268 1711 enim
283 1683 368 1712 Deum
382 1689 488 1714 mentes
501 1693 548 1713 eas
566 1686 713 1714 illustrare.
730 1685 864 1720 Quoniam
881 1689 979 1717 mentis

194 1734 237 1757 est
249 1737 371 1765 compos,
387 1731 415 1759 id
439 1731 513 1767 quod
535 1732 674 1767 intelligit,
702 1737 730 1760 et
758 1734 811 1761 sub
826 1734 979 1770 intelligen-

194 1775 260 1803 tiam
286 1776 358 1804 cadit
384 1777 412 1804 id
434 1778 506 1812 quod
529 1778 708 1813 intelligitur;
737 1779 815 1807 cibus
837 1784 928 1808 autem
953 1785 980 1808 et

194 1821 273 1856 quasi
293 1822 378 1850 robur
392 1827 433 1850 est
443 1823 470 1850 id
484 1823 557 1858 quod
576 1824 746 1859 intelligitur,
758 1825 818 1860 ejus
835 1825 882 1860 qui
897 1826 979 1853 intel—

194 1866 269 1901 ligit;
283 1867 346 1903 jure
360 1875 392 1894 ac
406 1869 505 1895 merito
529 1868 610 1903 Deus,
624 1877 686 1896 cum
700 1874 804 1898 mentes
819 1871 876 1899 sint
890 1871 908 1899 ii
929 1872 977 1907 qui

194 1911 348 1946 incorporei
359 1915 434 1944 sunt,
444 1913 502 1947 ipse
517 1913 563 1948 qui
570 1917 597 1941 et
606 1914 657 1941 sub
669 1914 874 1951 intelligentiam
884 1923 978 1944 eorum

193 1956 268 1984 cadit
281 1960 308 1984 et
323 1957 357 1985 ab
369 1957 405 1985 iis
415 1958 584 1994 intelligitur,
594 1965 729 1995 quatenus
740 1966 869 1996 possunt;
882 1963 975 1990 intrin-

193 2010 274 2030 secus
288 2010 336 2030 eos
354 2002 472 2031 illustrat
483 2008 574 2033 mente
588 2005 755 2041 intelligente
771 2011 798 2034 et
815 2008 928 2035 nutrita.

188 2053 190 2077 ;
233 2048 411 2077 Divisibilium
426 2051 570 2086 signorum.
581 2051 663 2088 Signa
675 2052 784 2080 dividua
798 2053 848 2081 hoc
855 2053 915 2082 loco
928 2054 977 2082 do-

192 2096 295 2124 ctrinas
317 2095 465 2132 Scriptum
484 2097 668 2126 multiformes
682 2098 758 2131 dicit,
783 2099 901 2127 maxime
916 2101 977 2135 qui-

192 2142 253 2170 dem
280 2150 327 2177 per
342 2143 424 2170 verba
446 2144 584 2179 mysteriis
610 2144 689 2179 plena
712 2144 811 2172 divinae
833 2150 936 2174 natura:
949 2151 976 2175 et

191 2189 372 2217 essentiarum
393 2197 453 2225 quae
471 2191 570 2219 mentis
592 2194 656 2219 sunt
682 2191 828 2227 participes
850 2197 974 2221 contem-

1035 955 1081 982 καὶ
1097 955 1269 990 μονοτρόπως
1281 955 1350 991 πρὸς
1364 955 1414 992 τὴν
1427 955 1553 992 τοιαύτην
1566 955 1691 992 λατρείαν
1707 957 1782 993 ὁρᾷν.

1077 1053 1090 1090 §
1116 1053 1159 1081 IV.
1187 1053 1415 1089 Ύπερκοσμίοις.
1438 1054 1602 1090 Σημείωσαι,
1630 1055 1689 1087 πῶς
1713 1056 1782 1082 κινεῖ
1801 1056 1816 1083 ὸ

1033 1100 1099 1132 Θεὸς
1112 1099 1161 1132 τὰς
1176 1099 1274 1136 νοητὰς
1293 1099 1430 1135 δυνάμεις,
1445 1101 1492 1127 καὶ
1508 1101 1566 1133 πῶς
1586 1101 1666 1137 ἡμεῖς
1684 1101 1816 1137 ἐλλαμπὸ-

1056 1145 1113 1173 εθα.

1035 1154 1113 1218 μεῖὶῗ
1130 1191 1185 1226 γὰρ
1198 1191 1317 1224 ἔξωθεν.
1331 1192 1485 1229 ’Ἄνθρωποι
1498 1193 1546 1228 μὲν
1558 1192 1665 1227 ἔξωθεν,
1678 1193 1814 1220 τουτέστιν

1033 1237 1087 1265 ἀπὸ
1100 1238 1149 1274 τῆς
1161 1239 1231 1266 κατὰ
1245 1239 1295 1276 τὴν
1310 1240 1398 1267 κτίσιν
1412 1239 1527 1275 θεωρίας
1538 1241 1585 1267 καὶ
1599 1240 1685 1275 λόγων
1695 1240 1817 1268 διδασκα-

1032 1283 1118 1311 λικῶν
1134 1285 1180 1312 καὶ
1196 1285 1297 1321 ἑτέρων
1312 1285 1440 1313 τοιούτων
1460 1285 1510 1321 τὴν
1529 1286 1615 1322 ἀληθῆ
1629 1286 1727 1321 γνῶσιν
1744 1286 1814 1322 λαμ-

1032 1329 1166 1357 ϐάνουσιψ
1182 1331 1290 1366 ἄγγελοι
1305 1331 1333 1358 δὲ
1348 1331 1431 1368 αὐτὴν
1445 1331 1548 1359 ἔνδοθεν
1558 1332 1606 1368 τὴν
1615 1332 1710 1368 νοερὰν
1724 1332 1814 1359 αὐτῶν

1031 1374 1214 1411 ὲλλάμπονται
1239 1376 1363 1412 δύναμιν,
1378 1377 1425 1404 καὶ
1443 1377 1494 1413 τὴν
1517 1377 1592 1405 θείαν
1609 1377 1814 1413 ὲνσημαίνονται

1032 1420 1167 1458 βούλησιν,
1187 1423 1271 1458 ἤγουν
1293 1422 1440 1450 τυποῦνται
1464 1423 1532 1459 πρὸς
1552 1424 1582 1450 τὸ
1599 1423 1762 1460 θεομίμητόν
1783 1432 1813 1450 τε

1031 1467 1078 1494 καὶ
1090 1467 1143 1494 τῶν
1151 1467 1246 1501 ὄντων,
1263 1465 1280 1506 ᾔ
1295 1468 1358 1495 ὄντα
1373 1468 1442 1501 ἐστὶ,
1457 1468 1613 1503 γνωστικόν.

1065 1558 1184 1592 Νοητῶς
1205 1557 1248 1584 δέ.
1273 1557 1471 1593 Κατανοητέον,
1495 1557 1554 1590 πῶς
1575 1557 1687 1590 έσωθεν,
1705 1557 1763 1585 ἀλλ’
1781 1557 1811 1585 οὐ

1028 1603 1155 1639 θύραθεν,
1169 1604 1197 1631 αι
1210 1603 1357 1639 ὲλλάμψεις
1372 1603 1419 1630 τοῦ
1435 1603 1502 1631 Θεοῦ
1516 1604 1578 1636 τοὺς
1592 1603 1679 1636 θείους
1693 1604 1756 1636 νόας
1769 1613 1811 1631 κι-

1028 1651 1127 1678 νοῦσινυ
1142 1649 1197 1687 ἔφη
1216 1651 1271 1688 γὰρ
1289 1651 1334 1678 τὸν
1348 1651 1414 1679 Θεὸν
1430 1651 1532 1687 νοητῶς
1546 1641 1643 1683 αὐτοὸς
1656 1651 1809 1688 ὲλλάμπειν·

1028 1696 1120 1732 ἐπειδὴ
1142 1696 1195 1732 γὰρ
1215 1697 1307 1732 νοερὸν
1331 1697 1380 1733 μὲν
1397 1696 1454 1723 ἔστι
1476 1696 1507 1723 τὸ
1528 1696 1615 1729 νοοῦν,
1632 1696 1725 1732 νοητὸν
1738 1696 1767 1723 δὲ
1781 1697 1811 1724 τὸ

1027 1742 1178 1778 νοούμενον·
1193 1743 1279 1779 τροφὴ
1292 1743 1322 1770 δὲ
1335 1743 1405 1779 [καὶ]
1420 1741 1474 1770 οἷον
1489 1743 1617 1775 σύστασις
1631 1742 1679 1769 τοῦ
1689 1742 1812 1775 νοοῦντος

1027 1788 1058 1815 τὸ
1072 1787 1225 1823 νοούμενον,
1248 1783 1388 1820 εἰκότωςὸ
1406 1788 1481 1822 Θεὸς,
1500 1788 1547 1815 ἆτε
1571 1788 1638 1814 νοῶν
1659 1788 1742 1814 ὅντων
1756 1787 1810 1814 τῶν

1027 1831 1189 1867 ἀσωμάτων,
1207 1832 1288 1864 αὐτὸς
1306 1832 1402 1869 νοητὸς
1415 1833 1461 1860 καὶ
1480 1832 1622 1868 νοούμενος
1635 1832 1735 1864 αὐτοῖς,
1750 1831 1810 1858 καθ’

1027 1875 1088 1904 ὅσον
1102 1877 1283 1912 ἐφικνοῦνται,
1304 1878 1447 1914 γενόμενος
1465 1877 1575 1911 ἔσωθεν,
1593 1877 1690 1909 αὐτοὺς
1712 1877 1811 1913 ἐλλάμ-

1027 1933 1082 1957 πει,
1095 1923 1142 1951 τοῦ
1154 1924 1199 1951 νοῦ
1214 1924 1335 1956 νοοῦντος
1349 1925 1396 1950 καὶ
1410 1923 1584 1960 τρεφομένου.

1061 2057 1215 2092 Διαιρετῶν
1229 2057 1397 2092 συμϐόλων.
1412 2056 1538 2092 Σύμϐολα
1555 2056 1676 2092 διαιρετὰ
1693 2056 1810 2083 ἐνταῦθα

1025 2104 1074 2136 τὰς
1096 2105 1145 2140 τῆς
1167 2104 1277 2140 Γραφῆς
1300 2103 1448 2134 πολυειδεῖς
1469 2102 1641 2134 διδασκαλίας
1662 2102 1738 2139 φησὶ,
1757 2103 1810 2138 μά-

1026 2150 1103 2177 λιστα
1120 2150 1167 2186 μὲν
1182 2149 1228 2176 διὰ
1242 2148 1411 2185 ωμϐολικῶν
1425 2148 1510 2188 λόγων
1523 2149 1572 2184 τὴν
1595 2149 1658 2184 περὶ
1672 2148 1721 2184 τῆς
1735 2148 1809 2180 θείας

1025 2196 1131 2231 φύσεως
1146 2196 1193 2223 καὶ
1206 2195 1259 2222 τῶν
1279 2194 1379 2230 νοερῶν
1398 2194 1495 2221 οὐσιῶν
1517 2194 1630 2230 θεωρίαν
1649 2195 1810 2234 εἰσηγουμέ-

191 2234 339 2269 plationem
357 2235 550 2270 explanantes;
569 2236 615 2263 sed
632 2237 768 2264 interdum
784 2238 865 2265 etiam
889 2239 975 2266 actio-

1037 2251 1082 2274 νας-
1099 2241 1154 2268 ἔσθ’
1169 2241 1213 2268 ὅτε
1226 2240 1254 2267 δὲ
1268 2240 1314 2268 καὶ¹
1328 2240 1377 2275 τῆς
1390 2240 1515 2275 πράξεως
1525 2239 1607 2271 οὔσας
1621 2239 1806 2276 διορθωτικὰς,

190 2287 252 2307 nem
281 2280 471 2314 emendantes,
494 2285 524 2308 ut
547 2281 613 2316 legis
630 2287 778 2318 praecepta,
793 2291 853 2319 quae
867 2284 900 2312 ad
915 2278 975 2313 mo;

1037 2287 1064 2319 ἱις
1076 2287 1110 2314 τὰ
1123 2286 1221 2322 νομικὰ
1236 2285 1467 2321 παραγγέλματα,
1483 2286 1522 2316 εἰς
1536 2285 1633 2321 ἠθικὴν
1647 2285 1808 2321 ἀλληγορίαν

191 2326 275 2352 ralem
303 2326 461 2361 allegoriam
485 2327 666 2362 referuntur;
696 2330 744 2357 sed
772 2330 858 2358 multo
891 2331 973 2358 etiam

190 2371 277 2405 magis
292 2376 523 2400 sacramentorum
535 2374 703 2402 caeremoniae
716 2382 748 2403 ac
762 2375 831 2404 ritus
845 2377 874 2404 in
888 2377 973 2413 signis

191 2414 339 2450 ﬁgurisque
354 2420 515 2445 cernuntur.

226 2460 383 2488 Substantia
396 2463 476 2490 enim.
487 2463 566 2497 Nota,
583 2472 707 2499 quaenam
721 2465 757 2493 sit
769 2465 812 2494 vis
832 2472 859 2494 et
874 2471 970 2495 natura

190 2510 291 2534 nostra:
305 2507 477 2541 hierarchiae,
493 2513 520 2536 et
534 2517 658 2544 quaenam
669 2511 775 2546 eloquia
788 2512 890 2541 divina.

227 2551 317 2579 Sacris
355 2552 545 2582 initiatoribus.
570 2553 766 2585 Sacrosanctos
792 2562 971 2593 praeceptores

190 2598 329 2633 apostolos
344 2597 422 2630 dicit,
438 2607 508 2634 quos
528 2603 555 2627 et
574 2601 658 2629 duces
672 2603 795 2636 vocavit;
815 2602 972 2639 theologica;

189 2648 279 2672 autem
302 2643 406 2672 tabulas
428 2645 513 2673 libros
533 2645 637 2675 Veteris
653 2651 680 2675 et
703 2647 770 2676 Novi
785 2648 970 2684 Tcstamenti;

189 2689 336 2719 doctrinam
357 2697 423 2718 vero
444 2699 461 2718 a
478 2693 590 2719 materia
605 2701 733 2726 vacuam,
749 2694 889 2722 scientiam
908 2703 970 2723 scn-

189 2742 269 2762 suum
291 2735 449 2771 Scriptura,
468 2745 547 2773 quan‘
576 2739 692 2774 apostoli
714 2747 730 2766 a
753 2739 856 2775 Spiritu
869 2741 971 2769 habue-

189 2785 264 2814 runt,
279 2790 348 2817 quas
361 2783 442 2812 etiam
461 2792 621 2821 corporeum
639 2793 791 2814 sermonem
805 2787 970 2822 nominavit;

1025 2332 1189 2368 ἀναγόμενα·
1206 2331 1295 2366 πολλῷ
1313 2331 1340 2357 δὲ
1355 2331 1435 2358 πλέον
1453 2332 1482 2358 αἱ
1498 2331 1550 2357 τῶν
1566 2332 1720 2367 μυστηρίων
1734 2332 1809 2358 τελε-

1024 2379 1069 2406 ταὶ
1083 2379 1112 2405 ὲν
1126 2387 1158 2405 συ
1163 2377 1269 2414 μσόλοις
1283 2377 1445 2414 θεωροῦνται
1462 2377 1508 2404 καὶ
1523 2376 1631 2409 τύποις.

1055 2465 1151 2493 Otia-la
1165 2465 1228 2500 γάρ.
1245 2464 1409 2501 Σημείωσαι,
1424 2465 1466 2497 τίς
1480 2466 1497 2500 ὴ
1511 2464 1589 2492 οὐσία
1599 2464 1648 2500 τῆς
1663 2464 1722 2492 καθ’
1733 2465 1806 2500 ἡμᾶς

1023 2511 1170 2548 ίεραρχίας,
1187 2512 1234 2537 καὶ
1248 2511 1308 2537 τίνα
1322 2510 1356 2537 τὰ
1367 2510 1426 2538 θεῖα
1438 2511 1524 2545 λόγια.

1064 2556 1288 2592 Ἰεροτελεστῶν.
1316 2556 1510 2593 Ἰεροτελεοτὰς
1535 2558 1584 2593 μὲν
1605 2558 1668 2589 τοὺς
1688 2557 1804 2584 ἀποστό-

1022 2604 1083 2636 λους
1096 2603 1184 2638 λέγει,
1198 2603 1245 2635 οὓς
1259 2603 1305 2630 καὶ
1319 2602 1505 2639 καθηγεμόνας
1518 2603 1622 2639 εῐρηκε’
1633 2603 1805 2638 θεολογικὰς

1021 2651 1050 2677 δὲ
1071 2649 1195 2683 δέλτους
1210 2649 1244 2676 τὰ
1259 2649 1347 2684 βιϐλία
1365 2649 1415 2684 τῆς
1438 2649 1558 2682 Παλαιᾶς
1581 2649 1629 2676 καὶ
1648 2648 1697 2684 τῆς
1719 2648 1802 2681 Νέας·

1021 2695 1186 2730 ἁῦνὶοτέραν
1205 2695 1233 2722 δὲ
1248 2696 1363 2730 μύησιν
1382 2694 1432 2730 τὴν
1446 2695 1477 2722 ὲκ
1489 2695 1645 2730 Πνεύματος
1654 2694 1803 2730 γενομένην

1022 2743 1077 2774 τοῖς
1097 2742 1255 2774 ἀποστόλοις
1270 2741 1369 2776 γνῶσιν
1384 2740 1438 2767 τῶν
1452 2740 1502 2775 τῆς
1518 2739 1628 2776 Γραφῆς
1649 2739 1802 2775 νοημάτων,

1021 2788 1039 2815 ἃ.
1055 2787 1101 2814 καὶ
1114 2787 1267 2823 σωματικὸν
1280 2786 1431 2815 ἀπεκάλεσε
1448 2786 1469 2802 ⁹¹
1480 2785 1568 2820 λόγον,
1584 2785 1614 2819 ἐξ
1628 2782 1662 2822 ἦς
1677 2785 1804 2822 μυήσεως

642 2843 761 2872 νΑιίιΑς
777 2843 968 2874 LECTIONES
984 2846 1026 2874 ΕΤ
1044 2844 1317 2874 CORRECTIONES.

204 2901 241 2924 ι⁸¹
259 2900 379 2929 ἐκάλεσε.
