1914 3063
145 168 193 194 Hi

492 166 521 192 S.
540 165 662 193 MAXIM]
680 165 824 194 SCHOLIA
847 165 881 194 IN
903 166 967 194 LIB.
985 165 1030 208 DE
1049 166 1188 195 ECCLES.
1207 165 1392 195 HIERARCH.

1706 165 1760 195 1‘23

144 225 192 253 καὶ
209 223 245 252 τά
257 224 307 260 τῆς
326 223 431 259 Καινῆς
453 224 564 260 συνέστη
584 223 744 260 διδάγματα·
767 225 885 260 γείτονα
898 225 927 252 δὲ

989 233 1010 252 :x
1035 233 1088 260 qua
1109 225 1233 253 doctrina
1252 224 1321 253 Novi
1346 224 1428 253 etiam
1443 222 1609 252 Testamenti
1623 227 1759 259 praecepta

143 270 200 305 τῆς
213 270 354 305 οὐρανίας
367 270 515 305 ισραρχίας
528 270 576 306 τὴν
598 270 637 306 τῷ
653 271 807 307 ἡγεμονικῷ
821 272 926 306 ἐγγινο-

989 275 1122 299 :onstant:
1138 271 1252 299 uicinam
1275 271 1357 299 etiam
1381 270 1479 298 ueluti
1509 269 1664 297 hierarchiaa
1690 269 1759 298 dixit

146 316 229 353 μένην
243 316 292 344 τοῦ
307 315 465 352 Πνεύματος
478 315 606 351 ἑλλαμψιν
620 315 681 352 ἐφη.

186 406 233 433 Ἐκ
243 405 315 439 νοός
327 406 372 439 εις
382 405 467 434 νοῦν.
484 405 556 441 Ὅρα
567 405 604 433 τὰ
615 405 661 434 διὰ
677 405 759 442 μέσου
775 406 866 440 λόγου.
880 407 928 434 καὶ

144 452 186 480 ὅτι
200 451 243 479 διὰ
262 451 340 487 λόγου
355 452 481 489 ἀγράφου
495 451 531 479 τὰ
554 452 672 488 μυστικά
690 453 835 489 παρεδόθη.
850 452 929 480 Κατά

145 498 234 526 κοινοῦ
259 497 294 528 δὲ,
311 497 427 533 ληπτέον
448 498 480 525 τὸ
501 498 766 532 παραδεδωκότων
791 499 878 533 ἱεροῖς
892 492 927 526 ’δὲ

977 316 1096 352 Spiritus
1120 317 1344 350 illustrationem,
1359 324 1420 352 quas
1433 316 1459 344 ei
1483 315 1554 353 parti
1577 323 1637 351 quae
1656 315 1759 351 princi-

976 366 1068 398 patum
1084 368 1166 398 tenet,
1178 363 1229 391 fuit
1240 363 1331 391 insita.

1012 407 1051 437 De
1064 414 1147 437 ments
1170 409 1198 445 in
1221 413 1341 437 mentem.
1355 407 1423 436 Vide
1436 415 1469 436 ea
1491 415 1552 443 qua
1573 406 1663 434 medio
1675 402 1758 434 ve'rbo

977 458 1106 490 aguntur,
1123 458 1151 483 et
1172 455 1255 483 verbo
1278 462 1334 482 non
1357 455 1460 489 scripto
1482 453 1611 490 mysteria
1628 460 1689 481 esse
1703 459 1760 481 tra-

977 500 1044 528 dita.
1060 500 1246 528 Communiter
1267 503 1357 528 autem
1381 500 1569 535 accipiendum
1589 503 1632 527 est
1644 499 1758 527 verbum

145 543 196 579 εφη
210 543 372 578 συμϐόλοις
387 543 431 570 διὰ
449 543 484 570 τὰ
505 543 569 579 ἑξῆς
586 544 729 580 τεθειμένα
743 545 766 561 ⁹²
780 545 927 580 μυστήρια,

989 555 1045 580 Ioc,
1067 546 1244 579 tradentibus;
1266 547 1342 582 signa
1364 554 1429 575 vero
1448 554 1525 573 saera
1548 546 1634 578 dixit,
1648 550 1760 581 propter

145 588 223 616 ἆτινα
237 589 283 616 καὶ
295 588 410 625 θεωρίας
421 589 595 625 άναγωγικῆς
606 590 685 623 ἀξιοῖ.

178 676 340 711 Δισθηταῑς
352 677 456 705 εἰκόσι.
471 678 539 714 Περὶ
552 677 671 705 εἰκόνων.

182 722 217 750 Ἰΰ
231 722 487 758 mann—peram
508 723 573 750 Ἰδοὺ
589 724 681 759 σαφῶς
693 723 720 751 τι
733 723 910 760 ὲπτυγμένον.

187 811 336 848 Ὰποάφοις
345 812 488 848 μνήσεαι.
500 813 666 850 Σημείωσαι,
677 814 717 841 ὅτι
733 814 780 841 καὶ
796 814 929 851 ἀγράφοις

145 856 261 893 μυήσεσι
275 857 310 884 τὰ
323 857 382 885 θεῖα
395 859 464 894 ἡμῖν
479 858 683 894 παραδέδονται.

977 593 1107 628 mysteria
1131 600 1191 628 quae
1212 592 1340 628 deinceps
1359 592 1482 627 exposita
1503 595 1578 625 sunt,
1596 599 1656 627 quae
1677 591 1759 619 etiam

978 638 1206 674 contemplatione
1219 638 1351 665 elevativa
1361 637 1443 672 digna
1453 642 1556 665 censet.

1013 681 1187 711 Sensibilibus
1202 683 1306 718 ﬁguris.
1322 682 1359 710 De
1372 681 1546 717 imaginibus.

1013 730 1090 763 Quod
1103 729 1239 757 collectum
1251 733 1299 757 est.
1313 728 1383 757 Ecce
1393 727 1537 764 perspicue
1550 727 1615 764 quid
1630 727 1665 756 sit
1678 727 1760 754 ἐπτυ-

978 776 1087 812 γμένον.

1014 821 1076 848 Non
1088 821 1194 856 scriptis
1206 819 1426 848 institutionibus.
1439 819 1509 847 Nota
1523 819 1606 847 etiam
1620 826 1676 847 non
1691 818 1761 847 scri-

979 867 1034 903 ptis
1049 865 1266 894 institutionibus
1279 865 1370 893 divina
1382 864 1462 893 nobis
1476 858 1559 892 tradi:

179 902 347 937 Συμϐολική
363 912 417 936 τις.
435 902 496 931 ’Ότι
515 903 665 941 συμὸολικὴ
680 905 726 932 καὶ
746 904 777 938 ἐξ
794 905 929 941 αἰσθητῶν

1015 911 1176 947 Symbolica.
1195 911 1281 943 Nota,
1296 910 1370 946 quod
1385 910 1471 946 signis
1488 913 1581 937 utatur
1598 912 1626 937 et
1646 908 1759 938 sensibi-

144 948 162 983 ὴ
179 947 250 976 κατὰ
261 947 421 985 ἀνθρώπους
436 949 572 985 ῑεραρχιαθ
588 949 726 978 τουτέστιν
742 951 773 977 οὐ
786 951 896 986 γυμνῶς
906 951 929 969 ³³

145 993 236 1025 αὐτοῖς
258 995 315 1026 τοῖς
338 993 420 1026 θείοις
443 994 641 1031 ἐντυγχάνομεν
664 995 837 1032 πράγμασιν,
862 996 930 1024 ἀλλὰ

143 1037 190 1065 διὰ
213 1038 353 1074 συμϐόλων
367 1039 515 1076 τελούμενα
527 1040 562 1073 ’⁵,
577 1038 632 1067 οἷον
645 1041 698 1068 τοῦ
714 1041 855 1076 ποτηρίου
875 1041 930 1076 τῆς

978 958 1050 985 libus
1069 960 1175 985 constet
1200 956 1340 984 hominum
1364 955 1534 987 hierarchia,
1553 955 1605 982 hoc
1627 958 1680 987 est,
1704 961 1758 981 non

977 1003 1049 1031 unde
1072 1011 1117 1030 res
1143 1003 1218 1037 ipsas
1231 1002 1341 1029 divinas
1361 1005 1528 1034 tractamus;
1551 1000 1599 1028 sed
1620 1007 1670 1035 per
1683 999 1760 1035 signa

978 1049 1149 1085 perﬁciatur,
1167 1048 1237 1075 sicut
1251 1047 1347 1075 calici:
1368 1046 1567 1078 benedictionis,
1582 1045 1760 1081 quemadmo-

144 1084 295 1133 εἰιέοτιας,
309 1084 347 1133 ῶς
357 1094 438 1133 quae;
452 1087 465 1113 ὀ
478 1086 636 1119 Ἀπόστολος
645 1106 653 1120 ,
668 1087 715 1114 καὶ
729 1087 781 1115 τοῦ
793 1087 884 1122 ἄρτου
893 1086 930 1116 ὂν

989 1096 1042 1123 lum
1062 1095 1100 1122 ait
1114 1094 1262 1130 Apostolus
1274 1100 1299 1127 ι,
1321 1097 1348 1121 et
1364 1094 1439 1128 panis
1455 1100 1532 1128 quem
1552 1091 1712 1127 frangimus,
1733 1095 1761 1118 et

145 1130 273 1164 κλῶμεν,
287 1130 334 1157 καὶ
348 1130 402 1157 τῶν
416 1130 527 1158 λοιπῶν.

188 1175 479 1211 Ἁνακεκαλυμμένοι.
496 1177 626 1204 Τουτέστι
648 1177 796 1214 γνώριμοι,
818 1178 865 1206 καὶ
879 1174 930 1206 ὥν-

145 1229 226 1248 τινων
241 1222 410 1258 πραγμάτων
423 1224 470 1250 καὶ
486 1223 641 1259 μυστηρίων
655 1224 722 1250 εἰσὶν
735 1224 902 1252 ὲνδεικτικοί.

183 1268 224 1294 Οὐ
243 1268 425 1303 μεταδώσεις
444 1269 544 1304 ἑτέρῳ.
562 1270 622 1296 Ὅτι
638 1270 765 1305 ἀσφαλῶς
780 1271 820 1298 δεῖ
839 1271 930 1299 λαλεῖν

145 1312 181 1340 τὰ
197 1314 325 1350 μυστικά.

366 1363 422 1390 ΕΙΣ
439 1363 483 1390 ΤΟ
501 1363 626 1391 ΚΕΦΔΛ.
646 1363 684 1391 B’.

181 1408 228 1445 ει.
244 1407 286 1446 [α]
309 1401 423 1442 Ταύτης(
438 1409 482 1437 δέ.
496 1410 553 1445 Τῆς
568 1409 636 1446 πρὸς
658 1408 723 1436 Θεὸν
737 1409 931 1446 ἀφομοιώσεώς

145 1461 177 1480 τε
190 1454 237 1481 καὶ
252 1453 375 1486 ἑνώσεως
387 1454 518 1490 δηλονότι.

182 1499 223 1536 [β]
249 1499 296 1533 Τίς
318 1500 375 1527 οὖν
395 1500 481 1528 ἐστιν
503 1500 580 1535 ἀρχή
598 1501 632 1528 ⁵⁵.
661 1500 758 1537 Ἀρχὴ,
782 1501 863 1536 φησὶ,
885 1501 932 1528 καὶ

977 1140 1156 1175 reliquorum.

1014 1186 1066 1222 55
1081 1185 1203 1213 Delectat.
1219 1184 1248 1212 Id
1261 1187 1303 1212 est
1318 1188 1400 1216 notae,
1426 1187 1453 1213 et
1467 1189 1582 1219 quarum
1596 1189 1688 1210 rerum
1703 1188 1762 1217 my-

979 1231 1179 1265 steriorumque
1190 1230 1246 1258 sint
1259 1228 1424 1256 indicativus.

1015 1275 1190 1311 Nequaquam
1214 1273 1292 1301 alteri
1322 1272 1537 1301 communicabit.
1555 1271 1625 1305 Quia
1640 1271 1699 1299 sine
1714 1277 1762 1306 pe-

978 1321 1066 1349 riculo
1079 1328 1112 1348 ac
1127 1324 1186 1348 tuto
1200 1320 1315 1357 mystica
1326 1319 1440 1347 dicenda
1453 1321 1527 1348 sunt.

1400 1387 1408 1394 .
1425 1364 1457 1393 ll.

1400 1387 1408 1394 .
1425 1365 1457 1393 ll.

1016 1414 1030 1452 ς
1044 1414 1066 1443 Ι.
1083 1413 1172 1449 Hujus
1187 1365 1415 1441 auwmfNScﬁiitit
1429 1419 1492 1440 cum
1511 1410 1567 1439 Deo
1577 1409 1763 1439 similitudinis

979 1464 1007 1490 et
1019 1460 1160 1488 unitionis.

1016 1506 1157 1540 Quodnam
1176 1509 1216 1533 est
1235 1505 1317 1539 igitur
1330 1504 1446 1532 initium.
1464 1503 1646 1540 Principium,
1661 1502 1762 1538 inquit,

147 1545 300 1582 ὀδοποίησις
314 1545 364 1581 τῆς
375 1545 442 1582 πρὸς
456 1546 521 1574 Θεὸν
540 1545 702 1579 οἱκειώσεως
721 1546 767 1574 καὶ
782 1546 833 1582 τῆς
851 1547 930 1573 ὲπου-

989 1557 1010 1582 zt
1022 1553 1065 1581 via
1079 1552 1114 1581 ad
1131 1552 1252 1580 divinam
1266 1551 1478 1579 familiaritatem
1501 1550 1694 1585 caelestemque
1708 1549 1763 1576 liae-

148 1590 240 1626 ρανίου
256 1590 435 1627 κληρονομίας
451 1591 481 1618 τὸ
496 1592 566 1619 θεῖον
587 1591 704 1629 ὑπάρχει
718 1592 868 1628 βάπτισμα·
884 1592 931 1619 καὶ

147 1637 202 1673 γὰρ
208 1636 305 1671 ὲὰνμή
313 1637 492 1672 τις-γεννηθῇ
502 1638 536 1671 ἐξ
543 1638 651 1672 ὕδατος
657 1637 705 1665 καὶ
711 1639 889 1674 πνεύματος,
895 1639 932 1666 οὐ

144 1682 190 1718 μὴ
203 1683 250 1718 ιδῃ
262 1683 319 1718 τὴν
325 1684 491 1716 βασιλειαν
500 1685 553 1712 τοῦ
567 1684 747 1720 ΘεοῦςὊθεν
757 1685 906 1721 μορφοῦται
917 1686 932 1712 ὁ

148 1729 203 1756 ἐσω
217 1729 359 1765 ἄνθρωπος
373 1730 441 1766 πρὸς
453 1730 594 1766 κρείττονα
606 1730 662 1763 ἕξιν
675 1731 722 1759 καὶ
732 1731 873 1768 σωτήριον,
885 1731 933 1759 καὶ

148 1774 203 1801 τῶν
215 1774 285 1802 κατά
305 1774 372 1802 Θεὸν
386 1775 471 1810 λόγων
482 1784 513 1803 τε
529 1776 577 1803 καὶ
590 1776 759 1813 πραγμάτων
774 1776 824 1813 τὴν
839 1777 933 1813 ἐπιτή-

148 1821 248 1848 δευσιν.

185 1866 226 1903 [γ]
254 1867 285 1894 Ἡ
306 1866 381 1901 πρὸς
402 1866 460 1901 τὴν
485 1866 546 1894 τῶν
566 1867 677 1894 ἄλλων.
694 1867 763 1903 Τρία
784 1867 845 1895 τινά
867 1877 932 1904 φησι

148 1912 250 1940 δεῖσθαι
266 1913 335 1949 πρὸς
349 1912 400 1949 τὴν
414 1913 501 1949 ἀρχὴν
518 1913 573 1940 τῶν
591 1912 715 1940 ἐντολῶν·
732 1913 782 1949 τὴν
799 1913 933 1950 ὑποδοχὴν

148 1958 204 1986 τῶν
212 1958 290 1986 θείων
304 1957 416 1994 λογίων,
431 1959 480 1995 τὴν
495 1960 644 1995 κατήχησιν
654 1960 704 1995 τῆς
718 1959 791 1992 θείας
804 1959 932 1993 πίστεως,

148 2004 198 2032 καὶ
210 2004 259 2040 τὴν
274 2005 452 2041 ἀναγεννησιν
467 2005 517 2041 τὴν
529 2005 572 2032 διὰ
587 2005 634 2031 τοῦ
649 2004 720 2032 θείου
738 2004 931 2040 βαπτίσματος.

148 2050 247 2082 Καλῶς
260 2048 306 2077 οὖν
327 2050 476 2084 ἀπέδειξεν,
492 2051 533 2077 ὅτι
550 2051 567 2085 ὴ
591 2053 777 2088 προτιμιηάτη
799 2051 845 2078 καὶ
861 2050 934 2084 ἐξαί-

150 2105 230 2138 ρετος
241 2097 346 2132 κίνησις
359 2096 407 2123 τοῦ
427 2096 473 2124 νοῦ
488 2097 504 2132 ἡ
525 2097 588 2133 περὶ
604 2096 670 2124 Θεὸν
690 2097 784 2133 ἀγάπη
801 2097 870 2124 ἐστί·
886 2097 934 2124 καὶ

148 2143 190 2169 ὅτι
207 2143 276 2179 ἀρχή
288 2142 329 2174 τίς
342 2144 400 2169 ἐστι
413 2143 463 2178 τῆς
476 2143 543 2178 πρὸς
552 2143 617 2169 Θεὸν
627 2143 736 2179 ἀγάπης
750 2144 767 2179 ἡ
782 2142 842 2170 θεία
855 2143 933 2179 ἡμῶν

147 2188 325 2224 δημιουργία,
348 2188 486 2215 τουτέστιν
501 2189 517 2224 ή
537 2188 581 2215 διὰ
599 2188 647 2215 τοῦ
665 2188 850 2224 βαπτίσματος
869 2189 933 2216 ἀνα-

982 1599 1124 1627 reditatem
1142 1598 1250 1625 divinus
1270 1600 1313 1625 est
1331 1596 1494 1632 baptismus.
1515 1595 1621 1623 Etenim
1638 1595 1690 1622 nisi
1704 1595 1763 1630 quis

982 1649 1088 1672 renatus
1102 1643 1181 1678 fuerit
1195 1651 1228 1670 ea;
1243 1651 1312 1678 aqua
1327 1647 1351 1670 et
1367 1642 1472 1677 spiritu,
1485 1649 1536 1668 non
1550 1640 1646 1668 uidebit
1656 1647 1763 1675 regnum

981 1689 1031 1717 Dei
1044 1689 1069 1717 ιι.
1085 1688 1179 1724 Itaque
1197 1689 1332 1716 formatur
1345 1688 1459 1715 interior
1473 1687 1554 1714 homo
1574 1685 1609 1714 ad
1622 1685 1763 1713 meliorem

982 1734 1104 1762 habitum
1113 1754 1121 1767 ,
1136 1737 1164 1761 et
1183 1734 1331 1762 salutarem
1343 1732 1448 1768 Deique
1461 1732 1608 1760 verborum
1622 1734 1650 1759 et
1671 1737 1763 1758 rerum

982 1778 1173 1815 aptitudinem.

1019 1867 1070 1900 Ea,
1084 1875 1141 1903 quia
1152 1866 1186 1894 ad
1201 1870 1366 1895 ceterorum.
1382 1864 1447 1893 Tria
1465 1864 1588 1900 quzedam
1607 1864 1764 1893 necessaria

982 1921 1044 1942 esse
1055 1913 1122 1940 dicit
1142 1914 1176 1940 ad
1201 1916 1397 1948 praeceptorum
1413 1911 1593 1947 principium;
1608 1918 1704 1946 nempe
1722 1910 1765 1937 di-

982 1960 1108 1987 vinorum
1127 1959 1297 1994 Scriptorum
1312 1957 1551 1994 approbationem,
1566 1957 1765 1985 institutionem

982 2006 1080 2034 divinae
1103 2005 1180 2039 ﬁdei,
1206 2004 1346 2040 divinique
1373 2004 1499 2039 baptismi
1520 2003 1763 2039 regenerationem.

981 2052 1054 2080 Bene
1068 2052 1150 2088 igitur
1161 2051 1303 2087 probavit,
1316 2050 1572 2087 praestantissimum
1585 2050 1766 2085 praecipuum-

982 2106 1036 2133 que
1057 2098 1157 2125 mentis
1181 2102 1285 2125 motum
1307 2105 1369 2125 esse
1392 2096 1440 2124 Del
1456 2095 1631 2129 charitatem;
1645 2098 1672 2122 et
1686 2094 1765 2130 quasi

982 2142 1147 2179 principium
1162 2142 1298 2177 quoddam
1322 2149 1384 2169 esse
1409 2141 1551 2168 cliaritatis
1574 2139 1622 2168 Dei
1644 2139 1765 2167 divinam

983 2187 1072 2215 nostri
1087 2187 1265 2219 creationem,
1281 2186 1308 2214 id
1319 2190 1361 2214 est
1378 2193 1426 2221 per
1440 2186 1605 2221 baptismum
1621 2192 1765 2220 regenera—

148 2234 285 2270 γέννησις,
299 2234 359 2262 καθ’
375 2235 407 2270 ἢν
423 2234 501 2266 θείως
517 2231 586 2261 εἶναι
604 2234 751 2270 ἀρχόμεθα·
771 2236 788 2271 ἡ
811 2235 860 2270 μὲν
878 2234 930 2270 γὰρ

989 2234 1095 2265 tionem.
1111 2241 1165 2270 qua
1175 2233 1260 2261 divini
1276 2240 1336 2261 esse
1356 2232 1518 2268 incipimus;
1537 2232 1623 2259 nostri
1642 2231 1714 2259 enim
1731 2239 1766 2259 ex

149 2280 183 2307 ὲκ
207 2281 363 2316 σπέρματος
384 2281 462 2316 ἡμῶν
486 2280 665 2317 δημιουργία,
689 2281 739 2308 κᾶν
759 2281 791 2307 ὲκ
804 2280 871 2307 Θεοῦ
886 2280 933 2316 δη-

150 2327 344 2362 μιουργοῦντος
358 2325 386 2364 ᾖ,
405 2327 462 2354 ἀλλ’
478 2325 524 2354 οὖν
547 2327 647 2362 φυσική
663 2327 745 2354 ἐστιν·
761 2328 777 2362 ἡ
797 2327 825 2353 δὲ
838 2327 870 2354 ὲκ
885 2327 933 2362 βα-

149 2372 300 2407 πτίσματος
315 2372 383 2399 θεία·
399 2374 435 2400 οὐ
448 2372 502 2408 γὰρ
514 2372 548 2405 ἐξ
562 2373 692 2407 αἱμάτων
706 2373 791 2406 ἐστὶν,
813 2373 884 2401 οὐδὲ
898 2374 933 2401 ἐκ

149 2419 314 2453 θελήματος
324 2418 443 2453 ἀνδρός.
456 2419 558 2455 Ὥσπερ
568 2417 615 2446 οὗν
622 2420 650 2446 ὲν
657 2420 689 2455 τῇ
702 2421 802 2456 φυσικῇ
809 2420 933 2456 γεννήσει

149 2463 190 2490 δεῖ
201 2463 308 2499 πρῶτον
322 2463 441 2500 ὑπάρξαι
458 2465 497 2496 εἰς
513 2465 544 2492 τὸ
557 2462 636 2498 εἶναι,
651 2465 773 2498 καὶιτότε
787 2465 933 2502 ἐνεργῆσαι

148 2509 185 2536 τὰ
200 2509 363 2545 κατάλληλα,
380 2510 427 2537 καὶ
443 2510 548 2543 παθεῖν,
572 2507 628 2537 οἷον
650 2510 809 2546 ἀνθρώπους
832 2511 881 2546 μὲν
897 2511 933 2540 τὰ

150 2555 247 2588 οἰκεῖα,
264 2555 349 2590 ἄλογα
367 2555 396 2582 δὲ
411 2555 434 2572 ³⁸
448 2556 548 2591 ὁμοίως
571 2555 604 2583 τὰ
626 2556 777 2592 πρόσφορα·
800 2556 872 2583 οὕτω
884 2556 932 2584 καὶ

151 2601 181 2628 ἓν
193 2602 227 2638 τῇ
242 2601 302 2638 θείᾳ
314 2601 362 2628 τοῦ
378 2601 561 2638 βαπτίσματος
578 2602 754 2638 ἀναγεννήσει
775 2602 814 2629 δεῖ
826 2602 932 2638 πρῶτον

205 2684 220 2700 ι
234 2678 246 2706 1
259 2678 324 2707 Cor.
340 2686 370 2713 ι,
384 2678 429 2708 i6.
459 2679 474 2700 δ
487 2679 568 2708 Joan.
580 2687 622 2713 ιιι,
636 2679 664 2708 5.
701 2679 727 2700 δ’
740 2679 820 2708 Joan.
836 2688 855 2713 ι,
868 2680 912 2708 15.

983 2280 1086 2309 semine
1097 2279 1250 2315 productio,
1267 2278 1391 2314 quamvis
1405 2278 1459 2306 Deo
1473 2278 1640 2313 producente
1650 2277 1706 2310 ﬁat,
1725 2281 1766 2305 ta-

983 2334 1045 2354 men
1059 2326 1191 2354 naturalis
1207 2329 1266 2359 est;
1281 2333 1314 2354 ea
1329 2329 1419 2353 autem
1433 2332 1493 2360 quae
1507 2332 1540 2352 ex
1555 2325 1702 2359 baptismo,
1721 2324 1765 2351 di-

982 2372 1047 2399 vina
1061 2379 1068 2397 :
1081 2380 1133 2398 non
1151 2372 1225 2399 enim
1242 2379 1274 2398 ατ
1293 2371 1463 2406 sanguinibus
1482 2374 1535 2403 est,
1551 2379 1597 2398 nec
1613 2378 1645 2397 ea:
1672 2370 1765 2398 volun-

985 2423 1039 2445 tate
1053 2418 1147 2446 uirib‘.
1163 2418 1198 2445 Ut
1214 2418 1296 2454 igitur
1307 2417 1335 2445 in
1347 2417 1466 2445 naturali
1480 2421 1542 2445 ortu
1554 2421 1661 2453 oportet
1676 2417 1765 2453 primo

984 2465 1114 2493 exsistere
1135 2465 1283 2497 nascendo,
1297 2468 1325 2492 et
1337 2464 1435 2492 deinde
1451 2468 1509 2492 tum
1527 2463 1636 2492 demum
1657 2464 1763 2499 operari

984 2511 1184 2543 convenientia,
1197 2514 1224 2538 et
1246 2511 1320 2546 pati;
1338 2517 1369 2539 ut
1383 2510 1507 2539 homines
1522 2510 1631 2545 quidem
1644 2509 1764 2545 propria,

984 2556 1063 2584 bruta
1078 2564 1142 2585 vero
1157 2556 1293 2590 similiter,
1309 2557 1487 2593 (hominibus)
1500 2557 1577 2584 utilia
1596 2565 1603 2583 ι
1625 2557 1663 2584 εἰς
1680 2557 1707 2583 in
1724 2556 1766 2583 di-

983 2603 1046 2630 vina
1064 2602 1192 2639 baptismi
1211 2603 1417 2639 regeneratione
1438 2606 1543 2639 oportet
1564 2602 1682 2638 primum
1709 2601 1765 2629 Deo

607 2752 726 2781 VARIE
743 2751 936 2781 LECTIONES
958 2750 1003 2780 ET
1018 2750 1294 2781 CORRECTIONES.

195 2846 268 2873 MM

366 2846 445 2881 uiua,
491 2845 515 2862 “
527 2844 607 2881 τοῦτό
620 2853 701 2880 φησιν
714 2845 755 2872 δτι
768 2845 800 2881 at}
814 2843 930 2880 γυμνῶς.

989 2841 1182 2881 ’ξτελοΰμεθαέ-
1189 2876 1197 2881 ᾳ
1210 2841 1337 2881 ξ’μοιονει
1348 2839 1403 2875 τῆς
1418 2839 1492 2874 πρὸς
1509 2838 1582 2867 Θεὸν
1591 2838 1763 2868 ἀναϐάσεωσ·

162 2883 207 2910 καὶ
219 2876 348 2916 ἀγάπης,
365 2876 565 2915 Quodammodo
585 2876 707 2908 ascensus
731 2880 759 2908 in
782 2876 865 2908 Deum
878 2885 902 2908 et
922 2889 930 2907 ι

989 2879 1071 2908 italis.
1093 2876 1099 2880 '
1119 2878 1142 2894 "
1156 2876 1223 2905 ἀλλὰ
1235 2876 1273 2906 δέ,
