  <div class='ocr_page' id='page_1' title='image "/cluster/home/n/w/nwhite01/storage/ocr_20150623/4/njp.32101010944526/069.png"; bbox 0 0 1914 3063; ppageno 0'>
   <div class='ocr_carea' id='block_1_1' title="bbox 170 157 223 187">
    <p class='ocr_par' dir='ltr' id='par_1_1' title="bbox 170 157 223 187">
     <span class='ocr_line' id='line_1_1' title="bbox 170 157 223 187; baseline 0.019 -1"><span class='ocrx_word' id='word_1_1' title='bbox 170 157 223 187; x_wconf 71' lang='grc'><strong>125</strong></span> 
     </span>
    </p>
   </div>
   <div class='ocr_carea' id='block_1_2' title="bbox 557 159 1397 194">
    <p class='ocr_par' dir='ltr' id='par_1_2' title="bbox 557 159 1397 194">
     <span class='ocr_line' id='line_1_2' title="bbox 557 159 1397 194; baseline 0.007 -6"><span class='ocrx_word' id='word_1_2' title='bbox 557 159 727 190; x_wconf 78' lang='lat' dir='ltr'><strong>APPENDIX</strong></span> <span class='ocrx_word' id='word_1_3' title='bbox 745 162 792 190; x_wconf 77' lang='lat' dir='ltr'><strong>AD</strong></span> <span class='ocrx_word' id='word_1_4' title='bbox 810 163 923 192; x_wconf 79' lang='lat' dir='ltr'><strong>OPERA</strong></span> <span class='ocrx_word' id='word_1_5' title='bbox 942 163 970 192; x_wconf 87' lang='lat' dir='ltr'><strong>S.</strong></span> <span class='ocrx_word' id='word_1_6' title='bbox 989 162 1138 192; x_wconf 75' lang='lat' dir='ltr'><strong>DIONYSII</strong></span> <span class='ocrx_word' id='word_1_7' title='bbox 1156 163 1397 194; x_wconf 65' lang='lat' dir='ltr'><strong>AREOPAGITE.</strong></span> 
     </span>
    </p>
   </div>
   <div class='ocr_carea' id='block_1_3' title="bbox 1732 167 1782 196">
    <p class='ocr_par' dir='ltr' id='par_1_3' title="bbox 1732 167 1782 196">
     <span class='ocr_line' id='line_1_3' title="bbox 1732 167 1782 196; baseline -0.02 0"><span class='ocrx_word' id='word_1_8' title='bbox 1732 167 1782 196; x_wconf 69' lang='grc' dir='ltr'><strong>ηδ</strong></span> 
     </span>
    </p>
   </div>
   <div class='ocr_carea' id='block_1_4' title="bbox 168 216 945 261">
    <p class='ocr_par' dir='ltr' id='par_1_4' title="bbox 168 216 945 257">
     <span class='ocr_line' id='line_1_4' title="bbox 168 216 945 257; baseline 0.005 -11"><span class='ocrx_word' id='word_1_9' title='bbox 168 218 314 249; x_wconf 78' lang='lat' dir='ltr'><strong>exsistere.</strong></span> <span class='ocrx_word' id='word_1_10' title='bbox 336 216 435 246; x_wconf 87' lang='lat' dir='ltr'><strong>deinde</strong></span> <span class='ocrx_word' id='word_1_11' title='bbox 458 218 519 254; x_wconf 85' lang='lat' dir='ltr'><strong>ejus</strong></span> <span class='ocrx_word' id='word_1_12' title='bbox 540 220 701 249; x_wconf 88' lang='lat' dir='ltr'><strong>charitatcm</strong></span> <span class='ocrx_word' id='word_1_13' title='bbox 719 221 837 257; x_wconf 80' lang='lat' dir='ltr'><strong>operari.</strong></span> <span class='ocrx_word' id='word_1_14' title='bbox 853 225 880 250; x_wconf 89' lang='lat' dir='ltr'><strong>et</strong></span> <span class='ocrx_word' id='word_1_15' title='bbox 904 230 945 250; x_wconf 67' lang='lat' dir='ltr'><strong>cte-</strong></span> 
     </span>
    </p>
   </div>
   <div class='ocr_carea' id='block_1_5' title="bbox 1012 216 1781 261">
    <p class='ocr_par' dir='ltr' id='par_1_5' title="bbox 1012 223 1781 261">
     <span class='ocr_line' id='line_1_5' title="bbox 1012 223 1781 261; baseline 0.004 -12"><span class='ocrx_word' id='word_1_16' title='bbox 1012 223 1065 258; x_wconf 73' lang='grc' dir='ltr'>Βεῷ</span> <span class='ocrx_word' id='word_1_17' title='bbox 1078 223 1206 259; x_wconf 81' lang='grc' dir='ltr'>ὑπάρξαι,</span> <span class='ocrx_word' id='word_1_18' title='bbox 1221 223 1269 250; x_wconf 83' lang='grc' dir='ltr'>καὶ</span> <span class='ocrx_word' id='word_1_19' title='bbox 1280 224 1340 251; x_wconf 80' lang='grc' dir='ltr'>τότε</span> <span class='ocrx_word' id='word_1_20' title='bbox 1352 223 1495 261; x_wconf 77' lang='grc' dir='ltr'>ἐνεργῆσαι</span> <span class='ocrx_word' id='word_1_21' title='bbox 1506 223 1555 259; x_wconf 85' lang='grc' dir='ltr'>τὴν</span> <span class='ocrx_word' id='word_1_22' title='bbox 1570 223 1680 261; x_wconf 66' lang='grc' dir='ltr'>ἀγάπην</span> <span class='ocrx_word' id='word_1_23' title='bbox 1692 225 1781 258; x_wconf 78' lang='grc' dir='ltr'>αὑτοῦ,</span> 
     </span>
    </p>
   </div>
   <div class='ocr_carea' id='block_1_6' title="bbox 168 264 725 296">
    <p class='ocr_par' dir='ltr' id='par_1_6' title="bbox 168 264 725 296">
     <span class='ocr_line' id='line_1_6' title="bbox 168 264 725 296; baseline 0.005 -5"><span class='ocrx_word' id='word_1_24' title='bbox 168 267 227 292; x_wconf 83' lang='lat' dir='ltr'><strong>tera</strong></span> <span class='ocrx_word' id='word_1_25' title='bbox 242 264 276 291; x_wconf 88' lang='lat' dir='ltr'><strong>ad</strong></span> <span class='ocrx_word' id='word_1_26' title='bbox 294 264 363 292; x_wconf 82' lang='lat' dir='ltr'><strong>bene</strong></span> <span class='ocrx_word' id='word_1_27' title='bbox 378 265 522 293; x_wconf 85' lang='lat' dir='ltr'><strong>vivendum</strong></span> <span class='ocrx_word' id='word_1_28' title='bbox 535 268 725 296; x_wconf 77' lang='lat' dir='ltr'><strong>conducentia.</strong></span> 
     </span>
    </p>
   </div>
   <div class='ocr_carea' id='block_1_7' title="bbox 206 309 954 346">
    <p class='ocr_par' dir='ltr' id='par_1_7' title="bbox 206 309 954 346">
     <span class='ocr_line' id='line_1_7' title="bbox 206 309 954 346; baseline 0.008 -10"><span class='ocrx_word' id='word_1_29' title='bbox 206 309 242 337; x_wconf 87' lang='lat' dir='ltr'><strong>Ut</strong></span> <span class='ocrx_word' id='word_1_30' title='bbox 255 310 324 337; x_wconf 85' lang='lat' dir='ltr'><strong>enim</strong></span> <span class='ocrx_word' id='word_1_31' title='bbox 339 310 462 346; x_wconf 77' lang='lat' dir='ltr'><strong>inclytus.</strong></span> <span class='ocrx_word' id='word_1_32' title='bbox 476 311 588 340; x_wconf 89' lang='lat' dir='ltr'><strong>Beatum</strong></span> <span class='ocrx_word' id='word_1_33' title='bbox 603 312 779 341; x_wconf 85' lang='lat' dir='ltr'><strong>Hierotheum</strong></span> <span class='ocrx_word' id='word_1_34' title='bbox 794 314 870 346; x_wconf 82' lang='lat' dir='ltr'><strong>dicit.</strong></span> <span class='ocrx_word' id='word_1_35' title='bbox 882 315 954 343; x_wconf 85' lang='lat' dir='ltr'><strong>sicut</strong></span> 
     </span>
    </p>
   </div>
   <div class='ocr_carea' id='block_1_8' title="bbox 167 356 864 392">
    <p class='ocr_par' dir='ltr' id='par_1_8' title="bbox 167 356 864 392">
     <span class='ocr_line' id='line_1_8' title="bbox 167 356 864 392; baseline 0.007 -9"><span class='ocrx_word' id='word_1_36' title='bbox 167 363 239 392; x_wconf 64' lang='lat' dir='ltr'><strong>saepe</strong></span> <span class='ocrx_word' id='word_1_37' title='bbox 253 357 280 384; x_wconf 90' lang='lat' dir='ltr'><strong>in</strong></span> <span class='ocrx_word' id='word_1_38' title='bbox 293 356 508 392; x_wconf 74' lang='lat' dir='ltr'><strong>praecedentibus</strong></span> <span class='ocrx_word' id='word_1_39' title='bbox 519 359 691 387; x_wconf 81' lang='lat' dir='ltr'><strong>sermonibus</strong></span> <span class='ocrx_word' id='word_1_40' title='bbox 705 360 864 388; x_wconf 79' lang='lat' dir='ltr'><strong>declaravit.</strong></span> 
     </span>
    </p>
   </div>
   <div class='ocr_carea' id='block_1_9' title="bbox 203 402 952 441">
    <p class='ocr_par' dir='ltr' id='par_1_9' title="bbox 203 402 952 441">
     <span class='ocr_line' id='line_1_9' title="bbox 203 402 952 441; baseline 0.008 -12"><span class='ocrx_word' id='word_1_41' title='bbox 203 402 298 430; x_wconf 83' lang='lat' dir='ltr'><strong>Prima</strong></span> <span class='ocrx_word' id='word_1_42' title='bbox 325 403 418 431; x_wconf 86' lang='lat' dir='ltr'><strong>motio.</strong></span> <span class='ocrx_word' id='word_1_43' title='bbox 443 403 575 437; x_wconf 79' lang='lat' dir='ltr'><strong>Quisnam</strong></span> <span class='ocrx_word' id='word_1_44' title='bbox 606 405 642 433; x_wconf 90' lang='lat' dir='ltr'><strong>sit</strong></span> <span class='ocrx_word' id='word_1_45' title='bbox 674 406 828 441; x_wconf 71' lang='lat' dir='ltr'><strong>praecipuus</strong></span> <span class='ocrx_word' id='word_1_46' title='bbox 852 407 952 436; x_wconf 84' lang='lat' dir='ltr'><strong>mentis</strong></span> 
     </span>
    </p>
   </div>
   <div class='ocr_carea' id='block_1_10' title="bbox 166 451 271 477">
    <p class='ocr_par' dir='ltr' id='par_1_10' title="bbox 166 451 271 477">
     <span class='ocr_line' id='line_1_10' title="bbox 166 451 271 477; baseline 0.01 -1"><span class='ocrx_word' id='word_1_47' title='bbox 166 451 271 477; x_wconf 87' lang='lat' dir='ltr'><strong>motus.</strong></span> 
     </span>
    </p>
   </div>
   <div class='ocr_carea' id='block_1_11' title="bbox 200 493 952 534">
    <p class='ocr_par' dir='ltr' id='par_1_11' title="bbox 200 493 952 534">
     <span class='ocr_line' id='line_1_11' title="bbox 200 493 952 534; baseline 0.008 -13"><span class='ocrx_word' id='word_1_48' title='bbox 200 493 312 523; x_wconf 72' lang='lat' dir='ltr'><strong>Divinas</strong></span> <span class='ocrx_word' id='word_1_49' title='bbox 334 500 431 524; x_wconf 74' lang='lat' dir='ltr'><strong>status.</strong></span> <span class='ocrx_word' id='word_1_50' title='bbox 454 496 484 524; x_wconf 94' lang='lat' dir='ltr'><strong>ld</strong></span> <span class='ocrx_word' id='word_1_51' title='bbox 507 501 550 525; x_wconf 85' lang='lat' dir='ltr'><strong>est</strong></span> <span class='ocrx_word' id='word_1_52' title='bbox 575 499 746 533; x_wconf 84' lang='lat' dir='ltr'><strong>regeneratio</strong></span> <span class='ocrx_word' id='word_1_53' title='bbox 774 506 823 534; x_wconf 85' lang='lat' dir='ltr'><strong>per</strong></span> <span class='ocrx_word' id='word_1_54' title='bbox 847 498 952 534; x_wconf 78' lang='lat' dir='ltr'><strong>baptis-</strong></span> 
     </span>
    </p>
   </div>
   <div class='ocr_carea' id='block_1_12' title="bbox 165 548 252 569">
    <p class='ocr_par' dir='ltr' id='par_1_12' title="bbox 165 548 252 569">
     <span class='ocr_line' id='line_1_12' title="bbox 165 548 252 569; baseline 0.023 -2"><span class='ocrx_word' id='word_1_55' title='bbox 165 548 252 569; x_wconf 87' lang='lat' dir='ltr'><strong>mum.</strong></span> 
     </span>
    </p>
   </div>
   <div class='ocr_carea' id='block_1_13' title="bbox 202 586 950 627">
    <p class='ocr_par' dir='ltr' id='par_1_13' title="bbox 202 586 950 627">
     <span class='ocr_line' id='line_1_13' title="bbox 202 586 950 627; baseline 0.008 -14"><span class='ocrx_word' id='word_1_56' title='bbox 202 586 430 622; x_wconf 74' lang='lat' dir='ltr'><strong>Ine/Iabilissima.</strong></span> <span class='ocrx_word' id='word_1_57' title='bbox 453 587 483 615; x_wconf 92' lang='lat' dir='ltr'><strong>ld</strong></span> <span class='ocrx_word' id='word_1_58' title='bbox 503 593 547 617; x_wconf 83' lang='lat' dir='ltr'><strong>est</strong></span> <span class='ocrx_word' id='word_1_59' title='bbox 569 597 616 625; x_wconf 85' lang='lat' dir='ltr'><strong>per</strong></span> <span class='ocrx_word' id='word_1_60' title='bbox 634 590 798 625; x_wconf 81' lang='lat' dir='ltr'><strong>baptismum</strong></span> <span class='ocrx_word' id='word_1_61' title='bbox 814 591 908 627; x_wconf 83' lang='lat' dir='ltr'><strong>relingi</strong></span> <span class='ocrx_word' id='word_1_62' title='bbox 923 595 950 619; x_wconf 88' lang='lat' dir='ltr'><strong>et</strong></span> 
     </span>
    </p>
   </div>
   <div class='ocr_carea' id='block_1_14' title="bbox 165 634 649 670">
    <p class='ocr_par' dir='ltr' id='par_1_14' title="bbox 165 634 649 670">
     <span class='ocr_line' id='line_1_14' title="bbox 165 634 649 670; baseline 0.006 -10"><span class='ocrx_word' id='word_1_63' title='bbox 165 634 330 668; x_wconf 73' lang='lat' dir='ltr'><strong>regenerari,</strong></span> <span class='ocrx_word' id='word_1_64' title='bbox 342 634 413 662; x_wconf 90' lang='lat' dir='ltr'><strong>sicut</strong></span> <span class='ocrx_word' id='word_1_65' title='bbox 424 639 517 669; x_wconf 85' lang='lat' dir='ltr'><strong>postea</strong></span> <span class='ocrx_word' id='word_1_66' title='bbox 529 636 649 670; x_wconf 81' lang='lat' dir='ltr'><strong>exponit.</strong></span> 
     </span>
    </p>
   </div>
   <div class='ocr_carea' id='block_1_15' title="bbox 200 677 949 719">
    <p class='ocr_par' dir='ltr' id='par_1_15' title="bbox 200 677 949 719">
     <span class='ocr_line' id='line_1_15' title="bbox 200 677 949 719; baseline 0.009 -14"><span class='ocrx_word' id='word_1_67' title='bbox 200 677 335 706; x_wconf 71' lang='lat' dir='ltr'><strong>Exsistere</strong></span> <span class='ocrx_word' id='word_1_68' title='bbox 352 685 461 714; x_wconf 83' lang='lat' dir='ltr'><strong>oportet.</strong></span> <span class='ocrx_word' id='word_1_69' title='bbox 480 680 558 714; x_wconf 86' lang='lat' dir='ltr'><strong>Quod</strong></span> <span class='ocrx_word' id='word_1_70' title='bbox 577 682 764 710; x_wconf 80' lang='lat' dir='ltr'><strong>exsistentiam</strong></span> <span class='ocrx_word' id='word_1_71' title='bbox 782 683 837 719; x_wconf 78' lang='lat'><strong>56</strong></span> <span class='ocrx_word' id='word_1_72' title='bbox 851 691 949 712; x_wconf 89' lang='lat' dir='ltr'><strong>secun-</strong></span> 
     </span>
    </p>
   </div>
   <div class='ocr_carea' id='block_1_16' title="bbox 164 723 950 764">
    <p class='ocr_par' dir='ltr' id='par_1_16' title="bbox 164 723 950 764">
     <span class='ocr_line' id='line_1_16' title="bbox 164 723 950 764; baseline 0.008 -13"><span class='ocrx_word' id='word_1_73' title='bbox 164 723 228 752; x_wconf 89' lang='lat' dir='ltr'><strong>dum</strong></span> <span class='ocrx_word' id='word_1_74' title='bbox 253 728 398 759; x_wconf 89' lang='lat' dir='ltr'><strong>naturam,</strong></span> <span class='ocrx_word' id='word_1_75' title='bbox 420 727 511 761; x_wconf 88' lang='lat' dir='ltr'><strong>ipsum</strong></span> <span class='ocrx_word' id='word_1_76' title='bbox 532 728 682 755; x_wconf 89' lang='lat' dir='ltr'><strong>secundum</strong></span> <span class='ocrx_word' id='word_1_77' title='bbox 701 736 762 756; x_wconf 90' lang='lat' dir='ltr'><strong>eam</strong></span> <span class='ocrx_word' id='word_1_78' title='bbox 783 729 889 764; x_wconf 88' lang='lat' dir='ltr'><strong>operari</strong></span> <span class='ocrx_word' id='word_1_79' title='bbox 906 736 950 757; x_wconf 84' lang='lat' dir='ltr'><strong>se-</strong></span> 
     </span>
    </p>
   </div>
   <div class='ocr_carea' id='block_1_17' title="bbox 135 774 274 805">
    <p class='ocr_par' dir='ltr' id='par_1_17' title="bbox 135 774 274 805">
     <span class='ocr_line' id='line_1_17' title="bbox 135 774 274 805; baseline 0.014 -9"><span class='ocrx_word' id='word_1_80' title='bbox 135 779 136 782; x_wconf 47' lang='grc' dir='ltr'><strong>η</strong></span> <span class='ocrx_word' id='word_1_81' title='bbox 163 774 274 805; x_wconf 82' lang='lat' dir='ltr'><strong>quatur.</strong></span> 
     </span>
    </p>
   </div>
   <div class='ocr_carea' id='block_1_18' title="bbox 197 817 806 856">
    <p class='ocr_par' dir='ltr' id='par_1_18' title="bbox 197 817 806 856">
     <span class='ocr_line' id='line_1_18' title="bbox 197 817 806 856; baseline 0.01 -13"><span class='ocrx_word' id='word_1_82' title='bbox 197 817 298 845; x_wconf 75' lang='lat' dir='ltr'><strong>Divina:</strong></span> <span class='ocrx_word' id='word_1_83' title='bbox 313 820 525 853; x_wconf 69' lang='lat' dir='ltr'><strong>regenerationis.</strong></span> <span class='ocrx_word' id='word_1_84' title='bbox 543 819 601 847; x_wconf 87' lang='lat' dir='ltr'><strong>Hoc</strong></span> <span class='ocrx_word' id='word_1_85' title='bbox 614 824 656 848; x_wconf 84' lang='lat' dir='ltr'><strong>est</strong></span> <span class='ocrx_word' id='word_1_86' title='bbox 670 821 806 856; x_wconf 76' lang='lat' dir='ltr'><strong>baptismi.</strong></span> 
     </span>
    </p>
   </div>
   <div class='ocr_carea' id='block_1_19' title="bbox 197 863 946 903">
    <p class='ocr_par' dir='ltr' id='par_1_19' title="bbox 197 863 946 903">
     <span class='ocr_line' id='line_1_19' title="bbox 197 863 946 903; baseline 0.009 -13"><span class='ocrx_word' id='word_1_87' title='bbox 197 863 219 890; x_wconf 85' lang='grc' dir='ltr'><em>Α</em></span> <span class='ocrx_word' id='word_1_88' title='bbox 235 864 290 891; x_wconf 81' lang='lat' dir='ltr'><strong>sole</strong></span> <span class='ocrx_word' id='word_1_89' title='bbox 305 864 456 899; x_wconf 78' lang='lat' dir='ltr'><strong>fabricatis.</strong></span> <span class='ocrx_word' id='word_1_90' title='bbox 476 866 674 902; x_wconf 87' lang='lat' dir='ltr'><strong>Splendoribus</strong></span> <span class='ocrx_word' id='word_1_91' title='bbox 695 875 765 903; x_wconf 90' lang='lat' dir='ltr'><strong>quos</strong></span> <span class='ocrx_word' id='word_1_92' title='bbox 790 868 831 896; x_wconf 91' lang='lat' dir='ltr'><strong>sol</strong></span> <span class='ocrx_word' id='word_1_93' title='bbox 857 868 923 896; x_wconf 80' lang='lat' dir='ltr'><strong>facit</strong></span> <span class='ocrx_word' id='word_1_94' title='bbox 939 878 946 897; x_wconf 84' lang='lat'><strong>:</strong></span> 
     </span>
    </p>
   </div>
   <div class='ocr_carea' id='block_1_20' title="bbox 163 908 485 940">
    <p class='ocr_par' dir='ltr' id='par_1_20' title="bbox 163 908 485 940">
     <span class='ocr_line' id='line_1_20' title="bbox 163 908 485 940; baseline 0.016 -5"><span class='ocrx_word' id='word_1_95' title='bbox 163 908 265 937; x_wconf 83' lang='lat' dir='ltr'><strong>indicat</strong></span> <span class='ocrx_word' id='word_1_96' title='bbox 280 915 369 938; x_wconf 86' lang='lat' dir='ltr'><strong>autem</strong></span> <span class='ocrx_word' id='word_1_97' title='bbox 383 912 485 940; x_wconf 87' lang='lat' dir='ltr'><strong>radios.</strong></span> 
     </span>
    </p>
   </div>
   <div class='ocr_carea' id='block_1_21' title="bbox 199 954 946 996">
    <p class='ocr_par' dir='ltr' id='par_1_21' title="bbox 199 954 946 996">
     <span class='ocr_line' id='line_1_21' title="bbox 199 954 946 996; baseline 0.011 -14"><span class='ocrx_word' id='word_1_98' title='bbox 199 954 212 990; x_wconf 84' lang='lat'><strong>§</strong></span> <span class='ocrx_word' id='word_1_99' title='bbox 237 955 269 983; x_wconf 86' lang='lat' dir='ltr'><strong>ll.</strong></span> <span class='ocrx_word' id='word_1_100' title='bbox 296 956 400 985; x_wconf 71' lang='lat' dir='ltr'><strong>Oziam.</strong></span> <span class='ocrx_word' id='word_1_101' title='bbox 427 957 496 986; x_wconf 86' lang='lat' dir='ltr'><strong>Nota</strong></span> <span class='ocrx_word' id='word_1_102' title='bbox 521 966 644 994; x_wconf 59' lang='lat' dir='ltr'><strong>quanam</strong></span> <span class='ocrx_word' id='word_1_103' title='bbox 675 960 834 988; x_wconf 86' lang='lat' dir='ltr'><strong>acciderunt</strong></span> <span class='ocrx_word' id='word_1_104' title='bbox 856 960 946 996; x_wconf 65' lang='lat' dir='ltr'><strong>Ozim,</strong></span> 
     </span>
    </p>
   </div>
   <div class='ocr_carea' id='block_1_22' title="bbox 160 1001 392 1032">
    <p class='ocr_par' dir='ltr' id='par_1_22' title="bbox 160 1001 392 1032">
     <span class='ocr_line' id='line_1_22' title="bbox 160 1001 392 1032; baseline 0.013 -4"><span class='ocrx_word' id='word_1_105' title='bbox 160 1001 230 1029; x_wconf 86' lang='lat' dir='ltr'><strong>Core</strong></span> <span class='ocrx_word' id='word_1_106' title='bbox 248 1006 275 1030; x_wconf 80' lang='lat' dir='ltr'><strong>et</strong></span> <span class='ocrx_word' id='word_1_107' title='bbox 289 1002 392 1032; x_wconf 82' lang='lat' dir='ltr'><strong>Nadab.</strong></span> 
     </span>
    </p>
   </div>
   <div class='ocr_carea' id='block_1_23' title="bbox 195 1047 772 1084">
    <p class='ocr_par' dir='ltr' id='par_1_23' title="bbox 195 1047 772 1084">
     <span class='ocr_line' id='line_1_23' title="bbox 195 1047 772 1084; baseline 0.009 -9"><span class='ocrx_word' id='word_1_108' title='bbox 195 1047 349 1084; x_wconf 79' lang='lat' dir='ltr'><strong>Evangelia.</strong></span> <span class='ocrx_word' id='word_1_109' title='bbox 365 1049 495 1083; x_wconf 77' lang='lat' dir='ltr'><strong>Quaenam</strong></span> <span class='ocrx_word' id='word_1_110' title='bbox 508 1059 572 1079; x_wconf 75' lang='lat' dir='ltr'><strong>vere</strong></span> <span class='ocrx_word' id='word_1_111' title='bbox 586 1051 656 1079; x_wconf 86' lang='lat' dir='ltr'><strong>bona</strong></span> <span class='ocrx_word' id='word_1_112' title='bbox 667 1053 772 1081; x_wconf 89' lang='lat' dir='ltr'><strong>nuntia.</strong></span> 
     </span>
    </p>
   </div>
   <div class='ocr_carea' id='block_1_24' title="bbox 199 1094 946 1134">
    <p class='ocr_par' dir='ltr' id='par_1_24' title="bbox 199 1094 946 1134">
     <span class='ocr_line' id='line_1_24' title="bbox 199 1094 946 1134; baseline 0.012 -13"><span class='ocrx_word' id='word_1_113' title='bbox 199 1094 409 1124; x_wconf 76' lang='lat' dir='ltr'><strong>Humanitatem.</strong></span> <span class='ocrx_word' id='word_1_114' title='bbox 423 1096 493 1124; x_wconf 88' lang='lat' dir='ltr'><strong>Nota</strong></span> <span class='ocrx_word' id='word_1_115' title='bbox 509 1098 542 1125; x_wconf 92' lang='lat' dir='ltr'><strong>de</strong></span> <span class='ocrx_word' id='word_1_116' title='bbox 561 1098 776 1134; x_wconf 81' lang='lat' dir='ltr'><strong>dispensatione,</strong></span> <span class='ocrx_word' id='word_1_117' title='bbox 793 1108 842 1129; x_wconf 91' lang='lat' dir='ltr'><strong>seu</strong></span> <span class='ocrx_word' id='word_1_118' title='bbox 855 1101 946 1130; x_wconf 81' lang='lat' dir='ltr'><strong>incar-</strong></span> 
     </span>
    </p>
   </div>
   <div class='ocr_carea' id='block_1_25' title="bbox 159 1141 281 1169">
    <p class='ocr_par' dir='ltr' id='par_1_25' title="bbox 159 1141 281 1169">
     <span class='ocr_line' id='line_1_25' title="bbox 159 1141 281 1169; baseline 0.008 -1"><span class='ocrx_word' id='word_1_119' title='bbox 159 1141 281 1169; x_wconf 84' lang='lat' dir='ltr'><strong>natione.</strong></span> 
     </span>
    </p>
   </div>
   <div class='ocr_carea' id='block_1_26' title="bbox 195 1187 946 1230">
    <p class='ocr_par' dir='ltr' id='par_1_26' title="bbox 195 1187 946 1230">
     <span class='ocr_line' id='line_1_26' title="bbox 195 1187 946 1230; baseline 0.015 -17"><span class='ocrx_word' id='word_1_120' title='bbox 195 1187 379 1223; x_wconf 81' lang='lat' dir='ltr'><strong>Conformare.</strong></span> <span class='ocrx_word' id='word_1_121' title='bbox 415 1188 469 1218; x_wconf 84' lang='lat' dir='ltr'><strong>Per</strong></span> <span class='ocrx_word' id='word_1_122' title='bbox 505 1190 586 1219; x_wconf 83' lang='lat' dir='ltr'><strong>tidem</strong></span> <span class='ocrx_word' id='word_1_123' title='bbox 608 1191 713 1220; x_wconf 79' lang='lat' dir='ltr'><strong>scilicet</strong></span> <span class='ocrx_word' id='word_1_124' title='bbox 722 1212 736 1227; x_wconf 21' lang='grc' dir='ltr'><strong>,μ</strong></span> <span class='ocrx_word' id='word_1_125' title='bbox 756 1193 829 1222; x_wconf 82' lang='lat' dir='ltr'><strong>sicut</strong></span> <span class='ocrx_word' id='word_1_126' title='bbox 851 1199 946 1230; x_wconf 85' lang='lat' dir='ltr'><strong>postea</strong></span> 
     </span>
    </p>
   </div>
   <div class='ocr_carea' id='block_1_27' title="bbox 158 1239 304 1262">
    <p class='ocr_par' dir='ltr' id='par_1_27' title="bbox 158 1239 304 1262">
     <span class='ocr_line' id='line_1_27' title="bbox 158 1239 304 1262; baseline 0.007 -1"><span class='ocrx_word' id='word_1_127' title='bbox 158 1239 304 1262; x_wconf 87' lang='lat' dir='ltr'><strong>monstrat.</strong></span> 
     </span>
    </p>
   </div>
   <div class='ocr_carea' id='block_1_28' title="bbox 195 1279 945 1321">
    <p class='ocr_par' dir='ltr' id='par_1_28' title="bbox 195 1279 945 1321">
     <span class='ocr_line' id='line_1_28' title="bbox 195 1279 945 1321; baseline 0.012 -15"><span class='ocrx_word' id='word_1_128' title='bbox 195 1279 247 1313; x_wconf 83' lang='lat' dir='ltr'><strong>Qui</strong></span> <span class='ocrx_word' id='word_1_129' title='bbox 270 1280 364 1308; x_wconf 82' lang='lat' dir='ltr'><strong>harum</strong></span> <span class='ocrx_word' id='word_1_130' title='bbox 388 1287 472 1310; x_wconf 90' lang='lat' dir='ltr'><strong>amat.</strong></span> <span class='ocrx_word' id='word_1_131' title='bbox 497 1281 566 1310; x_wconf 86' lang='lat' dir='ltr'><strong>Eum</strong></span> <span class='ocrx_word' id='word_1_132' title='bbox 590 1283 637 1319; x_wconf 92' lang='lat' dir='ltr'><strong>qui</strong></span> <span class='ocrx_word' id='word_1_133' title='bbox 662 1293 750 1321; x_wconf 86' lang='lat' dir='ltr'><strong>nuper</strong></span> <span class='ocrx_word' id='word_1_134' title='bbox 775 1286 902 1320; x_wconf 87' lang='lat' dir='ltr'><strong>credidit,</strong></span> <span class='ocrx_word' id='word_1_135' title='bbox 917 1291 945 1316; x_wconf 89' lang='lat' dir='ltr'><strong>et</strong></span> 
     </span>
    </p>
   </div>
   <div class='ocr_carea' id='block_1_29' title="bbox 159 1325 946 1366">
    <p class='ocr_par' dir='ltr' id='par_1_29' title="bbox 159 1325 946 1366">
     <span class='ocr_line' id='line_1_29' title="bbox 159 1325 946 1366; baseline 0.011 -13"><span class='ocrx_word' id='word_1_136' title='bbox 159 1325 291 1354; x_wconf 80' lang='lat' dir='ltr'><strong>illustrari</strong></span> <span class='ocrx_word' id='word_1_137' title='bbox 315 1327 416 1360; x_wconf 81' lang='lat' dir='ltr'><strong>voluit,</strong></span> <span class='ocrx_word' id='word_1_138' title='bbox 442 1328 533 1356; x_wconf 85' lang='lat' dir='ltr'><strong>dicit:</strong></span> <span class='ocrx_word' id='word_1_139' title='bbox 553 1329 690 1358; x_wconf 89' lang='lat' dir='ltr'><strong>initiatum</strong></span> <span class='ocrx_word' id='word_1_140' title='bbox 715 1335 823 1366; x_wconf 86' lang='lat' dir='ltr'><strong>autem,</strong></span> <span class='ocrx_word' id='word_1_141' title='bbox 847 1333 876 1361; x_wconf 88' lang='lat' dir='ltr'><strong>id</strong></span> <span class='ocrx_word' id='word_1_142' title='bbox 902 1337 946 1362; x_wconf 86' lang='lat' dir='ltr'><strong>est</strong></span> 
     </span>
    </p>
   </div>
   <div class='ocr_carea' id='block_1_30' title="bbox 160 1372 704 1410">
    <p class='ocr_par' dir='ltr' id='par_1_30' title="bbox 160 1372 704 1410">
     <span class='ocr_line' id='line_1_30' title="bbox 160 1372 704 1410; baseline 0.011 -11"><span class='ocrx_word' id='word_1_143' title='bbox 160 1372 359 1405; x_wconf 85' lang='lat' dir='ltr'><strong>Christianum,</strong></span> <span class='ocrx_word' id='word_1_144' title='bbox 371 1377 398 1401; x_wconf 86' lang='lat' dir='ltr'><strong>et</strong></span> <span class='ocrx_word' id='word_1_145' title='bbox 416 1375 463 1409; x_wconf 89' lang='lat' dir='ltr'><strong>qui</strong></span> <span class='ocrx_word' id='word_1_146' title='bbox 478 1375 597 1410; x_wconf 80' lang='lat' dir='ltr'><strong>perfecte</strong></span> <span class='ocrx_word' id='word_1_147' title='bbox 608 1376 704 1405; x_wconf 87' lang='lat' dir='ltr'><strong>credit.</strong></span> 
     </span>
    </p>
   </div>
   <div class='ocr_carea' id='block_1_31' title="bbox 193 1417 944 1461">
    <p class='ocr_par' dir='ltr' id='par_1_31' title="bbox 193 1417 944 1461">
     <span class='ocr_line' id='line_1_31' title="bbox 193 1417 944 1461; baseline 0.013 -17"><span class='ocrx_word' id='word_1_148' title='bbox 193 1417 255 1452; x_wconf 75' lang='lat' dir='ltr'><strong>Ipse</strong></span> <span class='ocrx_word' id='word_1_149' title='bbox 268 1423 355 1446; x_wconf 77' lang='lat' dir='ltr'><strong>autem</strong></span> <span class='ocrx_word' id='word_1_150' title='bbox 371 1420 479 1455; x_wconf 77' lang='lat' dir='ltr'><strong>integre.</strong></span> <span class='ocrx_word' id='word_1_151' title='bbox 496 1420 534 1449; x_wconf 88' lang='lat' dir='ltr'><strong>De</strong></span> <span class='ocrx_word' id='word_1_152' title='bbox 550 1429 625 1450; x_wconf 89' lang='lat' dir='ltr'><strong>nunc</strong></span> <span class='ocrx_word' id='word_1_153' title='bbox 639 1422 713 1450; x_wconf 88' lang='lat' dir='ltr'><strong>dicto</strong></span> <span class='ocrx_word' id='word_1_154' title='bbox 726 1429 885 1461; x_wconf 89' lang='lat' dir='ltr'><strong>susceptore</strong></span> <span class='ocrx_word' id='word_1_155' title='bbox 898 1433 944 1454; x_wconf 88' lang='lat' dir='ltr'><strong>re-</strong></span> 
     </span>
    </p>
   </div>
   <div class='ocr_carea' id='block_1_32' title="bbox 157 1465 766 1503">
    <p class='ocr_par' dir='ltr' id='par_1_32' title="bbox 157 1465 766 1503">
     <span class='ocr_line' id='line_1_32' title="bbox 157 1465 766 1503; baseline 0.011 -12"><span class='ocrx_word' id='word_1_156' title='bbox 157 1468 252 1492; x_wconf 86' lang='lat' dir='ltr'><strong>ccnter</strong></span> <span class='ocrx_word' id='word_1_157' title='bbox 267 1465 477 1500; x_wconf 88' lang='lat' dir='ltr'><strong>illustratorum,</strong></span> <span class='ocrx_word' id='word_1_158' title='bbox 494 1475 543 1496; x_wconf 88' lang='lat' dir='ltr'><strong>seu</strong></span> <span class='ocrx_word' id='word_1_159' title='bbox 556 1468 766 1503; x_wconf 83' lang='lat' dir='ltr'><strong>baptizatorum.</strong></span> 
     </span>
    </p>
   </div>
   <div class='ocr_carea' id='block_1_33' title="bbox 195 1509 981 1553">
    <p class='ocr_par' dir='ltr' id='par_1_33' title="bbox 195 1509 981 1553">
     <span class='ocr_line' id='line_1_33' title="bbox 195 1509 981 1553; baseline 0.011 -16"><span class='ocrx_word' id='word_1_160' title='bbox 195 1509 319 1546; x_wconf 73' lang='lat' dir='ltr'><strong>()bseqai.</strong></span> <span class='ocrx_word' id='word_1_161' title='bbox 337 1511 493 1540; x_wconf 88' lang='lat' dir='ltr'><strong>Secundum</strong></span> <span class='ocrx_word' id='word_1_162' title='bbox 516 1513 583 1542; x_wconf 92' lang='lat' dir='ltr'><strong>illud</strong></span> <span class='ocrx_word' id='word_1_163' title='bbox 603 1515 675 1550; x_wconf 94' lang='lat' dir='ltr'><strong>quod</strong></span> <span class='ocrx_word' id='word_1_164' title='bbox 698 1516 726 1543; x_wconf 90' lang='lat' dir='ltr'><strong>in</strong></span> <span class='ocrx_word' id='word_1_165' title='bbox 746 1516 804 1553; x_wconf 87' lang='lat' dir='ltr'><strong>lege</strong></span> <span class='ocrx_word' id='word_1_166' title='bbox 818 1516 941 1545; x_wconf 86' lang='lat' dir='ltr'><strong>dicitur:</strong></span> <span class='ocrx_word' id='word_1_167' title='bbox 979 1544 981 1548; x_wconf 78' lang='lat'>,</span> 
     </span>
    </p>
   </div>
   <div class='ocr_carea' id='block_1_34' title="bbox 157 1554 730 1588">
    <p class='ocr_par' dir='ltr' id='par_1_34' title="bbox 157 1554 730 1588">
     <span class='ocr_line' id='line_1_34' title="bbox 157 1554 730 1588; baseline 0.012 -7"><span class='ocrx_word' id='word_1_168' title='bbox 157 1554 186 1582; x_wconf 92' lang='lat' dir='ltr'><strong>ln</strong></span> <span class='ocrx_word' id='word_1_169' title='bbox 202 1556 329 1584; x_wconf 78' lang='lat' dir='ltr'><strong>omnibus</strong></span> <span class='ocrx_word' id='word_1_170' title='bbox 345 1557 487 1586; x_wconf 88' lang='lat' dir='ltr'><strong>audiemus</strong></span> <span class='ocrx_word' id='word_1_171' title='bbox 502 1566 597 1587; x_wconf 86' lang='lat' dir='ltr'><strong>vocem</strong></span> <span class='ocrx_word' id='word_1_172' title='bbox 612 1559 730 1588; x_wconf 91' lang='lat' dir='ltr'><strong>Domini.</strong></span> 
     </span>
    </p>
   </div>
   <div class='ocr_carea' id='block_1_35' title="bbox 193 1600 942 1645">
    <p class='ocr_par' dir='ltr' id='par_1_35' title="bbox 193 1600 942 1645">
     <span class='ocr_line' id='line_1_35' title="bbox 193 1600 942 1645; baseline 0.013 -18"><span class='ocrx_word' id='word_1_173' title='bbox 193 1600 340 1636; x_wconf 74' lang='lat' dir='ltr'><strong>Suscipere.</strong></span> <span class='ocrx_word' id='word_1_174' title='bbox 355 1602 423 1630; x_wconf 88' lang='lat' dir='ltr'><strong>Eum</strong></span> <span class='ocrx_word' id='word_1_175' title='bbox 449 1604 495 1639; x_wconf 91' lang='lat' dir='ltr'><strong>qui</strong></span> <span class='ocrx_word' id='word_1_176' title='bbox 518 1609 631 1640; x_wconf 82' lang='lat' dir='ltr'><strong>rogatus</strong></span> <span class='ocrx_word' id='word_1_177' title='bbox 653 1610 713 1640; x_wconf 88' lang='lat' dir='ltr'><strong>est,</strong></span> <span class='ocrx_word' id='word_1_178' title='bbox 735 1611 764 1635; x_wconf 91' lang='lat' dir='ltr'><strong>ut</strong></span> <span class='ocrx_word' id='word_1_179' title='bbox 779 1608 942 1645; x_wconf 84' lang='lat' dir='ltr'><strong>susciperet,</strong></span> 
     </span>
    </p>
   </div>
   <div class='ocr_carea' id='block_1_36' title="bbox 157 1648 608 1686">
    <p class='ocr_par' dir='ltr' id='par_1_36' title="bbox 157 1648 608 1686">
     <span class='ocr_line' id='line_1_36' title="bbox 157 1648 608 1686; baseline 0.013 -12"><span class='ocrx_word' id='word_1_180' title='bbox 157 1648 230 1676; x_wconf 80' lang='lat' dir='ltr'><strong>unde</strong></span> <span class='ocrx_word' id='word_1_181' title='bbox 244 1650 327 1676; x_wconf 83' lang='lat' dir='ltr'><strong>etiam</strong></span> <span class='ocrx_word' id='word_1_182' title='bbox 342 1654 486 1686; x_wconf 89' lang='lat' dir='ltr'><strong>susceptor</strong></span> <span class='ocrx_word' id='word_1_183' title='bbox 498 1651 608 1681; x_wconf 89' lang='lat' dir='ltr'><strong>dicitur.</strong></span> 
     </span>
    </p>
   </div>
   <div class='ocr_carea' id='block_1_37' title="bbox 192 1693 796 1736">
    <p class='ocr_par' dir='ltr' id='par_1_37' title="bbox 192 1693 796 1736">
     <span class='ocr_line' id='line_1_37' title="bbox 192 1693 796 1736; baseline 0.015 -16"><span class='ocrx_word' id='word_1_184' title='bbox 192 1693 329 1735; x_wconf 76' lang='lat' dir='ltr'><strong>Summum</strong></span> <span class='ocrx_word' id='word_1_185' title='bbox 344 1697 516 1726; x_wconf 81' lang='lat' dir='ltr'><strong>sacerdotem.</strong></span> <span class='ocrx_word' id='word_1_186' title='bbox 530 1698 559 1726; x_wconf 92' lang='lat' dir='ltr'><strong>ld</strong></span> <span class='ocrx_word' id='word_1_187' title='bbox 573 1703 615 1726; x_wconf 91' lang='lat' dir='ltr'><strong>est</strong></span> <span class='ocrx_word' id='word_1_188' title='bbox 628 1700 796 1736; x_wconf 79' lang='lat' dir='ltr'><strong>episcopum.</strong></span> 
     </span>
    </p>
   </div>
   <div class='ocr_carea' id='block_1_38' title="bbox 194 1732 944 1781">
    <p class='ocr_par' dir='ltr' id='par_1_38' title="bbox 194 1732 944 1781">
     <span class='ocr_line' id='line_1_38' title="bbox 194 1732 944 1781; baseline 0.012 -15"><span class='ocrx_word' id='word_1_189' title='bbox 194 1738 208 1775; x_wconf 85' lang='lat'>§</span> <span class='ocrx_word' id='word_1_190' title='bbox 224 1732 267 1768; x_wconf 87' lang='lat' dir='ltr'><strong>lll.</strong></span> <span class='ocrx_word' id='word_1_191' title='bbox 283 1740 402 1768; x_wconf 86' lang='lat' dir='ltr'><strong>Duorum</strong></span> <span class='ocrx_word' id='word_1_192' title='bbox 417 1743 544 1771; x_wconf 84' lang='lat' dir='ltr'><strong>virorum.</strong></span> <span class='ocrx_word' id='word_1_193' title='bbox 562 1743 608 1772; x_wconf 88' lang='lat' dir='ltr'><strong>Sic</strong></span> <span class='ocrx_word' id='word_1_194' title='bbox 622 1732 809 1781; x_wconf 75' lang='lat' dir='ltr'><strong>componenda</strong></span> <span class='ocrx_word' id='word_1_195' title='bbox 823 1751 866 1775; x_wconf 86' lang='lat' dir='ltr'><strong>est</strong></span> <span class='ocrx_word' id='word_1_196' title='bbox 886 1747 944 1775; x_wconf 66' lang='lat' dir='ltr'><strong>haec</strong></span> 
     </span>
    </p>
   </div>
   <div class='ocr_carea' id='block_1_39' title="bbox 158 1787 944 1826">
    <p class='ocr_par' dir='ltr' id='par_1_39' title="bbox 158 1787 944 1826">
     <span class='ocr_line' id='line_1_39' title="bbox 158 1787 944 1826; baseline 0.013 -14"><span class='ocrx_word' id='word_1_197' title='bbox 158 1787 293 1814; x_wconf 85' lang='lat' dir='ltr'><strong>sententia</strong></span> <span class='ocrx_word' id='word_1_198' title='bbox 310 1797 317 1815; x_wconf 88' lang='lat'><strong>:</strong></span> <span class='ocrx_word' id='word_1_199' title='bbox 333 1787 406 1817; x_wconf 90' lang='lat' dir='ltr'><strong>Duos</strong></span> <span class='ocrx_word' id='word_1_200' title='bbox 422 1789 495 1818; x_wconf 90' lang='lat' dir='ltr'><strong>viros</strong></span> <span class='ocrx_word' id='word_1_201' title='bbox 507 1809 514 1822; x_wconf 85' lang='lat'><strong>,</strong></span> <span class='ocrx_word' id='word_1_202' title='bbox 529 1791 608 1826; x_wconf 86' lang='lat' dir='ltr'><strong>quasi</strong></span> <span class='ocrx_word' id='word_1_203' title='bbox 628 1791 657 1819; x_wconf 93' lang='lat' dir='ltr'><strong>in</strong></span> <span class='ocrx_word' id='word_1_204' title='bbox 675 1792 804 1821; x_wconf 87' lang='lat' dir='ltr'><strong>humeros</strong></span> <span class='ocrx_word' id='word_1_205' title='bbox 819 1801 870 1822; x_wconf 86' lang='lat' dir='ltr'><strong>ove</strong></span> <span class='ocrx_word' id='word_1_206' title='bbox 892 1794 944 1821; x_wconf 91' lang='lat' dir='ltr'><strong>im-</strong></span> 
     </span>
    </p>
   </div>
   <div class='ocr_carea' id='block_1_40' title="bbox 156 1832 945 1874">
    <p class='ocr_par' dir='ltr' id='par_1_40' title="bbox 156 1832 945 1874">
     <span class='ocr_line' id='line_1_40' title="bbox 156 1832 945 1874; baseline 0.014 -17"><span class='ocrx_word' id='word_1_207' title='bbox 156 1832 256 1866; x_wconf 86' lang='lat' dir='ltr'><strong>posita,</strong></span> <span class='ocrx_word' id='word_1_208' title='bbox 276 1835 306 1859; x_wconf 84' lang='lat' dir='ltr'><strong>ut</strong></span> <span class='ocrx_word' id='word_1_209' title='bbox 321 1833 356 1860; x_wconf 75' lang='lat' dir='ltr'><strong>sit</strong></span> <span class='ocrx_word' id='word_1_210' title='bbox 374 1841 407 1861; x_wconf 78' lang='lat' dir='ltr'><strong>ex</strong></span> <span class='ocrx_word' id='word_1_211' title='bbox 420 1834 527 1862; x_wconf 91' lang='lat' dir='ltr'><strong>duobus</strong></span> <span class='ocrx_word' id='word_1_212' title='bbox 542 1836 709 1872; x_wconf 89' lang='lat' dir='ltr'><strong>hominibus,</strong></span> <span class='ocrx_word' id='word_1_213' title='bbox 727 1843 888 1874; x_wconf 79' lang='lat' dir='ltr'><strong>susceptare</strong></span> <span class='ocrx_word' id='word_1_214' title='bbox 901 1840 945 1867; x_wconf 76' lang='lat' dir='ltr'><strong>in-</strong></span> 
     </span>
    </p>
   </div>
   <div class='ocr_carea' id='block_1_41' title="bbox 156 1879 943 1921">
    <p class='ocr_par' dir='ltr' id='par_1_41' title="bbox 156 1879 943 1921">
     <span class='ocr_line' id='line_1_41' title="bbox 156 1879 943 1921; baseline 0.013 -18"><span class='ocrx_word' id='word_1_215' title='bbox 156 1885 238 1912; x_wconf 78' lang='lat' dir='ltr'><strong>quam</strong></span> <span class='ocrx_word' id='word_1_216' title='bbox 264 1883 291 1905; x_wconf 90' lang='lat' dir='ltr'><strong>et</strong></span> <span class='ocrx_word' id='word_1_217' title='bbox 317 1879 480 1912; x_wconf 87' lang='lat' dir='ltr'><strong>accedente,</strong></span> <span class='ocrx_word' id='word_1_218' title='bbox 503 1881 574 1908; x_wconf 88' lang='lat' dir='ltr'><strong>intra</strong></span> <span class='ocrx_word' id='word_1_219' title='bbox 602 1883 765 1917; x_wconf 87' lang='lat' dir='ltr'><strong>ecclesiam,</strong></span> <span class='ocrx_word' id='word_1_220' title='bbox 792 1885 943 1921; x_wconf 84' lang='lat' dir='ltr'><strong>suscipiens</strong></span> 
     </span>
    </p>
   </div>
   <div class='ocr_carea' id='block_1_42' title="bbox 156 1923 942 1971">
    <p class='ocr_par' dir='ltr' id='par_1_42' title="bbox 156 1923 942 1971">
     <span class='ocr_line' id='line_1_42' title="bbox 156 1923 942 1971; baseline 0.013 -21"><span class='ocrx_word' id='word_1_221' title='bbox 156 1923 231 1951; x_wconf 89' lang='lat' dir='ltr'><strong>hunc</strong></span> <span class='ocrx_word' id='word_1_222' title='bbox 250 1928 378 1961; x_wconf 85' lang='lat' dir='ltr'><strong>tanquam</strong></span> <span class='ocrx_word' id='word_1_223' title='bbox 403 1934 480 1954; x_wconf 91' lang='lat' dir='ltr'><strong>ovem</strong></span> <span class='ocrx_word' id='word_1_224' title='bbox 504 1928 654 1963; x_wconf 86' lang='lat' dir='ltr'><strong>perditam,</strong></span> <span class='ocrx_word' id='word_1_225' title='bbox 680 1930 740 1965; x_wconf 89' lang='lat' dir='ltr'><strong>ipso</strong></span> <span class='ocrx_word' id='word_1_226' title='bbox 762 1931 942 1971; x_wconf 70' lang='lat' dir='ltr'><strong>(susceptare)</strong></span> 
     </span>
    </p>
   </div>
   <div class='ocr_carea' id='block_1_43' title="bbox 156 1969 943 2011">
    <p class='ocr_par' dir='ltr' id='par_1_43' title="bbox 156 1969 943 2011">
     <span class='ocr_line' id='line_1_43' title="bbox 156 1969 943 2011; baseline 0.011 -15"><span class='ocrx_word' id='word_1_227' title='bbox 156 1969 230 1997; x_wconf 88' lang='lat' dir='ltr'><strong>hunc</strong></span> <span class='ocrx_word' id='word_1_228' title='bbox 244 1971 278 1998; x_wconf 89' lang='lat' dir='ltr'><strong>ab</strong></span> <span class='ocrx_word' id='word_1_229' title='bbox 292 1979 384 2000; x_wconf 89' lang='lat' dir='ltr'><strong>errore</strong></span> <span class='ocrx_word' id='word_1_230' title='bbox 399 1977 585 2002; x_wconf 86' lang='lat' dir='ltr'><strong>convertente.</strong></span> <span class='ocrx_word' id='word_1_231' title='bbox 603 1974 751 2011; x_wconf 88' lang='lat' dir='ltr'><strong>Susceptor</strong></span> <span class='ocrx_word' id='word_1_232' title='bbox 764 1969 840 2004; x_wconf 19' lang='lat' dir='ltr'><strong>enim.</strong></span> <span class='ocrx_word' id='word_1_233' title='bbox 855 1977 943 2006; x_wconf 80' lang='lat' dir='ltr'><strong>ﬁdelis</strong></span> 
     </span>
    </p>
   </div>
   <div class='ocr_carea' id='block_1_44' title="bbox 155 2018 943 2059">
    <p class='ocr_par' dir='ltr' id='par_1_44' title="bbox 155 2018 943 2059">
     <span class='ocr_line' id='line_1_44' title="bbox 155 2018 943 2059; baseline 0.009 -16"><span class='ocrx_word' id='word_1_234' title='bbox 155 2021 225 2050; x_wconf 86' lang='lat' dir='ltr'><strong>erat,</strong></span> <span class='ocrx_word' id='word_1_235' title='bbox 239 2025 291 2045; x_wconf 91' lang='lat' dir='ltr'><strong>nec</strong></span> <span class='ocrx_word' id='word_1_236' title='bbox 304 2018 328 2046; x_wconf 87' lang='lat' dir='ltr'><strong>ei</strong></span> <span class='ocrx_word' id='word_1_237' title='bbox 340 2023 399 2046; x_wconf 87' lang='lat' dir='ltr'><strong>erat</strong></span> <span class='ocrx_word' id='word_1_238' title='bbox 413 2026 526 2047; x_wconf 88' lang='lat' dir='ltr'><strong>necesse</strong></span> <span class='ocrx_word' id='word_1_239' title='bbox 542 2020 667 2055; x_wconf 85' lang='lat' dir='ltr'><strong>admitti;</strong></span> <span class='ocrx_word' id='word_1_240' title='bbox 684 2029 758 2049; x_wconf 89' lang='lat' dir='ltr'><strong>nunc</strong></span> <span class='ocrx_word' id='word_1_241' title='bbox 772 2023 873 2057; x_wconf 88' lang='lat' dir='ltr'><strong>gratias</strong></span> <span class='ocrx_word' id='word_1_242' title='bbox 888 2023 943 2059; x_wconf 83' lang='lat' dir='ltr'><strong>agit</strong></span> 
     </span>
    </p>
   </div>
   <div class='ocr_carea' id='block_1_45' title="bbox 155 2061 942 2101">
    <p class='ocr_par' dir='ltr' id='par_1_45' title="bbox 155 2061 942 2101">
     <span class='ocr_line' id='line_1_45' title="bbox 155 2061 942 2101; baseline 0.01 -13"><span class='ocrx_word' id='word_1_243' title='bbox 155 2061 212 2090; x_wconf 90' lang='lat' dir='ltr'><strong>Deo</strong></span> <span class='ocrx_word' id='word_1_244' title='bbox 225 2062 381 2098; x_wconf 86' lang='lat' dir='ltr'><strong>episcopus.</strong></span> <span class='ocrx_word' id='word_1_245' title='bbox 406 2062 435 2091; x_wconf 92' lang='lat' dir='ltr'><strong>Si</strong></span> <span class='ocrx_word' id='word_1_246' title='bbox 457 2065 530 2092; x_wconf 90' lang='lat' dir='ltr'><strong>enim</strong></span> <span class='ocrx_word' id='word_1_247' title='bbox 552 2065 589 2092; x_wconf 87' lang='lat' dir='ltr'><strong>ita</strong></span> <span class='ocrx_word' id='word_1_248' title='bbox 613 2071 809 2101; x_wconf 86' lang='lat' dir='ltr'><strong>componatur,</strong></span> <span class='ocrx_word' id='word_1_249' title='bbox 825 2067 942 2096; x_wconf 88' lang='lat' dir='ltr'><strong>duorum</strong></span> 
     </span>
    </p>
   </div>
   <div class='ocr_carea' id='block_1_46' title="bbox 155 2102 808 2146">
    <p class='ocr_par' dir='ltr' id='par_1_46' title="bbox 155 2102 808 2146">
     <span class='ocr_line' id='line_1_46' title="bbox 155 2102 808 2146; baseline 0.008 -11"><span class='ocrx_word' id='word_1_250' title='bbox 155 2108 276 2136; x_wconf 71' lang='lat' dir='ltr'><strong>virorum</strong></span> <span class='ocrx_word' id='word_1_251' title='bbox 288 2102 457 2145; x_wconf 75' lang='lat' dir='ltr'><strong>suscipiens,</strong></span> <span class='ocrx_word' id='word_1_252' title='bbox 470 2111 551 2146; x_wconf 86' lang='lat' dir='ltr'><strong>plane</strong></span> <span class='ocrx_word' id='word_1_253' title='bbox 562 2111 735 2140; x_wconf 75' lang='lat' dir='ltr'><strong>solmcismus</strong></span> <span class='ocrx_word' id='word_1_254' title='bbox 747 2113 808 2140; x_wconf 92' lang='lat' dir='ltr'><strong>erit.</strong></span> 
     </span>
    </p>
   </div>
   <div class='ocr_carea' id='block_1_47' title="bbox 191 2153 940 2193">
    <p class='ocr_par' dir='ltr' id='par_1_47' title="bbox 191 2153 940 2193">
     <span class='ocr_line' id='line_1_47' title="bbox 191 2153 940 2193; baseline 0.008 -12"><span class='ocrx_word' id='word_1_255' title='bbox 191 2153 264 2190; x_wconf 67' lang='lat' dir='ltr'><strong>[Vox</strong></span> <span class='ocrx_word' id='word_1_256' title='bbox 277 2155 378 2191; x_wconf 80' lang='grc' dir='ltr'>ὲσέφθη</span> <span class='ocrx_word' id='word_1_257' title='bbox 392 2155 434 2182; x_wconf 81' lang='lat' dir='ltr'><strong>hic</strong></span> <span class='ocrx_word' id='word_1_258' title='bbox 453 2157 560 2190; x_wconf 85' lang='lat' dir='ltr'><strong>ponitur</strong></span> <span class='ocrx_word' id='word_1_259' title='bbox 578 2165 626 2192; x_wconf 85' lang='lat' dir='ltr'><strong>pro</strong></span> <span class='ocrx_word' id='word_1_260' title='bbox 644 2157 788 2193; x_wconf 75' lang='grc' dir='ltr'>ἐσεϐάσθη,</span> <span class='ocrx_word' id='word_1_261' title='bbox 803 2163 940 2187; x_wconf 69' lang='lat' dir='ltr'><strong>veneratus</strong></span> 
     </span>
    </p>
   </div>
   <div class='ocr_carea' id='block_1_48' title="bbox 154 2199 216 2236">
    <p class='ocr_par' dir='ltr' id='par_1_48' title="bbox 154 2199 216 2236">
     <span class='ocr_line' id='line_1_48' title="bbox 154 2199 216 2236; baseline 0 -9"><span class='ocrx_word' id='word_1_262' title='bbox 154 2199 216 2236; x_wconf 58' lang='grc' dir='ltr'><strong>ιαμ]</strong></span> 
     </span>
    </p>
   </div>
   <div class='ocr_carea' id='block_1_49' title="bbox 1004 268 1412 304">
    <p class='ocr_par' dir='ltr' id='par_1_49' title="bbox 1004 268 1412 304">
     <span class='ocr_line' id='line_1_49' title="bbox 1004 268 1412 304; baseline 0.005 -10"><span class='ocrx_word' id='word_1_263' title='bbox 1004 268 1096 295; x_wconf 81' lang='grc' dir='ltr'>καὶτὰ</span> <span class='ocrx_word' id='word_1_264' title='bbox 1109 268 1191 295; x_wconf 86' lang='grc' dir='ltr'>λοιπὰ</span> <span class='ocrx_word' id='word_1_265' title='bbox 1205 269 1274 304; x_wconf 79' lang='grc' dir='ltr'>πρὸς</span> <span class='ocrx_word' id='word_1_266' title='bbox 1287 269 1412 301; x_wconf 79' lang='grc' dir='ltr'>εὐζωῖαν.</span> 
     </span>
    </p>
   </div>
   <div class='ocr_carea' id='block_1_50' title="bbox 1045 311 1783 349">
    <p class='ocr_par' dir='ltr' id='par_1_50' title="bbox 1045 311 1783 349">
     <span class='ocr_line' id='line_1_50' title="bbox 1045 311 1783 349; baseline -0.001 -10"><span class='ocrx_word' id='word_1_267' title='bbox 1045 312 1090 346; x_wconf 84' lang='grc' dir='ltr'>Ὡς</span> <span class='ocrx_word' id='word_1_268' title='bbox 1105 313 1160 348; x_wconf 79' lang='grc' dir='ltr'><strong>τὰρ</strong></span> <span class='ocrx_word' id='word_1_269' title='bbox 1184 314 1201 340; x_wconf 84' lang='grc' dir='ltr'><em>ὁ</em></span> <span class='ocrx_word' id='word_1_270' title='bbox 1219 313 1347 347; x_wconf 76' lang='grc' dir='ltr'>κλεινός.</span> <span class='ocrx_word' id='word_1_271' title='bbox 1363 313 1415 341; x_wconf 83' lang='grc' dir='ltr'><strong>Τὸν</strong></span> <span class='ocrx_word' id='word_1_272' title='bbox 1440 313 1572 349; x_wconf 79' lang='grc' dir='ltr'>μακάριον</span> <span class='ocrx_word' id='word_1_273' title='bbox 1598 312 1723 348; x_wconf 81' lang='grc' dir='ltr'>Ἰερόϐεον</span> <span class='ocrx_word' id='word_1_274' title='bbox 1741 311 1783 339; x_wconf 80' lang='grc' dir='ltr'>λέ-</span> 
     </span>
    </p>
   </div>
   <div class='ocr_carea' id='block_1_51' title="bbox 1003 357 1746 394">
    <p class='ocr_par' dir='ltr' id='par_1_51' title="bbox 1003 357 1746 394">
     <span class='ocr_line' id='line_1_51' title="bbox 1003 357 1746 394; baseline 0 -10"><span class='ocrx_word' id='word_1_275' title='bbox 1003 366 1056 393; x_wconf 86' lang='grc' dir='ltr'>γει,</span> <span class='ocrx_word' id='word_1_276' title='bbox 1071 358 1110 390; x_wconf 86' lang='grc' dir='ltr'><strong>ὡς</strong></span> <span class='ocrx_word' id='word_1_277' title='bbox 1124 357 1254 390; x_wconf 81' lang='grc' dir='ltr'>πολλάκις</span> <span class='ocrx_word' id='word_1_278' title='bbox 1266 358 1397 394; x_wconf 73' lang='grc' dir='ltr'>ἐδήλωσεν</span> <span class='ocrx_word' id='word_1_279' title='bbox 1412 359 1442 386; x_wconf 79' lang='grc' dir='ltr'>ἐν</span> <span class='ocrx_word' id='word_1_280' title='bbox 1451 359 1509 390; x_wconf 88' lang='grc' dir='ltr'>τοῖς</span> <span class='ocrx_word' id='word_1_281' title='bbox 1522 357 1638 394; x_wconf 82' lang='grc' dir='ltr'>πρόσθεν</span> <span class='ocrx_word' id='word_1_282' title='bbox 1651 357 1746 392; x_wconf 86' lang='grc' dir='ltr'>λόγοις.</span> 
     </span>
    </p>
   </div>
   <div class='ocr_carea' id='block_1_52' title="bbox 1037 403 1781 441">
    <p class='ocr_par' dir='ltr' id='par_1_52' title="bbox 1037 403 1781 441">
     <span class='ocr_line' id='line_1_52' title="bbox 1037 403 1781 441; baseline 0 -11"><span class='ocrx_word' id='word_1_283' title='bbox 1037 404 1191 438; x_wconf 80' lang='grc' dir='ltr'><strong>Πρωτίστη</strong></span> <span class='ocrx_word' id='word_1_284' title='bbox 1206 405 1334 438; x_wconf 77' lang='grc' dir='ltr'>κίνησις.</span> <span class='ocrx_word' id='word_1_285' title='bbox 1349 405 1398 437; x_wconf 83' lang='grc' dir='ltr'><strong>Τις</strong></span> <span class='ocrx_word' id='word_1_286' title='bbox 1411 405 1428 441; x_wconf 81' lang='grc' dir='ltr'><strong>ἡ</strong></span> <span class='ocrx_word' id='word_1_287' title='bbox 1447 404 1584 440; x_wconf 76' lang='grc' dir='ltr'>ἐξαίρετός</span> <span class='ocrx_word' id='word_1_288' title='bbox 1601 404 1659 430; x_wconf 77' lang='grc' dir='ltr'>ἔστι</span> <span class='ocrx_word' id='word_1_289' title='bbox 1678 403 1781 439; x_wconf 81' lang='grc' dir='ltr'>κίνησις</span> 
     </span>
    </p>
   </div>
   <div class='ocr_carea' id='block_1_53' title="bbox 1001 458 1119 477">
    <p class='ocr_par' dir='ltr' id='par_1_53' title="bbox 1001 458 1119 477">
     <span class='ocr_line' id='line_1_53' title="bbox 1001 458 1119 477; baseline -0.008 0"><span class='ocrx_word' id='word_1_290' title='bbox 1001 458 1048 477; x_wconf 77' lang='grc' dir='ltr'><strong>του</strong></span> <span class='ocrx_word' id='word_1_291' title='bbox 1063 458 1119 477; x_wconf 91' lang='grc' dir='ltr'>νου.</span> 
     </span>
    </p>
   </div>
   <div class='ocr_carea' id='block_1_54' title="bbox 1042 494 1781 531">
    <p class='ocr_par' dir='ltr' id='par_1_54' title="bbox 1042 494 1781 531">
     <span class='ocr_line' id='line_1_54' title="bbox 1042 494 1781 531; baseline 0 -10"><span class='ocrx_word' id='word_1_292' title='bbox 1042 494 1077 522; x_wconf 84' lang='grc' dir='ltr'><strong>Ἠ</strong></span> <span class='ocrx_word' id='word_1_293' title='bbox 1087 495 1141 522; x_wconf 85' lang='grc' dir='ltr'>τοῦ</span> <span class='ocrx_word' id='word_1_294' title='bbox 1155 495 1232 522; x_wconf 80' lang='grc' dir='ltr'>εἶναι</span> <span class='ocrx_word' id='word_1_295' title='bbox 1254 496 1347 529; x_wconf 78' lang='grc' dir='ltr'>θείως.</span> <span class='ocrx_word' id='word_1_296' title='bbox 1363 495 1506 523; x_wconf 87' lang='grc' dir='ltr'>Τουτέστιν</span> <span class='ocrx_word' id='word_1_297' title='bbox 1520 495 1537 531; x_wconf 86' lang='grc' dir='ltr'><strong>ή</strong></span> <span class='ocrx_word' id='word_1_298' title='bbox 1558 495 1602 523; x_wconf 85' lang='grc' dir='ltr'>διὰ</span> <span class='ocrx_word' id='word_1_299' title='bbox 1618 494 1666 522; x_wconf 83' lang='grc' dir='ltr'>τοῦ</span> <span class='ocrx_word' id='word_1_300' title='bbox 1689 494 1781 530; x_wconf 60' lang='lat' dir='ltr'><strong>ﬂami-</strong></span> 
     </span>
    </p>
   </div>
   <div class='ocr_carea' id='block_1_55' title="bbox 1002 541 1301 577">
    <p class='ocr_par' dir='ltr' id='par_1_55' title="bbox 1002 541 1301 577">
     <span class='ocr_line' id='line_1_55' title="bbox 1002 541 1301 577; baseline 0.003 -10"><span class='ocrx_word' id='word_1_301' title='bbox 1002 549 1103 576; x_wconf 79' lang='grc' dir='ltr'>σματος</span> <span class='ocrx_word' id='word_1_302' title='bbox 1116 541 1301 577; x_wconf 80' lang='grc' dir='ltr'>ἀναγέννησις.</span> 
     </span>
    </p>
   </div>
   <div class='ocr_carea' id='block_1_56' title="bbox 1041 587 1782 624">
    <p class='ocr_par' dir='ltr' id='par_1_56' title="bbox 1041 587 1782 624">
     <span class='ocr_line' id='line_1_56' title="bbox 1041 587 1782 624; baseline 0.001 -10"><span class='ocrx_word' id='word_1_303' title='bbox 1041 587 1242 622; x_wconf 81' lang='grc' dir='ltr'><strong>Ἁῤῥητοτάτη.</strong></span> <span class='ocrx_word' id='word_1_304' title='bbox 1258 587 1386 615; x_wconf 76' lang='grc' dir='ltr'>Τουτέστι</span> <span class='ocrx_word' id='word_1_305' title='bbox 1408 588 1440 615; x_wconf 81' lang='grc' dir='ltr'>τδ</span> <span class='ocrx_word' id='word_1_306' title='bbox 1460 588 1504 615; x_wconf 80' lang='grc' dir='ltr'><strong>διὰ</strong></span> <span class='ocrx_word' id='word_1_307' title='bbox 1519 587 1703 624; x_wconf 80' lang='grc' dir='ltr'><strong>βαπτίσματος</strong></span> <span class='ocrx_word' id='word_1_308' title='bbox 1716 587 1782 616; x_wconf 73' lang='grc' dir='ltr'>ἀνα-</span> 
     </span>
    </p>
   </div>
   <div class='ocr_carea' id='block_1_57' title="bbox 1000 631 1714 668">
    <p class='ocr_par' dir='ltr' id='par_1_57' title="bbox 1000 631 1714 668">
     <span class='ocr_line' id='line_1_57' title="bbox 1000 631 1714 668; baseline 0 -10"><span class='ocrx_word' id='word_1_309' title='bbox 1000 631 1150 668; x_wconf 81' lang='grc' dir='ltr'>πλασθῆναι</span> <span class='ocrx_word' id='word_1_310' title='bbox 1165 633 1212 659; x_wconf 75' lang='grc' dir='ltr'>καὶ</span> <span class='ocrx_word' id='word_1_311' title='bbox 1225 632 1450 668; x_wconf 80' lang='grc' dir='ltr'>ἀναγεννηθῆναι,</span> <span class='ocrx_word' id='word_1_312' title='bbox 1465 632 1504 664; x_wconf 87' lang='grc' dir='ltr'>ὡς</span> <span class='ocrx_word' id='word_1_313' title='bbox 1518 632 1592 668; x_wconf 86' lang='grc' dir='ltr'>δηλοῖ</span> <span class='ocrx_word' id='word_1_314' title='bbox 1604 632 1714 668; x_wconf 74' lang='grc' dir='ltr'>ἑφεξῆς.</span> 
     </span>
    </p>
   </div>
   <div class='ocr_carea' id='block_1_58' title="bbox 1042 677 1780 714">
    <p class='ocr_par' dir='ltr' id='par_1_58' title="bbox 1042 677 1780 714">
     <span class='ocr_line' id='line_1_58' title="bbox 1042 677 1780 714; baseline 0 -10"><span class='ocrx_word' id='word_1_315' title='bbox 1042 677 1179 712; x_wconf 81' lang='grc' dir='ltr'>Ὑπάρεαι</span> <span class='ocrx_word' id='word_1_316' title='bbox 1205 678 1258 706; x_wconf 76' lang='grc' dir='ltr'>δεῖ.</span> <span class='ocrx_word' id='word_1_317' title='bbox 1290 679 1350 706; x_wconf 88' lang='grc' dir='ltr'>’Ότι</span> <span class='ocrx_word' id='word_1_318' title='bbox 1377 678 1519 705; x_wconf 71' lang='grc' dir='ltr'>ἀκολουθεῖ</span> <span class='ocrx_word' id='word_1_319' title='bbox 1544 679 1577 714; x_wconf 78' lang='grc' dir='ltr'>τῇ</span> <span class='ocrx_word' id='word_1_320' title='bbox 1605 677 1676 705; x_wconf 81' lang='grc' dir='ltr'>κατὰ</span> <span class='ocrx_word' id='word_1_321' title='bbox 1702 678 1780 712; x_wconf 83' lang='grc' dir='ltr'>φύσιν</span> 
     </span>
    </p>
   </div>
   <div class='ocr_carea' id='block_1_59' title="bbox 1000 723 1484 760">
    <p class='ocr_par' dir='ltr' id='par_1_59' title="bbox 1000 723 1484 760">
     <span class='ocr_line' id='line_1_59' title="bbox 1000 723 1484 760; baseline -0.002 -9"><span class='ocrx_word' id='word_1_322' title='bbox 1000 723 1124 760; x_wconf 76' lang='grc' dir='ltr'>ὑπάρξει,</span> <span class='ocrx_word' id='word_1_323' title='bbox 1141 723 1172 750; x_wconf 76' lang='grc' dir='ltr'>τδ</span> <span class='ocrx_word' id='word_1_324' title='bbox 1182 724 1243 750; x_wconf 86' lang='grc' dir='ltr'>κατ’</span> <span class='ocrx_word' id='word_1_325' title='bbox 1256 724 1340 759; x_wconf 78' lang='grc' dir='ltr'>αὐτὴν</span> <span class='ocrx_word' id='word_1_326' title='bbox 1355 725 1484 759; x_wconf 78' lang='grc' dir='ltr'><strong>ἐνεργεῖν.</strong></span> 
     </span>
    </p>
   </div>
   <div class='ocr_carea' id='block_1_60' title="bbox 1034 811 1658 848">
    <p class='ocr_par' dir='ltr' id='par_1_60' title="bbox 1034 811 1658 848">
     <span class='ocr_line' id='line_1_60' title="bbox 1034 811 1658 848; baseline 0 -8"><span class='ocrx_word' id='word_1_327' title='bbox 1034 814 1236 848; x_wconf 61' lang='lat' dir='ltr'><strong>Georgo-solae.</strong></span> <span class='ocrx_word' id='word_1_328' title='bbox 1255 813 1384 841; x_wconf 83' lang='grc' dir='ltr'>Τουτέστι</span> <span class='ocrx_word' id='word_1_329' title='bbox 1399 812 1447 840; x_wconf 81' lang='grc' dir='ltr'>τοῦ</span> <span class='ocrx_word' id='word_1_330' title='bbox 1465 811 1658 848; x_wconf 77' lang='grc' dir='ltr'><strong>βαπτίσματος.</strong></span> 
     </span>
    </p>
   </div>
   <div class='ocr_carea' id='block_1_61' title="bbox 1038 859 1779 896">
    <p class='ocr_par' dir='ltr' id='par_1_61' title="bbox 1038 859 1779 896">
     <span class='ocr_line' id='line_1_61' title="bbox 1038 859 1779 896; baseline -0.003 -8"><span class='ocrx_word' id='word_1_331' title='bbox 1038 860 1261 894; x_wconf 77' lang='grc' dir='ltr'>Ἠλιοτεύκτοις.</span> <span class='ocrx_word' id='word_1_332' title='bbox 1277 860 1343 892; x_wconf 80' lang='grc' dir='ltr'>Ταῖς</span> <span class='ocrx_word' id='word_1_333' title='bbox 1357 860 1454 895; x_wconf 82' lang='grc' dir='ltr'><strong>αὐγαῖς</strong></span> <span class='ocrx_word' id='word_1_334' title='bbox 1468 860 1501 892; x_wconf 80' lang='grc' dir='ltr'>ἃς</span> <span class='ocrx_word' id='word_1_335' title='bbox 1518 861 1532 887; x_wconf 81' lang='grc' dir='ltr'><strong>ὁ</strong></span> <span class='ocrx_word' id='word_1_336' title='bbox 1546 860 1621 896; x_wconf 82' lang='grc' dir='ltr'>ἥλιος</span> <span class='ocrx_word' id='word_1_337' title='bbox 1634 860 1657 878; x_wconf 75' lang='grc'><strong>’⁷</strong></span> <span class='ocrx_word' id='word_1_338' title='bbox 1672 859 1761 895; x_wconf 79' lang='grc' dir='ltr'>τεύχει</span> <span class='ocrx_word' id='word_1_339' title='bbox 1773 867 1779 874; x_wconf 90' lang='grc'><strong>·</strong></span> 
     </span>
    </p>
   </div>
   <div class='ocr_carea' id='block_1_62' title="bbox 963 902 1308 941">
    <p class='ocr_par' dir='ltr' id='par_1_62' title="bbox 963 902 1308 941">
     <span class='ocr_line' id='line_1_62' title="bbox 963 902 1308 941; baseline 0.006 -11"><span class='ocrx_word' id='word_1_340' title='bbox 963 902 986 930; x_wconf 82' lang='grc' dir='ltr'><strong><em>Β</em></strong></span> <span class='ocrx_word' id='word_1_341' title='bbox 998 904 1113 941; x_wconf 54' lang='lat' dir='ltr'><strong>sutores</strong></span> <span class='ocrx_word' id='word_1_342' title='bbox 1125 905 1175 937; x_wconf 82' lang='grc' dir='ltr'><strong>τὰς</strong></span> <span class='ocrx_word' id='word_1_343' title='bbox 1188 906 1308 937; x_wconf 82' lang='grc' dir='ltr'>ἀκτῖνας.</span> 
     </span>
    </p>
   </div>
   <div class='ocr_carea' id='block_1_63' title="bbox 1033 950 1781 987">
    <p class='ocr_par' dir='ltr' id='par_1_63' title="bbox 1033 950 1781 987">
     <span class='ocr_line' id='line_1_63' title="bbox 1033 950 1781 987; baseline -0.003 -9"><span class='ocrx_word' id='word_1_344' title='bbox 1033 950 1099 987; x_wconf 68' lang='grc' dir='ltr'>ςιι.</span> <span class='ocrx_word' id='word_1_345' title='bbox 1123 951 1255 986; x_wconf 72' lang='grc' dir='ltr'><em>Τὸνμὲν</em></span> <span class='ocrx_word' id='word_1_346' title='bbox 1275 951 1375 982; x_wconf 75' lang='grc' dir='ltr'><strong>Ὀζῗαν.</strong></span> <span class='ocrx_word' id='word_1_347' title='bbox 1403 951 1558 987; x_wconf 79' lang='grc' dir='ltr'>Σημεῖωσαι</span> <span class='ocrx_word' id='word_1_348' title='bbox 1582 950 1618 978; x_wconf 81' lang='grc' dir='ltr'>τὰ</span> <span class='ocrx_word' id='word_1_349' title='bbox 1642 950 1711 978; x_wconf 79' lang='grc' dir='ltr'>κατὰ</span> <span class='ocrx_word' id='word_1_350' title='bbox 1737 950 1781 976; x_wconf 72' lang='grc' dir='ltr'>τὸν</span> 
     </span>
    </p>
   </div>
   <div class='ocr_carea' id='block_1_64' title="bbox 1004 994 1562 1032">
    <p class='ocr_par' dir='ltr' id='par_1_64' title="bbox 1004 994 1562 1032">
     <span class='ocr_line' id='line_1_64' title="bbox 1004 994 1562 1032; baseline -0.002 -8"><span class='ocrx_word' id='word_1_351' title='bbox 1004 994 1110 1030; x_wconf 76' lang='grc' dir='ltr'>Ὀζίαν,</span> <span class='ocrx_word' id='word_1_352' title='bbox 1123 996 1171 1023; x_wconf 75' lang='grc' dir='ltr'>καὶ</span> <span class='ocrx_word' id='word_1_353' title='bbox 1183 996 1230 1024; x_wconf 83' lang='grc' dir='ltr'>τὸν</span> <span class='ocrx_word' id='word_1_354' title='bbox 1243 996 1326 1032; x_wconf 81' lang='grc' dir='ltr'>Κορὲ,</span> <span class='ocrx_word' id='word_1_355' title='bbox 1342 997 1388 1024; x_wconf 75' lang='grc' dir='ltr'>καὶ</span> <span class='ocrx_word' id='word_1_356' title='bbox 1400 996 1446 1023; x_wconf 78' lang='grc' dir='ltr'><strong>τὸν</strong></span> <span class='ocrx_word' id='word_1_357' title='bbox 1460 996 1562 1023; x_wconf 61' lang='lat' dir='ltr'><strong>Nix/5&amp;6.</strong></span> 
     </span>
    </p>
   </div>
   <div class='ocr_carea' id='block_1_65' title="bbox 1031 1041 1582 1078">
    <p class='ocr_par' dir='ltr' id='par_1_65' title="bbox 1031 1041 1582 1078">
     <span class='ocr_line' id='line_1_65' title="bbox 1031 1041 1582 1078; baseline 0 -9"><span class='ocrx_word' id='word_1_358' title='bbox 1031 1042 1205 1078; x_wconf 73' lang='grc' dir='ltr'><strong>Εὐαγγέλια.</strong></span> <span class='ocrx_word' id='word_1_359' title='bbox 1221 1043 1288 1070; x_wconf 84' lang='grc' dir='ltr'>Τίνα</span> <span class='ocrx_word' id='word_1_360' title='bbox 1304 1042 1451 1077; x_wconf 85' lang='grc' dir='ltr'>εὐαγγέλια</span> <span class='ocrx_word' id='word_1_361' title='bbox 1465 1041 1582 1078; x_wconf 84' lang='grc' dir='ltr'>ἀληθῶς.</span> 
     </span>
    </p>
   </div>
   <div class='ocr_carea' id='block_1_66' title="bbox 1032 1088 1782 1125">
    <p class='ocr_par' dir='ltr' id='par_1_66' title="bbox 1032 1088 1782 1125">
     <span class='ocr_line' id='line_1_66' title="bbox 1032 1088 1782 1125; baseline 0 -9"><span class='ocrx_word' id='word_1_362' title='bbox 1032 1089 1267 1123; x_wconf 70' lang='grc' dir='ltr'>Φιλανθρωπίαν.</span> <span class='ocrx_word' id='word_1_363' title='bbox 1279 1089 1434 1125; x_wconf 86' lang='grc' dir='ltr'>Σημειωσαι</span> <span class='ocrx_word' id='word_1_364' title='bbox 1447 1089 1512 1124; x_wconf 74' lang='grc' dir='ltr'>περὶ</span> <span class='ocrx_word' id='word_1_365' title='bbox 1523 1089 1572 1125; x_wconf 84' lang='grc' dir='ltr'><strong>τῆς</strong></span> <span class='ocrx_word' id='word_1_366' title='bbox 1584 1088 1746 1125; x_wconf 75' lang='grc' dir='ltr'>οἰκονομίας.</span> <span class='ocrx_word' id='word_1_367' title='bbox 1780 1099 1782 1102; x_wconf 94' lang='grc'><strong>·</strong></span> 
     </span>
    </p>
   </div>
   <div class='ocr_carea' id='block_1_67' title="bbox 1039 1189 1781 1226">
    <p class='ocr_par' dir='ltr' id='par_1_67' title="bbox 1039 1189 1781 1226">
     <span class='ocr_line' id='line_1_67' title="bbox 1039 1189 1781 1226; baseline 0.001 -10"><span class='ocrx_word' id='word_1_368' title='bbox 1039 1189 1238 1225; x_wconf 65' lang='grc' dir='ltr'>Ἀφομοιῶσαι.</span> <span class='ocrx_word' id='word_1_369' title='bbox 1252 1189 1302 1217; x_wconf 81' lang='grc' dir='ltr'><strong>Διὰ</strong></span> <span class='ocrx_word' id='word_1_370' title='bbox 1316 1190 1367 1225; x_wconf 80' lang='grc' dir='ltr'><strong>τῆς</strong></span> <span class='ocrx_word' id='word_1_371' title='bbox 1382 1189 1499 1222; x_wconf 79' lang='grc' dir='ltr'>πίστεως</span> <span class='ocrx_word' id='word_1_372' title='bbox 1514 1189 1651 1226; x_wconf 83' lang='grc' dir='ltr'>δηλονότι,</span> <span class='ocrx_word' id='word_1_373' title='bbox 1665 1189 1703 1222; x_wconf 85' lang='grc' dir='ltr'><strong>ὡς</strong></span> <span class='ocrx_word' id='word_1_374' title='bbox 1718 1191 1781 1225; x_wconf 69' lang='grc' dir='ltr'><strong>ἐφετ</strong></span> 
     </span>
    </p>
   </div>
   <div class='ocr_carea' id='block_1_68' title="bbox 998 1235 1168 1272">
    <p class='ocr_par' dir='ltr' id='par_1_68' title="bbox 998 1235 1168 1272">
     <span class='ocr_line' id='line_1_68' title="bbox 998 1235 1168 1272; baseline 0.024 -4"><span class='ocrx_word' id='word_1_375' title='bbox 998 1235 1046 1272; x_wconf 80' lang='grc' dir='ltr'>ξῆς</span> <span class='ocrx_word' id='word_1_376' title='bbox 1059 1236 1168 1272; x_wconf 64' lang='lat' dir='ltr'><strong>[571W]-</strong></span> 
     </span>
    </p>
   </div>
   <div class='ocr_carea' id='block_1_69' title="bbox 1032 1281 1782 1318">
    <p class='ocr_par' dir='ltr' id='par_1_69' title="bbox 1032 1281 1782 1318">
     <span class='ocr_line' id='line_1_69' title="bbox 1032 1281 1782 1318; baseline 0 -10"><span class='ocrx_word' id='word_1_377' title='bbox 1032 1281 1074 1318; x_wconf 89' lang='grc' dir='ltr'><strong>[α]</strong></span> <span class='ocrx_word' id='word_1_378' title='bbox 1101 1281 1127 1308; x_wconf 91' lang='lat'><strong><em>&#39;0</em></strong></span> <span class='ocrx_word' id='word_1_379' title='bbox 1147 1281 1260 1308; x_wconf 77' lang='grc' dir='ltr'>τούτων</span> <span class='ocrx_word' id='word_1_380' title='bbox 1282 1281 1451 1316; x_wconf 78' lang='grc' dir='ltr'>ἀγαπήσας.</span> <span class='ocrx_word' id='word_1_381' title='bbox 1476 1281 1528 1309; x_wconf 83' lang='grc' dir='ltr'><strong>Τὸν</strong></span> <span class='ocrx_word' id='word_1_382' title='bbox 1553 1282 1650 1313; x_wconf 76' lang='grc' dir='ltr'>νεωστὶ</span> <span class='ocrx_word' id='word_1_383' title='bbox 1672 1282 1782 1313; x_wconf 78' lang='grc' dir='ltr'>πιστεύο</span> 
     </span>
    </p>
   </div>
   <div class='ocr_carea' id='block_1_70' title="bbox 997 1326 1781 1367">
    <p class='ocr_par' dir='ltr' id='par_1_70' title="bbox 997 1326 1781 1367">
     <span class='ocr_line' id='line_1_70' title="bbox 997 1326 1781 1367; baseline 0 -14"><span class='ocrx_word' id='word_1_384' title='bbox 997 1335 1079 1354; x_wconf 80' lang='grc' dir='ltr'>σαντα</span> <span class='ocrx_word' id='word_1_385' title='bbox 1091 1327 1139 1354; x_wconf 82' lang='grc' dir='ltr'>καὶ</span> <span class='ocrx_word' id='word_1_386' title='bbox 1150 1326 1258 1354; x_wconf 83' lang='grc' dir='ltr'>θέλοντα</span> <span class='ocrx_word' id='word_1_387' title='bbox 1274 1326 1440 1362; x_wconf 77' lang='grc' dir='ltr'>φωτισθῆναι</span> <span class='ocrx_word' id='word_1_388' title='bbox 1461 1334 1536 1362; x_wconf 78' lang='grc' dir='ltr'>φησι·</span> <span class='ocrx_word' id='word_1_389' title='bbox 1555 1326 1725 1367; x_wconf 74' lang='grc' dir='ltr'>μεμυημένον</span> <span class='ocrx_word' id='word_1_390' title='bbox 1741 1326 1781 1360; x_wconf 79' lang='grc' dir='ltr'><strong>δὲ,</strong></span> 
     </span>
    </p>
   </div>
   <div class='ocr_carea' id='block_1_71' title="bbox 995 1371 1590 1407">
    <p class='ocr_par' dir='ltr' id='par_1_71' title="bbox 995 1371 1590 1407">
     <span class='ocr_line' id='line_1_71' title="bbox 995 1371 1590 1407; baseline 0 -10"><span class='ocrx_word' id='word_1_391' title='bbox 995 1371 1117 1398; x_wconf 76' lang='grc' dir='ltr'><strong>τουτέστι</strong></span> <span class='ocrx_word' id='word_1_392' title='bbox 1128 1371 1298 1407; x_wconf 72' lang='grc' dir='ltr'>Χριστιανὸν,</span> <span class='ocrx_word' id='word_1_393' title='bbox 1307 1373 1354 1399; x_wconf 80' lang='grc' dir='ltr'>καὶ</span> <span class='ocrx_word' id='word_1_394' title='bbox 1366 1371 1475 1403; x_wconf 76' lang='grc' dir='ltr'><strong>τελείως</strong></span> <span class='ocrx_word' id='word_1_395' title='bbox 1485 1371 1590 1398; x_wconf 81' lang='grc' dir='ltr'>πιστόν.</span> 
     </span>
    </p>
   </div>
   <div class='ocr_carea' id='block_1_72' title="bbox 1031 1417 1779 1454">
    <p class='ocr_par' dir='ltr' id='par_1_72' title="bbox 1031 1417 1779 1454">
     <span class='ocr_line' id='line_1_72' title="bbox 1031 1417 1779 1454; baseline 0.003 -9"><span class='ocrx_word' id='word_1_396' title='bbox 1031 1417 1073 1454; x_wconf 87' lang='grc' dir='ltr'><strong>[β]</strong></span> <span class='ocrx_word' id='word_1_397' title='bbox 1097 1418 1193 1451; x_wconf 78' lang='grc' dir='ltr'><strong>Αὐτὸς</strong></span> <span class='ocrx_word' id='word_1_398' title='bbox 1214 1418 1249 1445; x_wconf 79' lang='grc' dir='ltr'><strong><em>δὲ</em></strong></span> <span class='ocrx_word' id='word_1_399' title='bbox 1277 1418 1394 1452; x_wconf 71' lang='grc' dir='ltr'>ὑλικῶς.</span> <span class='ocrx_word' id='word_1_400' title='bbox 1417 1418 1485 1454; x_wconf 79' lang='grc' dir='ltr'><strong>Περὶ</strong></span> <span class='ocrx_word' id='word_1_401' title='bbox 1505 1418 1551 1445; x_wconf 86' lang='grc' dir='ltr'>τοῦ</span> <span class='ocrx_word' id='word_1_402' title='bbox 1565 1419 1624 1446; x_wconf 78' lang='grc' dir='ltr'>νυνὶ</span> <span class='ocrx_word' id='word_1_403' title='bbox 1635 1418 1779 1454; x_wconf 83' lang='grc' dir='ltr'>λεγομένου</span> 
     </span>
    </p>
   </div>
   <div class='ocr_carea' id='block_1_73' title="bbox 994 1463 1400 1500">
    <p class='ocr_par' dir='ltr' id='par_1_73' title="bbox 994 1463 1400 1500">
     <span class='ocr_line' id='line_1_73' title="bbox 994 1463 1400 1500; baseline 0.002 -10"><span class='ocrx_word' id='word_1_404' title='bbox 994 1463 1123 1500; x_wconf 82' lang='grc' dir='ltr'>ἀναδόχου</span> <span class='ocrx_word' id='word_1_405' title='bbox 1135 1463 1189 1491; x_wconf 84' lang='grc' dir='ltr'><strong>τῶν</strong></span> <span class='ocrx_word' id='word_1_406' title='bbox 1204 1464 1400 1500; x_wconf 76' lang='grc' dir='ltr'>νεοφωτιστων.</span> 
     </span>
    </p>
   </div>
   <div class='ocr_carea' id='block_1_74' title="bbox 1030 1508 1781 1547">
    <p class='ocr_par' dir='ltr' id='par_1_74' title="bbox 1030 1508 1781 1547">
     <span class='ocr_line' id='line_1_74' title="bbox 1030 1508 1781 1547; baseline 0.003 -11"><span class='ocrx_word' id='word_1_407' title='bbox 1030 1508 1072 1546; x_wconf 88' lang='grc' dir='ltr'><strong>[γ]</strong></span> <span class='ocrx_word' id='word_1_408' title='bbox 1099 1510 1380 1544; x_wconf 73' lang='grc' dir='ltr'>Ἐπακολουθήσειν.</span> <span class='ocrx_word' id='word_1_409' title='bbox 1394 1509 1473 1537; x_wconf 81' lang='grc' dir='ltr'>Κατὰ</span> <span class='ocrx_word' id='word_1_410' title='bbox 1492 1510 1523 1538; x_wconf 80' lang='grc' dir='ltr'>τὸ</span> <span class='ocrx_word' id='word_1_411' title='bbox 1537 1510 1679 1546; x_wconf 80' lang='grc' dir='ltr'>εἰρημένον</span> <span class='ocrx_word' id='word_1_412' title='bbox 1700 1511 1729 1538; x_wconf 79' lang='grc' dir='ltr'>ὲν</span> <span class='ocrx_word' id='word_1_413' title='bbox 1742 1511 1781 1547; x_wconf 71' lang='grc' dir='ltr'>τῷ</span> 
     </span>
    </p>
   </div>
   <div class='ocr_carea' id='block_1_75' title="bbox 994 1554 1761 1593">
    <p class='ocr_par' dir='ltr' id='par_1_75' title="bbox 994 1554 1761 1593">
     <span class='ocr_line' id='line_1_75' title="bbox 994 1554 1761 1593; baseline 0.001 -11"><span class='ocrx_word' id='word_1_414' title='bbox 994 1554 1068 1591; x_wconf 86' lang='grc' dir='ltr'>νόμῳ</span> <span class='ocrx_word' id='word_1_415' title='bbox 1079 1564 1086 1572; x_wconf 87' lang='grc'>·</span> <span class='ocrx_word' id='word_1_416' title='bbox 1102 1555 1180 1583; x_wconf 79' lang='grc' dir='ltr'>Κατὰ</span> <span class='ocrx_word' id='word_1_417' title='bbox 1194 1556 1283 1583; x_wconf 84' lang='grc' dir='ltr'>πάντα</span> <span class='ocrx_word' id='word_1_418' title='bbox 1296 1555 1467 1592; x_wconf 82' lang='grc' dir='ltr'><strong>ἀκουσόμεθα</strong></span> <span class='ocrx_word' id='word_1_419' title='bbox 1481 1556 1530 1592; x_wconf 86' lang='grc' dir='ltr'><strong>τῆς</strong></span> <span class='ocrx_word' id='word_1_420' title='bbox 1545 1557 1637 1592; x_wconf 82' lang='grc' dir='ltr'>φωνῆς</span> <span class='ocrx_word' id='word_1_421' title='bbox 1649 1557 1761 1593; x_wconf 71' lang='grc' dir='ltr'>Κυρίου.</span> 
     </span>
    </p>
   </div>
   <div class='ocr_carea' id='block_1_76' title="bbox 1030 1600 1777 1638">
    <p class='ocr_par' dir='ltr' id='par_1_76' title="bbox 1030 1600 1777 1638">
     <span class='ocr_line' id='line_1_76' title="bbox 1030 1600 1777 1638; baseline 0.003 -10"><span class='ocrx_word' id='word_1_422' title='bbox 1030 1600 1066 1637; x_wconf 90' lang='grc' dir='ltr'><strong>[δ]</strong></span> <span class='ocrx_word' id='word_1_423' title='bbox 1094 1601 1313 1634; x_wconf 82' lang='grc' dir='ltr'>Ἁναδέξασθαι.</span> <span class='ocrx_word' id='word_1_424' title='bbox 1343 1601 1394 1629; x_wconf 79' lang='grc' dir='ltr'><strong>Τὸν</strong></span> <span class='ocrx_word' id='word_1_425' title='bbox 1417 1602 1562 1638; x_wconf 77' lang='grc' dir='ltr'>αἰτηθέντα</span> <span class='ocrx_word' id='word_1_426' title='bbox 1591 1602 1777 1635; x_wconf 80' lang='grc' dir='ltr'>ἀναδέξασθαι·</span> 
     </span>
    </p>
   </div>
   <div class='ocr_carea' id='block_1_77' title="bbox 993 1646 1389 1684">
    <p class='ocr_par' dir='ltr' id='par_1_77' title="bbox 993 1646 1389 1684">
     <span class='ocr_line' id='line_1_77' title="bbox 993 1646 1389 1684; baseline 0.005 -10"><span class='ocrx_word' id='word_1_427' title='bbox 993 1646 1054 1674; x_wconf 81' lang='grc' dir='ltr'>ὅθεν</span> <span class='ocrx_word' id='word_1_428' title='bbox 1071 1647 1117 1675; x_wconf 80' lang='grc' dir='ltr'>καὶ</span> <span class='ocrx_word' id='word_1_429' title='bbox 1131 1648 1260 1684; x_wconf 83' lang='grc' dir='ltr'>ἀνάδοχος</span> <span class='ocrx_word' id='word_1_430' title='bbox 1272 1648 1389 1683; x_wconf 85' lang='grc' dir='ltr'>λέγεται.</span> 
     </span>
    </p>
   </div>
   <div class='ocr_carea' id='block_1_78' title="bbox 1035 1692 1657 1731">
    <p class='ocr_par' dir='ltr' id='par_1_78' title="bbox 1035 1692 1657 1731">
     <span class='ocr_line' id='line_1_78' title="bbox 1035 1692 1657 1731; baseline 0.005 -12"><span class='ocrx_word' id='word_1_431' title='bbox 1035 1692 1192 1728; x_wconf 80' lang='grc' dir='ltr'>Ἰεραρχιας</span> <span class='ocrx_word' id='word_1_432' title='bbox 1205 1693 1372 1728; x_wconf 77' lang='grc' dir='ltr'>ἐπώνυμον.</span> <span class='ocrx_word' id='word_1_433' title='bbox 1393 1694 1533 1730; x_wconf 86' lang='grc' dir='ltr'>Ἱεράρχην</span> <span class='ocrx_word' id='word_1_434' title='bbox 1549 1695 1657 1731; x_wconf 85' lang='grc' dir='ltr'><strong>δηλαδή.</strong></span> 
     </span>
    </p>
   </div>
   <div class='ocr_carea' id='block_1_79' title="bbox 994 1737 1779 1775">
    <p class='ocr_par' dir='ltr' id='par_1_79' title="bbox 994 1737 1779 1775">
     <span class='ocr_line' id='line_1_79' title="bbox 994 1737 1779 1775; baseline 0.004 -10"><span class='ocrx_word' id='word_1_435' title='bbox 994 1739 1003 1752; x_wconf 83' lang='grc'><em>’</em></span> <span class='ocrx_word' id='word_1_436' title='bbox 1028 1737 1102 1774; x_wconf 81' lang='lat' dir='ltr'><strong>§lll.</strong></span> <span class='ocrx_word' id='word_1_437' title='bbox 1120 1738 1157 1775; x_wconf 87' lang='grc' dir='ltr'><strong>[ε]</strong></span> <span class='ocrx_word' id='word_1_438' title='bbox 1182 1739 1393 1774; x_wconf 23' lang='grc' dir='ltr'><strong>Τοῖνλάνδροῖν.</strong></span> <span class='ocrx_word' id='word_1_439' title='bbox 1411 1740 1470 1767; x_wconf 88' lang='grc' dir='ltr'><strong>Ὅτι</strong></span> <span class='ocrx_word' id='word_1_440' title='bbox 1493 1739 1562 1767; x_wconf 80' lang='grc' dir='ltr'>οὕτω</span> <span class='ocrx_word' id='word_1_441' title='bbox 1585 1740 1626 1767; x_wconf 84' lang='grc' dir='ltr'>δεῖ</span> <span class='ocrx_word' id='word_1_442' title='bbox 1646 1740 1779 1768; x_wconf 79' lang='grc' dir='ltr'>συνθεῖναι</span> 
     </span>
    </p>
   </div>
   <div class='ocr_carea' id='block_1_80' title="bbox 992 1784 1781 1822">
    <p class='ocr_par' dir='ltr' id='par_1_80' title="bbox 992 1784 1781 1822">
     <span class='ocr_line' id='line_1_80' title="bbox 992 1784 1781 1822; baseline 0.004 -11"><span class='ocrx_word' id='word_1_443' title='bbox 992 1784 1042 1821; x_wconf 83' lang='grc' dir='ltr'><strong>τὴν</strong></span> <span class='ocrx_word' id='word_1_444' title='bbox 1058 1784 1146 1820; x_wconf 79' lang='grc' dir='ltr'>ῥῆσιν·</span> <span class='ocrx_word' id='word_1_445' title='bbox 1163 1785 1226 1812; x_wconf 87' lang='grc' dir='ltr'>Τοῖν</span> <span class='ocrx_word' id='word_1_446' title='bbox 1244 1785 1360 1822; x_wconf 82' lang='grc' dir='ltr'>ἀνδροῖν,</span> <span class='ocrx_word' id='word_1_447' title='bbox 1375 1785 1412 1817; x_wconf 81' lang='grc' dir='ltr'>ὡς</span> <span class='ocrx_word' id='word_1_448' title='bbox 1434 1786 1476 1812; x_wconf 80' lang='grc' dir='ltr'><strong>ἐπ’</strong></span> <span class='ocrx_word' id='word_1_449' title='bbox 1498 1784 1579 1820; x_wconf 77' lang='grc' dir='ltr'>ὤμων</span> <span class='ocrx_word' id='word_1_450' title='bbox 1601 1786 1632 1813; x_wconf 83' lang='grc' dir='ltr'>τὸ</span> <span class='ocrx_word' id='word_1_451' title='bbox 1645 1786 1781 1822; x_wconf 66' lang='grc' dir='ltr'>πρόϐατον</span> 
     </span>
    </p>
   </div>
   <div class='ocr_carea' id='block_1_81' title="bbox 993 1830 1780 1868">
    <p class='ocr_par' dir='ltr' id='par_1_81' title="bbox 993 1830 1780 1868">
     <span class='ocr_line' id='line_1_81' title="bbox 993 1830 1780 1868; baseline 0.004 -11"><span class='ocrx_word' id='word_1_452' title='bbox 993 1831 1197 1867; x_wconf 78' lang='grc' dir='ltr'>εἰσ-δεξάμενος,</span> <span class='ocrx_word' id='word_1_453' title='bbox 1219 1832 1262 1858; x_wconf 83' lang='grc' dir='ltr'>ἶνα</span> <span class='ocrx_word' id='word_1_454' title='bbox 1313 1833 1345 1858; x_wconf 80' lang='grc' dir='ltr'>ἐκ</span> <span class='ocrx_word' id='word_1_455' title='bbox 1358 1832 1411 1858; x_wconf 84' lang='grc' dir='ltr'>τῶν</span> <span class='ocrx_word' id='word_1_456' title='bbox 1425 1831 1471 1858; x_wconf 86' lang='grc' dir='ltr'><strong>δύο</strong></span> <span class='ocrx_word' id='word_1_457' title='bbox 1484 1831 1598 1868; x_wconf 70' lang='grc' dir='ltr'>ἀνδρῶν,</span> <span class='ocrx_word' id='word_1_458' title='bbox 1611 1832 1658 1859; x_wconf 82' lang='grc' dir='ltr'>τοῦ</span> <span class='ocrx_word' id='word_1_459' title='bbox 1673 1841 1702 1859; x_wconf 91' lang='grc' dir='ltr'>τε</span> <span class='ocrx_word' id='word_1_460' title='bbox 1715 1833 1780 1860; x_wconf 84' lang='grc' dir='ltr'>ἀνα-</span> 
     </span>
    </p>
   </div>
   <div class='ocr_carea' id='block_1_82' title="bbox 993 1877 1778 1915">
    <p class='ocr_par' dir='ltr' id='par_1_82' title="bbox 993 1877 1778 1915">
     <span class='ocr_line' id='line_1_82' title="bbox 993 1877 1778 1915; baseline 0.003 -11"><span class='ocrx_word' id='word_1_461' title='bbox 993 1877 1070 1913; x_wconf 80' lang='grc' dir='ltr'>δόχου</span> <span class='ocrx_word' id='word_1_462' title='bbox 1093 1878 1164 1913; x_wconf 76' lang='grc' dir='ltr'>φημὶ</span> <span class='ocrx_word' id='word_1_463' title='bbox 1186 1877 1234 1904; x_wconf 74' lang='grc' dir='ltr'>καὶ</span> <span class='ocrx_word' id='word_1_464' title='bbox 1247 1877 1294 1905; x_wconf 84' lang='grc' dir='ltr'>τοῦ</span> <span class='ocrx_word' id='word_1_465' title='bbox 1316 1877 1519 1914; x_wconf 81' lang='grc' dir='ltr'>προσελθόντος,</span> <span class='ocrx_word' id='word_1_466' title='bbox 1540 1878 1604 1904; x_wconf 75' lang='grc' dir='ltr'>εἴσω</span> <span class='ocrx_word' id='word_1_467' title='bbox 1615 1879 1665 1913; x_wconf 81' lang='grc' dir='ltr'><strong>τῆς</strong></span> <span class='ocrx_word' id='word_1_468' title='bbox 1679 1879 1778 1915; x_wconf 78' lang='grc' dir='ltr'>ἐκκλη-</span> 
     </span>
    </p>
   </div>
   <div class='ocr_carea' id='block_1_83' title="bbox 994 1914 1776 1958">
    <p class='ocr_par' dir='ltr' id='par_1_83' title="bbox 994 1914 1776 1958">
     <span class='ocr_line' id='line_1_83' title="bbox 994 1914 1776 1958; baseline 0.001 -9"><span class='ocrx_word' id='word_1_469' title='bbox 994 1914 1063 1955; x_wconf 79' lang='grc' dir='ltr'>σίας,</span> <span class='ocrx_word' id='word_1_470' title='bbox 1086 1922 1232 1958; x_wconf 83' lang='grc' dir='ltr'>δεξάμενος</span> <span class='ocrx_word' id='word_1_471' title='bbox 1255 1922 1340 1958; x_wconf 81' lang='grc' dir='ltr'>αὐτὴν</span> <span class='ocrx_word' id='word_1_472' title='bbox 1364 1923 1387 1938; x_wconf 78' lang='grc'><strong>⁸⁸</strong></span> <span class='ocrx_word' id='word_1_473' title='bbox 1414 1922 1452 1954; x_wconf 84' lang='grc' dir='ltr'>ὼς</span> <span class='ocrx_word' id='word_1_474' title='bbox 1475 1922 1609 1958; x_wconf 78' lang='grc' dir='ltr'>πρόϐατον</span> <span class='ocrx_word' id='word_1_475' title='bbox 1630 1914 1776 1956; x_wconf 81' lang='grc' dir='ltr'>ἀπολωλός·</span> 
     </span>
    </p>
   </div>
   <div class='ocr_carea' id='block_1_84' title="bbox 993 1967 1779 2006">
    <p class='ocr_par' dir='ltr' id='par_1_84' title="bbox 993 1967 1779 2006">
     <span class='ocr_line' id='line_1_84' title="bbox 993 1967 1779 2006; baseline 0.001 -11"><span class='ocrx_word' id='word_1_476' title='bbox 993 1967 1075 1996; x_wconf 77' lang='grc' dir='ltr'>αὑτοῦ</span> <span class='ocrx_word' id='word_1_477' title='bbox 1098 1968 1192 1996; x_wconf 81' lang='grc' dir='ltr'>τοῦτον</span> <span class='ocrx_word' id='word_1_478' title='bbox 1214 1970 1246 1996; x_wconf 82' lang='grc' dir='ltr'>ὲκ</span> <span class='ocrx_word' id='word_1_479' title='bbox 1271 1968 1372 2004; x_wconf 82' lang='grc' dir='ltr'>πλάνης</span> <span class='ocrx_word' id='word_1_480' title='bbox 1398 1968 1606 2004; x_wconf 74' lang='grc' dir='ltr'>ἐπιστρέφοντος</span> <span class='ocrx_word' id='word_1_481' title='bbox 1625 1969 1658 1985; x_wconf 78' lang='grc'><strong>⁸³·</strong></span> <span class='ocrx_word' id='word_1_482' title='bbox 1687 1971 1700 1996; x_wconf 80' lang='grc' dir='ltr'><strong>ό</strong></span> <span class='ocrx_word' id='word_1_483' title='bbox 1724 1970 1779 2006; x_wconf 82' lang='grc' dir='ltr'><strong>γάρ</strong></span> 
     </span>
    </p>
   </div>
   <div class='ocr_carea' id='block_1_85' title="bbox 992 2012 1778 2050">
    <p class='ocr_par' dir='ltr' id='par_1_85' title="bbox 992 2012 1778 2050">
     <span class='ocr_line' id='line_1_85' title="bbox 992 2012 1778 2050; baseline 0 -8"><span class='ocrx_word' id='word_1_484' title='bbox 992 2014 1120 2050; x_wconf 78' lang='grc' dir='ltr'>ἀνάδοχος</span> <span class='ocrx_word' id='word_1_485' title='bbox 1135 2014 1230 2046; x_wconf 79' lang='grc' dir='ltr'>πιστὸς</span> <span class='ocrx_word' id='word_1_486' title='bbox 1244 2012 1288 2050; x_wconf 75' lang='grc' dir='ltr'>ἦν,</span> <span class='ocrx_word' id='word_1_487' title='bbox 1304 2015 1351 2041; x_wconf 81' lang='grc' dir='ltr'><strong>καὶ</strong></span> <span class='ocrx_word' id='word_1_488' title='bbox 1370 2014 1420 2041; x_wconf 86' lang='grc' dir='ltr'>οὐκ</span> <span class='ocrx_word' id='word_1_489' title='bbox 1439 2014 1523 2040; x_wconf 84' lang='grc' dir='ltr'>ἐδεῖτο</span> <span class='ocrx_word' id='word_1_490' title='bbox 1537 2014 1714 2049; x_wconf 70' lang='grc' dir='ltr'>εἰσδεχθῆναιτ</span> <span class='ocrx_word' id='word_1_491' title='bbox 1730 2016 1778 2047; x_wconf 78' lang='grc' dir='ltr'>νῦν</span> 
     </span>
    </p>
   </div>
   <div class='ocr_carea' id='block_1_86' title="bbox 992 2060 1776 2097">
    <p class='ocr_par' dir='ltr' id='par_1_86' title="bbox 992 2060 1776 2097">
     <span class='ocr_line' id='line_1_86' title="bbox 992 2060 1776 2097; baseline 0.001 -10"><span class='ocrx_word' id='word_1_492' title='bbox 992 2061 1147 2097; x_wconf 79' lang='grc' dir='ltr'>εὐχαριστεῖ</span> <span class='ocrx_word' id='word_1_493' title='bbox 1160 2061 1199 2096; x_wconf 83' lang='grc' dir='ltr'><strong>τῷ</strong></span> <span class='ocrx_word' id='word_1_494' title='bbox 1212 2060 1271 2095; x_wconf 86' lang='grc' dir='ltr'><strong>Θεῷ</strong></span> <span class='ocrx_word' id='word_1_495' title='bbox 1289 2061 1304 2087; x_wconf 84' lang='grc' dir='ltr'><strong>ό</strong></span> <span class='ocrx_word' id='word_1_496' title='bbox 1320 2060 1416 2096; x_wconf 80' lang='grc' dir='ltr'>ἱερεύς.</span> <span class='ocrx_word' id='word_1_497' title='bbox 1432 2061 1463 2088; x_wconf 78' lang='lat' dir='ltr'><strong>Et</strong></span> <span class='ocrx_word' id='word_1_498' title='bbox 1478 2060 1531 2096; x_wconf 86' lang='grc' dir='ltr'>γὰρ</span> <span class='ocrx_word' id='word_1_499' title='bbox 1543 2060 1614 2087; x_wconf 77' lang='grc' dir='ltr'>οὕτω</span> <span class='ocrx_word' id='word_1_500' title='bbox 1629 2060 1776 2097; x_wconf 83' lang='grc' dir='ltr'>συντεθείη,</span> 
     </span>
    </p>
   </div>
   <div class='ocr_carea' id='block_1_87' title="bbox 991 2106 1698 2142">
    <p class='ocr_par' dir='ltr' id='par_1_87' title="bbox 991 2106 1698 2142">
     <span class='ocr_line' id='line_1_87' title="bbox 991 2106 1698 2142; baseline -0.001 -8"><span class='ocrx_word' id='word_1_501' title='bbox 991 2109 1047 2134; x_wconf 78' lang='grc' dir='ltr'>τοῖν</span> <span class='ocrx_word' id='word_1_502' title='bbox 1060 2107 1165 2142; x_wconf 77' lang='grc' dir='ltr'>ἀνδροῖν</span> <span class='ocrx_word' id='word_1_503' title='bbox 1179 2106 1377 2141; x_wconf 82' lang='grc' dir='ltr'>εἰσδεξάμενος,</span> <span class='ocrx_word' id='word_1_504' title='bbox 1393 2106 1512 2133; x_wconf 81' lang='grc' dir='ltr'>σολοικὺν</span> <span class='ocrx_word' id='word_1_505' title='bbox 1527 2106 1603 2134; x_wconf 76' lang='grc' dir='ltr'>ἔσται</span> <span class='ocrx_word' id='word_1_506' title='bbox 1618 2107 1698 2134; x_wconf 87' lang='grc' dir='ltr'>πάνυ.</span> 
     </span>
    </p>
   </div>
   <div class='ocr_carea' id='block_1_88' title="bbox 1026 2149 1501 2188">
    <p class='ocr_par' dir='ltr' id='par_1_88' title="bbox 1026 2149 1501 2188">
     <span class='ocr_line' id='line_1_88' title="bbox 1026 2149 1501 2188; baseline -0.002 -10"><span class='ocrx_word' id='word_1_507' title='bbox 1026 2151 1181 2188; x_wconf 67' lang='grc' dir='ltr'><strong>[Ὲσέφθη.</strong></span> <span class='ocrx_word' id='word_1_508' title='bbox 1195 2150 1256 2178; x_wconf 84' lang='grc' dir='ltr'>ἀντὶ</span> <span class='ocrx_word' id='word_1_509' title='bbox 1269 2150 1315 2177; x_wconf 83' lang='grc' dir='ltr'><strong>τοῦ</strong></span> <span class='ocrx_word' id='word_1_510' title='bbox 1329 2149 1501 2186; x_wconf 59' lang='grc' dir='ltr'>ἐσεϐάσθη]</span> 
     </span>
    </p>
   </div>
   <div class='ocr_carea' id='block_1_89' title="bbox 192 2245 945 2287">
    <p class='ocr_par' dir='ltr' id='par_1_89' title="bbox 192 2245 941 2285">
     <span class='ocr_line' id='line_1_89' title="bbox 192 2245 941 2285; baseline 0.007 -13"><span class='ocrx_word' id='word_1_511' title='bbox 192 2245 325 2280; x_wconf 85' lang='lat' dir='ltr'><strong>Spiritali,</strong></span> <span class='ocrx_word' id='word_1_512' title='bbox 341 2256 387 2274; x_wconf 75' lang='lat' dir='ltr'><strong>seu</strong></span> <span class='ocrx_word' id='word_1_513' title='bbox 399 2248 518 2276; x_wconf 87' lang='lat' dir='ltr'><strong>mentali.</strong></span> <span class='ocrx_word' id='word_1_514' title='bbox 537 2247 680 2277; x_wconf 84' lang='lat' dir='ltr'><strong>Mentalem</strong></span> <span class='ocrx_word' id='word_1_515' title='bbox 693 2250 842 2285; x_wconf 79' lang='lat' dir='ltr'><strong>gratiarum</strong></span> <span class='ocrx_word' id='word_1_516' title='bbox 856 2250 941 2278; x_wconf 88' lang='lat' dir='ltr'><strong>actio-</strong></span> 
     </span>
    </p>
   </div>
   <div class='ocr_carea' id='block_1_90' title="bbox 1012 2245 1776 2287">
    <p class='ocr_par' dir='ltr' id='par_1_90' title="bbox 1027 2249 1776 2287">
     <span class='ocr_line' id='line_1_90' title="bbox 1027 2249 1776 2287; baseline -0.007 -7"><span class='ocrx_word' id='word_1_517' title='bbox 1027 2252 1078 2280; x_wconf 86' lang='grc' dir='ltr'><strong>Διὰ</strong></span> <span class='ocrx_word' id='word_1_518' title='bbox 1093 2251 1208 2286; x_wconf 86' lang='grc' dir='ltr'>νοερᾶς.</span> <span class='ocrx_word' id='word_1_519' title='bbox 1221 2250 1327 2286; x_wconf 81' lang='grc' dir='ltr'>Νοερὰν</span> <span class='ocrx_word' id='word_1_520' title='bbox 1341 2249 1514 2286; x_wconf 84' lang='grc' dir='ltr'>εὐχαριστίαν</span> <span class='ocrx_word' id='word_1_521' title='bbox 1529 2249 1594 2285; x_wconf 70' lang='grc' dir='ltr'>φησὶ</span> <span class='ocrx_word' id='word_1_522' title='bbox 1604 2249 1653 2284; x_wconf 81' lang='grc' dir='ltr'>τὴν</span> <span class='ocrx_word' id='word_1_523' title='bbox 1673 2257 1776 2287; x_wconf 52' lang='grc' dir='ltr'>σιωπηέ</span> 
     </span>
    </p>
   </div>
   <div class='ocr_carea' id='block_1_91' title="bbox 155 2292 939 2331">
    <p class='ocr_par' dir='ltr' id='par_1_91' title="bbox 155 2292 939 2331">
     <span class='ocr_line' id='line_1_91' title="bbox 155 2292 939 2331; baseline 0.008 -13"><span class='ocrx_word' id='word_1_524' title='bbox 155 2299 218 2318; x_wconf 87' lang='lat' dir='ltr'><strong>nem</strong></span> <span class='ocrx_word' id='word_1_525' title='bbox 244 2292 311 2320; x_wconf 90' lang='lat' dir='ltr'><strong>dicit</strong></span> <span class='ocrx_word' id='word_1_526' title='bbox 336 2293 446 2320; x_wconf 88' lang='lat' dir='ltr'><strong>tacitam</strong></span> <span class='ocrx_word' id='word_1_527' title='bbox 472 2297 499 2321; x_wconf 82' lang='lat' dir='ltr'><strong>et</strong></span> <span class='ocrx_word' id='word_1_528' title='bbox 522 2302 584 2329; x_wconf 56' lang='lat' dir='ltr'><strong>quas</strong></span> <span class='ocrx_word' id='word_1_529' title='bbox 608 2299 698 2323; x_wconf 93' lang='lat' dir='ltr'><strong>mente</strong></span> <span class='ocrx_word' id='word_1_530' title='bbox 711 2295 740 2322; x_wconf 81' lang='lat' dir='ltr'><strong>iit</strong></span> <span class='ocrx_word' id='word_1_531' title='bbox 757 2303 764 2322; x_wconf 90' lang='lat'><strong>:</strong></span> <span class='ocrx_word' id='word_1_532' title='bbox 780 2303 939 2331; x_wconf 87' lang='lat' dir='ltr'><strong>corpoream</strong></span> 
     </span>
    </p>
   </div>
   <div class='ocr_carea' id='block_1_92' title="bbox 155 2336 756 2374">
    <p class='ocr_par' dir='ltr' id='par_1_92' title="bbox 155 2336 756 2374">
     <span class='ocr_line' id='line_1_92' title="bbox 155 2336 756 2374; baseline 0.012 -12"><span class='ocrx_word' id='word_1_533' title='bbox 155 2343 220 2363; x_wconf 83' lang='lat' dir='ltr'><strong>vero</strong></span> <span class='ocrx_word' id='word_1_534' title='bbox 235 2336 370 2366; x_wconf 86' lang='lat' dir='ltr'><strong>inclinans</strong></span> <span class='ocrx_word' id='word_1_535' title='bbox 385 2345 477 2374; x_wconf 89' lang='lat' dir='ltr'><strong>caput,</strong></span> <span class='ocrx_word' id='word_1_536' title='bbox 489 2344 516 2367; x_wconf 84' lang='lat' dir='ltr'><strong>et</strong></span> <span class='ocrx_word' id='word_1_537' title='bbox 527 2339 611 2367; x_wconf 89' lang='lat' dir='ltr'><strong>Deum</strong></span> <span class='ocrx_word' id='word_1_538' title='bbox 628 2341 756 2370; x_wconf 88' lang='lat' dir='ltr'><strong>adorans.</strong></span> 
     </span>
    </p>
   </div>
   <div class='ocr_carea' id='block_1_93' title="bbox 192 2381 939 2418">
    <p class='ocr_par' dir='ltr' id='par_1_93' title="bbox 192 2381 939 2418">
     <span class='ocr_line' id='line_1_93' title="bbox 192 2381 939 2418; baseline 0.013 -10"><span class='ocrx_word' id='word_1_539' title='bbox 192 2381 206 2417; x_wconf 68' lang='grc' dir='ltr'><strong>ς</strong></span> <span class='ocrx_word' id='word_1_540' title='bbox 222 2381 268 2410; x_wconf 74' lang='grc' dir='ltr'>ιν.</span> <span class='ocrx_word' id='word_1_541' title='bbox 286 2382 395 2411; x_wconf 89' lang='lat' dir='ltr'><strong>Omnem</strong></span> <span class='ocrx_word' id='word_1_542' title='bbox 413 2393 519 2413; x_wconf 73' lang='lat' dir='ltr'><strong>sacrum</strong></span> <span class='ocrx_word' id='word_1_543' title='bbox 538 2386 667 2414; x_wconf 82' lang='lat' dir='ltr'><strong>ordinem.</strong></span> <span class='ocrx_word' id='word_1_544' title='bbox 685 2387 743 2415; x_wconf 83' lang='lat' dir='ltr'><strong>Hoc</strong></span> <span class='ocrx_word' id='word_1_545' title='bbox 767 2393 809 2416; x_wconf 90' lang='lat' dir='ltr'><strong>est</strong></span> <span class='ocrx_word' id='word_1_546' title='bbox 827 2390 939 2418; x_wconf 87' lang='lat' dir='ltr'><strong>univer-</strong></span> 
     </span>
    </p>
   </div>
   <div class='ocr_carea' id='block_1_94' title="bbox 154 2428 345 2456">
    <p class='ocr_par' dir='ltr' id='par_1_94' title="bbox 154 2428 345 2456">
     <span class='ocr_line' id='line_1_94' title="bbox 154 2428 345 2456; baseline 0.005 -1"><span class='ocrx_word' id='word_1_547' title='bbox 154 2435 215 2455; x_wconf 84' lang='lat' dir='ltr'><strong>sum</strong></span> <span class='ocrx_word' id='word_1_548' title='bbox 232 2428 345 2456; x_wconf 90' lang='lat' dir='ltr'><strong>clerum.</strong></span> 
     </span>
    </p>
   </div>
   <div class='ocr_carea' id='block_1_95' title="bbox 192 2473 940 2516">
    <p class='ocr_par' dir='ltr' id='par_1_95' title="bbox 192 2473 940 2516">
     <span class='ocr_line' id='line_1_95' title="bbox 192 2473 940 2516; baseline 0.012 -17"><span class='ocrx_word' id='word_1_549' title='bbox 192 2473 326 2509; x_wconf 75' lang='lat' dir='ltr'><strong>[Ignotum</strong></span> <span class='ocrx_word' id='word_1_550' title='bbox 342 2475 466 2511; x_wconf 83' lang='lat' dir='ltr'><strong>aliquem.</strong></span> <span class='ocrx_word' id='word_1_551' title='bbox 482 2475 551 2504; x_wconf 87' lang='lat' dir='ltr'><strong>Nota</strong></span> <span class='ocrx_word' id='word_1_552' title='bbox 562 2485 595 2505; x_wconf 86' lang='lat' dir='ltr'><strong>ex</strong></span> <span class='ocrx_word' id='word_1_553' title='bbox 606 2478 682 2506; x_wconf 88' lang='lat' dir='ltr'><strong>omni</strong></span> <span class='ocrx_word' id='word_1_554' title='bbox 699 2478 841 2515; x_wconf 87' lang='lat' dir='ltr'><strong>Scriptura</strong></span> <span class='ocrx_word' id='word_1_555' title='bbox 858 2488 940 2516; x_wconf 82' lang='lat' dir='ltr'><strong>posse</strong></span> 
     </span>
    </p>
   </div>
   <div class='ocr_carea' id='block_1_96' title="bbox 155 2519 939 2562">
    <p class='ocr_par' dir='ltr' id='par_1_96' title="bbox 155 2519 939 2562">
     <span class='ocr_line' id='line_1_96' title="bbox 155 2519 939 2562; baseline 0.013 -16"><span class='ocrx_word' id='word_1_556' title='bbox 155 2519 285 2555; x_wconf 83' lang='lat' dir='ltr'><strong>hymnum</strong></span> <span class='ocrx_word' id='word_1_557' title='bbox 299 2525 326 2548; x_wconf 89' lang='lat' dir='ltr'><strong>et</strong></span> <span class='ocrx_word' id='word_1_558' title='bbox 339 2521 446 2550; x_wconf 88' lang='lat' dir='ltr'><strong>laudem</strong></span> <span class='ocrx_word' id='word_1_559' title='bbox 458 2523 547 2551; x_wconf 77' lang='lat' dir='ltr'><strong>oﬂ‘erri</strong></span> <span class='ocrx_word' id='word_1_560' title='bbox 561 2523 627 2557; x_wconf 87' lang='lat' dir='ltr'><strong>Deo,</strong></span> <span class='ocrx_word' id='word_1_561' title='bbox 639 2533 694 2553; x_wconf 93' lang='lat' dir='ltr'><strong>non</strong></span> <span class='ocrx_word' id='word_1_562' title='bbox 709 2527 803 2562; x_wconf 90' lang='lat' dir='ltr'><strong>utique</strong></span> <span class='ocrx_word' id='word_1_563' title='bbox 821 2535 854 2554; x_wconf 82' lang='lat' dir='ltr'><strong>ex</strong></span> <span class='ocrx_word' id='word_1_564' title='bbox 880 2528 939 2556; x_wconf 92' lang='lat' dir='ltr'><strong>solo</strong></span> 
     </span>
    </p>
   </div>
   <div class='ocr_carea' id='block_1_97' title="bbox 154 2565 938 2607">
    <p class='ocr_par' dir='ltr' id='par_1_97' title="bbox 154 2565 938 2607">
     <span class='ocr_line' id='line_1_97' title="bbox 154 2565 938 2607; baseline 0.01 -13"><span class='ocrx_word' id='word_1_565' title='bbox 154 2565 268 2595; x_wconf 87' lang='lat' dir='ltr'><strong>Davide.</strong></span> <span class='ocrx_word' id='word_1_566' title='bbox 281 2566 426 2602; x_wconf 63' lang='lat' dir='ltr'><strong>Praeterea,</strong></span> <span class='ocrx_word' id='word_1_567' title='bbox 447 2569 579 2605; x_wconf 87' lang='lat' dir='ltr'><strong>hymnum</strong></span> <span class='ocrx_word' id='word_1_568' title='bbox 593 2572 722 2607; x_wconf 85' lang='lat' dir='ltr'><strong>aliquem,</strong></span> <span class='ocrx_word' id='word_1_569' title='bbox 744 2577 791 2600; x_wconf 82' lang='lat' dir='ltr'><strong>aut</strong></span> <span class='ocrx_word' id='word_1_570' title='bbox 801 2574 938 2602; x_wconf 87' lang='lat' dir='ltr'><strong>canticum</strong></span> 
     </span>
    </p>
   </div>
   <div class='ocr_carea' id='block_1_98' title="bbox 153 2613 938 2652">
    <p class='ocr_par' dir='ltr' id='par_1_98' title="bbox 153 2613 938 2652">
     <span class='ocr_line' id='line_1_98' title="bbox 153 2613 938 2652; baseline 0.008 -11"><span class='ocrx_word' id='word_1_571' title='bbox 153 2613 246 2642; x_wconf 65' lang='lat' dir='ltr'><strong>Mariae</strong></span> <span class='ocrx_word' id='word_1_572' title='bbox 270 2614 370 2650; x_wconf 80' lang='lat' dir='ltr'><strong>Moysis</strong></span> <span class='ocrx_word' id='word_1_573' title='bbox 399 2616 520 2648; x_wconf 87' lang='lat' dir='ltr'><strong>sororis,</strong></span> <span class='ocrx_word' id='word_1_574' title='bbox 549 2616 690 2645; x_wconf 73' lang='lat' dir='ltr'><strong>Cantemus</strong></span> <span class='ocrx_word' id='word_1_575' title='bbox 711 2618 824 2646; x_wconf 87' lang='lat' dir='ltr'><strong>Domino</strong></span> <span class='ocrx_word' id='word_1_576' title='bbox 846 2624 870 2652; x_wconf 71' lang='grc' dir='ltr'><strong>ε,</strong></span> <span class='ocrx_word' id='word_1_577' title='bbox 895 2618 938 2646; x_wconf 85' lang='lat' dir='ltr'><strong>vel</strong></span> 
     </span>
    </p>
   </div>
   <div class='ocr_carea' id='block_1_99' title="bbox 155 2660 938 2700">
    <p class='ocr_par' dir='ltr' id='par_1_99' title="bbox 155 2660 938 2700">
     <span class='ocr_line' id='line_1_99' title="bbox 155 2660 938 2700; baseline 0.006 -13"><span class='ocrx_word' id='word_1_578' title='bbox 155 2660 289 2695; x_wconf 86' lang='lat' dir='ltr'><strong>psalmum</strong></span> <span class='ocrx_word' id='word_1_579' title='bbox 298 2661 469 2696; x_wconf 79' lang='lat' dir='ltr'><strong>trigesimum</strong></span> <span class='ocrx_word' id='word_1_580' title='bbox 480 2662 590 2690; x_wconf 92' lang='lat' dir='ltr'><strong>tertium</strong></span> <span class='ocrx_word' id='word_1_581' title='bbox 599 2662 721 2696; x_wconf 86' lang='lat' dir='ltr'><strong>Davidis,</strong></span> <span class='ocrx_word' id='word_1_582' title='bbox 737 2668 784 2691; x_wconf 91' lang='lat' dir='ltr'><strong>aut</strong></span> <span class='ocrx_word' id='word_1_583' title='bbox 799 2664 859 2699; x_wconf 88' lang='lat' dir='ltr'><strong>ejus</strong></span> <span class='ocrx_word' id='word_1_584' title='bbox 874 2671 938 2700; x_wconf 89' lang='lat' dir='ltr'><strong>par-</strong></span> 
     </span>
    </p>
   </div>
   <div class='ocr_carea' id='block_1_100' title="bbox 153 2707 754 2742">
    <p class='ocr_par' dir='ltr' id='par_1_100' title="bbox 153 2707 754 2742">
     <span class='ocr_line' id='line_1_100' title="bbox 153 2707 754 2742; baseline 0.005 -8"><span class='ocrx_word' id='word_1_585' title='bbox 153 2709 208 2734; x_wconf 79' lang='lat' dir='ltr'><strong>tem</strong></span> <span class='ocrx_word' id='word_1_586' title='bbox 225 2715 232 2733; x_wconf 66' lang='grc' dir='ltr'><strong>ξ</strong></span> <span class='ocrx_word' id='word_1_587' title='bbox 251 2707 374 2736; x_wconf 81' lang='lat' dir='ltr'><strong>Accedite</strong></span> <span class='ocrx_word' id='word_1_588' title='bbox 384 2708 419 2736; x_wconf 86' lang='lat' dir='ltr'><strong>ad</strong></span> <span class='ocrx_word' id='word_1_589' title='bbox 434 2717 503 2742; x_wconf 86' lang='lat' dir='ltr'><strong>eum,</strong></span> <span class='ocrx_word' id='word_1_590' title='bbox 519 2713 544 2736; x_wconf 87' lang='lat' dir='ltr'><strong>et</strong></span> <span class='ocrx_word' id='word_1_591' title='bbox 557 2709 754 2738; x_wconf 80' lang='lat' dir='ltr'><strong>illuminamint&#39;.</strong></span> 
     </span>
    </p>
   </div>
   <div class='ocr_carea' id='block_1_101' title="bbox 189 2765 426 2800">
    <p class='ocr_par' dir='ltr' id='par_1_101' title="bbox 189 2765 426 2800">
     <span class='ocr_line' id='line_1_101' title="bbox 189 2765 426 2800; baseline 0.008 -7"><span class='ocrx_word' id='word_1_592' title='bbox 189 2770 201 2785; x_wconf 76' lang='grc' dir='ltr'><strong>ιι</strong></span> <span class='ocrx_word' id='word_1_593' title='bbox 223 2765 309 2794; x_wconf 81' lang='lat' dir='ltr'><strong>Exod.</strong></span> <span class='ocrx_word' id='word_1_594' title='bbox 323 2775 370 2800; x_wconf 81' lang='lat' dir='ltr'><strong>xv,</strong></span> <span class='ocrx_word' id='word_1_595' title='bbox 400 2767 426 2795; x_wconf 83' lang='grc' dir='ltr'><strong>Ι.</strong></span> 
     </span>
    </p>
   </div>
   <div class='ocr_carea' id='block_1_102' title="bbox 991 2295 1776 2334">
    <p class='ocr_par' dir='ltr' id='par_1_102' title="bbox 991 2295 1776 2334">
     <span class='ocr_line' id='line_1_102' title="bbox 991 2295 1776 2334; baseline -0.004 -9"><span class='ocrx_word' id='word_1_596' title='bbox 991 2298 1038 2334; x_wconf 86' lang='grc' dir='ltr'>λὴν</span> <span class='ocrx_word' id='word_1_597' title='bbox 1054 2299 1100 2325; x_wconf 73' lang='grc' dir='ltr'>καὶ</span> <span class='ocrx_word' id='word_1_598' title='bbox 1111 2299 1140 2324; x_wconf 84' lang='grc' dir='ltr'><strong>έν</strong></span> <span class='ocrx_word' id='word_1_599' title='bbox 1153 2297 1192 2333; x_wconf 81' lang='grc' dir='ltr'>τῷ</span> <span class='ocrx_word' id='word_1_600' title='bbox 1206 2296 1244 2332; x_wconf 85' lang='grc' dir='ltr'>νῷ</span> <span class='ocrx_word' id='word_1_601' title='bbox 1263 2296 1416 2332; x_wconf 80' lang='grc' dir='ltr'>γινομένην·</span> <span class='ocrx_word' id='word_1_602' title='bbox 1439 2295 1606 2331; x_wconf 84' lang='grc' dir='ltr'>σωματοειδῆ</span> <span class='ocrx_word' id='word_1_603' title='bbox 1620 2295 1663 2327; x_wconf 79' lang='grc' dir='ltr'><strong>δὲ,</strong></span> <span class='ocrx_word' id='word_1_604' title='bbox 1679 2295 1776 2323; x_wconf 81' lang='grc' dir='ltr'>κλίνων</span> 
     </span>
    </p>
   </div>
   <div class='ocr_carea' id='block_1_103' title="bbox 990 2341 1599 2378">
    <p class='ocr_par' dir='ltr' id='par_1_103' title="bbox 990 2341 1599 2378">
     <span class='ocr_line' id='line_1_103' title="bbox 990 2341 1599 2378; baseline -0.003 -9"><span class='ocrx_word' id='word_1_605' title='bbox 990 2343 1039 2378; x_wconf 80' lang='grc' dir='ltr'>τὴν</span> <span class='ocrx_word' id='word_1_606' title='bbox 1054 2343 1088 2358; x_wconf 86' lang='grc'><strong>¹⁰⁰</strong></span> <span class='ocrx_word' id='word_1_607' title='bbox 1102 2342 1220 2377; x_wconf 79' lang='grc' dir='ltr'>κεφαλὴν</span> <span class='ocrx_word' id='word_1_608' title='bbox 1235 2342 1281 2368; x_wconf 78' lang='grc' dir='ltr'>καὶ</span> <span class='ocrx_word' id='word_1_609' title='bbox 1295 2341 1453 2377; x_wconf 83' lang='grc' dir='ltr'>προσκυνῶν</span> <span class='ocrx_word' id='word_1_610' title='bbox 1466 2341 1510 2367; x_wconf 77' lang='grc' dir='ltr'>τὸν</span> <span class='ocrx_word' id='word_1_611' title='bbox 1524 2341 1599 2367; x_wconf 86' lang='grc' dir='ltr'>Θεόν.</span> 
     </span>
    </p>
   </div>
   <div class='ocr_carea' id='block_1_104' title="bbox 1027 2387 1776 2425">
    <p class='ocr_par' dir='ltr' id='par_1_104' title="bbox 1027 2387 1776 2425">
     <span class='ocr_line' id='line_1_104' title="bbox 1027 2387 1776 2425; baseline -0.001 -9"><span class='ocrx_word' id='word_1_612' title='bbox 1027 2389 1041 2425; x_wconf 81' lang='lat'>§</span> <span class='ocrx_word' id='word_1_613' title='bbox 1054 2388 1098 2416; x_wconf 80' lang='lat' dir='ltr'><strong>IV.</strong></span> <span class='ocrx_word' id='word_1_614' title='bbox 1115 2388 1222 2416; x_wconf 81' lang='grc' dir='ltr'>Πᾶσαν</span> <span class='ocrx_word' id='word_1_615' title='bbox 1237 2388 1319 2423; x_wconf 79' lang='grc' dir='ltr'>ἱερὰν</span> <span class='ocrx_word' id='word_1_616' title='bbox 1335 2387 1543 2422; x_wconf 77' lang='grc' dir='ltr'>διακόσμησιν.</span> <span class='ocrx_word' id='word_1_617' title='bbox 1558 2387 1702 2415; x_wconf 81' lang='grc' dir='ltr'>Τουτέστιν</span> <span class='ocrx_word' id='word_1_618' title='bbox 1715 2388 1776 2415; x_wconf 86' lang='grc' dir='ltr'>ὅλον</span> 
     </span>
    </p>
   </div>
   <div class='ocr_carea' id='block_1_105' title="bbox 990 2435 1161 2471">
    <p class='ocr_par' dir='ltr' id='par_1_105' title="bbox 990 2435 1161 2471">
     <span class='ocr_line' id='line_1_105' title="bbox 990 2435 1161 2471; baseline -0.006 -9"><span class='ocrx_word' id='word_1_619' title='bbox 990 2436 1036 2462; x_wconf 84' lang='grc' dir='ltr'>τὸν</span> <span class='ocrx_word' id='word_1_620' title='bbox 1052 2435 1161 2471; x_wconf 81' lang='grc' dir='ltr'>κλῆρον.</span> 
     </span>
    </p>
   </div>
   <div class='ocr_carea' id='block_1_106' title="bbox 1026 2478 1773 2515">
    <p class='ocr_par' dir='ltr' id='par_1_106' title="bbox 1026 2478 1773 2515">
     <span class='ocr_line' id='line_1_106' title="bbox 1026 2478 1773 2515; baseline -0.001 -10"><span class='ocrx_word' id='word_1_621' title='bbox 1026 2478 1065 2515; x_wconf 83' lang='grc' dir='ltr'><strong>[ζ]</strong></span> <span class='ocrx_word' id='word_1_622' title='bbox 1089 2479 1196 2513; x_wconf 80' lang='grc' dir='ltr'>Ὕμνον</span> <span class='ocrx_word' id='word_1_623' title='bbox 1213 2478 1294 2506; x_wconf 78' lang='grc' dir='ltr'>’τινά.</span> <span class='ocrx_word' id='word_1_624' title='bbox 1319 2478 1491 2514; x_wconf 82' lang='grc' dir='ltr'>Σημείωσαι,</span> <span class='ocrx_word' id='word_1_625' title='bbox 1506 2478 1548 2505; x_wconf 78' lang='grc' dir='ltr'>ὅτι</span> <span class='ocrx_word' id='word_1_626' title='bbox 1569 2478 1601 2505; x_wconf 79' lang='grc' dir='ltr'>ὲκ</span> <span class='ocrx_word' id='word_1_627' title='bbox 1620 2478 1709 2513; x_wconf 77' lang='grc' dir='ltr'>πάσης</span> <span class='ocrx_word' id='word_1_628' title='bbox 1724 2478 1773 2513; x_wconf 80' lang='grc' dir='ltr'><strong>τῆς</strong></span> 
     </span>
    </p>
   </div>
   <div class='ocr_carea' id='block_1_107' title="bbox 989 2523 1774 2561">
    <p class='ocr_par' dir='ltr' id='par_1_107' title="bbox 989 2523 1774 2561">
     <span class='ocr_line' id='line_1_107' title="bbox 989 2523 1774 2561; baseline -0.003 -10"><span class='ocrx_word' id='word_1_629' title='bbox 989 2524 1100 2561; x_wconf 73' lang='grc' dir='ltr'>Γραφῆς</span> <span class='ocrx_word' id='word_1_630' title='bbox 1113 2524 1223 2551; x_wconf 79' lang='grc' dir='ltr'>δυνατὸν</span> <span class='ocrx_word' id='word_1_631' title='bbox 1237 2524 1319 2560; x_wconf 71' lang='grc' dir='ltr'>ὕμνον</span> <span class='ocrx_word' id='word_1_632' title='bbox 1336 2524 1499 2560; x_wconf 68' lang='grc' dir='ltr'>προσφέρειν</span> <span class='ocrx_word' id='word_1_633' title='bbox 1522 2523 1561 2559; x_wconf 87' lang='grc' dir='ltr'>τῷ</span> <span class='ocrx_word' id='word_1_634' title='bbox 1583 2523 1642 2559; x_wconf 82' lang='grc' dir='ltr'><strong>Θεῷ</strong></span> <span class='ocrx_word' id='word_1_635' title='bbox 1652 2543 1659 2555; x_wconf 89' lang='grc'><strong>,</strong></span> <span class='ocrx_word' id='word_1_636' title='bbox 1673 2524 1703 2549; x_wconf 91' lang='grc' dir='ltr'>οὐ</span> <span class='ocrx_word' id='word_1_637' title='bbox 1720 2523 1774 2559; x_wconf 83' lang='grc' dir='ltr'>μὴν</span> 
     </span>
    </p>
   </div>
   <div class='ocr_carea' id='block_1_108' title="bbox 989 2568 1773 2606">
    <p class='ocr_par' dir='ltr' id='par_1_108' title="bbox 989 2568 1773 2606">
     <span class='ocr_line' id='line_1_108' title="bbox 989 2568 1773 2606; baseline -0.003 -8"><span class='ocrx_word' id='word_1_638' title='bbox 989 2573 1022 2598; x_wconf 80' lang='grc' dir='ltr'>ὲκ</span> <span class='ocrx_word' id='word_1_639' title='bbox 1038 2570 1118 2606; x_wconf 79' lang='grc' dir='ltr'>μόνου</span> <span class='ocrx_word' id='word_1_640' title='bbox 1133 2570 1180 2598; x_wconf 76' lang='grc' dir='ltr'><strong>τοῦ</strong></span> <span class='ocrx_word' id='word_1_641' title='bbox 1192 2570 1281 2598; x_wconf 86' lang='grc' dir='ltr'>Δαυίδ.</span> <span class='ocrx_word' id='word_1_642' title='bbox 1298 2571 1403 2602; x_wconf 85' lang='grc' dir='ltr'>Ἀλλως</span> <span class='ocrx_word' id='word_1_643' title='bbox 1425 2569 1509 2606; x_wconf 77' lang='grc' dir='ltr'>ὕμνον</span> <span class='ocrx_word' id='word_1_644' title='bbox 1523 2569 1592 2603; x_wconf 78' lang='grc' dir='ltr'>τινὰ,</span> <span class='ocrx_word' id='word_1_645' title='bbox 1608 2569 1624 2604; x_wconf 87' lang='grc' dir='ltr'>ἢ</span> <span class='ocrx_word' id='word_1_646' title='bbox 1639 2569 1688 2604; x_wconf 79' lang='grc' dir='ltr'>τὴν</span> <span class='ocrx_word' id='word_1_647' title='bbox 1701 2568 1773 2604; x_wconf 85' lang='grc' dir='ltr'>ᾠδὴν</span> 
     </span>
    </p>
   </div>
   <div class='ocr_carea' id='block_1_109' title="bbox 988 2613 1772 2652">
    <p class='ocr_par' dir='ltr' id='par_1_109' title="bbox 988 2613 1772 2652">
     <span class='ocr_line' id='line_1_109' title="bbox 988 2613 1772 2652; baseline -0.005 -9"><span class='ocrx_word' id='word_1_648' title='bbox 988 2616 1097 2652; x_wconf 86' lang='grc' dir='ltr'>Μαρίας</span> <span class='ocrx_word' id='word_1_649' title='bbox 1119 2616 1169 2651; x_wconf 87' lang='grc' dir='ltr'><strong>τῆς</strong></span> <span class='ocrx_word' id='word_1_650' title='bbox 1190 2615 1307 2651; x_wconf 81' lang='grc' dir='ltr'>ἀδελφῆς</span> <span class='ocrx_word' id='word_1_651' title='bbox 1320 2615 1451 2649; x_wconf 84' lang='grc' dir='ltr'>Μωσέως,</span> <span class='ocrx_word' id='word_1_652' title='bbox 1464 2616 1599 2650; x_wconf 78' lang='grc' dir='ltr'>’ᾼσωμεν</span> <span class='ocrx_word' id='word_1_653' title='bbox 1609 2613 1648 2646; x_wconf 86' lang='grc' dir='ltr'><strong>τῷ</strong></span> <span class='ocrx_word' id='word_1_654' title='bbox 1662 2613 1772 2647; x_wconf 80' lang='grc' dir='ltr'><strong>Κυρίῳ,</strong></span> 
     </span>
    </p>
   </div>
   <div class='ocr_carea' id='block_1_110' title="bbox 987 2659 1772 2698">
    <p class='ocr_par' dir='ltr' id='par_1_110' title="bbox 987 2659 1772 2698">
     <span class='ocr_line' id='line_1_110' title="bbox 987 2659 1772 2698; baseline -0.004 -10"><span class='ocrx_word' id='word_1_655' title='bbox 987 2662 1005 2698; x_wconf 80' lang='grc' dir='ltr'>ἢ</span> <span class='ocrx_word' id='word_1_656' title='bbox 1020 2662 1065 2689; x_wconf 76' lang='grc' dir='ltr'>τὸν</span> <span class='ocrx_word' id='word_1_657' title='bbox 1078 2661 1237 2697; x_wconf 81' lang='grc' dir='ltr'>τριακοστὸν</span> <span class='ocrx_word' id='word_1_658' title='bbox 1256 2661 1346 2697; x_wconf 87' lang='grc' dir='ltr'>τριτον</span> <span class='ocrx_word' id='word_1_659' title='bbox 1366 2660 1416 2687; x_wconf 79' lang='grc' dir='ltr'>τοῦ</span> <span class='ocrx_word' id='word_1_660' title='bbox 1428 2659 1507 2686; x_wconf 76' lang='grc' dir='ltr'>Δαυὶδ</span> <span class='ocrx_word' id='word_1_661' title='bbox 1520 2659 1634 2695; x_wconf 79' lang='grc' dir='ltr'>ψαλμὸν,</span> <span class='ocrx_word' id='word_1_662' title='bbox 1650 2659 1666 2694; x_wconf 83' lang='grc' dir='ltr'>ἤ</span> <span class='ocrx_word' id='word_1_663' title='bbox 1689 2659 1772 2695; x_wconf 80' lang='grc' dir='ltr'>μέρος</span> 
     </span>
    </p>
   </div>
   <div class='ocr_carea' id='block_1_111' title="bbox 987 2705 1770 2742">
    <p class='ocr_par' dir='ltr' id='par_1_111' title="bbox 987 2705 1770 2742">
     <span class='ocr_line' id='line_1_111' title="bbox 987 2705 1770 2742; baseline -0.004 -7"><span class='ocrx_word' id='word_1_664' title='bbox 987 2708 1099 2741; x_wconf 82' lang='grc' dir='ltr'>τούτου,</span> <span class='ocrx_word' id='word_1_665' title='bbox 1115 2707 1298 2742; x_wconf 79' lang='grc' dir='ltr'>Προσέλθετε</span> <span class='ocrx_word' id='word_1_666' title='bbox 1321 2707 1395 2742; x_wconf 80' lang='grc' dir='ltr'>πρὸς</span> <span class='ocrx_word' id='word_1_667' title='bbox 1409 2706 1510 2738; x_wconf 85' lang='grc' dir='ltr'>αὐτὸν,</span> <span class='ocrx_word' id='word_1_668' title='bbox 1525 2705 1574 2732; x_wconf 78' lang='grc' dir='ltr'>καὶ</span> <span class='ocrx_word' id='word_1_669' title='bbox 1593 2706 1770 2740; x_wconf 70' lang='grc' dir='ltr'>φωτισθητε.</span> 
     </span>
    </p>
   </div>
   <div class='ocr_carea' id='block_1_112' title="bbox 633 2819 1311 2853">
    <p class='ocr_par' dir='ltr' id='par_1_112' title="bbox 633 2819 1311 2853">
     <span class='ocr_line' id='line_1_112' title="bbox 633 2819 1311 2853; baseline -0.01 0"><span class='ocrx_word' id='word_1_670' title='bbox 633 2824 751 2853; x_wconf 74' lang='lat' dir='ltr'><strong>VARUE</strong></span> <span class='ocrx_word' id='word_1_671' title='bbox 767 2822 959 2853; x_wconf 77' lang='lat' dir='ltr'><strong>LECTIONES</strong></span> <span class='ocrx_word' id='word_1_672' title='bbox 975 2821 1018 2849; x_wconf 84' lang='lat' dir='ltr'><strong>ET</strong></span> <span class='ocrx_word' id='word_1_673' title='bbox 1037 2819 1311 2849; x_wconf 77' lang='lat' dir='ltr'><strong>CORRECTIONES.</strong></span> 
     </span>
    </p>
   </div>
   <div class='ocr_carea' id='block_1_113' title="bbox 191 2900 1567 2941">
    <p class='ocr_par' dir='ltr' id='par_1_113' title="bbox 191 2900 1567 2941">
     <span class='ocr_line' id='line_1_113' title="bbox 191 2900 1567 2941; baseline -0.004 -8"><span class='ocrx_word' id='word_1_674' title='bbox 191 2901 210 2916; x_wconf 73' lang='grc'><strong>’⁷</strong></span> <span class='ocrx_word' id='word_1_675' title='bbox 221 2901 269 2934; x_wconf 68' lang='grc' dir='ltr'><strong>τὰς</strong></span> <span class='ocrx_word' id='word_1_676' title='bbox 283 2903 368 2937; x_wconf 77' lang='grc' dir='ltr'>αὐγὰς</span> <span class='ocrx_word' id='word_1_677' title='bbox 387 2904 418 2937; x_wconf 77' lang='grc' dir='ltr'><strong>ἃς</strong></span> <span class='ocrx_word' id='word_1_678' title='bbox 431 2905 447 2933; x_wconf 76' lang='grc' dir='ltr'>ὁ</span> <span class='ocrx_word' id='word_1_679' title='bbox 460 2906 544 2941; x_wconf 75' lang='grc' dir='ltr'>ἥλιος.</span> <span class='ocrx_word' id='word_1_680' title='bbox 578 2906 600 2922; x_wconf 81' lang='grc'><strong>’⁸</strong></span> <span class='ocrx_word' id='word_1_681' title='bbox 615 2905 705 2933; x_wconf 81' lang='grc' dir='ltr'>αὐτόν.</span> <span class='ocrx_word' id='word_1_682' title='bbox 739 2906 761 2922; x_wconf 82' lang='grc'>⁹⁰</span> <span class='ocrx_word' id='word_1_683' title='bbox 777 2905 994 2941; x_wconf 75' lang='grc' dir='ltr'>ὲπιστρέψοντος.</span> <span class='ocrx_word' id='word_1_684' title='bbox 1028 2905 1060 2921; x_wconf 79' lang='grc'><strong>¹⁰⁰</strong></span> <span class='ocrx_word' id='word_1_685' title='bbox 1077 2903 1272 2940; x_wconf 72' lang='grc' dir='ltr'>προσκύνησιν,</span> <span class='ocrx_word' id='word_1_686' title='bbox 1297 2901 1389 2938; x_wconf 64' lang='grc' dir='ltr'>ἐπειδὴ</span> <span class='ocrx_word' id='word_1_687' title='bbox 1412 2900 1493 2928; x_wconf 77' lang='grc' dir='ltr'>κλίνει</span> <span class='ocrx_word' id='word_1_688' title='bbox 1509 2900 1567 2936; x_wconf 84' lang='grc' dir='ltr'>τήν.</span> 
     </span>
    </p>
   </div>
  </div>
