1925 3060
128 195 179 223 135

482 197 511 226 S.
526 197 654 226 MAXIM!
669 198 816 228 SCHOLIA
829 199 948 237 lN_LlB.
969 201 1014 228 DE
1030 201 1171 230 ECCLES.
1188 201 1375 232 HIERARCH.

1687 206 1740 235 £26

167 251 283 287 'OJmirr
309 254 455 288 γενέσθαι.
480 253 587 293 Ὀλικὴν
607 257 783 292 προσέλευσιν
804 257 854 295 τὴν
879 258 904 292 ἐξ

993 259 1047 295 57
1062 259 1167 296 Integer
1189 261 1234 289 ille
1255 266 1303 289 est.
1323 261 1461 297 lntegrum
1479 269 1635 297 accessum,
1651 267 1679 292 et
1692 265 1741 292 ad-

127 297 188 334 δλης
203 299 290 336 ψυχῆς
306 308 383 336 φησι·
732 315 735 318 ·

159 346 281 372 Kell-nisa
296 346 358 380 τοῖς
372 347 492 381 ἱερεῦσι.
516 348 683 384 Σημείωσαι,
699 349 741 376 ὅτι
759 349 841 386 ἱερεῖς
856 359 909 377 κα-

127 392 167 418 λεῖ
191 392 254 424 τοὺς
281 392 480 429 ὑποϐεὸηκάιας
506 394 560 421 τῶν
590 396 761 429 ἐπισκόπων,
786 396 908 423 τουτέστι

126 437 188 469 τοὺς
204 438 413 474 πρεσϐυτέρους,
433 440 480 467 καὶ
491 439 630 472 διακόνους
640 441 738 474 αὐτοὺς
754 441 840 474 οὕτως
850 442 909 468 ὀνο-

127 482 229 517 μάζων·
252 483 328 511 αὐτοὶ
350 484 404 520 γὰρ
428 485 678 522 ὀνοματογραφοῦσι
694 487 758 520 τοὺς
779 487 907 522 νεοφωτί-

126 537 214 560 στους.

159 574 173 609 5
191 573 233 601 VI.
254 574 310 602 Τὸν
323 575 424 610 ἄνδρα.
449 577 604 614 Σημείωσαι
620 578 668 605 καὶ
688 579 753 614 περὶ
767 579 817 614 τῆς
840 579 907 606 ἀπο-

125 619 233 655 γραφῆς
248 619 295 646 τοῦ
315 620 512 658 βαπτιζομένου
525 624 571 650 καὶ
583 623 630 650 τοῦ
642 624 783 659 ἀναδόχου.

166 665 342 700 Ἐκκλησίας
365 668 641 703 συμπληρωσάσης.
666 669 811 696 Τουτέστιν
835 670 880 697 ἐπὶ
898 671 906 686 ¹

124 712 156 747 τῇ
173 711 219 738 τοῦ
241 712 326 748 Ἀμὴν
339 714 500 750 ὲκφωνήσει.
525 724 529 727 ·

164 757 297 785 Ὺπολύει
309 758 368 793 μὲν·
382 761 485 787 αὐτόν.
509 761 578 796 Περὶ
591 761 646 788 τῶν
663 763 692 788 ὲν
709 761 749 797 τῷ
771 761 836 798 θείῳ
857 761 907 797 βα-

123 803 253 840 πτίσματι
265 805 471 841 τελειουμένων.

157 851 211 877 Καὶ
223 851 456 886 ἀπαμφιέννυσι.
475 853 605 882 Ἐνταῦθα
614 855 643 881 οὔ
653 854 908 891 πᾶσαντὴνὲσθῆτα

957 310 1067 334 ventum
1083 306 1151 334 dicit
1167 316 1230 335 eum
1245 308 1292 343 qui
1306 312 1364 336 toto
1378 308 1470 336 animo
1484 307 1524 337 Iit.

992 350 1105 379 Mandat
1119 352 1307 380 sacerdotibus.
1327 353 1407 386 Nota,
1422 353 1484 381 eum
1500 355 1636 390 appellare
1649 363 1741 385 sacer-

958 397 1036 427 dotes
1058 407 1105 427 eos
1129 399 1176 434 qui
1201 398 1358 429 inferiores)
1373 404 1437 428 sunt
1461 400 1610 436 episcopis,
1626 401 1677 429 hoc
1698 406 1741 430 est

957 444 1150 481 presbyteros,
1167 444 1297 473 diaconos
1319 446 1400 473 etiam
1421 446 1496 481 ipsos
1517 446 1554 473 ita
1576 448 1739 481 nominans;

958 491 1010 527 ipsi
1020 492 1092 519 enim
1103 499 1198 520 eorum
1210 492 1257 527 qui
1267 500 1354 527 nuper
1364 497 1391 520 et
1401 501 1498 521 recens
1509 494 1638 521 illustrati
1649 499 1739 529 erant,

957 537 1115 566 scribebant
1129 539 1250 568 nomina.

994 582 1007 618 §
1027 582 1071 611 VI.
1092 583 1194 611 Virum.
1217 584 1296 618 Nota,
1318 584 1528 620 descriptionem
1551 586 1607 614 ﬁeri
1622 587 1742 616 nominis

957 629 1022 664 ejus
1040 629 1086 664 qui
1100 629 1298 665 baptizabatur,
1312 634 1339 658 et
1357 632 1535 666 susceptoris.

959 691 967 699 .
993 674 1198 710 Congregatione
1216 676 1354 711 completa.
1373 676 1401 704 Id
1417 681 1458 705 est
1470 678 1503 705 de
1518 679 1742 713 pronuntiatione

957 720 1046 756 ipsius
1061 721 1156 749 Amen.

993 766 1076 794 Illum
1090 767 1224 802 discingit.
1242 767 1280 796 De
1292 769 1325 796 lis
1337 776 1398 804 quae
1408 768 1435 795 in
1447 768 1583 804 baptismo
1596 770 1742 805 perﬁciun-

959 814 1012 839 tur.

992 853 1028 881 Et
1043 857 1125 882 exuit.
1147 855 1197 883 llic
1214 864 1269 884 non
1289 864 1397 885 omnem
1412 861 1514 886 vestem
1528 859 1618 893 exuit,
1633 861 1680 888 sed
1694 861 1742 889 de-

122 896 353 932 ἁπιμφιέννυσιν,
377 899 435 926 ἀλλ’
452 899 564 936 ἀφίησιν
582 900 611 928 ἓν
636 900 752 936 ἱμάτιον,
778 901 815 933 ὡς
834 900 904 936 δηλοῖ

963 899 1040 927 mittit
1055 909 1136 927 unam
1159 905 1272 934 vestem,
1294 903 1365 930 sicut
1386 902 1516 938 deinceps
1537 905 1674 940 declarat;
1695 915 1744 943 per

122 941 232 977 ἑφεξῆς·
247 942 290 970 διὰ
313 943 367 971 τῶν
391 933 553 980 λειτουγργῶν
575 946 614 979 δὲ,
635 933 756 973 τουτέστι
777 946 832 973 τῶν
848 933 904 973 sta-

963 945 1084 982 iiturgos,
1103 946 1154 975 hoc
1168 953 1210 975 est
1223 948 1364 976 diaconos.

123 988 217 1016 κόπων.

155 1034 281 1071 Μετάγει
304 1037 379 1071 πρὸς
399 1037 447 1065 ἕω.
472 1034 537 1065 Ὧδε
560 1039 599 1070 ὡς
623 1039 767 1075 εὐχόμενον
792 1039 840 1066 καὶ
862 1039 906 1066 al—

121 1080 219 1109 τοῦντα
235 1084 316 1110 ποιεῖ·
340 1085 372 1111 ὲν
393 1084 422 1110 δὲ
443 1083 483 1120 τῷ
508 1084 577 1120 πρὸς
600 1084 704 1120 δυσμὰς
724 1084 843 1120 σχήματι
865 1084 907 1116 ,ὡς

120 1127 280 1156 ἀπωθοῦντα
303 1128 338 1156 τὰ
365 1129 433 1165 ἔργα
456 1130 503 1157 τοῦ
535 1130 657 1162 σκότους.
682 1130 846 1166 Σημείωσαι,
865 1131 906 1158 ὅτι

119 1174 180 1201 τότε
196 1175 221 1201 οἱ
237 1175 355 1202 διάκονοι
369 1176 443 1212 μόνοι
460 1176 566 1210 ἐξέδυον
576 1177 639 1209 τοὺς
652 1178 699 1204 επὶ
710 1177 740 1204 τὸ
753 1177 904 1212 βάπτισμα·

119 1221 145 1247 oi.
160 1220 188 1247 δὲ
205 1221 384 1258 πρεσϐύτεροι
409 1221 442 1248 τὰ
465 1222 546 1249 λοιπὰ
565 1223 688 1254 ἐποίουν,
705 1224 724 1251 ἃ.
739 1224 787 1251 νῦν
807 1225 833 1251 οί
848 1224 907 1251 διὰ-

120 1276 193 1294 κονοι
210 1267 331 1294 ποιοῦσιν
349 1269 370 1300 ³,
382 1268 419 1300 ὡς
430 1268 517 1303 ἔγνως
532 1269 584 1306 πρὸ
602 1270 710 1306 μικροῦ·
726 1271 772 1298 καὶ
787 1272 816 1298 ἐν
828 1272 838 1287 ³
850 1272 906 1303 τοῖς

119 1313 183 1348 ἑξῆς
198 1314 226 1340 δὲ
237 1315 372 1350 εὑρήσεις,
385 1315 426 1341 ὃτι
442 1314 615 1351 λειτουργοὺς
626 1317 690 1349 τοὺς
703 1316 840 1349 διακόνους
857 1326 906 1344 κα-

119 1359 169 1386 λεῖ·
183 1360 244 1392 τοὺς
260 1360 288 1387 δὲ
300 1360 499 1397 πρεσὸυτέρους
509 1381 516 1394 ,
531 1362 622 1398 ἱερεῖς.

156 1451 170 1487 §
185 1451 242 1486 VII.
274 1452 334 1479 Τῶν
350 1451 542 1488 λειτουργῶν.
561 1453 740 1489 Δειτουργοὺς
753 1453 826 1487 λέγει
841 1454 905 1486 τοὺς

117 1498 267 1531 διακόνους.
602 1510 607 1515 ·
684 1509 687 1511 ’

152 1544 271 1578 Μὴτέρα
292 1544 347 1579 τῆς
369 1546 531 1579 υἱοθεσίας.
558 1546 672 1582 Μητέρα
695 1545 746 1581 τῆς
768 1545 904 1578 υίοθεσίας

117 1590 171 1627 τὴν
184 1591 374 1627 κολυμσήθραν
394 1592 480 1619 καλεῖ.

155 1636 191 1663 Τὸ
207 1637 286 1671 ἱερὸν
299 1637 355 1671 τῆς
370 1637 429 1664 τῶν
444 1637 625 1671 θεολήπτων.
643 1636 721 1665 Οὕτω
735 1637 785 1674 τὴν
801 1638 874 1672 λέξιν
893 1639 904 1655 ⁸

117 1683 287 1710 συντακτέον·
304 1683 335 1709 τὸ
355 1684 426 1719 ἱερὸν
449 1683 595 1719 μελῲδημα
617 1683 668 1718 τῆς
689 1684 831 1716 ἐπιπνοίας
849 1684 904 1711 τῶν

117 1728 270 1765 θεολήπτων
293 1729 449 1765 προφητῶν,
458 1730 500 1756 ἵνα
558 1730 606 1756 καὶ
623 1729 746 1756 τολοιπὺν
761 1731 776 1757 ὀ
791 1731 903 1757 ἐπίσκο-

117 1783 178 1806 πος,
191 1774 276 1802 εἰπὼν
286 1775 317 1802 τὸ
335 1775 406 1811 ἱερὸν
419 1774 565 1811 μελῴδημα
581 1775 628 1802 τοῦ
640 1776 716 1810 ἁγίου
733 1777 902 1812 Πνεύματος,

116 1821 186 1857 ὅπερ
202 1822 278 1856 ἇγιον
299 1822 440 1858 Πνεῦμαὴ
457 1822 583 1849 ἐπίπνοιά
599 1823 657 1849 ἐστι
673 1823 727 1850 τῶν
744 1824 825 1850 θείων
838 1832 905 1860 προ-

117 1867 220 1903 φητῶν,
236 1867 342 1903 δέχεται
359 1868 405 1894 τὸν
422 1867 516 1904 ἄνδρα·
537 1868 567 1894 οὒ
592 1867 647 1904 γὰρ
669 1869 700 1895 τὸ
723 1869 795 1905 ἱερὸν
818 1869 905 1905 μελῴ-

115 1912 190 1950 δημα
209 1914 264 1941 τῶν
282 1914 428 1950 προφητῶν
448 1923 539 1950 φησιν·
567 1915 596 1941 οὐ
616 1915 715 1947 πάντες
730 1916 785 1951 γὰρ
800 1916 825 1942 οἱ
843 1925 905 1952 προ-

117 1959 201 1995 φῆται
224 1958 300 1987 εἷπον
319 1960 350 1987 τὺ
374 1960 439 1987 αὐτὸ
458 1960 487 1986 ἒν
511 1958 596 1996 ᾆσμα·
621 1960 678 1988 ἐστι
701 1961 730 1988 δὲ
745 1962 760 1988 ό
781 1962 904 1994 εἰκοστὸς

115 2006 208 2040 δγδοος
217 2006 332 2042 ψαλμός·
347 2006 432 2042 Φωνὴ
449 2007 561 2041 Κυρίου
576 2007 625 2034 ἐπὶ
641 2006 701 2034 τῶν
715 2007 842 2041 ὑδάτων,
854 2009 901 2036 καὶ

116 2052 148 2079 τὸ
166 2052 356 2087 Ἀλληλούτα.

151 2098 360 2132 Kurd/unm.
377 2099 507 2126 Τουτέστι
523 2099 633 2136 λευκήν.

112 2163 113 2168 η
155 2145 198 2178 Τῷ
206 2145 450 2181 θεουργικωτάτφ.
464 2147 512 2182 Γρ.
523 2147 552 2173 ἐν
563 2146 644 2182 ἄλλῳ,
654 2147 902 2182 θεολογικωτάτῳ.

117 2191 155 2218 οὺ
175 2191 237 2227 χρὴ,
257 2192 335 2226 φησὶ,
351 2192 397 2218 τὸν
414 2192 609 2227 ἐντυγχάνοντα
625 2193 681 2224 τοῖς
698 2193 767 2227 Περὶ
784 2192 840 2227 τῆς
853 2193 902 2220 ἐκ·

116 2237 336 2272 κλησιαστικῆς
345 2239 494 2272 Ζεραρχίας
505 2239 593 2273 λόγοις
608 2238 655 2265 τοῦ
669 2239 776 2275 Πατρὺς
798 2239 902 2272 ξενίζε-

994 1034 1121 1062 Traducit
1133 1035 1168 1062 ad
1183 1036 1317 1065 orientem.
1335 1036 1392 1065 Hoc
1409 1037 1470 1066 loco
1485 1043 1640 1074 precantem
1656 1044 1684 1068 et
1697 1049 1745 1077 pe-

956 1085 1060 1109 tentem
1083 1081 1149 1109 facit
1167 1092 1173 1110 :
1193 1082 1221 1109 in
1244 1090 1277 1111 eo
1302 1087 1394 1111 autem
1418 1085 1511 1112 habitu
1535 1093 1590 1121 quo
1613 1093 1744 1116 occasum

957 1133 1072 1164 spectat,
1089 1133 1219 1165 tanquam
1244 1131 1424 1165 expellentem
1445 1139 1527 1166 opera
1554 1133 1741 1162 tenebrarum.

956 1174 1025 1202 Nota
1048 1179 1106 1202 tum
1128 1175 1259 1204 diaconOs
1281 1176 1425 1204 detrahere
1439 1180 1530 1205 vestes
1544 1177 1578 1205 iis
1592 1179 1638 1215 qui
1653 1179 1744 1214 bapti-

956 1222 1106 1255 zabantur;
1130 1222 1304 1258 presbyteros
1324 1226 1414 1250 autem
1439 1222 1538 1251 fecisse
1562 1224 1664 1260 reliqua
1683 1232 1746 1260 quae

956 1273 1031 1293 nunc
1042 1266 1150 1293 diaconi
1167 1266 1282 1298 faciunt,
1297 1267 1368 1294 sicut
1383 1267 1465 1302 paulo
1484 1272 1546 1296 ante
1562 1268 1743 1304 intellexisti;

956 1317 983 1340 et
998 1304 1025 1339 in
1047 1312 1081 1339 iis
1100 1315 1191 1339 autem
1211 1320 1272 1347 quae
1295 1318 1449 1349 sequuntur
1474 1314 1607 1349 invenies,
1623 1316 1696 1351 quod
1711 1316 1745 1343 Ii-

956 1362 1049 1394 turgos
1074 1362 1152 1386 vocet
1175 1359 1326 1392 diaconos,
1353 1364 1381 1388 et
1406 1361 1582 1398 presbyteros
1613 1363 1742 1392 sacerdo-

955 1409 1008 1433 tes.
1421 1415 1423 1418 ‘
1444 1415 1450 1419 ’

991 1452 1006 1488 §
1021 1451 1077 1480 VII.
1094 1451 1290 1481 Ministrorum.
1314 1453 1455 1483 Ministros
1471 1459 1550 1484 vocat
1565 1456 1707 1486 diaconos.
1736 1468 1740 1473 ν

990 1545 1104 1570 Matrem
1122 1544 1280 1578 adoptionis.
1297 1543 1411 1572 Matrem
1426 1549 1581 1580 auopttoms
1595 1553 1743 1581 plscmam,

955 1595 1004 1616 seu
1020 1588 1220 1623 baptisterium,
1228 1592 1318 1616 vocat.
1365 1599 1366 1603 η

991 1633 1104 1662 Sacrum
1127 1634 1182 1662 Dea
1203 1635 1363 1670 amatorum.
1381 1635 1427 1663 Sic
1451 1637 1636 1665 construenda
1655 1639 1743 1666 oratio

954 1684 996 1709 est
1011 1690 1017 1708 :
1033 1680 1144 1708 Sacram
1159 1681 1372 1708 modulationem
1389 1681 1578 1717 inspirationis
1591 1683 1741 1718 propheta-

955 1735 1026 1761 rum,
1045 1727 1092 1763 qui
1118 1727 1210 1754 divina
1233 1732 1325 1755 mente
1345 1729 1462 1762 permoti
1487 1733 1569 1762 sunt,
1589 1733 1620 1757 ut
1645 1730 1742 1757 sit:ct

955 1775 1084 1809 deinceps
1098 1774 1254 1808 episcopus,
1265 1781 1328 1801 cum
1343 1774 1411 1802 dixit
1426 1783 1533 1803 sacrum
1550 1783 1662 1805 carmen
1678 1785 1744 1805 san-

955 1821 990 1848 cti
1012 1820 1148 1855 Spiritus,
1173 1820 1220 1855 qui
1246 1823 1359 1848 sanctus
1389 1820 1507 1856 Spiritus
1530 1821 1675 1857 inspiratio
1701 1827 1745 1851 est

954 1865 1147 1900 prophetarum
1158 1884 1166 1897 ,
1190 1865 1279 1892 virum
1297 1865 1403 1901 accipit.
1433 1865 1491 1894 Non
1514 1871 1603 1895 autem
1615 1867 1682 1895 dicit
1699 1875 1744 1896 sa-

954 1919 1032 1939 crum
1056 1918 1166 1939 carmen
1191 1911 1399 1947 prOphctarum.
1426 1911 1487 1940 Non
1513 1913 1585 1941 enim
1607 1914 1744 1950 prophetae

954 1965 1052 1986 omnes
1074 1965 1158 1985 unum
1182 1960 1264 1993 atque
1287 1957 1358 1986 idem
1378 1959 1516 1986 canticum
1538 1959 1676 1988 dixerunt.
1693 1959 1742 1988 Est

954 2007 1046 2031 autem
1068 2011 1154 2031 xxvm
1176 2004 1298 2039 psalmus
1318 2014 1326 2032 :
1350 2004 1407 2032 Vox
1422 2004 1532 2033 Domini
1553 2014 1631 2042 super
1647 2015 1741 2043 aqum,

953 2053 981 2078 et
995 2050 1123 2079 Alleluia.

989 2094 1122 2131 Congrua.
1139 2096 1167 2124 Id
1184 2102 1226 2125 est
1241 2097 1313 2125 alba.

988 2141 1121 2170 Divinitu:
1144 2148 1306 2171 consecrato.
1332 2143 1468 2171 Scribitur
1486 2144 1514 2172 in
1534 2144 1603 2177 alio,
1623 2144 1742 2180 θεολογι-

933 2191 935 2194 ·
953 2186 1077 2223 κωτάτῳ,
1090 2195 1138 2215 seu
1149 2189 1263 2216 maxime
1276 2188 1420 2223 theologica
1440 2189 1523 2225 (quod
1548 2189 1622 2224 loqui
1637 2189 1671 2217 de
1687 2189 1742 2218 Deo

953 2231 1018 2260 facit
1032 2241 1113 2268 quam
1130 2233 1271 2268 maxime).
1286 2233 1346 2260 Non
1361 2237 1479 2268 oportet,
1496 2234 1597 2269 inquit,
1617 2242 1679 2262 eum
1694 2235 1742 2270 qui

117 2284 190 2316 σθαι,
207 2284 232 2311 εί
249 2283 323 2320 παρὰ
334 2284 382 2320 τὴν
394 2285 453 2312 νυνὶ
465 2285 617 2320 κρατοῦσαν
630 2286 659 2312 ὲν
671 2287 731 2317 ταῖς
744 2285 902 2321 ἐκκλησίαις

963 2283 1074 2310 'ationes
1096 2282 1281 2310 ecclesiastica:
1292 2282 1448 2310 liierarchiae
1459 2282 1586 2318 Iegit,-ab
1599 2283 1651 2310 hoc
1661 2282 1743 2313 Patre

115 2329 194 2363 τάξιν
204 2330 233 2357 ἐν
248 2331 307 2362 ταῖς
318 2330 372 2357 τῶν
387 2331 542 2367 μυστηρίων
555 2332 676 2364 τελεταῖς
687 2331 903 2368 παρηλλαγμένα

116 2375 191 2410 λέγει
208 2376 279 2404 τινά·
298 2376 391 2413 ὥσπερ
404 2377 451 2404 καὶ
467 2377 581 2404 ἐνταῦθα
599 2377 666 2413 μετὰ
685 2377 734 2413 τὴν
747 2377 837 2413 χρίσιν
854 2377 903 2405 τοῦ

118 2421 206 2458 μύρου
230 2422 280 2458 τὴν
301 2422 351 2458 τῆς
367 2423 447 2457 ἁγίας
463 2424 604 2455 κοινωνίας
626 2424 775 2459 μετάληψιν
798 2424 903 2458 εἰσάγει

116 2469 248 2504 γίνεσθαι.
273 2469 352 2501 Εἰκὸς
368 2469 422 2505 γὰρ
436 2467 470 2504 ἦν
486 2469 581 2500 ταῦτα,
598 2471 631 2505 τῇ
656 2469 710 2497 τῶν
732 2470 835 2505 χρόνων
854 2470 903 2505 μὲν

115 2516 282 2543 καταστάσει
297 2515 444 2552 ἁρμόζειν,’
455 2515 502 2542 νῦν
520 2515 549 2542 δὲ
566 2515 758 2552 ἀκριϐέστερον
781 2515 904 2550 γίνεσθαι

115 2562 147 2590 ιν
162 2563 196 2598 τῇ
214 2562 268 2589 τῶν
284 2562 363 2589 θείων
381 2561 537 2598 μυστηρίων
551 2561 642 2597 τελείᾳ
657 2561 824 2597 λειτουργίᾳ·
835 2562 864 2588 ἐν

116 2608 166 2635 καὶ
174 2608 236 2640 τοὺς
246 2608 440 2642 νεοφωτίστους
450 2608 491 2634 δεῖ
503 2607 730 2643 μεταλαμϐάνειν.
743 2607 767 2643 (§
778 2606 854 2643 VIII.)
866 2603 910 2640 Τῷ

115 2652 146 2679 δὲ
167 2654 252 2681 είπεῖν
269 2653 349 2680 πάλιν
371 2654 417 2680 ἐπὶ
436 2653 486 2688 τὴν
506 2652 560 2680 τῶν
581 2653 695 2688 πρώτων
715 2652 902 2680 ἀνατείνεσθαι

117 2697 244 2735 θεωρίαν,
259 2699 370 2736 ῆεὺχὴν
387 2699 455 2735 μετὰ
466 2698 545 2726 τοῦτο
557 2699 680 2734 γίνεσθαι
692 2699 810 2735 ᾐνίξατο,
827 2698 844 2734 ἦ
860 2699 902 2725 ὅτι

953 2327 1114 2360 abalienari,
1125 2327 1149 2355 si
1164 2331 1262 2362 praeter
1275 2335 1338 2354 eum
1351 2327 1475 2355 ordinem
1495 2328 1541 2363 qui
1557 2335 1631 2356 nunc
1644 2329 1671 2356 in
1695 2336 1741 2357 ec-

953 2374 1046 2402 clesiis
1060 2374 1142 2406 valet,
1160 2374 1186 2401 in
1201 2378 1434 2401 sacramentorum
1452 2374 1551 2402 ritibus
1567 2381 1599 2401 ac
1613 2382 1740 2403 caeremo-

953 2420 1007 2448 niis
1025 2424 1127 2447 mutata
1139 2420 1230 2455 aliqua
1245 2420 1312 2448 dicit
1325 2430 1332 2448 :
1348 2420 1578 2456 quemadmodum
1594 2421 1676 2449 etiam
1688 2422 1741 2449 Iioc

954 2466 1025 2498 loco,
1041 2470 1104 2501 post
1128 2466 1260 2501 unguenti
1285 2466 1471 2501 perfusionem
1492 2471 1594 2494 sanctae
1615 2475 1740 2495 commu-

955 2513 1047 2541 nionis
1061 2513 1297 2548 participationem
1310 2513 1368 2541 ﬁeri
1384 2512 1439 2548 58
1454 2513 1568 2541 inducit.
1585 2512 1741 2541 Verisimile

957 2562 1000 2587 est
1007 2558 1117 2594 quidem
1126 2559 1183 2586 haec
1190 2558 1273 2587 statui
1281 2562 1309 2587 et
1316 2558 1467 2586 conditioni
1475 2564 1626 2594 temporum
1638 2565 1740 2587 conve-

954 2605 1024 2639 nire,
1031 2613 1104 2633 nunc
1111 2609 1202 2633 autem
1215 2605 1373 2633 accuratius
1382 2605 1524 2633 observari
1537 2605 1566 2632 in
1581 2603 1739 2631 divinorum

955 2653 1146 2688 mysteriorum
1158 2651 1279 2688 perfecto
1286 2652 1376 2680 missa:
1387 2652 1552 2685 ministerio,
1559 2651 1587 2677 in
1594 2658 1648 2685 quo
1657 2650 1739 2677 etiam

954 2697 974 2725 ii
991 2698 1039 2734 qui
1054 2706 1151 2727 recens
1168 2698 1299 2726 illustrati
1316 2701 1391 2732 sunt,
1404 2697 1608 2726 communicare
1629 2694 1738 2723 debent.

599 2820 716 2848 νΑῆιῶ
733 2818 926 2847 LECTIONES
943 2819 987 2848 ET
1003 2819 1279 2849 CORRECTIONES.

161 2923 171 2939 ¹
184 2923 223 2950 ιν,
257 2923 267 2938 ¹
278 2921 454 2950 ἐπιτελοῦσιν.
467 2953 472 2957 ς
488 2923 498 2940 ³
513 2922 541 2950 ἐν
552 2921 590 2958 τῷ
606 2921 730 2958 προτέρῳ
745 2920 901 2958 καταβατῷ·
919 2922 965 2949 καὶ
977 2923 1015 2950 ἐν.
1050 2922 1060 2938 ⁸
1075 2922 1104 2949 τὸ
1119 2921 1210 2957 ῥητόν.
