1925 3060
179 167 236 198 127

563 169 737 199 APPENDIX
751 170 798 198 AD
810 169 928 200 OPERA
939 169 972 198 S.
989 168 1142 203 DIONYSII
1164 169 1411 200 MEOPAGITE.

1753 171 1806 200 128

178 226 211 264 (5
235 225 316 263 VIII.)
340 226 409 256 Cum
432 232 523 257 autem
557 229 607 262 ait,
634 236 733 258 rursus
755 228 790 258 ad
819 229 967 266 primorum

1023 228 1092 265 μετὰ
1110 228 1190 256 τοῦτο
1204 230 1220 257 ὁ
1241 229 1372 266 ίεράρχης
1389 228 1457 266 πρὸς
1475 228 1528 266 τὴν
1543 229 1618 258 θείαν
1638 229 1731 258 luctat
1752 228 1806 256 λει-

180 274 442 310 contemplationem
465 275 593 308 excitari,
619 276 664 303 vel
692 275 878 312 precationem
907 279 969 312 post

181 320 235 348 hoc
250 320 310 349 ﬁeri
325 320 486 353 insinuavit,
502 325 549 349 aut
567 324 629 357 post
642 321 695 349 hoc
709 321 866 357 pontiﬁcem
881 320 915 349 ad
927 321 969 349 di-

180 366 273 395 vinam
287 367 401 394 missam
415 367 520 396 venire.

179 434 182 436 .
216 412 258 439 Ad
279 420 368 440 rerum
384 414 579 448 pracipuarum
597 414 743 450 estigitur.
768 413 847 447 Quod
863 414 912 446 ait,
927 417 970 443 est

180 457 339 494 bujusmodi
353 468 360 486 :
372 458 525 495 Episcopus
548 459 596 495 qui
617 459 664 488 Dei
684 459 807 488 omnium
822 466 969 495 personam

179 504 310 543 sustinet,
325 507 357 532 ut
373 504 445 533 Deus
460 505 487 532 in
504 512 558 533 uno
579 505 731 541 eodemque
751 509 826 534 statu
841 513 968 538 manens.

179 553 208 579 et
222 551 251 578 in
266 550 326 586 ipso
337 550 418 583 ﬁxus.
434 558 575 587 nunquam
590 559 621 579 se
638 551 779 584 deserens,
796 552 894 581 salutis
910 559 969 580 om-

180 595 257 623 nium
278 603 362 624 causa
384 595 565 632 providentia
589 604 645 625 sua:
670 598 911 633 progressionibus
934 598 969 626 ad

177 642 272 672 omnia
286 641 418 670 bonitatis
440 643 641 671 illustrationes
659 643 774 671 effundit
793 649 821 672 et
835 645 967 679 extendit,

179 687 362 724 omnibusque
385 696 507 724 praesens
527 693 586 722 est,
604 697 656 718 nec
673 697 691 718 a
708 690 858 719 stabilitate
883 691 968 719 ﬁrmi-

177 737 291 769 tateque
301 741 352 762 sua
363 734 497 769 discedit;
511 735 552 763 sic
563 735 646 764 etiam
657 736 812 772 episcopus,
826 736 872 765 Dei
884 745 968 773 quam

144 784 311 818 gprzestare
335 784 425 816 potest
451 782 624 818 signiﬁcandi
651 790 736 811 causa
762 784 916 813 imitatione
939 785 968 814 in

158 816 164 825 ’
176 829 253 856 statu
264 833 315 855 suo
326 834 451 857 manens.
468 816 495 855 id
507 832 549 856 est
559 829 587 856 in
601 829 789 858 ecclesiastico
801 830 966 866 principatu,

177 871 270 907 prodit
291 872 464 907 providentia
483 873 664 902 humanitatis
681 875 714 902 ad
729 875 867 908 secunda;
885 876 913 903 id
925 879 968 904 est

177 917 319 946 descendit
338 918 372 945 ad
388 926 450 946 eum
466 920 513 954 qui
526 927 555 948 se
566 921 717 953 convertit,
732 925 759 948 et
768 921 848 949 docet
857 930 930 955 eum.
940 926 967 951 et

177 965 264 999 ungit,
280 967 308 991 et
323 963 435 1000 insignit
451 964 519 1001 (sive
534 970 736 995 sacramentum
752 967 968 997 conﬁrmationis

175 1009 309 1045 confert),
323 1010 405 1046 eique
418 1010 520 1039 donum
537 1012 575 1047 (id
587 1017 630 1040 est
643 1013 825 1042 venerabilem
840 1014 968 1043 euchari-

176 1055 270 1091 stiam)
278 1056 409 1091 impertit,
418 1060 562 1092 postquam
569 1058 727 1093 baptizavit.
738 1058 801 1087 Haec
807 1063 897 1088 autem
904 1067 967 1088 cum

176 1101 326 1129 ministerii
342 1101 407 1134 sint,
426 1103 546 1130 secunda
561 1106 627 1132 sunt
644 1104 679 1132 ab
693 1105 754 1140 ejus
770 1106 929 1142 principatu
940 1110 968 1135 et

176 1147 322 1183 dignitate.
344 1147 479 1176 Perfectis
498 1156 562 1185 ergo
577 1150 708 1179 secundis
727 1151 866 1185 omnibus,
881 1153 915 1180 ad
928 1153 968 1180 al—

176 1196 238 1220 tare
251 1192 407 1226 revertitur,
423 1198 623 1229 repraesentans
640 1194 698 1224 Deo
714 1204 763 1231 per
778 1197 867 1233 signa,
881 1198 965 1233 quod,

176 1238 231 1267 etsi
245 1238 344 1267 salutis
358 1238 418 1274 ejus
432 1239 479 1275 qui
495 1241 612 1269 accessit
625 1248 708 1270 causa
723 1242 758 1269 ad
773 1243 893 1272 secunda
908 1252 969 1280 pro-

176 1281 266 1311 fectus
277 1283 324 1318 sit,
339 1283 457 1312 ofﬁcium
474 1289 563 1314 tamen
584 1294 640 1315 non
654 1289 762 1316 omittat
776 1292 804 1317 et
823 1290 852 1317 in
866 1290 966 1325 cilicio,

176 1329 206 1359 id
219 1333 261 1358 est
277 1330 306 1358 in
324 1331 423 1359 divina:
439 1333 678 1368 contemplationis
692 1333 812 1371 fastigio,
826 1337 965 1372 persistat.

177 1374 232 1404 Sed
247 1384 265 1403 α
278 1375 384 1410 divinis,
398 1384 448 1412 pro
462 1384 478 1404 a
495 1382 591 1406 sancto
606 1387 728 1413 munere,
740 1382 813 1416 quod
827 1382 856 1410 in
871 1383 905 1411 iis
919 1383 967 1419 qui

176 1429 275 1451 recens
290 1422 419 1452 illustrati
436 1428 501 1452 sunt
516 1425 651 1460 expletur,
668 1426 703 1454 ad
716 1427 819 1460 divina,
836 1427 864 1455 id
875 1432 919 1456 est
932 1429 966 1457 ad

176 1465 278 1495 divina!
297 1468 537 1504 contemplationis
563 1470 693 1498 verticem
709 1479 807 1500 rursus
829 1474 968 1501 converti-

176 1515 241 1546 tur,
255 1513 290 1542 ad
305 1513 331 1540 id
348 1514 422 1549 quod
438 1517 535 1543 sancto
550 1513 664 1551 Spiritui
679 1515 814 1551 videatur,
831 1517 967 1554 impulsus

1020 275 1159 312 τουργίαν.

1062 402 1124 432 Ἐπὶ
1148 402 1206 438 τὴν
1228 403 1289 431 τῶν
1310 403 1433 439 πρώτων
1455 403 1650 433 ἀνατείνεται.
1676 404 1710 431 '0
1732 403 1805 440 λέγει

1018 449 1138 477 τοιοῦτόν
1153 451 1237 478 ἐστιν’
1249 450 1263 477 ὸ
1279 450 1437 484 ἐπίσκοπος,
1453 450 1503 487 τὴν
1524 450 1618 478 είκόνα
1635 450 1740 486 ἐπέχων
1757 451 1805 478 τοῦ

1020 496 1128 523 πάντων
1144 496 1224 530 Θεοῦ,
1237 496 1332 533 ὥσπερ
1342 497 1357 524 ὁ
1368 497 1434 529 Θεὸς
1446 497 1493 524 ἐπὶ
1503 497 1554 533 τῆς
1569 496 1672 529 οἰκείας
1683 497 1806 533 ένότητος

1019 542 1063 569 ἀεὶ
1092 542 1181 578 μένων
1202 543 1251 571 καὶ
1271 543 1452 579 ταυτότητος,
1475 544 1522 571 καὶ
1544 544 1744 580 ἀνεκφοιτήτως
1766 544 1806 576 είς

1020 589 1115 617 ἑαυτὸν
1132 589 1282 626 ἱδρυμένος,
1299 590 1438 626 σωτηρίας
1451 590 1534 618 ἓνεκα
1546 590 1655 618 πάντων
1670 591 1731 622 ταῖς
1740 598 1806 626 προ-

1019 636 1158 670 νοητικαϊς
1180 636 1304 671 προόδοις
1320 636 1367 663 ἐπὶ
1389 636 1479 664 πάντα
1499 636 1550 668 τὰς
1569 637 1619 672 τῆς
1639 636 1806 673 ἀγαθὸτητος

1019 681 1165 717 ὲλλάμψεις
1178 682 1305 716 ἐκτείνει,
1317 683 1366 710 καὶ
1380 683 1448 710 πᾶσι
1464 683 1580 720 πάρεστι
1591 683 1641 719 τῆς
1654 683 1721 715 ιδίας
1734 683 1806 719 ἱδρύ-

1020 735 1089 760 σεως
1102 727 1153 754 οὐκ
1168 728 1299 761 ἀποστάς·
1316 728 1387 756 οὕτω
1403 729 1450 756 καὶ
1469 730 1484 756 ὁ
1502 728 1660 761 ἐπίσκοπος,
1676 728 1747 756 κατὰ
1761 728 1806 764 μί-

1021 781 1103 809 μησιν
1126 773 1164 806 ὡς
1186 774 1298 802 δυνατὸν
1325 774 1497 811 συμϐολικῶς
1521 775 1569 803 τοῦ
1592 775 1672 808 Θεοῦ,
1685 775 1733 802 ἐπὶ
1757 775 1807 811 τῆς

1021 818 1088 852 ιδίας
1112 819 1233 852 στάσεως
1258 820 1356 857 μένων,
1377 821 1499 848 τουτέστι
1515 821 1566 857 τῆς
1582 821 1808 857 ἑκκλησιαστικῆς

1019 866 1117 902 ἀρχῆς,
1142 866 1250 903 πρόεισι
1266 867 1380 903 προνοίᾳ
1402 866 1607 903 φιλανθρωπίας
1626 866 1674 894 ἐπὶ
1694 867 1730 893 τὰ
1747 865 1809 893 δεύ-

983 904 1006 935 Β
1018 921 1094 949 τερα,
1114 913 1251 941 τουτέστιν
1272 914 1313 946 είς
1329 913 1361 941 τὸ
1383 913 1505 941 κατιέναι
1523 914 1591 950 πρὸς
1613 913 1658 941 τὸν
1681 911 1808 948 ἐπιστρέ-

1019 967 1112 993 φοντα,
1125 959 1172 986 καὶ
1188 959 1308 987 διδάσκει
1325 959 1415 992 αὐτὸν,
1428 959 1476 986 καὶ
1492 959 1573 995 χρίει,
1587 959 1635 986 καὶ
1649 954 1806 995 σφραγίζει,

1017 1006 1065 1034 καὶ
1077 1006 1238 1042 μεταδίδωσι
1251 1005 1299 1033 τοῦ
1315 1005 1401 1042 δώρου
1414 1005 1556 1041 βαπτίσας.
1573 1004 1666 1032 Ταῦτα
1676 1004 1705 1031 δὲ
1717 1004 1808 1032 πάντα

1017 1052 1056 1084 ὡς
1070 1051 1244 1088 λειτουργικὰ
1260 1051 1375 1087 δεύτερά
1387 1052 1440 1078 εισι
1451 1051 1501 1087 τῆς
1517 1050 1606 1087 ἀρχῆς
1624 1050 1718 1078 αὐτοῦ.
1738 1050 1807 1086 Πλη-

1019 1097 1110 1134 ρώσας
1132 1095 1178 1126 οὖν
1195 1098 1231 1125 τὰ
1251 1097 1366 1134 δεύτερα
1379 1098 1478 1130 πάντα,
1495 1097 1577 1125 πάλιν
1596 1097 1736 1125 ἐπάνεισιν
1760 1096 1808 1124 ἐπὶ

1016 1144 1047 1172 τὸ
1059 1144 1260 1181 θυσιαστήριον,
1271 1144 1413 1181 παριστῶν
1425 1143 1597 1180 συμϐολικῶς
1610 1143 1658 1171 ἐπὶ
1668 1142 1715 1170 τοῦ
1726 1142 1806 1176 Θεοῦ,

1017 1190 1069 1224 δτι,
1082 1191 1169 1218 καίτοι
1183 1190 1323 1228 προελθὼν
1339 1190 1526 1227 προνοητικῶς
1536 1191 1577 1223 εἰς
1588 1190 1622 1218 τὰ
1633 1189 1746 1226 δεύτερα
1756 1189 1809 1226 τῆς

1016 1237 1064 1264 τοῦ
1082 1237 1274 1274 προσελθόντος
1289 1237 1371 1264 ἕνεκα
1384 1237 1529 1273 σωτηρίας,
1543 1237 1617 1273 ὅμως
1631 1237 1681 1264 οὒκ
1697 1236 1805 1272 ἀπέστη

1016 1282 1065 1310 τοῦ
1089 1283 1124 1311 τὰ
1139 1284 1227 1311 οἰκεῖα
1251 1283 1393 1320 πράττειν,
1416 1283 1465 1310 καὶ
1487 1285 1516 1311 ὲν
1540 1284 1597 1316 τοῖς
1620 1282 1702 1310 αὐτοῦ
1724 1279 1809 1315 εἶναι,

1016 1330 1156 1357 τουτέστιν
1174 1331 1203 1357 ὲν
1219 1331 1276 1363 τοῖς
1288 1330 1338 1366 τῆς
1355 1330 1420 1366 περὶ
1433 1330 1500 1358 Θεὸν
1517 1329 1634 1366 θεωρίας
1649 1328 1804 1365 ὑψώμασιν·

1017 1376 1075 1404 ἀλλ’
1094 1376 1152 1404 ἀπὸ
1168 1376 1270 1409 θείων,
1287 1376 1348 1404 ἀντὶ
1363 1376 1411 1403 τοῦ
1430 1377 1463 1404 ὲκ
1482 1375 1533 1412 τῆς
1547 1376 1602 1403 τῶν
1621 1376 1686 1413 περὶ
1704 1384 1806 1410 νεοφω-

1016 1424 1116 1451 τίστων
1134 1423 1215 1459 ἁγίας
1231 1423 1414 1460 λειτουργίας,
1438 1423 1479 1455 εις
1504 1422 1574 1456 θεῖα,
1586 1422 1668 1449 οῐονελ⁸
1689 1421 1758 1458 πρὸς
1774 1421 1806 1448 τὸ

1016 1470 1067 1506 τῆς
1080 1470 1237 1506 θεολογικῆς
1251 1469 1367 1506 θεωρίας
1379 1468 1446 1504 ὒψος
1457 1468 1538 1496 πάλιν
1551 1468 1722 1504 ἐπιστρέφει,
1736 1467 1805 1504 πρὸς

1016 1516 1047 1543 τὸ
1057 1515 1097 1552 τῷ
1112 1515 1182 1552 ἁγίῳ
1200 1515 1340 1552 Πνεύματι
1359 1514 1454 1542 δοκοῦν
1472 1514 1605 1550 ἀγόμενος
1620 1514 1668 1541 καὶ
1685 1513 1803 1549 μεταγά-

177 1562 260 1595 atque
283 1560 435 1589 traductus.
463 1560 528 1589 Haec
552 1561 634 1590 etiam
661 1563 743 1597 paulo
765 1567 828 1599 post
850 1564 919 1592 dicit
938 1565 966 1593 in

1022 1571 1108 1599 μενος.
1125 1561 1219 1590 Ταῦτα
1234 1562 1281 1589 καὶ
1302 1561 1372 1598 μετὰ
1393 1560 1496 1597 βραχέα
1509 1561 1590 1596 φησιν
1602 1561 1631 1587 έν
1646 1560 1680 1595 τῇ
1702 1558 1804 1595 Θεωρία

177 1606 303 1642 mysterii
316 1607 520 1637 communionis
534 1609 774 1644 contemplatione.

213 1653 307 1689 Aque.
322 1653 397 1690 Aqua
412 1655 485 1683 enim
499 1662 532 1683 ea
546 1662 608 1691 quae
620 1655 760 1684 immunda
774 1661 839 1685 sunt
853 1659 967 1695 expian—

178 1701 235 1727 tur.

213 1744 258 1772 111.
276 1744 290 1781 ς
305 1744 327 1773 1.
346 1744 476 1775 Iminuet.
497 1746 577 1783 Apud
590 1755 638 1776 eos
653 1748 700 1784 qui
715 1748 829 1777 audiunt
840 1755 967 1786 oportere

177 1790 261 1819 etiam
284 1790 344 1819 ﬁeri
363 1791 621 1828 interpretationes;
636 1799 664 1822 et
679 1794 824 1832 plerosque
844 1805 899 1825 non
917 1805 967 1826 au-

178 1837 239 1866 dire
254 1837 351 1866 solitos
366 1838 502 1874 ejusmodi
515 1841 656 1876 mysteria,
673 1842 746 1877 quod
765 1842 832 1871 dicit
844 1845 966 1873 muttini-

178 1883 278 1911 dinem.
483 1916 486 1918 ,

216 1928 279 1965 511.
299 1928 406 1958 Unitiva
430 1939 448 1958 α
472 1932 641 1966 promiscuis.
670 1932 780 1962 Unitiva
802 1938 890 1970 vocat,
905 1943 967 1971 qua

178 1974 273 2010 divina
291 1975 435 2005 imitantur
449 1986 457 2004 :
471 1978 627 2013 promiscua
645 1986 709 2007 vero
725 1980 847 2016 vulgaria
861 1986 888 2009 et
901 1990 967 2017 pro-

178 2020 253 2049 fana.

215 2067 249 2094 In
260 2075 336 2102 opere
350 2068 390 2096 De
403 2069 623 2106 intelligibilibus.
640 2070 679 2100 De
692 2072 775 2102 rebus
786 2080 846 2109 quia
858 2074 966 2103 ratione

177 2112 377 2150 intelliguntur,
393 2118 420 2143 et
446 2123 507 2151 quae
531 2116 583 2145 sub
602 2125 712 2146 sensum
740 2119 851 2152 cadunt,
866 2120 966 2148 librum

178 2158 214 2187 ab
229 2158 290 2194 ipso
303 2161 436 2196 scriptum
449 2169 521 2196 esse,
538 2167 565 2191 et
582 2164 648 2199 quid
662 2165 811 2194 contineat.

212 2203 268 2240 59
283 2203 297 2241 §
313 2204 356 2233 111.
374 2205 501 2236 Dicamus
515 2208 612 2244 itaque.
622 2209 883 2246 Contemplatioues.

213 2250 384 2282 Mentalibus.
409 2253 510 2282 Earum
530 2259 691 2284 naturarum
706 2265 767 2293 qua:
782 2259 881 2288 mentis
901 2265 966 2288 sunt
980 2249 1003 2277 ι)

177 2301 329 2332 compotes.
344 2299 399 2327 duo
413 2300 484 2327 mala
500 2301 577 2330 dicit.
593 2302 646 2330 Aut
659 2303 731 2330 enim
746 2304 826 2339 plane
842 2312 857 2331 ιι
870 2305 964 2334 divino

176 2343 281 2371 lumine
294 2344 438 2374 discedunt
451 2351 478 2374 et
492 2347 631 2381 aberrant,
645 2353 768 2378 amantes
783 2350 902 2385 malum;
918 2356 966 2380 aut

177 2389 251 2425 quod
265 2391 433 2426 neglexerint
449 2393 639 2422 illustrationis
656 2395 767 2423 modum
776 2397 822 2432 qui
834 2397 875 2425 eis
883 2397 964 2426 datus

176 2439 230 2468 est,
239 2439 321 2471 atque
335 2444 397 2464 eum
412 2441 513 2467 temere
526 2440 644 2469 transire
655 2445 761 2469 conata:
775 2442 840 2476 sint,
849 2446 876 2470 et
892 2443 964 2478 quod

177 2487 272 2508 earum
294 2481 349 2509 vim
371 2487 492 2518 superat,
512 2486 743 2520 comprehendere
756 2494 811 2515 non
827 2488 960 2521 valentes,

177 2527 303 2555 amittent
323 2529 436 2557 omnino
454 2530 537 2558 etiam
561 2533 683 2566 modum,
700 2534 747 2570 qui
766 2534 807 2562 eis
828 2534 909 2562 datus
921 2538 964 2561 est

177 2573 263 2601 divini
285 2574 412 2609 luminis,
429 2577 503 2612 quod
524 2578 626 2614 ubique
652 2584 744 2609 manet
769 2580 916 2616 ejusmodi,
933 2584 964 2607 ut

176 2620 302 2648 consumi
319 2629 374 2649 non
389 2623 487 2657 possit.

211 2666 325 2695 Arbitrii
338 2667 457 2698 libertas.
481 2669 550 2698 Nota
565 2675 667 2705 autem,
682 2680 789 2701 omnem
805 2672 852 2708 qui
864 2672 963 2701 mentis

177 2716 221 2741 est
232 2718 373 2752 aspectum
384 2719 413 2744 et
423 2716 479 2745 vim
493 2717 550 2746 sive
561 2718 721 2755 angelorum
736 2719 794 2747 sive
807 2718 961 2751 hominum,

1016 1608 1064 1637 τοῦ
1085 1609 1234 1646 μυστηρίου
1248 1608 1301 1644 τῆς
1316 1607 1468 1639 κοινωνίας.

1054 1655 1094 1691 Τῇ
1108 1655 1146 1683 δι’
1155 1655 1274 1689 ὕδατος.
1299 1653 1346 1691 Τῷ
1367 1653 1422 1689 γὰρ
1446 1652 1522 1680 ὕδατι
1542 1651 1578 1679 τὰ
1596 1651 1738 1688 ἀκάθαρτα
1753 1658 1805 1678 κα-

1016 1702 1162 1739 θαίρονται.

1051 1748 1123 1785 ιιις
1139 1747 1159 1775 Ι.
1177 1747 1390 1783 Δίνισσομένη.
1409 1747 1471 1774 ὀτι
1488 1746 1557 1783 πρὸς
1573 1745 1637 1778 τοὺς
1655 1745 1804 1778 ἀκούοντας

1015 1795 1056 1822 δεῖ
1073 1795 1120 1822 καὶ
1137 1794 1187 1826 τὰς
1203 1793 1349 1830 ἑρμηνείας
1368 1792 1503 1820 ποιεῖσθαι
1515 1801 1522 1808 ι
1546 1792 1593 1819 καὶ
1605 1792 1646 1819 ὅτι
1667 1792 1692 1818 oi
1710 1791 1805 1820 πολλοὶ

1015 1841 1127 1877 ἀνήκοοί
1150 1841 1203 1868 είσι
1222 1839 1278 1867 τῶν
1299 1838 1427 1866 τοιούτων
1448 1838 1622 1874 μυστηρίων,
1644 1838 1712 1872 ὅπερ
1730 1835 1805 1871 λέγει

1016 1887 1146 1922 πληθύν.

1051 1933 1065 1969 §
1081 1932 1113 1960 ll.
1135 1931 1266 1966 Ἑνοειδῆ
1281 1931 1338 1966 τῆς
1353 1929 1498 1965 πληθύος.
1527 1928 1646 1964 Ἐνοειδῆ
1666 1937 1733 1965 φησι
1754 1928 1805 1964 τὴν

1017 1978 1132 2014 θεοειδῆ·
1151 1977 1269 2014 πληθύος
1279 1978 1320 2010 δὲ,
1335 1977 1390 2005 τῶν
1401 1975 1506 2004 πολλῶν
1521 1975 1569 2004 καὶ
1580 1976 1706 2012 ἀνιέρων,

1021 2104 1026 2106 _
1058 2068 1107 2097 Ἐν
1122 2069 1160 2105 τῇ
1175 2069 1246 2104 Περὶ
1262 2067 1389 2103 νοητῶν.
1403 2067 1463 2095 ’Ότι
1484 2067 1548 2104 περὶ
1568 2067 1672 2104 νοητῶν
1691 2069 1738 2096 καὶ
1760 2068 1804 2095 αἰ-

1017 2116 1123 2153 σθητῶν
1141 2115 1310 2152 σύγγραμμα
1326 2114 1399 2150 αὐτῷ
1422 2114 1582 2151 πεπόνηται,
1605 2115 1652 2141 καὶ
1673 2114 1699 2141 τί
1723 2123 1804 2150 περι-

1017 2163 1084 2199 έχει.

1054 2211 1069 2248 §
1085 2210 1130 2239 Ill.
1147 2210 1284 2245 Λέγτυμεν
1298 2209 1412 2236 τοίνυν.
1429 2207 1558 2243 Θεωρίαι.

1055 2257 1117 2285 Τῶν
1130 2255 1251 2290 νοερῶν.
1269 2254 1321 2282 Δύο
1331 2254 1428 2286 κακίας
1444 2253 1517 2288 λέγει
1526 2253 1580 2280 τῶν
1591 2253 1700 2289 νοερῶν·
1715 2251 1732 2288 ἢ
1748 2251 1806 2289 γὰρ

1015 2303 1125 2335 τελείως
1148 2302 1309 2338 ἀφίστανται
1333 2300 1381 2328 τοῦ
1403 2300 1476 2327 θείου
1499 2299 1604 2334 φωτὸς,
1627 2298 1730 2335 ὲρῶσαι
1753 2298 1805 2334 τῆς

1015 2349 1124 2381 κακίας·
1147 2348 1163 2384 ἢ
1180 2348 1210 2375 τὸ
1230 2348 1306 2375 δοθὲν
1321 2347 1416 2379 αὑταῖς
1431 2346 1482 2382 τῆς
1504 2346 1663 2382 ὲλλάμψεως
1680 2345 1778 2382 μέτρον
1791 2345 1804 2361 ⁸

1016 2395 1261 2433 περιφρονήσασαι,
1274 2393 1321 2420 καὶ
1334 2392 1485 2428 ὑπερϐῆναι
1497 2391 1576 2419 τοῦτο
1586 2391 1729 2428 τολμηρῶς
1742 2393 1804 2418 επι-

1016 2443 1188 2478 χειρήσασαι,
1209 2440 1257 2467 καὶ
1277 2439 1308 2467 τὸ
1326 2439 1487 2475 ὑπερϐαἶνον
1507 2438 1556 2474 τὴν
1579 2438 1693 2474 δύναμιν
1713 2437 1805 2464 αὐτῶν

1016 2487 1179 2516 καταλαϐεῖν
1201 2487 1383 2522 ἀτονήσασαι,
1404 2484 1598 2518 ἁποτεύξονται
1623 2484 1730 2515 πάντως
1755 2484 1804 2510 καὶ

1015 2534 1062 2562 τοῦ
1078 2534 1199 2565 δοθέντος
1214 2533 1309 2564 αὑταῖς
1327 2531 1443 2568 μέτρου,
1462 2530 1510 2558 τοῦ
1528 2530 1599 2557 θείου
1617 2529 1705 2565 φωτὸς
1725 2529 1806 2556 ἀναλ-

1015 2580 1126 2608 λοιὼτου
1140 2580 1265 2616 μένοντος
1278 2578 1425 2614 πανταχοῦ.

1051 2670 1240 2705 Δὺθαιρετος.
1258 2668 1424 2706 Σημείωσαι,
1435 2667 1476 2694 ὅτι
1493 2667 1567 2694 πᾶσα
1582 2666 1663 2703 νοερὰ
1679 2665 1742 2702 δψις
1757 2666 1805 2693 καὶ

1016 2717 1130 2753 δύναμις
1142 2715 1198 2743 εἴτε
1210 2715 1333 2750 ἀγγέλων
1349 2714 1404 2742 εῐτε
1422 2713 1469 2741 καὶ
1481 2712 1631 2749 ἀνθρώπων
1642 2711 1803 2747 αὐθαίρετός

637 2818 755 2849 ῩΑΒΙΛΕ
774 2815 967 2849 LECTIONES
983 2818 1028 2847 ET
1043 2813 1319 2848 COREECTIONES.

215 2905 226 2921 '
237 2904 328 2940 μέρος.
