1925 3060
143 154 200 183 ην

138 213 196 241 ἔστι
212 212 259 240 καὶ
275 211 457 246 αὐτεξούσιος·
475 210 523 238 καὶ
539 210 598 243 πῶς
611 211 641 238 ὲν
653 210 739 247 κακίᾳ
752 210 868 246 γίνεται.

178 302 360 338 Ἅπήρτηται.
386 302 491 338 ’Ὠσπερ
518 302 549 329 τὸ
573 301 758 338 συνηρτῆσθαι
789 302 865 338 δηλοῖ
891 302 922 329 τὺ

139 348 332 385 συναρμόσθαι,
345 347 416 375 οὕτω
432 349 478 376 καὶ
493 348 523 375 τὸ
540 348 714 384 ἀπηρτῆσθαι
732 348 764 375 τὸ
778 350 922 377 ἐκπεπτω-

138 395 215 422 κέναι
235 395 286 430 τῆς
307 395 430 431 ἀρμογῆς
448 395 495 422 καὶ
514 395 564 430 τῆς
588 395 735 430 συμφυΐας·
759 395 816 429 ἐσθ’
827 396 872 422 ὅτε
893 396 922 423 δὲ

138 442 185 468 καὶ
198 442 229 468 τὸ
245 441 432 477 ὲκκρεμᾱσθαι
447 442 464 477 ἡ
481 441 552 474 λέξις
567 441 651 477 δηλοῖ.
675 441 807 469 Ἐνταῦθα
830 442 922 478 μέντοι

137 486 207 514 κατὰ
221 487 252 514 τὸ
268 487 396 524 πρότερον
413 487 609 523 σημαινόμενον
625 487 761 523 εῐληπται.

172 578 241 605 Εἴτε
255 577 308 605 τοῦ
320 577 454 613 μετρίως.
477 578 523 611 Ἐξ
539 578 642 610 εἰκόνος
656 577 703 606 τοῦ
719 579 849 615 αἰσθητοῦ
865 588 921 614 φω-

135 623 181 656 τδς
196 624 242 651 ἐπὶ
257 624 287 651 τὸ
301 624 355 651 τῶν
376 624 455 652 θείων
474 625 594 659 νοήσεων
614 624 770 661 σύμμετρον
789 626 921 661 ἀρμόσεις

134 671 166 698 τὺ
181 671 333 707 εἰρημένον·
350 672 410 699 ἐπεὶ
425 672 472 699 καὶ
487 672 650 708 γέγραπταιυ
669 672 850 707 Ὑψηλότσρά
862 679 921 700 σου

133 717 175 752 μὴ
191 717 277 751 ζήτει·
293 718 311 746 ἃ
333 718 488 754 προσετάγη
505 728 562 752 σοι,
577 719 664 747 ταῦτα
684 719 799 748 διανοοῦ·
822 720 921 756 μέτρον

135 763 189 800 γὰρ
204 765 234 790 ἐν
248 763 353 797 τούτοις
367 765 399 793 τὸ
415 765 569 803 σύμμετρον
584 767 667 801 λέγει.

172 854 233 881 Τῶν
240 854 298 889 μὲν·
306 854 469 882 ἀνοικείων.
482 855 542 883 Τῶν
556 856 592 892 μὴ
605 855 809 893 ἑναρμοζόντων
819 857 830 873 ⁸
839 856 918 893 αὐτῇ,

134 898 172 932 ὡς
187 900 382 936 ὑπερεχόντων.

169 945 247 979 Πρὸς
262 947 374 981 ταύτην
390 949 407 974 ὀ
423 947 509 981 θεῖος.
534 948 613 980 Τίνος
627 948 712 981 τύπος
727 950 742 976 ὁ
757 949 917 983 ἐπίσκοπος.

168 992 352 1026 Προσιοῦσιν
376 993 450 1026 ταῖς.
477 991 540 1021 Ὧδε
568 994 669 1030 σαφῶς,
694 996 734 1022 ὅτι
761 995 830 1032 πρὸς
856 997 918 1029 τοὺς

133 1037 282 1070 ἀκούοντας
297 1039 426 1066 διδάσκει.

171 1082 184 1118 ς
201 1082 244 1110 IV.
268 1083 490 1120 Ἐπιγνώμονες.
507 1085 675 1122 Σημειωσαι,
692 1087 732 1114 ὅτι
748 1088 855 1124 πρῶτον
871 1089 918 1116 δῶ-

136 1137 181 1165 ρον
197 1130 229 1156 ὲκ
243 1130 292 1165 τῆς
307 1130 437 1166 ἀκριϐοῦς
455 1131 627 1164 διδασκαλίας
642 1133 738 1160 κτᾶται
753 1143 796 1166 τις
811 1135 841 1161 τὸ
856 1136 917 1162 ἑπι-

135 1175 235 1209 γνῶναι
246 1176 401 1209 ἐαυτὸν,ἱ⁷να
417 1178 447 1204 τὸ
462 1179 491 1205 ὲν
506 1178 545 1214 τῷ
560 1179 634 1216 νόμῳ
650 1180 765 1218 φυλάξῃ,
783 1182 918 1217 Πρόσεχε

133 1220 261 1254 σεαυτῷ,
283 1222 321 1254 ὡς
338 1224 384 1250 καὶ
398 1224 412 1250 ὁ
428 1223 498 1256 θεῖος
519 1225 570 1261 ἔφη
595 1226 743 1259 Βασίλειος·
768 1227 839 1256 οὕτω
863 1229 917 1266 γὰρ

132 1266 201 1298 τέως
217 1269 340 1302 μιμεῖται
355 1268 487 1304 ἀγγέλους
500 1271 564 1302 τοὺς
578 1270 760 1305 γινώσκοντας
774 1273 896 1306 ἑαυτούς.

172 1353 293 1388 Ὀρατὸν
312 1356 493 1392 ἀνατρέχων.
522 1359 632 1396 ὀρατὺν
654 1362 771 1390 ἐνταῦθα
792 1363 823 1391 τὺ
847 1364 915 1392 θεω-

133 1399 224 1435 ρητὺν,
235 1400 316 1439 ηγουν
324 1402 468 1438 ἐπιστητὸν
477 1403 560 1439 λέγει·
570 1406 725 1443 ἀνατρέχων
734 1408 916 1441 δὲ,τουτέστιν

131 1443 203 1492 δλοςᾲ
212 1446 370 1482 κινούμενος
393 1449 440 1476 ἐπὶ
459 1449 489 1476 τὸ
509 1450 585 1487 ὀρᾷν·
604 1452 676 1488 ἱερὸν
695 1453 724 1480 δὲ
744 1455 829 1491 δῶρόν
850 1464 915 1492 φησι

131 1491 162 1518 τὸ
177 1489 247 1519 εἶναι
261 1493 358 1521 ἑαυτοῦ
374 1494 558 1532 ὲπιγνώμονα.

170 1582 282 1616 Ταύτης
300 1583 366 1611 ἐστὶ
387 1584 452 1619 τῆς.
482 1585 637 1623 Ἐξήγησις,
653 1587 680 1615 τί
694 1588 724 1616 τὸ
743 1589 776 1616 δι’
786 1590 916 1627 ἀναδόχου

133 1627 200 1662 πρὸς
215 1628 260 1655 τὸν
277 1628 406 1666 ἱεράρχην
422 1630 518 1658 ἐλθεῖν.

167 1674 306 1709 Σφραγίς.
329 1675 377 1707 Τίς
392 1676 409 1712 ἡ
426 1677 555 1712 σφραγὶς,
569 1680 616 1706 καὶ
631 1679 673 1712 τις
688 1681 704 1717 ὴ
721 1682 878 1720 ἀπογραφή.

168 1720 245 1754 Πρὸς
260 1721 350 1754 αὐτῷ.
373 1722 445 1749 Ἀντὶ
460 1723 518 1756 τοῦ,
537 1725 595 1760 μετ’
604 1725 697 1754 mito".

166 1767 352 1794 Συνοπαδόιν.
369 1769 578 1797 Συνακόλουθον.

166 1812 228 1847 §V.
252 1813 328 1840 Ἀλλ’
340 1813 471 1849 ἄσχετον
485 1816 570 1844 εἶναι.
591 1817 678 1845 Οῑονεὶ
700 1819 833 1856 μηδεμίαν
854 1821 916 1857 σχέ-

132 1865 174 1885 σιν
190 1857 285 1893 ἔχοντα
301 1858 369 1894 πρὸς
384 1860 433 1895 τὴν
449 1861 582 1897 προτέραν
598 1862 680 1897 ζωὴν,
699 1865 766 1900 μηδὲ
783 1874 915 1893 κατατατ-

130 1903 243 1939 τόμενον
257 1900 317 1936 ταῖς
331 1904 479 1940 διαιρέσεσι
498 1906 546 1933 τοῦ
569 1908 711 1941 ὲνοειδοῦς·
728 1909 758 1936 τὸ
772 1911 826 1947 γὰρ
841 1912 870 1939 ἓν
886 1914 915 1940 ὲν

131 1950 213 1975 πᾶσιν
229 1949 316 1985 ἑαυτῷ
331 1950 431 1985 ὅμοιον,
448 1951 510 1978 καθ’
530 1953 544 1979 ὃ
560 1953 598 1980 ἓν·
616 1954 646 1980 τὸ
661 1954 689 1981 δὲ
706 1955 816 1992 πλῆθος,
833 1958 870 1990 ὡς
886 1960 915 1985 ὲν

130 1995 260 2030 διαιρέσει
276 1995 417 2031 ἁμαρτιῶν
432 1998 575 2033 τυγχάνον,
592 1999 728 2036 ἀνόμοιον.

171 2082 387 2113 Ἇπεκδύσασα.
403 2086 453 2114 Διὰ
466 2088 493 2114 τε
508 2089 661 2118 ἀποδύεται.

167 2130 281 2165 Ὥσπερ
304 2131 479 2160 ἐκπνέοντα.
505 2135 660 2170 Σημείωσαι
683 2138 710 2165 τί
735 2147 861 2176 σημαίνει
885 2142 915 2169 τὸ

130 2176 192 2208 τοὺς
208 2178 426 2213 κατηχουμένους
442 2181 566 2218 ὲμφυσᾷν
580 2182 620 2218 τῷ
635 2183 758 2222 διαϐόλῳ.

491 151 521 180 8.
542 150 668 180 MAXIM!
686 151 834 181 SCHOLIA
853 151 887 181 IN
904 150 978 180 LIB.
996 152 1042 181 DE
1058 153 1199 184 ECCLES.
1218 155 1405 187 HERARCH.

934 211 959 242 Δ
973 218 1030 239 sua:
1045 219 1108 241 esse
1118 217 1147 242 et
1160 214 1306 244 voluntatis
1315 218 1343 244 et
1352 217 1495 252 potestatis
1505 223 1539 248 et
1547 219 1625 249 liberi
1635 222 1757 261 arbitrii;

971 260 999 284 et
1015 259 1152 292 quomodo
1167 260 1195 287 in
1206 261 1279 289 malo
1291 263 1416 292 exsistat.

1007 301 1041 329 Se
1059 303 1191 337 subducit,
1207 303 1253 332 Gr.
1268 305 1433 343 ἀπήρτηται.
1449 308 1487 337 .Ut
1511 312 1695 348 συνηρτῆσθαι
1722 315 1758 343 si-

972 348 1082 382 gniﬁcat
1095 351 1250 385 copulatum
1265 361 1342 387 esse;
1360 354 1400 382 sic
1417 355 1499 383 etiam
1520 357 1696 394 ἀπηρτῆσθαι
1708 368 1757 388 ex-

971 393 1073 422 cidisse
1087 403 1103 422 a
1117 397 1216 432 copula
1229 401 1257 426 et
1271 399 1465 434 conjunctione
1483 411 1489 429 :
1507 402 1644 432 interdum
1664 410 1755 434 autem

970 440 1053 468 etiam
1080 449 1245 478 suspensum
1272 453 1334 473 esse
1357 453 1389 474 ac
1410 448 1529 482 pendere
1554 450 1674 479 declarat
1703 452 1756 481 hoc

970 487 1094 516 verbum.
1120 487 1179 517 Hoc
1199 492 1291 518 tamen
1315 491 1377 519 loco
1398 493 1426 520 in
1444 494 1535 529 priore
1555 497 1756 532 signiﬁcatione

971 538 1113 569 acceptum
1126 540 1177 563 est.

1007 579 1084 613 Quod
1096 581 1120 608 si
1134 582 1271 610 mediocre.
1284 583 1347 612 Haec
1360 585 1442 613 verba
1457 593 1490 614 ex
1506 587 1626 624 imagine
1639 595 1665 618 et
1678 591 1755 619 simi-

971 624 1086 654 litudine
1100 627 1170 655 lucis
1185 636 1246 663 quae
1260 637 1359 658 sensus
1372 635 1472 664 movet,
1487 632 1521 660 ad
1536 635 1646 662 modum
1661 641 1754 672 aptum

970 671 1123 699 divinarum
1143 673 1386 709 intelligentiarum
1407 678 1566 713 copulabis;
1582 671 1755 718 quandoqui-

970 716 1032 744 dem
1054 717 1186 753 scriptum
1200 720 1380 748 estzdltiora
1400 727 1423 750 te
1448 732 1480 750 ne
1500 725 1634 759 quaesierit
1648 727 1678 762 d;
1695 716 1755 765 quae

969 763 1019 790 tibi
1033 768 1169 800 praecepta
1184 769 1249 793 sunt
1263 766 1320 795 haec
1334 769 1440 803 cogita;
1456 770 1566 798 modum
1579 772 1652 800 enim
1671 763 1713 802 his
1725 775 1754 804 in

969 809 1072 843 verbis,
1086 815 1180 845 aptum
1193 811 1304 840 modutn
1316 813 1392 841 dicit.
1439 840 1443 843 .

1006 855 1065 891 Ipsi
1078 857 1181 892 quidem
1195 859 1449 894 improportionatis.
1466 862 1531 895 Quae
1544 863 1570 891 ei
1585 871 1640 892 non
1655 872 1755 894 convo-

969 901 1065 936 niunt',
1079 907 1109 930 ut
1124 911 1184 938 quae
1200 909 1339 940 superent.

1001 947 1044 975 Ad
1058 949 1126 976 hanc
1137 950 1252 979 divinus.
1267 951 1353 986 Cujus
1368 951 1404 980 sit
1418 952 1504 988 figura
1518 955 1672 991 episcopus.

1001 993 1200 1023 Accedentibus.
1223 995 1280 1023 Hoc
1295 1005 1329 1025 ex
1348 997 1409 1025 loco
1430 1000 1605 1034 perspicuum
1619 1006 1672 1036 est,
1689 1011 1754 1032 eum

967 1039 1038 1074 apud
1055 1040 1195 1069 auditores
1205 1041 1314 1070 docere.

1003 1086 1018 1122 ς
1034 1086 1077 1114 IV.
1104 1087 1308 1123 Cognoscetttes.
1327 1089 1408 1123 Nota,
1427 1091 1544 1126 aliquem
1562 1094 1679 1128 primum
1700 1096 1754 1124 hoc

971 1139 1073 1161 munus
1096 1141 1131 1161 ex
1159 1139 1287 1162 accurata
1314 1135 1493 1172 diligentiqtte
1519 1138 1663 1174 disciplina
1687 1148 1755 1169 con-

967 1179 1059 1213 sequi,
1077 1183 1107 1206 ut
1127 1184 1222 1207 noscat
1245 1181 1381 1215 seipsum;
1405 1187 1435 1210 ut
1458 1184 1525 1211 illud
1549 1186 1621 1219 quod
1646 1187 1674 1214 ln
1695 1188 1753 1223 lege

967 1226 1100 1259 scriptum
1113 1229 1157 1252 est
1168 1231 1258 1254 servet
1267 1236 1273 1254 :
1282 1227 1394 1256 Attende
1405 1230 1514 1264 teiprum
1523 1230 1560 1263 αι’,
1574 1233 1751 1266 quemadmo-

966 1269 1031 1296 dum
1053 1270 1135 1297 etiam
1159 1271 1267 1299 divinus
1291 1272 1409 1302 Basilius
1422 1275 1481 1302 ait:
1499 1275 1542 1304 sic
1556 1277 1629 1306 enim
1648 1277 1752 1307 interea

966 1315 1076 1351 angelos
1092 1316 1226 1349 imitatur,
1242 1318 1287 1353 qui
1307 1323 1424 1347 noscunt
1442 1321 1558 1356 seipsos.

1001 1361 1044 1387 Ad
1065 1362 1107 1388 sui
1120 1363 1224 1390 veniunt
1245 1365 1429 1399 cognitionem.
1447 1366 1559 1402 ὀρατόν
1580 1367 1631 1395 hoc
1647 1369 1708 1397 loco
1720 1370 1752 1398 τδ

966 1406 1103 1443 θεωρητὸν
1116 1409 1199 1444 ήγουν
1213 1409 1369 1445 ἐπιστητόν,
1384 1411 1410 1438 id
1432 1415 1474 1439 est
1494 1414 1752 1448 contemplationem

965 1452 1022 1480 sive
1035 1452 1191 1486 scientiam,
1201 1454 1276 1481 dicit.
1286 1454 1451 1491 ’Λνατρέχων
1464 1464 1541 1489 vero,
1557 1456 1611 1485 hoc
1622 1462 1664 1486 est
1677 1462 1752 1488 totus

966 1503 1109 1534 permotus
1125 1500 1159 1526 ad
1173 1499 1331 1529 videndum.
1354 1499 1469 1529 Sacrum
1489 1510 1554 1530 vero
1568 1503 1671 1532 donum
1684 1505 1752 1534 dicit

927 1555 951 1585 α
967 1544 1088 1580 seipsum
1100 1552 1224 1573 noscere.

1003 1591 1092 1626 Hujus
1103 1596 1153 1619 est.
1169 1591 1341 1627 Explanatio,
1357 1593 1423 1628 quid
1437 1593 1474 1622 sit
1486 1601 1533 1628 per
1546 1602 1706 1629 sponsorem
1717 1597 1752 1625 ad

966 1635 1148 1664 ltierarchiam
1161 1638 1265 1666 venire.

1001 1681 1182 1717 Contignatio.
1199 1682 1265 1716 Quae
1278 1683 1461 1719 consignatio,
1477 1688 1504 1712 et
1518 1692 1578 1719 quze
1593 1685 1750 1721 descriptio.

968 1715 989 1726 ”
1000 1715 1182 1761 Πρὸςναῠτῷ.
1198 1715 1262 1760 Pro,
1279 1734 1340 1755 cum
1356 1715 1427 1763 ipso.

1001 1771 1141 1804 Comitem,
1154 1771 1201 1801 Gr.
1219 1773 1376 1801 συνοπαδόν.
1398 1773 1609 1803 Assectatorem.

1003 1818 1017 1854 §
1033 1817 1065 1845 V.
1076 1818 1128 1846 Sed
1143 1824 1274 1846 exsortem
1286 1827 1353 1847 esse.
1369 1819 1511 1855 Tanquam
1523 1821 1627 1848 nullum
1641 1821 1751 1857 Gaba-

965 1864 1051 1892 bitum
1064 1864 1163 1892 habeat
1174 1864 1207 1891 ad
1221 1864 1303 1892 vitam
1317 1865 1497 1900 superiorem,
1511 1873 1598 1901 neque
1610 1866 1750 1901 subjectus

966 1911 1002 1939 sit
1017 1911 1213 1944 divisionibus,
1226 1910 1287 1946 ejus
1310 1911 1382 1946 quod
1407 1916 1450 1939 est
1474 1912 1631 1941 uniusmodi
1644 1922 1651 1940 :
1665 1921 1750 1940 unutn

964 1957 1038 1985 enim
1060 1957 1087 1984 in
1110 1957 1248 1991 omnibus,
1263 1961 1399 1992 quatenus
1422 1961 1465 1986 est
1486 1966 1581 1991 unum,
1594 1959 1637 1987 sui
1662 1959 1751 1987 simile

964 2009 1022 2037 est;
1038 2002 1182 2030 multitudo
1201 2006 1304 2036 autem,
1319 2007 1348 2031 ut
1364 2011 1423 2039 quae
1440 2004 1470 2031 in
1485 2009 1659 2039 peccatorum
1679 2004 1751 2032 divi-

965 2051 1042 2078 sione
1055 2050 1100 2082 sit,
1117 2049 1271 2077 dissimilis.

999 2095 1115 2123 Exuens.
1126 2094 1216 2128 Quare
1226 2095 1344 2122 exuitur.

999 2142 1149 2178 Eﬂiantem.
1164 2141 1244 2174 Nota,
1258 2141 1324 2177 quid
1339 2141 1473 2177 signiticet
1486 2140 1696 2170 catechumenos
1708 2141 1750 2170 inv

965 2188 1074 2216 suillare
1087 2188 1205 2216 diabolo.

165 2222 398 2257 Διατξτέλλουσα.
422 2225 454 2252 Ἠ
468 2225 522 2252 τῶν
547 2228 689 2257 συμϐόλων
707 2231 807 2268 δηλαδὴ
827 2234 915 2270 παρά-

1002 2234 1180 2262 Annuntians.
1197 2232 1344 2270 Signorum
1357 2232 1484 2260 videlicet
1498 2231 1619 2261 traditio.

129 2265 211 2289 ωσις.

166 2303 244 2337 Πρὸς
260 2304 293 2331 τὸ
308 2304 344 2332 ἓν
359 2306 464 2341 ὀλικῆς
475 2309 675 2344 συννεύσεως.
687 2311 742 2348 Τὴν
754 2314 822 2349 πρὸς
836 2315 868 2342 τὺ
883 2316 912 2344 ἓν

129 2348 223 2385 ὀλικὴν
237 2350 376 2378 σύννευσιν
387 2352 450 2379 λαϐὲ
466 2354 535 2382 κατὰ
551 2356 582 2382 τὺ
596 2357 643 2383 τοῦ
660 2359 762 2395 Κυρίου
778 2348 859 2397 ῥητὸν
874 2364 914 2390 εἰ-

130 2394 238 2427 πόντος,
254 2396 304 2423 ἵνα
319 2396 394 2425 ὦσιν
408 2398 453 2431 ἓν,
469 2401 591 2428 τουτέστι
608 2403 675 2440 πρὸς
697 2394 727 2431 τὸ
742 2394 913 2443 ἐνορῶντες,

128 2441 198 2476 ὅπερ
214 2442 273 2468 ἐστὶ
294 2443 304 2458 ⁷
320 2443 350 2470 τὺ
366 2444 480 2480 ἀρέσκον
496 2446 564 2482 Θεῷ·
582 2448 710 2477 ἀνάτασιν
726 2451 764 2484 δὲ,
781 2441 829 2489 τῆν
846 2455 915 2491 πρὸς

129 2487 161 2513 τὸ
177 2487 253 2515 Θεῖον
269 2488 372 2524 ὕψωσιν
387 2490 434 2517 τοῦ
451 2491 592 2529 λογισμοῦ,
610 2496 656 2523 καὶ
670 2497 725 2525 τῶν
741 2487 917 2537 χαμαιζήλων

129 2533 312 2571 ἀναχώρησιν.

170 2580 204 2606 Τὸ
219 2581 425 2610 ἀναλλοίωτον
436 2584 525 2619 ἴσχει.
543 2585 604 2618 Πῶς
617 2588 664 2615 καὶ
675 2589 757 2618 πόθεν
769 2593 914 2623 ἀναλλοίω-

128 2632 172 2653 cat
187 2626 305 2660 γίνονται
320 2629 349 2654 αἱ
365 2629 456 2665 νοεραὶ
472 2630 552 2663 ἕξεις.

173 2670 377 2705 Ἀμάλθακτον
420 2674 506 2700 εἶναι.
548 2675 708 2711 Ἀθελκτον,
745 2680 893 2717 ἀθήλυντον
906 2705 913 2718 ,

170 2749 181 2769 δ
192 2749 277 2778 Eccli.
292 2758 334 2783 ιη,
348 2750 392 2778 22.
423 2751 448 2770 d‘
465 2750 554 2780 lTim.
575 2761 611 2788 tv,
626 2754 671 2782 16·

994 2321 1061 2349 Cum
1077 2329 1129 2348 uno
1145 2321 1222 2348 totali
1240 2320 1443 2355 conspiratione.
1462 2319 1558 2348 Totam
1581 2319 1751 2355 conjunctio-

966 2374 1028 2394 nem
1043 2374 1105 2394 cum
1122 2373 1188 2398 uno,
1204 2366 1298 2401 accipe
1316 2373 1348 2393 ex
1364 2365 1410 2392 illo
1425 2363 1532 2391 Domini
1547 2363 1639 2396 verbo,
1653 2369 1681 2390 ut
1697 2364 1750 2391 sint

967 2420 1069 2443 unum;
1084 2411 1110 2439 id
1133 2415 1175 2439 est
1195 2419 1279 2438 unum
1302 2410 1450 2441 intuentes,
1467 2409 1543 2444 quod
1565 2412 1607 2437 est
1627 2409 1654 2437 id
1677 2411 1750 2445 quod

967 2461 1074 2493 gratum
1089 2461 1131 2485 est
1152 2456 1220 2490 Deo;
1244 2456 1446 2484 contentionem
1469 2459 1572 2487 autem,
1588 2455 1702 2483 rationis
1715 2455 1750 2482 ad

964 2501 1048 2530 Deum
1074 2501 1269 2530 sublimitatem
1288 2505 1315 2529 et
1329 2501 1364 2528 ab
1386 2500 1420 2528 iis
1437 2500 1485 2535 qui
1509 2504 1617 2528 terrena
1639 2500 1750 2536 sapiunt

963 2556 1113 2576 recessum.

999 2593 1245 2621 Immutabilitatcm
1256 2593 1364 2621 obtinet.
1379 2591 1520 2626 Quomodo
1530 2595 1557 2620 et
1569 2590 1639 2619 unde
1653 2590 1748 2618 immu-

963 2641 1054 2669 tabilis
1071 2640 1118 2667 ﬁat
1132 2640 1232 2668 mentis
1244 2643 1333 2668 status
1345 2642 1372 2667 et
1383 2639 1503 2667 habitus.

1001 2686 1167 2715 Obduratum
1183 2694 1249 2715 esse.
1262 2684 1315 2720 Qui
1328 2684 1468 2714 blanditiis
1480 2681 1628 2713 demulceri
1641 2679 1746 2716 nequit,

599 2811 715 2840 VARIAE
736 2811 927 2843 LECTIONES
942 2815 986 2844 ET
1001 2815 1278 2846 CORRECTIONES-

176 2887 196 2921 ,⁸
209 2887 391 2925 ἁρμοζόντων.
413 2881 436 2904 ’⁷
454 2883 532 2916 τοῦτό
548 2891 616 2918 ἐστι.
