1925 3060
181 153 230 181 131
555 153 730 183 APPENDIX
746 154 792 183 AD
811 153 925 182 OPERA

1041 154 1101 183 )NY
1105 154 1147 183 Si]
1162 155 1408 186 AREOPAGITE.
1753 157 1801 185 152

179 212 225 245 qui
241 209 389 238 femineum
408 211 520 239 minime
538 211 633 240 induat
650 213 786 245 animum,
794 211 884 245 fortis,
896 213 939 240 nili

1039 213 1151 249 νδρεῖον,
1178 212 1333 247 ἀνένδσιον,
1365 213 1566 250 ἀπαρέγκλιτον
1593 213 1688 249 ὑφέσει
1717 211 1799 250 θήσῃ.

178 257 213 284 de
228 257 382 284 constantia
392 258 545 290 remittens,
559 259 606 293 qui
623 259 749 286 inclinari
761 266 815 286 non
829 261 920 294 potest
933 266 938 285 :

1040 259 1121 286 ἰστέον
1135 259 1164 286 δὲ
1179 259 1217 292 ὡς
1233 260 1280 287 ὲπὶ
1294 260 1432 295 γυναικῶν
1444 259 1642 296 ἀνδριζομένων
1658 259 1675 295 ἢ

179 302 262 330 ullam
278 302 500 331 submissionem.
516 303 664 331 Sciendum
681 309 723 332 est
743 308 845 337 autem,
859 304 893 332 de
908 312 939 332 ml

481 311 500 331 ι.
516 303 664 331 Sciendum
681 309 723 332 est
743 308 845 337 autem,
859 304 893 332 de
908 312 969 332 mu-
1019 306 1109 342 φανῶν
1125 306 1241 343 εἴρηται.

178 347 294 374 lieribus
315 346 444 382 fortibus,
458 352 507 376 aut
516 356 580 384 quae
593 356 683 377 mares
703 354 848 385 apparent,
864 350 969 378 dictum

178 400 251 421 esse.

215 439 319 467 Horum
333 445 421 468 autem
436 441 530 468 cernis.
547 440 586 468 De
599 441 739 470 unctione.

1060 441 1141 475 Ὁρᾷς
1155 441 1190 468 δὲ
1205 440 1267 474 τάς.
1286 441 1355 477 Περὶ
1369 440 1416 467 τοῦ
1433 440 1609 476 ἀλείμματος.

175 492 177 496 ‘
214 485 255 512 Ad
274 494 332 521 qua
349 486 396 513 sub
415 485 520 513 Christo
536 487 696 514 munerario.
720 487 877 523 Hyperbato
897 495 935 516 co;

1052 487 1178 520 Καθόὒς
1193 488 1243 514 ὑπ’
1255 487 1410 521 άθλοθέτῃ.
1429 487 1472 513 Ἐν
1486 485 1631 523 ὑπερϐατῷ
1646 486 1664 522 ἡ
1680 484 1800 519 σύνταξις

180 535 235 560 stat
250 532 332 567 hujus
349 532 402 560 loci
415 535 555 559 structura
571 532 733 568 interposita
748 534 829 569 longa
847 533 940 561 colloc1

1041 532 1064 559 >6
1080 532 1213 569 παρόντος
1229 533 1329 568 χωρίου
1347 531 1542 568 μεταξυλογίας
1564 531 1736 566 συντεθείσης
1752 539 1801 567 μα-

179 579 264 606 tione.
275 578 321 606 Sic
330 586 395 614 ergo
405 578 618 606 construendum
629 584 686 606 est:
697 587 810 614 perquaa
818 580 939 608 certamil

1041 579 1096 614 ρᾶς.
1114 578 1208 610 Οὕτως
1223 576 1270 605 οὖν
1293 577 1464 605 συντακτέον·
1482 578 1544 605 καθ’
1554 577 1602 610 οὓς
1617 577 1663 604 ὑπ’
1673 576 1801 613 ἀθλοθὲτῃ

147 662 149 664 η
180 626 231 654 sub
240 625 360 657 Christo,
367 625 414 660 qui
426 625 535 660 praemia
543 625 696 660 proposuit,
704 626 732 653 in
742 627 907 654 certaminat

1044 623 1128 660 ριστῷ
1143 623 1294 659 γινόμενος,
1311 624 1368 655 τοῖς
1384 623 1435 659 μὲν
1450 624 1564 658 ἀγῶσιν,
1581 623 1619 655 ὼς
1635 622 1716 654 θείοις
1731 624 1746 649 ὁ
1760 630 1801 648 τε-

179 672 252 706 dam,
264 676 294 700 ut
306 672 398 700 divina
419 672 496 700 laetus
511 671 660 704 incumbet,
680 675 707 701 et
726 680 787 707 qua
803 677 938 708 sequuntu

892 677 964 700 ιιιυτ,
1016 668 1145 704 λούμενος
1160 668 1320 704 ἐπιϐήσεται
1336 669 1449 705 χαίρων,
1466 669 1514 696 καὶ
1528 668 1562 695 τὰ
1577 668 1650 703 ἑξῆς.

477 725 654 754 CHRISTUS

1304 725 1333 754 Ὁ
1352 726 1497 753 ΧΡΙΣΤΟΣ

181 782 214 810 Ut
233 782 302 821 Deus
377 783 412 821 Ut
430 792 475 821 sa:
575 782 608 810 Ut
622 783 729 821 pulcher
772 784 806 811 Ut
823 785 906 812 bonus

1041 785 1069 821 ις
1081 784 1139 819 μὲν
1218 784 1264 818 Ὧς
1279 784 1314 812 δὲ
1415 785 1462 821 Ὡς
1476 785 1511 812 δὲ
1526 793 1578 812 κα.
1612 785 1659 819 Ὦς
1677 784 1712 812 δὲ
1733 784 1801 821 ἀτα-

177 819 292 854 ρνωηιὶα,
373 819 446 856 piens
465 819 503 846 le-
574 819 721 856 certamina
773 827 827 847 una
840 828 896 847 cer-

1040 820 1090 852 εὸς
1213 820 1310 855 σοφὸς
1412 820 1468 854 λὸς
1484 822 1557 848 καλ-
1611 820 1664 856 θὸς
1673 819 1800 856 συναγω-

177 861 272 896 propo-
373 862 417 889 ges
433 855 493 889 fert.
573 853 704 882 honestat.
773 860 822 882 tat.

1015 855 1106 896 diuo;
1212 853 1332 896 νοέωθε-
1406 856 1491 896 gignat
1506 856 1543 883 τὰ
1609 855 1726 886 νίζεται.

181 889 230 916 m'l.

980 910 1002 939 Β
1016 889 1101 917 θετεῒ.
1212 889 1265 917 tsi.
1408 890 1494 918 ἆθλα.

214 942 431 979 Quandoquidem
444 949 472 972 ut
487 945 568 974 Deus.
590 944 670 978 Quod
683 944 811 973 Christus
826 944 862 973 sit
877 944 961 980 Deus,

1054 947 1170 982 Ἐπειδὴ
1184 948 1224 982 ὡς
1239 948 1322 982 Θεός.
1337 948 1397 976 Ὀτι
1412 949 1427 976 ὸ
1439 948 1558 984 Χριστὸς
1568 947 1635 981 θεός
1650 948 1720 981 ἐστι,
1731 947 1799 976 κατὰ

176 993 272 1016 contra
287 988 473 1018 Nestorianos.

452 998 473 1018 5-
1015 991 1212 1026 Νεστοριανῶν.

213 1034 385 1063 Descendens.
401 1035 439 1064 De
454 1036 589 1072 baptismo
603 1036 680 1065 dicit.

1058 1036 1183 1069 Ἐπιϐάς.
1201 1037 1270 1073 Περὶ
1284 1036 1331 1064 τοῦ
1349 1037 1535 1073 βαπτίσματος
1552 1036 1635 1072 λέγει.

212 1080 337 1116 Pugilum
357 1082 489 1115 primatis.
511 1082 635 1118 Pugilum
651 1083 795 1118 primatem
816 1083 960 1112 Dominum

1054 1082 1108 1109 Τοῦ
1123 1082 1261 1117 ἀθλητῶν
1273 1082 1398 1117 πρώτου.
1414 1082 1549 1118 Ἀθλητῶν
1564 1083 1672 1119 πρῶτον
1686 1082 1731 1110 τὸν
1746 1082 1799 1110 Κύ-

177 1127 255 1158 dicit,
270 1128 317 1162 qui
336 1128 395 1155 sola
412 1136 462 1156 sua
483 1129 651 1164 benignitate
666 1129 777 1163 ductus,
788 1137 852 1158 cum
864 1133 936 1158 mort

1040 1137 1075 1156 ιον
1094 1128 1178 1164 λέγει,
1194 1129 1223 1162 ὃς
1243 1129 1289 1156 διὰ
1310 1130 1393 1172 μόνην
1414 1129 1570 1165 ἀγαθότητα
1591 1129 1668 1162 ίδίαν,
1685 1129 1753 1166 πρὸς
1771 1129 1800 1156 τὺ

177 1173 293 1209 imperio
307 1175 482 1210 potentiaque
494 1175 619 1203 certavit.

1015 1175 1063 1202 τοῦ
1080 1175 1193 1203 θανάτου
1209 1176 1361 1211 ἠγωνίσατο
1376 1177 1485 1212 κράτος.

212 1219 416 1248 Certamim'bus.
434 1220 544 1249 Scilicet
565 1229 614 1257 per
637 1222 796 1250 unctionem
809 1221 896 1250 divini
911 1231 963 1250 un-

1057 1221 1224 1255 Ἁθλήσεσι.
1247 1222 1296 1249 Διὰ
1317 1222 1367 1257 τῆς
1383 1222 1497 1257 ὰλοιφῆς
1521 1222 1640 1258 δηλονότι
1657 1221 1705 1249 τοῦ
1729 1221 1799 1249 θείου

177 1266 281 1302 guenti.
900 1293 902 1295 .

900 1293 902 1295 .
1016 1266 1051 1303 μύ
1056 1275 1111 1302 ρου.

212 1311 345 1344 Actiones,
357 1315 410 1340 etc.
426 1311 556 1340 Actiones
565 1312 677 1348 quidem
688 1313 755 1341 dicit
769 1316 892 1348 peccata,
905 1317 965 1341 tur-

1057 1313 1220 1348 Ἐνεργιείας
1235 1321 1267 1340 τε
1283 1312 1341 1340 καί.
1365 1312 1520 1349 Ἐνεργείας
1537 1312 1586 1349 μὲν
1601 1312 1650 1344 τὰς
1665 1311 1800 1348 ἁμαρτίας

175 1356 355 1392 bulenlasque
376 1357 540 1392 cupiditates
554 1362 582 1385 et
599 1361 707 1392 motus;
723 1359 857 1386 essentias
872 1363 935 1386 aute

1038 1360 1061 1387 ιι
1085 1359 1135 1392 τὰς
1159 1359 1293 1395 ἐμπαθεῖς
1318 1359 1468 1395 ἐπιθυμίας
1493 1359 1541 1386 καὶ
1564 1359 1686 1395 κινήσεις
1708 1358 1798 1394 φησιν·

176 1403 329 1430 daemonum
350 1403 403 1438 61
429 1407 551 1435 naturas,
567 1411 628 1438 quae
653 1403 710 1431 vim
731 1404 830 1440 agendi
849 1404 936 1432 haben

1039 1404 1144 1440 πάρξεις
1164 1404 1193 1431 δὲ
1208 1404 1257 1436 τὰς
1273 1404 1453 1440 ὲνεργητικὰς
1472 1404 1526 1431 τῶν
1545 1404 1679 1440 δαιμόνων
1695 1403 1799 1438 φύσεις·

175 1448 321 1476 Enimvaro
348 1449 479 1484 improbae
501 1450 623 1478 actiones
644 1457 700 1478 non
720 1450 747 1478 in
773 1458 824 1478 sua
843 1455 935 1479 essent

1040 1451 1043 1475 i
1061 1449 1115 1485 γὰρ
1130 1449 1247 1486 πονηραὶ
1267 1449 1379 1486 πράξεις
1399 1451 1450 1478 οὐκ
1471 1451 1500 1477 ὲν
1524 1450 1578 1485 ἰδία
1599 1448 1716 1486 ὑπάρξει
1736 1449 1800 1476 θεω-

175 1498 327 1530 naturaque
342 1498 510 1530 spectantur.

371 1498 510 1522 ectantur.
1015 1495 1131 1532 ροῦνται.

211 1540 226 1577 §
237 1539 292 1569 νιι.
301 1541 432 1574 Quoniam
447 1549 516 1569 mort
527 1546 576 1570 est.
589 1541 659 1575 Quid
669 1542 704 1571 sit
713 1550 787 1572 mors
800 1543 884 1577 dicit;
897 1551 964 1572 con-

1052 1543 1066 1579 §
1080 1542 1138 1570 VII.
1162 1542 1280 1577 Ἐπειδὴ
1296 1543 1423 1576 θάνατός
1438 1542 1531 1569 ἐστιν,
1546 1542 1580 1569 Τί
1601 1541 1659 1568 ἐστι
1677 1541 1798 1575 θάνατος,

174 1587 436 1623 glutinationemque
466 1588 555 1616 nostri
590 1596 651 1617 esse
683 1589 905 1625 coniunctionem

834 1598 905 1619 mem
937 1595 965 1619 et
977 1586 999 1616 C
1016 1590 1063 1616 καὶ
1076 1590 1117 1616 ὅτι
1132 1588 1228 1621 ἓνωσίς
1246 1589 1320 1615 ἐστιν
1334 1589 1352 1624 ἠ
1367 1587 1491 1621 σύνθεσις
1505 1588 1594 1624 ἡμῶν.

175 1638 315 1659 unionem.
660 1657 664 1660 .

209 1675 250 1702 Ad
269 1675 409 1703 obscurum
424 1676 486 1712 quid
508 1676 616 1705 ducens.
640 1677 696 1706 Hoc
717 1679 806 1714 ipsum
820 1681 892 1715 quod
908 1689 964 1709 non

1055 1677 1181 1712 Ἀφανὲς
1194 1677 1321 1713 ἄγουσα.
1338 1677 1423 1705 Τοῦτο
1438 1677 1469 1704 τὸ
1489 1676 1591 1713 ἀφανές
1603 1685 1676 1709 τινες
1697 1675 1798 1712 ἔφησαν

173 1722 292 1755 videtur,
313 1723 424 1758 quidam
444 1722 549 1751 inferos
562 1731 624 1751 esse
636 1724 780 1758 dixerunt;
805 1726 832 1754 id
846 1731 889 1755 est
906 1727 932 1754 di

1035 1724 1081 1752 ῖναι
1095 1724 1140 1752 τὸν
1155 1724 1233 1761 ᾅδην,
1248 1724 1370 1751 τουτέστι
1388 1724 1434 1751 τὸν
1453 1724 1529 1760 ἀειδῆ
1550 1723 1597 1750 καὶ
1619 1722 1708 1758 ἀφανῆ
1724 1722 1795 1757 γενό-

174 1775 281 1796 cessum
306 1769 560 1805 separationemque
588 1771 683 1804 animi,
698 1779 758 1806 qua
775 1780 830 1800 non
844 1772 934 1800 videtu

1038 1779 1093 1798 ενον
1107 1771 1156 1807 τῆς
1169 1771 1258 1806 ψυχῆς
1272 1770 1421 1807 χωρισμὸν,
1431 1771 1471 1803 εἰς
1485 1770 1583 1802 τόπους
1597 1769 1731 1806 ἀοράτους
1744 1769 1798 1800 τοτε.

173 1822 226 1842 nec
236 1819 360 1850 apparet.
384 1815 419 1842 ad
440 1816 500 1843 loca
523 1824 585 1851 qua:
606 1817 693 1845 videri
718 1825 772 1846 non
791 1822 908 1853 possunt
928 1826 933 1845 :

398 1815 419 1842 id
440 1816 500 1843 loca
523 1824 585 1851 qua:
606 1817 693 1845 videri
718 1825 772 1846 non
791 1822 908 1853 possunt
928 1818 963 1846 ab
1012 1815 1158 1851 αἰσθητοῖςι

173 1861 208 1888 iis
221 1861 267 1895 qui
280 1860 332 1888 sub
347 1868 459 1888 sensum
474 1862 588 1890 cadunt.

208 1906 347 1941 Coi-porcis
366 1907 606 1936 immutationibus.
622 1907 699 1944 Saepe
715 1908 788 1937 enim
804 1909 962 1938 dissolvitur

1046 1907 1255 1944 Σωματοειὸὦγ
1276 1905 1475 1934 ἀηιλοιώσεων.
1499 1904 1633 1936 Πολλάκις
1656 1905 1711 1940 γὰρ
1735 1905 1799 1932 ἀνα-

172 1956 200 1980 et
215 1953 313 1980 recidit
326 1960 437 1989 corpus,
450 1961 504 1982 non
519 1954 607 1981 solum
622 1954 651 1982 in
664 1962 783 1988 vermes,
800 1955 846 1983 sed
865 1956 893 1983 in
908 1956 932 1983 al

1037 1955 1189 1992 τοιχειοῦται
1211 1954 1241 1980 οὺ
1265 1953 1344 1989 μόνον
1364 1953 1404 1984 είς
1426 1950 1579 1987 σκώληκας,
1604 1950 1673 1978 ἀλλὰ
1691 1951 1738 1978 καὶ
1759 1951 1797 1983 είς

173 2006 283 2034 quoque
296 1999 455 2026 animantia.
473 1998 542 2027 Vide
552 2000 634 2028 etiam
649 2004 679 2028 ut
693 2001 871 2028 mutationem
887 2001 930 2036 eju

1038 2002 1076 2028 ιλα
1100 2001 1156 2034 ζῶα
1180 2000 1211 2027 τὺ
1231 1999 1320 2035 σῶμα.
1337 1999 1407 2034 ’Ὀρα
1426 1997 1466 2030 δὲ,
1481 1998 1522 2024 ὅτι
1542 1997 1590 2024 καὶ
1607 1996 1656 2033 τὴν
1671 1997 1798 2032 τοιαύτην

171 2045 245 2073 modi
260 2045 409 2077 ἀλλοίωσιν,
426 2045 454 2073 id
470 2050 512 2073 est
525 2046 767 2074 commutationem
792 2048 920 2082 appellat,

1037 2047 1162 2083 εταὸολὴν
1182 2046 1321 2073 ἀλλοίωσιν
1352 2044 1439 2076 καλεῖ,
1462 2044 1510 2071 καὶ
1531 2044 1571 2070 ὃτι
1596 2045 1610 2070 ὁ
1631 2043 1745 2074 θάνατος
1766 2043 1797 2070 οὐ

171 2095 287 2120 mortem
302 2100 357 2119 non
372 2099 434 2120 esse
447 2093 691 2120 essentia‘nostraa
703 2094 931 2129 consumptionen

1037 2096 1059 2131 ig
1073 2095 1166 2126 οὐσίας
1181 2094 1259 2130 ἡμῶν
1276 2094 1348 2120 ἐστιν
1369 2091 1534 2127 ἀνυπαρξία,
1556 2091 1603 2118 καὶ
1621 2091 1662 2118 ὅτι
1686 2091 1702 2126 ὴ
1723 2090 1797 2126 ψυχὴ

170 2142 198 2166 et
212 2138 332 2165 animum
345 2146 407 2165 cum
426 2138 553 2166 discessit
568 2146 583 2166 a
599 2146 725 2174 corpore,
741 2147 795 2167 non
815 2148 930 2175 apparer

1037 2142 1117 2173 ξιοῦσα
1131 2140 1179 2168 τοῦ
1195 2139 1319 2176 σώματος
1343 2139 1449 2174 ἀφανὴς
1462 2138 1575 2172 γίνεται,
1591 2137 1638 2164 καὶ
1653 2137 1704 2164 οὐκ
1718 2136 1797 2164 είλεῖ-

170 2191 222 2212 nec
244 2184 346 2212 versari
371 2183 476 2212 circum
493 2192 604 2219 corpus,
623 2188 655 2212 ut
675 2186 801 2213 nonnulli
819 2185 930 2214 dixerun

1034 2198 1054 2215 ιι
1069 2188 1133 2224 περὶ
1148 2187 1179 2214 τδ
1205 2187 1294 2222 σῶμα,
1309 2186 1347 2218 ὦς
1360 2194 1431 2217 τινες
1448 2183 1539 2214 εἷπον.
1560 2184 1607 2211 καὶ
1617 2184 1658 2211 ὅτι
1674 2185 1692 2219 ἡ
1709 2183 1794 2211 κατά-

170 2230 428 2266 immersionemque
451 2231 479 2259 in
508 2239 606 2267 aquam
634 2235 710 2260 recte
733 2236 871 2268 acceptam
897 2241 930 2262 es

1009 2235 1084 2267 δυσις
1099 2234 1146 2261 τοῦ
1162 2232 1257 2265 ὕδατος
1270 2232 1330 2260 ἀντὶ
1345 2231 1457 2259 θανάτου
1464 2230 1554 2262 καλῶς
1565 2230 1757 2267 παρείληπται.

170 2284 220 2312 pro
234 2282 332 2304 morte.

206 2321 338 2350 Divinam.
365 2323 490 2351 Divinam
514 2328 629 2352 mortem
649 2329 729 2352 vocat
753 2325 835 2352 trium
851 2325 957 2354 dierum

1046 2321 1100 2349 Τὸν
1115 2320 1280 2355 θεαρχικόν.
1296 2320 1356 2346 Ὅτι
1378 2318 1520 2354 θεαρχικὸν
1529 2317 1643 2344 θάνατον
1657 2317 1734 2344 καλεῖ
1745 2317 1797 2353 τὴν

171 2367 277 2394 Domini
292 2368 468 2403 sepulturam,
494 2369 632 2405 verbaque
659 2371 705 2398 illa
730 2370 860 2400 Domini:
886 2372 931 2401 Ven

1036 2368 1152 2404 ›ιήμερον
1177 2366 1224 2393 τοῦ
1248 2366 1350 2402 Κυρίου
1374 2366 1462 2401 ταφήν
1476 2373 1483 2380 ο
1502 2365 1548 2392 καὶ
1570 2365 1611 2391 ὅτι
1632 2364 1662 2390 τδ
1683 2365 1759 2401 ῥῆμα
1781 2364 1796 2391 ὃ

170 2414 288 2449 princeps
295 2413 373 2449 hujus
381 2415 483 2448 mundi.
490 2416 549 2443 etin
556 2425 595 2443 me
601 2425 652 2444 non
660 2417 771 2445 inveniet
780 2418 921 2454 quidquam

1036 2423 1082 2441 πεν
1095 2415 1110 2441 ὁ
1124 2413 1376 2449 Κύριος·”Ερχεται
1386 2414 1401 2439 ὁ
1414 2412 1514 2447 ἄρχων
1529 2412 1581 2439 τοῦ
1598 2412 1711 2446 κόσμου
1727 2411 1796 2438 τού-

169 2459 246 2487 verbi
275 2468 337 2488 esse
361 2460 603 2496 dicit;principem
621 2467 710 2490 autem
735 2465 828 2492 mundi
853 2470 879 2492 et
903 2466 929 2493 di

1035 2470 1070 2493 ›υ,
1087 2461 1136 2488 καὶ
1151 2460 1186 2486 ἐν
1201 2459 1264 2495 ἐμοὶ
1281 2458 1402 2494 εὑρήσει
1420 2458 1520 2491 οὐδὲν,
1543 2457 1590 2485 τοῦ
1612 2458 1690 2492 λόγου
1711 2458 1795 2492 φησὶν

170 2505 320 2533 bolicarum
335 2506 503 2534 voluntatum
514 2515 574 2543 quae
588 2510 614 2535 in
632 2509 787 2537 hominibus
803 2515 867 2538 sunt
878 2511 930 2538 Sat:

1035 2515 1085 2534 ναι.
1103 2507 1238 2542 Ἄρχοντα
1251 2506 1279 2532 δὲ
1293 2505 1339 2532 τοῦ
1355 2505 1456 2541 κόσμου
1472 2505 1518 2531 καὶ
1530 2504 1583 2531 τῶν
1598 2505 1626 2530 ἐν
1639 2503 1795 2539 ἀνθρώποις

170 2560 233 2579 nam
259 2552 336 2583 dicit,
362 2552 408 2587 qui
431 2553 527 2581 mortis
551 2554 693 2590 imperium
719 2556 810 2589 habet,
832 2557 930 2592 Apostc

1034 2553 1163 2580 αϐολικῶν
1180 2552 1374 2588 προαιρέσεων,
1389 2552 1433 2578 τὸν
1457 2551 1576 2578 Σατανᾶν
1597 2550 1679 2584 λέγει,
1701 2548 1746 2576 τδν
1762 2549 1794 2576 τὸ

170 2598 326 2630 sententia,
355 2599 401 2634 qui
433 2599 460 2626 in
490 2599 599 2628 Christo
620 2602 687 2628 nihil
715 2610 771 2630 sua:
799 2604 927 2631 violation

1030 2600 1105 2634 βάτος
1129 2598 1224 2634 ἔχοντα
1247 2598 1295 2625 τοῦ
1317 2598 1443 2628 θανάτου.
1459 2597 1529 2625 κατὰ
1551 2597 1596 2624 τὸν
1617 2595 1790 2623 Ἀπόστολον-

169 2645 288 2679 invenit;
317 2650 452 2680 peccatum
467 2647 536 2673 enim
551 2656 602 2675 non
625 2648 686 2683 fecit
702 2658 783 2685 neque
805 2649 905 2682 dolum,
923 2659 929 2678 l

1030 2656 1042 2678 ς
1058 2647 1086 2673 ὲν
1102 2645 1213 2682 Χριστῷ
1230 2645 1305 2672 οὐδὲν
1318 2645 1367 2680 τῆς
1381 2644 1484 2675 οἰκείας
1501 2643 1681 2679 παραόάσεως
1694 2638 1774 2677 εὗρεν
1784 2651 1790 2658 ·

168 2691 205 2718 ait
220 2692 305 2719 Isaias
325 2691 347 2720 ί.
360 2691 453 2728 Itaque
469 2694 553 2721 teneri
572 2702 588 2721 ει
605 2700 695 2723 morte
721 2704 775 2724 non
790 2699 907 2731 poterat,
923 2705 928 2722 ι

1033 2693 1149 2727 mptiar
1158 2691 1213 2726 τὰρ
1220 2692 1276 2719 οὐκ
1283 2690 1436 2724 ἐποίησεν,
1445 2689 1517 2717 οὐδὲ
1524 2689 1625 2722 δόλον,
1633 2689 1671 2721 ὡς
1678 2688 1793 2721 Ἡσαΐας

168 2737 206 2764 ait
227 2737 341 2772 Petrus;
364 2738 412 2766 sed
434 2739 520 2773 factus
541 2745 579 2768 est
597 2741 670 2769 solus
690 2743 718 2769 in
740 2743 851 2770 mortuis
868 2742 928 2770 libet

1031 2739 1078 2775 πσί.
1099 2738 1143 2765 Διὸ
1166 2738 1212 2765 καὶ
1228 2737 1355 2765 ἀδύνατον
1374 2735 1408 2772 ἦν
1429 2736 1509 2763 αὐτὸν
1529 2735 1581 2762 ὑπὸ
1601 2734 1649 2762 τοῦ
1674 2734 1791 2762 θανάτου

167 2782 279 2812 Davidis
297 2785 430 2812 sententia
441 2786 463 2812 ε.

1031 2784 1170 2817 assideat,
1189 2783 1227 2816 ὥς
1241 2792 1306 2820 φησι
1326 2783 1440 2818 Πέτρος·
1455 2782 1511 2809 ἀλλ’
1525 2782 1631 2817 ἀφείθη
1643 2784 1737 2817 μόνος
1753 2781 1791 2808 ὲν

1002 2831 1119 2865 νεκροῖς
1133 2831 1300 2865 ἐλεύθερος,
1318 2828 1387 2858 κατὰ
1401 2829 1446 2856 τὸν
1460 2828 1550 2856 Δαυίδ.
1588 2827 1598 2830 ’

207 2935 210 2938 ,
233 2897 311 2926 Joan.
328 2906 384 2933 xlv,
401 2899 446 2928 50.
500 2899 509 2919 ί
525 2898 591 2934 Cap.
608 2907 668 2935 ι.ιιι,
680 2907 706 2928 v.
719 2899 747 2928 9.
786 2900 798 2921 ³
813 2898 1024 2935 Psal._uxxvn,
1040 2897 1067 2926 6.
