  <div class='ocr_page' id='page_1' title='image "/cluster/home/n/w/nwhite01/storage/ocr_20150623/4/njp.32101010944526/074.png"; bbox 0 0 1925 3060; ppageno 0'>
   <div class='ocr_carea' id='block_1_1' title="bbox 138 154 194 182">
    <p class='ocr_par' dir='ltr' id='par_1_1' title="bbox 138 154 194 182">
     <span class='ocr_line' id='line_1_1' title="bbox 138 154 194 182; baseline 0.018 -1"><span class='ocrx_word' id='word_1_1' title='bbox 138 154 194 182; x_wconf 76' lang='lat' dir='ltr'><strong>I53</strong></span> 
     </span>
    </p>
   </div>
   <div class='ocr_carea' id='block_1_2' title="bbox 503 151 1411 184">
    <p class='ocr_par' dir='ltr' id='par_1_2' title="bbox 503 151 1411 184">
     <span class='ocr_line' id='line_1_2' title="bbox 503 151 1411 184; baseline 0.001 -3"><span class='ocrx_word' id='word_1_2' title='bbox 503 153 533 182; x_wconf 88' lang='lat' dir='ltr'><strong>S.</strong></span> <span class='ocrx_word' id='word_1_3' title='bbox 552 152 674 181; x_wconf 78' lang='lat' dir='ltr'><strong>MAXIM]</strong></span> <span class='ocrx_word' id='word_1_4' title='bbox 693 152 841 182; x_wconf 81' lang='lat' dir='ltr'><strong>SCHOLIA</strong></span> <span class='ocrx_word' id='word_1_5' title='bbox 858 152 892 180; x_wconf 86' lang='lat' dir='ltr'>IN</span> <span class='ocrx_word' id='word_1_6' title='bbox 914 151 985 179; x_wconf 57' lang='lat' dir='ltr'>LIB.&quot;</span> <span class='ocrx_word' id='word_1_7' title='bbox 998 151 1043 179; x_wconf 86' lang='lat' dir='ltr'><strong>DE</strong></span> <span class='ocrx_word' id='word_1_8' title='bbox 1062 152 1204 181; x_wconf 83' lang='lat' dir='ltr'><strong>ECCLES.</strong></span> <span class='ocrx_word' id='word_1_9' title='bbox 1223 153 1411 184; x_wconf 77' lang='lat' dir='ltr'><strong>HIERARCII.</strong></span> 
     </span>
    </p>
   </div>
   <div class='ocr_carea' id='block_1_3' title="bbox 1707 159 1761 188">
    <p class='ocr_par' dir='ltr' id='par_1_3' title="bbox 1707 159 1761 188">
     <span class='ocr_line' id='line_1_3' title="bbox 1707 159 1761 188; baseline 0.037 -2"><span class='ocrx_word' id='word_1_10' title='bbox 1707 159 1761 188; x_wconf 65' lang='grc'><strong>156</strong></span> 
     </span>
    </p>
   </div>
   <div class='ocr_carea' id='block_1_4' title="bbox 175 209 911 249">
    <p class='ocr_par' dir='ltr' id='par_1_4' title="bbox 175 211 911 249">
     <span class='ocr_line' id='line_1_4' title="bbox 175 211 911 249; baseline -0.004 -9"><span class='ocrx_word' id='word_1_11' title='bbox 175 213 189 249; x_wconf 82' lang='lat'>§</span> <span class='ocrx_word' id='word_1_12' title='bbox 202 212 269 240; x_wconf 68' lang='lat' dir='ltr'>VIII.</span> <span class='ocrx_word' id='word_1_13' title='bbox 286 213 319 240; x_wconf 82' lang='grc' dir='ltr'><strong>Τὸ</strong></span> <span class='ocrx_word' id='word_1_14' title='bbox 337 213 471 247; x_wconf 80' lang='grc' dir='ltr'><strong>ἄκοσμον</strong></span> <span class='ocrx_word' id='word_1_15' title='bbox 487 212 648 247; x_wconf 76' lang='grc' dir='ltr'><strong>κοσμεῖται.</strong></span> <span class='ocrx_word' id='word_1_16' title='bbox 662 211 769 248; x_wconf 84' lang='grc' dir='ltr'><strong>Ἐπειδὴ</strong></span> <span class='ocrx_word' id='word_1_17' title='bbox 783 211 814 238; x_wconf 84' lang='grc' dir='ltr'>τὸ</span> <span class='ocrx_word' id='word_1_18' title='bbox 828 211 911 238; x_wconf 63' lang='grc' dir='ltr'>σκότοι</span> 
     </span>
    </p>
   </div>
   <div class='ocr_carea' id='block_1_5' title="bbox 963 209 1761 249">
    <p class='ocr_par' dir='ltr' id='par_1_5' title="bbox 1010 209 1761 249">
     <span class='ocr_line' id='line_1_5' title="bbox 1010 209 1761 249; baseline 0.013 -13"><span class='ocrx_word' id='word_1_19' title='bbox 1010 209 1024 245; x_wconf 86' lang='lat'>§</span> <span class='ocrx_word' id='word_1_20' title='bbox 1039 209 1106 238; x_wconf 84' lang='lat' dir='ltr'><strong>VIII.</strong></span> <span class='ocrx_word' id='word_1_21' title='bbox 1121 209 1154 244; x_wconf 72' lang='lat'><strong>14</strong></span> <span class='ocrx_word' id='word_1_22' title='bbox 1168 211 1236 246; x_wconf 79' lang='lat' dir='ltr'><strong>quod</strong></span> <span class='ocrx_word' id='word_1_23' title='bbox 1251 216 1348 239; x_wconf 82' lang='lat' dir='ltr'><strong>ornatu</strong></span> <span class='ocrx_word' id='word_1_24' title='bbox 1361 212 1481 246; x_wconf 76' lang='lat' dir='ltr'><strong>carebat,</strong></span> <span class='ocrx_word' id='word_1_25' title='bbox 1496 218 1616 243; x_wconf 75' lang='lat' dir='ltr'><strong>ornatur.</strong></span> <span class='ocrx_word' id='word_1_26' title='bbox 1627 215 1761 249; x_wconf 64' lang='lat' dir='ltr'><strong>Quoniam</strong></span> 
     </span>
    </p>
   </div>
   <div class='ocr_carea' id='block_1_6' title="bbox 137 259 923 295">
    <p class='ocr_par' dir='ltr' id='par_1_6' title="bbox 137 259 923 295">
     <span class='ocr_line' id='line_1_6' title="bbox 137 259 923 295; baseline -0.003 -8"><span class='ocrx_word' id='word_1_27' title='bbox 137 260 233 287; x_wconf 78' lang='grc' dir='ltr'>ὲστὶνό</span> <span class='ocrx_word' id='word_1_28' title='bbox 248 259 367 295; x_wconf 75' lang='grc' dir='ltr'>ῥυπαρὸς</span> <span class='ocrx_word' id='word_1_29' title='bbox 385 259 450 294; x_wconf 88' lang='grc' dir='ltr'>βίος,</span> <span class='ocrx_word' id='word_1_30' title='bbox 466 259 536 286; x_wconf 83' lang='grc' dir='ltr'><strong>κατά</strong></span> <span class='ocrx_word' id='word_1_31' title='bbox 561 259 607 285; x_wconf 72' lang='grc' dir='ltr'><strong>τὸν</strong></span> <span class='ocrx_word' id='word_1_32' title='bbox 623 259 792 292; x_wconf 78' lang='grc' dir='ltr'>’Δπόστολον,</span> <span class='ocrx_word' id='word_1_33' title='bbox 809 259 923 294; x_wconf 74' lang='grc' dir='ltr'>ἀκοσμό-</span> 
     </span>
    </p>
   </div>
   <div class='ocr_carea' id='block_1_7' title="bbox 135 302 923 342">
    <p class='ocr_par' dir='ltr' id='par_1_7' title="bbox 135 302 923 342">
     <span class='ocr_line' id='line_1_7' title="bbox 135 302 923 342; baseline 0 -11"><span class='ocrx_word' id='word_1_34' title='bbox 135 305 215 332; x_wconf 79' lang='grc' dir='ltr'>τατόν</span> <span class='ocrx_word' id='word_1_35' title='bbox 225 313 252 331; x_wconf 83' lang='grc' dir='ltr'><strong>τι</strong></span> <span class='ocrx_word' id='word_1_36' title='bbox 266 305 383 341; x_wconf 81' lang='grc' dir='ltr'><strong>ὑπάρχει</strong></span> <span class='ocrx_word' id='word_1_37' title='bbox 399 305 446 332; x_wconf 77' lang='grc' dir='ltr'><strong>καὶ</strong></span> <span class='ocrx_word' id='word_1_38' title='bbox 459 304 575 331; x_wconf 72' lang='grc' dir='ltr'>ἀνείδεον</span> <span class='ocrx_word' id='word_1_39' title='bbox 588 306 671 337; x_wconf 79' lang='grc' dir='ltr'>ἐστιν,</span> <span class='ocrx_word' id='word_1_40' title='bbox 682 305 731 332; x_wconf 82' lang='grc' dir='ltr'><strong>οὐκ</strong></span> <span class='ocrx_word' id='word_1_41' title='bbox 738 305 800 340; x_wconf 82' lang='grc' dir='ltr'>ἔχον</span> <span class='ocrx_word' id='word_1_42' title='bbox 813 305 844 331; x_wconf 76' lang='grc' dir='ltr'>τὸ</span> <span class='ocrx_word' id='word_1_43' title='bbox 854 302 923 342; x_wconf 78' lang='grc' dir='ltr'>εἶδος</span> 
     </span>
    </p>
   </div>
   <div class='ocr_carea' id='block_1_8' title="bbox 135 351 922 388">
    <p class='ocr_par' dir='ltr' id='par_1_8' title="bbox 135 351 922 388">
     <span class='ocr_line' id='line_1_8' title="bbox 135 351 922 388; baseline 0 -10"><span class='ocrx_word' id='word_1_44' title='bbox 135 351 182 378; x_wconf 84' lang='grc' dir='ltr'><strong>τοῦ</strong></span> <span class='ocrx_word' id='word_1_45' title='bbox 193 351 264 378; x_wconf 83' lang='grc' dir='ltr'><strong>θείου</strong></span> <span class='ocrx_word' id='word_1_46' title='bbox 281 352 454 388; x_wconf 83' lang='grc' dir='ltr'>φρονήματος</span> <span class='ocrx_word' id='word_1_47' title='bbox 464 360 471 366; x_wconf 92' lang='grc'>·</span> <span class='ocrx_word' id='word_1_48' title='bbox 482 351 658 387; x_wconf 80' lang='grc' dir='ltr'><strong>ἀποσκίασμα</strong></span> <span class='ocrx_word' id='word_1_49' title='bbox 670 351 782 388; x_wconf 71' lang='grc' dir='ltr'>γὰρκαὶ</span> <span class='ocrx_word' id='word_1_50' title='bbox 791 351 922 387; x_wconf 85' lang='grc' dir='ltr'>ἀντίφρα-</span> 
     </span>
    </p>
   </div>
   <div class='ocr_carea' id='block_1_9' title="bbox 134 398 922 434">
    <p class='ocr_par' dir='ltr' id='par_1_9' title="bbox 134 398 922 434">
     <span class='ocr_line' id='line_1_9' title="bbox 134 398 922 434; baseline 0.003 -11"><span class='ocrx_word' id='word_1_51' title='bbox 134 406 193 433; x_wconf 89' lang='grc' dir='ltr'><strong>γμα</strong></span> <span class='ocrx_word' id='word_1_52' title='bbox 212 398 261 434; x_wconf 88' lang='grc' dir='ltr'>τῆς</span> <span class='ocrx_word' id='word_1_53' title='bbox 285 398 385 433; x_wconf 87' lang='grc' dir='ltr'>ἀρετῆς</span> <span class='ocrx_word' id='word_1_54' title='bbox 401 399 488 424; x_wconf 80' lang='grc' dir='ltr'>ὲο-ιιν·</span> <span class='ocrx_word' id='word_1_55' title='bbox 511 398 623 430; x_wconf 78' lang='grc' dir='ltr'><strong>εἰκότως</strong></span> <span class='ocrx_word' id='word_1_56' title='bbox 643 398 682 434; x_wconf 86' lang='grc' dir='ltr'>τῷ</span> <span class='ocrx_word' id='word_1_57' title='bbox 700 398 852 433; x_wconf 83' lang='grc' dir='ltr'>φωτίσματι</span> <span class='ocrx_word' id='word_1_58' title='bbox 876 407 922 425; x_wconf 85' lang='grc' dir='ltr'><strong>κο-</strong></span> 
     </span>
    </p>
   </div>
   <div class='ocr_carea' id='block_1_10' title="bbox 131 442 921 481">
    <p class='ocr_par' dir='ltr' id='par_1_10' title="bbox 131 442 921 481">
     <span class='ocr_line' id='line_1_10' title="bbox 131 442 921 481; baseline 0.001 -11"><span class='ocrx_word' id='word_1_59' title='bbox 131 445 254 480; x_wconf 86' lang='grc' dir='ltr'>σμεῖται,</span> <span class='ocrx_word' id='word_1_60' title='bbox 273 444 320 471; x_wconf 79' lang='grc' dir='ltr'>καὶ</span> <span class='ocrx_word' id='word_1_61' title='bbox 337 442 405 476; x_wconf 83' lang='grc' dir='ltr'>εἶδος</span> <span class='ocrx_word' id='word_1_62' title='bbox 424 444 529 480; x_wconf 82' lang='grc' dir='ltr'>δέχεται</span> <span class='ocrx_word' id='word_1_63' title='bbox 546 445 634 480; x_wconf 79' lang='grc' dir='ltr'>φωτὸς</span> <span class='ocrx_word' id='word_1_64' title='bbox 649 445 663 471; x_wconf 80' lang='grc' dir='ltr'><strong>ὁ</strong></span> <span class='ocrx_word' id='word_1_65' title='bbox 681 444 811 481; x_wconf 85' lang='grc' dir='ltr'>προσιὼν,</span> <span class='ocrx_word' id='word_1_66' title='bbox 827 445 921 472; x_wconf 85' lang='grc' dir='ltr'>τέκνον</span> 
     </span>
    </p>
   </div>
   <div class='ocr_carea' id='block_1_11' title="bbox 135 490 921 527">
    <p class='ocr_par' dir='ltr' id='par_1_11' title="bbox 135 490 921 527">
     <span class='ocr_line' id='line_1_11' title="bbox 135 490 921 527; baseline 0.003 -11"><span class='ocrx_word' id='word_1_67' title='bbox 135 491 223 525; x_wconf 78' lang='grc' dir='ltr'>φωτὸς</span> <span class='ocrx_word' id='word_1_68' title='bbox 235 490 384 526; x_wconf 81' lang='grc' dir='ltr'><strong>γινόμενος,</strong></span> <span class='ocrx_word' id='word_1_69' title='bbox 401 492 447 518; x_wconf 78' lang='grc' dir='ltr'>καὶ</span> <span class='ocrx_word' id='word_1_70' title='bbox 464 491 573 527; x_wconf 83' lang='grc' dir='ltr'>σπέρμα</span> <span class='ocrx_word' id='word_1_71' title='bbox 590 491 636 518; x_wconf 83' lang='grc' dir='ltr'><strong>τοῦ</strong></span> <span class='ocrx_word' id='word_1_72' title='bbox 655 491 733 525; x_wconf 84' lang='grc' dir='ltr'><strong>Θεοῦ,</strong></span> <span class='ocrx_word' id='word_1_73' title='bbox 748 492 762 518; x_wconf 85' lang='grc' dir='ltr'><strong>ὃ</strong></span> <span class='ocrx_word' id='word_1_74' title='bbox 782 492 840 518; x_wconf 79' lang='grc' dir='ltr'>ἐστι</span> <span class='ocrx_word' id='word_1_75' title='bbox 863 491 921 527; x_wconf 77' lang='grc' dir='ltr'>φῶς</span> 
     </span>
    </p>
   </div>
   <div class='ocr_carea' id='block_1_12' title="bbox 134 537 920 573">
    <p class='ocr_par' dir='ltr' id='par_1_12' title="bbox 134 537 920 573">
     <span class='ocr_line' id='line_1_12' title="bbox 134 537 920 573; baseline 0.003 -10"><span class='ocrx_word' id='word_1_76' title='bbox 134 537 286 572; x_wconf 84' lang='grc' dir='ltr'>δεχόμενος,</span> <span class='ocrx_word' id='word_1_77' title='bbox 303 537 372 564; x_wconf 86' lang='grc' dir='ltr'>κατά</span> <span class='ocrx_word' id='word_1_78' title='bbox 387 538 434 564; x_wconf 74' lang='grc' dir='ltr'><strong>τὸν</strong></span> <span class='ocrx_word' id='word_1_79' title='bbox 449 538 518 564; x_wconf 82' lang='grc' dir='ltr'>θεῖον</span> <span class='ocrx_word' id='word_1_80' title='bbox 541 538 676 573; x_wconf 86' lang='grc' dir='ltr'>Ἰωάννην.</span> <span class='ocrx_word' id='word_1_81' title='bbox 699 537 827 565; x_wconf 80' lang='grc' dir='ltr'>Ἀνείδεον</span> <span class='ocrx_word' id='word_1_82' title='bbox 845 537 874 565; x_wconf 83' lang='grc' dir='ltr'>δὲ</span> <span class='ocrx_word' id='word_1_83' title='bbox 891 539 920 565; x_wconf 82' lang='grc' dir='ltr'>ἐν</span> 
     </span>
    </p>
   </div>
   <div class='ocr_carea' id='block_1_13' title="bbox 133 582 919 619">
    <p class='ocr_par' dir='ltr' id='par_1_13' title="bbox 133 582 919 619">
     <span class='ocr_line' id='line_1_13' title="bbox 133 582 919 619; baseline 0 -9"><span class='ocrx_word' id='word_1_84' title='bbox 133 585 190 613; x_wconf 79' lang='grc' dir='ltr'>τοῖς</span> <span class='ocrx_word' id='word_1_85' title='bbox 204 583 214 599; x_wconf 83' lang='grc'>⁸</span> <span class='ocrx_word' id='word_1_86' title='bbox 233 582 292 610; x_wconf 81' lang='grc' dir='ltr'>οὖσι</span> <span class='ocrx_word' id='word_1_87' title='bbox 314 584 344 610; x_wconf 81' lang='grc' dir='ltr'>τὸ</span> <span class='ocrx_word' id='word_1_88' title='bbox 364 584 481 616; x_wconf 74' lang='grc' dir='ltr'><strong>δυσειδὲς</strong></span> <span class='ocrx_word' id='word_1_89' title='bbox 503 584 671 611; x_wconf 87' lang='grc' dir='ltr'>ἀπεκάλεσεν</span> <span class='ocrx_word' id='word_1_90' title='bbox 692 584 752 619; x_wconf 78' lang='grc' dir='ltr'><strong>οὐχὶ</strong></span> <span class='ocrx_word' id='word_1_91' title='bbox 778 584 808 611; x_wconf 82' lang='grc' dir='ltr'>τὸ</span> <span class='ocrx_word' id='word_1_92' title='bbox 833 584 919 616; x_wconf 70' lang='grc' dir='ltr'>εἴδους</span> 
     </span>
    </p>
   </div>
   <div class='ocr_carea' id='block_1_14' title="bbox 133 629 919 666">
    <p class='ocr_par' dir='ltr' id='par_1_14' title="bbox 133 629 919 666">
     <span class='ocr_line' id='line_1_14' title="bbox 133 629 919 666; baseline 0.001 -11"><span class='ocrx_word' id='word_1_93' title='bbox 133 629 220 664; x_wconf 83' lang='grc' dir='ltr'>πάντη</span> <span class='ocrx_word' id='word_1_94' title='bbox 235 629 376 664; x_wconf 85' lang='grc' dir='ltr'>ἀμέτοχον,</span> <span class='ocrx_word' id='word_1_95' title='bbox 393 629 486 666; x_wconf 86' lang='grc' dir='ltr'>ὥσπερ</span> <span class='ocrx_word' id='word_1_96' title='bbox 500 630 547 657; x_wconf 78' lang='grc' dir='ltr'><strong>καὶ</strong></span> <span class='ocrx_word' id='word_1_97' title='bbox 569 629 600 657; x_wconf 79' lang='grc' dir='ltr'>τὸ</span> <span class='ocrx_word' id='word_1_98' title='bbox 621 630 774 666; x_wconf 78' lang='grc' dir='ltr'><strong>δύσμορφον</strong></span> <span class='ocrx_word' id='word_1_99' title='bbox 789 629 919 662; x_wconf 83' lang='grc' dir='ltr'><strong>πολλάκις</strong></span> 
     </span>
    </p>
   </div>
   <div class='ocr_carea' id='block_1_15' title="bbox 131 674 369 711">
    <p class='ocr_par' dir='ltr' id='par_1_15' title="bbox 131 674 369 711">
     <span class='ocr_line' id='line_1_15' title="bbox 131 674 369 711; baseline 0.008 -10"><span class='ocrx_word' id='word_1_100' title='bbox 131 674 185 711; x_wconf 81' lang='grc' dir='ltr'><strong>άμο</strong></span> <span class='ocrx_word' id='word_1_101' title='bbox 189 675 266 711; x_wconf 63' lang='grc' dir='ltr'>ρφόν-</span> <span class='ocrx_word' id='word_1_102' title='bbox 270 683 357 710; x_wconf 82' lang='grc' dir='ltr'>φαμεν</span> <span class='ocrx_word' id='word_1_103' title='bbox 362 696 369 703; x_wconf 94' lang='grc'>.</span> 
     </span>
    </p>
   </div>
   <div class='ocr_carea' id='block_1_16' title="bbox 126 804 916 847">
    <p class='ocr_par' dir='ltr' id='par_1_16' title="bbox 126 804 916 847">
     <span class='ocr_line' id='line_1_16' title="bbox 126 804 916 847; baseline 0.008 -16"><span class='ocrx_word' id='word_1_104' title='bbox 126 815 127 818; x_wconf 50' lang='grc' dir='ltr'><strong>η</strong></span> <span class='ocrx_word' id='word_1_105' title='bbox 171 804 346 840; x_wconf 81' lang='grc' dir='ltr'>Ἔπιγνῶναι</span> <span class='ocrx_word' id='word_1_106' title='bbox 357 807 475 842; x_wconf 78' lang='grc' dir='ltr'>νοερῶς.</span> <span class='ocrx_word' id='word_1_107' title='bbox 485 807 554 843; x_wconf 83' lang='grc' dir='ltr'><strong>Ἐγὼ</strong></span> <span class='ocrx_word' id='word_1_108' title='bbox 567 809 615 844; x_wconf 88' lang='grc' dir='ltr'>μὲν</span> <span class='ocrx_word' id='word_1_109' title='bbox 628 808 809 845; x_wconf 78' lang='grc' dir='ltr'>ὑπολαμϐάνω</span> <span class='ocrx_word' id='word_1_110' title='bbox 823 811 916 847; x_wconf 82' lang='grc' dir='ltr'>σκοπῷ</span> 
     </span>
    </p>
   </div>
   <div class='ocr_carea' id='block_1_17' title="bbox 132 851 915 892">
    <p class='ocr_par' dir='ltr' id='par_1_17' title="bbox 132 851 915 892">
     <span class='ocr_line' id='line_1_17' title="bbox 132 851 915 892; baseline 0.009 -16"><span class='ocrx_word' id='word_1_111' title='bbox 132 851 370 888; x_wconf 84' lang='grc' dir='ltr'>μετριοφροσύνης,</span> <span class='ocrx_word' id='word_1_112' title='bbox 391 853 429 885; x_wconf 86' lang='grc' dir='ltr'>ὡς</span> <span class='ocrx_word' id='word_1_113' title='bbox 453 854 600 888; x_wconf 84' lang='grc' dir='ltr'>ἀγνοοῦντα</span> <span class='ocrx_word' id='word_1_114' title='bbox 618 855 697 890; x_wconf 81' lang='grc' dir='ltr'>δῆθεν</span> <span class='ocrx_word' id='word_1_115' title='bbox 721 856 856 892; x_wconf 82' lang='grc' dir='ltr'>σιωπῆσαι</span> <span class='ocrx_word' id='word_1_116' title='bbox 870 857 915 884; x_wconf 80' lang='grc' dir='ltr'><strong>τὸν</strong></span> 
     </span>
    </p>
   </div>
   <div class='ocr_carea' id='block_1_18' title="bbox 973 256 1761 298">
    <p class='ocr_par' dir='ltr' id='par_1_18' title="bbox 973 256 1761 298">
     <span class='ocr_line' id='line_1_18' title="bbox 973 256 1761 298; baseline 0.011 -16"><span class='ocrx_word' id='word_1_117' title='bbox 973 256 1092 284; x_wconf 72' lang='lat' dir='ltr'><strong>tenebrae</strong></span> <span class='ocrx_word' id='word_1_118' title='bbox 1105 256 1235 291; x_wconf 84' lang='lat' dir='ltr'><strong>quiddam</strong></span> <span class='ocrx_word' id='word_1_119' title='bbox 1253 261 1330 291; x_wconf 79' lang='lat' dir='ltr'><strong>sunt,</strong></span> <span class='ocrx_word' id='word_1_120' title='bbox 1345 259 1418 293; x_wconf 86' lang='lat' dir='ltr'><strong>quod</strong></span> <span class='ocrx_word' id='word_1_121' title='bbox 1429 260 1547 288; x_wconf 74' lang='lat' dir='ltr'><strong>maxime</strong></span> <span class='ocrx_word' id='word_1_122' title='bbox 1560 265 1659 290; x_wconf 83' lang='lat' dir='ltr'><strong>ornatu</strong></span> <span class='ocrx_word' id='word_1_123' title='bbox 1674 268 1761 298; x_wconf 84' lang='lat' dir='ltr'><strong>caret,</strong></span> 
     </span>
    </p>
   </div>
   <div class='ocr_carea' id='block_1_19' title="bbox 971 301 1762 341">
    <p class='ocr_par' dir='ltr' id='par_1_19' title="bbox 971 301 1762 341">
     <span class='ocr_line' id='line_1_19' title="bbox 971 301 1762 341; baseline 0.011 -13"><span class='ocrx_word' id='word_1_124' title='bbox 971 301 1094 337; x_wconf 83' lang='lat' dir='ltr'><strong>Apostoli</strong></span> <span class='ocrx_word' id='word_1_125' title='bbox 1111 303 1258 335; x_wconf 80' lang='lat' dir='ltr'><strong>sententia,</strong></span> <span class='ocrx_word' id='word_1_126' title='bbox 1273 311 1333 338; x_wconf 70' lang='lat' dir='ltr'><strong>qua:</strong></span> <span class='ocrx_word' id='word_1_127' title='bbox 1352 308 1416 332; x_wconf 90' lang='lat' dir='ltr'><strong>sunt</strong></span> <span class='ocrx_word' id='word_1_128' title='bbox 1431 305 1485 332; x_wconf 90' lang='lat' dir='ltr'><strong>vita</strong></span> <span class='ocrx_word' id='word_1_129' title='bbox 1507 307 1635 341; x_wconf 86' lang='lat' dir='ltr'><strong>sordida;</strong></span> <span class='ocrx_word' id='word_1_130' title='bbox 1659 312 1686 336; x_wconf 89' lang='lat' dir='ltr'><strong>et</strong></span> <span class='ocrx_word' id='word_1_131' title='bbox 1701 309 1762 338; x_wconf 80' lang='lat' dir='ltr'><strong>sine</strong></span> 
     </span>
    </p>
   </div>
   <div class='ocr_carea' id='block_1_20' title="bbox 971 347 1762 391">
    <p class='ocr_par' dir='ltr' id='par_1_20' title="bbox 971 347 1762 391">
     <span class='ocr_line' id='line_1_20' title="bbox 971 347 1762 391; baseline 0.013 -17"><span class='ocrx_word' id='word_1_132' title='bbox 971 347 1059 375; x_wconf 87' lang='lat' dir='ltr'><strong>forma</strong></span> <span class='ocrx_word' id='word_1_133' title='bbox 1072 352 1146 381; x_wconf 86' lang='lat' dir='ltr'><strong>sunt,</strong></span> <span class='ocrx_word' id='word_1_134' title='bbox 1161 357 1224 377; x_wconf 89' lang='lat' dir='ltr'><strong>cum</strong></span> <span class='ocrx_word' id='word_1_135' title='bbox 1247 349 1363 378; x_wconf 86' lang='lat' dir='ltr'><strong>formam</strong></span> <span class='ocrx_word' id='word_1_136' title='bbox 1386 355 1413 379; x_wconf 88' lang='lat' dir='ltr'><strong>et</strong></span> <span class='ocrx_word' id='word_1_137' title='bbox 1436 352 1553 387; x_wconf 80' lang='lat' dir='ltr'><strong>speciem</strong></span> <span class='ocrx_word' id='word_1_138' title='bbox 1575 353 1674 383; x_wconf 68' lang='lat' dir='ltr'><strong>divinae</strong></span> <span class='ocrx_word' id='word_1_139' title='bbox 1696 364 1762 391; x_wconf 85' lang='lat' dir='ltr'><strong>pru-</strong></span> 
     </span>
    </p>
   </div>
   <div class='ocr_carea' id='block_1_21' title="bbox 971 393 1760 431">
    <p class='ocr_par' dir='ltr' id='par_1_21' title="bbox 971 393 1760 431">
     <span class='ocr_line' id='line_1_21' title="bbox 971 393 1760 431; baseline 0.013 -11"><span class='ocrx_word' id='word_1_140' title='bbox 971 393 1070 421; x_wconf 63' lang='lat' dir='ltr'><strong>dentiae</strong></span> <span class='ocrx_word' id='word_1_141' title='bbox 1083 401 1138 422; x_wconf 90' lang='lat' dir='ltr'><strong>non</strong></span> <span class='ocrx_word' id='word_1_142' title='bbox 1153 395 1270 423; x_wconf 88' lang='lat' dir='ltr'><strong>habeant</strong></span> <span class='ocrx_word' id='word_1_143' title='bbox 1283 405 1290 423; x_wconf 90' lang='lat'><strong>:</strong></span> <span class='ocrx_word' id='word_1_144' title='bbox 1302 396 1460 425; x_wconf 76' lang='lat' dir='ltr'><strong>obscuratio</strong></span> <span class='ocrx_word' id='word_1_145' title='bbox 1472 399 1544 426; x_wconf 93' lang='lat' dir='ltr'><strong>enim</strong></span> <span class='ocrx_word' id='word_1_146' title='bbox 1557 404 1622 427; x_wconf 89' lang='lat' dir='ltr'><strong>sunt</strong></span> <span class='ocrx_word' id='word_1_147' title='bbox 1649 401 1760 431; x_wconf 87' lang='lat' dir='ltr'><strong>virtutis</strong></span> 
     </span>
    </p>
   </div>
   <div class='ocr_carea' id='block_1_22' title="bbox 970 441 1758 481">
    <p class='ocr_par' dir='ltr' id='par_1_22' title="bbox 970 441 1758 481">
     <span class='ocr_line' id='line_1_22' title="bbox 970 441 1758 481; baseline 0.009 -14"><span class='ocrx_word' id='word_1_148' title='bbox 970 445 997 468; x_wconf 90' lang='lat' dir='ltr'><strong>et</strong></span> <span class='ocrx_word' id='word_1_149' title='bbox 1011 441 1165 468; x_wconf 85' lang='lat' dir='ltr'><strong>obstructio</strong></span> <span class='ocrx_word' id='word_1_150' title='bbox 1181 450 1187 468; x_wconf 93' lang='lat'>:</span> <span class='ocrx_word' id='word_1_151' title='bbox 1201 441 1263 476; x_wconf 84' lang='lat' dir='ltr'><strong>jure</strong></span> <span class='ocrx_word' id='word_1_152' title='bbox 1278 449 1310 469; x_wconf 89' lang='lat' dir='ltr'><strong>ac</strong></span> <span class='ocrx_word' id='word_1_153' title='bbox 1325 444 1421 471; x_wconf 90' lang='lat' dir='ltr'><strong>merito</strong></span> <span class='ocrx_word' id='word_1_154' title='bbox 1439 444 1622 473; x_wconf 88' lang='lat' dir='ltr'><strong>illustratione</strong></span> <span class='ocrx_word' id='word_1_155' title='bbox 1634 453 1758 481; x_wconf 87' lang='lat' dir='ltr'><strong>ornatur,</strong></span> 
     </span>
    </p>
   </div>
   <div class='ocr_carea' id='block_1_23' title="bbox 970 486 1760 527">
    <p class='ocr_par' dir='ltr' id='par_1_23' title="bbox 970 486 1760 527">
     <span class='ocr_line' id='line_1_23' title="bbox 970 486 1760 527; baseline 0.009 -13"><span class='ocrx_word' id='word_1_156' title='bbox 970 491 998 514; x_wconf 89' lang='lat' dir='ltr'><strong>et</strong></span> <span class='ocrx_word' id='word_1_157' title='bbox 1010 486 1128 521; x_wconf 84' lang='lat' dir='ltr'><strong>speciem</strong></span> <span class='ocrx_word' id='word_1_158' title='bbox 1152 486 1324 522; x_wconf 82' lang='lat' dir='ltr'><strong>formamque</strong></span> <span class='ocrx_word' id='word_1_159' title='bbox 1339 488 1408 517; x_wconf 87' lang='lat' dir='ltr'><strong>lucis</strong></span> <span class='ocrx_word' id='word_1_160' title='bbox 1423 490 1522 525; x_wconf 86' lang='lat' dir='ltr'><strong>accipit</strong></span> <span class='ocrx_word' id='word_1_161' title='bbox 1544 492 1567 518; x_wconf 84' lang='lat' dir='ltr'><strong>is</strong></span> <span class='ocrx_word' id='word_1_162' title='bbox 1589 492 1635 527; x_wconf 90' lang='lat' dir='ltr'><strong>qui</strong></span> <span class='ocrx_word' id='word_1_163' title='bbox 1655 493 1689 520; x_wconf 90' lang='lat' dir='ltr'><strong>ad</strong></span> <span class='ocrx_word' id='word_1_164' title='bbox 1712 494 1760 521; x_wconf 77' lang='lat' dir='ltr'><strong>ba-~</strong></span> 
     </span>
    </p>
   </div>
   <div class='ocr_carea' id='block_1_24' title="bbox 969 531 1758 570">
    <p class='ocr_par' dir='ltr' id='par_1_24' title="bbox 969 531 1758 570">
     <span class='ocr_line' id='line_1_24' title="bbox 969 531 1758 570; baseline 0.013 -12"><span class='ocrx_word' id='word_1_165' title='bbox 969 531 1100 566; x_wconf 89' lang='lat' dir='ltr'><strong>ptismum</strong></span> <span class='ocrx_word' id='word_1_166' title='bbox 1121 533 1237 565; x_wconf 77' lang='lat' dir='ltr'><strong>accedit,</strong></span> <span class='ocrx_word' id='word_1_167' title='bbox 1253 533 1341 561; x_wconf 88' lang='lat' dir='ltr'><strong>factus</strong></span> <span class='ocrx_word' id='word_1_168' title='bbox 1363 535 1432 563; x_wconf 91' lang='lat' dir='ltr'><strong>lucis</strong></span> <span class='ocrx_word' id='word_1_169' title='bbox 1446 536 1528 570; x_wconf 91' lang='lat' dir='ltr'><strong>ﬁlius,</strong></span> <span class='ocrx_word' id='word_1_170' title='bbox 1543 541 1570 564; x_wconf 89' lang='lat' dir='ltr'><strong>et</strong></span> <span class='ocrx_word' id='word_1_171' title='bbox 1593 538 1697 566; x_wconf 82' lang='lat' dir='ltr'><strong>semine</strong></span> <span class='ocrx_word' id='word_1_172' title='bbox 1711 539 1758 568; x_wconf 86' lang='lat' dir='ltr'><strong>Dei</strong></span> 
     </span>
    </p>
   </div>
   <div class='ocr_carea' id='block_1_25' title="bbox 968 577 1759 613">
    <p class='ocr_par' dir='ltr' id='par_1_25' title="bbox 968 577 1759 613">
     <span class='ocr_line' id='line_1_25' title="bbox 968 577 1759 613; baseline 0.011 -10"><span class='ocrx_word' id='word_1_173' title='bbox 968 577 1042 612; x_wconf 90' lang='lat' dir='ltr'><strong>quod</strong></span> <span class='ocrx_word' id='word_1_174' title='bbox 1053 577 1097 604; x_wconf 80' lang='lat' dir='ltr'><strong>lux</strong></span> <span class='ocrx_word' id='word_1_175' title='bbox 1113 581 1155 605; x_wconf 87' lang='lat' dir='ltr'><strong>est</strong></span> <span class='ocrx_word' id='word_1_176' title='bbox 1171 582 1293 613; x_wconf 86' lang='lat' dir='ltr'><strong>accepto,</strong></span> <span class='ocrx_word' id='word_1_177' title='bbox 1306 583 1340 606; x_wconf 80' lang='lat' dir='ltr'><strong>ut</strong></span> <span class='ocrx_word' id='word_1_178' title='bbox 1351 579 1396 606; x_wconf 54' lang='grc' dir='ltr'><strong>τοι</strong></span> <span class='ocrx_word' id='word_1_179' title='bbox 1417 580 1527 609; x_wconf 84' lang='lat' dir='ltr'><strong>divinus</strong></span> <span class='ocrx_word' id='word_1_180' title='bbox 1551 581 1670 611; x_wconf 85' lang='lat' dir='ltr'><strong>Joannes</strong></span> <span class='ocrx_word' id='word_1_181' title='bbox 1687 594 1693 611; x_wconf 91' lang='lat'>:</span> <span class='ocrx_word' id='word_1_182' title='bbox 1711 585 1759 612; x_wconf 91' lang='lat' dir='ltr'><strong>de-</strong></span> 
     </span>
    </p>
   </div>
   <div class='ocr_carea' id='block_1_26' title="bbox 969 622 1756 666">
    <p class='ocr_par' dir='ltr' id='par_1_26' title="bbox 969 622 1756 666">
     <span class='ocr_line' id='line_1_26' title="bbox 969 622 1756 666; baseline 0.011 -16"><span class='ocrx_word' id='word_1_183' title='bbox 969 622 1056 651; x_wconf 87' lang='lat' dir='ltr'><strong>forme</strong></span> <span class='ocrx_word' id='word_1_184' title='bbox 1069 627 1160 651; x_wconf 85' lang='lat' dir='ltr'><strong>autem</strong></span> <span class='ocrx_word' id='word_1_185' title='bbox 1176 624 1204 651; x_wconf 88' lang='lat' dir='ltr'><strong>id</strong></span> <span class='ocrx_word' id='word_1_186' title='bbox 1217 625 1329 659; x_wconf 86' lang='lat' dir='ltr'><strong>quodin</strong></span> <span class='ocrx_word' id='word_1_187' title='bbox 1342 626 1423 654; x_wconf 87' lang='lat' dir='ltr'><strong>rebus</strong></span> <span class='ocrx_word' id='word_1_188' title='bbox 1437 627 1550 661; x_wconf 88' lang='lat' dir='ltr'><strong>pulchra</strong></span> <span class='ocrx_word' id='word_1_189' title='bbox 1564 635 1640 657; x_wconf 81' lang='lat' dir='ltr'><strong>caret</strong></span> <span class='ocrx_word' id='word_1_190' title='bbox 1655 622 1756 666; x_wconf 84' lang='lat' dir='ltr'><strong>specie,</strong></span> 
     </span>
    </p>
   </div>
   <div class='ocr_carea' id='block_1_27' title="bbox 967 669 1758 712">
    <p class='ocr_par' dir='ltr' id='par_1_27' title="bbox 967 669 1758 712">
     <span class='ocr_line' id='line_1_27' title="bbox 967 669 1758 712; baseline 0.011 -16"><span class='ocrx_word' id='word_1_191' title='bbox 967 676 1025 696; x_wconf 86' lang='lat' dir='ltr'><strong>rem</strong></span> <span class='ocrx_word' id='word_1_192' title='bbox 1044 670 1134 704; x_wconf 85' lang='lat' dir='ltr'><strong>specie</strong></span> <span class='ocrx_word' id='word_1_193' title='bbox 1148 669 1305 697; x_wconf 73' lang='lat' dir='ltr'><strong>destitutam</strong></span> <span class='ocrx_word' id='word_1_194' title='bbox 1318 672 1444 705; x_wconf 83' lang='lat' dir='ltr'><strong>vocavit;</strong></span> <span class='ocrx_word' id='word_1_195' title='bbox 1460 681 1514 700; x_wconf 90' lang='lat' dir='ltr'><strong>non</strong></span> <span class='ocrx_word' id='word_1_196' title='bbox 1530 682 1595 702; x_wconf 87' lang='lat' dir='ltr'><strong>vero</strong></span> <span class='ocrx_word' id='word_1_197' title='bbox 1608 677 1681 711; x_wconf 82' lang='lat' dir='ltr'><strong>quod</strong></span> <span class='ocrx_word' id='word_1_198' title='bbox 1699 685 1758 712; x_wconf 85' lang='lat' dir='ltr'><strong>spe-</strong></span> 
     </span>
    </p>
   </div>
   <div class='ocr_carea' id='block_1_28' title="bbox 967 715 1756 760">
    <p class='ocr_par' dir='ltr' id='par_1_28' title="bbox 967 715 1756 760">
     <span class='ocr_line' id='line_1_28' title="bbox 967 715 1756 760; baseline 0.01 -18"><span class='ocrx_word' id='word_1_199' title='bbox 967 715 1018 743; x_wconf 93' lang='lat' dir='ltr'><strong>ciei</strong></span> <span class='ocrx_word' id='word_1_200' title='bbox 1032 717 1113 751; x_wconf 81' lang='lat' dir='ltr'><strong>plane</strong></span> <span class='ocrx_word' id='word_1_201' title='bbox 1133 724 1231 752; x_wconf 78' lang='lat' dir='ltr'><strong>expers</strong></span> <span class='ocrx_word' id='word_1_202' title='bbox 1250 717 1296 750; x_wconf 87' lang='lat' dir='ltr'><strong>sit,</strong></span> <span class='ocrx_word' id='word_1_203' title='bbox 1312 718 1384 746; x_wconf 89' lang='lat' dir='ltr'><strong>sicut</strong></span> <span class='ocrx_word' id='word_1_204' title='bbox 1404 719 1471 746; x_wconf 87' lang='lat' dir='ltr'><strong>illud</strong></span> <span class='ocrx_word' id='word_1_205' title='bbox 1486 720 1559 755; x_wconf 90' lang='lat' dir='ltr'><strong>quod</strong></span> <span class='ocrx_word' id='word_1_206' title='bbox 1579 727 1621 749; x_wconf 85' lang='lat' dir='ltr'><strong>est</strong></span> <span class='ocrx_word' id='word_1_207' title='bbox 1636 722 1756 760; x_wconf 84' lang='grc' dir='ltr'>δύσμορ-</span> 
     </span>
    </p>
   </div>
   <div class='ocr_carea' id='block_1_29' title="bbox 967 761 1754 802">
    <p class='ocr_par' dir='ltr' id='par_1_29' title="bbox 967 761 1754 802">
     <span class='ocr_line' id='line_1_29' title="bbox 967 761 1754 802; baseline 0.013 -14"><span class='ocrx_word' id='word_1_208' title='bbox 967 769 1026 795; x_wconf 80' lang='grc' dir='ltr'>φον,</span> <span class='ocrx_word' id='word_1_209' title='bbox 1050 761 1177 796; x_wconf 81' lang='lat' dir='ltr'><strong>deforme,</strong></span> <span class='ocrx_word' id='word_1_210' title='bbox 1200 771 1272 798; x_wconf 58' lang='lat' dir='ltr'><strong>saepe</strong></span> <span class='ocrx_word' id='word_1_211' title='bbox 1289 764 1421 800; x_wconf 81' lang='grc' dir='ltr'>ἄμορφον,</span> <span class='ocrx_word' id='word_1_212' title='bbox 1438 766 1494 793; x_wconf 76' lang='grc' dir='ltr'>εἰπε</span> <span class='ocrx_word' id='word_1_213' title='bbox 1513 766 1609 802; x_wconf 76' lang='lat' dir='ltr'><strong>forma,</strong></span> <span class='ocrx_word' id='word_1_214' title='bbox 1627 768 1754 799; x_wconf 83' lang='lat' dir='ltr'><strong>dicimus.</strong></span> 
     </span>
    </p>
   </div>
   <div class='ocr_carea' id='block_1_30' title="bbox 968 807 1756 848">
    <p class='ocr_par' dir='ltr' id='par_1_30' title="bbox 968 807 1756 848">
     <span class='ocr_line' id='line_1_30' title="bbox 968 807 1756 848; baseline 0.013 -14"><span class='ocrx_word' id='word_1_215' title='bbox 968 826 981 840; x_wconf 69' lang='grc'>,-</span> <span class='ocrx_word' id='word_1_216' title='bbox 1001 807 1170 842; x_wconf 79' lang='lat' dir='ltr'><strong>Spirilaliler</strong></span> <span class='ocrx_word' id='word_1_217' title='bbox 1180 810 1397 845; x_wconf 81' lang='lat' dir='ltr'><strong>cognoscendum.</strong></span> <span class='ocrx_word' id='word_1_218' title='bbox 1411 811 1544 848; x_wconf 88' lang='lat' dir='ltr'><strong>Equidem</strong></span> <span class='ocrx_word' id='word_1_219' title='bbox 1555 815 1682 842; x_wconf 78' lang='lat' dir='ltr'><strong>existimo</strong></span> <span class='ocrx_word' id='word_1_220' title='bbox 1696 824 1756 844; x_wconf 89' lang='lat' dir='ltr'><strong>mo-</strong></span> 
     </span>
    </p>
   </div>
   <div class='ocr_carea' id='block_1_31' title="bbox 966 852 1755 892">
    <p class='ocr_par' dir='ltr' id='par_1_31' title="bbox 966 852 1755 892">
     <span class='ocr_line' id='line_1_31' title="bbox 966 852 1755 892; baseline 0.011 -11"><span class='ocrx_word' id='word_1_221' title='bbox 966 852 1060 882; x_wconf 68' lang='lat' dir='ltr'><strong>destiae</strong></span> <span class='ocrx_word' id='word_1_222' title='bbox 1086 862 1169 883; x_wconf 84' lang='lat' dir='ltr'><strong>causa</strong></span> <span class='ocrx_word' id='word_1_223' title='bbox 1195 856 1275 892; x_wconf 88' lang='lat' dir='ltr'><strong>quasi</strong></span> <span class='ocrx_word' id='word_1_224' title='bbox 1304 857 1474 892; x_wconf 82' lang='lat' dir='ltr'><strong>ignorantem</strong></span> <span class='ocrx_word' id='word_1_225' title='bbox 1503 860 1608 888; x_wconf 85' lang='lat' dir='ltr'><strong>scilicet</strong></span> <span class='ocrx_word' id='word_1_226' title='bbox 1635 862 1755 890; x_wconf 82' lang='lat' dir='ltr'><strong>tacuisse</strong></span> 
     </span>
    </p>
   </div>
   <div class='ocr_carea' id='block_1_32' title="bbox 132 895 911 942">
    <p class='ocr_par' dir='ltr' id='par_1_32' title="bbox 132 895 911 938">
     <span class='ocr_line' id='line_1_32' title="bbox 132 895 911 938; baseline 0.009 -16"><span class='ocrx_word' id='word_1_227' title='bbox 132 895 218 932; x_wconf 79' lang='grc' dir='ltr'>μέγαν</span> <span class='ocrx_word' id='word_1_228' title='bbox 231 898 374 926; x_wconf 88' lang='grc' dir='ltr'>Διονύσιον.</span> <span class='ocrx_word' id='word_1_229' title='bbox 399 899 459 926; x_wconf 83' lang='grc' dir='ltr'>’Ότι</span> <span class='ocrx_word' id='word_1_230' title='bbox 480 900 529 936; x_wconf 81' lang='grc' dir='ltr'>μὲν</span> <span class='ocrx_word' id='word_1_231' title='bbox 549 901 603 936; x_wconf 86' lang='grc' dir='ltr'><strong>γὰρ</strong></span> <span class='ocrx_word' id='word_1_232' title='bbox 626 901 779 937; x_wconf 88' lang='grc' dir='ltr'>πνεύματος</span> <span class='ocrx_word' id='word_1_233' title='bbox 793 903 911 938; x_wconf 85' lang='grc' dir='ltr'>προγνώ-</span> 
     </span>
    </p>
   </div>
   <div class='ocr_carea' id='block_1_33' title="bbox 963 895 1755 942">
    <p class='ocr_par' dir='ltr' id='par_1_33' title="bbox 965 901 1755 942">
     <span class='ocr_line' id='line_1_33' title="bbox 965 901 1755 942; baseline 0.011 -16"><span class='ocrx_word' id='word_1_234' title='bbox 965 907 1093 935; x_wconf 74' lang='lat' dir='ltr'><strong>magnum</strong></span> <span class='ocrx_word' id='word_1_235' title='bbox 1109 902 1163 937; x_wconf 69' lang='lat'><strong>62</strong></span> <span class='ocrx_word' id='word_1_236' title='bbox 1178 901 1348 938; x_wconf 78' lang='lat' dir='ltr'><strong>Dionysium.</strong></span> <span class='ocrx_word' id='word_1_237' title='bbox 1376 902 1412 931; x_wconf 88' lang='lat' dir='ltr'><strong>Se</strong></span> <span class='ocrx_word' id='word_1_238' title='bbox 1433 905 1506 932; x_wconf 91' lang='lat' dir='ltr'><strong>enim</strong></span> <span class='ocrx_word' id='word_1_239' title='bbox 1529 906 1626 941; x_wconf 81' lang='lat' dir='ltr'><strong>spiritu</strong></span> <span class='ocrx_word' id='word_1_240' title='bbox 1649 915 1755 942; x_wconf 60' lang='lat' dir='ltr'><strong>pramo-</strong></span> 
     </span>
    </p>
   </div>
   <div class='ocr_carea' id='block_1_34' title="bbox 131 943 914 986">
    <p class='ocr_par' dir='ltr' id='par_1_34' title="bbox 131 943 914 986">
     <span class='ocr_line' id='line_1_34' title="bbox 131 943 914 986; baseline 0.011 -18"><span class='ocrx_word' id='word_1_241' title='bbox 131 949 198 974; x_wconf 88' lang='grc' dir='ltr'>σεως</span> <span class='ocrx_word' id='word_1_242' title='bbox 225 943 331 978; x_wconf 73' lang='grc' dir='ltr'>ἠξίωτο,</span> <span class='ocrx_word' id='word_1_243' title='bbox 354 944 432 981; x_wconf 85' lang='grc' dir='ltr'>δῆλον</span> <span class='ocrx_word' id='word_1_244' title='bbox 456 946 486 973; x_wconf 82' lang='grc' dir='ltr'>ὲν</span> <span class='ocrx_word' id='word_1_245' title='bbox 507 948 541 982; x_wconf 86' lang='grc' dir='ltr'><strong>τῇ</strong></span> <span class='ocrx_word' id='word_1_246' title='bbox 566 947 634 983; x_wconf 78' lang='grc' dir='ltr'>πρὸς</span> <span class='ocrx_word' id='word_1_247' title='bbox 658 948 704 974; x_wconf 77' lang='grc' dir='ltr'><strong>τὸν</strong></span> <span class='ocrx_word' id='word_1_248' title='bbox 722 949 914 986; x_wconf 78' lang='grc' dir='ltr'>εὑαγγελιστὴν</span> 
     </span>
    </p>
   </div>
   <div class='ocr_carea' id='block_1_35' title="bbox 136 988 916 1031">
    <p class='ocr_par' dir='ltr' id='par_1_35' title="bbox 136 988 916 1031">
     <span class='ocr_line' id='line_1_35' title="bbox 136 988 916 1031; baseline 0.01 -16"><span class='ocrx_word' id='word_1_249' title='bbox 136 988 260 1026; x_wconf 82' lang='grc' dir='ltr'>Ἰωάννην</span> <span class='ocrx_word' id='word_1_250' title='bbox 274 991 402 1028; x_wconf 75' lang='grc' dir='ltr'><strong>ἐπιστολῇ</strong></span> <span class='ocrx_word' id='word_1_251' title='bbox 417 993 578 1028; x_wconf 82' lang='grc' dir='ltr'>πεποίηκεν·</span> <span class='ocrx_word' id='word_1_252' title='bbox 595 993 669 1028; x_wconf 86' lang='grc' dir='ltr'>ὅμως</span> <span class='ocrx_word' id='word_1_253' title='bbox 682 994 761 1021; x_wconf 84' lang='grc' dir='ltr'>τοῦτό</span> <span class='ocrx_word' id='word_1_254' title='bbox 779 1004 824 1031; x_wconf 85' lang='grc' dir='ltr'><strong>μοι</strong></span> <span class='ocrx_word' id='word_1_255' title='bbox 842 996 916 1022; x_wconf 85' lang='grc' dir='ltr'>δοκεῖ</span> 
     </span>
    </p>
   </div>
   <div class='ocr_carea' id='block_1_36' title="bbox 129 1034 913 1076">
    <p class='ocr_par' dir='ltr' id='par_1_36' title="bbox 129 1034 913 1076">
     <span class='ocr_line' id='line_1_36' title="bbox 129 1034 913 1076; baseline 0.009 -15"><span class='ocrx_word' id='word_1_256' title='bbox 129 1034 280 1070; x_wconf 80' lang='grc' dir='ltr'>σημαίνειν,</span> <span class='ocrx_word' id='word_1_257' title='bbox 294 1037 335 1063; x_wconf 84' lang='grc' dir='ltr'>ὅτι</span> <span class='ocrx_word' id='word_1_258' title='bbox 350 1037 467 1072; x_wconf 82' lang='grc' dir='ltr'>Χριστοῦ</span> <span class='ocrx_word' id='word_1_259' title='bbox 482 1038 579 1065; x_wconf 79' lang='grc' dir='ltr'>εὐωδία</span> <span class='ocrx_word' id='word_1_260' title='bbox 595 1039 670 1071; x_wconf 72' lang='grc' dir='ltr'>ὅντες</span> <span class='ocrx_word' id='word_1_261' title='bbox 690 1042 811 1076; x_wconf 88' lang='grc' dir='ltr'>πανταχῆ</span> <span class='ocrx_word' id='word_1_262' title='bbox 825 1042 850 1068; x_wconf 89' lang='grc' dir='ltr'><strong>οί</strong></span> <span class='ocrx_word' id='word_1_263' title='bbox 866 1041 913 1068; x_wconf 83' lang='grc' dir='ltr'><strong>τοῦ</strong></span> 
     </span>
    </p>
   </div>
   <div class='ocr_carea' id='block_1_37' title="bbox 129 1079 912 1124">
    <p class='ocr_par' dir='ltr' id='par_1_37' title="bbox 129 1079 912 1124">
     <span class='ocr_line' id='line_1_37' title="bbox 129 1079 912 1124; baseline 0.011 -18"><span class='ocrx_word' id='word_1_264' title='bbox 129 1079 201 1123; x_wconf 84' lang='grc' dir='ltr'>θείου</span> <span class='ocrx_word' id='word_1_265' title='bbox 217 1081 374 1117; x_wconf 85' lang='grc' dir='ltr'>Πνεύματος</span> <span class='ocrx_word' id='word_1_266' title='bbox 388 1083 542 1119; x_wconf 76' lang='grc' dir='ltr'>ἠξιωμένοι,</span> <span class='ocrx_word' id='word_1_267' title='bbox 563 1085 610 1112; x_wconf 78' lang='grc' dir='ltr'><strong>καὶ</strong></span> <span class='ocrx_word' id='word_1_268' title='bbox 632 1086 776 1119; x_wconf 78' lang='grc' dir='ltr'>ὲνωθέντες</span> <span class='ocrx_word' id='word_1_269' title='bbox 793 1087 866 1124; x_wconf 80' lang='grc' dir='ltr'>αὐτῷ</span> <span class='ocrx_word' id='word_1_270' title='bbox 880 1089 912 1124; x_wconf 84' lang='grc' dir='ltr'><strong>τῇ</strong></span> 
     </span>
    </p>
   </div>
   <div class='ocr_carea' id='block_1_38' title="bbox 129 1121 913 1170">
    <p class='ocr_par' dir='ltr' id='par_1_38' title="bbox 129 1121 913 1170">
     <span class='ocr_line' id='line_1_38' title="bbox 129 1121 913 1170; baseline 0.011 -18"><span class='ocrx_word' id='word_1_271' title='bbox 129 1121 296 1163; x_wconf 75' lang='grc' dir='ltr'>καθαρότητι</span> <span class='ocrx_word' id='word_1_272' title='bbox 320 1129 391 1156; x_wconf 79' lang='grc' dir='ltr'>κατά</span> <span class='ocrx_word' id='word_1_273' title='bbox 419 1130 463 1156; x_wconf 82' lang='grc' dir='ltr'>τὸν</span> <span class='ocrx_word' id='word_1_274' title='bbox 486 1131 655 1164; x_wconf 81' lang='grc' dir='ltr'>’Δπόστολον,</span> <span class='ocrx_word' id='word_1_275' title='bbox 670 1121 913 1170; x_wconf 41' lang='grc' dir='ltr'>αἱσθάνονταμτῆς</span> 
     </span>
    </p>
   </div>
   <div class='ocr_carea' id='block_1_39' title="bbox 127 1172 913 1216">
    <p class='ocr_par' dir='ltr' id='par_1_39' title="bbox 127 1172 913 1216">
     <span class='ocr_line' id='line_1_39' title="bbox 127 1172 913 1216; baseline 0.011 -18"><span class='ocrx_word' id='word_1_276' title='bbox 127 1172 209 1200; x_wconf 87' lang='grc' dir='ltr'>αὑτοῦ</span> <span class='ocrx_word' id='word_1_277' title='bbox 231 1175 390 1210; x_wconf 84' lang='grc' dir='ltr'>παρουσίας,</span> <span class='ocrx_word' id='word_1_278' title='bbox 409 1176 448 1212; x_wconf 85' lang='grc' dir='ltr'>τῷ</span> <span class='ocrx_word' id='word_1_279' title='bbox 468 1177 604 1212; x_wconf 85' lang='grc' dir='ltr'>γλώσσαις</span> <span class='ocrx_word' id='word_1_280' title='bbox 625 1179 723 1212; x_wconf 81' lang='grc' dir='ltr'>λαλεῖν,</span> <span class='ocrx_word' id='word_1_281' title='bbox 739 1181 755 1216; x_wconf 82' lang='grc' dir='ltr'><strong>ἢ</strong></span> <span class='ocrx_word' id='word_1_282' title='bbox 780 1188 913 1216; x_wconf 79' lang='grc' dir='ltr'>προφητιι-</span> 
     </span>
    </p>
   </div>
   <div class='ocr_carea' id='block_1_40' title="bbox 126 1218 912 1259">
    <p class='ocr_par' dir='ltr' id='par_1_40' title="bbox 126 1218 912 1259">
     <span class='ocr_line' id='line_1_40' title="bbox 126 1218 912 1259; baseline 0.01 -15"><span class='ocrx_word' id='word_1_283' title='bbox 126 1218 174 1245; x_wconf 76' lang='grc' dir='ltr'><strong>κὸν</strong></span> <span class='ocrx_word' id='word_1_284' title='bbox 191 1219 261 1254; x_wconf 78' lang='grc' dir='ltr'>ἔχειν</span> <span class='ocrx_word' id='word_1_285' title='bbox 273 1220 403 1257; x_wconf 80' lang='grc' dir='ltr'><strong>χάρισμα,</strong></span> <span class='ocrx_word' id='word_1_286' title='bbox 415 1222 431 1257; x_wconf 81' lang='grc' dir='ltr'>ἢ</span> <span class='ocrx_word' id='word_1_287' title='bbox 447 1222 531 1254; x_wconf 82' lang='grc' dir='ltr'>ιάσεις</span> <span class='ocrx_word' id='word_1_288' title='bbox 541 1223 670 1259; x_wconf 76' lang='grc' dir='ltr'>ἐνεργεῖν,</span> <span class='ocrx_word' id='word_1_289' title='bbox 690 1225 737 1251; x_wconf 81' lang='grc' dir='ltr'><strong>καὶ</strong></span> <span class='ocrx_word' id='word_1_290' title='bbox 751 1225 800 1251; x_wconf 86' lang='grc' dir='ltr'>ὃσα</span> <span class='ocrx_word' id='word_1_291' title='bbox 814 1226 842 1251; x_wconf 80' lang='grc' dir='ltr'>ἐν</span> <span class='ocrx_word' id='word_1_292' title='bbox 854 1227 912 1257; x_wconf 86' lang='grc' dir='ltr'>ταῖς</span> 
     </span>
    </p>
   </div>
   <div class='ocr_carea' id='block_1_41' title="bbox 127 1264 909 1307">
    <p class='ocr_par' dir='ltr' id='par_1_41' title="bbox 127 1264 909 1307">
     <span class='ocr_line' id='line_1_41' title="bbox 127 1264 909 1307; baseline 0.01 -17"><span class='ocrx_word' id='word_1_293' title='bbox 127 1264 245 1299; x_wconf 79' lang='grc' dir='ltr'>Πράξεσι</span> <span class='ocrx_word' id='word_1_294' title='bbox 260 1266 395 1302; x_wconf 83' lang='grc' dir='ltr'>δηλοῦται,</span> <span class='ocrx_word' id='word_1_295' title='bbox 421 1268 468 1294; x_wconf 79' lang='grc' dir='ltr'><strong>καὶ</strong></span> <span class='ocrx_word' id='word_1_296' title='bbox 491 1269 567 1304; x_wconf 89' lang='grc' dir='ltr'><strong>παρά</strong></span> <span class='ocrx_word' id='word_1_297' title='bbox 584 1269 623 1305; x_wconf 85' lang='grc' dir='ltr'>τῷ</span> <span class='ocrx_word' id='word_1_298' title='bbox 649 1269 778 1306; x_wconf 79' lang='grc' dir='ltr'><strong>θειοτάτῳ</strong></span> <span class='ocrx_word' id='word_1_299' title='bbox 801 1271 909 1307; x_wconf 86' lang='grc' dir='ltr'>Παύλῳ.</span> 
     </span>
    </p>
   </div>
   <div class='ocr_carea' id='block_1_42' title="bbox 128 1310 912 1352">
    <p class='ocr_par' dir='ltr' id='par_1_42' title="bbox 128 1310 912 1352">
     <span class='ocr_line' id='line_1_42' title="bbox 128 1310 912 1352; baseline 0.011 -16"><span class='ocrx_word' id='word_1_300' title='bbox 128 1310 247 1342; x_wconf 58' lang='lat' dir='ltr'><strong>&quot;mam-</strong></span> <span class='ocrx_word' id='word_1_301' title='bbox 265 1311 296 1338; x_wconf 81' lang='grc' dir='ltr'><strong>οι</strong></span> <span class='ocrx_word' id='word_1_302' title='bbox 310 1312 348 1344; x_wconf 82' lang='grc' dir='ltr'><strong>ὡς</strong></span> <span class='ocrx_word' id='word_1_303' title='bbox 363 1315 540 1348; x_wconf 78' lang='grc' dir='ltr'>πνευματικοὶ</span> <span class='ocrx_word' id='word_1_304' title='bbox 558 1315 591 1342; x_wconf 87' lang='grc' dir='ltr'><strong>τά</strong></span> <span class='ocrx_word' id='word_1_305' title='bbox 606 1317 777 1352; x_wconf 85' lang='grc' dir='ltr'>πνευματικά</span> <span class='ocrx_word' id='word_1_306' title='bbox 791 1318 912 1351; x_wconf 84' lang='grc' dir='ltr'>νοοῦντες</span> 
     </span>
    </p>
   </div>
   <div class='ocr_carea' id='block_1_43' title="bbox 124 1355 911 1397">
    <p class='ocr_par' dir='ltr' id='par_1_43' title="bbox 124 1355 911 1397">
     <span class='ocr_line' id='line_1_43' title="bbox 124 1355 911 1397; baseline 0.013 -17"><span class='ocrx_word' id='word_1_307' title='bbox 124 1355 172 1381; x_wconf 80' lang='grc' dir='ltr'><strong>καὶ</strong></span> <span class='ocrx_word' id='word_1_308' title='bbox 190 1356 245 1387; x_wconf 83' lang='grc' dir='ltr'>τοῖς</span> <span class='ocrx_word' id='word_1_309' title='bbox 260 1360 452 1392; x_wconf 81' lang='grc' dir='ltr'>πνευματικοῖς</span> <span class='ocrx_word' id='word_1_310' title='bbox 466 1360 665 1395; x_wconf 82' lang='grc' dir='ltr'>συγκρίνοντες,</span> <span class='ocrx_word' id='word_1_311' title='bbox 681 1362 728 1388; x_wconf 76' lang='grc' dir='ltr'><strong>καὶ</strong></span> <span class='ocrx_word' id='word_1_312' title='bbox 748 1362 798 1397; x_wconf 85' lang='grc' dir='ltr'>τὴν</span> <span class='ocrx_word' id='word_1_313' title='bbox 821 1362 911 1390; x_wconf 78' lang='grc' dir='ltr'>ἔνθεον</span> 
     </span>
    </p>
   </div>
   <div class='ocr_carea' id='block_1_44' title="bbox 124 1399 910 1443">
    <p class='ocr_par' dir='ltr' id='par_1_44' title="bbox 124 1399 910 1443">
     <span class='ocr_line' id='line_1_44' title="bbox 124 1399 910 1443; baseline 0.013 -18"><span class='ocrx_word' id='word_1_314' title='bbox 124 1399 171 1425; x_wconf 77' lang='grc' dir='ltr'>καὶ</span> <span class='ocrx_word' id='word_1_315' title='bbox 192 1402 378 1437; x_wconf 82' lang='grc' dir='ltr'>πνευματικὴν</span> <span class='ocrx_word' id='word_1_316' title='bbox 405 1403 518 1430; x_wconf 80' lang='grc' dir='ltr'>εὐωδίαν</span> <span class='ocrx_word' id='word_1_317' title='bbox 544 1404 614 1431; x_wconf 74' lang='grc' dir='ltr'>οὕτω</span> <span class='ocrx_word' id='word_1_318' title='bbox 632 1407 766 1442; x_wconf 82' lang='grc' dir='ltr'>νοήσουσι.</span> <span class='ocrx_word' id='word_1_319' title='bbox 791 1408 910 1443; x_wconf 83' lang='grc' dir='ltr'>Χριστοῦ</span> 
     </span>
    </p>
   </div>
   <div class='ocr_carea' id='block_1_45' title="bbox 126 1445 910 1490">
    <p class='ocr_par' dir='ltr' id='par_1_45' title="bbox 126 1445 910 1490">
     <span class='ocr_line' id='line_1_45' title="bbox 126 1445 910 1490; baseline 0.013 -18"><span class='ocrx_word' id='word_1_320' title='bbox 126 1445 175 1481; x_wconf 81' lang='grc' dir='ltr'>μὲν</span> <span class='ocrx_word' id='word_1_321' title='bbox 188 1446 242 1483; x_wconf 80' lang='grc' dir='ltr'><strong>γὰρ</strong></span> <span class='ocrx_word' id='word_1_322' title='bbox 255 1448 367 1475; x_wconf 81' lang='grc' dir='ltr'>εὐωδίαν</span> <span class='ocrx_word' id='word_1_323' title='bbox 387 1450 467 1485; x_wconf 81' lang='grc' dir='ltr'>φησὶν</span> <span class='ocrx_word' id='word_1_324' title='bbox 486 1448 553 1477; x_wconf 86' lang='grc' dir='ltr'>εἴναι</span> <span class='ocrx_word' id='word_1_325' title='bbox 570 1451 684 1486; x_wconf 79' lang='grc' dir='ltr'>Παῦλος,</span> <span class='ocrx_word' id='word_1_326' title='bbox 698 1454 761 1485; x_wconf 81' lang='grc' dir='ltr'>τοὺς</span> <span class='ocrx_word' id='word_1_327' title='bbox 774 1453 808 1481; x_wconf 90' lang='grc' dir='ltr'><strong>τά</strong></span> <span class='ocrx_word' id='word_1_328' title='bbox 828 1455 910 1490; x_wconf 82' lang='grc' dir='ltr'>εὐαγ-</span> 
     </span>
    </p>
   </div>
   <div class='ocr_carea' id='block_1_46' title="bbox 124 1492 910 1535">
    <p class='ocr_par' dir='ltr' id='par_1_46' title="bbox 124 1492 910 1535">
     <span class='ocr_line' id='line_1_46' title="bbox 124 1492 910 1535; baseline 0.011 -17"><span class='ocrx_word' id='word_1_329' title='bbox 124 1492 220 1526; x_wconf 74' lang='grc' dir='ltr'>γελικά</span> <span class='ocrx_word' id='word_1_330' title='bbox 233 1493 424 1528; x_wconf 83' lang='grc' dir='ltr'>κηρύττοντας,</span> <span class='ocrx_word' id='word_1_331' title='bbox 443 1496 481 1527; x_wconf 87' lang='grc' dir='ltr'><strong>ὡς</strong></span> <span class='ocrx_word' id='word_1_332' title='bbox 496 1497 529 1524; x_wconf 85' lang='grc' dir='ltr'>ἐκ</span> <span class='ocrx_word' id='word_1_333' title='bbox 544 1497 616 1533; x_wconf 83' lang='grc' dir='ltr'><strong>ζωῆς</strong></span> <span class='ocrx_word' id='word_1_334' title='bbox 629 1498 679 1534; x_wconf 86' lang='grc' dir='ltr'>τῆς</span> <span class='ocrx_word' id='word_1_335' title='bbox 697 1499 814 1532; x_wconf 84' lang='grc' dir='ltr'>πίστεως</span> <span class='ocrx_word' id='word_1_336' title='bbox 827 1501 910 1535; x_wconf 75' lang='grc' dir='ltr'>ἡγου-</span> 
     </span>
    </p>
   </div>
   <div class='ocr_carea' id='block_1_47' title="bbox 126 1539 909 1581">
    <p class='ocr_par' dir='ltr' id='par_1_47' title="bbox 126 1539 909 1581">
     <span class='ocr_line' id='line_1_47' title="bbox 126 1539 909 1581; baseline 0.011 -16"><span class='ocrx_word' id='word_1_337' title='bbox 126 1539 223 1574; x_wconf 80' lang='grc' dir='ltr'>μένους</span> <span class='ocrx_word' id='word_1_338' title='bbox 244 1541 290 1567; x_wconf 79' lang='grc' dir='ltr'><strong>ἐπὶ</strong></span> <span class='ocrx_word' id='word_1_339' title='bbox 312 1540 383 1577; x_wconf 85' lang='grc' dir='ltr'>ζωὴν</span> <span class='ocrx_word' id='word_1_340' title='bbox 404 1542 454 1579; x_wconf 84' lang='grc' dir='ltr'><strong>τὴν</strong></span> <span class='ocrx_word' id='word_1_341' title='bbox 469 1542 512 1570; x_wconf 86' lang='grc' dir='ltr'><strong>διὰ</strong></span> <span class='ocrx_word' id='word_1_342' title='bbox 537 1543 721 1580; x_wconf 84' lang='grc' dir='ltr'>βαπτίσματος</span> <span class='ocrx_word' id='word_1_343' title='bbox 739 1546 844 1581; x_wconf 71' lang='grc' dir='ltr'>ἄφεσιν,</span> <span class='ocrx_word' id='word_1_344' title='bbox 863 1547 909 1574; x_wconf 78' lang='grc' dir='ltr'><strong>καὶ</strong></span> 
     </span>
    </p>
   </div>
   <div class='ocr_carea' id='block_1_48' title="bbox 123 1585 910 1628">
    <p class='ocr_par' dir='ltr' id='par_1_48' title="bbox 123 1585 910 1628">
     <span class='ocr_line' id='line_1_48' title="bbox 123 1585 910 1628; baseline 0.013 -18"><span class='ocrx_word' id='word_1_345' title='bbox 123 1585 170 1611; x_wconf 74' lang='grc' dir='ltr'><strong>τοῦ</strong></span> <span class='ocrx_word' id='word_1_346' title='bbox 189 1585 266 1620; x_wconf 83' lang='grc' dir='ltr'>ἁγίου</span> <span class='ocrx_word' id='word_1_347' title='bbox 283 1586 439 1622; x_wconf 85' lang='grc' dir='ltr'>Πνεύματος</span> <span class='ocrx_word' id='word_1_348' title='bbox 458 1588 544 1621; x_wconf 82' lang='grc' dir='ltr'>δόσιν,</span> <span class='ocrx_word' id='word_1_349' title='bbox 569 1591 615 1616; x_wconf 77' lang='grc' dir='ltr'><strong>καὶ</strong></span> <span class='ocrx_word' id='word_1_350' title='bbox 634 1590 769 1625; x_wconf 83' lang='grc' dir='ltr'>βασιλείαν</span> <span class='ocrx_word' id='word_1_351' title='bbox 788 1593 910 1628; x_wconf 76' lang='grc' dir='ltr'>οὐρανῶν</span> 
     </span>
    </p>
   </div>
   <div class='ocr_carea' id='block_1_49' title="bbox 123 1629 910 1672">
    <p class='ocr_par' dir='ltr' id='par_1_49' title="bbox 123 1629 910 1672">
     <span class='ocr_line' id='line_1_49' title="bbox 123 1629 910 1672; baseline 0.013 -17"><span class='ocrx_word' id='word_1_352' title='bbox 123 1630 157 1656; x_wconf 81' lang='grc' dir='ltr'>δι’</span> <span class='ocrx_word' id='word_1_353' title='bbox 168 1629 256 1665; x_wconf 74' lang='grc' dir='ltr'>ἔργων</span> <span class='ocrx_word' id='word_1_354' title='bbox 269 1630 438 1667; x_wconf 78' lang='grc' dir='ltr'>θεοπρεπῶν,</span> <span class='ocrx_word' id='word_1_355' title='bbox 454 1633 508 1660; x_wconf 78' lang='grc' dir='ltr'><strong>τῶν</strong></span> <span class='ocrx_word' id='word_1_356' title='bbox 529 1635 576 1661; x_wconf 76' lang='grc' dir='ltr'><strong>καὶ</strong></span> <span class='ocrx_word' id='word_1_357' title='bbox 589 1635 701 1667; x_wconf 78' lang='grc' dir='ltr'>εὐωδίας</span> <span class='ocrx_word' id='word_1_358' title='bbox 716 1637 814 1672; x_wconf 84' lang='grc' dir='ltr'>νοητῆς</span> <span class='ocrx_word' id='word_1_359' title='bbox 827 1637 910 1665; x_wconf 75' lang='grc' dir='ltr'>ὄντων</span> 
     </span>
    </p>
   </div>
   <div class='ocr_carea' id='block_1_50' title="bbox 123 1673 911 1716">
    <p class='ocr_par' dir='ltr' id='par_1_50' title="bbox 123 1673 911 1716">
     <span class='ocr_line' id='line_1_50' title="bbox 123 1673 911 1716; baseline 0.013 -16"><span class='ocrx_word' id='word_1_360' title='bbox 123 1673 284 1709; x_wconf 69' lang='grc' dir='ltr'>δηλοῦνταςο</span> <span class='ocrx_word' id='word_1_361' title='bbox 300 1676 360 1703; x_wconf 75' lang='grc' dir='ltr'>ὅθεν</span> <span class='ocrx_word' id='word_1_362' title='bbox 374 1676 472 1712; x_wconf 80' lang='grc' dir='ltr'>φιάλας</span> <span class='ocrx_word' id='word_1_363' title='bbox 485 1678 663 1716; x_wconf 88' lang='grc' dir='ltr'>θυμιαμάτων</span> <span class='ocrx_word' id='word_1_364' title='bbox 688 1681 788 1716; x_wconf 74' lang='grc' dir='ltr'>μεστὰς</span> <span class='ocrx_word' id='word_1_365' title='bbox 801 1682 851 1714; x_wconf 88' lang='grc' dir='ltr'><strong>τάς</strong></span> <span class='ocrx_word' id='word_1_366' title='bbox 866 1683 911 1710; x_wconf 86' lang='grc' dir='ltr'><strong>εὺ-</strong></span> 
     </span>
    </p>
   </div>
   <div class='ocr_carea' id='block_1_51' title="bbox 123 1720 910 1764">
    <p class='ocr_par' dir='ltr' id='par_1_51' title="bbox 123 1720 910 1764">
     <span class='ocr_line' id='line_1_51' title="bbox 123 1720 910 1764; baseline 0.011 -17"><span class='ocrx_word' id='word_1_367' title='bbox 123 1720 174 1756; x_wconf 75' lang='grc' dir='ltr'>χὰς</span> <span class='ocrx_word' id='word_1_368' title='bbox 198 1721 250 1748; x_wconf 86' lang='grc' dir='ltr'>τῶν</span> <span class='ocrx_word' id='word_1_369' title='bbox 273 1722 383 1750; x_wconf 80' lang='grc' dir='ltr'>δικαίων</span> <span class='ocrx_word' id='word_1_370' title='bbox 404 1724 530 1761; x_wconf 84' lang='grc' dir='ltr'>Ἰωάννης</span> <span class='ocrx_word' id='word_1_371' title='bbox 550 1726 564 1752; x_wconf 84' lang='grc' dir='ltr'><strong>ὁ</strong></span> <span class='ocrx_word' id='word_1_372' title='bbox 587 1726 655 1758; x_wconf 82' lang='grc' dir='ltr'>θεῖος</span> <span class='ocrx_word' id='word_1_373' title='bbox 680 1728 710 1754; x_wconf 81' lang='grc' dir='ltr'>ὲν</span> <span class='ocrx_word' id='word_1_374' title='bbox 731 1728 910 1764; x_wconf 77' lang='grc' dir='ltr'>’Δποκαλύψει</span> 
     </span>
    </p>
   </div>
   <div class='ocr_carea' id='block_1_52' title="bbox 124 1766 910 1811">
    <p class='ocr_par' dir='ltr' id='par_1_52' title="bbox 124 1766 910 1811">
     <span class='ocr_line' id='line_1_52' title="bbox 124 1766 910 1811; baseline 0.011 -18"><span class='ocrx_word' id='word_1_375' title='bbox 124 1766 222 1803; x_wconf 82' lang='grc' dir='ltr'>θεωρεῖ</span> <span class='ocrx_word' id='word_1_376' title='bbox 236 1768 258 1795; x_wconf 79' lang='grc'><strong>⁸.</strong></span> <span class='ocrx_word' id='word_1_377' title='bbox 278 1769 399 1796; x_wconf 85' lang='grc' dir='ltr'>Δυσωδία</span> <span class='ocrx_word' id='word_1_378' title='bbox 418 1770 446 1797; x_wconf 83' lang='grc' dir='ltr'>δὲ</span> <span class='ocrx_word' id='word_1_379' title='bbox 464 1770 512 1797; x_wconf 84' lang='grc' dir='ltr'><strong>τοῦ</strong></span> <span class='ocrx_word' id='word_1_380' title='bbox 526 1771 647 1799; x_wconf 79' lang='grc' dir='ltr'>διαὸόλου</span> <span class='ocrx_word' id='word_1_381' title='bbox 661 1773 696 1800; x_wconf 86' lang='grc' dir='ltr'><strong>τά</strong></span> <span class='ocrx_word' id='word_1_382' title='bbox 707 1774 756 1809; x_wconf 84' lang='grc' dir='ltr'>τῆς</span> <span class='ocrx_word' id='word_1_383' title='bbox 775 1775 910 1811; x_wconf 79' lang='grc' dir='ltr'>ἁμαρτίας</span> 
     </span>
    </p>
   </div>
   <div class='ocr_carea' id='block_1_53' title="bbox 124 1813 910 1856">
    <p class='ocr_par' dir='ltr' id='par_1_53' title="bbox 124 1813 910 1856">
     <span class='ocr_line' id='line_1_53' title="bbox 124 1813 910 1856; baseline 0.013 -17"><span class='ocrx_word' id='word_1_384' title='bbox 124 1813 192 1840; x_wconf 70' lang='grc' dir='ltr'>εἰσιν</span> <span class='ocrx_word' id='word_1_385' title='bbox 212 1813 289 1849; x_wconf 77' lang='grc' dir='ltr'>ἔργα,</span> <span class='ocrx_word' id='word_1_386' title='bbox 309 1814 348 1847; x_wconf 80' lang='grc' dir='ltr'>ὡς</span> <span class='ocrx_word' id='word_1_387' title='bbox 365 1815 412 1843; x_wconf 78' lang='grc' dir='ltr'>καὶ</span> <span class='ocrx_word' id='word_1_388' title='bbox 433 1816 462 1844; x_wconf 86' lang='grc' dir='ltr'>ὲν</span> <span class='ocrx_word' id='word_1_389' title='bbox 477 1817 601 1853; x_wconf 79' lang='grc' dir='ltr'>Ψαλμοῖς</span> <span class='ocrx_word' id='word_1_390' title='bbox 620 1819 742 1856; x_wconf 67' lang='grc' dir='ltr'>εἴρηται*</span> <span class='ocrx_word' id='word_1_391' title='bbox 763 1821 910 1855; x_wconf 73' lang='grc' dir='ltr'><strong>Προσώζε-</strong></span> 
     </span>
    </p>
   </div>
   <div class='ocr_carea' id='block_1_54' title="bbox 123 1860 910 1902">
    <p class='ocr_par' dir='ltr' id='par_1_54' title="bbox 123 1860 910 1902">
     <span class='ocr_line' id='line_1_54' title="bbox 123 1860 910 1902; baseline 0.014 -17"><span class='ocrx_word' id='word_1_392' title='bbox 123 1867 184 1886; x_wconf 78' lang='grc' dir='ltr'>σαν</span> <span class='ocrx_word' id='word_1_393' title='bbox 207 1860 255 1887; x_wconf 77' lang='grc' dir='ltr'><strong>καὶ</strong></span> <span class='ocrx_word' id='word_1_394' title='bbox 279 1860 441 1896; x_wconf 82' lang='grc' dir='ltr'>ἐσάπησαν</span> <span class='ocrx_word' id='word_1_395' title='bbox 462 1865 490 1890; x_wconf 82' lang='grc' dir='ltr'>οἱ</span> <span class='ocrx_word' id='word_1_396' title='bbox 507 1863 652 1899; x_wconf 62' lang='grc' dir='ltr'>μωωπές</span> <span class='ocrx_word' id='word_1_397' title='bbox 664 1875 724 1901; x_wconf 88' lang='grc' dir='ltr'><strong>μου</strong></span> <span class='ocrx_word' id='word_1_398' title='bbox 743 1867 802 1895; x_wconf 80' lang='grc' dir='ltr'>ἀπὸ</span> <span class='ocrx_word' id='word_1_399' title='bbox 818 1875 910 1902; x_wconf 76' lang='grc' dir='ltr'>προσ-</span> 
     </span>
    </p>
   </div>
   <div class='ocr_carea' id='block_1_55' title="bbox 122 1905 910 1951">
    <p class='ocr_par' dir='ltr' id='par_1_55' title="bbox 122 1905 910 1951">
     <span class='ocr_line' id='line_1_55' title="bbox 122 1905 910 1951; baseline 0.014 -20"><span class='ocrx_word' id='word_1_400' title='bbox 122 1905 204 1933; x_wconf 74' lang='grc' dir='ltr'>ώπου</span> <span class='ocrx_word' id='word_1_401' title='bbox 219 1907 274 1941; x_wconf 87' lang='grc' dir='ltr'>τῆς</span> <span class='ocrx_word' id='word_1_402' title='bbox 290 1908 464 1944; x_wconf 63' lang='grc' dir='ltr'>ἀφροσύνης</span> <span class='ocrx_word' id='word_1_403' title='bbox 476 1919 547 1945; x_wconf 78' lang='grc' dir='ltr'>μου,</span> <span class='ocrx_word' id='word_1_404' title='bbox 563 1913 685 1940; x_wconf 85' lang='grc' dir='ltr'>τουτέστι</span> <span class='ocrx_word' id='word_1_405' title='bbox 707 1914 756 1950; x_wconf 87' lang='grc' dir='ltr'>τῆς</span> <span class='ocrx_word' id='word_1_406' title='bbox 775 1915 910 1951; x_wconf 85' lang='grc' dir='ltr'>ἁμαρτίας</span> 
     </span>
    </p>
   </div>
   <div class='ocr_carea' id='block_1_56' title="bbox 125 1954 909 1998">
    <p class='ocr_par' dir='ltr' id='par_1_56' title="bbox 125 1954 909 1998">
     <span class='ocr_line' id='line_1_56' title="bbox 125 1954 909 1998; baseline 0.015 -20"><span class='ocrx_word' id='word_1_407' title='bbox 125 1961 185 1987; x_wconf 83' lang='grc' dir='ltr'>μου.</span> <span class='ocrx_word' id='word_1_408' title='bbox 201 1954 247 1980; x_wconf 85' lang='grc' dir='ltr'><strong>Διὸ</strong></span> <span class='ocrx_word' id='word_1_409' title='bbox 262 1955 309 1981; x_wconf 73' lang='grc' dir='ltr'><strong>καὶ</strong></span> <span class='ocrx_word' id='word_1_410' title='bbox 322 1956 336 1982; x_wconf 81' lang='grc' dir='ltr'><strong><em>ὁ</em></strong></span> <span class='ocrx_word' id='word_1_411' title='bbox 350 1956 466 1992; x_wconf 73' lang='grc' dir='ltr'>Χριστὸς</span> <span class='ocrx_word' id='word_1_412' title='bbox 483 1957 567 1994; x_wconf 83' lang='grc' dir='ltr'>μύρον</span> <span class='ocrx_word' id='word_1_413' title='bbox 582 1960 731 1987; x_wconf 79' lang='grc' dir='ltr'>ἑκκενωθὲν</span> <span class='ocrx_word' id='word_1_414' title='bbox 746 1962 909 1998; x_wconf 86' lang='grc' dir='ltr'>κεχρησμῴ-</span> 
     </span>
    </p>
   </div>
   <div class='ocr_carea' id='block_1_57' title="bbox 122 1998 909 2044">
    <p class='ocr_par' dir='ltr' id='par_1_57' title="bbox 122 1998 909 2044">
     <span class='ocr_line' id='line_1_57' title="bbox 122 1998 909 2044; baseline 0.014 -19"><span class='ocrx_word' id='word_1_415' title='bbox 122 1998 215 2034; x_wconf 83' lang='grc' dir='ltr'>δηται’</span> <span class='ocrx_word' id='word_1_416' title='bbox 242 2001 289 2028; x_wconf 78' lang='grc' dir='ltr'><strong>καὶ</strong></span> <span class='ocrx_word' id='word_1_417' title='bbox 311 2002 484 2038; x_wconf 82' lang='grc' dir='ltr'>ὀσφραίνεται</span> <span class='ocrx_word' id='word_1_418' title='bbox 506 2004 594 2041; x_wconf 77' lang='grc' dir='ltr'>ὀσμὴν</span> <span class='ocrx_word' id='word_1_419' title='bbox 616 2007 730 2039; x_wconf 84' lang='grc' dir='ltr'>εὐωδίας</span> <span class='ocrx_word' id='word_1_420' title='bbox 748 2008 849 2044; x_wconf 85' lang='grc' dir='ltr'>Κύριος</span> <span class='ocrx_word' id='word_1_421' title='bbox 881 2010 909 2036; x_wconf 78' lang='grc' dir='ltr'>ἐν</span> 
     </span>
    </p>
   </div>
   <div class='ocr_carea' id='block_1_58' title="bbox 123 2047 909 2084">
    <p class='ocr_par' dir='ltr' id='par_1_58' title="bbox 123 2047 909 2084">
     <span class='ocr_line' id='line_1_58' title="bbox 123 2047 909 2084; baseline 0.014 -12"><span class='ocrx_word' id='word_1_422' title='bbox 123 2047 155 2081; x_wconf 83' lang='grc' dir='ltr'><strong>τῇ</strong></span> <span class='ocrx_word' id='word_1_423' title='bbox 179 2049 321 2084; x_wconf 81' lang='grc' dir='ltr'>προσφορᾷ</span> <span class='ocrx_word' id='word_1_424' title='bbox 343 2048 390 2075; x_wconf 89' lang='grc' dir='ltr'><strong>τοῦ</strong></span> <span class='ocrx_word' id='word_1_425' title='bbox 415 2049 518 2078; x_wconf 84' lang='grc' dir='ltr'>δικαίου</span> <span class='ocrx_word' id='word_1_426' title='bbox 548 2052 620 2080; x_wconf 84' lang='grc' dir='ltr'><strong>Νῶε.</strong></span> <span class='ocrx_word' id='word_1_427' title='bbox 650 2053 788 2081; x_wconf 79' lang='grc' dir='ltr'>Ἐντεῦθεν</span> <span class='ocrx_word' id='word_1_428' title='bbox 809 2056 856 2082; x_wconf 79' lang='grc' dir='ltr'>καὶ</span> <span class='ocrx_word' id='word_1_429' title='bbox 879 2056 909 2083; x_wconf 85' lang='grc' dir='ltr'>τὸ</span> 
     </span>
    </p>
   </div>
   <div class='ocr_carea' id='block_1_59' title="bbox 123 2092 909 2139">
    <p class='ocr_par' dir='ltr' id='par_1_59' title="bbox 123 2092 909 2139">
     <span class='ocr_line' id='line_1_59' title="bbox 123 2092 909 2139; baseline 0.015 -21"><span class='ocrx_word' id='word_1_430' title='bbox 123 2092 286 2128; x_wconf 81' lang='grc' dir='ltr'>Εὐαγγέλιον</span> <span class='ocrx_word' id='word_1_431' title='bbox 299 2096 355 2126; x_wconf 86' lang='grc' dir='ltr'>τοῖς</span> <span class='ocrx_word' id='word_1_432' title='bbox 372 2095 420 2131; x_wconf 77' lang='grc' dir='ltr'>μὲν</span> <span class='ocrx_word' id='word_1_433' title='bbox 434 2097 504 2133; x_wconf 77' lang='grc' dir='ltr'>ὀσμὴ</span> <span class='ocrx_word' id='word_1_434' title='bbox 521 2097 615 2135; x_wconf 78' lang='grc' dir='ltr'>[ζωῆς,</span> <span class='ocrx_word' id='word_1_435' title='bbox 631 2102 687 2132; x_wconf 85' lang='grc' dir='ltr'>τοῖς</span> <span class='ocrx_word' id='word_1_436' title='bbox 702 2104 806 2134; x_wconf 82' lang='grc' dir='ltr'>πιστοῖς</span> <span class='ocrx_word' id='word_1_437' title='bbox 818 2103 909 2139; x_wconf 83' lang='grc' dir='ltr'>δηλον-</span> 
     </span>
    </p>
   </div>
   <div class='ocr_carea' id='block_1_60' title="bbox 124 2138 909 2181">
    <p class='ocr_par' dir='ltr' id='par_1_60' title="bbox 124 2138 909 2181">
     <span class='ocr_line' id='line_1_60' title="bbox 124 2138 909 2181; baseline 0.014 -17"><span class='ocrx_word' id='word_1_438' title='bbox 124 2138 176 2165; x_wconf 76' lang='grc' dir='ltr'>5τι·</span> <span class='ocrx_word' id='word_1_439' title='bbox 194 2140 251 2171; x_wconf 81' lang='grc' dir='ltr'>τοῖς</span> <span class='ocrx_word' id='word_1_440' title='bbox 263 2140 291 2166; x_wconf 80' lang='grc' dir='ltr'>δὲ</span> <span class='ocrx_word' id='word_1_441' title='bbox 305 2140 439 2178; x_wconf 87' lang='grc' dir='ltr'>ἀπίστοις]</span> <span class='ocrx_word' id='word_1_442' title='bbox 446 2142 570 2177; x_wconf 83' lang='grc' dir='ltr'>θανάτου,</span> <span class='ocrx_word' id='word_1_443' title='bbox 586 2145 645 2172; x_wconf 83' lang='grc' dir='ltr'>ἀντὶ</span> <span class='ocrx_word' id='word_1_444' title='bbox 654 2146 701 2172; x_wconf 88' lang='grc' dir='ltr'><strong>τοῦ</strong></span> <span class='ocrx_word' id='word_1_445' title='bbox 715 2148 771 2179; x_wconf 83' lang='grc' dir='ltr'>τοῖς</span> <span class='ocrx_word' id='word_1_446' title='bbox 785 2148 909 2181; x_wconf 77' lang='grc' dir='ltr'>ἀπίστοις</span> 
     </span>
    </p>
   </div>
   <div class='ocr_carea' id='block_1_61' title="bbox 126 2185 907 2229">
    <p class='ocr_par' dir='ltr' id='par_1_61' title="bbox 126 2185 907 2229">
     <span class='ocr_line' id='line_1_61' title="bbox 126 2185 907 2229; baseline 0.017 -19"><span class='ocrx_word' id='word_1_447' title='bbox 126 2185 169 2210; x_wconf 67' lang='grc' dir='ltr'>ταὶ</span> <span class='ocrx_word' id='word_1_448' title='bbox 194 2185 337 2219; x_wconf 77' lang='grc' dir='ltr'>ἀσεϐέσιν,</span> <span class='ocrx_word' id='word_1_449' title='bbox 361 2187 439 2222; x_wconf 75' lang='grc' dir='ltr'>ὀσμὴ</span> <span class='ocrx_word' id='word_1_450' title='bbox 460 2188 552 2217; x_wconf 78' lang='grc' dir='ltr'>πάλιν</span> <span class='ocrx_word' id='word_1_451' title='bbox 575 2192 619 2224; x_wconf 85' lang='grc' dir='ltr'><strong>είς</strong></span> <span class='ocrx_word' id='word_1_452' title='bbox 642 2192 769 2220; x_wconf 80' lang='grc' dir='ltr'>θάνατον</span> <span class='ocrx_word' id='word_1_453' title='bbox 783 2195 907 2229; x_wconf 80' lang='grc' dir='ltr'>γίνεται,</span> 
     </span>
    </p>
   </div>
   <div class='ocr_carea' id='block_1_62' title="bbox 125 2230 909 2277">
    <p class='ocr_par' dir='ltr' id='par_1_62' title="bbox 125 2230 909 2277">
     <span class='ocr_line' id='line_1_62' title="bbox 125 2230 909 2277; baseline 0.017 -22"><span class='ocrx_word' id='word_1_454' title='bbox 125 2230 231 2266; x_wconf 68' lang='grc' dir='ltr'>ἐλέγχον</span> <span class='ocrx_word' id='word_1_455' title='bbox 243 2230 277 2257; x_wconf 88' lang='grc' dir='ltr'><strong>τά</strong></span> <span class='ocrx_word' id='word_1_456' title='bbox 289 2231 367 2267; x_wconf 74' lang='grc' dir='ltr'>ἔργα,</span> <span class='ocrx_word' id='word_1_457' title='bbox 385 2234 430 2260; x_wconf 78' lang='grc' dir='ltr'>καὶ</span> <span class='ocrx_word' id='word_1_458' title='bbox 444 2237 604 2271; x_wconf 78' lang='grc' dir='ltr'>κατακρῖνον</span> <span class='ocrx_word' id='word_1_459' title='bbox 619 2239 659 2269; x_wconf 88' lang='grc' dir='ltr'><strong>είς</strong></span> <span class='ocrx_word' id='word_1_460' title='bbox 672 2239 792 2273; x_wconf 81' lang='grc' dir='ltr'>γέενναν,</span> <span class='ocrx_word' id='word_1_461' title='bbox 807 2241 835 2267; x_wconf 83' lang='grc' dir='ltr'>ὃν</span> <span class='ocrx_word' id='word_1_462' title='bbox 847 2241 909 2277; x_wconf 87' lang='grc' dir='ltr'>τρό-</span> 
     </span>
    </p>
   </div>
   <div class='ocr_carea' id='block_1_63' title="bbox 965 945 1755 989">
    <p class='ocr_par' dir='ltr' id='par_1_63' title="bbox 965 945 1755 989">
     <span class='ocr_line' id='line_1_63' title="bbox 965 945 1755 989; baseline 0.011 -17"><span class='ocrx_word' id='word_1_463' title='bbox 965 945 1048 973; x_wconf 85' lang='lat' dir='ltr'><strong>tionis</strong></span> <span class='ocrx_word' id='word_1_464' title='bbox 1062 946 1174 982; x_wconf 79' lang='lat' dir='ltr'><strong>dignum</strong></span> <span class='ocrx_word' id='word_1_465' title='bbox 1194 948 1345 983; x_wconf 86' lang='lat' dir='ltr'><strong>judicatum</strong></span> <span class='ocrx_word' id='word_1_466' title='bbox 1360 957 1432 982; x_wconf 87' lang='lat' dir='ltr'><strong>esse,</strong></span> <span class='ocrx_word' id='word_1_467' title='bbox 1446 950 1556 985; x_wconf 89' lang='lat' dir='ltr'><strong>planum</strong></span> <span class='ocrx_word' id='word_1_468' title='bbox 1576 951 1641 980; x_wconf 77' lang='lat' dir='ltr'><strong>fecit</strong></span> <span class='ocrx_word' id='word_1_469' title='bbox 1655 953 1682 980; x_wconf 90' lang='lat' dir='ltr'><strong>in</strong></span> <span class='ocrx_word' id='word_1_470' title='bbox 1697 954 1755 989; x_wconf 90' lang='lat' dir='ltr'><strong>epi-</strong></span> 
     </span>
    </p>
   </div>
   <div class='ocr_carea' id='block_1_64' title="bbox 964 991 1754 1037">
    <p class='ocr_par' dir='ltr' id='par_1_64' title="bbox 964 991 1754 1037">
     <span class='ocr_line' id='line_1_64' title="bbox 964 991 1754 1037; baseline 0.013 -19"><span class='ocrx_word' id='word_1_471' title='bbox 964 991 1033 1019; x_wconf 79' lang='lat' dir='ltr'><strong>stula</strong></span> <span class='ocrx_word' id='word_1_472' title='bbox 1045 991 1082 1019; x_wconf 82' lang='lat' dir='ltr'><strong>ad</strong></span> <span class='ocrx_word' id='word_1_473' title='bbox 1096 991 1228 1022; x_wconf 82' lang='lat' dir='ltr'><strong>J&#39;oannem</strong></span> <span class='ocrx_word' id='word_1_474' title='bbox 1252 995 1460 1030; x_wconf 78' lang='lat' dir='ltr'><strong>evangelistam.</strong></span> <span class='ocrx_word' id='word_1_475' title='bbox 1485 996 1543 1024; x_wconf 82' lang='lat' dir='ltr'><strong>Hoc</strong></span> <span class='ocrx_word' id='word_1_476' title='bbox 1567 1001 1660 1027; x_wconf 88' lang='lat' dir='ltr'><strong>tamen</strong></span> <span class='ocrx_word' id='word_1_477' title='bbox 1685 1001 1754 1037; x_wconf 85' lang='lat' dir='ltr'><strong>mihi</strong></span> 
     </span>
    </p>
   </div>
   <div class='ocr_carea' id='block_1_65' title="bbox 965 1037 1753 1080">
    <p class='ocr_par' dir='ltr' id='par_1_65' title="bbox 965 1037 1753 1080">
     <span class='ocr_line' id='line_1_65' title="bbox 965 1037 1753 1080; baseline 0.013 -17"><span class='ocrx_word' id='word_1_478' title='bbox 965 1037 1119 1073; x_wconf 80' lang='lat' dir='ltr'><strong>signiﬁcare</strong></span> <span class='ocrx_word' id='word_1_479' title='bbox 1133 1039 1250 1072; x_wconf 85' lang='lat' dir='ltr'><strong>videtur,</strong></span> <span class='ocrx_word' id='word_1_480' title='bbox 1265 1048 1327 1068; x_wconf 92' lang='lat' dir='ltr'><strong>cum</strong></span> <span class='ocrx_word' id='word_1_481' title='bbox 1341 1040 1445 1069; x_wconf 87' lang='lat' dir='ltr'><strong>Christi</strong></span> <span class='ocrx_word' id='word_1_482' title='bbox 1464 1042 1552 1072; x_wconf 87' lang='lat' dir='ltr'><strong>bonus</strong></span> <span class='ocrx_word' id='word_1_483' title='bbox 1571 1044 1640 1072; x_wconf 87' lang='lat' dir='ltr'><strong>odor</strong></span> <span class='ocrx_word' id='word_1_484' title='bbox 1653 1046 1710 1073; x_wconf 89' lang='lat' dir='ltr'><strong>sint</strong></span> <span class='ocrx_word' id='word_1_485' title='bbox 1722 1046 1753 1080; x_wconf 89' lang='lat' dir='ltr'><strong>ii,</strong></span> 
     </span>
    </p>
   </div>
   <div class='ocr_carea' id='block_1_66' title="bbox 963 1084 1754 1126">
    <p class='ocr_par' dir='ltr' id='par_1_66' title="bbox 963 1084 1754 1126">
     <span class='ocr_line' id='line_1_66' title="bbox 963 1084 1754 1126; baseline 0.013 -15"><span class='ocrx_word' id='word_1_486' title='bbox 963 1084 1012 1119; x_wconf 85' lang='lat' dir='ltr'><strong>qui</strong></span> <span class='ocrx_word' id='word_1_487' title='bbox 1033 1084 1155 1112; x_wconf 91' lang='lat' dir='ltr'><strong>divinum</strong></span> <span class='ocrx_word' id='word_1_488' title='bbox 1174 1085 1305 1122; x_wconf 88' lang='lat' dir='ltr'><strong>Spiritum</strong></span> <span class='ocrx_word' id='word_1_489' title='bbox 1327 1092 1502 1123; x_wconf 84' lang='lat' dir='ltr'><strong>acceperunt,</strong></span> <span class='ocrx_word' id='word_1_490' title='bbox 1524 1093 1552 1118; x_wconf 89' lang='lat' dir='ltr'><strong>et</strong></span> <span class='ocrx_word' id='word_1_491' title='bbox 1566 1091 1708 1126; x_wconf 86' lang='lat' dir='ltr'><strong>conjuncti</strong></span> <span class='ocrx_word' id='word_1_492' title='bbox 1728 1092 1754 1121; x_wconf 88' lang='lat' dir='ltr'><strong>ei</strong></span> 
     </span>
    </p>
   </div>
   <div class='ocr_carea' id='block_1_67' title="bbox 963 1130 1753 1173">
    <p class='ocr_par' dir='ltr' id='par_1_67' title="bbox 963 1130 1753 1173">
     <span class='ocr_line' id='line_1_67' title="bbox 963 1130 1753 1173; baseline 0.013 -16"><span class='ocrx_word' id='word_1_493' title='bbox 963 1130 1018 1158; x_wconf 83' lang='lat' dir='ltr'><strong>sint</strong></span> <span class='ocrx_word' id='word_1_494' title='bbox 1029 1131 1158 1166; x_wconf 84' lang='lat' dir='ltr'><strong>puritate,</strong></span> <span class='ocrx_word' id='word_1_495' title='bbox 1173 1132 1297 1168; x_wconf 86' lang='lat' dir='ltr'><strong>Apostoli</strong></span> <span class='ocrx_word' id='word_1_496' title='bbox 1309 1135 1457 1167; x_wconf 86' lang='lat' dir='ltr'><strong>sententia,</strong></span> <span class='ocrx_word' id='word_1_497' title='bbox 1473 1135 1548 1170; x_wconf 87' lang='lat' dir='ltr'><strong>ipsos</strong></span> <span class='ocrx_word' id='word_1_498' title='bbox 1558 1137 1618 1172; x_wconf 85' lang='lat' dir='ltr'><strong>ejus</strong></span> <span class='ocrx_word' id='word_1_499' title='bbox 1632 1146 1753 1173; x_wconf 74' lang='lat' dir='ltr'><strong>praesen—</strong></span> 
     </span>
    </p>
   </div>
   <div class='ocr_carea' id='block_1_68' title="bbox 963 1175 1752 1218">
    <p class='ocr_par' dir='ltr' id='par_1_68' title="bbox 963 1175 1752 1218">
     <span class='ocr_line' id='line_1_68' title="bbox 963 1175 1752 1218; baseline 0.014 -16"><span class='ocrx_word' id='word_1_500' title='bbox 963 1175 1028 1203; x_wconf 91' lang='lat' dir='ltr'><strong>tiam</strong></span> <span class='ocrx_word' id='word_1_501' title='bbox 1037 1177 1148 1209; x_wconf 85' lang='lat' dir='ltr'><strong>sentire,</strong></span> <span class='ocrx_word' id='word_1_502' title='bbox 1158 1178 1232 1213; x_wconf 92' lang='lat' dir='ltr'><strong>quod</strong></span> <span class='ocrx_word' id='word_1_503' title='bbox 1243 1179 1342 1214; x_wconf 82' lang='lat' dir='ltr'><strong>linguis</strong></span> <span class='ocrx_word' id='word_1_504' title='bbox 1353 1180 1511 1215; x_wconf 89' lang='lat' dir='ltr'><strong>loquantur,</strong></span> <span class='ocrx_word' id='word_1_505' title='bbox 1527 1185 1554 1209; x_wconf 89' lang='lat' dir='ltr'><strong>et</strong></span> <span class='ocrx_word' id='word_1_506' title='bbox 1564 1184 1752 1218; x_wconf 78' lang='lat' dir='ltr'><strong>propheticum</strong></span> 
     </span>
    </p>
   </div>
   <div class='ocr_carea' id='block_1_69' title="bbox 962 1223 1750 1264">
    <p class='ocr_par' dir='ltr' id='par_1_69' title="bbox 962 1223 1750 1264">
     <span class='ocr_line' id='line_1_69' title="bbox 962 1223 1750 1264; baseline 0.013 -16"><span class='ocrx_word' id='word_1_507' title='bbox 962 1229 1064 1259; x_wconf 73' lang='lat' dir='ltr'><strong>munusl</strong></span> <span class='ocrx_word' id='word_1_508' title='bbox 1070 1223 1198 1257; x_wconf 82' lang='lat' dir='ltr'><strong>habeant,</strong></span> <span class='ocrx_word' id='word_1_509' title='bbox 1206 1230 1233 1252; x_wconf 91' lang='lat' dir='ltr'><strong>et</strong></span> <span class='ocrx_word' id='word_1_510' title='bbox 1245 1231 1343 1254; x_wconf 85' lang='lat' dir='ltr'><strong>curent</strong></span> <span class='ocrx_word' id='word_1_511' title='bbox 1357 1227 1479 1261; x_wconf 85' lang='lat' dir='ltr'><strong>morbos,</strong></span> <span class='ocrx_word' id='word_1_512' title='bbox 1497 1232 1523 1256; x_wconf 83' lang='lat' dir='ltr'><strong>et</strong></span> <span class='ocrx_word' id='word_1_513' title='bbox 1536 1230 1628 1256; x_wconf 90' lang='lat' dir='ltr'><strong>omnia</strong></span> <span class='ocrx_word' id='word_1_514' title='bbox 1638 1229 1750 1264; x_wconf 77' lang='lat' dir='ltr'><strong>faciant,</strong></span> 
     </span>
    </p>
   </div>
   <div class='ocr_carea' id='block_1_70' title="bbox 962 1269 1752 1312">
    <p class='ocr_par' dir='ltr' id='par_1_70' title="bbox 962 1269 1752 1312">
     <span class='ocr_line' id='line_1_70' title="bbox 962 1269 1752 1312; baseline 0.013 -17"><span class='ocrx_word' id='word_1_515' title='bbox 962 1276 1022 1304; x_wconf 86' lang='lat' dir='ltr'><strong>quae</strong></span> <span class='ocrx_word' id='word_1_516' title='bbox 1048 1269 1076 1297; x_wconf 90' lang='lat' dir='ltr'><strong>in</strong></span> <span class='ocrx_word' id='word_1_517' title='bbox 1101 1270 1177 1298; x_wconf 84' lang='lat' dir='ltr'><strong>Actis</strong></span> <span class='ocrx_word' id='word_1_518' title='bbox 1203 1273 1390 1306; x_wconf 80' lang='lat' dir='ltr'><strong>apestolorum</strong></span> <span class='ocrx_word' id='word_1_519' title='bbox 1413 1274 1598 1307; x_wconf 89' lang='lat' dir='ltr'><strong>declarantur,</strong></span> <span class='ocrx_word' id='word_1_520' title='bbox 1627 1280 1654 1304; x_wconf 90' lang='lat' dir='ltr'><strong>et</strong></span> <span class='ocrx_word' id='word_1_521' title='bbox 1681 1277 1752 1312; x_wconf 73' lang='lat' dir='ltr'><strong>apud</strong></span> 
     </span>
    </p>
   </div>
   <div class='ocr_carea' id='block_1_71' title="bbox 961 1314 1752 1358">
    <p class='ocr_par' dir='ltr' id='par_1_71' title="bbox 961 1314 1752 1358">
     <span class='ocr_line' id='line_1_71' title="bbox 961 1314 1752 1358; baseline 0.014 -17"><span class='ocrx_word' id='word_1_522' title='bbox 961 1314 1150 1344; x_wconf 83' lang='lat' dir='ltr'><strong>beatissimum</strong></span> <span class='ocrx_word' id='word_1_523' title='bbox 1169 1316 1420 1352; x_wconf 34' lang='lat' dir='ltr'><strong>PaulumaAliter;</strong></span> <span class='ocrx_word' id='word_1_524' title='bbox 1438 1320 1490 1354; x_wconf 83' lang='lat' dir='ltr'><strong>Qui</strong></span> <span class='ocrx_word' id='word_1_525' title='bbox 1508 1325 1539 1349; x_wconf 89' lang='lat' dir='ltr'><strong>ut</strong></span> <span class='ocrx_word' id='word_1_526' title='bbox 1559 1323 1695 1358; x_wconf 83' lang='lat' dir='ltr'><strong>spiritales</strong></span> <span class='ocrx_word' id='word_1_527' title='bbox 1719 1333 1752 1353; x_wconf 77' lang='lat' dir='ltr'><strong>ea</strong></span> 
     </span>
    </p>
   </div>
   <div class='ocr_carea' id='block_1_72' title="bbox 961 1362 1752 1402">
    <p class='ocr_par' dir='ltr' id='par_1_72' title="bbox 961 1362 1752 1402">
     <span class='ocr_line' id='line_1_72' title="bbox 961 1362 1752 1402; baseline 0.013 -14"><span class='ocrx_word' id='word_1_528' title='bbox 961 1368 1022 1396; x_wconf 64' lang='lat' dir='ltr'><strong>quae</strong></span> <span class='ocrx_word' id='word_1_529' title='bbox 1041 1362 1154 1397; x_wconf 83' lang='lat' dir='ltr'><strong>spiritus</strong></span> <span class='ocrx_word' id='word_1_530' title='bbox 1169 1369 1234 1391; x_wconf 87' lang='lat' dir='ltr'><strong>sunt</strong></span> <span class='ocrx_word' id='word_1_531' title='bbox 1253 1365 1409 1401; x_wconf 73' lang='lat' dir='ltr'><strong>intelligunt</strong></span> <span class='ocrx_word' id='word_1_532' title='bbox 1422 1372 1449 1394; x_wconf 90' lang='lat' dir='ltr'><strong>et</strong></span> <span class='ocrx_word' id='word_1_533' title='bbox 1467 1368 1657 1402; x_wconf 88' lang='lat' dir='ltr'><strong>spiritualibus</strong></span> <span class='ocrx_word' id='word_1_534' title='bbox 1676 1377 1752 1398; x_wconf 91' lang='lat' dir='ltr'><strong>com-</strong></span> 
     </span>
    </p>
   </div>
   <div class='ocr_carea' id='block_1_73' title="bbox 962 1409 1752 1451">
    <p class='ocr_par' dir='ltr' id='par_1_73' title="bbox 962 1409 1752 1451">
     <span class='ocr_line' id='line_1_73' title="bbox 962 1409 1752 1451; baseline 0.013 -17"><span class='ocrx_word' id='word_1_535' title='bbox 962 1412 1069 1442; x_wconf 81' lang='lat' dir='ltr'><strong>parant,</strong></span> <span class='ocrx_word' id='word_1_536' title='bbox 1094 1412 1121 1436; x_wconf 85' lang='lat' dir='ltr'><strong>et</strong></span> <span class='ocrx_word' id='word_1_537' title='bbox 1146 1409 1164 1436; x_wconf 94' lang='lat' dir='ltr'><strong>ii</strong></span> <span class='ocrx_word' id='word_1_538' title='bbox 1187 1409 1307 1438; x_wconf 86' lang='lat' dir='ltr'><strong>divinam</strong></span> <span class='ocrx_word' id='word_1_539' title='bbox 1330 1412 1412 1440; x_wconf 86' lang='lat' dir='ltr'><strong>etiam</strong></span> <span class='ocrx_word' id='word_1_540' title='bbox 1436 1414 1641 1451; x_wconf 81' lang='lat' dir='ltr'><strong>spiritalemque</strong></span> <span class='ocrx_word' id='word_1_541' title='bbox 1658 1417 1752 1444; x_wconf 86' lang='lat' dir='ltr'><strong>odoris</strong></span> 
     </span>
    </p>
   </div>
   <div class='ocr_carea' id='block_1_74' title="bbox 961 1454 1751 1493">
    <p class='ocr_par' dir='ltr' id='par_1_74' title="bbox 961 1454 1751 1493">
     <span class='ocr_line' id='line_1_74' title="bbox 961 1454 1751 1493; baseline 0.011 -12"><span class='ocrx_word' id='word_1_542' title='bbox 961 1454 1124 1482; x_wconf 84' lang='lat' dir='ltr'><strong>suavitatem</strong></span> <span class='ocrx_word' id='word_1_543' title='bbox 1138 1455 1174 1483; x_wconf 90' lang='lat' dir='ltr'><strong>ita</strong></span> <span class='ocrx_word' id='word_1_544' title='bbox 1189 1456 1351 1493; x_wconf 77' lang='lat' dir='ltr'><strong>intelligent.</strong></span> <span class='ocrx_word' id='word_1_545' title='bbox 1367 1459 1554 1488; x_wconf 85' lang='lat' dir='ltr'><strong>Christianum</strong></span> <span class='ocrx_word' id='word_1_546' title='bbox 1569 1461 1667 1489; x_wconf 91' lang='lat' dir='ltr'><strong>bonum</strong></span> <span class='ocrx_word' id='word_1_547' title='bbox 1683 1462 1751 1490; x_wconf 81' lang='lat' dir='ltr'><strong>odo-</strong></span> 
     </span>
    </p>
   </div>
   <div class='ocr_carea' id='block_1_75' title="bbox 956 1499 1749 1543">
    <p class='ocr_par' dir='ltr' id='par_1_75' title="bbox 956 1499 1749 1543">
     <span class='ocr_line' id='line_1_75' title="bbox 956 1499 1749 1543; baseline 0.013 -17"><span class='ocrx_word' id='word_1_548' title='bbox 956 1507 1017 1527; x_wconf 84' lang='lat' dir='ltr'><strong>rem</strong></span> <span class='ocrx_word' id='word_1_549' title='bbox 1024 1499 1090 1528; x_wconf 84' lang='lat' dir='ltr'><strong>dicit</strong></span> <span class='ocrx_word' id='word_1_550' title='bbox 1095 1501 1196 1530; x_wconf 82' lang='lat' dir='ltr'><strong>Paulus</strong></span> <span class='ocrx_word' id='word_1_551' title='bbox 1202 1510 1298 1531; x_wconf 84' lang='lat' dir='ltr'><strong>omnes</strong></span> <span class='ocrx_word' id='word_1_552' title='bbox 1306 1506 1419 1540; x_wconf 90' lang='lat' dir='ltr'><strong>essequi</strong></span> <span class='ocrx_word' id='word_1_553' title='bbox 1427 1507 1582 1541; x_wconf 77' lang='lat' dir='ltr'><strong>evangelica</strong></span> <span class='ocrx_word' id='word_1_554' title='bbox 1589 1509 1749 1543; x_wconf 66' lang='lat' dir='ltr'><strong>praedicant;</strong></span> 
     </span>
    </p>
   </div>
   <div class='ocr_carea' id='block_1_76' title="bbox 961 1548 1750 1587">
    <p class='ocr_par' dir='ltr' id='par_1_76' title="bbox 961 1548 1750 1587">
     <span class='ocr_line' id='line_1_76' title="bbox 961 1548 1750 1587; baseline 0.009 -13"><span class='ocrx_word' id='word_1_555' title='bbox 961 1555 1062 1583; x_wconf 78' lang='lat' dir='ltr'><strong>qutppe</strong></span> <span class='ocrx_word' id='word_1_556' title='bbox 1076 1548 1122 1583; x_wconf 87' lang='lat' dir='ltr'><strong>qui</strong></span> <span class='ocrx_word' id='word_1_557' title='bbox 1135 1556 1169 1576; x_wconf 79' lang='lat' dir='ltr'><strong>ex</strong></span> <span class='ocrx_word' id='word_1_558' title='bbox 1183 1549 1239 1576; x_wconf 83' lang='lat' dir='ltr'><strong>vita</strong></span> <span class='ocrx_word' id='word_1_559' title='bbox 1255 1549 1317 1577; x_wconf 85' lang='lat' dir='ltr'><strong>ﬁdei</strong></span> <span class='ocrx_word' id='word_1_560' title='bbox 1333 1551 1366 1578; x_wconf 87' lang='lat' dir='ltr'><strong>ad</strong></span> <span class='ocrx_word' id='word_1_561' title='bbox 1383 1551 1465 1578; x_wconf 93' lang='lat' dir='ltr'><strong>vitam</strong></span> <span class='ocrx_word' id='word_1_562' title='bbox 1487 1553 1648 1587; x_wconf 87' lang='lat' dir='ltr'><strong>perducant,</strong></span> <span class='ocrx_word' id='word_1_563' title='bbox 1661 1558 1687 1581; x_wconf 90' lang='lat' dir='ltr'><strong>et</strong></span> <span class='ocrx_word' id='word_1_564' title='bbox 1704 1562 1750 1581; x_wconf 82' lang='lat' dir='ltr'><strong>re-</strong></span> 
     </span>
    </p>
   </div>
   <div class='ocr_carea' id='block_1_77' title="bbox 961 1593 1750 1635">
    <p class='ocr_par' dir='ltr' id='par_1_77' title="bbox 961 1593 1750 1635">
     <span class='ocr_line' id='line_1_77' title="bbox 961 1593 1750 1635; baseline 0.009 -14"><span class='ocrx_word' id='word_1_565' title='bbox 961 1593 1120 1622; x_wconf 88' lang='lat' dir='ltr'><strong>missionem</strong></span> <span class='ocrx_word' id='word_1_566' title='bbox 1139 1603 1199 1631; x_wconf 76' lang='lat' dir='ltr'><strong>quae</strong></span> <span class='ocrx_word' id='word_1_567' title='bbox 1219 1596 1250 1623; x_wconf 91' lang='lat' dir='ltr'><strong>ﬁt</strong></span> <span class='ocrx_word' id='word_1_568' title='bbox 1270 1604 1320 1631; x_wconf 89' lang='lat' dir='ltr'><strong>per</strong></span> <span class='ocrx_word' id='word_1_569' title='bbox 1330 1597 1506 1632; x_wconf 83' lang='lat' dir='ltr'><strong>baptismum.</strong></span> <span class='ocrx_word' id='word_1_570' title='bbox 1527 1600 1614 1627; x_wconf 85' lang='lat' dir='ltr'><strong>sancti</strong></span> <span class='ocrx_word' id='word_1_571' title='bbox 1631 1599 1750 1635; x_wconf 83' lang='lat' dir='ltr'><strong>Spiritus</strong></span> 
     </span>
    </p>
   </div>
   <div class='ocr_carea' id='block_1_78' title="bbox 960 1639 1749 1679">
    <p class='ocr_par' dir='ltr' id='par_1_78' title="bbox 960 1639 1749 1679">
     <span class='ocr_line' id='line_1_78' title="bbox 960 1639 1749 1679; baseline 0.009 -13"><span class='ocrx_word' id='word_1_572' title='bbox 960 1639 1131 1676; x_wconf 77' lang='lat' dir='ltr'><strong>largitionem</strong></span> <span class='ocrx_word' id='word_1_573' title='bbox 1147 1649 1316 1677; x_wconf 80' lang='lat' dir='ltr'><strong>regnumque</strong></span> <span class='ocrx_word' id='word_1_574' title='bbox 1337 1643 1469 1670; x_wconf 67' lang='lat' dir='ltr'><strong>caelorum</strong></span> <span class='ocrx_word' id='word_1_575' title='bbox 1489 1651 1536 1679; x_wconf 90' lang='lat' dir='ltr'><strong>per</strong></span> <span class='ocrx_word' id='word_1_576' title='bbox 1556 1652 1638 1679; x_wconf 83' lang='lat' dir='ltr'><strong>opera</strong></span> <span class='ocrx_word' id='word_1_577' title='bbox 1657 1645 1749 1674; x_wconf 77' lang='lat' dir='ltr'><strong>divina</strong></span> 
     </span>
    </p>
   </div>
   <div class='ocr_carea' id='block_1_79' title="bbox 960 1687 1750 1726">
    <p class='ocr_par' dir='ltr' id='par_1_79' title="bbox 960 1687 1750 1726">
     <span class='ocr_line' id='line_1_79' title="bbox 960 1687 1750 1726; baseline 0.008 -13"><span class='ocrx_word' id='word_1_578' title='bbox 960 1693 1053 1714; x_wconf 88' lang='lat' dir='ltr'><strong>eorum</strong></span> <span class='ocrx_word' id='word_1_579' title='bbox 1067 1687 1114 1722; x_wconf 90' lang='lat' dir='ltr'><strong>qui</strong></span> <span class='ocrx_word' id='word_1_580' title='bbox 1128 1687 1193 1715; x_wconf 90' lang='lat' dir='ltr'><strong>boni</strong></span> <span class='ocrx_word' id='word_1_581' title='bbox 1205 1687 1297 1715; x_wconf 87' lang='lat' dir='ltr'><strong>odoris</strong></span> <span class='ocrx_word' id='word_1_582' title='bbox 1310 1692 1384 1720; x_wconf 88' lang='lat' dir='ltr'><strong>sunt,</strong></span> <span class='ocrx_word' id='word_1_583' title='bbox 1395 1688 1546 1717; x_wconf 79' lang='lat' dir='ltr'><strong>declarant.</strong></span> <span class='ocrx_word' id='word_1_584' title='bbox 1561 1689 1630 1717; x_wconf 88' lang='lat' dir='ltr'><strong>Hinc</strong></span> <span class='ocrx_word' id='word_1_585' title='bbox 1644 1691 1750 1726; x_wconf 76' lang='lat' dir='ltr'><strong>phialas</strong></span> 
     </span>
    </p>
   </div>
   <div class='ocr_carea' id='block_1_80' title="bbox 960 1733 1750 1771">
    <p class='ocr_par' dir='ltr' id='par_1_80' title="bbox 960 1733 1750 1771">
     <span class='ocr_line' id='line_1_80' title="bbox 960 1733 1750 1771; baseline 0.009 -12"><span class='ocrx_word' id='word_1_586' title='bbox 960 1733 1134 1760; x_wconf 86' lang='lat' dir='ltr'><strong>incensorum</strong></span> <span class='ocrx_word' id='word_1_587' title='bbox 1155 1733 1270 1760; x_wconf 91' lang='lat' dir='ltr'><strong>odorum</strong></span> <span class='ocrx_word' id='word_1_588' title='bbox 1285 1733 1390 1769; x_wconf 84' lang='lat' dir='ltr'><strong>plenas,</strong></span> <span class='ocrx_word' id='word_1_589' title='bbox 1407 1743 1502 1770; x_wconf 85' lang='lat' dir='ltr'><strong>preces</strong></span> <span class='ocrx_word' id='word_1_590' title='bbox 1520 1736 1657 1771; x_wconf 72' lang='lat' dir='ltr'><strong>iustorum</strong></span> <span class='ocrx_word' id='word_1_591' title='bbox 1680 1738 1750 1766; x_wconf 82' lang='lat' dir='ltr'><strong>divi-</strong></span> 
     </span>
    </p>
   </div>
   <div class='ocr_carea' id='block_1_81' title="bbox 960 1779 1749 1816">
    <p class='ocr_par' dir='ltr' id='par_1_81' title="bbox 960 1779 1749 1816">
     <span class='ocr_line' id='line_1_81' title="bbox 960 1779 1749 1816; baseline 0.008 -10"><span class='ocrx_word' id='word_1_592' title='bbox 960 1787 1013 1807; x_wconf 90' lang='lat' dir='ltr'><strong>nus</strong></span> <span class='ocrx_word' id='word_1_593' title='bbox 1037 1779 1157 1808; x_wconf 87' lang='lat' dir='ltr'><strong>Joannes</strong></span> <span class='ocrx_word' id='word_1_594' title='bbox 1180 1780 1207 1807; x_wconf 93' lang='lat' dir='ltr'><strong>in</strong></span> <span class='ocrx_word' id='word_1_595' title='bbox 1229 1780 1392 1816; x_wconf 84' lang='lat' dir='ltr'><strong>Apocalypsi</strong></span> <span class='ocrx_word' id='word_1_596' title='bbox 1414 1782 1486 1810; x_wconf 88' lang='lat' dir='ltr'><strong>videt</strong></span> <span class='ocrx_word' id='word_1_597' title='bbox 1504 1782 1635 1811; x_wconf 79' lang='lat' dir='ltr'><strong>h.-&#39;I‘eter</strong></span> <span class='ocrx_word' id='word_1_598' title='bbox 1657 1788 1749 1812; x_wconf 87' lang='lat' dir='ltr'><strong>autem</strong></span> 
     </span>
    </p>
   </div>
   <div class='ocr_carea' id='block_1_82' title="bbox 960 1825 1749 1862">
    <p class='ocr_par' dir='ltr' id='par_1_82' title="bbox 960 1825 1749 1862">
     <span class='ocr_line' id='line_1_82' title="bbox 960 1825 1749 1862; baseline 0.009 -10"><span class='ocrx_word' id='word_1_599' title='bbox 960 1825 1062 1853; x_wconf 89' lang='lat' dir='ltr'><strong>diaboli</strong></span> <span class='ocrx_word' id='word_1_600' title='bbox 1074 1825 1142 1854; x_wconf 89' lang='lat' dir='ltr'><strong>odor</strong></span> <span class='ocrx_word' id='word_1_601' title='bbox 1149 1830 1213 1854; x_wconf 87' lang='lat' dir='ltr'><strong>sunt</strong></span> <span class='ocrx_word' id='word_1_602' title='bbox 1223 1833 1306 1861; x_wconf 81' lang='lat' dir='ltr'><strong>opera</strong></span> <span class='ocrx_word' id='word_1_603' title='bbox 1320 1828 1435 1862; x_wconf 88' lang='lat' dir='ltr'><strong>peccati,</strong></span> <span class='ocrx_word' id='word_1_604' title='bbox 1451 1834 1482 1855; x_wconf 92' lang='lat' dir='ltr'><strong>ut</strong></span> <span class='ocrx_word' id='word_1_605' title='bbox 1496 1829 1579 1856; x_wconf 91' lang='lat' dir='ltr'><strong>etiam</strong></span> <span class='ocrx_word' id='word_1_606' title='bbox 1591 1829 1619 1858; x_wconf 93' lang='lat' dir='ltr'><strong>in</strong></span> <span class='ocrx_word' id='word_1_607' title='bbox 1631 1829 1749 1860; x_wconf 80' lang='lat' dir='ltr'><strong>Psalmis</strong></span> 
     </span>
    </p>
   </div>
   <div class='ocr_carea' id='block_1_83' title="bbox 960 1872 1749 1909">
    <p class='ocr_par' dir='ltr' id='par_1_83' title="bbox 960 1872 1749 1909">
     <span class='ocr_line' id='line_1_83' title="bbox 960 1872 1749 1909; baseline 0.006 -9"><span class='ocrx_word' id='word_1_608' title='bbox 960 1872 1072 1900; x_wconf 22' lang='lat' dir='ltr'><strong>dictum,</strong></span> <span class='ocrx_word' id='word_1_609' title='bbox 1084 1876 1126 1901; x_wconf 86' lang='lat' dir='ltr'><strong>est</strong></span> <span class='ocrx_word' id='word_1_610' title='bbox 1144 1883 1150 1901; x_wconf 93' lang='lat'><strong>:</strong></span> <span class='ocrx_word' id='word_1_611' title='bbox 1165 1872 1328 1901; x_wconf 82' lang='lat' dir='ltr'><strong>Putruerunt</strong></span> <span class='ocrx_word' id='word_1_612' title='bbox 1342 1878 1368 1901; x_wconf 81' lang='lat' dir='ltr'><strong>et</strong></span> <span class='ocrx_word' id='word_1_613' title='bbox 1383 1878 1513 1909; x_wconf 64' lang='lat' dir='ltr'><strong>corrupta:</strong></span> <span class='ocrx_word' id='word_1_614' title='bbox 1530 1880 1591 1903; x_wconf 72' lang='lat' dir='ltr'><strong>sunt</strong></span> <span class='ocrx_word' id='word_1_615' title='bbox 1612 1877 1749 1905; x_wconf 64' lang='lat' dir='ltr'><strong>cicatrice:</strong></span> 
     </span>
    </p>
   </div>
   <div class='ocr_carea' id='block_1_84' title="bbox 960 1920 1748 1957">
    <p class='ocr_par' dir='ltr' id='par_1_84' title="bbox 960 1920 1748 1957">
     <span class='ocr_line' id='line_1_84' title="bbox 960 1920 1748 1957; baseline 0.006 -11"><span class='ocrx_word' id='word_1_616' title='bbox 960 1927 1024 1947; x_wconf 72' lang='lat' dir='ltr'><strong>meo:</strong></span> <span class='ocrx_word' id='word_1_617' title='bbox 1039 1928 1056 1946; x_wconf 83' lang='grc' dir='ltr'><strong>α</strong></span> <span class='ocrx_word' id='word_1_618' title='bbox 1071 1920 1139 1955; x_wconf 80' lang='lat' dir='ltr'><strong>facie</strong></span> <span class='ocrx_word' id='word_1_619' title='bbox 1151 1920 1309 1955; x_wconf 64' lang='lat' dir='ltr'><strong>insipientia:</strong></span> <span class='ocrx_word' id='word_1_620' title='bbox 1322 1929 1385 1948; x_wconf 76' lang='lat' dir='ltr'><strong>mea:</strong></span> <span class='ocrx_word' id='word_1_621' title='bbox 1399 1921 1421 1954; x_wconf 68' lang='grc' dir='ltr'><strong>ί,</strong></span> <span class='ocrx_word' id='word_1_622' title='bbox 1437 1921 1465 1948; x_wconf 91' lang='lat' dir='ltr'><strong>id</strong></span> <span class='ocrx_word' id='word_1_623' title='bbox 1490 1927 1532 1950; x_wconf 92' lang='lat' dir='ltr'><strong>est</strong></span> <span class='ocrx_word' id='word_1_624' title='bbox 1554 1923 1658 1957; x_wconf 86' lang='lat' dir='ltr'><strong>peccati</strong></span> <span class='ocrx_word' id='word_1_625' title='bbox 1682 1923 1748 1952; x_wconf 87' lang='lat' dir='ltr'><strong>mei.</strong></span> 
     </span>
    </p>
   </div>
   <div class='ocr_carea' id='block_1_85' title="bbox 959 1964 1749 2002">
    <p class='ocr_par' dir='ltr' id='par_1_85' title="bbox 959 1964 1749 2002">
     <span class='ocr_line' id='line_1_85' title="bbox 959 1964 1749 2002; baseline 0.006 -10"><span class='ocrx_word' id='word_1_626' title='bbox 959 1964 1053 2002; x_wconf 86' lang='lat' dir='ltr'><strong>Itaque</strong></span> <span class='ocrx_word' id='word_1_627' title='bbox 1067 1966 1194 1994; x_wconf 86' lang='lat' dir='ltr'><strong>Christus</strong></span> <span class='ocrx_word' id='word_1_628' title='bbox 1209 1971 1377 2002; x_wconf 82' lang='lat' dir='ltr'><strong>unguentum</strong></span> <span class='ocrx_word' id='word_1_629' title='bbox 1392 1967 1509 1995; x_wconf 82' lang='lat' dir='ltr'><strong>eﬂ‘usum</strong></span> <span class='ocrx_word' id='word_1_630' title='bbox 1523 1969 1559 1996; x_wconf 85' lang='lat' dir='ltr'><strong>ab</strong></span> <span class='ocrx_word' id='word_1_631' title='bbox 1576 1969 1687 1997; x_wconf 88' lang='lat' dir='ltr'><strong>oraculo</strong></span> <span class='ocrx_word' id='word_1_632' title='bbox 1701 1977 1749 1997; x_wconf 87' lang='lat' dir='ltr'><strong>vo-</strong></span> 
     </span>
    </p>
   </div>
   <div class='ocr_carea' id='block_1_86' title="bbox 960 2013 1747 2047">
    <p class='ocr_par' dir='ltr' id='par_1_86' title="bbox 960 2013 1747 2047">
     <span class='ocr_line' id='line_1_86' title="bbox 960 2013 1747 2047; baseline 0.005 -8"><span class='ocrx_word' id='word_1_633' title='bbox 960 2017 1038 2040; x_wconf 87' lang='lat' dir='ltr'><strong>catus</strong></span> <span class='ocrx_word' id='word_1_634' title='bbox 1060 2017 1113 2046; x_wconf 85' lang='lat' dir='ltr'><strong>est,</strong></span> <span class='ocrx_word' id='word_1_635' title='bbox 1128 2016 1156 2041; x_wconf 85' lang='lat' dir='ltr'><strong>et</strong></span> <span class='ocrx_word' id='word_1_636' title='bbox 1170 2013 1300 2041; x_wconf 90' lang='lat' dir='ltr'><strong>odoratus</strong></span> <span class='ocrx_word' id='word_1_637' title='bbox 1320 2014 1432 2047; x_wconf 86' lang='lat' dir='ltr'><strong>odorem</strong></span> <span class='ocrx_word' id='word_1_638' title='bbox 1455 2015 1598 2042; x_wconf 86' lang='lat' dir='ltr'><strong>suavitatis</strong></span> <span class='ocrx_word' id='word_1_639' title='bbox 1615 2015 1747 2044; x_wconf 86' lang='lat' dir='ltr'><strong>Dominus</strong></span> 
     </span>
    </p>
   </div>
   <div class='ocr_carea' id='block_1_87' title="bbox 960 2058 1747 2094">
    <p class='ocr_par' dir='ltr' id='par_1_87' title="bbox 960 2058 1747 2094">
     <span class='ocr_line' id='line_1_87' title="bbox 960 2058 1747 2094; baseline 0.004 -9"><span class='ocrx_word' id='word_1_640' title='bbox 960 2058 988 2085; x_wconf 93' lang='lat' dir='ltr'><strong>in</strong></span> <span class='ocrx_word' id='word_1_641' title='bbox 1006 2059 1074 2094; x_wconf 86' lang='lat' dir='ltr'><strong>justi</strong></span> <span class='ocrx_word' id='word_1_642' title='bbox 1101 2058 1157 2087; x_wconf 85' lang='lat' dir='ltr'><strong>Noe</strong></span> <span class='ocrx_word' id='word_1_643' title='bbox 1183 2059 1322 2087; x_wconf 88' lang='lat' dir='ltr'><strong>oblatione</strong></span> <span class='ocrx_word' id='word_1_644' title='bbox 1343 2063 1370 2088; x_wconf 89' lang='lat' dir='ltr'><strong>et</strong></span> <span class='ocrx_word' id='word_1_645' title='bbox 1394 2060 1538 2088; x_wconf 83' lang='lat' dir='ltr'><strong>sacriﬁcio.</strong></span> <span class='ocrx_word' id='word_1_646' title='bbox 1563 2060 1632 2088; x_wconf 84' lang='lat' dir='ltr'><strong>Hinc</strong></span> <span class='ocrx_word' id='word_1_647' title='bbox 1656 2065 1747 2088; x_wconf 86' lang='lat' dir='ltr'><strong>autem</strong></span> 
     </span>
    </p>
   </div>
   <div class='ocr_carea' id='block_1_88' title="bbox 959 2104 1748 2142">
    <p class='ocr_par' dir='ltr' id='par_1_88' title="bbox 959 2104 1748 2142">
     <span class='ocr_line' id='line_1_88' title="bbox 959 2104 1748 2142; baseline 0.004 -11"><span class='ocrx_word' id='word_1_648' title='bbox 959 2104 1135 2141; x_wconf 74' lang='lat' dir='ltr'><strong>Evangelium</strong></span> <span class='ocrx_word' id='word_1_649' title='bbox 1160 2106 1221 2134; x_wconf 90' lang='lat' dir='ltr'><strong>aliis</strong></span> <span class='ocrx_word' id='word_1_650' title='bbox 1246 2107 1355 2142; x_wconf 93' lang='lat' dir='ltr'><strong>quidem</strong></span> <span class='ocrx_word' id='word_1_651' title='bbox 1376 2106 1444 2134; x_wconf 87' lang='lat' dir='ltr'><strong>odor</strong></span> <span class='ocrx_word' id='word_1_652' title='bbox 1456 2110 1497 2134; x_wconf 88' lang='lat' dir='ltr'><strong>est</strong></span> <span class='ocrx_word' id='word_1_653' title='bbox 1523 2105 1604 2142; x_wconf 78' lang='lat' dir='ltr'><strong>[vitae,</strong></span> <span class='ocrx_word' id='word_1_654' title='bbox 1621 2105 1748 2134; x_wconf 70' lang='lat' dir='ltr'><strong>videlicet</strong></span> 
     </span>
    </p>
   </div>
   <div class='ocr_carea' id='block_1_89' title="bbox 960 2151 1747 2188">
    <p class='ocr_par' dir='ltr' id='par_1_89' title="bbox 960 2151 1747 2188">
     <span class='ocr_line' id='line_1_89' title="bbox 960 2151 1747 2188; baseline 0.003 -10"><span class='ocrx_word' id='word_1_655' title='bbox 960 2151 1101 2186; x_wconf 79' lang='lat' dir='ltr'><strong>ﬁdelibus;</strong></span> <span class='ocrx_word' id='word_1_656' title='bbox 1113 2157 1154 2180; x_wconf 87' lang='lat' dir='ltr'><strong>est</strong></span> <span class='ocrx_word' id='word_1_657' title='bbox 1162 2156 1252 2180; x_wconf 89' lang='lat' dir='ltr'><strong>autem</strong></span> <span class='ocrx_word' id='word_1_658' title='bbox 1264 2152 1428 2188; x_wconf 86' lang='lat' dir='ltr'><strong>inﬁdelibus]</strong></span> <span class='ocrx_word' id='word_1_659' title='bbox 1439 2152 1545 2184; x_wconf 85' lang='lat' dir='ltr'><strong>mortis,</strong></span> <span class='ocrx_word' id='word_1_660' title='bbox 1554 2159 1620 2187; x_wconf 87' lang='lat' dir='ltr'><strong>pro:</strong></span> <span class='ocrx_word' id='word_1_661' title='bbox 1634 2152 1747 2187; x_wconf 76' lang='lat' dir='ltr'><strong>perﬁdis</strong></span> 
     </span>
    </p>
   </div>
   <div class='ocr_carea' id='block_1_90' title="bbox 958 2198 1743 2234">
    <p class='ocr_par' dir='ltr' id='par_1_90' title="bbox 958 2198 1743 2234">
     <span class='ocr_line' id='line_1_90' title="bbox 958 2198 1743 2234; baseline 0 -10"><span class='ocrx_word' id='word_1_662' title='bbox 958 2203 986 2225; x_wconf 90' lang='lat' dir='ltr'><strong>et</strong></span> <span class='ocrx_word' id='word_1_663' title='bbox 1009 2198 1122 2234; x_wconf 86' lang='lat' dir='ltr'><strong>impiis;</strong></span> <span class='ocrx_word' id='word_1_664' title='bbox 1149 2199 1214 2226; x_wconf 82' lang='lat' dir='ltr'><strong>odor</strong></span> <span class='ocrx_word' id='word_1_665' title='bbox 1236 2207 1342 2226; x_wconf 77' lang='lat' dir='ltr'><strong>rursum</strong></span> <span class='ocrx_word' id='word_1_666' title='bbox 1354 2199 1447 2226; x_wconf 70' lang='lat' dir='ltr'><strong>mortis</strong></span> <span class='ocrx_word' id='word_1_667' title='bbox 1461 2203 1501 2225; x_wconf 77' lang='lat' dir='ltr'><strong>est</strong></span> <span class='ocrx_word' id='word_1_668' title='bbox 1515 2205 1633 2233; x_wconf 79' lang='lat' dir='ltr'><strong>arguens</strong></span> <span class='ocrx_word' id='word_1_669' title='bbox 1650 2205 1743 2232; x_wconf 83' lang='lat' dir='ltr'><strong>opera,</strong></span> 
     </span>
    </p>
   </div>
   <div class='ocr_carea' id='block_1_91' title="bbox 957 2244 1744 2281">
    <p class='ocr_par' dir='ltr' id='par_1_91' title="bbox 957 2244 1744 2281">
     <span class='ocr_line' id='line_1_91' title="bbox 957 2244 1744 2281; baseline 0 -10"><span class='ocrx_word' id='word_1_670' title='bbox 957 2245 1146 2273; x_wconf 87' lang='lat' dir='ltr'><strong>condemnans</strong></span> <span class='ocrx_word' id='word_1_671' title='bbox 1158 2253 1239 2281; x_wconf 66' lang='lat' dir='ltr'><strong>poena</strong></span> <span class='ocrx_word' id='word_1_672' title='bbox 1250 2246 1381 2281; x_wconf 74' lang='lat' dir='ltr'><strong>gehennae</strong></span> <span class='ocrx_word' id='word_1_673' title='bbox 1392 2265 1400 2278; x_wconf 92' lang='lat'><strong>,</strong></span> <span class='ocrx_word' id='word_1_674' title='bbox 1417 2244 1646 2280; x_wconf 87' lang='lat' dir='ltr'><strong>quemadmodum</strong></span> <span class='ocrx_word' id='word_1_675' title='bbox 1661 2244 1744 2271; x_wconf 89' lang='lat' dir='ltr'><strong>etiam</strong></span> 
     </span>
    </p>
   </div>
   <div class='ocr_carea' id='block_1_92' title="bbox 126 2277 911 2326">
    <p class='ocr_par' dir='ltr' id='par_1_92' title="bbox 126 2277 907 2318">
     <span class='ocr_line' id='line_1_92' title="bbox 126 2277 907 2318; baseline 0.017 -17"><span class='ocrx_word' id='word_1_676' title='bbox 126 2284 172 2302; x_wconf 77' lang='grc' dir='ltr'><strong>πον</strong></span> <span class='ocrx_word' id='word_1_677' title='bbox 188 2277 234 2303; x_wconf 73' lang='grc' dir='ltr'>καὶ</span> <span class='ocrx_word' id='word_1_678' title='bbox 250 2277 280 2304; x_wconf 82' lang='grc' dir='ltr'><strong>τὺ</strong></span> <span class='ocrx_word' id='word_1_679' title='bbox 296 2277 433 2314; x_wconf 80' lang='grc' dir='ltr'>ἐξαίρετον</span> <span class='ocrx_word' id='word_1_680' title='bbox 456 2280 526 2308; x_wconf 85' lang='grc' dir='ltr'>πάνυ</span> <span class='ocrx_word' id='word_1_681' title='bbox 544 2282 629 2318; x_wconf 87' lang='grc' dir='ltr'>μύρον</span> <span class='ocrx_word' id='word_1_682' title='bbox 652 2285 721 2312; x_wconf 80' lang='grc' dir='ltr'><strong>κατά</strong></span> <span class='ocrx_word' id='word_1_683' title='bbox 743 2286 839 2313; x_wconf 78' lang='grc' dir='ltr'>ταύτὸν</span> <span class='ocrx_word' id='word_1_684' title='bbox 860 2288 907 2314; x_wconf 78' lang='grc' dir='ltr'><strong>καὶ</strong></span> 
     </span>
    </p>
   </div>
   <div class='ocr_carea' id='block_1_93' title="bbox 963 2277 1744 2326">
    <p class='ocr_par' dir='ltr' id='par_1_93' title="bbox 963 2277 1744 2326">
     <span class='ocr_line' id='line_1_93' title="bbox 963 2277 1744 2326; baseline 0.001 -9"><span class='ocrx_word' id='word_1_685' title='bbox 963 2291 1088 2318; x_wconf 74' lang='lat' dir='ltr'><strong>eximium</strong></span> <span class='ocrx_word' id='word_1_686' title='bbox 1101 2277 1268 2326; x_wconf 75' lang='lat' dir='ltr'><strong>unguentum</strong></span> <span class='ocrx_word' id='word_1_687' title='bbox 1283 2291 1427 2321; x_wconf 84' lang='lat' dir='ltr'><strong>eademex</strong></span> <span class='ocrx_word' id='word_1_688' title='bbox 1441 2294 1517 2326; x_wconf 86' lang='lat' dir='ltr'><strong>parte</strong></span> <span class='ocrx_word' id='word_1_689' title='bbox 1531 2294 1558 2318; x_wconf 89' lang='lat' dir='ltr'><strong>et</strong></span> <span class='ocrx_word' id='word_1_690' title='bbox 1575 2290 1699 2318; x_wconf 88' lang='lat' dir='ltr'><strong>homines</strong></span> <span class='ocrx_word' id='word_1_691' title='bbox 1716 2290 1744 2318; x_wconf 91' lang='lat' dir='ltr'><strong>in</strong></span> 
     </span>
    </p>
   </div>
   <div class='ocr_carea' id='block_1_94' title="bbox 122 2322 907 2368">
    <p class='ocr_par' dir='ltr' id='par_1_94' title="bbox 122 2322 907 2368">
     <span class='ocr_line' id='line_1_94' title="bbox 122 2322 907 2368; baseline 0.015 -20"><span class='ocrx_word' id='word_1_692' title='bbox 122 2322 279 2358; x_wconf 79' lang='grc' dir='ltr'>ἀνθρώπους</span> <span class='ocrx_word' id='word_1_693' title='bbox 299 2324 388 2360; x_wconf 84' lang='grc' dir='ltr'>ἡδύνει</span> <span class='ocrx_word' id='word_1_694' title='bbox 410 2326 456 2353; x_wconf 77' lang='grc' dir='ltr'><strong>καὶ</strong></span> <span class='ocrx_word' id='word_1_695' title='bbox 476 2328 584 2364; x_wconf 87' lang='grc' dir='ltr'>χοίρους</span> <span class='ocrx_word' id='word_1_696' title='bbox 601 2330 716 2366; x_wconf 85' lang='grc' dir='ltr'>ἀναιρεῖ,</span> <span class='ocrx_word' id='word_1_697' title='bbox 731 2332 761 2358; x_wconf 82' lang='grc' dir='ltr'>οὐ</span> <span class='ocrx_word' id='word_1_698' title='bbox 776 2333 907 2368; x_wconf 78' lang='grc' dir='ltr'>φέροντας</span> 
     </span>
    </p>
   </div>
   <div class='ocr_carea' id='block_1_95' title="bbox 121 2368 907 2412">
    <p class='ocr_par' dir='ltr' id='par_1_95' title="bbox 121 2368 907 2412">
     <span class='ocr_line' id='line_1_95' title="bbox 121 2368 907 2412; baseline 0.018 -19"><span class='ocrx_word' id='word_1_699' title='bbox 121 2368 171 2403; x_wconf 79' lang='grc' dir='ltr'>τὴν</span> <span class='ocrx_word' id='word_1_700' title='bbox 195 2368 282 2405; x_wconf 80' lang='grc' dir='ltr'>ἄκραν</span> <span class='ocrx_word' id='word_1_701' title='bbox 303 2371 425 2398; x_wconf 84' lang='grc' dir='ltr'>εὐωδίαν.</span> <span class='ocrx_word' id='word_1_702' title='bbox 446 2374 536 2400; x_wconf 84' lang='grc' dir='ltr'>Ταῦτα</span> <span class='ocrx_word' id='word_1_703' title='bbox 554 2375 676 2409; x_wconf 82' lang='grc' dir='ltr'>πλατέως</span> <span class='ocrx_word' id='word_1_704' title='bbox 693 2377 765 2412; x_wconf 87' lang='grc' dir='ltr'>λέγει</span> <span class='ocrx_word' id='word_1_705' title='bbox 784 2379 858 2406; x_wconf 83' lang='grc' dir='ltr'>κάτω</span> <span class='ocrx_word' id='word_1_706' title='bbox 879 2381 907 2407; x_wconf 82' lang='grc' dir='ltr'>ὲν</span> 
     </span>
    </p>
   </div>
   <div class='ocr_carea' id='block_1_96' title="bbox 123 2415 599 2457">
    <p class='ocr_par' dir='ltr' id='par_1_96' title="bbox 123 2415 599 2457">
     <span class='ocr_line' id='line_1_96' title="bbox 123 2415 599 2457; baseline 0.019 -17"><span class='ocrx_word' id='word_1_707' title='bbox 123 2415 259 2451; x_wconf 81' lang='grc' dir='ltr'>κεφαλαίῳ</span> <span class='ocrx_word' id='word_1_708' title='bbox 274 2417 395 2454; x_wconf 84' lang='grc' dir='ltr'>τετάρτῳ</span> <span class='ocrx_word' id='word_1_709' title='bbox 409 2420 449 2451; x_wconf 83' lang='grc' dir='ltr'><strong>είς</strong></span> <span class='ocrx_word' id='word_1_710' title='bbox 460 2419 490 2446; x_wconf 77' lang='grc' dir='ltr'>τὸ</span> <span class='ocrx_word' id='word_1_711' title='bbox 505 2421 599 2457; x_wconf 86' lang='grc' dir='ltr'>μύρον.</span> 
     </span>
    </p>
   </div>
   <div class='ocr_carea' id='block_1_97' title="bbox 253 2473 783 2513">
    <p class='ocr_par' dir='ltr' id='par_1_97' title="bbox 253 2473 783 2513">
     <span class='ocr_line' id='line_1_97' title="bbox 253 2473 783 2513; baseline 0.017 -13"><span class='ocrx_word' id='word_1_712' title='bbox 253 2473 302 2501; x_wconf 79' lang='grc' dir='ltr'><strong>Ἐκ</strong></span> <span class='ocrx_word' id='word_1_713' title='bbox 318 2474 377 2502; x_wconf 77' lang='grc' dir='ltr'>τῶν</span> <span class='ocrx_word' id='word_1_714' title='bbox 389 2476 598 2505; x_wconf 66' lang='lat' dir='ltr'><strong>dimatthqu</strong></span> <span class='ocrx_word' id='word_1_715' title='bbox 613 2479 783 2513; x_wconf 79' lang='grc' dir='ltr'>διατάξεων.</span> 
     </span>
    </p>
   </div>
   <div class='ocr_carea' id='block_1_98' title="bbox 161 2529 907 2569">
    <p class='ocr_par' dir='ltr' id='par_1_98' title="bbox 161 2529 907 2569">
     <span class='ocr_line' id='line_1_98' title="bbox 161 2529 907 2569; baseline 0.016 -15"><span class='ocrx_word' id='word_1_716' title='bbox 161 2529 238 2555; x_wconf 78' lang='grc' dir='ltr'>Ἐστι</span> <span class='ocrx_word' id='word_1_717' title='bbox 253 2529 342 2557; x_wconf 87' lang='grc' dir='ltr'>τοίνυν</span> <span class='ocrx_word' id='word_1_718' title='bbox 356 2531 387 2558; x_wconf 87' lang='grc' dir='ltr'><strong>τδ</strong></span> <span class='ocrx_word' id='word_1_719' title='bbox 402 2532 450 2566; x_wconf 80' lang='grc' dir='ltr'>μὲν</span> <span class='ocrx_word' id='word_1_720' title='bbox 465 2532 603 2569; x_wconf 78' lang='grc' dir='ltr'>βάπτισμα</span> <span class='ocrx_word' id='word_1_721' title='bbox 617 2536 656 2567; x_wconf 77' lang='grc' dir='ltr'><strong>είς</strong></span> <span class='ocrx_word' id='word_1_722' title='bbox 670 2535 715 2562; x_wconf 81' lang='grc' dir='ltr'>τὸν</span> <span class='ocrx_word' id='word_1_723' title='bbox 732 2536 845 2565; x_wconf 84' lang='grc' dir='ltr'>Θάνατον</span> <span class='ocrx_word' id='word_1_724' title='bbox 860 2538 907 2566; x_wconf 87' lang='grc' dir='ltr'><strong>τοῦ</strong></span> 
     </span>
    </p>
   </div>
   <div class='ocr_carea' id='block_1_99' title="bbox 959 2336 1744 2371">
    <p class='ocr_par' dir='ltr' id='par_1_99' title="bbox 959 2336 1744 2371">
     <span class='ocr_line' id='line_1_99' title="bbox 959 2336 1744 2371; baseline -0.001 -8"><span class='ocrx_word' id='word_1_725' title='bbox 959 2336 1092 2364; x_wconf 88' lang='lat' dir='ltr'><strong>suavitate</strong></span> <span class='ocrx_word' id='word_1_726' title='bbox 1117 2341 1206 2365; x_wconf 84' lang='lat' dir='ltr'><strong>movet</strong></span> <span class='ocrx_word' id='word_1_727' title='bbox 1230 2341 1256 2365; x_wconf 90' lang='lat' dir='ltr'><strong>et</strong></span> <span class='ocrx_word' id='word_1_728' title='bbox 1280 2345 1344 2365; x_wconf 88' lang='lat' dir='ltr'><strong>sues</strong></span> <span class='ocrx_word' id='word_1_729' title='bbox 1368 2336 1510 2368; x_wconf 83' lang='lat' dir='ltr'><strong>interimit,</strong></span> <span class='ocrx_word' id='word_1_730' title='bbox 1536 2336 1583 2371; x_wconf 88' lang='lat' dir='ltr'><strong>qui</strong></span> <span class='ocrx_word' id='word_1_731' title='bbox 1609 2343 1744 2364; x_wconf 87' lang='lat' dir='ltr'><strong>summam</strong></span> 
     </span>
    </p>
   </div>
   <div class='ocr_carea' id='block_1_100' title="bbox 957 2381 1745 2417">
    <p class='ocr_par' dir='ltr' id='par_1_100' title="bbox 957 2381 1745 2417">
     <span class='ocr_line' id='line_1_100' title="bbox 957 2381 1745 2417; baseline -0.004 -6"><span class='ocrx_word' id='word_1_732' title='bbox 957 2383 1050 2411; x_wconf 86' lang='lat' dir='ltr'><strong>odoris</strong></span> <span class='ocrx_word' id='word_1_733' title='bbox 1065 2384 1225 2412; x_wconf 88' lang='lat' dir='ltr'><strong>suavitatem</strong></span> <span class='ocrx_word' id='word_1_734' title='bbox 1237 2392 1292 2412; x_wconf 93' lang='lat' dir='ltr'><strong>non</strong></span> <span class='ocrx_word' id='word_1_735' title='bbox 1307 2384 1405 2412; x_wconf 89' lang='lat' dir='ltr'><strong>ferant.</strong></span> <span class='ocrx_word' id='word_1_736' title='bbox 1422 2382 1485 2410; x_wconf 66' lang='lat' dir='ltr'><strong>Haec</strong></span> <span class='ocrx_word' id='word_1_737' title='bbox 1507 2381 1597 2410; x_wconf 81' lang='lat' dir='ltr'><strong>fusius</strong></span> <span class='ocrx_word' id='word_1_738' title='bbox 1616 2385 1644 2409; x_wconf 89' lang='lat' dir='ltr'><strong>et</strong></span> <span class='ocrx_word' id='word_1_739' title='bbox 1658 2381 1745 2417; x_wconf 88' lang='lat' dir='ltr'><strong>pluri-</strong></span> 
     </span>
    </p>
   </div>
   <div class='ocr_carea' id='block_1_101' title="bbox 942 2429 1654 2466">
    <p class='ocr_par' dir='ltr' id='par_1_101' title="bbox 942 2429 1654 2466">
     <span class='ocr_line' id='line_1_101' title="bbox 942 2429 1654 2466; baseline -0.003 -9"><span class='ocrx_word' id='word_1_740' title='bbox 942 2429 1011 2458; x_wconf 25' lang='lat' dir='ltr'><strong>‘bus</strong></span> <span class='ocrx_word' id='word_1_741' title='bbox 1028 2429 1095 2457; x_wconf 89' lang='lat' dir='ltr'><strong>dicit</strong></span> <span class='ocrx_word' id='word_1_742' title='bbox 1107 2430 1179 2457; x_wconf 88' lang='lat' dir='ltr'><strong>infra</strong></span> <span class='ocrx_word' id='word_1_743' title='bbox 1197 2430 1225 2457; x_wconf 89' lang='lat' dir='ltr'><strong>in</strong></span> <span class='ocrx_word' id='word_1_744' title='bbox 1242 2434 1341 2466; x_wconf 85' lang='lat' dir='ltr'><strong>quarto</strong></span> <span class='ocrx_word' id='word_1_745' title='bbox 1355 2429 1444 2465; x_wconf 87' lang='lat' dir='ltr'><strong>capite</strong></span> <span class='ocrx_word' id='word_1_746' title='bbox 1458 2429 1492 2457; x_wconf 91' lang='lat' dir='ltr'><strong>de</strong></span> <span class='ocrx_word' id='word_1_747' title='bbox 1505 2431 1654 2464; x_wconf 78' lang='lat' dir='ltr'><strong>unguento.</strong></span> 
     </span>
    </p>
   </div>
   <div class='ocr_carea' id='block_1_102' title="bbox 1119 2485 1585 2522">
    <p class='ocr_par' dir='ltr' id='par_1_102' title="bbox 1119 2485 1585 2522">
     <span class='ocr_line' id='line_1_102' title="bbox 1119 2485 1585 2522; baseline 0 -9"><span class='ocrx_word' id='word_1_748' title='bbox 1119 2486 1162 2513; x_wconf 77' lang='lat' dir='ltr'><strong>Ea:</strong></span> <span class='ocrx_word' id='word_1_749' title='bbox 1173 2487 1324 2522; x_wconf 67' lang='lat' dir='ltr'><strong>apostolicis</strong></span> <span class='ocrx_word' id='word_1_750' title='bbox 1344 2485 1585 2514; x_wconf 70' lang='lat' dir='ltr'><strong>constitutionibus.</strong></span> 
     </span>
    </p>
   </div>
   <div class='ocr_carea' id='block_1_103' title="bbox 995 2541 1744 2580">
    <p class='ocr_par' dir='ltr' id='par_1_103' title="bbox 995 2541 1744 2580">
     <span class='ocr_line' id='line_1_103' title="bbox 995 2541 1744 2580; baseline -0.004 -10"><span class='ocrx_word' id='word_1_751' title='bbox 995 2542 1043 2570; x_wconf 87' lang='lat' dir='ltr'><strong>Est</strong></span> <span class='ocrx_word' id='word_1_752' title='bbox 1063 2551 1127 2579; x_wconf 78' lang='lat' dir='ltr'><strong>ergo</strong></span> <span class='ocrx_word' id='word_1_753' title='bbox 1147 2544 1298 2580; x_wconf 87' lang='lat' dir='ltr'><strong>baptismus</strong></span> <span class='ocrx_word' id='word_1_754' title='bbox 1320 2543 1417 2572; x_wconf 88' lang='lat' dir='ltr'><strong>mortis</strong></span> <span class='ocrx_word' id='word_1_755' title='bbox 1438 2542 1546 2570; x_wconf 92' lang='lat' dir='ltr'><strong>Domini</strong></span> <span class='ocrx_word' id='word_1_756' title='bbox 1570 2542 1631 2569; x_wconf 90' lang='lat' dir='ltr'><strong>loco</strong></span> <span class='ocrx_word' id='word_1_757' title='bbox 1653 2541 1744 2575; x_wconf 85' lang='lat' dir='ltr'><strong>datus,</strong></span> 
     </span>
    </p>
   </div>
   <div class='ocr_carea' id='block_1_104' title="bbox 122 2573 911 2626">
    <p class='ocr_par' dir='ltr' id='par_1_104' title="bbox 122 2573 909 2620">
     <span class='ocr_line' id='line_1_104' title="bbox 122 2573 909 2620; baseline 0.015 -20"><span class='ocrx_word' id='word_1_758' title='bbox 122 2573 225 2610; x_wconf 79' lang='grc' dir='ltr'>Κυρίου</span> <span class='ocrx_word' id='word_1_759' title='bbox 248 2575 398 2612; x_wconf 86' lang='grc' dir='ltr'>διδόμενον·</span> <span class='ocrx_word' id='word_1_760' title='bbox 421 2578 451 2605; x_wconf 82' lang='grc' dir='ltr'>τὸ</span> <span class='ocrx_word' id='word_1_761' title='bbox 475 2578 502 2605; x_wconf 85' lang='grc' dir='ltr'>δὲ</span> <span class='ocrx_word' id='word_1_762' title='bbox 524 2578 594 2616; x_wconf 80' lang='grc' dir='ltr'>ὕδωρ</span> <span class='ocrx_word' id='word_1_763' title='bbox 616 2581 675 2608; x_wconf 77' lang='grc' dir='ltr'>ἀντὶ</span> <span class='ocrx_word' id='word_1_764' title='bbox 689 2582 738 2618; x_wconf 83' lang='grc' dir='ltr'>τῆς</span> <span class='ocrx_word' id='word_1_765' title='bbox 757 2585 861 2620; x_wconf 81' lang='grc' dir='ltr'>ταφῆς·</span> <span class='ocrx_word' id='word_1_766' title='bbox 877 2586 909 2612; x_wconf 83' lang='grc' dir='ltr'>τὸ</span> 
     </span>
    </p>
   </div>
   <div class='ocr_carea' id='block_1_105' title="bbox 963 2573 1745 2626">
    <p class='ocr_par' dir='ltr' id='par_1_105' title="bbox 963 2573 1745 2626">
     <span class='ocr_line' id='line_1_105' title="bbox 963 2573 1745 2626; baseline -0.006 -9"><span class='ocrx_word' id='word_1_767' title='bbox 963 2596 1029 2625; x_wconf 84' lang='lat' dir='ltr'><strong>aqua</strong></span> <span class='ocrx_word' id='word_1_768' title='bbox 1045 2573 1269 2626; x_wconf 47' lang='lat' dir='ltr'><strong>pro&#39;sepultura;</strong></span> <span class='ocrx_word' id='word_1_769' title='bbox 1284 2590 1373 2618; x_wconf 91' lang='lat' dir='ltr'><strong>oleum</strong></span> <span class='ocrx_word' id='word_1_770' title='bbox 1389 2597 1437 2626; x_wconf 90' lang='lat' dir='ltr'><strong>pro</strong></span> <span class='ocrx_word' id='word_1_771' title='bbox 1453 2588 1559 2624; x_wconf 87' lang='lat' dir='ltr'><strong>Spiritu</strong></span> <span class='ocrx_word' id='word_1_772' title='bbox 1579 2590 1690 2619; x_wconf 84' lang='lat' dir='ltr'><strong>sancto;</strong></span> <span class='ocrx_word' id='word_1_773' title='bbox 1707 2587 1745 2613; x_wconf 87' lang='lat' dir='ltr'><strong>si-</strong></span> 
     </span>
    </p>
   </div>
   <div class='ocr_carea' id='block_1_106' title="bbox 122 2620 908 2666">
    <p class='ocr_par' dir='ltr' id='par_1_106' title="bbox 122 2620 908 2666">
     <span class='ocr_line' id='line_1_106' title="bbox 122 2620 908 2666; baseline 0.017 -19"><span class='ocrx_word' id='word_1_774' title='bbox 122 2620 211 2648; x_wconf 69' lang='grc' dir='ltr'>ἔλαιον</span> <span class='ocrx_word' id='word_1_775' title='bbox 221 2623 280 2649; x_wconf 76' lang='grc' dir='ltr'>ἀντὶ</span> <span class='ocrx_word' id='word_1_776' title='bbox 294 2623 342 2650; x_wconf 84' lang='grc' dir='ltr'><strong>τοῦ</strong></span> <span class='ocrx_word' id='word_1_777' title='bbox 357 2624 513 2660; x_wconf 81' lang='grc' dir='ltr'>Πνεύματος</span> <span class='ocrx_word' id='word_1_778' title='bbox 521 2626 568 2653; x_wconf 89' lang='grc' dir='ltr'><strong>τοῦ</strong></span> <span class='ocrx_word' id='word_1_779' title='bbox 581 2627 672 2662; x_wconf 87' lang='grc' dir='ltr'>ἁγίου·</span> <span class='ocrx_word' id='word_1_780' title='bbox 690 2630 706 2665; x_wconf 80' lang='grc' dir='ltr'>ὴ</span> <span class='ocrx_word' id='word_1_781' title='bbox 718 2631 835 2666; x_wconf 69' lang='grc' dir='ltr'>σφραγὶς</span> <span class='ocrx_word' id='word_1_782' title='bbox 849 2632 908 2660; x_wconf 78' lang='grc' dir='ltr'>ἀντὶ</span> 
     </span>
    </p>
   </div>
   <div class='ocr_carea' id='block_1_107' title="bbox 122 2666 848 2712">
    <p class='ocr_par' dir='ltr' id='par_1_107' title="bbox 122 2666 848 2712">
     <span class='ocr_line' id='line_1_107' title="bbox 122 2666 848 2712; baseline 0.015 -18"><span class='ocrx_word' id='word_1_783' title='bbox 122 2666 171 2694; x_wconf 73' lang='grc' dir='ltr'><strong>τοῦ</strong></span> <span class='ocrx_word' id='word_1_784' title='bbox 187 2669 318 2705; x_wconf 87' lang='grc' dir='ltr'>σταυροῦ·</span> <span class='ocrx_word' id='word_1_785' title='bbox 334 2670 365 2696; x_wconf 83' lang='grc' dir='ltr'>τὸ</span> <span class='ocrx_word' id='word_1_786' title='bbox 379 2670 464 2707; x_wconf 88' lang='grc' dir='ltr'>μύρον</span> <span class='ocrx_word' id='word_1_787' title='bbox 480 2671 624 2707; x_wconf 77' lang='grc' dir='ltr'>βεδαίωσις</span> <span class='ocrx_word' id='word_1_788' title='bbox 636 2676 686 2711; x_wconf 83' lang='grc' dir='ltr'>τῆς</span> <span class='ocrx_word' id='word_1_789' title='bbox 695 2677 848 2712; x_wconf 84' lang='grc' dir='ltr'>ὁμολογίας.</span> 
     </span>
    </p>
   </div>
   <div class='ocr_carea' id='block_1_108' title="bbox 124 2742 657 2786">
    <p class='ocr_par' dir='ltr' id='par_1_108' title="bbox 124 2742 657 2786">
     <span class='ocr_line' id='line_1_108' title="bbox 124 2742 657 2786; baseline 0.015 -14"><span class='ocrx_word' id='word_1_790' title='bbox 124 2742 127 2744; x_wconf 72' lang='grc'><strong><em>’</em></strong></span> <span class='ocrx_word' id='word_1_791' title='bbox 161 2744 272 2781; x_wconf 27' lang='lat' dir='ltr'><strong>h‘Apoc.</strong></span> <span class='ocrx_word' id='word_1_792' title='bbox 286 2755 313 2780; x_wconf 77' lang='grc' dir='ltr'>ν,</span> <span class='ocrx_word' id='word_1_793' title='bbox 329 2747 356 2775; x_wconf 89' lang='grc'>8.</span> <span class='ocrx_word' id='word_1_794' title='bbox 399 2748 408 2769; x_wconf 75' lang='lat' dir='ltr'><strong>i</strong></span> <span class='ocrx_word' id='word_1_795' title='bbox 428 2748 502 2778; x_wconf 86' lang='lat' dir='ltr'><strong>Psal.</strong></span> <span class='ocrx_word' id='word_1_796' title='bbox 513 2759 618 2786; x_wconf 77' lang='lat' dir='ltr'><strong>xxxv&quot;,</strong></span> <span class='ocrx_word' id='word_1_797' title='bbox 631 2752 657 2780; x_wconf 86' lang='lat'><strong>6.</strong></span> 
     </span>
    </p>
   </div>
   <div class='ocr_carea' id='block_1_109' title="bbox 959 2631 1745 2673">
    <p class='ocr_par' dir='ltr' id='par_1_109' title="bbox 959 2631 1745 2673">
     <span class='ocr_line' id='line_1_109' title="bbox 959 2631 1745 2673; baseline -0.006 -10"><span class='ocrx_word' id='word_1_798' title='bbox 959 2643 1041 2671; x_wconf 80' lang='lat' dir='ltr'><strong>gnum</strong></span> <span class='ocrx_word' id='word_1_799' title='bbox 1055 2644 1104 2672; x_wconf 89' lang='lat' dir='ltr'><strong>pro</strong></span> <span class='ocrx_word' id='word_1_800' title='bbox 1119 2644 1219 2670; x_wconf 88' lang='lat' dir='ltr'><strong>cruce;</strong></span> <span class='ocrx_word' id='word_1_801' title='bbox 1242 2641 1420 2673; x_wconf 78' lang='lat' dir='ltr'><strong>unguentum,</strong></span> <span class='ocrx_word' id='word_1_802' title='bbox 1441 2634 1622 2664; x_wconf 80' lang='lat' dir='ltr'><strong>confessionis</strong></span> <span class='ocrx_word' id='word_1_803' title='bbox 1644 2631 1745 2660; x_wconf 81' lang='lat' dir='ltr'><strong>conﬁr-</strong></span> 
     </span>
    </p>
   </div>
   <div class='ocr_carea' id='block_1_110' title="bbox 959 2683 1049 2710">
    <p class='ocr_par' dir='ltr' id='par_1_110' title="bbox 959 2683 1049 2710">
     <span class='ocr_line' id='line_1_110' title="bbox 959 2683 1049 2710; baseline 0.011 -1"><span class='ocrx_word' id='word_1_804' title='bbox 959 2683 1049 2710; x_wconf 83' lang='lat' dir='ltr'><strong>matio.</strong></span> 
     </span>
    </p>
   </div>
   <div class='ocr_carea' id='block_1_111' title="bbox 595 2830 1270 2870">
    <p class='ocr_par' dir='ltr' id='par_1_111' title="bbox 595 2830 1270 2870">
     <span class='ocr_line' id='line_1_111' title="bbox 595 2830 1270 2870; baseline 0.003 -10"><span class='ocrx_word' id='word_1_805' title='bbox 595 2830 712 2860; x_wconf 61' lang='lat' dir='ltr'><strong>VARIIE</strong></span> <span class='ocrx_word' id='word_1_806' title='bbox 729 2831 921 2870; x_wconf 79' lang='lat' dir='ltr'><strong>LECTIONES</strong></span> <span class='ocrx_word' id='word_1_807' title='bbox 935 2833 979 2862; x_wconf 83' lang='grc' dir='ltr'><strong>ΕΤ</strong></span> <span class='ocrx_word' id='word_1_808' title='bbox 997 2833 1270 2865; x_wconf 76' lang='lat' dir='ltr'><strong>CORRECTIONES.</strong></span> 
     </span>
    </p>
   </div>
   <div class='ocr_carea' id='block_1_112' title="bbox 155 2904 410 2943">
    <p class='ocr_par' dir='ltr' id='par_1_112' title="bbox 155 2904 410 2943">
     <span class='ocr_line' id='line_1_112' title="bbox 155 2904 410 2943; baseline 0.016 -12"><span class='ocrx_word' id='word_1_809' title='bbox 155 2905 166 2922; x_wconf 87' lang='grc'><strong><em>⁸</em></strong></span> <span class='ocrx_word' id='word_1_810' title='bbox 177 2904 292 2938; x_wconf 72' lang='grc' dir='ltr'>τοὺτοις.</span> <span class='ocrx_word' id='word_1_811' title='bbox 326 2906 337 2925; x_wconf 79' lang='lat'><strong>’</strong></span> <span class='ocrx_word' id='word_1_812' title='bbox 351 2906 410 2943; x_wconf 75' lang='grc' dir='ltr'>ὁρᾷ.</span> 
     </span>
    </p>
   </div>
  </div>
