1914 3063
158 161 213 192 135

457 215 493 244 ΙΝ
508 215 586 244 CAP.
608 215 650 245 lil.

193 263 214 292 Ι.
232 263 425 298 Prwceptorem
440 267 678 291 sacramentorum.
701 261 834 290 Sanctum
847 260 946 289 Hiero-

157 311 251 339 theum
267 309 405 346 intelligit.

194 357 284 385 Sacrae
299 356 356 392 ejus
371 356 553 391 descriptionis
566 357 743 391 interpretem.
758 355 787 383 Id
809 360 852 384 est
867 362 946 384 sacra

156 403 341 439 descriptione
355 410 450 431 eorum
464 410 524 438 quae
537 406 631 431 sancte
644 401 808 430 efﬁciuntur.

191 449 346 479 Commune.
361 448 411 478 Est
421 457 470 485 per
484 450 627 485 praesentis
639 449 826 478 emissionem.

190 539 245 576 63
259 539 427 568 Communia.
441 539 480 568 De
495 539 698 568 communione.

191 585 325 621 Perfectio
346 593 390 614 ex.
414 585 473 614 Non
497 593 579 622 posse
599 586 748 622 quidquam
776 586 869 623 perfici
887 585 947 614 sine

156 631 360 659 communione.

192 677 226 705 In
241 679 332 712 capite.
347 677 375 705 Id
391 681 434 706 est
448 678 567 706 maxime
582 679 740 707 necessaria
757 679 873 706 ratione.

192 723 349 759 Imperfecta
358 725 472 760 quidem.
489 724 595 753 Nullam
609 727 732 761 synarim
745 725 874 761 perficere
886 725 946 753 sine

157 775 362 798 communione.

191 814 328 851 Etcaput.
348 815 437 852 Atque
462 817 515 845 hoc
540 817 624 845 etiam
643 817 704 846 loco
730 817 761 845 τδ
785 817 943 853 κεφάλαιον,

155 865 245 896 caput,
260 869 310 897 pro
327 863 486 891 necessario
499 866 526 891 et
539 863 678 899 praecipuo
688 867 828 899 acceptum
842 867 895 892 est.

191 907 339 944 Cognomen
354 909 415 944 ipsi.
437 908 494 937 Cur
518 909 666 939 illustratio
686 909 804 943 dicatur,
826 913 854 938 et
873 913 947 938 recte
961 906 983 935 Β

154 954 193 982 ita
209 955 274 984 dici.

190 1002 235 1034 Επ
247 1003 350 1038 effectu.
375 1002 408 1030 Et
428 1003 473 1030 hic
492 1010 540 1039 per
561 1002 739 1032 omissionem
759 1001 835 1030 verbi
856 1001 946 1037 ὑπάρ-

154 1057 212 1084 χειν
231 1049 376 1085 accipitur.

190 1094 224 1123 ll.
238 1094 366 1130 Pontifex
376 1095 492 1131 quidem.
503 1095 577 1124 Ordo
589 1096 635 1124 hic
646 1095 736 1124 Patris
746 1096 828 1131 hujus
842 1100 947 1131 tempo-

154 1139 232 1168 ribus
250 1140 447 1169 observabatur
463 1141 590 1169 fortassis
615 1141 644 1169 in
665 1141 790 1170 ecclesiis
805 1148 865 1177 quae
886 1141 947 1169 loca

154 1184 201 1212 illa
214 1185 342 1214 distincta
359 1186 470 1223 (quibus
493 1187 599 1216 scilicet
614 1187 853 1223 distinguebantur
873 1190 948 1214 cate-

580 157 752 187 APPENDIX
767 156 814 185 AD
830 155 946 186 OPERA
968 155 998 186 S.
1019 155 1168 186 DIONYSII
1186 133 1435 189 AREOPAGITE.

963 221 987 251 Δ

1733 161 1786 190 136

1229 217 1285 244 ΕΙΣ
1302 218 1346 246 T0
1370 219 1494 247 ΚΕΦΛΔ.
1514 218 1550 245 I".

1033 263 1056 292 l.
1064 264 1257 299 Καθηγεμόνα
1264 264 1401 292 τελετῶν.
1408 266 1460 292 Τὸν
1471 266 1547 300 ᾰγιον
1561 265 1688 302 Ἱερόθεον
1699 264 1786 302 λέγει,

1044 349 1476 391 [α]ῙεροτῬαφικῶςέκθέμενον.
1490 354 1620 382 Τουτέστι
1643 355 1713 383 κατὰ
1735 355 1785 392 τὴν

999 397 1074 434 ἱερὰν
1088 398 1242 434 διαγραφὴν
1256 399 1310 426 τῶν
1324 399 1453 435 ἐμφανῶς
1466 400 1643 437 τελουμένων.

1037 444 1072 472 Τὸ
1105 445 1216 472 κοινόν.
1240 445 1319 473 Κατὰ
1344 447 1507 483 παράλειψιν
1537 448 1585 475 τοῦ
1617 448 1785 485 ὑπάρχοντός

999 491 1068 519 ἐστι.

1033 535 1073 574 [β]
1089 538 1236 565 Κοινωνία
1250 547 1293 566 τε.
1312 538 1381 575 Περὶ
1398 540 1550 571 κοινωνίας.

1039 583 1075 611 Ἦ
1087 584 1240 618 τελείωσις
1254 585 1288 612 ἐκ
1303 585 1372 612 τῶν.
1385 585 1445 613 Ὀτι
1460 586 1589 613 ἀδύνατον
1606 586 1748 614 τελεθῇναι
1762 588 1785 605 ¹⁶

996 630 1058 666 δίχα
1075 631 1126 667 τῆς
1143 631 1330 668 μεταλήψεως.

1039 676 1090 704 Ἑν
1104 677 1266 713 κεφαλαίῳ.
1287 677 1430 705 Τουτέστιν
1445 678 1650 714 ὰναγκαιοτάτῳ
1663 679 1744 715 λόγῳ.

1040 722 1163 758 Ἀτελὴς
1175 724 1244 759 μέν.
1266 724 1327 752 Ὅτι
1342 724 1453 760 οὐδεμία
1474 725 1583 759 σύναξις
1605 725 1788 762 τελεσιουργΞῖ

997 768 1061 804 δίχα
1074 769 1124 804 τῆς
1141 770 1328 806 μεταλήψεως.

1031 816 1087 843 Καὶ
1111 815 1145 842 τὸ
1169 816 1342 851 κεφάλαιον.
1367 817 1424 844 Καὶ
1439 817 1556 845 ἐνταῦθα
1570 817 1604 844 τὸ
1623 817 1787 853 uspr

997 861 1043 888 ἐπὶ
1055 861 1103 888 τοῦ
1116 862 1263 896 ἀναγκαίου
1279 863 1326 889 καὶ
1338 863 1445 899 καιρίου
1462 863 1598 900 εἴληπται.

1039 907 1226 943 Ἐπωνυμίαν
1240 908 1328 944 αὐτῇ.
1344 909 1393 936 Διὰ
1414 909 1442 936 τί
1461 909 1568 944 λέγεται
1585 910 1722 946 φάντισμα,
1739 911 1787 939 καὶ

996 955 1039 982 ὄτι
1052 954 1176 987 δικαίως.

1039 1001 1090 1029 Ἐκ
1103 1002 1156 1030 τοῦ
1177 1002 1370 1038 τελουμένου.
1394 1004 1450 1031 Καὶ
1468 1003 1585 1032 ἐνταῦθα
1605 1004 1675 1032 κατὰ
1697 1004 1787 1042 παρά-

995 1048 1084 1084 λειψιν
1097 1049 1144 1076 τοῦ
1161 1049 1293 1085 ὑπάρχειν
1306 1049 1483 1085 λαμϐάνεται.

969 1089 971 1092 ’
1036 1096 1070 1122 Π.
1088 1096 1119 1122 '0
1132 1094 1346 1131 μὲνίεράρχης.
1356 1097 1386 1123 Ἡ
1398 1097 1474 1129 τάξις
1490 1097 1559 1134 αὕτη
1570 1098 1599 1125 ὲν
1608 1098 1666 1130 τοῖς
1680 1097 1787 1134 χρόνοις

998 1141 1046 1168 τοῦ
1061 1142 1168 1178 [ἰατρὸς
1181 1141 1351 1171 ἐπολιτεύετο
1365 1143 1430 1175 ῐσως
1440 1143 1469 1170 ὲν
1484 1144 1544 1175 ταῖς
1557 1143 1629 1171 κατὰ
1647 1143 1727 1171 τόπον
1740 1144 1787 1170 ὲκ-

1000 1187 1135 1222 κλησίαις.

154 1232 480 1269 chumeni,energumeni
511 1238 539 1262 et
571 1233 736 1269 poenitentes
765 1240 781 1260 a
813 1233 926 1269 reliquis
936 1233 1144 1270 separabantur)
1172 1233 1318 1262 habebant.
1344 1233 1419 1271 (Haec
1440 1236 1513 1263 enim
1539 1235 1632 1265 omnia
1648 1244 1697 1272 per
1717 1236 1787 1264 κατὰ

153 1278 236 1306 τόπον
265 1280 413 1316 significari
427 1280 494 1308 mihi
506 1280 685 1316 persuadeo.)

190 1323 334 1352 Sacrorum
370 1325 501 1354 codicum.
519 1324 602 1354 Sacre
619 1325 738 1361 scriptos
760 1325 847 1354 libros
867 1328 947 1353 vocat

154 1371 240 1401 Vetus
251 1373 413 1409 Novumque
432 1373 649 1402 Testamentum.

191 1419 226 1446 Et
240 1427 300 1446 cum
315 1420 348 1448 iis
361 1420 536 1456 eriergumeni.
558 1418 588 1448 ld
603 1424 646 1448 est
666 1419 701 1448 ab
723 1420 871 1449 immundis
888 1420 946 1456 spi-

153 1465 254 1493 ritibus
268 1466 369 1493 vexati.

191 1511 276 1539 Porro
298 1512 492 1541 ministrorum.
518 1513 657 1543 Ministros
678 1514 745 1542 dicit
767 1514 898 1543 diaconos
918 1517 947 1544 et

153 1564 202 1585 eos
216 1558 263 1592 qui
288 1566 362 1586 nunc
377 1559 538 1586 subdiaconi
553 1565 696 1587 vocantur.

190 1601 295 1631 Setecti.
311 1603 421 1637 Selecti,
437 1605 518 1640 primi
532 1605 662 1640 diaconi;
677 1606 834 1634 sacerdotes
844 1610 946 1640 autem,

153 1649 318 1685 presbyteri.

188 1696 353 1731 Propanunt.
378 1696 436 1725 Hoc
455 1697 608 1726 secundum
635 1698 864 1726 consuetudinem
887 1705 949 1734 qua;

153 1741 246 1769 Romae
260 1743 341 1778 viget.
366 1743 425 1771 Illic
445 1744 518 1771 enim
543 1748 646 1780 septem
671 1744 722 1772 soli
744 1744 852 1772 diaconi
868 1743 947 1771 altari

154 1787 316 1823 inserviunt,
342 1797 412 1824 quos
441 1790 580 1822 selectos;
602 1789 732 1822 arbitror,
758 1796 854 1823 vocat;
880 1790 948 1817 alios

152 1842 220 1862 vero
240 1835 351 1870 aliquod
373 1835 448 1863 aliud
472 1843 600 1864 exercere
623 1836 815 1869 ministerium,
834 1838 862 1863 et
882 1838 945 1862 nota

154 1881 239 1910 etiam
260 1889 293 1909 ex
319 1881 372 1908 hoc
397 1881 459 1909 loco
483 1882 672 1918 antiquitatem
693 1880 794 1913 Patris,
822 1884 850 1909 et
873 1881 947 1917 quod

154 1935 218 1956 cum
233 1927 357 1955 diaconis
369 1927 525 1956 sacerdotes
539 1935 637 1963 panem
652 1927 776 1956 offerant.
787 1927 845 1955 Hoc
856 1931 947 1955 autem

154 1973 257 2009 ubique
272 1974 311 2006 fit,
334 1973 408 2009 quod
430 1973 511 2009 pauci
537 1973 593 2002 sint
616 1973 742 2008 diaconi;
765 1972 860 2001 Romae
882 1981 947 2001 vero

155 2020 236 2056 plane
258 2024 331 2047 recte
351 2019 409 2047 fieri
433 2019 564 2052 arbitror,
580 2024 723 2055 propterea
738 2019 810 2054 quod
829 2019 881 2047 soli
903 2026 947 2047 se-

155 2070 229 2102 ptem
252 2066 345 2094 selecti
369 2066 397 2094 in
420 2066 500 2093 altari
518 2060 693 2094 ministrent:
709 2065 834 2094 fortassis
855 2069 946 2093 autem

156 2113 195 2140 illi
211 2116 316 2149 septem
330 2113 413 2141 etiam
427 2112 483 2140 vita
497 2112 531 2141 ab
546 2111 608 2141 aliis
625 2112 719 2141 selecti
734 2115 809 2140 sunt.

1039 1323 1237 1360 ¹Ατιοῃοάςρων
1254 1323 1376 1352 δέλτων.
1399 1324 1596 1362 Ἀγιογράφους
1613 1326 1719 1360 δέλτους
1736 1336 1786 1356 κα-

998 1369 1039 1396 λεῖ
1051 1370 1100 1406 τὴν
1115 1370 1236 1397 Παλαιὰν
1250 1371 1297 1397 καὶ
1311 1371 1361 1407 τὴν
1378 1371 1449 1398 Νέαν
1463 1372 1609 1408 Διαθήκην.

1050 1417 1105 1443 Kat
1128 1416 1202 1451 πρὸς
1216 1417 1318 1450 αὐτοῖς
1332 1417 1547 1453 ἐνεργούμενα.
1568 1418 1712 1446 Τουτέστιν
1733 1419 1786 1447 ὺπδ

998 1463 1160 1499 πνευμάτων
1176 1463 1349 1499 ἀκαθάρτων.

1035 1509 1097 1537 Τῶν
1110 1509 1289 1545 λειτουρώ
1305 1509 1347 1537 δέ.
1363 1510 1543 1546 Λειτουργούς
1561 1519 1628 1547 φησι
1647 1511 1711 1543 τοὺς
1729 1511 1786 1538 δια-

998 1556 1101 1589 κόνους,
1117 1556 1163 1583 καὶ
1178 1557 1241 1588 τοὺς
1257 1555 1305 1583 νῦν
1322 1555 1513 1588 ὑποδιακόνους
1526 1556 1697 1592 λεγομένους.

1051 1603 1209 1636 Ἕκκριτοι.
1227 1603 1366 1638 Ἔκκριτοι
1389 1602 1414 1629 ot
1434 1602 1537 1638 πρῶτοι
1557 1602 1685 1636 διάκονοι,
1703 1603 1786 1639 ἱερεῖς

996 1649 1024 1676 δὲ
1040 1650 1064 1676 oi
1083 1649 1274 1685 πρεσϐύτεροι.

1033 1695 1216 1729 Προτιθέασι.
1237 1695 1323 1722 Τοῦτο
1343 1695 1414 1722 κατὰ
1442 1696 1492 1731 τὴν
1508 1696 1537 1722 ὲν
1561 1695 1652 1732 Ῥώμῃ
1669 1696 1785 1732 κρατοῦ-

998 1750 1046 1768 σαν
1074 1742 1225 1778 συνήθειαν.
1247 1740 1320 1769 Ἐκεῖ
1342 1741 1397 1779 γὰρ
1417 1742 1487 1769 ἑπτὰ
1511 1742 1585 1778 μόνοι
1610 1742 1726 1769 διάκονοι
1746 1742 1785 1778 τῷ

997 1789 1181 1825 θυσιαστηρίῳ
1196 1788 1454 1825 λειτουργοῦσιν,οὒς
1469 1789 1621 1824 ἐκκρίτους,
1632 1787 1718 1825 οἶμαι,
1734 1798 1785 1821 κα-

996 1834 1050 1861 λεῖ·
1063 1835 1126 1866 τοὺς
1139 1834 1167 1861 δὲ
1184 1834 1279 1866 ἄλλους
1293 1834 1375 1870 ἄλλην
1389 1834 1450 1862 τινὰ
1466 1834 1585 1861 ἐκτελεῖν
1598 1834 1766 1870 λειτουργίαν
1775 1842 1783 1850 ·

996 1881 1044 1908 καὶ
1058 1881 1210 1917 σημείωσαι
1225 1881 1370 1908 κάντεῦθεν
1381 1880 1426 1907 τὸν
1437 1880 1589 1916 ἀρχαϊσμὸν
1600 1880 1646 1906 τοῦ
1663 1881 1783 1916 Πατρός·

997 1927 1044 1954 καὶ
1059 1928 1100 1954 ὅτι
1114 1928 1162 1954 σὺν
1175 1928 1231 1959 τοῖς
1245 1927 1378 1958 διακόνοις
1391 1927 1436 1953 τὸν
1455 1927 1536 1962 ἄρτον
1557 1926 1582 1953 οἱ
1604 1926 1785 1963 πρεσϐύτεροι

996 1970 1164 2009 προτιθέασι.
1178 1973 1263 2000 Τοῦτο
1285 1972 1314 1999 δὲ
1337 1973 1385 1999 καὶ
1401 1971 1539 2007 πανταχοῦ
1558 1972 1672 2006 γίνεται,
1688 1972 1785 2007 ὀλίγων

995 2019 1079 2047 ὄντων
1095 2019 1238 2046 διακόνων·
1254 2020 1284 2046 ἐν
1308 2018 1402 2055 Ῥώμῃ
1417 2018 1454 2049 δὲ,
1471 2016 1557 2053 οἶμαι,
1575 2018 1689 2045 πάντοτε
1711 2019 1784 2045 εικό-

995 2075 1059 2099 τως,
1083 2065 1127 2093 διὰ
1141 2066 1172 2093 τὸ
1192 2066 1288 2102 μόνους
1311 2065 1380 2092 ἑπτὰ
1396 2066 1459 2097 τοὺς
1481 2065 1623 2101 ἐκκρίτους
1638 2065 1677 2101 τῷ
1691 2065 1785 2092 θυσια-

997 2112 1099 2149 στηρίῳ
1115 2111 1292 2147 λειτουργεῖνπ
1309 2112 1389 2147 τυχὸν
1406 2111 1435 2138 δὲ
1452 2111 1500 2138 καὶ
1516 2110 1566 2147 βίῳ
1586 2110 1640 2138 τῶν
1656 2111 1743 2138 άλλων
1758 2112 1784 2138 οι

996 2148 1066 2185 ἑπτά
1079 2157 1255 2193 τυγχάνουσιν
1268 2157 1398 2194 ἔκκριτοι.
1624 2148 1629 2153 ”

194 2202 366 2231 Universalis.
380 2202 450 2230 Tum
465 2203 547 2231 etiam
563 2203 625 2233 fidei
640 2203 792 2240 symbolum
810 2202 945 2240 quoddam

1036 2204 1093 2240 Τῆς
1108 2203 1280 2238 καθολικνῖκ.
1301 2204 1361 2231 Ὅτι
1383 2203 1429 2230 καὶ
1442 2203 1503 2230 τότε
1531 2203 1649 2235 πίστεώς
1674 2212 1701 2230 τι
1717 2204 1784 2240 σύμ-

157 2254 219 2277 anle
243 2249 296 2277 dici
320 2250 430 2278 solitum
454 2249 523 2284 fuit;
538 2255 586 2278 aut
599 2250 691 2286 potius
705 2255 788 2285 quam
804 2255 861 2278 tum
875 2251 949 2277 acci-

156 2296 267 2332 piebant
295 2295 449 2323 doctrinam
483 2301 511 2324 et
542 2294 770 2325 consuetudinem
800 2304 848 2325 seu
877 2297 948 2324 ritus

158 2341 231 2369 fidei.

193 2385 339 2414 Sacrarum
353 2387 584 2416 tabularumb'ﬂic
596 2396 650 2417 non
664 2393 728 2417 sunt
740 2389 835 2424 primae
849 2389 948 2417 tabula:

157 2432 228 2466 apud
242 2431 310 2467 nos';
324 2436 447 2468 tempore
462 2441 527 2462 vero
541 2433 624 2469 hujus
644 2434 744 2468 Patris,
766 2439 828 2470 post
844 2435 947 2462 saluta-

157 2478 260 2505 tionem
291 2479 390 2506 tabulaa
423 2479 627 2514 recitabantur,
656 2480 884 2516 quemadmodum
919 2480 948 2508 in

157 2523 278 2551 Oriente.

193 2569 306 2597 Diaconi
324 2571 462 2606 prtrcipm'.
485 2570 538 2600 Eos
562 2571 638 2604 dicit,
656 2572 702 2608 qui
718 2571 799 2608 primi
820 2574 898 2599 erant
919 2571 948 2598 in

158 2615 293 2649 diaconis,
306 2617 380 2644 solos
395 2623 493 2652 praesto
508 2617 592 2646 fuisse
603 2618 695 2647 divino
707 2618 785 2646 altari
797 2627 805 2652 ;
822 2617 949 2645 fortassis

159 2666 249 2690 autem
264 2667 342 2690 erant
355 2663 390 2691 ab
405 2663 444 2691 eis
458 2664 550 2692 selecti
565 2668 592 2692 et
605 2665 702 2693 secreti
717 2672 767 2700 pro
781 2664 843 2692 vita:
854 2663 944 2700 digni-

158 2711 225 2737 tate.

193 2753 296 2791 “Et
319 2756 346 2783 in
367 2761 501 2791 aspectum
523 2756 606 2785 ducit.
628 2756 657 2786 ld
679 2761 722 2786 est
744 2756 900 2785 manifestat
913 2764 944 2785 ea

999 2250 1076 2278 ϐολον
1093 2250 1269 2287 προελέγετοι
1278 2250 1295 2286 ἦ
1305 2249 1404 2286 μᾶλλον
1418 2250 1486 2286 ὅπερ
1499 2250 1560 2277 τότε
1574 2250 1784 2286 παρελάμῦανον

1000 2297 1114 2334 μάθημα
1129 2298 1176 2324 καὶ
1189 2297 1360 2333 συμμάθημα
1374 2297 1424 2333 τῆς
1437 2298 1564 2329 πίστεως.

1035 2388 1096 2416 Τῶν·
1111 2387 1196 2423 ἱερῶν
1211 2387 1342 2423 πτυχῶν.
1361 2383 1425 2414 Ὧδε
1450 2388 1481 2415 οὐ
1501 2388 1597 2425 πρῶτα
1611 2387 1647 2415 τὰ
1667 2387 1783 2423 δίπτυχα

999 2436 1063 2471 παρ’
1089 2435 1174 2470 ἡμῖν,
1202 2434 1248 2461 ἐπὶ
1267 2433 1296 2461 δὲ
1325 2433 1373 2460 τοῦ
1382 2434 1489 2470 Πατρὺς
1514 2433 1609 2461 τούτου
1639 2433 1708 2469 μετὰ
1738 2433 1783 2460 τὸν

997 2481 1141 2520 ἀσπασμὸν
1155 2480 1190 2508 τὰ
1201 2481 1318 2518 δίπτυχα
1337 2481 1454 2516 ἐλέγετο,
1470 2480 1564 2517 ὥσπερ
1586 2480 1633 2509 καὶ
1651 2481 1680 2507 ὲν
1703 2481 1782 2507 ’Δνα-

997 2527 1071 2564 τολῇ.

1034 2575 1067 2601 οι
1082 2573 1141 2600 τῶν
1155 2573 1334 2609 λειτουργῶν
1348 2573 1556 2608 ἕκκριτοι.,’¹οτι
1570 2573 1594 2599 οι
1614 2571 1716 2608 πρῶτοι
1728 2572 1783 2599 τῶν

997 2619 1128 2648 διακόνων
1143 2619 1218 2655 μόνοι
1239 2619 1419 2655 παρίστανται
1438 2619 1477 2656 τῷ
1499 2618 1696 2654 θυσιαστηρίῳ’
1711 2618 1782 2654 τάχα

997 2666 1026 2693 δὲ
1039 2666 1087 2694 καὶ
1101 2667 1126 2694 οἱ
1142 2666 1171 2694 ὲν
1187 2666 1237 2703 βίῳ
1251 2666 1353 2694 τούτων
1368 2665 1496 2703 ἔκκριτοι.

997 2756 1053 2784 Καὶ
1072 2757 1123 2784 ὑπ’
1136 2756 1208 2790 ὄψιν
1231 2755 1304 2790 ἄγει.
1322 2754 1450 2782 Τουτέστι
1470 2753 1612 2789 σαφηνίζει
1632 2752 1667 2781 τὰ
1679 2752 1781 2790 ὑμνού-

630 2824 748 2854 VARUE
765 2824 957 2855 LECTIONES
977 2823 1020 2852 ET
1040 2821 1314 2854 CORRECTIONES.

216 2903 240 2919 “
266 2903 433 2941 τελεσθῆναν.
