1925 3060
118 154 170 182 ιπτ

477 149 506 178 S.
524 148 647 177 MAXIIII
666 147 814 177 SCHOLIA
830 148 862 176 IN
879 147 943 176 LIB.
964 148 1008 176 DE
1024 148 1163 178 ECCLES.
1183 148 1368 178 IIIERARCII.

1689 150 1739 178 158

119 219 210 250 μενα·-
220 206 285 243 οἷον,
297 208 338 237 ὅτι
352 208 411 235 τόδε
427 208 476 235 καὶ
490 207 549 234 τόδε
563 207 691 243 Χριστοῦο
703 207 751 233 καὶ
764 207 822 233 τόδε
837 207 904 242 Χρι-

962 215 1013 242 [uae
1027 207 1134 235 laudata
1147 212 1210 236 sunt
1220 227 1227 240 ,
1244 208 1318 235 velut
1340 207 1392 234 hoc
1405 210 1432 235 et
1448 205 1515 234 illud
1528 205 1630 234 Christi
1644 210 1696 239 est.
1712 214 1740 236 et

119 258 192 286 στοῦ.
221 256 409 284 Ὑποδείκνυσι
436 255 465 282 δὲ
487 255 535 281 καὶ
555 254 605 285 τὰς
627 254 673 280 ἐπὶ
699 253 804 285 τούτοις
830 253 904 285 θείας

116 301 291 341 δωρεὰς,οἷον
303 324 310 336 ,
327 303 368 329 ὅτι
383 303 423 334 εἰς
439 302 534 336 ἄφεσιν
546 300 702 337 ἁμαρτιῶν,
716 301 763 327 καὶ
777 301 816 332 είς
832 299 905 335 ζωὴν

117 351 241 382 αἰώνων,
265 350 312 376 καὶ
336 349 386 375 ὅσα
399 347 512 374 τοιαῦτα
530 347 658 382 μυστικά..
672 346 749 381 Τάχα
770 346 799 373 δὲ
811 345 842 372 τὸ
859 345 904 372 ὑπ’

116 396 177 432 δψιν
195 396 275 423 τοῦτο
289 395 425 430 σημαίνει,
443 394 481 425 ὼς
494 393 554 420 τότε
573 392 837 428 ἀποκαλυπτομένων
851 391 905 418 τῶν

117 442 203 476 ἁγίων
222 441 331 478 δώρων,
350 440 418 476 μετὰ
437 439 487 471 τὰς
507 438 590 474 εὐχὰς
601 459 608 471 ,
627 438 760 474 μενόντων
778 438 807 464 δὲ
823 446 906 464 κεκα-

118 488 279 524 λυμμένων,
298 487 350 519 ἕως
375 486 472 522 καιροῦ
502 484 728 521 μεταλήψεως·ῆ
762 484 832 518 τάχα
859 483 905 510 τὸν

118 534 268 568 κουφισμὸν
295 533 342 560 καὶ
364 533 409 568 τὴν
432 532 535 567 ὔψωσιν
552 531 602 566 τῆς
627 531 691 566 μιᾶς
711 530 834 564 εὐλογίας
857 529 904 556 τοῦ

119 580 191 606 θείου
211 579 293 615 ἄρτου
314 579 405 614 φησὶν,
418 578 448 605 ὃν
464 578 526 613 ὑψοῖ
540 577 554 603 ὁ
572 577 671 613 ἰερεὺς,
685 576 782 610 λέγων,
798 575 833 602 τὰ
841 575 906 609 ἅγια

117 628 174 658 τοῖς
189 626 289 660 ἀγίοις’
307 626 375 661 ὅπερ
391 625 438 651 καὶ
455 624 554 660 μᾶλλόν
568 625 642 650 ἐστιν
658 622 771 657 ἀληθὲς,
787 622 825 653 ὡς
842 621 906 656 περὶ

117 673 149 699 τὸ
163 672 239 704 τέλος
254 671 301 699 τοῦ
317 671 464 706 κεφαλαίου
484 671 611 706 εὑρήσεις
624 669 777 705 εἰρημένον.

154 759 198 786 111.
216 758 230 794 §
245 759 266 785 I.
290 758 344 791 Τὰς
362 757 481 789 εἰκόνας
493 756 528 783 ἐν
543 755 634 787 τάξει.
659 754 771 786 Εἰκόνας
795 753 905 781 ἐκάλεσε

117 806 172 833 τῶν
186 805 292 840 ἀληθῶν
308 804 341 831 τὰ
355 804 402 831 νῦν
417 803 565 838 τελούμενα
579 803 607 829 ὲν
625 802 658 837 τῇ
675 800 792 832 συνάξει.

159 852 207 884 Ὧς
222 850 293 878 οὐδὲ
317 850 376 876 τῶν
399 849 568 885 συμϐόλων.
585 848 644 874 Ὀτι
669 846 790 882 σύμϐολα
808 845 903 879 ταῦτα,

119 899 166 926 καὶ
181 899 230 924 οὑκ
243 897 362 933 ἀλήθεια.

154 946 189 972 Αἰ
201 945 260 980 μὲν
275 944 328 979 mp
343 942 502 978 ἱερώταται.
519 941 551 968 Τί
565 942 590 968 οἱ
604 939 716 975 ψαλμοὶ,
734 939 780 966 καὶ
793 937 827 964 τὰ
841 938 905 965 ἀνα-

119 992 276 1028 γνώσματα.

154 1040 206 1072 Εἰς
218 1037 350 1073 μνήμην.
369 1037 429 1063 ’Ὁτι
447 1034 515 1071 μετὰ
536 1033 568 1060 τὺ
588 1033 693 1060 δεῖπνον
710 1031 799 1058 λαϐὼν
814 1030 904 1066 ἄρτον,

119 1085 166 1112 καὶ
176 1084 210 1111 τὰ
225 1083 288 1119 ἑξῆς
297 1092 303 1099 ·
320 1084 366 1110 καὶ
379 1083 420 1109 am
435 1082 449 1108 ό
462 1080 574 1110 θάνατος
587 1078 669 1106 αι’)τοῦ
683 1077 904 1112 καταγγέλλεται,

119 1131 198 1166 ἄχρις
218 1128 248 1158 οὗ
270 1129 345 1166 ἔλθῃ,
362 1127 433 1156 κατὰ
447 1127 493 1154 τὸν
517 1125 677 1153 Ἀπόστολον
693 1125 739 1151 καὶ
758 1123 838 1150 αὑτὸν
861 1122 906 1149 τὸν

119 1176 221 1212 Κύριον
250 1175 406 1211 φάσκοντα·
433 1172 522 1200 Τοῦτο
552 1171 660 1198 ποιεῖτε
683 1171 725 1203 εἰς
753 1169 810 1204 τὴν
830 1168 907 1204 ἐμὴν

118 1221 301 1257 ἀνάμνησιν,
318 1221 364 1248 καὶ
387 1219 421 1247 τὰ
444 1218 516 1253 ἑξῆς.
534 1217 590 1244 Καὶ
614 1215 814 1252 σημείωσαιότι
830 1214 906 1249 ἀρχι-

119 1268 252 1304 σύμϐολον
267 1267 318 1302 ἔφη
332 1266 363 1293 τὸ
378 1265 506 1302 μυστικὸν
526 1263 572 1290 τοῦ
596 1262 698 1298 Κυρίου
721 1262 837 1292 δεῖπνον,
852 1260 906 1287 τῶν

118 1314 166 1342 νῦν
182 1314 263 1341 θείων
278 1312 448 1349 μυστηρίων
465 1320 512 1338 και
525 1311 566 1337 ὃτι
580 1310 625 1337 τὸν
636 1308 752 1341 ἀναξίως
770 1307 907 1343 μεταλαμ-

118 1360 233 1388 6άνοντα
247 1359 296 1386 τοῦ
314 1359 397 1395 ἄρτου
414 1357 518 1385 καὶτοῦ
535 1356 676 1392 ποτηρίου,
695 1355 770 1382 οὐδὲν
791 1355 808 1389 ὴ
824 1353 906 1389 μετά-

117 1406 199 1442 ληψις
207 1404 317 1440 ὠφελεῖ,
333 1405 430 1440 μᾶλλον
445 1404 495 1440 μὲν
509 1401 556 1430 οὖν
566 1403 614 1430 καὶ
635 1403 674 1434 εἰς
689 1402 775 1437 κρῖμα
790 1399 872 1426 αὑτοῦ
884 1399 904 1414 ¹¹

117 1452 242 1487 λήψεται,
255 1450 325 1477 κατὰ
343 1450 389 1476 τὸν
409 1448 577 1476 Ἀπόστολον.
604 1447 650 1474 Ἐκ
669 1447 698 1473 δὲ
719 1447 773 1472 τῶν
788 1445 850 1481 ἑξῆς
863 1445 907 1471 εὑ-

117 1495 204 1530 λόγως
220 1495 252 1522 ἄν
266 1503 307 1526 τις
322 1493 400 1529 φαίη⁷
423 1494 463 1520 ὅτι
481 1492 549 1528 μετὰ
564 1492 595 1518 τὸ
610 1491 726 1523 ἐξελθεῖν
740 1491 785 1517 τὸν
808 1489 906 1516 Ἰούδαν

955 254 1008 282 hoc
1022 258 1103 289 atque
1113 253 1180 281 illud
1194 253 1306 282 Christi.
1316 253 1441 282 Ostendit
1454 256 1545 281 autem
1554 253 1636 280 etiam
1647 253 1740 282 divina

955 301 1025 328 dona
1044 305 1070 328 et
1091 308 1214 332 munera,
1237 305 1266 328 ut
1285 308 1316 328 ea
1341 301 1432 328 valere
1451 299 1484 327 ad
1500 304 1672 335 peccatorum
1697 307 1740 328 re-

955 347 1112 374 missionem
1127 351 1154 374 et
1167 347 1230 374 vita:
1239 351 1346 374 acterna;
1360 346 1542 382 adeptionem,
1555 353 1670 380 quaeque
1685 346 1740 374 sint

955 392 1070 428 mystica
1085 393 1207 427 ejusdem
1223 393 1339 428 generis.
1356 393 1425 420 Illud
1448 396 1549 424 autem,
1567 393 1654 421 oculis
1669 393 1738 428 obji-

955 438 1003 471 cit,
1028 437 1143 466 fortasse
1169 438 1220 466 hoc
1241 439 1362 466 declarat
1388 443 1444 466 tum
1467 439 1573 474 aperire
1597 439 1739 474 detegique

956 488 1051 512 sancta
1077 484 1148 511 dona
1174 488 1235 519 post
1256 492 1364 519 preces,
1391 492 1500 512 manere
1522 489 1611 512 autem
1633 485 1740 513 ohtrcta

956 538 1042 565 usque
1058 530 1091 557 ad
1106 534 1213 565 tempus
1228 530 1445 563 communionis;
1469 534 1516 558 aut
1538 530 1652 558 forsitan
1667 531 1740 558 leva-

956 576 1057 604 tionem
1072 577 1318 611 exaltationemque
1339 577 1421 604 unius
1445 577 1642 605 benedictionis
1653 577 1739 604 divini

955 622 1034 656 panis
1058 622 1200 657 intelligit,
1225 630 1305 658 quem
1325 622 1432 650 extollit
1457 622 1596 654 sacerdos.
1621 623 1738 650 dicens:

957 667 1057 694 Sancta
1069 668 1170 696 sanctis
1185 678 1191 696 :
1206 668 1233 696 id
1247 668 1319 703 quod
1337 671 1379 696 est
1398 668 1499 700 verius.
1511 668 1740 703 quemadmodum

956 711 983 737 in
1000 711 1052 739 ﬁne
1069 712 1167 747 capitis
1181 712 1283 740 dictum
1303 712 1434 740 invenies.

990 755 1034 783 111.
1053 757 1066 793 §
1081 757 1101 784 I.
1118 757 1231 792 Figura;
1245 758 1272 784 in
1289 757 1389 785 ordine.
1416 757 1531 793 Figuras
1544 765 1671 786 verorum
1690 766 1739 786 vo-

956 802 1027 829 cavit
1042 810 1074 830 ea
1088 811 1148 838 quae
1159 811 1231 830 nunc
1243 803 1420 838 perﬁciuntur
1432 803 1461 830 in
1473 804 1580 839 synaxi.

992 847 1034 875 Ne
1056 848 1244 883 symbolarum.
1261 848 1342 884 Signa
1357 850 1414 877 haec
1433 857 1504 882 esse,
1520 858 1575 878 non
1588 851 1738 879 veritatem.

989 936 1027 964 Ac
1049 937 1231 965 sacratissima
1255 937 1368 972 quidem.
1392 937 1462 971 Quid
1476 937 1573 974 psalmi
1595 942 1622 967 et
1647 939 1742 967 lectio-

954 991 1014 1011 nes.

990 1029 1024 1057 1η
1043 1029 1207 1057 memoriam.
1225 1029 1304 1062 Quod
1327 1033 1390 1065 post
1412 1038 1517 1058 caenam
1540 1031 1677 1066 accipiens
1694 1038 1742 1066 pa-

954 1083 1027 1108 nem,
1043 1079 1070 1104 et
1081 1083 1141 1111 quae
1155 1080 1316 1111 sequuntur,
1330 1076 1456 1111 quodque
1470 1084 1545 1104 mors
1559 1077 1617 1112 ejus
1634 1084 1741 1104 annun—

955 1122 1039 1149 tiatur
1052 1121 1139 1149 donec
1153 1121 1254 1154 veniat,
1271 1123 1420 1149 secundum
1435 1121 1595 1158 Apostolum
1610 1126 1637 1151 et
1651 1123 1740 1158 ipsum

956 1168 1098 1196 Dominum
1112 1168 1246 1196 dicentem
1260 1178 1266 1196 :
1281 1167 1338 1196 Hoc
1354 1169 1433 1204 facile
1448 1169 1475 1196 in
1491 1177 1575 1197 meam
1585 1178 1741 1197 commemo-

955 1214 1085 1241 rationem
1111 1213 1142 1247 i,
1168 1217 1194 1241 et
1216 1222 1276 1249 quae
1299 1218 1460 1250 sequuntur.
1483 1214 1551 1242 Nota
1575 1215 1656 1242 etiam
1678 1223 1741 1243 eum

955 1259 1058 1287 dixisse
1073 1259 1189 1294 primum
1207 1259 1362 1287 divinorum
1386 1260 1579 1296 mysteriorum
1594 1269 1653 1296 qua:
1666 1269 1740 1289 nunc

956 1309 1020 1334 sunt
1045 1306 1164 1341 signum,
1190 1306 1332 1342 mysticam
1353 1305 1460 1334 Domini
1476 1315 1598 1340 coenam;
1617 1311 1698 1342 atque
1714 1308 1741 1335 ei

955 1352 1002 1387 qui
1018 1352 1127 1387 indigne
1142 1359 1238 1387 panem
1252 1356 1279 1380 et
1293 1352 1404 1380 calicem
1427 1353 1509 1387 capit,
1527 1353 1594 1380 nihil
1610 1353 1741 1389 prodesse

955 1399 1148 1435 sumptionem,
1161 1400 1210 1427 sed
1224 1399 1314 1434 potius
1332 1399 1366 1426 ad
1387 1399 1519 1434 judicium
1535 1403 1561 1427 et
1575 1400 1740 1428 condemna—

956 1445 1057 1473 tionem
1065 1446 1107 1473 sui
1117 1445 1215 1480 capiet,
1225 1445 1374 1473 secundum
1384 1445 1544 1481 Apostolum
1558 1446 1582 1473 κ.
1591 1445 1631 1473 Ex
1647 1446 1681 1474 iis
1691 1454 1741 1474 au-

957 1496 1011 1520 tem
1030 1499 1090 1527 qua:
1111 1496 1262 1527 sequuntur
1277 1496 1350 1520 recte
1372 1492 1470 1527 aliquis
1491 1492 1564 1520 dicat
1587 1492 1739 1524 Christum,

118 1541 152 1567 ἐκ
174 1540 221 1566 τοῦ
237 1539 344 1566 δείπνου
361 1538 516 1574 παρέδωκεν
531 1539 545 1565 ὸ
560 1537 677 1573 Χριστὸς
694 1538 750 1568 τοῖς
774 1536 904 1578 μαθηταῖς

962 1541 1100 1574 postquam
1113 1545 1129 1565 a
1143 1545 1221 1565 coena
1236 1537 1319 1566 Iudas
1334 1538 1510 1571 surrexisset,
1527 1538 1670 1574 discipulis
1684 1542 1741 1565 tra-

117 1586 150 1613 τδ
166 1587 323 1622 μυστήριον.

160 1631 343 1666 Ὀμοτρόπως
358 1629 393 1657 τὰ
415 1628 486 1663 ἱερά.
504 1629 556 1656 Τὸν
575 1628 673 1655 Ἰούδαν
689 1629 764 1664 φησί.
785 1629 838 1656 Kal
855 1637 905 1665 ση-

121 1677 247 1714 μείωσαι,
263 1677 302 1703 δτι
318 1676 364 1703 καὶ
378 1675 451 1711 αὐτῷ
468 1675 602 1710 μετέδωκε
618 1674 664 1701 τοῦ
678 1674 808 1709 μυστικοῦ
822 1675 904 1710 ἄρτου

119 1721 167 1747 καὶ
187 1719 234 1746 τοῦ
256 1719 401 1755 ποτηρίου·
423 1718 458 1745 τὰ
485 1718 514 1745 δὲ
536 1719 670 1753 μυστήρια
694 1718 749 1749 τοῖς
773 1718 905 1753 μαθηταῖς

121 1766 190 1802 μετὰ
208 1766 239 1793 τὸ
255 1766 372 1800 ἐξελθεῖν
392 1765 439 1792 τοῦ
460 1765 566 1792 δείπνου
586 1765 631 1791 τὸν
651 1764 765 1796 Ἰούδαν,
781 1765 818 1796 ὼς
857 1764 904 1790 ἀν-

115 1813 190 1846 αξίου
198 1811 300 1839 τούτων
308 1812 384 1843 ὄντος
400 1810 493 1838 αὐτοῦ.

162 1860 210 1892 Ὧς
226 1859 244 1892 ἠ
261 1858 324 1885 καθ’
341 1857 415 1890 ἕξιν.
442 1857 510 1884 Καθ’
529 1856 585 1889 ἕξιν
608 1857 636 1882 ὲν
663 1856 768 1888 τούτοις
792 1857 822 1884 τὸ
845 1859 904 1884 κατ’

120 1904 266 1938 ἐπίγνωσιν
277 1903 360 1939 δηλοῖ,
373 1902 495 1929 τουτέστι
510 1901 540 1928 τὸ
554 1901 712 1934 ἐνδιαθέτως
723 1901 809 1934 οὓτως
823 1902 904 1938 ἔχειν,

120 1950 166 1977 καὶ
179 1950 209 1976 ού
226 1948 295 1976 κατὰ
312 1948 393 1984 μόνην
408 1948 457 1983 τὴν
471 1947 628 1982 σωματικὴν
643 1947 827 1983 προσέλευσιν,
838 1948 905 1975 ἀλλά

120 1996 191 2023 κατὰ
206 1996 254 2031 τὴν
279 1995 328 2030 τῆς
345 1995 463 2025 διανοίας
482 1993 525 2020 διὰ
543 1994 660 2026 πίστεως
684 1995 731 2021 καὶ
755 1994 905 2030 αἰσθήσεως

120 2041 315 2076 πνευματικῆς.

157 2087 171 2122 §
188 2087 219 2114 II.
248 2087 319 2113 Ἀπὸ
340 2085 398 2112 τῶν
412 2084 558 2112 αἰτιατῶν.
579 2086 707 2112 Τουτέστι
730 2086 759 2113 τὸ
774 2087 827 2113 ἀπὸ
851 2086 904 2114 τῶν

119 2132 223 2168 ὁρατῶν
236 2131 412 2166 τελουμένων,
421 2131 467 2157 ἐπὶ
476 2130 508 2157 τὰ
522 2131 624 2166 ἀόρατα
637 2133 682 2158 καὶ
694 2132 822 2166 μυστικὰ,
834 2132 905 2168 ἅπερ

119 2180 174 2205 τῶν
189 2179 216 2204 ὲν
235 2177 358 2213 αἰσθήσει
381 2177 455 2204 αἴτιά
475 2179 527 2204 εἰσι
547 2178 593 2204 καὶ
608 2178 756 2213 ἀρχέτυπα.
780 2178 858 2205 Αίτια
877 2179 904 2205 δὲ

955 1585 1059 1614 didisse
1074 1589 1286 1612 sacramentum.

989 1631 1085 1660 Animo
1111 1630 1233 1658 concordi
1254 1639 1341 1658 sacra.
1358 1629 1456 1658 Iudam
1475 1631 1550 1658 dicit.
1565 1630 1634 1658 Nota
1658 1631 1739 1659 etiam

956 1686 1019 1707 eum
1045 1685 1154 1713 quoque
1181 1685 1197 1704 a
1226 1676 1340 1704 Domino
1363 1677 1523 1712 participem
1549 1677 1651 1706 factum
1678 1685 1740 1705 esse

955 1721 1064 1758 mystici
1094 1721 1172 1756 panis
1199 1726 1226 1748 et
1252 1721 1346 1748 calicis
1372 1730 1379 1748 :
1410 1721 1540 1756 mysteria
1562 1726 1653 1749 autem
1681 1722 1740 1758 sive

956 1772 1126 1796 sacramenta
1139 1767 1202 1794 data
1213 1775 1274 1795 esse
1286 1767 1428 1803 discipulis
1446 1775 1509 1795 cum
1520 1775 1535 1795 a
1549 1775 1627 1796 coena
1640 1767 1737 1801 Iudas,

956 1818 986 1841 ut
1002 1814 1054 1841 illis
1070 1814 1208 1849 indignus.
1225 1814 1398 1842 surrexisset.

993 1859 1026 1887 Ut
1041 1859 1181 1887 secundum
1195 1859 1322 1888 habitum.
1340 1860 1408 1887 Καθ’
1424 1861 1489 1894 ἕξιν,
1503 1861 1530 1888 in
1547 1861 1590 1889 bis
1605 1861 1694 1889 verbis
1706 1869 1740 1889 ex

955 1906 1068 1934 scientia
1087 1906 1219 1939 declarat,
1235 1906 1262 1933 id
1277 1910 1319 1934 est
1333 1908 1424 1934 animo
1435 1908 1472 1935 ita
1489 1907 1584 1936 allecto
1598 1912 1624 1936 et
1636 1908 1740 1936 consti-

955 1956 1013 1980 tuto
1027 1960 1098 1984 esse,
1114 1960 1146 1980 ac
1161 1961 1214 1980 non
1229 1953 1287 1981 solo
1306 1954 1428 1988 corporis
1450 1961 1573 1987 accessu,
1594 1954 1642 1982 sed
1656 1955 1738 1983 etiam

955 1997 1054 2024 mentis
1072 2005 1120 2032 per
1132 1997 1212 2025 ﬁdem
1225 2000 1252 2024 ct
1264 2005 1373 2025 sensum
1386 1998 1546 2034 spiritalem.

991 2082 1053 2119 §II.
1086 2083 1125 2111 Ab
1153 2084 1262 2119 effectis.
1292 2083 1321 2111 Id
1348 2089 1390 2112 est
1417 2085 1450 2112 ab
1470 2086 1504 2114 iis
1520 2094 1580 2121 quae
1593 2086 1735 2114 visibiliter

954 2134 1130 2168 peraguntur,
1146 2131 1178 2157 ad
1194 2139 1226 2158 ea
1241 2138 1300 2166 quae
1318 2137 1372 2158 non
1384 2130 1519 2164 videntur,
1533 2136 1560 2160 et
1569 2133 1603 2160 ad
1614 2133 1737 2168 mystica,

955 2185 1015 2212 qua;
1030 2185 1118 2205 causa:
1133 2181 1197 2205 sunt
1210 2181 1236 2205 et
1247 2177 1411 2212 exemplaria
1425 2185 1518 2205 eorum
1535 2186 1595 2213 quae
1611 2179 1663 2206 sub
1675 2186 1738 2206 sen—

120 2224 242 2258 λέγονται
265 2223 298 2249 τὰ
327 2221 457 2258 ἑτέρωθεν
481 2223 511 2248 τὸ
532 2223 654 2249 ὁπωσοῦν
667 2221 799 2259 εἶναιτὴν
815 2225 904 2250 αἰτίαν

962 2232 1015 2252 sum
1029 2224 1138 2252 cadunt.
1154 2223 1250 2251 Causae
1264 2228 1354 2251 autem
1367 2223 1496 2251 dicuntur
1512 2232 1543 2252 ea
1556 2232 1616 2260 qum
1629 2225 1738 2253 aliunde

121 2270 230 2304 ἔχοντα·
246 2269 262 2304 ἦ
280 2269 332 2296 ἀπὸ
350 2269 403 2295 τῶν
417 2269 544 2295 αἰτιατῶν
566 2270 605 2300 εἰς
620 2268 654 2295 τὰ
669 2269 752 2302 αἴτια,
767 2269 904 2296 τουτέστιν

121 2315 176 2342 ἀπὸ
188 2315 242 2342 τῶν
254 2314 388 2350 αἰσθητῶν
404 2314 544 2350 συμϐόλων
554 2314 599 2341 ἐπὶ
614 2315 646 2341 τὰ
657 2315 737 2351 νοητὰ
753 2316 800 2342 καὶ
813 2315 902 2351 νοερὰ·

120 2362 213 2397 ἡγουν,
227 2361 281 2387 ἀπὸ
290 2361 343 2387 τῶν
359 2360 539 2396 ἀτελεστέρων
553 2362 592 2392 εἰς
604 2360 638 2387 τὰ
654 2360 805 2397 τελειότερα
815 2369 822 2376 ·
838 2359 904 2392 οἷον,

121 2406 175 2432 ἀπὸ
189 2406 242 2432 τῶν
258 2405 349 2432 τύπων
365 2406 410 2432 ἐπὶ
425 2405 473 2441 τὴν
489 2405 595 2431 εἰκόνα·
614 2407 660 2432 καὶ
676 2406 729 2432 ἀπὸ
745 2406 844 2441 ταύτης
859 2407 904 2433 ἐπὶ

120 2452 170 2488 τὴν
185 2451 320 2488 ἀλήθειαν.
334 2451 401 2478 Σκιὰ
415 2451 468 2487 γὰρ
487 2450 521 2477 τὰ
543 2452 592 2486 τῆς
615 2452 749 2484 Παλαιᾶς·
771 2453 852 2479 εἰκὼν
875 2453 903 2480 δὲ

120 2499 155 2525 τὰ
169 2498 218 2533 τῆς
234 2498 305 2530 Νέας
320 2498 470 2534 Διαθήκηςι
487 2497 598 2534 ἀλήθεια
611 2497 640 2525 δὲ
656 2499 672 2535 ὴ
687 2499 739 2526 τῶν
754 2500 904 2535 μελλόντων

121 2544 297 2576 κατάστασις.

155 2632 237 2667 mira
257 2633 314 2667 τὴν
336 2631 426 2667 ἱεράν.
454 2632 535 2666 Κᾷτιι
550 2632 751 2668 παροξυτόνως·
770 2634 846 2669 δηλοί
876 2635 903 2662 δὲ

120 2679 161 2711 τὸ,
170 2680 217 2706 καὶ
231 2680 291 2706 τότε
299 2680 319 2707 ‘.

160 2736 248 2765 iLuc.
262 2745 330 2770 xxii,
342 2737 386 2765 I9.
404 2735 510 2766 liICor.
529 2736 622 2768 xu,29.

957 2270 1066 2301 habent,
1080 2274 1109 2296 ut
1120 2277 1229 2304 quoquo
1249 2269 1329 2297 modo
1341 2276 1423 2296 causa
1436 2269 1506 2302 sint;
1523 2274 1569 2297 aut
1586 2271 1619 2297 ab
1635 2271 1737 2300 cﬁ‘ectis

958 2316 991 2343 ad
1005 2322 1114 2347 causas,
1129 2315 1155 2343 id
1168 2319 1210 2343 est
1231 2323 1245 2342 a
1267 2315 1351 2350 signis
1364 2322 1424 2349 qua:
1440 2323 1537 2342 sensus
1550 2315 1603 2351 65
1619 2322 1736 2350 movent,

957 2362 990 2389 ad
1004 2369 1035 2390 ea
1048 2369 1108 2397 qum
1124 2366 1212 2389 mente
1227 2361 1494 2396 comprehenduntur
1507 2366 1534 2389 et
1550 2366 1613 2389 sunt
1627 2363 1738 2398 spirita-

955 2409 1010 2436 lia:
1025 2409 1082 2436 sive
1097 2408 1130 2435 ab
1144 2408 1177 2435 iis
1198 2415 1258 2443 quae
1274 2407 1363 2436 minus
1378 2406 1497 2442 perfecta
1518 2413 1591 2440 sunt,
1603 2409 1636 2436 ad
1650 2409 1737 2444 perfe~

956 2453 1042 2480 ctiora
1056 2462 1062 2480 :
1077 2453 1149 2480 velut
1160 2461 1174 2480 a
1192 2452 1284 2488 ﬁguris
1295 2452 1329 2480 ad
1344 2453 1486 2489 imaginem
1501 2457 1528 2481 et
1541 2454 1575 2481 ab
1586 2454 1636 2481 hac
1648 2453 1681 2481 ad
1692 2463 1737 2482 ve-

956 2499 1072 2527 ritatem.
1088 2498 1188 2526 Umbra
1202 2499 1275 2526 enim
1290 2502 1354 2526 sunt
1367 2507 1398 2526 ea
1413 2507 1474 2534 qum
1488 2503 1552 2527 sunt
1565 2498 1670 2528 Vneris
1684 2499 1734 2527 Te-

955 2545 1099 2578 stamenti;
1113 2546 1210 2580 imago,
1227 2552 1259 2573 ea
1270 2553 1330 2581 quae
1343 2544 1428 2579 Novi;
1443 2546 1560 2578 veritas,
1582 2549 1670 2574 status
1691 2553 1735 2573 re—

955 2599 1014 2618 rum
1036 2591 1198 2618 futurarum.

990 2637 1055 2664 Tum
1070 2645 1158 2664 sacra.
1174 2635 1251 2673 Κᾷτα
1271 2642 1382 2665 accentu
1399 2638 1427 2665 in
1441 2638 1590 2673 penultima
1607 2647 1614 2665 ε
1630 2637 1733 2673 signiﬁ-

954 2687 998 2709 cat
1007 2691 1071 2710 vero
1090 2684 1147 2710 haec
1161 2683 1254 2714 dictio.
1271 2686 1351 2713 etiam
1364 2690 1434 2715 tunc.

553 2784 666 2812 VARle
695 2783 885 2812 LECTIONES
901 2784 944 2812 ET
963 2785 1205 2814 CORRECTIONE
1213 2786 1241 2814 S.

155 2839 174 2855 “
189 2839 287 2876 ἑαυτῷ.

154 2883 261 2917 ‘Quoad
276 2886 467 2922 signiﬁcatum,
481 2888 551 2916 idem
560 2888 630 2916 valet
639 2887 712 2924 quod
724 2887 770 2914 καὶ
779 2887 854 2922 τότε,
867 2895 902 2923 qu

967 2895 1030 2916 vero
1049 2888 1172 2924 ﬁguram,
1183 2888 1292 2923 ponitur
1303 2895 1352 2923 pro
1366 2887 1412 2915 καὶ
1420 2885 1489 2921 ιῖτα,
1505 2891 1529 2914 ct
1539 2892 1608 2915 tunc.
1629 2887 1729 2916 DBAGII.

205 2931 337 2963 PATROL.
354 2934 412 2964 Gn.
431 2934 484 2964 IV.

1611 2933 1630 2965 ὃ
