1925 3060
186 147 238 176 159

556 149 727 178 APPENDIX
743 148 789 176 AD
805 147 920 176 OPERA
938 149 966 177 S.
986 147 1135 176 DlONYSll
1161 148 1403 178 AREOPAGIT/E.

1759 154 1808 181 “0

219 207 232 243 ᾗ
247 206 291 235 lll.
312 206 534 235 Simulacrorum.
554 209 638 244 Signa
654 210 763 245 quidem
783 209 860 240 dicit.
875 216 960 237 eorun

1057 208 1071 244 ᾗ
1087 209 1132 235 Ill.
1157 208 1217 235 Τῶν
1234 208 1416 243 ἀγαλμάτων.
1439 207 1595 244 Ἀγάλματα
1611 209 1660 244 μέν
1680 218 1746 246 φησι
1762 211 1808 244 τὰς

181 261 242 289 quae
253 261 307 281 non
319 254 446 281 videntur
464 258 491 282 et
501 255 677 291 mysticorum
689 256 831 291 imagines,
845 255 872 282 id
888 259 972 283 estea

181 308 242 336 quae
256 308 305 336 per
318 301 397 336 signa
407 301 600 336 perficiuntur.
619 302 741 329 Primum
753 306 844 330 autem
861 302 970 336 horum,

181 348 291 383 synaxis
304 353 512 380 sacramentum,
527 349 636 376 vocavit
649 359 655 376 :
672 356 687 376 a
699 357 754 384 quo
766 349 792 376 id
804 349 876 384 quod
891 349 973 378 intel-

182 392 318 429 ligendum
330 398 383 427 est,
398 396 455 423 sive
467 395 492 422 id
505 395 578 431 quod
598 396 827 431 contemplatione
845 396 971 424 declara-

181 445 237 473 tur,
247 441 350 468 nudum
362 441 539 476 promittitur.

217 486 273 514 Illa
287 488 366 521 enim,
386 496 443 523 qua:
458 489 558 516 cunctis
575 489 719 516 antecellit.
734 488 804 517 Ecce
815 497 899 518 unum
915 497 972 518 mo-

181 533 246 561 dum
262 534 502 569 contemplationis
516 535 659 569 praesentis
671 535 780 570 capitis.

216 579 278 607 Non
293 584 379 608 castra.
398 580 467 608 Nota
493 585 596 614 autem,
609 581 736 609 essentiae
755 586 855 609 statum
872 582 970 610 immo-

180 626 262 654 bilem
280 634 351 659 esse,
371 630 399 654 et
423 625 471 653 Dei
493 626 607 662 ﬁguram
622 634 683 655 esse
701 628 868 663 episcopum.
888 628 968 661 Nota,

180 673 213 700 ad
234 676 290 700 tres
308 672 403 700 modos
432 680 465 700 ea
495 680 556 707 quae
579 672 613 700 de
637 673 815 702 incendendis
839 674 968 702 odoribus

179 719 318 750 dicuntur,
335 718 422 754 redigi
443 722 526 754 atque
548 719 688 753 revocari;
711 720 832 755 pontifex
848 721 919 748 enim
935 723 969 748 ab

180 765 262 792 altari
286 764 392 799 incipit,
405 772 486 792 omne
509 765 640 800 templum
665 766 760 799 ambit,
780 769 807 793 et
821 766 920 794 iterum
934 767 968 795 ad

179 811 266 847 ipsum
278 811 362 838 altare
373 811 562 839 constituitur.

213 857 353 885 Similiter.
367 856 443 885 Alius
454 858 562 886 modus.

1024 255 1131 286 εἰκόνας
1141 254 1194 281 τῶν
1209 254 1333 290 ἀοράτων
1347 255 1394 281 καὶ
1407 254 1556 290 μυστικῶν,
1570 255 1653 290 ἤγουν
1663 255 1697 282 τὰ
1711 258 1810 292 συμΰο·

1023 301 1286 336 λικῶς-τελούμενα*
1304 301 1412 337 πρῶτον
1433 302 1462 328 δὲ
1484 301 1586 328 τούτων
1596 302 1628 328 τὸ
1641 302 1696 336 τῆς
1715 304 1809 331 συνά-

1023 348 1096 382 ξεως
1103 348 1269 382 μυστήριον
1276 348 1444 375 ἀπεκάλεσεν
1454 356 1461 363 ·
1467 345 1572 380 οὗτινος
1579 348 1609 374 τὺ
1614 349 1718 384 νοητὸν,
1727 349 1809 385 ἥγουν

1021 395 1052 422 τὸ
1074 394 1144 422 κατὰ
1163 394 1280 431 θεωρίαν
1293 394 1468 430 δηλούμενον,
1486 394 1660 430 ἀπογυμνοῦν
1677 395 1809 431 ἐπαγγέλ-

1022 441 1106 468 λεται.

1058 487 1128 515 Ἦτε
1137 489 1192 522 γὰρ
1206 487 1282 522 ὑπὲρ
1294 487 1402 515 πάντα.
1426 487 1490 514 Ἰδοὺ
1509 485 1552 519 εἷς
1567 488 1667 524 τρόπος
1680 488 1730 524 τῆς
1743 488 1808 516 θεω-

1022 533 1085 570 ρίας
1097 533 1145 560 τοῦ
1159 534 1340 570 προκειμένου
1355 534 1377 550 ¹¹
1395 534 1553 568 κεφαλαίου.

1057 580 1118 606 Οὐκ
1131 579 1189 612 ἔξω
1204 579 1269 614 τῆς.
1285 579 1442 614 Σημείωσαι
1460 579 1509 615 τὴν
1528 581 1589 607 κατ’
1602 581 1696 609 οὐσίαν
1715 582 1808 619 ἀκίνη-

1019 633 1065 652 τον
1080 625 1185 658 στάσιν,
1200 625 1248 652 καὶ
1261 625 1301 652 ὅτι
1316 625 1383 652 Θεοῦ
1400 625 1484 659 τύπος
1494 626 1675 659 ὁὲπίσκοπος.
1691 628 1807 663 Σημείω-

1021 679 1076 703 σαι,
1094 671 1134 698 ὅτι
1154 670 1225 697 κατὰ
1237 672 1311 706 τρεῖς
1324 671 1444 706 τρόπους
1467 672 1599 706 ἀνάγεται
1614 671 1649 699 τὰ
1670 673 1734 709 περὶ
1760 673 1806 701 τοῦ

1019 717 1133 753 θυμιᾷν·
1146 717 1200 744 ἀπὸ
1217 716 1265 744 τοῦ
1285 717 1477 753 θυσιαστηρίου
1492 718 1642 754 ἀρχόμενον
1655 719 1701 745 τὸν
1716 719 1806 755 ίιράρ-

1018 772 1079 799 χην,
1096 763 1143 790 καὶ
1158 763 1246 790 πάντα
1261 763 1306 790 τὸν
1320 763 1383 790 ναὸν
1400 763 1575 799 περιελθόντα
1592 765 1632 796 είς
1647 764 1712 791 αὐτὸ
1727 765 1806 793 πάλιν

1018 808 1263 835 ἀποκαθίστασθαι.

1059 854 1218 887 Ὡσαύτως.
1234 853 1340 889 Τρόπος
1352 854 1454 891 ἕτερος.

213 901 280 929 Pari
305 901 394 934 modo,
423 901 538 941 divinus.
561 901 671 929 Tertius
697 902 794 930 modus
820 903 960 938 proposita

1053 901 1175 934 Τρόπον,
1190 901 1207 926 ό
1222 900 1308 933 θεῖος.
1325 901 1431 937 Τρόπος
1444 901 1534 937 τρίτος
1552 901 1602 937 τῆς
1622 903 1804 938 προκειμένης

177 948 428 983 contemplationis,
444 948 582 983 quomodo
606 953 633 975 et
653 948 680 976 in
700 948 830 984 episcopo
860 950 895 977 ab
911 958 965 977 uno

177 994 388 1029 multiplicatur,
413 993 444 1020 ab
466 993 638 1029 inferioribus
660 1002 718 1021 vero
737 994 848 1022 detineri
862 995 965 1030 nequit;

176 1039 230 1067 hoc
241 1043 293 1074 est,
307 1048 362 1067 non
375 1040 582 1067 communicans
596 1040 788 1068 deterioribus.

212 1085 226 1121 §
240 1085 285 1113 1V.
306 1085 392 1112 Porro
407 1086 582 1120 psalmorum.
595 1086 665 1119 Quid
677 1087 784 1121 psalmi.
799 1086 868 1114 Nota
883 1087 963 1115 etiam

178 1132 230 1159 hoc
258 1132 371 1160 verbum
403 1133 623 1168 συνουσιωμένη,
656 1133 884 1161 εοηδιιὺειαηιίαια
915 1142 963 1162 seu

175 1179 332 1207 necessaria
348 1188 355 1206 :
369 1178 417 1206 sed
442 1179 472 1205 τὺ
489 1179 589 1214 σχεδόν,
606 1179 671 1213 fere,
697 1179 841 1214 adjunxit;
875 1188 964 1216 neque

175 1225 247 1252 enim
261 1224 318 1252 haec
330 1224 401 1252 inter
411 1232 441 1252 se
454 1232 522 1252 nexa
532 1231 558 1253 et
567 1225 662 1260 juncta
671 1229 735 1253 sunt
746 1233 794 1261 per
802 1227 961 1261 essentiam;

175 1269 224 1297 sed
246 1269 298 1297 hoc
328 1269 399 1305 ipso,
429 1270 503 1305 quod
517 1271 609 1297 omnia
630 1271 663 1298 ad
686 1279 771 1298 unum
794 1271 874 1299 linem
901 1280 964 1308 per-

175 1315 272 1349 tinent,
291 1315 318 1343 id
338 1319 381 1343 est
397 1315 433 1343 ad
455 1315 595 1343 hominum
611 1317 738 1350 salutem,
752 1317 820 1344 dixit
834 1317 887 1344 hoc
901 1325 963 1345 ver-

175 1362 238 1389 bum
254 1362 456 1398 συνουσιωμένη
474 1370 481 1388 :
502 1362 616 1397 ideoque
630 1363 723 1391 statim
740 1363 794 1398 fere
809 1363 961 1399 subjunxit,

173 1407 315 1442 corrigens
340 1408 486 1435 verborum
509 1409 717 1443 repugnantiam
740 1418 746 1436 :
768 1409 848 1444 paulo
871 1412 961 1436 autem

175 1452 244 1480 infra
256 1452 312 1486 ait,
326 1461 408 1480 unam
423 1453 628 1488 inspirationem
638 1474 645 1486 ,
662 1454 689 1481 id
701 1458 742 1482 est
757 1462 838 1482 unam
851 1455 961 1490 conspi-

173 1499 318 1532 rationem,
343 1499 416 1534 quod
442 1499 563 1527 declarat
590 1507 676 1527 unum
706 1499 787 1528 linem
817 1507 879 1528 esse
902 1508 961 1529 om-

171 1553 260 1573 mum.

172 1636 237 1664 leris
253 1635 421 1664 Testamenti
435 1636 526 1665 brevis
541 1641 568 1665 et
584 1645 632 1672 per
645 1641 822 1665 transennam
840 1645 961 1667 comme-

172 1682 299 1709 moratio.

208 1727 346 1762 Tristium,
363 1729 409 1757 Gr.
431 1729 486 1756 τῶν
504 1728 651 1756 ἀνιώντων.
676 1729 828 1757 Tristitiam
843 1734 870 1758 et
884 1730 959 1758 dolo-

171 1781 228 1801 rem
245 1774 426 1806 atl‘erentium,
445 1779 475 1801 ut
488 1775 515 1802 in
529 1774 590 1802 Job.

205 1820 332 1848 Amorum
342 1821 457 1848 cantica.
479 1821 515 1849 De
527 1829 620 1849 amore
635 1822 822 1851 Canticorum.

204 1909 257 1936 Aut
271 1909 369 1937 uiriles.
391 1909 461 1938 Hinc
475 1910 602 1938 similiter
618 1910 686 1939 Novi
699 1911 867 1941 Testamenti
882 1921 958 1942 sum-

167 1963 240 1983 mam
253 1955 368 1983 inducit.

202 2001 312 2029 Dilecti.
334 2001 472 2035 Arbitror,
497 2002 573 2030 illum
594 2003 709 2033 Joannis
736 2005 855 2041 theologi
883 2007 956 2040 Apo-

167 2048 299 2083 calypsim
318 2048 410 2076 dicere
423 2068 430 2080 ,
448 2052 495 2076 aut
505 2049 564 2084 ejus
580 2049 771 2086 Evangelium;
787 2052 859 2088 quod
873 2052 955 2080 etiam

168 2101 270 2122 venus.

201 2139 272 2174 §v.

167 2186 260 2214 traxit.

204 2233 260 2269 66
282 2233 439 2262 Divinarum
467 2239 564 2263 autem.
582 2235 688 2271 Scopus
713 2237 880 2271 psalmorum
900 2241 953 2270 est,

168 2277 267 2313 inquit,
287 2278 372 2306 Deum
392 2280 514 2312 laudare,
537 2288 569 2308 ac
584 2288 664 2308 veros
679 2281 739 2316 ejus
755 2281 882 2316 famulos,
906 2283 952 2318 qui

169 2324 265 2359 psalmi
279 2324 471 2360 bancjubendi
484 2329 511 2354 et
526 2327 683 2354 continendi
695 2327 795 2355 habent
803 2329 856 2356 Vim
865 2337 871 2354 :
880 2337 951 2364 quae,

169 2370 266 2405 inquit,
283 2372 438 2399 necessario
450 2372 476 2399 in
491 2364 620 2401 omnibus
636 2373 680 2405 iis,
691 2382 752 2409 qua:
764 2375 952 2403 ecclesiastico

169 2425 243 2445 more
257 2418 446 2452 perﬁciuntur,
469 2420 612 2455 accipitur,
633 2420 757 2447 stabilem
778 2429 872 2448 eorum
891 2430 952 2457 quae

168 2468 305 2491 canuntur
316 2466 486 2498 memoriam,
498 2466 526 2493 in
541 2466 576 2494 iis
591 2467 637 2501 qui
650 2471 753 2494 canunt
768 2467 896 2496 elﬁciens.

341 2140 503 2179 Conjunzit,
567 2141 616 2170 Gr.
654 2143 845 2180 συνερῤίςωσε.
883 2143 956 2172 Con-

202 2551 313 2579 Divinas
344 2553 523 2586 aperationes,
548 2552 596 2582 Gr.
625 2553 777 2590 θεουργίας.
814 2552 952 2589 Magnitu-

167 2598 254 2626 dines.

166 2636 171 2643 ’
202 2643 406 2679 Divinarum/uc
431 2645 587 2673 carminum.
611 2644 681 2673 Nota
715 2649 813 2673 cantus
832 2645 952 2680 psalmo-

1019 946 1144 982 θεωρίας,
1159 946 1218 978 πῶς
1232 947 1279 974 καὶ
1294 948 1341 973 ὲπὶ
1356 947 1403 974 τοῦ
1417 948 1565 975 ἐπισκόπου
1584 948 1638 975 ἀπὸ
1655 949 1676 964 ²³
1690 949 1737 976 τοῦ
1747 950 1804 981 ἑνὸς

1016 991 1190 1028 πληθύνεται,
1214 992 1277 1025 τοῖς
1299 992 1335 1019 δὲ
1363 993 1488 1027 ἥττοσιν
1507 993 1712 1029 ἀκατάσχετός
1726 995 1803 1026 ἐστι,

1015 1038 1136 1065 τουτέστι
1152 1038 1189 1074 μὴ
1198 1037 1341 1065 ὲπικοινῶν
1357 1038 1379 1054 ’⁵
1393 1040 1448 1070 τοῖς
1458 1039 1585 1074 χείροσιν.

1050 1083 1063 1119 §
1077 1074 1121 1110 iV.
1143 1083 1177 1111 Ἠ
1193 1083 1226 1110 δὲ
1241 1083 1301 1111 τῶν
1310 1083 1448 1119 ψαλμῶν.
1464 1085 1496 1110 Τί
1510 1085 1534 1110 οἱ
1549 1084 1659 1120 ψαλμοί.
1680 1085 1735 1112 Καὶ
1752 1094 1800 1120 ση-

1016 1130 1130 1165 μείωσαι
1138 1130 1168 1157 τὺ
1177 1130 1418 1165 συνουσιωμένη·
1426 1130 1493 1157 ἀλλὰ
1505 1131 1536 1157 τὸ
1547 1131 1568 1146 ¹⁵
1584 1131 1696 1165 σχεδὸν
1704 1132 1802 1167 προσέ-

1014 1176 1096 1212 θηκεν
1107 1185 1114 1191 ’
1132 1177 1163 1203 οὐ
1177 1176 1231 1212 γὰρ
1250 1176 1374 1212 ἀλλήλοις
1394 1177 1497 1213 ἥνωται
1515 1178 1602 1205 ταῦτα
1620 1180 1678 1205 κατ’
1697 1179 1800 1210 οὐσίαν,

1013 1223 1080 1250 ἀλλὰ
1096 1223 1135 1258 τῷ
1150 1223 1218 1259 πρὸς
1233 1223 1281 1250 ἕνα
1298 1224 1398 1250 σκοπὸν
1413 1222 1448 1249 τὰ
1461 1223 1550 1250 πάντα
1565 1225 1709 1258 συντελεῖν,
1724 1233 1803 1252 τουτ-

1014 1268 1087 1295 έστιν
1095 1269 1134 1300 εἰς
1147 1267 1196 1304 τὴν
1210 1268 1262 1295 τῶν
1272 1267 1421 1304 ἀνθρώπων
1434 1270 1581 1306 σωτηρίαν,
1592 1270 1644 1306 ἔφη
1652 1270 1682 1297 τὺ
1691 1279 1802 1298 συνου-

1013 1314 1159 1350 σιωμένηθ
1177 1314 1238 1341 ὅθεν
1259 1315 1340 1347 εὐθὺς
1355 1316 1482 1351 ἀπήγαγε
1496 1317 1527 1342 τὸ
1538 1316 1660 1350 σχεδὸν,
1680 1317 1801 1349 κολάζων

1012 1361 1061 1397 τὴν
1079 1361 1134 1388 ἀπὺ
1155 1361 1205 1397 τῆς
1214 1361 1312 1393 λέξεως
1325 1363 1491 1390 ἐναντίωσιν.
1517 1363 1672 1399 Κατωτέρω
1694 1364 1722 1390 δὲ
1736 1364 1800 1399 μίαν

1011 1405 1159 1441 ἔμπνευσεν
1185 1414 1261 1441 φησι,
1287 1407 1409 1433 τουτέστι
1434 1407 1498 1443 μίαν
1520 1408 1681 1444 σύμπνοιαν,
1696 1408 1710 1434 ὃ
1727 1409 1800 1446 δηλοί

1011 1451 1052 1485 τὸ,
1063 1450 1111 1478 ἕνα
1121 1452 1228 1479 πάντων
1243 1449 1312 1479 εἶναι
1327 1453 1438 1480 σκοπόν.

208 1590 301 1618 Omnis
328 1599 440 1626 namque
465 1599 560 1619 sacrit.
593 1591 722 1620 Omnium
749 1591 882 1619 librorum
909 1591 960 1621 γε

1046 1584 1134 1612 Πᾶσα
1153 1585 1212 1620 μὲν
1231 1586 1287 1621 γὰρ
1312 1585 1384 1621 ἱερά.
1400 1586 1462 1614 Τῶν
1480 1587 1530 1623 τῆς
1552 1588 1672 1621 Παλαιᾶς
1687 1589 1796 1624 βιϐλίων

1011 1631 1071 1656 κατ’
1087 1630 1237 1668 ἐπιδρομὴν
1250 1632 1405 1668 ἐπίμνησις.

1049 1714 1110 1742 Τῶν
1123 1715 1283 1745 ἀνιώντων.
1300 1717 1475 1754 Δυπούντων,
1491 1719 1529 1753 ὡς
1542 1720 1588 1747 ἐπὶ
1603 1720 1650 1747 τοῦ
1671 1720 1740 1748 Ἰὼϐ.

1045 1817 1177 1852 Ἐρώτων
1201 1818 1330 1855 ᾄσματα.
1354 1821 1422 1857 Περὶ
1442 1820 1488 1848 τοῦ
1511 1821 1612 1858 ἔρωτος
1632 1822 1686 1850 τῶν
1706 1823 1796 1859 ᾀσμά-

1009 1871 1063 1890 των
1077 1864 1107 1890 ’⁵.

1044 1910 1083 1936 Ἦ
1101 1910 1154 1944 τὰς
1173 1911 1325 1946 ἁνδρικάς.
1347 1911 1485 1940 Ἐντεῦθεν
1509 1913 1609 1949 ὁμοίως
1630 1914 1665 1941 τὰ
1684 1915 1756 1948 Νέας
1773 1916 1794 1932 ¹⁷

1008 1955 1122 1990 εἰσάγει.

1050 2001 1210 2036 Ἀγαπητοῦ
1238 2002 1298 2030 καί.
1328 2003 1441 2040 Νομίζω
1467 2005 1506 2037 ὡς
1531 2005 1582 2042 τὴν
1611 2005 1794 2043 Ἀποκάλυψιν

1006 2046 1053 2073 τοῦ
1069 2047 1139 2074 θείου
1153 2048 1278 2075 Ἰωάννου
1292 2048 1376 2084 δηλοῖ,
1393 2050 1409 2087 ἢ
1424 2051 1454 2078 τὸ
1473 2051 1639 2087 ΕὐαΠέλιον
1662 2053 1756 2088 αὑτοῦ,
1779 2054 1794 2080 ὂ

1006 2093 1053 2119 καλ¹
1069 2093 1177 2128 μᾶλλον.

1041 2136 1055 2171 §
1068 2136 1100 2164 ν.
1115 2138 1326 2173 Συνερῤίζωσε.
1341 2141 1526 2169 Συνείλκυσεν.

1047 2237 1082 2264 Ἡ
1096 2237 1136 2270 ¹δὲ
1161 2238 1220 2264 τῶν
1239 2239 1335 2266 θείων.
1361 2239 1391 2266 '0
1410 2241 1509 2272 σκοπδς
1522 2241 1576 2268 τῶν
1592 2241 1705 2278 ψαλμῶν
1722 2244 1792 2278 ἐστι,

1007 2283 1084 2318 φησὶ,
1105 2283 1136 2309 τὸ
1155 2283 1274 2319 ὑμνῆσαι
1293 2285 1357 2311 Θεόν
1371 2294 1401 2312 τε
1421 2287 1467 2313 καὶ
1487 2288 1550 2319 τοὺς
1567 2289 1650 2315 αὐτοῦ
1664 2291 1794 2326 γνησίους

1006 2328 1183 2365 θεράποντας,
1203 2330 1422 2369 ὐπαγορευτικὴν
1442 2334 1495 2360 τῶν
1508 2334 1636 2362 τοιούτων
1652 2337 1699 2362 καὶ
1714 2344 1793 2373 περι-

1005 2374 1115 2410 εκτικὴν
1131 2375 1246 2411 ὲχὸντων
1255 2376 1384 2413 δύναμινο
1400 2380 1470 2415 ἥτις,
1486 2380 1577 2416 φησὶν,
1592 2381 1746 2415 ἀναγκαίως
1763 2384 1794 2410 ὲν

1005 2420 1072 2446 πᾶσι
1083 2422 1138 2452 τοῖς
1149 2421 1292 2457 ίερατικῶς
1300 2424 1469 2460 τελουμένοις
1479 2425 1731 2462 παραλαμϐάνεται,
1743 2428 1794 2463 ἔμ-

1007 2474 1086 2501 μονον
1102 2467 1151 2502 τὴν
1164 2467 1218 2494 τῶν
1232 2467 1346 2504 ψαλμῶν
1362 2471 1470 2507 μνήμην
1487 2472 1638 2508 ἐμποιοῦσα
1651 2476 1707 2509 ¹τοῖς
1720 2474 1787 2510 ψάλ-

1005 2511 1090 2539 λουσι.

1041 2553 1210 2594 Θεουργίας.
1221 2561 1451 2599 Μεγαλειότητας.

1037 2647 1093 2675 Kal
1112 2648 1152 2683 τῇ
1164 2648 1224 2676 τῶν
1238 2651 1325 2678 θείων
1340 2652 1432 2686 ᾠδῶν.
1454 2653 1620 2690 Σημείωσαι,
1639 2656 1681 2683 ὅτι
1694 2657 1724 2684 τὸ
1737 2657 1791 2694 τῆς

668 2758 784 2786 VARle
804 2759 995 2788 LECTIONES
1011 2759 1055 2788 ET
1072 2760 1347 2793 CORRECTIONES.

170 2891 188 2902 ﬂ
199 2857 447 2907 ¹¹ιττροειρημένουῆ
469 2860 495 2907 ξ’
511 2859 568 2907 πῶς
583 2859 630 2886 καὶ
643 2861 660 2907 vi
671 2861 820 2907 ὲπὶσᾶοπος
916 2902 922 2907 ¹
934 2862 957 2907 ¹ξ
970 2863 1016 2907 ἐπὶ
1032 2865 1181 2893 κοινωνῶν.
1195 2899 1198 2903 ⁴
1216 2866 1239 2883 ¹⁵
1254 2866 1300 2894 καὶ
1315 2867 1366 2896 ὅτι.
1401 2868 1423 2884 ⁸⁸
1437 2868 1559 2905 ᾅσματος
1570 2869 1624 2898 τῶν
1640 2869 1785 2907 ᾀσμάτων.

179 2894 272 2921 11ηιίιὶ
285 2894 382 2923 cantio.
428 2896 447 2912 "
464 2894 613 2930 Legendum
626 2895 661 2922 τὰ
671 2896 720 2931 τῆς
727 2895 809 2930 Νέας,
824 2897 923 2925 scilicet
937 2899 960 2924 Δ]

1023 2907 1084 2934 κης.
