1914 3063
147 156 197 184 Ml

509 155 537 184 S.
554 155 678 184 MAXIM
695 155 842 185 SCBOLIA
860 155 896 185 IN
920 155 984 184 LIB.
1002 155 1047 184 DE
1065 155 1206 186 ECCLES.
1225 156 1412 186 HlERARCH.

1715 163 1767 190 ΜΞ

146 214 303 251 ψαλμῳδίας
322 214 466 251 σύμφωνον
488 215 677 252 ὁμοφροσύνης
698 216 747 250 τῆς
771 215 840 252 πρὸς
864 214 929 242 Θεὸν

997 221 1042 240 um
1064 219 1237 247 concentum,
1263 215 1416 243 concordia:
1435 223 1497 244 cum
1518 216 1573 245 Deo
1602 225 1634 246 ac
1660 226 1766 253 secum,

145 262 193 289 καὶ
206 263 321 293 ἑαυτοὺς
335 261 452 297 ὑπάρχει
461 262 630 290 διδασκαλία.

180 309 419 343 Συντετμημένα.
449 310 509 337 ’Ὁτι
538 310 572 337 τὰ
606 310 828 346 συντετμημένα,
852 318 932 337 τουτ-

146 355 204 383 έστι
216 356 251 382 τά
267 356 370 392 ἀσαφῆ,
386 357 431 384 διὰ
439 357 492 384 τῶν
505 357 718 393 ἐπιτελουμένων
728 357 869 393 συμϐόλων
882 366 930 384 σα-

147 402 302 438 φηνίζεται·
321 403 400 429 τοῦτο
422 402 476 439 γὰρ
492 403 567 438 δηλοῖ
584 403 615 430 τὸ
628 404 791 438 εὐρύνεται.
810 404 932 440 Σημειω-

148 457 193 475 σαι
211 449 250 480 δὲ,
262 449 302 475 ὃτι
315 449 349 476 τά
367 449 602 485 συνεσκιασμένως
616 450 644 476 ὲν
658 451 714 482 τοῖς
727 450 843 486 ψαλμοῖς
857 450 933 485 λεγό-

149 503 227 530 μενα,
238 494 282 521 διὰ
292 496 341 531 τῆς
349 495 402 522 τῶν
412 495 528 531 Γραφῶν
538 495 726 531 ἀναγνώσεως,
739 496 932 532 σαφηνίζεσθαι

147 541 221 576 λέγει
239 542 253 568 ὁ
267 542 373 577 Πατήρ.

190 589 240 615 Ἐν
253 588 382 621 ταύταις.
408 588 452 615 Ἐν
467 588 578 619 ταύταις
592 588 656 624 γὰρ,
673 590 734 620 ταῖς
751 589 872 625 Γραςοαϊς
884 590 929 626 δη-

146 636 244 669 λονότι,
261 637 276 662 ὸ
298 635 420 671 ἀκριϐῶς
440 636 551 671 ἐνορῶν,
575 635 714 671 γινώσκει,
737 637 778 664 ὅτι
798 636 827 663 ἓν
843 637 933 664 καὶτὸ

147 682 215 710 αὐτὸ
223 681 336 718 Πνεῦμα
350 681 441 713 πάσας
455 681 580 717 ἐλάλησε.

184 728 382 763 Κηρύσσεται.
409 727 453 760 Ὠς
467 728 650 764 σαφηνίζουσα
663 728 695 755 δι’
705 729 808 765 ἑαυτῆς
815 729 863 765 τὴν
877 730 933 758 Πα-

147 773 237 800 λαιάν.

190 820 225 847 Ἦ
237 820 296 855 μὲν
310 821 367 856 ἔφη
387 821 449 854 τάς.
480 821 525 853 Ὠς
537 822 554 856 ἡ
571 821 631 857 μὲν,
647 822 664 857 ή
679 821 787 849 Παλαιὰ
800 822 932 859 Διαθήκη,

148 865 245 901 ἔφη’ή
259 865 287 893 δὲ
307 866 364 893 Νέα
391 866 507 893 ἐτέλεσε.

187 951 244 986 Τῆς
254 953 416 988 θεολογίας.
433 954 599 989 Σημείωσαι,
609 954 650 981 ὅτι
662 954 712 991 τὴν
727 954 847 982 Παλαιὰν
861 955 932 991 Γρα-

150 997 204 1033 φὴν
220 998 356 1032 θεολογίαν
370 998 447 1026 καλεῖ
455 1008 462 1014 ·
473 1000 523 1035 τὴν
537 999 565 1026 δὲ
574 1000 677 1036 Καινὴν
687 1000 839 1036 θεουργίαν.

184 1089 257 1126 ενι.
279 1090 415 1116 Καθόλου
427 1089 495 1116 τῶν.
512 1090 544 1116 Οἱ
564 1089 677 1116 καθόλου
698 1090 864 1126 άκατήχητοι
886 1090 933 1116 καὶ

148 1137 259 1172 ἀνήκοοι
273 1135 374 1163 τούτων
386 1137 476 1172 μεῖναι
491 1135 612 1171 ἑλόμενοι
626 1135 770 1167 ἑκουσίως,

187 1225 244 1260 Τῆς
257 1225 454 1260 θεοτενεσιας.
470 1224 599 1251 Τουτέστι
616 1223 664 1251 τοῦ
684 1223 761 1257 ἁγίου
778 1222 932 1258 βαπτίσμα-

148 1281 204 1304 τος.

187 1319 258 1351 Τοὺς
272 1317 306 1344 δὲ
325 1317 576 1352 κατηχουμένους.
599 1316 667 1351 Περὶ
686 1315 740 1342 τῶν
763 1315 932 1351 κατηχουμέ·

148 1374 212 1397 νων,
223 1364 270 1391 καὶ
285 1364 499 1400 ἐνεργουμένων,
525 1363 572 1390 καὶ
587 1363 616 1389 ὲν
637 1361 766 1398 μετανοίᾳ
780 1361 873 1396 ὄντων,
886 1361 934 1389 καὶ

147 1411 230 1438 τίνων
247 1410 414 1447 μετέχουσιν.

191 1458 221 1484 Ἠ
232 1457 290 1492 μὲν
302 1457 358 1484 οὖν
371 1456 495 1492 ἐσχάτη.
509 1457 570 1483 Ὅτι
587 1457 612 1483 οἱ
629 1455 837 1492 κατηχούμενοι,
852 1454 934 1490 ἔσχα-

148 1503 190 1530 τοι
200 1505 278 1531 εἰσιν.

193 1550 366 1585 ’Λμέθεκτοι.
391 1549 541 1585 ’Δμέτοχοι.

184 1597 386 1632 Μαιευόμενοι.
411 1595 646 1631 ’Δναγεννώμενοι.

192 1643 412 1679 Ἀμϐλωθριδια.
430 1643 608 1678 Νεκροτόκια.

192 1690 321 1724 Ἀνιερος
346 1689 404 1724 μὲν
429 1689 479 1716 καὶ
502 1688 588 1722 αὐτή.
611 1688 790 1721 ’Δτελειωτος.
812 1688 935 1724 Σημειω·

150 1745 207 1769 σαι,
219 1736 260 1763 ΰτι
270 1738 327 1768 τοῖς
340 1735 545 1771 ὲνεργουμένοις
562 1735 724 1772 κατατάττει
740 1735 788 1761 καὶ
803 1736 865 1767 τοὺς
877 1730 935 1768 τοῖς

151 1784 316 1819 σωματικοῖς
337 1781 506 1817 θελκτηρίοις
533 1781 725 1816 ἀμτανοήτως
746 1781 933 1817 ἐπιμένοντας,

148 1828 206 1859 οἷον
222 1831 285 1862 τοὺς
299 1830 424 1866 πόρνους,
443 1828 506 1860 τοὺς
526 1827 732 1863 φιλοθεάμονάς,
760 1828 807 1855 καὶ
824 1829 887 1860 τοὺς
900 1827 935 1855 τὰ

150 1877 328 1913 παραπλήσια
343 1876 493 1912 μετιόντας,
504 1874 551 1906 οὒς
565 1874 735 1910 ἐξονομάζων
749 1875 762 1900 ὁ
772 1874 843 1907 θεῖος
857 1874 934 1901 Ἀπό-

151 1924 244 1956 στολος
256 1924 391 1959 ἐπιφέρει,
405 1923 444 1958 τῷ
455 1923 568 1959 τοιούτῳ
586 1923 652 1959 μηδὲ
667 1922 826 1949 συνεσθίειν.
842 1921 934 1949 Ταῦτα

151 1970 199 1996 καὶ
221 1970 250 1996 ιν
268 1970 326 2001 τοῖς
345 1968 409 2004 ἑξῆς
429 1968 528 2004 μᾶλλον
548 1970 649 2005 τρανοῐ.
680 1968 777 1994 Ἰστέον
798 1968 836 2000 δὲ,
856 1968 898 1994 ὅτι
916 1969 932 2003 ἡ

151 2015 277 2050 ἀκρίϐεια
287 2014 356 2050 αὕτη
369 2014 415 2041 νῦν
432 2015 480 2050 τῆς
493 2014 547 2041 τῶν
559 2013 686 2041 τοιούτων
699 2013 838 2048 διαστολῆς
848 2022 878 2040 τε
887 2013 934 2040 καὶ

149 2061 316 2093 διαστάσεως
329 2061 361 2088 οὐ
373 2061 486 2095 γίνεται.

192 2194 224 2221 '0
252 2193 384 2227 τοιςῢτός
410 2202 490 2222 ποτε.
518 2194 683 2231 Σημειωσαι,
700 2194 741 2220 ὅτι
763 2194 778 2219 ὁ
791 2191 850 2228 Θεῷ
863 2194 934 2228 ἡνω-

152 2239 232 2275 μένος
252 2240 303 2266 οὐκ
324 2239 536 2276 ἐνεργηθήσεται
559 2240 611 2267 ὑπὸ
633 2239 788 2275 ἀκαθάρτου
813 2239 934 2274 πνεύμα-

152 2291 199 2310 τος
215 2284 249 2309 η.

184 2293 412 2365 ἱΕ’νιιγεσεινάτην-
430 2330 590 2366 ἐνέργειαν.
607 2331 666 2358 Ὀτι
682 2331 752 2366 ὑπὲρ
770 2331 833 2362 τοὺς
849 2338 933 2358 κατα-

138 2388 141 2390 ·
154 2376 300 2408 πίπτοντας
313 2377 475 2412 δαιμονῶσιν
489 2378 513 2404 οὶ
527 2377 662 2411 ἀσελγεῖς.

190 2465 228 2493 Τὰ
238 2465 296 2500 μὲν
310 2465 412 2498 ὅντως.
433 2466 495 2492 Ὀτι
515 2466 550 2493 τὰ
573 2465 657 2497 ὅντως
677 2466 742 2493 ὄντα
765 2465 815 2498 τὰς
834 2467 935 2502 ἀρετὰς

201 2519 233 2537 ει.

263 2556 429 2590 πρόσυλον.
449 2556 558 2592 Ἐπειδὴ
572 2557 644 2593 καὶὴ
655 2557 705 2592 ὕλῃ
717 2555 879 2589 πολυπαθῖὺς
888 2557 935 2584 άλ-

142 2602 159 2628 λ
165 2601 280 2631 οιοῦται.

193 2648 244 2675 Ἐν
263 2648 326 2681 τοῖς
350 2649 528 2683 ἀλλοτρίοις.
551 2650 717 2686 Σημείωσαι,
740 2650 780 2676 ὅτι
809 2649 936 2686 άλλὰτρια

153 2693 230 2730 ἡμῶν
243 2695 301 2721 ἐστι
318 2695 352 2721 τὰ
366 2695 434 2731 πρὸς
451 2696 602 2731 ἁμαρτίαν·
620 2696 650 2723 οὐ
665 2696 719 2732 γὰρ
742 2696 842 2731 φυσικὴ
857 2695 935 2731 ἡμῶν
956 2718 960 2722 .

151 2740 226 2766 ἐστιν
239 2741 256 2775 ὴ
274 2740 406 2776 ἁμαρτία,
420 2741 477 2768 ἀλλ’
489 2742 505 2777 ἡ
517 2742 556 2773 εἰς
566 2743 620 2768 πᾶν
634 2741 713 2777 ἔργον
727 2742 827 2776 ἀγαθὸν
838 2742 934 2777 ἐπιτη-

190 2806 302 2835 llCor.
319 2815 346 2841 ν,
361 2808 405 2836 Η.
442 2815 462 2829 ιι
475 2808 497 2836 ll
509 2808 572 2838 Cor.
588 2817 626 2842 Ix,
645 2810 671 2837 8.

981 267 1043 287 esse
1059 260 1242 296 disciplinam.

1017 305 1059 333 Ea
1072 315 1131 342 quae
1145 308 1251 334 concisa
1269 312 1341 337 sunt.
1356 308 1434 341 Quod
1448 316 1479 336 ea
1491 317 1552 345 quae
1567 311 1678 339 concisa
1692 318 1767 343 sunt,

982 351 1035 379 hoc
1052 356 1094 380 est
1108 352 1229 380 obscura
1245 353 1332 389 signis
1350 362 1410 389 qum
1426 355 1614 389 perﬁciuntur,
1630 357 1765 393 explican-

981 401 1037 426 tur.
1064 398 1122 425 lloc
1148 399 1221 427 enim
1246 399 1367 428 declarat
1388 401 1500 428 verbum
1520 402 1587 430 illud
1606 403 1766 431 dilatantur.

981 442 1052 471 Nota
1080 451 1164 478 vero,
1195 445 1268 480 quod
1304 445 1384 473 Pater
1411 446 1484 474 dicat
1515 455 1575 482 qua:
1607 449 1768 477 adumbratc

982 489 1011 517 in
1028 490 1141 525 psalmis
1159 490 1297 524 dicuntur,
1315 490 1518 527 Scripturarum
1538 494 1654 523 lectione
1673 496 1767 532 expla-

983 543 1054 564 nari.

1019 582 1052 610 In
1077 583 1129 611 his.
1157 583 1186 611 In
1207 584 1251 612 his
1265 584 1348 617 enim,
1371 583 1521 621 Scripturis
1542 587 1658 620 scilicet,
1678 587 1702 616 is
1720 589 1767 623 qui

983 629 1084 657 acriter
1094 630 1192 665 aspicit
1205 630 1331 666 intelligit
1344 639 1428 658 unum
1442 633 1621 668 eumdemque
1631 633 1763 669 Spiritum

985 681 1081 702 omnes
1091 675 1206 703 dixisse.

1021 721 1222 758 Promulgatur.
1233 721 1269 751 Ut
1280 730 1330 758 per
1343 731 1373 752 se
1383 722 1468 753 Vetus
1476 725 1635 760 explanam.

1022 811 1068 839 Uti
1090 812 1159 839 illud
1180 813 1243 848 quid
1267 812 1374 842 dixerit.
1395 814 1473 847 Quod
1493 815 1510 850 ἡ
1535 815 1594 850 μέν,
1613 815 1641 843 id
1663 820 1704 844 est
1718 816 1768 846 Ve-

984 862 1029 886 tus
1040 857 1332 893 Testamentum,dixit
1347 869 1354 888 ε
1369 861 1385 896 ἡ
1398 860 1437 893 δέ,
1450 860 1475 888 id
1490 865 1531 888 est
1543 861 1648 890 Novum
1664 867 1764 895 autem.

948 892 970 919 Β
984 904 1099 939 perﬁcit.

1022 949 1179 985 Theologiw.
1189 949 1258 977 Nota
1271 958 1333 979 eum
1343 950 1466 980 Vetefkm
1479 953 1648 989 Scripturam
1663 955 1767 984 theolo-

983 995 1066 1030 giam,
1085 995 1111 1023 id
1124 999 1167 1023 est
1190 995 1237 1024 Dei
1250 1004 1404 1025 sermonem
1416 1006 1532 1027 vocare:
1545 999 1649 1028 Novam
1665 1007 1766 1035 autem,

984 1042 1136 1078 θεουργίαν,
1147 1042 1174 1070 id
1184 1047 1227 1071 est
1237 1043 1284 1071 Dei
1298 1044 1493 1079 Operationem.

1019 1088 1032 1124 §
1048 1087 1090 1116 Vl.
1114 1088 1224 1117 Penitus
1240 1089 1344 1117 horum.
1360 1090 1412 1123 Qui
1429 1091 1552 1124 omnino,
1574 1099 1606 1120 ac
1625 1092 1704 1128 plane
1718 1093 1768 1120 ho-

983 1143 1044 1162 rum
1065 1136 1147 1164 rudes
1171 1143 1293 1170 manere,
1318 1144 1369 1164 nec
1387 1136 1481 1165 audire
1502 1142 1599 1173 sponte
1617 1140 1767 1167 constitue-

984 1185 1057 1208 ruat.

1020 1226 1120 1254 Divina:
1132 1229 1317 1263 generationis.
1329 1228 1387 1257 Hoc
1397 1233 1439 1257 est
1447 1230 1537 1257 sancti
1547 1230 1686 1266 baptismi.

1021 1320 1106 1348 Porro
1116 1321 1323 1349 catechumenos.
1337 1321 1375 1350 De
1385 1322 1600 1354 catechumenis,
1612 1331 1769 1359 energume-

985 1367 1039 1400 nis,
1049 1370 1076 1394 et
1090 1367 1125 1395 iis
1142 1368 1189 1403 qui
1201 1372 1266 1395 sunt
1278 1369 1306 1396 in
1319 1370 1480 1404 pmnitentia
1494 1368 1600 1405 (dicit);
1614 1374 1641 1398 et
1652 1378 1767 1405 quorum

984 1414 1039 1441 sint
1052 1414 1211 1450 participes.

1019 1460 1057 1487 Ac
1071 1465 1217 1495 postremus
1239 1461 1592 1496 quidem..Catecbumenos
1616 1467 1768 1498 postremus

986 1514 1048 1534 esse
1060 1507 1160 1542 (dicit).

1020 1551 1158 1586 Exsortes,
1174 1552 1222 1581 Gr.
1239 1554 1394 1589 ἁμέθεκτοι.
1411 1555 1469 1583 Non
1486 1556 1644 1593 participes.

945 1594 969 1625 (ἒ
1019 1595 1182 1630 Foueantur,
1210 1598 1257 1627 Gr.
1277 1600 1459 1635 μαιευόμενοι.
1474 1600 1583 1629 Renati.

1021 1644 1150 1676 Aborlivi,
1165 1645 1213 1673 Gr.
1230 1645 1426 1682 άμϐλωθρίδια.
1439 1647 1537 1676 Partus
1551 1649 1661 1676 mortui.

1020 1689 1154 1724 Profumu
1178 1690 1282 1726 quidem
1305 1696 1330 1719 et
1356 1692 1408 1725 hic,
1439 1692 1485 1720 Gr.
1511 1694 1617 1729 άνίερος
1646 1694 1696 1730 μὲν
1721 1695 1768 1722 καὶ

984 1735 1064 1772 αὐτή.
1081 1735 1141 1764 Non
1156 1737 1291 1765 initiatus.
1307 1737 1388 1770 Nota,
1403 1746 1466 1766 eum
1483 1739 1511 1766 in
1525 1747 1667 1767 numerum
1678 1749 1769 1769 .ener-

984 1789 1162 1817 gumenorum
1175 1783 1312 1810 ascribere
1321 1783 1401 1811 etiam
1413 1792 1461 1812 eos
1475 1785 1521 1820 qui
1536 1786 1659 1820 corporis
1676 1786 1764 1814 illece.

984 1826 1042 1854 bris
1065 1826 1124 1855 sine
1145 1827 1229 1855 animi
1247 1829 1399 1858 mutatione
1421 1833 1448 1858 et
1463 1831 1622 1866 paenitentia
1639 1835 1767 1859 manente

983 1872 1058 1899 velut
1074 1877 1252 1907 scortatores,
1269 1875 1408 1904 studiosos
1422 1877 1650 1912 spectaculorum,
1672 1881 1699 1905 et
1721 1886 1768 1906 eos

985 1918 1032 1953 qui
1049 1918 1148 1946 similia
1170 1923 1289 1948 tractant
1303 1929 1309 1946 :
1322 1929 1392 1956 quos
1408 1923 1553 1950 nominans
1570 1922 1679 1951 divinus
1696 1922 1769 1959 Apo-

985 1964 1082 1997 stolus,
1102 1965 1223 2000 subiicit,
1236 1974 1298 1993 cum
1309 1967 1444 2001 ejusmodi
1457 1976 1508 1996 nec
1518 1968 1609 1996 cibum
1621 1976 1730 1997 sumere
1744 1967 1765 1998 1.

984 2009 1047 2038 Hmc
1062 2011 1144 2038 etiam
1160 2011 1188 2038 in
1207 2012 1250 2039 his
1269 2020 1330 2047 quae
1345 2018 1508 2048 sequuntur,
1525 2014 1612 2049 magis
1629 2015 1766 2050 explanat.

985 2056 1131 2085 Sciendum
1152 2061 1195 2085 est
1213 2062 1315 2092 autem,
1333 2059 1396 2086 huic
1411 2059 1506 2086 talium
1521 2060 1575 2095 67
1600 2066 1690 2087 rerum
1713 2061 1768 2088 dif-

986 2103 1109 2131 ferentia
1135 2108 1162 2132 et
1183 2104 1334 2138 distantia},
1357 2104 1503 2140 diligentiae
1527 2113 1600 2133 nunc
1628 2114 1684 2133 non
1708 2114 1768 2134 eSSe

985 2149 1085 2177 locum.

1023 2195 1149 2231 Quisquis
1178 2195 1307 2231 ejusmodi
1330 2200 1380 2223 est.
1396 2195 1477 2228 Nota,
1492 2203 1554 2224 eum
1567 2196 1614 2231 qui
1627 2195 1682 2224 Deo
1701 2204 1767 2224 con-

950 2266 971 2293 D
983 2239 1096 2274 junctus
1113 2244 1166 2271 est.
1188 2247 1242 2267 non
1258 2243 1383 2268 vexatum
1402 2240 1436 2267 iri
1453 2240 1487 2268 ab
1498 2240 1637 2269 immundo
1657 2241 1765 2277 spiritu.

1023 2327 1261 2355 Detestabililsima
1281 2328 1437 2355 obsessione.
1451 2327 1521 2356 Nota
1538 2328 1611 2364 quod
1629 2329 1766 2358 libidinesi

988 2381 1071 2408 supra
1090 2380 1138 2400 eos
1154 2373 1201 2408 qui
1224 2373 1252 2400 in
1274 2373 1374 2400 diaboli
1395 2373 1583 2402 obsessionem
1603 2374 1738 2402 incidunt.
1752 2383 1767 2401 ιι

987 2419 1109 2447 daemone
1123 2423 1249 2455 agantur.

1023 2463 1090 2496 Quae
1099 2470 1231 2492 veresunt.
1238 2464 1304 2493 Nota
1312 2464 1383 2500 quod
1390 2471 1423 2492 ea
1430 2471 1558 2500 quaevere
1564 2469 1638 2498 sunt,
1652 2466 1767 2493 virtutes

987 2509 1062 2537 dicit.

1021 2555 1196 2583 Materialem.
1214 2554 1348 2589 Quoniam
1364 2556 1447 2584 etiam
1462 2557 1586 2590 materia,
1603 2557 1687 2587 multa
1697 2558 1767 2594 pati-

985 2606 1041 2634 tur,
1054 2607 1082 2630 et
1101 2606 1292 2630 commutatur.

1022 2648 1055 2675 In
1065 2649 1170 2675 alienis.
1187 2647 1268 2680 Nota,
1284 2651 1397 2683 peccata
1409 2656 1470 2676 esse
1485 2649 1573 2677 aliena
1588 2656 1603 2675 a
1614 2648 1704 2683 nobis;
1719 2655 1767 2674 ne-

984 2703 1038 2729 que
1061 2694 1133 2722 enim
1153 2694 1278 2722 naturale
1296 2698 1338 2722 est
1353 2699 1504 2729 peccatum,
1527 2694 1574 2722 sed
1596 2694 1719 2729 aptitudo
1732 2693 1766 2720 ad

984 2749 1064 2770 omne
1075 2749 1144 2777 opus
1158 2742 1270 2775 bonum,
1286 2742 1437 2770 secundum
1448 2741 1608 2777 Apostolum
1619 2745 1650 2775 ’³,
1661 2743 1688 2768 et
1701 2739 1767 2768 illud

593 2869 710 2898 γΑιιιίΕ
731 2868 922 2898 LECTIONES
938 2867 981 2896 ΕΤ
999 2866 1272 2896 CORRECTIONES.

213 2914 231 2930 ⁵
239 2914 373 2951 δαίμονος.
