1914 3063
154 165 206 193 “5

522 160 693 190 APPENDIX
709 161 755 188 AD
770 160 883 189 OPERA
899 160 928 188 S.
949 159 1097 188 DIONYSII
1112 159 1353 190 AREOPAGITAE.

1718 159 1770 187 iu

154 225 182 253 in
197 223 313 252 Psalmis
329 231 336 250 :
359 221 394 249 Et
409 221 441 249 ab
455 221 549 248 alienis
565 229 643 256 parce
662 228 735 248 servo
758 225 802 247 tuo
822 224 847 246 ιι.
864 218 930 246 Hinc

999 220 1097 256 ειότης,
1124 220 1194 247 κατὰ
1210 220 1255 247 τὸν
1276 219 1444 251 Ἀπόστολον,
1467 217 1567 246 καὶτὸ
1587 219 1616 246 ὲν
1635 218 1767 254 Ψαλμοῖς·

152 271 233 299 etiam
257 269 387 304 intelligis
410 268 438 295 id
452 267 525 303 quod
541 274 556 294 a
570 266 684 294 Domino
696 266 800 294 dictum
816 269 859 293 est
877 275 883 292 ι
905 265 935 292 Si

151 326 211 345 vero
232 316 259 343 in
278 316 363 343 alieno
375 314 465 349 ﬁdeles
482 322 534 341 non
547 313 644 340 inventi
654 313 727 345 estis,
744 317 857 339 vestrum
876 312 934 347 quis

150 363 222 391 nobis
244 362 318 389 dabit
330 361 363 388 °?
376 360 417 388 0b
434 369 548 396 eamque
567 367 678 387 causam
694 359 782 386 aliena
801 358 859 386 haec
880 366 935 385 non

152 407 312 436 exsistentia
321 405 525 434 dicuntur.Non
538 406 610 432 enim
624 409 729 432 natura:
740 408 815 436 sunt,
825 403 872 431 sed
884 404 934 430 ad-

150 453 279 482 ulterina.
293 452 372 479 Actio
389 457 480 479 autem
501 458 561 485 quae
575 450 726 478 secundum
741 454 867 476 naturam
880 453 932 482 est,

151 507 200 527 ens
214 502 272 531 est,
289 501 316 526 et
330 501 423 525 nostra
439 499 491 524 est.
510 497 605 524 Aliter.
621 496 715 523 Aliena
731 495 800 522 dixit
823 503 856 523 ea
875 503 935 531 qua:

151 545 184 572 ad
201 545 333 572 mundum
344 543 488 579 pertinent,
499 543 570 577 quod
586 550 641 568 non
653 541 814 576 cujusquam
826 541 935 576 proprie

151 591 217 624 sint,
242 590 290 618 sed
313 589 348 617 ab
365 589 425 616 aliis
438 588 471 615 ad
488 588 556 616 alios
569 592 710 615 transeant
724 591 750 615 et
765 587 935 615 transferan-

150 641 212 670 tur;
232 639 279 662 aut
293 635 374 663 etiam
389 634 462 670 quod
477 641 533 661 non
548 634 583 661 sit
599 633 688 668 posita
712 633 739 660 in
763 632 805 660 his
825 632 934 668 penitus

150 686 244 710 nostra
255 681 363 709 vivendi
377 681 462 714 ratio,
474 680 521 708 sed
533 680 614 707 aliam
630 680 710 707 vitam
725 682 839 715 spectet,
855 679 934 714 cujus

150 728 232 756 etiam
245 735 326 755 causa
339 727 395 754 nati
407 734 514 755 sumus.

186 773 313 801 Minism'.
341 773 368 800 ld
395 776 457 805 est,
479 780 514 800 ne
544 772 606 806 quis
639 778 733 799 eorum
757 771 803 807 qui
829 771 935 806 agitan-

151 823 196 847 tur
214 828 229 846 a
245 819 378 850 damone,
396 819 462 854 quid
477 817 617 853 patiatur;
632 821 662 844 ut
677 817 806 852 deinceps
820 817 898 844 dicit.

185 866 237 900 Qui
260 865 427 900 pauionibus
453 865 632 900 exagitantur.
654 863 856 891 Demonstratio
877 862 934 890 eiii-

149 919 210 939 cax.

185 956 343 984 Utidemnm
360 956 458 984 divino.
485 954 524 983 De
540 954 638 983 ordine
651 962 758 988 eorum,
775 954 822 990 qui
838 953 933 981 dimit-

150 1007 255 1032 tuntur.

185 1049 237 1082 Qui
267 1048 368 1076 initiati
398 1056 452 1075 non
481 1051 553 1076 sunt.
585 1047 782 1075 Catecbumeni
797 1067 805 1080 ,
836 1045 931 1074 libidi-

149 1094 221 1123 nosi.

185 1140 238 1173 Qui
250 1139 404 1167 terroribus.
418 1139 686 1174 Expressionulnque
698 1138 851 1167 illusiones.

190 1185 252 1213 Pne
267 1186 382 1220 ignavia.
402 1184 484 1217 Nota,
500 1184 572 1212 unde
589 1185 662 1212 dicat
682 1185 789 1220 aliquos
804 1184 898 1213 ﬁdeles
916 1191 932 1212 a

149 1231 321 1259 damonibus
333 1230 440 1266 agitari.

190 1276 301 1308 Habitu,
318 1284 465 1312 umoreque.
482 1275 510 1303 ld
522 1279 564 1303 est
575 1275 674 1312 (quasi)
689 1277 860 1311 paenitentia.

186 1321 301 1349 Omnino
321 1322 418 1351 sancti.
436 1321 543 1350 Fideles
560 1323 607 1357 qui
618 1329 681 1350 cum
695 1322 751 1350 Deo
770 1326 797 1350 et
816 1323 888 1351 inter
902 1330 932 1351 se

150 1369 291 1404 conjuncti
312 1372 388 1396 sunt.
457 1403 461 1406 .

186 1416 317 1444 Generali.
339 1414 498 1443 Generalem
517 1414 587 1442 dixit
601 1415 713 1442 laudum
730 1414 930 1448 recitationem,

150 1466 198 1491 aut
215 1462 288 1499 quod
312 1462 346 1490 ab
363 1462 490 1490 omnibus
509 1461 566 1494 ﬂat,
577 1465 625 1489 aut
640 1461 714 1497 quod
729 1468 778 1497 pro
793 1462 932 1490 universo-

150 1517 210 1536 rum
222 1508 318 1544 gratia.

186 1554 320 1590 Hymnurn
334 1558 422 1581 autem
437 1553 514 1580 hunc.
530 1552 663 1586 Observa,
676 1553 711 1580 ab
719 1560 753 1581 eo
767 1553 929 1589 appellatum

149 1607 210 1628 esse
226 1600 366 1635 hymnum,
385 1599 549 1635 symbolum,
565 1598 776 1634 professionem,
792 1603 819 1626 et
830 1599 929 1634 gratia-

149 1653 210 1672 rum
221 1645 368 1672 actionem.

189 1690 298 1718 Videtur
314 1691 384 1718 em’m
402 1689 476 1717 mihi.
494 1689 533 1717 Ad
546 1697 626 1724 quem
645 1689 724 1718 linem
738 1694 842 1725 spectet
858 1698 929 1725 sym-

149 1737 252 1765 bolum.

185 1781 367 1810 Ssbstanliam
393 1781 506 1817 quidem.
537 1781 595 1809 Hoc
626 1786 670 1809 est
702 1782 852 1809 secundum
875 1782 932 1817 68

148 1826 272 1862 Apostoli
297 1827 460 1854 Sententiam
478 1826 595 1854 dicentis
614 1835 620 1854 :
637 1825 734 1854 Omnia
747 1826 819 1854 enim
836 1831 931 1854 nostra

149 1876 214 1900 sunt
227 1878 250 1900 P.
266 1872 446 1907 Primigenias
460 1876 550 1899 autem
565 1875 720 1899 venustates
743 1872 858 1907 appellat
884 1879 930 1899 eas

148 1926 211 1952 quae
232 1919 260 1945 in
283 1918 375 1945 divina
401 1921 498 1944 natura
513 1915 649 1949 videntur,
676 1923 791 1951 quarum
806 1916 930 1944 homines

148 1970 198 1998 pro
211 1965 305 1997 captu,
325 1965 353 1988 et
367 1961 448 1988 modo
462 1969 512 1988 suo
536 1960 607 1988 Deus
629 1967 678 1995 pro
699 1968 748 1988 sua
765 1961 932 1997 benignitate

148 2008 295 2044 participes
313 2007 394 2040 fecit;
413 2010 460 2033 aut
475 2010 548 2034 certe
561 2006 637 2038 dicit,
650 2006 676 2033 id
687 2006 720 2033 ad
737 2006 817 2042 cujus
834 2007 930 2043 imagi-

148 2062 210 2082 nem
225 2058 252 2082 et
265 2053 471 2081 similitudinem
485 2052 550 2079 facti
567 2056 640 2080 sunt.

184 2100 359 2134 Prwparatia.
371 2098 429 2126 Hoc
442 2103 483 2126 est
496 2098 587 2131 bonis,
599 2106 660 2134 quae
671 2099 750 2127 nobis
764 2101 798 2127 ab
812 2107 845 2128 eo
856 2107 925 2127 com«

148 2151 288 2182 parantur.

183 2191 314 2226 Perfecta.
341 2191 420 2223 Nota,
444 2191 509 2227 quid
534 2192 569 2219 de
588 2191 699 2219 Christo
719 2191 802 2224 dicat,
825 2193 883 2220 sive
897 2193 930 2220 de

985 266 1041 292 Kal
1055 266 1113 294 ἀπὸ
1127 267 1294 300 ἀλλοτρίων
1308 265 1409 300 φεῖσαι
1421 265 1474 292 τοῦ
1492 264 1605 292 δούλου
1621 273 1689 292 σου.
1712 266 1770 292 Ἔν-

985 312 1030 339 θεν
1042 314 1111 344 νοεῖς
1130 312 1178 338 καὶ
1193 312 1224 338 τὸ
1241 312 1384 347 εἰρημένον
1397 310 1474 347 παρὰ
1486 310 1604 346 Κυρίου·
1625 311 1660 338 Et
1680 310 1715 337 δὲ
1736 311 1770 337 ὲν

985 358 1024 390 τῷ
1042 358 1190 391 ἀλλοτρίῳ
1210 357 1311 384 πιστοὶ
1328 358 1384 391 οὺχ
1401 356 1550 391 εὐρέθητε,
1574 355 1607 383 τὸ
1624 357 1707 391 ὑμῶν
1723 357 1770 389 τις

985 403 1055 438 ὑμῖν
1069 403 1174 435 δώσει;
1190 402 1239 429 Διὰ
1257 402 1337 429 τοῦτο
1361 403 1409 429 καὶ
1424 402 1458 429 τὰ
1478 402 1604 438 ἀλλότρια
1618 401 1704 428 ταῦτα
1719 403 1770 429 οὐκ

984 449 1049 477 ὄντα
1062 449 1185 484 λέγεταιο
1205 450 1235 476 οὐ
1249 449 1303 485 γὰρ
1319 449 1368 484 τῆς
1381 449 1487 484 φύσεώς
1502 451 1580 480 εἰσιν,
1599 448 1667 475 ἀλλὰ
1686 448 1769 476 νόθα·

984 496 1014 522 τὸ
1027 495 1056 522 δὲ
1068 495 1138 522 κατὰ
1149 496 1227 531 ιρύσιν
1239 496 1370 532 πράττειν
1383 496 1413 523 ὃν
1427 498 1485 523 sem
1495 496 1542 522 καὶ
1553 496 1695 532 ἡμέτερον.
1705 495 1769 522 ’Λλ-

984 543 1047 575 λωςο
1065 542 1204 578 ’Δλλότρια
1217 542 1267 578 ἔφη
1282 542 1317 569 τὰ
1332 542 1402 569 κατὰ
1418 543 1528 578 κόσμον,
1545 543 1583 574 ὡς
1597 544 1628 569 οὺ
1641 545 1713 574 τινὸς
1724 542 1772 569 ιδι-

985 590 1040 620 κῶς
1053 588 1141 625 [Bia],
1156 589 1213 616 ἀλλ’
1228 589 1257 621 ἐξ
1270 589 1356 616 ἄλλων
1371 590 1411 620 εις
1426 589 1520 621 ἄλλους
1536 589 1738 624 μεταπίπτοντα
1751 589 1768 624 ἢ

985 637 1032 663 καὶ
1043 637 1081 668 ὡς
1090 637 1139 663 οὐκ
1152 635 1234 671 οὔσης
1247 637 1276 662 ὲν
1289 635 1394 667 τούτοις
1408 635 1452 662 διὰ
1462 635 1562 667 παντὸς
1570 635 1619 671 τῆς
1631 635 1770 670 ἡμετέρας

983 683 1130 718 διαγωγῆς,
1147 682 1214 709 ἀλλὰ
1232 682 1300 718 πρὸς
1315 682 1407 718 ἕτερον
1424 682 1480 717 βίον
1498 681 1617 718 ὁρώσης,
1635 680 1677 715 ἐφ’
1689 678 1711 715 ᾧ
1723 681 1770 708 καὶ

984 729 1144 765 γεγόναμεν.
1699 733 1702 734 ⁷

1022 776 1076 803 Τοῦ
1088 776 1268 811 λειτουργοῦ.
1285 775 1423 807 Tauris-ct,
1445 774 1481 810 μή
1493 782 1564 806 τινες
1577 773 1630 800 τῶν
1641 774 1769 809 ἐνεργου-

986 821 1072 856 μένων
1086 820 1245 857 ὲμπαθῶσιν
1259 819 1291 854 ’⁸,
1304 820 1342 851 ὡς
1356 819 1419 854 ἑξῆς
1435 827 1526 854 φησιν.

1025 868 1060 895 Ἡ
1073 867 1132 894 τῶν
1144 866 1288 902 ἐμπαθῶς.
1305 865 1450 898 Ἀπόδειξις
1460 866 1586 901 ἐναργής.

1025 956 1141 992 Ἐπειδὴ
1156 955 1190 983 δὲ
1202 955 1255 984 τοῦ
1270 955 1360 984 θείου.
1375 956 1444 992 Περὶ
1458 955 1509 991 τῆς
1519 955 1622 988 τάξεως
1634 955 1689 983 τῶν
1701 955 1769 983 ἀπο-

983 1004 1127 1040 λυομένων.

1024 1050 1169 1084 Ἀμύητοι.
1184 1049 1215 1076 Ol
1228 1049 1435 1085 κατηχούμενοι,
1449 1049 1473 1075 οἱ
1487 1048 1619 1083 ἀσελγεῖς.

1016 1139 1140 1174 Δείματά
1153 1147 1194 1166 τε.
1216 1137 1410 1166 Ἑκτυπώσεών
1420 1146 1450 1164 τε
1461 1137 1645 1173 χλευάσματα.

1016 1184 1056 1210 Δι’
1064 1184 1236 1218 ἀνανδρίαν.
1248 1184 1413 1220 Σημεῐωσαι,
1426 1183 1507 1210 πόθεν
1519 1183 1600 1218 φησὶν
1615 1182 1666 1209 ὑπὸ
1674 1182 1768 1218 δαιμό-

982 1238 1035 1257 νων
1050 1229 1215 1265 ἐνοχλεῖσθαι
1226 1238 1302 1261 τινας
1316 1229 1370 1256 τῶν
1380 1228 1495 1255 τιιονιῶν.

1019 1274 1101 1308 Ἐξει
1113 1275 1162 1302 καὶ
1173 1275 1267 1309 ἔρωτι.
1279 1275 1367 1302 Οἱονεὶ
1381 1275 1414 1310 τῇ
1434 1274 1571 1310 μετανοίᾳ.

1013 1324 1046 1349 Ol
1062 1323 1204 1357 πανίεροι.
1227 1323 1258 1349 Oi
1275 1322 1376 1355 πιστοὶ,
1396 1321 1443 1348 καὶ
1462 1321 1530 1357 πρὸς
1553 1321 1619 1348 Θεὸν
1639 1321 1767 1356 καὶπρὸς

981 1367 1110 1404 ἀλλήλους
1122 1368 1266 1404 ήνωμένοι.

1016 1414 1057 1450 [α]
1077 1413 1236 1449 Καθολικῇ.
1262 1413 1416 1449 Καθολικὴν
1431 1413 1482 1449 ἔφη
1500 1413 1550 1449 τὴν
1560 1412 1732 1449 ὑμνολογίαν,
1749 1412 1766 1448 ἢ

980 1461 1018 1492 ὼς
1028 1461 1080 1487 ὑπὸ
1095 1460 1203 1487 πάντων
1217 1460 1359 1496 ᾁδομένην,
1379 1459 1396 1496 ἢ
1413 1460 1451 1491 ὼς
1465 1459 1535 1495 ὑπὲρ
1555 1459 1702 1494 καθολικῆς
1717 1460 1767 1495 χά-

982 1516 1055 1543 ριτος
1064 1507 1219 1542 γινομένην.

1017 1553 1057 1589 [β]
1079 1553 1133 1580 Τὸν
1153 1553 1249 1587 ὕμνον
1270 1552 1304 1578 δὲ
1324 1551 1440 1579 τοῦτον.
1468 1552 1635 1587 Σημείωσαι,
1659 1552 1702 1579 ὅτι
1721 1551 1766 1579 τὸν

983 1599 1077 1636 ὕμνον,
1092 1599 1224 1635 σύμῦολον
1234 1600 1281 1625 καὶ
1292 1598 1445 1634 ὁμολογίαν,
1456 1598 1504 1625 καὶ
1517 1598 1690 1634 εὐχαριστίαν
1703 1598 1767 1625 ἐκά-

981 1645 1052 1672 λεσε.

1015 1690 1102 1718 Δοκεῖ
1123 1691 1180 1726 γάρ
1199 1699 1259 1726 μοι.
1290 1691 1362 1726 Πρὸς
1392 1691 1418 1717 τί
1444 1691 1531 1726 πέρας
1558 1691 1610 1726 ὁρᾷ
1635 1690 1666 1717 τὸ
1697 1689 1767 1724 σύμ-

981 1736 1068 1764 ϐολον.

1018 1783 1058 1820 [γ]
1081 1783 1140 1818 Τὴν
1151 1783 1335 1818 μὲνούσιιιν.
1346 1783 1476 1810 Τουτέστι
1487 1783 1558 1810 κατὰ
1568 1782 1613 1810 τὸν
1626 1782 1674 1809 τοῦ
1691 1783 1767 1809 Ἀπο-

981 1831 1073 1858 στόλου
1087 1830 1166 1864 λόγον
1182 1830 1314 1861 εἰπόντος·
1331 1830 1423 1856 Πάντα
1438 1829 1492 1864 γὰρ
1507 1828 1584 1864 ἡμῶν
1598 1829 1680 1856 ἔστιν.
1704 1829 1767 1865 Ἀρ-

980 1877 1083 1913 χέτύπα
1101 1877 1129 1904 δὲ
1149 1876 1233 1912 κάλλη
1248 1877 1315 1912 φησὶ
1335 1875 1370 1902 τὰ
1386 1877 1419 1911 τῇ
1435 1875 1496 1910 Θείᾳ
1509 1875 1588 1910 φύσει
1601 1875 1767 1912 ὲπιθεωρού-

982 1932 1060 1959 μενα,
1074 1919 1111 1950 ὧν
1126 1922 1174 1958 τὴν
1188 1922 1258 1949 κατὰ
1267 1922 1297 1948 τὺ
1309 1921 1480 1957 ἐνδεχόμενον
1492 1921 1635 1956 μετουσίαν
1651 1923 1709 1952 τοῖς
1722 1921 1766 1948 ἀν-

981 1969 1098 2006 θρώποις
1113 1969 1267 2004 ὲδωρήσατο
1277 1977 1283 1983 ·
1301 1967 1317 2003 ἢ
1332 1968 1362 1994 τὸ
1375 1968 1434 1994 κατ’
1448 1966 1539 1994 εἰκόνα
1552 1966 1624 2002 λέγει
1640 1967 1687 1994 καὶ
1703 1967 1765 1994 καθ’

980 2016 1116 2051 ὁμοίωσιν.

1016 2106 1052 2142 [δ]
1079 2104 1331 2137 Ἐπισκευαστοῖς.
1351 2104 1479 2131 Τουτέστι
1498 2105 1555 2136 τοῖς
1571 2103 1601 2137 ἐξ
1618 2103 1700 2131 αὑτοῦ
1712 2113 1763 2132 χα-

979 2151 1220 2186 τασκευαζομένοις
1229 2150 1340 2184 ἀγαθοῖς
1354 2151 1394 2182 εἰς
1408 2151 1491 2187 ἡμᾶς,

1014 2198 1051 2234 [ε]
1064 2197 1210 2225 Παντελεῐ
1221 2196 1290 2223 τῶν.
1317 2197 1483 2232 Σημείωσαι,
1500 2197 1526 2223 τί
1538 2205 1604 2232 φησι
1621 2196 1684 2232 περὶ
1697 2198 1764 2234 Χρι-

148 2238 266 2271 perfecta
280 2238 340 2272 ejus
354 2238 540 2273 assumptione
551 2237 729 2266 humanitatis
737 2238 819 2265 etiam
833 2242 928 2266 contra

998 2243 1054 2276 τοῦ,
1070 2243 1152 2277 ἤγουν
1167 2242 1216 2278 τῆς
1228 2241 1333 2272 τελείας
1349 2241 1431 2268 αὐτοῦ
1452 2241 1690 2277 ἐνανθρωπήσεως,
1717 2243 1764 2270 καὶ

148 2282 355 2317 Apollinarium.

187 2327 296 2355 Divinas
316 2329 405 2359 panis.
420 2329 624 2360 Animadverte,
636 2337 690 2356 non
706 2330 794 2357 solum
807 2329 927 2357 divinum

148 2382 246 2409 panem
274 2374 408 2401 obtectum
435 2376 548 2410 proponi
577 2376 686 2403 solitum
714 2376 809 2407 fuisse.
834 2385 927 2404 verum

149 2420 230 2447 etiam
244 2424 368 2447 sanctum
385 2421 513 2455 calicem;
526 2421 598 2456 quod
618 2430 690 2449 nunc
712 2422 822 2450 minime
834 2423 928 2450 obser-

150 2468 240 2492 vatur.

185 2511 198 2547 §
212 2509 280 2540 Vill.
299 2510 470 2537 Divinissima
484 2520 542 2538 vero
557 2513 693 2541 salutatio.
710 2513 778 2541 Nota
796 2523 845 2541 cur
859 2516 929 2542 salu-

148 2562 175 2586 ta
180 2558 216 2585 tio
230 2557 316 2585 ﬁeret.

184 2603 360 2638 Capiditates,
387 2611 428 2630 ex.
450 2603 569 2631 Observa
593 2605 756 2639 cupiditates
782 2606 873 2634 carnis
901 2610 928 2634 ct

183 2693 198 2708 ¹
212 2689 284 2717 Psal.
301 2695 380 2722 svnt,
400 2689 442 2716 li.

982 2289 1052 2316 κατὰ
1068 2289 1278 2325 Ἀπολλιναρίου.

1023 2336 1054 2361 '0
1068 2334 1145 2368 θεῖος
1160 2334 1258 2369 ἄρτος.
1285 2335 1451 2371 Σημείωσαι,
1466 2335 1507 2362 ὅτι
1522 2335 1552 2362 οὐ
1566 2335 1645 2371 μόνον
1657 2336 1671 2362 ὁ
1687 2335 1764 2370 ἅγιος

981 2382 1061 2417 ἄρτος
1080 2381 1284 2416 κεκαλυμμένος
1303 2381 1470 2417 προετίθετο,
1494 2381 1561 2408 ἀλλὰ
1579 2382 1626 2408 καὶ
1645 2381 1675 2408 τὸ
1693 2381 1763 2408 θεῖον

981 2428 1109 2463 ποτήριον
1119 2435 1126 2442 '
1143 2427 1211 2463 ὅπερ
1225 2426 1272 2454 νῦν
1286 2427 1316 2454 οὺ
1330 2428 1445 2462 γίνεται.

1016 2515 1030 2551 §
1046 2515 1112 2542 VIII.
1127 2516 1279 2549 Θειότατος
1288 2516 1459 2551 ἀσπασμός.
1470 2516 1635 2551 Σημείωααι,
1651 2515 1695 2542 διὰ
1711 2515 1736 2541 τι
1749 2516 1762 2541 ὀ

981 2562 1125 2597 ἀσπασμὸς
1138 2562 1246 2589 δίδοται.

1024 2607 1204 2641 Ἐπιθυμίας,
1222 2606 1266 2638 ἐξ.
1283 2606 1449 2642 Σημειωσαι,
1465 2607 1506 2633 ὅτι
1520 2607 1548 2633 αἱ
1562 2605 1692 2641 ἐμπαθεῖς
1704 2606 1761 2633 ἑπι-

484 2692 495 2706 ⁰
512 2688 578 2718 Luc.
596 2697 651 2723 XVI,
664 2689 708 2717 12.
747 2695 760 2714 ιι
775 2690 784 2717 l
797 2689 861 2718 Cor.
878 2698 919 2723 ιιι,
932 2691 976 2718 22.

602 2789 717 2818 VARI/IS
736 2790 924 2819 LECTIONES
940 2792 983 2820 ET
1001 2792 1277 2822 CORRECTIONES.

222 2878 242 2894 "
259 2878 398 2914 ἐμπαθῶς.
