1914 3063
150 204 201 231 “5

539 201 568 230 S.
586 202 712 230 MAXIM!
730 201 877 230 SCHOLIA
895 201 927 228 ΙΝ
945 200 1008 229 LIB.
1027 199 1070 227 DE
1090 199 1231 228 ECCLES.
1246 198 1432 226 HlERARCH.

1719 198 1771 225 H6

144 259 238 295 θυμίαι
257 260 384 296 μερισταί
399 260 462 291 εισι,
478 259 634 295 μερίζουσαι
651 260 724 295 ἡμᾶς
739 261 786 288 καὶ
800 259 846 287 τοῦ
863 259 930 286 Θεοῦ

991 259 1105 294 :orporis
1118 258 1170 286 vim
1185 257 1286 286 habere
1300 256 1450 290 dividendi,
1465 263 1527 284 cum
1541 259 1568 284 et
1580 263 1595 283 ι
1604 255 1658 285 Deo
1672 263 1732 287 nos,
1745 261 1771 284 et

145 307 190 333 ιαὶ
206 306 329 342 ἀλλήλων
338 314 346 321 ·
361 306 431 341 τάχα
445 305 474 332 δὲ
487 305 533 332 καὶ
548 305 664 333 ἑαυτῶν.

190 396 346 432 Ὀμοειδεῖς
357 396 519 431 ἀπέχθειαι.
531 395 659 423 Τουτέστι
674 396 742 432 πρὸς
752 397 815 428 τοὺς
825 397 933 432 ὁμοίους

145 443 194 470 ἀνθ
198 443 315 479 ρώπους.

180 489 194 526 §
211 490 257 516 ix.
274 490 410 525 Πτυχῶν.
425 489 474 516 Διὰ
487 489 514 517 τί
527 489 596 526 μετὰ
606 490 651 517 τὸν
662 490 807 525 ἀσπασμὸν
818 489 933 526 δίπτυχα

145 535 373 570 ἀναγινώσκεται.

183 581 255 615 Τοὺς
270 582 370 615 ὁσίως.
383 583 551 618 Σημείωσαι,
564 583 606 610 ὅτι
619 583 654 610 τὰ
668 584 785 619 δίπτυχα
802 584 856 610 τῶν
866 584 933 610 dm»

146 628 279 655 θανόντων
291 629 337 656 ἐπὶ
350 629 432 656 αὑτοῦ
444 630 523 666 μόνον
535 630 731 665 ἀνεγινώσκετο
745 631 816 667 [οὐχ,
826 631 864 663 ὡς
874 630 931 662 νῦν,

146 675 193 702 καὶ
208 674 261 701 τῶν
272 674 402 711 ζώντων].

187 721 222 748 Ἡ
236 722 373 756 θεολοτία
391 722 476 756 φησι.
493 721 586 749 Ταῦτα
606 723 639 749 ὲκ
652 722 703 757 τῆς
721 722 869 758 λεγομένης
883 723 933 749 Σο-

145 767 210 802 φίας
234 767 417 802 Σολομῶντος·
433 767 479 794 καὶ
510 768 671 803 σημείωσαι,
694 769 735 795 ὅτι
758 769 804 796 καὶ
821 766 898 800 οὗτος
919 769 933 795 ὁ

145 813 223 847 ἅγιος
236 814 327 849 πατὴρ
341 813 426 850 ταύτῃ
439 814 583 850 ἐχρήσατο.

181 859 289 885 Σκόπει
298 859 341 886 δέ.
360 859 445 886 Τοῦτό
461 868 553 895 φησιν,
568 859 649 886 ὅτιτὸ
664 859 809 896 λεγόμενον
825 860 855 887 ὲν
867 869 933 896 προ-

144 905 243 940 φήταις
257 905 410 940 ἀναμνῆσαι
426 906 541 933 ἐνώπιον
557 907 671 942 Κυρίου,
684 907 733 942 οὐχ
750 907 820 934 οὕτω
837 907 877 934 δεῖ
895 916 933 934 νο-

144 951 197 982 εῖν,
217 950 255 982 ὡς
271 950 322 986 τῆς
342 952 452 987 μνήμης
474 951 521 978 τοῦ
543 952 610 979 Θεοῦ
631 953 830 989 ἀνανεουμένης
848 953 877 980 ὲν
898 954 931 989 τῇ
948 946 969 973 Β

144 996 280 1031 φαντασίᾳ
301 996 347 1022 τοῦ
371 996 553 1032 μνημονικοῦ·
574 998 644 1034 ὅπερ
666 998 782 1025 ἐπὶτῶν
802 999 830 1025 ὲν
853 999 934 1034 σαρκὶ

144 1041 364 1077 προσδεδεμένων
391 1043 501 1079 νοερῶν,
521 1043 658 1071 τουτέστιν
671 1044 759 1080 ἡμῶν,
778 1044 932 1080 συμϐαίνει,

143 1085 214 1112 ἀλλὰ
232 1087 324 1122 μνήμη
344 1087 411 1114 Θεοῦ
432 1087 543 1120 εἰκότως
565 1088 663 1123 λέγοιτ’
679 1089 712 1116 ἂν
738 1090 755 1125 ἡ
775 1089 874 1123 γνῶσις
886 1089 934 1116 τοῦ

142 1131 222 1163 Θεοῦ,
232 1132 292 1158 καθ’
303 1132 336 1168 ἢν
345 1133 473 1167 γινώσκει
483 1134 547 1166 τοὺς
558 1134 685 1168 τελείους,
696 1133 819 1167 θεοειδεῖς
826 1137 854 1162 ὲν
861 1135 935 1171 αὺτῷ

144 1178 305 1213 γενομένους
315 1178 349 1205 δι’
360 1179 487 1214 ἐναρέτου
504 1179 572 1214 βίου,
583 1180 630 1207 καὶ
642 1179 860 1216 ἀξιωθένταςτῆς
874 1181 935 1208 ἀνε-

143 1223 274 1259 πιλήστου
289 1224 352 1260 περὶ
363 1225 444 1252 αὐτὸν
457 1225 592 1260 γνώσεως.
611 1226 781 1263 [Σημείωσαι
797 1227 855 1259 πῶς
865 1227 934 1263 λαμ-

143 1268 220 1296 ϐάνει
236 1269 266 1296 τὸ
283 1269 364 1305 ῥητὸν
374 1269 421 1296 τοῦ
435 1270 566 1308 ψαλμοῠ].

178 1410 348 1445 Συμϐόλων.
362 1411 415 1438 Τοῦ
432 1411 557 1447 σώματος
571 1413 618 1440 καὶ
633 1413 757 1449 αἵματος.

144 1455 193 1526 πύξ
208 1457 241 1483 Χ.
261 1457 365 1484 ’Υδατι
392 1457 453 1491 τὰς.
479 1458 511 1485 Τί
524 1459 554 1485 τὸ
569 1459 695 1494 νίψασθαι
708 1460 757 1492 τὰς
771 1461 873 1496 χεῖρας,
887 1462 934 1488 καὶ

181 1510 220 1526 τε.

181 1510 220 1528 τε.

180 1546 285 1581 hic/ir,
301 1548 318 1574 ό
332 1548 528 1583 λελουμένος.
545 1549 712 1585 Σημείωσαι,
728 1550 787 1582 πῶς
802 1550 933 1586 λαμϐάνει

143 1593 159 1618 ὁ
172 1592 261 1648 πατῂρ
270 1593 301 1619 τὸ
313 1593 360 1648 ’ξοῦ
376 1594 477 1648 ἰξυρίομ
495 1596 586 1648 ῥητὸν,
597 1596 633 1648 το
642 1595 730 1648 λέγον·
751 1597 781 1623 ‘0
789 1598 933 1633 λελουμέ-
945 1619 966 1648 c

143 1647 199 1672 νος
209 1640 244 1665 οὐ
257 1639 362 1674 χρείαν
377 1639 439 1675 ἔχει
455 1640 473 1675 ἣ
490 1640 560 1674 τοὺς
576 1641 670 1675 πόδας
683 1642 838 1676 νίψασθαι.
857 1644 888 1671 'H
902 1644 930 1671 δὲ

145 1684 270 1718 σύνταξις
277 1684 330 1711 τῶν
338 1685 525 1721 προκειμένων
537 1687 605 1723 πρὸς
618 1688 649 1715 τὸ
658 1690 870 1717 ὐπαινίσσεται
881 1690 930 1726 τὴν

143 1729 271 1756 ἀπόδοσιν
288 1729 355 1765 ἔχει,
379 1731 412 1758 ἵν’
463 1731 655 1768 τὸ.λεγόμενον
668 1733 770 1766 οὕτως’
789 1734 823 1762 Ὅ
837 1744 863 1761 τι
880 1736 929 1771 μὲν

143 1774 203 1801 τόδε
221 1775 305 1807 ἐστὶν,
322 1776 523 1809 ὑπαινίσσεται,
537 1777 551 1803 ὁ
562 1777 661 1814 λουτὴρ
676 1779 725 1814 μὲν
740 1781 769 1807 ὲν
783 1781 815 1816 τῇ
831 1783 929 1817 νομικῇ

143 1820 267 1857 λατρεία,
282 1823 311 1848 ὲν
325 1821 395 1858 δὲτῇ
415 1822 475 1849 καθ’
494 1823 567 1859 ἡμᾶς
582 1824 598 1859 ἡ
613 1824 667 1851 τῶν
681 1826 779 1862 χειρῶν
794 1827 928 1862 ἀπόνιψις.

144 1867 182 1893 Τὸ
201 1867 230 1894 δὲ
247 1868 376 1903 ἄσχετος
392 1870 440 1896 καὶ
464 1870 616 1903 ἀπόλυτος
629 1871 714 1907 δηλοῖ,
739 1873 777 1905 ὡς
790 1875 823 1910 τῇ
839 1875 931 1910 ἥττονι

144 1913 195 1939 οὐκ
221 1913 393 1949 ὲνεχθήσεται
414 1915 509 1952 ἀγωγῇ
534 1917 580 1943 καὶ
600 1917 726 1945 διαθέσει.
754 1919 876 1952 ’Δλλως-
900 1921 932 1948 Ἡ

145 1958 207 1984 καθ’
222 1958 370 1995 ὑπέρϐασιν
384 1960 434 1995 τῆς
446 1961 596 1994 συντάξεως
609 1963 710 1999 ταύτης
726 1964 878 1999 ἀνάγνωσις
891 1966 933 1993 οὔ-

143 2013 199 2036 τως
214 2005 415 2042 ἅρμοσθήσεται
425 2016 431 2022 ”
447 2007 488 2034 ὃτι
503 2008 553 2044 μὲν
569 2007 627 2043 οὖν,
643 2009 681 2042 ὡς
695 2010 729 2037 τὰ
744 2010 822 2046 λόγιά
838 2021 930 2048 φησιν,

143 2051 159 2077 ὁ
178 2050 336 2086 λελουμένος
350 2052 381 2078 οὐ
396 2052 480 2079 δεῖταί
497 2063 568 2085 τινος
581 2054 699 2092 [ἑτέρας]
720 2057 888 2093 καθάρσεως,
907 2060 931 2086 εἰ

145 2095 184 2131 μὴ
198 2096 246 2131 τῆς
258 2096 311 2123 τῶν
324 2097 426 2133 ἄκρων,
439 2098 488 2125 εῖτ·
505 2098 551 2126 οὗν
563 2101 695 2136 ἐσχάτων,
711 2103 807 2130 ἑαυτοῦ
822 2104 930 2140 νίψεως,

143 2142 178 2168 δι’
193 2139 227 2178 ἦς
241 2143 394 2179 ἀκροτάτης
416 2145 575 2181 καθάρσεως
597 2149 625 2174 ὲν
643 2149 773 2185 πανάγνῳ
791 2150 837 2177 τοῦ
850 2139 932 2178 θεοει-

143 2187 206 2219 δοῦς
219 2188 273 2221 ἕξει
283 2190 415 2225 ἄχραντον
426 2193 567 2228 ποιήσεται
579 2194 626 2221 καὶ
637 2195 800 2231 ἀκηλίδωτον
813 2198 862 2234 τὴν
873 2199 932 2225 ἐπι-

145 2234 276 2270 στροφὴν,
291 2235 338 2262 καὶ
360 2236 428 2272 πρὸς
450 2237 484 2264 τὰ
504 2238 617 2275 δεύτερα
634 2241 736 2276 προῖὼν
752 2242 929 2276 ἀγαθοειδῶς·

985 313 1035 332 nos
1050 305 1120 332 inter
1132 312 1183 332 nos
1197 304 1335 338 dividam;
1352 302 1479 331 fortassis
1493 306 1585 330 autem
1603 305 1630 330 et
1644 309 1659 329 ιι
1675 301 1771 329 nobis-

985 351 1120 386 metipsis.

1019 398 1152 425 Adversus
1163 397 1277 432 (squalet
1289 396 1446 424 inimicitia.
1465 395 1494 423 ld
1508 399 1550 424 est
1564 403 1626 424 cum
1636 394 1770 423 similibus

984 443 1151 471 horninibus.

1018 490 1087 528 §IX.
1105 490 1279 518 Tabularum.
1295 489 1351 518 Cur
1371 493 1433 524 post
1453 488 1643 516 salutationem
1661 490 1771 515 sancto«

983 545 1044 565 rum
1059 537 1171 564 nomina
1187 537 1346 564 recitentur.

1019 584 1072 618 Qui
1081 589 1179 612 sancte.
1193 583 1262 611 Nota
1273 587 1442 610 mortuorum
1457 586 1574 614 tantum,
1585 589 1617 609 eo
1630 580 1767 617 pontiﬁce.

983 630 1092 658 recitari
1117 630 1197 658 solita
1213 629 1299 657 fuisse
1316 629 1427 657 nomina
1444 627 1524 665 [non,
1547 632 1577 656 ut
1592 635 1673 661 nunc,
1686 628 1768 656 etiam

982 676 1118 712 vivorum]
1128 698 1134 704 .

1019 722 1161 758 Theologia
1188 722 1272 749 docet.
1296 721 1359 749 Haec
1383 725 1424 750 est
1450 720 1603 749 Salomonis
1630 719 1767 756 Sapientia

982 776 1043 804 quae
1063 768 1173 796 dicitur.
1187 768 1257 796 Nota
1275 769 1356 796 etiam
1372 768 1445 796 hunc
1466 771 1590 795 sanctum
1606 766 1714 794 Patrem
1735 774 1766 794 ea

984 822 1063 844 usum
1076 814 1169 842 fuisse.

1019 860 1130 889 Adverte
1144 865 1242 889 autem.
1263 860 1321 888 Hoc
1342 860 1390 893 ait,
1407 860 1479 896 quod
1494 860 1521 887 in
1536 859 1676 895 prophetis
1693 858 1768 886 dica-

985 911 1038 940 tur,
1054 907 1193 934 recordari
1211 914 1302 934 coram
1319 906 1384 939 Deo,
1405 914 1458 934 non
1479 906 1515 933 ita
1535 905 1724 940 accipiendum
1741 908 1769 932 et

984 952 1187 988 intelligendum
1203 961 1275 986 esse,
1290 953 1369 988 quasi
1383 951 1430 980 Dei
1441 952 1571 980 memoria
1582 954 1729 980 renovetur
1740 949 1768 977 in

984 1006 1016 1026 ea
1031 1003 1108 1033 parte
1123 999 1216 1030 animi,
1232 999 1261 1025 in
1275 1006 1329 1034 qua
1341 997 1512 1033 objectarum
1529 1005 1622 1024 rerum
1637 996 1768 1023 memoria

984 1045 1175 1080 consignatur;
1192 1044 1218 1071 id
1232 1044 1304 1079 quod
1319 1045 1347 1072 in
1366 1044 1400 1072 iis
1413 1043 1460 1079 qui
1476 1043 1574 1072 utentis
1589 1046 1727 1077 compotes
1740 1041 1767 1068 in

984 1090 1076 1118 carnis
1088 1098 1198 1118 carcere
1211 1090 1312 1126 alligati
1325 1094 1400 1122 sunt,
1418 1089 1445 1117 id
1460 1092 1502 1117 est
1516 1088 1605 1119 nobis,
1619 1088 1769 1123 contingit;

985 1136 1032 1165 sed
1047 1136 1120 1172 quod
1138 1137 1269 1164 memoria
1288 1135 1336 1163 Dei
1357 1140 1431 1163 recte
1446 1135 1553 1163 dicatur
1575 1133 1622 1161 Dei
1641 1133 1766 1165 scientia,

984 1190 1038 1218 qua
1053 1182 1187 1218 perfectos
1202 1182 1343 1218 cognoscit
1359 1182 1425 1217 :qui
1441 1181 1645 1209 similitudinem
1659 1179 1706 1207 Dei
1722 1187 1769 1207 ex-

984 1232 1144 1264 presserunt
1165 1228 1219 1255 vita
1245 1228 1339 1255 virtuti
1363 1232 1565 1260 consentanea;
1590 1230 1617 1254 et
1631 1227 1676 1261 qui
1692 1226 1767 1262 digni

986 1275 1094 1303 fuerunt
1107 1275 1207 1302 habere
1216 1274 1276 1310 ejus
1291 1274 1431 1306 notitiam,
1447 1281 1508 1309 quae
1519 1273 1602 1300 deleri
1619 1272 1769 1300 obliterari-

984 1329 1037 1356 que
1059 1329 1115 1348 non
1138 1324 1238 1356 potest.
1263 1319 1343 1356 [Nota
1364 1319 1501 1355 quomodo
1524 1318 1642 1354 accipiat
1663 1318 1768 1346 dictum

984 1367 1081 1403 psalmi
1087 1366 1107 1403 .]

1020 1414 1164 1449 Symbolis.
1178 1413 1308 1448 Corporis
1323 1417 1349 1441 et
1364 1413 1516 1448 sanguinis.

1019 1460 1081 1496 §X.
1103 1460 1189 1495 Aqua.
1214 1459 1285 1493 Quid
1314 1459 1350 1487 sit
1371 1459 1483 1487 abluere
1504 1466 1612 1492 manus,
1633 1463 1657 1487 et
1679 1466 1767 1495 quan-

985 1507 1029 1535 do.

1018 1553 1101 1584 Dicit,
1120 1553 1164 1588 qui
1189 1552 1258 1579 lotus
1285 1556 1333 1580 est.
1351 1550 1431 1584 Nota,
1455 1551 1591 1587 quomodo
1616 1555 1693 1587 pater
1709 1552 1768 1580 haec

984 1598 1090 1626 Domini
1117 1599 1199 1626 verba
1224 1598 1360 1633 accipiat:
1386 1597 1438 1630 Qui
1461 1597 1529 1625 lotus
1553 1602 1602 1630 est,
1619 1606 1670 1625 non
1698 1598 1768 1625 indi-

982 1650 1033 1681 get,
1046 1645 1098 1672 nisi
1108 1649 1136 1671 ut
1150 1644 1226 1679 pedes
1238 1643 1305 1672 lauet
1319 1649 1345 1672 ιι.
1359 1642 1536 1671 Constructio
1559 1648 1648 1670 autem
1671 1651 1767 1671 eorum

982 1699 1042 1727 quae
1058 1693 1259 1726 proponuntur,
1289 1689 1323 1717 ad
1343 1689 1455 1717 verbum
1474 1689 1661 1716 ὺπαινίσσεται
1676 1697 1770 1724 respe-

982 1740 1056 1764 ctum
1069 1736 1162 1768 habet,
1178 1740 1208 1763 ut
1221 1736 1256 1764 sit
1269 1735 1367 1763 horum
1377 1735 1524 1763 verborum
1536 1734 1768 1766 sentcntiazQui-i

982 1783 1091 1818 quidem
1107 1782 1159 1810 hoc
1173 1786 1202 1810 et
1217 1782 1283 1810 illud
1298 1781 1334 1810 sit
1348 1781 1504 1810 subindicat
1520 1790 1526 1808 :
1542 1781 1598 1817 69
1611 1781 1696 1816 pelvis
1706 1781 1768 1816 qui<

981 1828 1043 1856 dem
1054 1828 1082 1855 in
1097 1828 1164 1863 legis
1174 1828 1250 1856 cultu
1260 1831 1287 1856 et
1301 1827 1441 1863 religione,
1456 1827 1483 1854 in
1497 1831 1591 1854 nostra
1605 1831 1693 1855 autem
1708 1834 1766 1854 ma-

981 1882 1064 1902 nuum
1080 1874 1191 1901 lavatio.
1208 1873 1277 1901 lllud
1291 1878 1380 1902 autem
1397 1873 1500 1901 solutus
1514 1878 1539 1901 et
1558 1873 1632 1905 liber,
1647 1873 1766 1901 declarat

982 1927 1044 1948 eum
1058 1919 1215 1947 inferiorem
1232 1919 1316 1947 vitam
1330 1922 1357 1946 et
1371 1919 1456 1946 animi
1473 1919 1695 1947 constitutionem
1711 1926 1767 1946 non

982 1974 1043 1994 esse
1062 1972 1230 1994 secuturum.
1249 1966 1335 1994 Aliter
1348 1975 1354 1993 :
1366 1965 1460 1993 Lectio
1477 1966 1692 1994 constructionis
1703 1973 1764 2000 quae

983 2012 1131 2048 hyperbato
1149 2019 1198 2040 seu
1210 2011 1428 2047 transgressione
1439 2015 1557 2044 constat,
1574 2012 1616 2040 sic
1630 2011 1770 2047 copulabi-

983 2063 1046 2085 tur:
1063 2058 1197 2091 Quoniam
1219 2058 1310 2093 igitur,
1328 2061 1357 2084 ut
1372 2057 1481 2092 Scripta
1496 2057 1587 2084 divina
1609 2057 1768 2092 loquuntur,

983 2105 1030 2140 qui
1048 2105 1121 2132 lotus
1142 2108 1183 2132 est
1206 2112 1261 2131 non
1281 2103 1385 2139 indiget
1399 2103 1564 2138 expiatione,
1584 2103 1637 2131 nisi
1652 2110 1769 2130 summa-

982 2159 1042 2179 rum
1058 2152 1115 2179 sive
1129 2154 1313 2178 extremarum
1324 2158 1436 2178 suarum
1452 2149 1570 2185 partium
1580 2149 1769 2181 lavationc,ex

983 2205 1089 2225 summa
1099 2197 1256 2232 expiatione
1267 2197 1295 2223 in
1310 2195 1484 2224 sanctissimo
1499 2195 1598 2223 divino:
1615 2195 1769 2224 similitudi-

983 2244 1026 2271 nis
1042 2244 1136 2271 habitu
1151 2247 1178 2271 et
1186 2248 1268 2273 statu.
1281 2250 1338 2270 non
1353 2242 1522 2277 inquinatam
1538 2249 1588 2269 nec
1599 2241 1769 2268 contamina-

143 2277 183 2309 ὡς
210 2278 257 2305 τοῦ
286 2280 417 2313 θεοειδοῠς
440 2283 590 2316 ἀποσώζων
620 2286 651 2312 τὸ
679 2287 782 2324 πλῆρες
806 2289 852 2315 καὶ
874 2289 931 2316 ὀλό-

991 2298 1037 2317 ηοιη
1053 2289 1133 2317 faciet
1146 2290 1382 2318 conversationem
1399 2296 1487 2321 suam;
1502 2291 1528 2314 et
1542 2295 1604 2314 cum
1620 2287 1654 2314 ad
1670 2295 1769 2315 secun-

143 2323 255 2359 κληρον,
282 2327 395 2362 ἄσχετος
416 2327 492 2355 ἔσται
515 2330 562 2356 καὶ
581 2331 722 2365 ἀπόλυτος,
747 2334 785 2366 ὡς
803 2335 930 2368 καθάπαξ

143 2369 262 2406 ὲνοειδὴς
281 2373 327 2399 καὶ
352 2373 420 2409 πρὸς
441 2374 472 2401 τὸ
492 2374 521 2402 ἓν
549 2374 626 2409 αὖθις
645 2379 753 2412 ὲνιαίως
774 2381 932 2417 ἐπιστρεφό-

144 2425 235 2451 μενος.

179 2507 214 2532 El
223 2506 266 2541 μὴ
282 2508 336 2543 τῆς
348 2510 407 2537 τῶν
425 2512 532 2547 ἄκρων.
551 2515 584 2542 Τί
597 2516 655 2543 ἐστι
668 2517 698 2544 τὸ
715 2517 752 2553 μὴ
767 2518 870 2546 δεῖσθαι
885 2519 930 2546 τὸν

142 2552 308 2600 λουσάμενον
325 2557 420 2593 ἑτέρας
434 2559 541 2594 νίψεως,
559 2563 583 2589 εί
602 2563 639 2599 μὴ
655 2563 690 2590 τὰ
705 2552 778 2600 ἄκρα
794 2565 929 2600 νίψασθαι·

142 2598 266 2634 δεύτερα
288 2602 317 2628 δέ
341 2612 407 2639 φησι
431 2606 465 2632 τὰ
479 2607 604 2644 αἰσθητὰ,
622 2598 662 2641 είς
679 2609 697 2636 ἃ.
719 2598 762 2637 διά
785 2598 933 2645 φαντασίας

144 2647 315 2682 προσπάσχει
332 2650 347 2685 ὴ
363 2650 447 2687 ψυχή.

185 2692 216 2718 '0
228 2693 288 2727 μὲν
298 2696 385 2729 ἱερός.
398 2698 566 2734 Σημειωσαι¹
584 2701 623 2728 ὅτι
639 2702 670 2728 οὐ
685 2702 785 2738 λουτὴρ
800 2700 833 2738 ἧν
848 2704 877 2730 ὲν
893 2703 932 2739 τῷ

145 2737 228 2773 νόμῳ,
244 2741 290 2767 καὶ
305 2742 345 2768 ὅτι
360 2743 502 2781 σύνταγμα
518 2746 574 2782 ἔχει
591 2747 654 2774 ἄλλο
665 2737 787 2784 περὶτῆς
802 2737 873 2776 πατὰ
887 2737 930 2776 νύξ

148 2792 195 2810 ιιον
211 2786 361 2822 ίεραρχίας,
377 2789 444 2826 ὅπερ
458 2793 488 2818 οὐ
508 2793 628 2830 φέρεται.

186 2831 237 2879 Tot?
251 2833 399 2869 ἱεράρχου.
415 2837 569 2874 Σημείωσαι
579 2840 609 2868 τδ
625 2841 715 2869 ἔνθεον
725 2842 771 2869 τοῦ
784 2842 877 2879 ἱερέως
889 2843 930 2879 [τὸ

148 2876 253 2912 ἀληθῶς
268 2880 457 2919 relatorum].

175 2961 187 2981 ιι
203 2955 279 2985 toan.
293 2966 355 2994 xm,
375 2960 417 2988 10.

980 2336 1014 2363 da
1033 2335 1166 2371 prodierit
1177 2335 1287 2370 benigni
1303 2334 1349 2362 Dei
1366 2334 1527 2365 imitatione,
1542 2338 1571 2360 ut
1581 2334 1679 2361 divinae
1693 2333 1769 2361 simi-

980 2383 1104 2411 litudinis
1118 2382 1311 2417 perfectionem
1328 2381 1565 2416 integritatemque
1576 2380 1707 2413 retinens,
1723 2387 1769 2408 so-

980 2429 1055 2457 lutus
1069 2429 1121 2457 erit
1135 2437 1168 2457 ac
1185 2429 1263 2460 liber,
1276 2428 1353 2464 quasi
1365 2426 1522 2455 uniusmodi
1532 2431 1559 2454 et
1570 2427 1604 2454 ad
1618 2435 1702 2454 unum
1714 2434 1769 2454 uno

981 2474 1168 2509 singularique
1186 2474 1267 2500 modo
1281 2476 1431 2500 revertens.

1018 2519 1079 2547 Nisi
1102 2521 1295 2547 summitatum.
1319 2518 1389 2552 Quid
1413 2518 1449 2546 sit
1470 2525 1532 2545 eum
1548 2517 1595 2553 qui
1616 2517 1692 2549 lavit,
1713 2525 1769 2544 non

981 2574 1060 2602 egere
1076 2567 1140 2598 alia,
1156 2566 1208 2594 nisi
1223 2569 1408 2594 extremarum
1420 2565 1538 2600 partium
1553 2565 1697 2591 lavatione.
1721 2563 1768 2590 Se-

982 2612 1070 2640 cunda
1092 2616 1172 2640 vocat
1186 2619 1218 2640 ea
1240 2619 1301 2647 quae
1322 2611 1374 2639 sub
1389 2618 1500 2638 sensum
1522 2610 1635 2642 cadunt,
1659 2610 1692 2636 ad
1707 2617 1768 2644 qua:

982 2659 1089 2686 animus
1104 2658 1195 2694 specie
1211 2666 1242 2685 ac
1256 2658 1324 2685 visis
1338 2657 1464 2684 allicitur.

1017 2705 1104 2732 Porro
1118 2712 1233 2731 sacrant.
1250 2703 1319 2731 Nota
1331 2703 1404 2738 quod
1418 2711 1471 2730 non
1483 2706 1542 2730 erat
1557 2701 1643 2736 pelvis
1655 2700 1682 2727 in
1697 2700 1767 2736 lege,

984 2754 1011 2778 et
1025 2751 1098 2786 quod
1113 2753 1258 2777 tractaturo
1274 2750 1358 2776 alium
1371 2749 1472 2776 haheat
1485 2747 1519 2775 de
1533 2746 1698 2779 hierarchia,
1709 2754 1767 2782 qua:

983 2797 1011 2824 in
1026 2797 1084 2832 lege
1100 2799 1169 2828 erat,
1183 2796 1229 2830 qui
1242 2803 1298 2822 non
1311 2798 1408 2822 exstat.

1022 2842 1170 2876 Pontiﬁcis.
1180 2841 1249 2869 Nota
1259 2841 1381 2869 divinum
1398 2839 1515 2867 aillatum
1528 2838 1679 2867 sacerdotis
1694 2847 1769 2875 ,vere

984 2887 1238 2924 perfectissimum].
