1925 3060
172 170 219 197 HT

171 273 286 300 scilicet.

206 317 378 352 Speculorum
393 317 566 352 splendorem.
584 317 699 352 Specula
715 317 833 352 appellat
845 321 949 344 sancto-

171 371 231 390 rum
250 363 366 397 animos,
380 363 453 399 quod
467 363 565 391 divina:
589 364 644 391 sint
660 363 729 391 lucis
744 370 871 398 capaces,
885 363 955 390 vim-

171 415 224 442 que
243 415 302 435 eam
322 408 451 441 habeant,
473 413 504 436 ut
528 408 648 436 melioris
663 407 830 436 conditionis
852 407 956 435 similes

171 453 236 480 sint.

205 497 349 526 Penetrare
361 499 523 534 cupientibus
537 519 544 531 ,
562 498 609 527 Gr.
623 499 754 534 ἐφιέντων
778 498 882 526 διῖέναι.
899 497 957 526 Hoc

171 543 251 570 etiam
261 543 321 570 loco
327 543 415 571 Attice
423 545 547 579 laquens,
557 548 585 571 ut
592 544 775 577 Atheniensis,
785 545 898 572 verbum
906 544 958 571 hoc

170 589 324 616 construxit
334 588 430 616 dicens
444 599 449 616 :
463 588 523 616 Τῶν
533 589 720 626 μαρμαρυγῶν
729 590 857 624 ἐφιέντων
866 590 957 625 splen-

171 635 284 662 doribus
300 635 491 669 cupientibus;
512 643 574 663 cum
589 636 730 664 debuisset
744 636 836 664 dicere
855 644 903 671 per
918 636 958 664 fe-

172 679 290 707 mineum
304 679 441 714 ὲφιεισῶν.
452 679 523 713 Quin
537 680 620 707 etiam
635 689 719 716 supra
734 681 762 708 in
776 681 848 708 libro
861 680 900 707 De
910 689 958 708 cae-

173 725 231 752 lesti
245 724 405 757 hierarcht'a,
419 732 480 760 cap.
499 726 515 752 7
530 725 620 754 fusius
635 735 721 762 genus
735 727 958 755 dicendiAttico—

172 778 232 797 rum
248 777 310 798 esse
329 769 488 804 docuimus;
502 771 539 798 ibi
556 771 639 808 igitur
654 772 747 808 legito.

206 815 337 844 Cwlerum
360 816 493 851 pontiﬁcis
520 817 580 845 illa.
605 818 685 850 Nota,
715 827 764 847 cur
790 818 912 854 pontifex
929 819 958 846 in

170 862 260 894 altari,
282 862 341 890 sive
362 863 390 890 in
417 863 530 897 sanctis,
555 863 583 890 id
603 868 645 892 est
659 869 720 892 ante
747 864 803 897 illa,
821 864 957 892 abluatur.

204 959 241 986 Et
253 959 425 986 summitatis.
444 957 563 986 Summae
577 957 722 985 lavationis
738 957 855 986 scilicet.

205 1048 239 1076 Et
254 1049 282 1076 in
296 1051 440 1083 aspectum.
459 1047 567 1075 Diutius
581 1051 646 1075 tunc
656 1047 764 1074 obtecta
779 1046 872 1074 divina
887 1046 960 1074 dona

170 1095 327 1127 manebant,
341 1102 429 1129 usque
443 1093 477 1122 ad
493 1098 602 1129 tempus
617 1097 719 1121 sanctae
733 1093 936 1121 communionis
950 1103 957 1121 :

170 1141 252 1176 idque
275 1141 357 1176 paulo
374 1144 435 1176 post
460 1140 595 1175 explicat;
613 1144 660 1167 aut
680 1143 809 1167 accurata
824 1140 892 1172 haec
914 1145 957 1168 est

169 1187 328 1223 explicatio,
340 1188 414 1223 quod
430 1185 550 1222 pontifex
567 1186 696 1214 attollens
707 1189 832 1214 sanctum
848 1194 958 1221 panem,

170 1233 334 1261 ostendebat
356 1233 586 1265 benedictionem,
615 1239 664 1260 seu
690 1235 894 1260 sacramentum
917 1231 960 1259 di-

170 1287 236 1307 cens
253 1289 260 1306 :
278 1278 380 1306 Sancta
396 1279 510 1306 sanctis.

206 1325 260 1360 7o
275 1325 406 1358 Quisnam
421 1333 511 1359 porro.
531 1323 734 1352 Pr0videntiam
749 1331 813 1360 erga
826 1331 876 1352 nos
898 1324 960 1352 uni-

170 1379 289 1405 versam,
303 1371 383 1407 pauci
406 1374 520 1403 norunt,
537 1375 584 1398 aut
607 1370 726 1398 forsitan
745 1377 780 1398 ne
794 1370 873 1405 pauci
896 1370 959 1406 qui-

171 1419 232 1447 dem
247 1429 254 1446 :
272 1423 300 1447 et
314 1422 426 1454 propter
440 1425 522 1453 quam
537 1417 651 1445 oblatio.

206 1465 411 1500 Opitulatorem,
428 1464 475 1492 Gr.
488 1464 606 1500 ἀρωγόν.
623 1463 802 1491 Auxiliarem.

208 1511 370 1540 Humanam.
388 1510 426 1539 De
440 1511 581 1538 hominum
598 1511 687 1545 lapsu.

206 1601 409 1634 Praevaricatio,
425 1600 473 1628 Gr.
488 1600 653 1637 ὑπερϐασία.
670 1598 878 1634 Transgressio.

207 1647 269 1676 Suis
293 1647 523 1683 propensionibus.
548 1646 606 1674 Hoc
630 1649 672 1674 est
695 1646 806 1682 proprio
830 1645 954 1676 arbitrio.

170 1694 346 1721 Constructio
360 1693 394 1721 ad
415 1701 448 1721 ea
463 1700 524 1728 qua).
539 1700 623 1728 supra
643 1692 715 1720 dicta
732 1696 807 1724 sunt,
823 1693 956 1728 pertinet;

171 1741 240 1768 dixit
256 1740 330 1768 enim
345 1739 496 1766 humanam
512 1743 638 1766 naturam
656 1738 710 1765 vita
726 1738 819 1766 multis
834 1739 914 1766 malis
930 1742 958 1766 et

173 1785 428 1820 perturbationibus
443 1784 562 1812 obnoxia
584 1784 696 1819 excipit.
720 1783 782 1810 Alia
805 1792 870 1812 vero
894 1790 958 1812 sunt

173 1830 344 1864 intermedia,
360 1831 394 1858 ab
409 1830 564 1862 ἀκολούθως
579 1830 643 1866 γάρ,
661 1838 747 1865 usque
759 1829 794 1857 ad
809 1829 885 1857 ἔνθεν
901 1831 959 1857 ἐλε-

171 1878 260 1909 εινῶς.

207 1922 386 1951 Illecebrosis.
402 1921 549 1951 Oﬂiciosis.

209 1969 356 2005 Originem.
369 1968 595 2004 Quandoquidem
618 1971 706 1996 status
723 1968 809 1995 nostri
824 1968 958 2002 originem

173 2024 189 2045 a
204 2020 277 2044 terra
293 2009 444 2049 habemus;
460 2022 563 2051 corpus
577 2016 648 2042 enim
663 2017 789 2042 nostrum
801 2021 834 2041 ex
847 2022 879 2042 ea
893 2022 959 2042 con—

174 2065 250 2091 stat:
266 2062 328 2097 jure
344 2069 376 2092 ac
399 2061 498 2088 merito
521 2064 585 2096 post
609 2059 858 2095 transgressionem
878 2059 959 2087 ﬁnem

174 2109 255 2136 etiam
277 2107 410 2143 principio
423 2112 637 2135 consentaneum
651 2106 795 2133 habemus.
811 2104 841 2132 In
858 2109 960 2133 terram

174 2155 247 2183 enim
260 2155 433 2182 revertimur.
447 2152 673 2189 Quauquuidem
685 2152 788 2180 dictum
803 2151 839 2179 sit
852 2161 859 2179 :
877 2151 960 2179 Terra

174 2209 212 2234 es,
225 2205 250 2228 et
263 2201 291 2228 in
305 2205 403 2227 terram
416 2200 552 2227 reverteris
564 2204 587 2227 τ.

213 2247 317 2275 Finem.
333 2246 391 2275 Hoc
405 2251 447 2275 est
460 2251 585 2274 mortem.

214 2293 276 2320 Vita
292 2302 349 2329 qua:
368 2293 402 2320 ad
417 2301 531 2328 superna
543 2292 642 2325 tendat,
659 2290 705 2319 Gr.
722 2291 865 2327 ἀναγώγου
875 2292 957 2328 ζωῆς.

181 2335 332 2374 Ἀνάγωγον
348 2341 431 2368 vitam
448 2339 514 2368 dicit
530 2348 588 2368 eam
612 2346 673 2375 quae
687 2339 829 2375 superiora
843 2339 957 2374 quaerit,

174 2394 201 2413 et
214 2386 248 2413 ad
263 2387 346 2414 Deum
364 2391 477 2422 spectat.

209 2431 303 2460 Multis
314 2433 481 2467 passionibus
497 2433 637 2460 obnoxiam
653 2433 872 2460 immutationem.
887 2431 958 2466 Quid

176 2479 212 2506 sit
227 2479 367 2511 ἀλλοίωσις
384 2480 411 2506 in
429 2479 603 2514 corporibus,
618 2480 646 2507 in
660 2479 732 2507 libro
749 2479 788 2506 De
801 2479 896 2506 divinis
910 2487 958 2506 no-

176 2523 289 2550 minibus
303 2523 433 2551 diximus.

213 2568 357 2601 Ezitiosis,
374 2569 422 2597 Gr.
438 2569 589 2606 δυσμενεῖς.
607 2571 792 2598 ᾸΕτυῐῐιηοεὶε.

214 2614 245 2641 In
260 2619 346 2642 status
362 2616 536 2650 privationem
553 2617 657 2645 misere.
677 2617 705 2644 In
720 2620 809 2644 status
823 2614 956 2651 privatio-

221 2708 233 2724 ι
249 2704 317 2733 Gen.
338 2713 379 2737 In,
395 2705 438 2734 l9.

574 169 743 197 APPENDIX
763 168 809 196 AD
824 168 938 197 OPERA
953 169 983 198 S.
994 169 1142 199 DIONYSII
1161 169 1402 199 AREOPAGITAS.

206 224 249 253 Ad
260 225 434 260 'sacri/icium
453 225 574 260 expiatos
597 233 664 253 esse.
692 224 791 252 Divino
804 224 940 252 sacriﬁcio
969 225 992 254 Δ

1741 169 1792 197 148

1046 225 1226 260 ἰερουργίαν
1239 225 1486 261 ἀποκεκαθάρθαι.
1510 227 1550 262 Τῇ
1566 225 1627 262 θείᾳ
1651 226 1793 262 ἱερουργίᾳ

1003 272 1136 308 δηλονότι.

1045 319 1216 353 Ἐσόπτρων
1238 319 1376 354 ἀγλαΐαν.
1406 318 1548 354 Ἔσοπτρά
1569 327 1636 354 φησι
1661 317 1711 350 τὰς
1738 318 1793 348 τῶν

1004 366 1089 401 ἁγίων
1104 365 1201 401 ψυχὰς,
1218 365 1256 397 ὼς
1270 365 1317 392 τοῦ
1334 366 1407 392 θείου
1424 365 1512 400 φωτὸς
1527 365 1664 399 δεκτικὰς,
1681 365 1793 401 καὶ-τῆς

1005 413 1156 449 κρείττονος
1171 412 1273 449 λήξεως
1286 412 1498 449 ἀφομοιωτικάς.

1047 502 1208 537 Ἔφιέντων
1221 502 1337 530 διῖέναι.
1351 501 1407 528 Καὶ
1416 500 1463 528 νῦν
1475 500 1641 533 Ἀττικίζων,
1657 500 1695 532 ὡς
1710 499 1790 536 Ἀθη-

1005 550 1088 581 ναῖος,
1107 547 1233 580 συνέταξε
1248 548 1279 574 τὸ
1293 547 1372 584 ῥητὸν
1389 547 1511 582 φάσκων,
1527 546 1581 574 τῶν
1599 546 1789 583 μρμαρυγῶν

1007 595 1135 631 ἐφιέντων
1150 594 1199 631 τὴν
1215 595 1317 622 οἰκείαν
1327 594 1423 629 αἴγλην
1433 594 1506 620 ’δέον
1523 594 1591 630 πρὸς
1604 593 1719 629 θηλυκὸν
1735 592 1790 619 τῶν

1009 642 1198 679 μαρμαρυγῶν
1220 641 1346 677 ὲφιεισῶν
1362 642 1460 674 εἰπεῖν,
1474 641 1489 667 ὃ
1506 640 1539 676 δὴ
1555 641 1601 667 καὶ
1625 640 1681 667 ἄνω
1697 641 1726 667 ὲν
1743 648 1791 666 κε-

1008 689 1113 724 φαλαίῳ
1134 688 1156 721 ζ’
1178 687 1225 715 τοῦ
1249 687 1321 722 Περὶ.
1343 687 1486 721 οὐρανίας
1511 686 1660 721 Ζεραρχίας
1690 684 1792 720 βιϐλίου

1008 735 1174 771 πλατύτερον
1189 734 1338 769 ἐδείξαμεν,
1349 732 1386 764 ὡς
1400 731 1518 759 Ἀττικὸν
1540 732 1570 758 τὸ
1587 731 1690 767 σχῆμα..
1721 731 1794 758 Ἐκεῖ

1007 779 1055 809 οὖν
1070 780 1215 816 ἀνάγνωθι.

1048 828 1125 857 Ἡδὲ
1137 828 1191 855 τοῦ
1211 827 1359 862 ίεράρχου.
1379 826 1548 862 Σημείωσαι,
1570 824 1614 852 διὰ
1629 824 1656 851 τί
1675 823 1722 851 ἐπὶ
1745 823 1794 850 τοῦ

1009 874 1201 911 θυσιαστηρίου
1226 873 1348 900 νίπτεται
1372 874 1386 899 ὁ
1417 871 1558 908 ἱεράρχης,
1582 871 1642 906 ἦτοι
1667 870 1714 896 ἐπὶ
1739 868 1794 895 τῶν

1010 922 1106 957 ἁγίων,
1124 920 1262 948 τουτέστιν
1278 919 1431 955 ἔμπροσθεν
1447 917 1548 945 αὐτῶν.

1044 968 1101 995 Καὶ
1122 967 1177 1002 τῆς
1193 966 1369 1001 ἀκροτάτης.
1387 964 1443 1000 Τῆς
1459 963 1547 1000 ἄκρας
1563 962 1724 998 καθάρσεως
1746 961 1794 997 δη-

1009 1013 1086 1049 λαδή.

1044 1059 1100 1087 Καὶ
1121 1060 1171 1087 ὑπ’
1191 1059 1272 1093 ὄψιν.
1286 1057 1394 1085 Μᾶλλον
1409 1056 1469 1083 τάτε
1489 1055 1584 1091 ἔμενον
1599 1052 1795 1089 κεκαλυμμένα

1010 1105 1044 1133 τὰ
1059 1105 1118 1133 θεῖα
1133 1105 1218 1142 δῶρα,
1234 1105 1287 1137 ἕως
1311 1103 1407 1140 καιροῦ
1432 1103 1481 1139 τῆς
1503 1101 1584 1136 ἁγίας
1602 1099 1793 1136 μεταλήψεως·

1010 1149 1057 1176 καὶ
1080 1149 1160 1176 τοῦτο
1181 1148 1257 1185 δηλοῖ
1283 1149 1340 1184 μετ’
1358 1147 1444 1181 ὀλίγα.
1473 1147 1509 1173 Ἦ
1533 1146 1596 1180 τόγε
1616 1145 1736 1181 ἀκριϐὲς,
1753 1145 1795 1171 ὅτι

1010 1194 1145 1230 κουφίζων
1160 1196 1174 1222 ὁ
1199 1195 1330 1232 ἱεράρχης
1344 1193 1390 1219 τὸν
1407 1193 1485 1227 ἅγιον
1507 1192 1601 1228 ἄρτον,
1618 1190 1722 1218 ἐδείκνυ
1744 1189 1795 1226 τὴν

1010 1241 1143 1276 εὐλογίαν,
1159 1240 1257 1276 λέγων·
1279 1240 1314 1267 τὰ
1331 1241 1413 1274 ’Ἅγια
1428 1240 1484 1271 τοῖς
1500 1239 1598 1273 ἁγίοις.

1047 1329 1132 1362 Τινὰς
1148 1328 1207 1364 μὲν
1227 1328 1292 1356 οὖν.
1315 1328 1372 1359 Τὰς
1394 1328 1433 1359 εἰς
1456 1328 1530 1362 ἡμᾶς
1555 1326 1682 1362 προνοίας
1705 1325 1794 1356 πάσας

1009 1374 1092 1410 ὀλίγοι
1117 1375 1206 1405 ἴσασι,
1229 1374 1299 1410 τάχα
1318 1374 1347 1401 δὲ
1369 1373 1430 1399 οὐδὲ
1445 1372 1530 1407 ὀλίγοι
1553 1372 1642 1399 ἴσασι·
1661 1371 1708 1399 καὶ
1730 1371 1795 1407 περὶ

1007 1421 1080 1453 τίνος
1095 1422 1112 1457 ἡ
1123 1420 1301 1458 προσκομιδή.

1051 1466 1187 1501 Ἀρωγόνκ
1206 1462 1315 1501 Βοηθῶι.

1046 1512 1106 1546 Τὴν
1122 1512 1318 1546 ἀνθρωπείων.
1339 1511 1407 1547 Περὶ
1422 1511 1472 1547 τῆς
1486 1510 1540 1537 τῶν
1557 1508 1708 1545 ἀνθρώπων
1726 1509 1794 1536 ἀπο-

970 1567 992 1595 c
1008 1558 1147 1591 πτώσεως.

1049 1604 1238 1638 Ὑπερϐασία.
1255 1603 1427 1641 Παραόασία.

1045 1651 1171 1684 Οὶκείαις
1191 1651 1309 1685 ῥοπαῖς.
1328 1651 1362 1677 "O
1387 1652 1460 1677 ἐστιν
1475 1649 1643 1686 αὐθαιρέτως
1661 1649 1694 1675 ²⁰.
1717 1648 1750 1675 Ἦ
1765 1648 1794 1675 δὲ

1010 1697 1135 1729 σύνταξις
1152 1697 1220 1732 πρὸς
1241 1696 1276 1723 τὰ
1298 1695 1354 1723 ἄνω
1378 1696 1513 1733 εἰρημένα
1537 1696 1626 1723 ἐστίν⁸
1651 1693 1711 1722 εἷπε
1727 1694 1793 1730 γὰρ,

1008 1745 1050 1771 ὅτι
1073 1743 1121 1779 τὴν
1146 1743 1319 1778 ἀνθρωπείαν
1344 1742 1424 1777 φύσιν
1448 1743 1465 1778 ἡ
1491 1741 1714 1777 πολυπαθεστάτη
1738 1740 1793 1781 ζωὴ

1007 1790 1166 1825 διαδέχεται.
1184 1789 1224 1815 Τὰ
1239 1789 1268 1815 δὲ
1284 1788 1350 1816 ἄλλα
1366 1787 1409 1815 διὰ
1426 1788 1519 1823 μέσου,
1537 1788 1590 1814 ἀπὸ
1605 1786 1652 1814 τοῦ
1668 1787 1795 1815 ἀκολου-

1009 1839 1066 1870 θως
1079 1836 1134 1871 γὰρ
1147 1835 1200 1867 ἕως
1214 1834 1261 1861 τοῦ
1277 1835 1365 1862 ἐνθεν
1378 1833 1524 1866 ἐλεεινῶς.

1044 1923 1224 1956 Θελκτικαῖς.
1242 1922 1464 1957 Θεραπευτικαῖς.

1046 1971 1080 1999 Τὸ
1093 1971 1147 2006 τῆς
1158 1970 1264 2006 ἀρχῆς.
1286 1967 1393 2002 Ἐπειδὴ
1410 1967 1456 1994 καὶ
1472 1965 1559 2002 ἀρχὴν
1574 1966 1622 2001 τῆς
1639 1965 1795 1996 συστάσεως

1009 2020 1042 2046 ἐκ
1057 2018 1109 2054 γῆς
1125 2018 1237 2054 ἔχομεν·
1255 2016 1285 2043 τὸ
1300 2016 1354 2052 γὰρ
1380 2012 1533 2049 σωματικὸν
1549 2012 1628 2048 ἡμῶν
1644 2011 1674 2044 ἐξ
1689 2011 1774 2046 αὐτῆς
1784 2018 1792 2026 ·

1009 2064 1122 2096 εἰκότως
1141 2063 1208 2099 μετὰ
1231 2061 1282 2098 τὴν
1297 2060 1452 2096 παράϐασιν
1469 2059 1515 2085 καὶ
1530 2057 1560 2084 τδ
1575 2056 1650 2088 τέλος
1672 2056 1793 2092 πρόσφο-

1010 2119 1057 2146 ρον
1079 2109 1176 2145 ἔχομεν
1206 2110 1239 2144 τῇ
1269 2108 1340 2143 ἀρχῇ
1354 2115 1361 2122 ·
1393 2107 1432 2137 είς
1458 2105 1509 2140 γῆν
1534 2103 1589 2140 γὰρ
1617 2102 1793 2134 ἀναλύοντες-

1009 2156 1070 2183 emt
1085 2155 1200 2192 ερρήθη,
1214 2155 1255 2181 ὅτι
1269 2153 1314 2188 Γῆ
1333 2153 1369 2185 εἴ,
1384 2152 1433 2180 καὶ
1450 2153 1493 2185 είς
1507 2151 1566 2186 γῆν
1579 2149 1745 2184 ἀπελεύσῃ.

973 2238 996 2266 Ῑ)
1045 2245 1150 2279 Πέρας.
1167 2241 1297 2270 Τουτέστι
1312 2239 1357 2268 τὸν
1372 2239 1495 2267 θάνατον.

1053 2289 1218 2326 Ἀναγώτου
1234 2288 1317 2323 ζωῆς.
1347 2285 1499 2321 Ἀναγωγδν
1516 2284 1568 2320 [δὲ]
1593 2282 1665 2318 ζωὴν
1685 2282 1734 2318 τὴν
1761 2281 1797 2308 τὰ

1013 2338 1069 2366 ἄνω
1104 2335 1237 2372 ζητοῦσαν
1254 2354 1262 2368 ,
1294 2334 1342 2362 xui.
1373 2333 1442 2369 πρὸς
1471 2332 1538 2359 Θεὸν
1567 2329 1796 2366 ἑπεστραμμένην

1053 2383 1089 2410 σί.

1012 2392 1320 2459 φηέολυπαθεστάτην
1332 2423 1505 2452 ἀλλοίωιν.
1523 2421 1556 2447 Τί
1571 2421 1645 2447 ἐστιν
1655 2419 1796 2450 ἀλλοίωσις

1012 2475 1059 2503 ἐπὶ
1081 2473 1224 2509 σωμάτων,
1250 2472 1280 2498 ὲν
1303 2469 1343 2505 τῷ
1367 2469 1437 2504 Περὶ
1463 2466 1523 2495 τῶν
1542 2466 1630 2494 θείων
1644 2464 1796 2500 ὀνομάτων

1010 2520 1191 2556 διεξήλθομεν.

1045 2564 1215 2601 Δυσμενεῖς.
1232 2562 1436 2599 Ταλαιταίιρους.

1046 2614 1098 2646 Εἰς
1110 2611 1297 2646 ἀνυπαρξίας
1310 2608 1442 2643 οἰκτρῶς.
1461 2607 1509 2640 Et;
1524 2604 1690 2643 ἁνυπαρξίαν
1707 2603 1736 2632 δὲ
1750 2602 1794 2630 διὰ

618 2802 733 2830 νΑῐῖΙίΕ
753 2801 944 2832 LEGTIUNES
960 2802 1003 2831 ET
1021 2796 1294 2829 CORRECTIONES-

210 2893 232 2909 '°
247 2901 291 2928 γρ.
311 2893 488 2930 αὑθαιρέιθις.
