1914 3063
141 177 192 206 “9

529 176 558 206 S.
575 177 698 205 MAXIMI
719 176 866 205 SCIIOLIA
882 177 915 204 IN
931 177 996 206 LIB.
1018 178 1063 206 DE
1079 178 1217 206 ECCLES.
1235 178 1420 209 HIERARCII.

1713 182 1763 210 I50

138 235 190 269 τὴν
205 236 357 271 ἁμαρτίαν·
375 236 466 273 ὁγὰρ
488 237 646 273 ἁμαρτωλὸς
668 237 768 272 τρόπον
793 237 854 264 τινὰ
879 238 924 273 οὺχ

986 246 1041 267 nem
1064 243 1175 274 propter
1197 243 1357 274 peccatum;
1381 242 1508 273 peccator
1521 237 1594 266 enim
1629 238 1763 273 quodam-

139 281 276 317 ὑπάρχει⁸
293 282 324 308 τὸ
339 282 394 318 γάρ
411 283 494 309 κακὸν
508 282 691 320 ἀνύπαρκτον.

176 326 384 362 [Ἄπειροτάτη
406 329 620 363 φιλανθρωπία.
640 329 711 365 ,Περὶ
726 329 776 364 τῆς
793 329 928 365 ὲνανθρω-

139 374 259 409 πήσεως,
276 375 317 401 ὅτι
333 375 435 410 ταύτην
451 374 650 411 φιλανθρώπως
665 375 840 411 ὲνήργησεν.]

185 421 357 455 Αὑτουργὸν
370 420 464 456 ἡμῶν.
482 421 639 456 Σημείωσαι
655 421 705 456 τὴν
721 421 863 457 ἀκρίϐειαν
875 421 929 449 τῶν

137 465 290 501 δογμάτων,
308 466 338 493 ἐν
355 466 540 502 πολυπληθείᾳ.
556 466 655 499 λέξεων
672 467 858 503 φραζομένην,
883 468 929 494 καὶ

138 511 310 547 πολεμοῦσαν
327 512 432 544 πάντας
447 512 617 548 αἱρετικούς·
634 512 665 538 rb
683 512 732 548 μὲν
748 513 802 549 γὰρ
818 513 929 549 αὐτουρ-

137 558 186 592 γὸν
202 558 326 592 γενέσθαι
349 559 398 594 τὴν
415 559 454 590 εἰς
475 559 549 594 ἡμᾶς
569 559 698 595 πρόνοιαν
718 558 765 585 τοῦ
794 558 861 585 Θεοῦ
883 559 929 594 δη-

137 603 189 635 λοῖ,
214 604 254 630 ὅτι
280 605 360 637 αὐτὸς
381 603 415 640 ἦν
431 607 445 632 ὑ
467 605 532 637 Θεὸς
549 604 635 638 Λόγος
648 613 655 620 ·
681 605 711 631 οὐ
730 603 782 640 μὴν
799 604 877 637 ἄλλος
899 606 929 632 ὲν

979 284 1060 312 modo
1082 293 1136 312 non
1158 285 1282 318 exsistit;
1299 284 1401 311 malum
1416 284 1489 311 enim
1505 283 1664 312 exsistentia
1677 288 1762 312 caret.

1015 329 1075 366 [Dei
1094 331 1249 365 principali:
1271 329 1407 357 bonitatis.
1427 329 1490 364 Agit
1509 329 1542 357 de
1557 328 1762 363 Incarnatione;

979 376 1052 412 quod
1066 384 1126 404 eam
1143 376 1358 403 misericorditer
1373 375 1541 412 perfecerit.]

1015 422 1067 449 Per
1080 430 1108 449 se
1127 427 1278 456 operantem
1299 422 1393 449 nostri.
1410 421 1479 449 Nota
1493 425 1650 449 accuratam
1665 422 1763 450 obser-

978 468 1114 496 vationem
1136 468 1321 500 decretorum,
1339 476 1400 503 quae
1418 468 1445 495 in
1468 468 1645 495 multitudine
1666 467 1764 495 dictio-

979 523 1044 542 num
1067 514 1180 547 dicitur,
1197 520 1391 550 expugnatque
1410 521 1505 542 omnes
1520 514 1673 542 haereticos.
1695 513 1763 541 Nam

979 570 1027 597 per
1039 569 1068 589 se
1082 566 1239 596 operantem
1256 560 1340 589 fuisse
1352 568 1415 595 erga
1430 568 1480 588 nos
1494 559 1540 588 Dei
1553 560 1762 596 providentiam,

979 607 1109 639 declarat,
1128 606 1200 642 quod
1216 605 1336 635 Verbum
1361 606 1431 633 idem
1446 610 1504 634 erat
1520 606 1607 639 Deus;
1630 613 1684 633 non
1698 614 1764 634 vero

137 650 220 685 ἄλλῳ,
238 650 276 682 ὥς
291 659 365 683 τινες
389 651 528 687 μαίνονται
554 652 602 678 σὺν
626 650 777 686 Νεστορίῳ.
800 651 837 677 Τὸ
851 651 879 677 δὲ
899 652 924 678 ὲν

986 653 1049 681 ilius
1071 653 1098 680 in
1125 653 1189 685 alio,
1207 657 1238 679 ut
1259 652 1370 688 quidam
1387 659 1449 679 cum
1470 651 1597 680 Nestorio
1612 652 1761 682 insaniunt.

137 696 233 732 ἀληθεῖ
250 697 357 732 μεθέξει
373 697 482 724 πάντων
497 697 551 724 τῶν
567 697 708 733 ἡμετέρων
729 697 924 732 ἀναμαρτήτως

986 699 1047 726 illud
1059 707 1133 731 vero,
1148 699 1176 726 in
1192 707 1256 726 vera
1271 699 1480 734 participatione
1497 699 1618 725 omnium
1632 706 1692 733 qua-
1712 705 1764 725 no-

137 741 186 768 καὶ
200 741 377 777 Μανιχαίους,
390 742 436 769 καὶ
446 742 657 778 Εὐτυχιανιστάς
669 742 703 774 ⁸⁸,
712 742 759 768 καὶ
775 741 929 768 ’Δπολλινα-

137 786 244 822 ριστάς,
275 787 322 814 καὶ
351 787 532 822 Ἀκεφάλους,
556 788 603 814 καὶ
632 787 736 820 πάντας
761 786 928 819 ἁπαξαπλῶς

135 833 201 864 τοὺς
214 833 400 870 αἱρετίζοντας
416 834 587 860 καταϐάλλει.

174 879 297 913 Ἕξεως.
321 880 358 906 Τὸ
380 879 464 913 ἕξεως
488 880 604 907 ἐνταῦθα
633 881 664 907 οὐ
689 880 831 917 ποιότητός
855 888 928 912 τινος

137 925 257 962 ὲμμόνου
273 926 393 962 νοητὼν,
410 925 477 953 ἀλλά
494 925 630 958 καθέξεως
646 926 696 953 καὶ
710 926 851 962 διαμονῆς,
869 927 927 962 ἢτοι

137 972 337 1007 κατασχέσεως.

175 1020 217 1046 Οὐ
238 1019 312 1046 κατὰ
330 1018 467 1054 δύναμιν.
485 1018 651 1054 Σημείωσαι,
673 1019 714 1045 ὅτι
730 1019 780 1046 οὐκ
805 1019 834 1045 ὲν
857 1019 929 1054 ἰσχύϊ

137 1064 263 1100 ὲνίκησεν
279 1067 293 1092 ὀ
315 1065 430 1102 Χριστὸς
453 1065 499 1091 τὸν
523 1065 656 1096 Σατανᾶν,
673 1064 741 1091 ἀλλά
765 1064 856 1102 κρίσει
882 1065 929 1092 καὶ

136 1111 304 1147 δικαιοσύνῃ.
332 1111 416 1138 Τοῦτο
441 1111 488 1138 καὶ
508 1111 656 1147 Γρηγόριος
678 1111 693 1137 ὁ
708 1110 820 1146 Νύσσης
845 1111 874 1137 ὲν
889 1110 928 1146 τῷ

136 1157 331 1192 Κατηχητικῷ
346 1165 450 1192 φησιν.

177 1204 306 1231 Ὀλϐίου.
322 1203 462 1230 Πλουσίου.

175 1249 325 1277 Ἀνείδεον
339 1249 477 1276 κάλλεσι.
491 1250 546 1276 Καὶ
562 1249 691 1285 ἀνωτέρω
715 1249 801 1280 οὕτως
811 1248 925 1284 ἔφημεν,

133 1296 176 1322 ὅτι
191 1295 327 1323 ἀνείδεον
342 1295 373 1322 rb
389 1296 438 1331 τῆς
454 1295 567 1330 ἀγνοίας
586 1295 682 1326 σκότος
698 1295 777 1330 φησί.
795 1294 926 1330 Σημαίνει

132 1341 164 1369 δὲ
179 1343 201 1358 ¹²
215 1342 265 1377 τὴν
281 1342 440 1379 ἐλευθερίαν
455 1342 544 1378 ἡμῶν.

177 1386 412 1422 Ἑνατεστάτων.
430 1387 644 1422 Μεμιασμένων.

172 1431 186 1468 §
216 1431 272 1459 XII.
308 1432 366 1459 Ἀεὶ
393 1431 458 1465 ταῖς
481 1432 673 1466 ιεραρχικαῖς.
698 1432 755 1467 Τῆς
777 1431 926 1468 θεαρχικῆς

132 1478 311 1513 ἀγαθότητος,
328 1478 366 1510 ὡς
383 1477 434 1513 ἔφη
451 1479 480 1504 ὲν
496 1478 566 1514 ἀρχῇ
583 1477 629 1504 τοῦ
647 1477 803 1512 κεφαλαίου.

176 1523 330 1559 Ὑμνήσας
354 1523 388 1550 δὲ
409 1524 468 1551 καί.
499 1523 628 1550 Τουτέστι
650 1524 696 1551 τὸν
721 1524 802 1560 ἄρτον
827 1524 874 1551 καὶ
895 1523 926 1551 rb

131 1569 263 1604 ποτήριον
279 1568 397 1602 εὐλογῶν
413 1569 468 1595 τῶν
487 1568 572 1603 ἁγίων
588 1568 691 1605 δώρων.
718 1569 875 1604 Σημείωσαι
897 1569 926 1596 δὲ
939 1583 960 1612 C

131 1615 175 1641 ὅτι
199 1614 338 1650 πανταχοῦ
362 1615 528 1650 συμϐολικήν
550 1614 624 1648 λέγει
648 1614 699 1650 τὴν
723 1614 799 1641 θείαν
816 1615 924 1651 ἱερουρ-

131 1661 207 1696 γίαν,
225 1662 271 1688 καὶ
287 1661 321 1688 τὰ
338 1661 403 1696 ἅγια
419 1661 493 1698 δῶρα
510 1661 633 1697 σύμϐολα
654 1661 708 1688 τῶν
725 1661 781 1689 ἀνω
797 1661 845 1688 καὶ
860 1662 925 1697 ἁλη-

131 1707 147 1734 θ
152 1707 230 1734 ινωτέ
233 1716 298 1743 ρων.

170 1753 226 1780 Τὸν
238 1754 294 1789 γὰρ
308 1753 580 1789 ἐγκεκαλυμμένον.
599 1754 676 1781 Οὕτω
693 1754 739 1781 καὶ
755 1753 809 1786 πρὸ
831 1753 923 1788 ὀλίγου

131 1800 251 1836 εἴρηται,
268 1800 308 1826 ὅτι
325 1800 532 1835 κεκαλυμμένον
547 1799 626 1835 ἔμενε
642 1800 673 1826 rb
689 1800 761 1827 θεῖον
775 1799 862 1836 δῶρον
872 1800 923 1832 ἕως

132 1845 232 1882 καιροῦ
252 1845 440 1881 μεταλήψεως,
458 1846 482 1872 εί
503 1846 540 1881 μὴ
556 1845 610 1883 ἄρα
626 1845 832 1881 κεκαλυμμένον
848 1846 925 1881 λέγε-

130 1900 178 1918 ται
194 1891 224 1918 rb
240 1891 294 1918 ἀπὸ
308 1891 363 1918 τῶν
376 1891 481 1918 πολλῶν
497 1892 543 1918 καὶ
553 1891 606 1924 ἔξω
622 1891 758 1925 ἑστώτων,
772 1892 820 1919 καὶ
829 1892 923 1924 ἁπλῶς

130 1935 235 1962 λαῑκῶν
251 1937 395 1972 ἀποκεκρυ
400 1937 511 1972 μμένον.

172 1977 207 2004 Τὸ
222 1978 276 2013 γὰρ
289 1979 324 2006 ἐν
337 1980 396 2012 neat
409 1980 538 2007 ἁπλοῦν.
564 1980 673 2017 Ἐπειδὴ
688 1981 746 2009 ’καὶ
766 1982 855 2018 ψυχὴν
864 1990 922 2009 νοε-

132 2024 185 2062 ρὰν
202 2026 340 2062 καὶσῶμα
355 2028 447 2062 γήϊνον
462 2026 552 2054 ἔλαϐε.
565 2026 628 2063 [Ἐξ
643 2028 722 2063 ήμῶν
738 2029 922 2066 εἰδοποιούμε-

131 2079 188 2104 νον,
205 2071 276 2098 τοῦτ’
293 2072 396 2100 ἔστιτὸ
418 2073 478 2100 καθ’
499 2074 573 2109 ἡμᾶς
589 2073 668 2107 εἶδος,
693 2075 777 2111 ήγουν
803 2076 853 2112 τὴν
872 2076 923 2111 φύ-

132 2124 177 2143 σιν
192 2117 304 2154 λαϐών.]
321 2118 477 2154 Σημείωσαι
492 2118 521 2146 δὲ
546 2118 605 2151 πῶς
627 2121 750 2147 κοινωνοὶ
773 2120 847 2152 θείας
870 2121 921 2156 φύ-

132 2171 203 2194 σεως
225 2163 356 2199 γινόμεθα
381 2165 491 2200 Χριστῷ
516 2165 664 2201 ὲνούμενοι.
692 2166 848 2202 Σημείωσαι
874 2167 920 2194 καὶ

129 2209 168 2236 τὰ
183 2210 246 2245 περὶ
267 2211 317 2246 τῆς
332 2211 494 2247 οἰκονομίας,
511 2212 558 2239 καὶ
573 2212 615 2244 τίς
630 2213 644 2239 ὁ
665 2212 768 2247 φανεὶς,
784 2213 831 2240 καὶ
846 2213 887 2245 τίς
902 2214 919 2250 ή

130 2254 228 2286 κλάσις
242 2255 289 2282 τοῦ
303 2256 397 2292 ἄρτου,
413 2258 459 2284 καὶ
475 2257 599 2294 διανομὴ.

167 2303 237 2329 Κατ’
256 2302 358 2336 ἀκρον.
377 2303 506 2330 Τουτέστι
523 2306 583 2331 κατ’
600 2305 688 2340 ἄκραν
700 2304 796 2332 ἕνωσιν
813 2306 860 2332 καὶ
875 2315 920 2333 τε-

130 2347 216 2380 λείαν,
234 2349 281 2375 καὶ
296 2348 409 2385 οὺσιώδη
427 2350 487 2376 καθ’
504 2350 651 2378 ὑπόστασιν
667 2351 765 2387 ἀληθῆ.

173 2436 348 2470 Ἀλωὸήτου.
371 2438 524 2471 ’Λϐλαϐοὖς.

164 2482 227 2516 Χρὴ
242 2483 296 2518 γὰρ
311 2483 398 2518 ἡμᾶς.
415 2485 571 2521 Σημείωσαι
586 2485 629 2518 τίς
644 2486 659 2512 ό
673 2486 774 2518 σκοπὸς
788 2486 835 2514 τοῦ
843 2487 918 2523 ξΧρι-

130 2529 290 2564 στιανισμοῦ
297 2530 331 2557 ’³.

172 2574 236 2601 ’Υπ’
252 2575 324 2610 ὄψιν
342 2576 430 2612 ἄγων.
452 2578 519 2613 Περὶ
534 2577 582 2604 τοῦ
601 2578 703 2614 Κυρίου
726 2578 804 2614 ἡμῶν
829 2578 916 2614 Ἰησοῦ

130 2620 250 2656 Χριστοῦ
263 2622 380 2649 ἐνταῦθά
396 2631 476 2659 φησιν
493 2624 524 2650 οὐ
543 2624 724 2660 συμϐολικῶς,
742 2624 772 2651 ὃν
792 2625 840 2652 καὶ
853 2634 917 2660 νοη-

129 2666 180 2700 τὴν
203 2667 283 2702 ἡμῶν
311 2667 363 2704 ἔφη
379 2668 461 2705 ζωήν.
485 2670 521 2696 Τὸ
542 2670 571 2696 δὲ
591 2670 740 2703 παντελεῖ,
761 2671 853 2707 ἐπειδὴ
870 2672 917 2698 καὶ

130 2710 220 2748 ψυχήν
237 2713 343 2750 νοεράν,
358 2716 404 2742 καὶ
421 2716 500 2752 σῶμα
511 2717 602 2752 γήϊνον
615 2717 739 2744 ἀνέλαϐε.
756 2718 812 2744 Καὶ
827 2717 917 2749 καλῶς

979 751 1036 773 stra
1056 749 1120 773 sunt
1134 745 1193 773 sine
1207 751 1331 780 peccato,
1347 751 1375 773 et
1396 744 1561 772 Manichaeos
1575 747 1603 771 et
1616 744 1763 780 Eutychia-

979 800 1041 824 nos.
1058 796 1085 820 et
1101 792 1285 827 Apollinarios
1307 795 1334 819 et
1356 790 1518 827 Acephalos,
1541 794 1569 819 et
1583 797 1638 818 uno
1652 790 1763 818 nomine

980 845 1075 866 omnes
1091 838 1234 866 haereticos
1251 837 1412 873 prosternit.

1018 883 1118 910 Habitu
1139 892 1184 910 seu
1209 888 1291 916 statu,
1315 882 1364 911 Gr.
1388 883 1480 916 ἕξεως.
1499 883 1601 916 Ἔξεως
1624 882 1676 910 hoc
1690 882 1760 914 loco,

979 938 1034 958 non
1045 930 1185 966 qualitatis
1198 929 1340 965 cujusdam
1356 929 1461 958 stabilis
1476 928 1680 964 intelligendum
1694 938 1700 955 :
1714 929 1761 956 sed

978 976 1230 1012 comprehensionis
1243 979 1271 1004 et
1287 975 1424 1003 ﬁrmitatis
1439 980 1487 1002 aut
1503 974 1672 1002 retentionis.

1014 1022 1076 1050 Non
1096 1022 1206 1050 viribus.
1224 1021 1294 1049 Nota
1306 1021 1445 1050 Christum
1461 1028 1516 1048 non
1531 1021 1582 1056 71
1605 1020 1703 1048 robore
1720 1020 1762 1046 vi-

978 1069 1049 1096 cisse
1067 1068 1223 1102 diabolum;
1241 1068 1288 1096 sed
1301 1068 1406 1103 judicio
1436 1071 1463 1095 et
1476 1067 1594 1102 justitia.
1610 1065 1665 1094 Hoc
1680 1066 1764 1094 etiam

977 1113 1126 1150 Gregorius
1139 1113 1280 1149 Nyssenus
1293 1114 1320 1141 in
1335 1113 1499 1141 Catealtetico
1514 1113 1590 1140 dicit.

1015 1203 1107 1236 Beato,
1122 1202 1170 1230 Gr.
1186 1202 1285 1229 ὀλϐίου.
1304 1201 1396 1234 Diviti,
1413 1202 1534 1237 copioso.

1014 1248 1160 1283 Infamem
1171 1248 1421 1284 putehrt‘tudim'bus.
1437 1248 1524 1276 Etiam
1541 1256 1622 1283 supra
1638 1249 1674 1276 ita
1687 1249 1762 1276 dixi-

977 1302 1050 1327 mus,
1064 1294 1136 1330 quud
1149 1295 1267 1321 ἀνείδεον
1278 1295 1457 1330 ignorationis
1469 1295 1614 1330 caliginem
1625 1294 1708 1322 dicat.
1719 1294 1761 1322 Si-

977 1340 1088 1376 gniﬁcat
1103 1344 1193 1368 autem
1211 1340 1361 1368 libertatem
1378 1345 1511 1368 nostram.

1014 1386 1192 1414 thditsimt't.
1205 1386 1464 1422 Coinquinatorum.

1014 1433 1028 1470 ς
1042 1433 1100 1461 XII.
1119 1433 1226 1468 Semper
1247 1433 1429 1461 hieran/dcis.
1445 1432 1548 1461 Divina:
1562 1433 1758 1468 bonitatiaeic-

977 1488 1006 1509 ut
1037 1480 1106 1508 dixit
1120 1480 1148 1507 in
1165 1480 1301 1515 principio
1316 1479 1425 1515 capitis.

1012 1525 1188 1558 Collaudana,
1205 1531 1254 1553 etc.
1272 1525 1301 1553 ld
1322 1530 1374 1558 est,
1391 1533 1488 1560 panem
1503 1529 1531 1553 et
1553 1526 1666 1554 calicem
1682 1525 1761 1554 bene<

977 1573 1071 1601 dicens
1081 1576 1239 1600 sanctorum
1252 1572 1397 1599 donorum.
1412 1571 1480 1599 Nota
1493 1579 1562 1600 vero
1573 1572 1646 1607 quod
1660 1572 1761 1607 ubique

975 1619 1173 1648 sacramentaie
1194 1617 1261 1645 dicit
1275 1617 1398 1644 divinum
1421 1617 1597 1650 sacriﬁcium,
1614 1622 1642 1646 et
1665 1622 1764 1646 sancta

974 1665 1047 1692 dona
1061 1668 1234 1692 sacramenta
1248 1672 1310 1692 esse
1324 1664 1488 1697 caelestium,
1504 1668 1531 1692 et
1545 1665 1693 1692 veriorum.

1011 1753 1137 1787 Opertum
1151 1753 1230 1780 enim.
1251 1752 1298 1780 Sic
1313 1753 1395 1780 etiam
1412 1752 1494 1789 paulo
1511 1757 1574 1780 ante
1587 1753 1690 1780 dictum
1706 1758 1762 1786 est.

973 1799 1046 1835 quod
1067 1805 1191 1834 opertum
1206 1799 1335 1827 manebat
1355 1798 1476 1826 divinum
1499 1799 1600 1826 donum
1617 1807 1705 1834 usque
1725 1800 1760 1828 ad

973 1850 1082 1882 tempus
1097 1846 1312 1879 communionis;
1336 1845 1390 1872 nisi
1405 1844 1476 1873 forte
1498 1849 1623 1880 opertum
1639 1845 1739 1873 dicitur
1749 1866 1762 1878 ,.

973 1892 999 1920 id
1012 1891 1085 1928 quod
1095 1891 1189 1920 multis
1204 1895 1232 1920 et
1245 1891 1278 1918 iis
1289 1891 1335 1926 qui
1344 1886 1426 1919 "extra
1439 1894 1522 1925 stant,
1536 1895 1562 1919 et
1571 1899 1624 1918 uno
1636 1891 1757 1924 nomine,

973 1938 1050 1966 laicis
1067 1938 1206 1965 occultum
1217 1940 1269 1965 est.

1011 1983 1123 2012 Unicum
1139 1984 1209 2011 enim
1220 1983 1299 2016 illud,
1315 1991 1346 2010 at:
1360 1983 1483 2019 simplex.
1495 1982 1719 2019 Quandoquidem
1731 1989 1759 2012 et

972 2031 1091 2058 animam
1107 2030 1329 2062 intellectualem,
1341 2033 1368 2058 et
1379 2037 1480 2066 corpus
1490 2034 1627 2058 terrenum
1642 2031 1756 2065 accepit.

974 2075 1024 2112 [Ex
1038 2076 1118 2104 nobis
1132 2075 1277 2108 formatus,
1292 2076 1346 2103 hoc
1357 2079 1409 2109 est,
1422 2076 1513 2110 specie
1529 2083 1577 2104 seu
1596 2079 1693 2102 natura
1705 2083 1756 2102 no-

972 2125 1029 2148 stra
1045 2119 1208 2157 assumpta.]
1221 2119 1291 2147 Nota
1304 2127 1380 2152 vero,
1397 2120 1535 2155 quomodo
1548 2119 1695 2154 participes
1715 2120 1757 2147 di-

971 2166 1042 2194 vinae
1064 2169 1170 2194 naturae
1190 2166 1343 2193 efﬁciamur
1356 2165 1467 2194 Christo
1482 2165 1571 2192 uniti:
1591 2169 1656 2192 nota
1675 2165 1761 2193 etiam,

970 2219 1002 2239 ea
1013 2219 1074 2246 quae
1085 2211 1300 2239 incarnationem
1313 2211 1462 2246 attingunt,
1471 2216 1497 2239 et
1508 2211 1571 2246 quis
1583 2211 1756 2245 apparuerit:

939 2263 960 2290 υ
972 2264 1032 2292 quae
1047 2257 1083 2284 sit
1098 2257 1197 2284 tractio
1211 2256 1291 2292 panis
1305 2261 1332 2284 et
1348 2255 1517 2285 distributio.

1009 2301 1062 2328 Per
1077 2309 1218 2333 summam,
1229 2299 1276 2327 Gr.
1291 2301 1351 2326 κατ’
1367 2299 1460 2335 ἀκρον.
1475 2298 1503 2326 Id
1518 2303 1560 2326 est
1570 2304 1676 2325 summa
1690 2305 1757 2324 con-

968 2346 1110 2381 junctione
1124 2351 1152 2375 et
1165 2346 1296 2383 perfecta,
1318 2351 1399 2381 atque
1414 2344 1587 2373 substantiali
1603 2344 1757 2370 secundum

970 2400 1061 2420 veram
1074 2392 1289 2420 subsistentiam.

1007 2438 1202 2471 Immaculataz,
1220 2437 1268 2465 Gr.
1282 2437 1433 2472 ἀλωϐήτου.
1452 2435 1588 2464 Innocua}.

1008 2485 1116 2520 Oportet
1139 2486 1209 2512 enim
1233 2493 1290 2513 nos.
1314 2483 1394 2515 Nota.
1421 2483 1483 2518 quis
1506 2482 1568 2510 ﬁnis
1592 2481 1755 2510 Christianas

971 2531 1155 2567 perfectionis.

1006 2577 1060 2606 Sub
1076 2582 1209 2612 aspectum
1226 2576 1368 2605 adducens.
1386 2575 1423 2603 De
1438 2575 1552 2602 Domino
1573 2577 1670 2601 nostro
1687 2571 1753 2600 Jesu

969 2623 1080 2652 Christo
1100 2623 1153 2650 hoc
1167 2623 1227 2650 loco
1241 2623 1307 2650 dicit
1321 2630 1376 2649 non
1391 2629 1439 2657 per
1453 2621 1545 2656 signa;
1570 2626 1650 2654 quem
1669 2618 1754 2645 etiam

970 2670 1119 2705 spiritalem
1133 2669 1215 2696 vitam
1229 2673 1352 2696 nostram
1366 2676 1427 2696 esse
1436 2667 1515 2694 dixit.
1530 2666 1648 2693 Verbum
1661 2668 1750 2690 autem

972 2715 1098 2742 παντελεί
1113 2715 1239 2748 adhibet;
1254 2717 1398 2750 propterea
1416 2713 1487 2748 quod
1503 2717 1529 2740 et
1543 2711 1662 2738 animum
1675 2715 1754 2736 men-

572 2807 691 2836 VARIA‘J
711 2806 904 2836 LECTIONES
922 2808 966 2836 ET
986 2807 1264 2837 CORRECTIONES.

167 2893 188 2909 “
204 2893 408 2930 Εὐτυχιανιτάς.
443 2896 464 2912 ¹¹
482 2895 687 2931 σημείωσαιδέ.
717 2895 922 2933 ¹³Χριςτιανῶν.
