1925 3060
177 170 226 198 ιδι

563 166 738 199 ἎΡΡΕΝΒΙΧ
754 171 800 199 AD
816 169 930 199 OPERA
945 169 1142 206 S._DIONYSII
1161 169 1403 198 AREOPAGITAE.

1753 171 1806 197 15⁸2

175 227 212 254 tis
233 227 404 263 participem,
426 232 454 256 et
469 233 609 256 terrenum
624 237 725 264 corpus
747 229 858 264 accipit.
875 229 954 257 Recte

1020 227 1086 255 ;ἶπεν
1103 228 1264 262 ἀσυγχύτῳ
1285 226 1526 260 ὲνανθρωπήσει·
1553 226 1644 262 ἔμεινε
1659 226 1714 262 γὰρ
1737 226 1805 259 Θεὸς

174 272 256 300 etiam
269 273 337 300 dixit
346 274 487 308 incanfusa
497 275 670 302 humanitatis
679 276 872 309 assumptione;
884 284 962 303 man-

175 318 210 345 sit
224 318 296 345 enim
311 319 382 347 Deus
396 320 443 354 qui
456 320 537 348 homo
549 321 624 348 visus
634 325 685 354 est,
701 321 818 349 servatis
835 323 960 357 utrisque

173 367 278 390 naturae
293 364 524 399 proprietatibus;
539 369 567 392 et
582 369 645 393 nota
653 370 749 393 contra
763 366 959 398 Apollinarios.

209 408 338 436 Nostram
360 411 470 444 speciem
493 410 653 438 induentem.
676 412 705 439 Id
720 416 762 440 est
777 412 895 447 speciem
910 420 960 439 no-

173 460 257 484 stram
271 457 328 484 sive
343 460 469 484 naturam
485 464 547 484 cum
563 458 770 492 assumpsisset.

206 501 354 536 Participes
373 503 428 530 Dei.
448 502 527 533 Nota.
544 503 680 537 quomodo
695 503 845 538 participes
859 503 960 532 divinae

172 553 275 576 natura
287 549 429 581 efﬁcimur,
447 549 557 577 Christo
572 550 728 584 conjuncti.

207 595 260 630 72
277 595 291 631 §
314 591 434 623 XIVIln
447 596 597 630 gratiarum
617 597 757 630 actionem,
784 597 832 628 Εἰς
847 597 958 633 εὐχαρι-

172 642 257 668 στίαν.
277 641 315 669 De
330 641 499 669 eucharistia
515 641 593 669 dicit.

208 686 424 714 Distributionem
436 687 574 714 antecedit.
593 687 781 715 Communiter
795 690 900 723 ἡγεῖται
909 696 958 723 pro

171 733 332 768 προηγεῖται
345 733 475 768 ponitur;
491 733 564 768 quod
576 734 694 769 primum
708 739 815 769 oportet
830 735 957 762 sacerdo-

171 783 222 807 te.n
238 785 357 812 sumere,
375 784 458 814 atque
473 780 510 807 ita
525 781 739 809 communicare.
763 779 888 817 Sumptio
903 782 956 818 igi-

170 832 214 853 tur
227 830 254 854 et
269 827 425 854 communio
448 826 508 861 ejus
530 827 578 862 qui
599 827 709 858 obtulit.
727 828 870 863 mysticam
892 829 957 856 reli—

167 880 286 908 quorum
302 872 524 901 distributionem
539 874 686 902 antecedit.

1012 275 1153 311 ἄνθρωπος
1175 274 1277 309 ὀφθεὶς,
1304 274 1351 301 καὶ
1367 274 1501 310 ἑκατέρας
1518 273 1626 308 φύσεως
1652 273 1746 305 σώζων
1768 273 1805 300 τὰ

1013 320 1160 356 ἰδιώματα·
1180 320 1228 348 καὶ
1244 320 1396 356 σημείωσαι
1412 320 1483 348 κατὰ
1506 319 1759 357 ’Δπολλιναριστῶν.

1052 410 1103 444 Ἐξ
1115 410 1201 446 ἡμῶν
1210 410 1465 446 εἰδοποιούμενον.
1476 409 1606 437 Τουτέστι
1617 409 1648 436 τὸ
1659 409 1719 436 καθ’
1729 409 1804 444 ἡμᾶς

1010 455 1089 489 εἶδος,
1107 458 1190 493 ἧγουν
1206 457 1256 493 τὴν
1272 457 1353 492 φύσιν
1368 457 1493 484 λαϐόντα.

1046 504 1187 531 Κοινωνοί
1218 504 1302 531 Θεοῦ,
1326 503 1482 539 Σημείωσαι
1501 503 1560 535 πῶς
1580 503 1702 531 κοινωνοί⁸
1725 503 1802 535 θείας

1010 550 1116 585 φύσεως
1130 551 1270 585 γινόμεθα,
1288 550 1398 586 Χριστῷ
1415 551 1564 586 ένούμενοι.

1047 598 1060 633 §
1075 597 1144 625 XIV.
1160 600 1212 631 Εἰς
1224 597 1429 632 εὐχαριστίαν.
1447 597 1515 632 Περί
1529 596 1713 633 εὐχαριστίας.

1044 685 1238 719 Μεταδόσεως
1262 686 1385 722 ἡγεῖται.
1411 686 1491 714 Κατὰ
1514 687 1604 714 κοινοῦ
1621 686 1651 714 τὸ
1666 687 1779 722 ἡγεῖται
1790 707 1798 718 ,

1008 731 1091 766 ἤγουν
1109 733 1283 767 προηγεῖται·
1308 733 1348 759 ὅτι
1365 733 1473 769 πρῶτον
1489 732 1530 759 δεῖ
1546 733 1590 759 τὸν
1615 732 1690 769 ἱερέα
1716 741 1799 768 μετα-

1007 777 1165 812 λαμϐάνειν,
1180 779 1227 805 καὶ
1242 778 1313 806 οὕτω
1334 779 1514 814 μεταδιδόναι.
1532 779 1637 806 Οὐκοῦν
1663 780 1679 814 ἠ
1698 780 1798 814 μετοχὴ

1007 823 1124 858 ἡγεῖται,
1142 825 1221 860 καὶὴ
1245 825 1398 860 μετάληψις
1418 824 1466 851 τοῦ
1491 826 1726 861 προσκομίσαντος
1749 826 1799 860 τῆς

1009 869 1143 904 μυστικῆς
1158 870 1343 906 διανεμήσεως
1358 871 1413 898 τῶν
1429 871 1541 898 λοιπῶν.

204 921 307 948 Divinis
323 922 493 957 magisteriis.
511 921 625 955 Qualem
645 926 768 958 oporteat
786 922 954 951 sacerdotem

1022 954 1034 958 μ
1043 913 1109 947 Ταῖς
1123 914 1237 948 ἐνθέοις
1249 914 1467 949 διδασκαλίαις.
1483 918 1589 944 Ὀποῖον
1608 916 1649 943 δεῖ
1658 916 1704 942 τὸν
1722 915 1798 951 ἱερέα

168 976 237 996 esse.

202 1015 255 1049 Qui
273 1019 368 1042 temere
382 1015 539 1042 abutuntur.
555 1014 634 1048 Quod
649 1015 688 1042 ait
702 1020 743 1043 est
758 1016 910 1051 ejusmodi:
922 1015 957 1043 Ut

167 1061 295 1090 sacerdos
310 1061 356 1096 qui
373 1069 428 1089 non
442 1062 548 1096 primus
561 1062 636 1096 capit
648 1069 679 1089 ea
695 1069 755 1097 quae
767 1062 877 1094 obtulit,
892 1070 957 1097 pro-

168 1108 248 1136 fanus
269 1112 329 1141 est;
345 1107 386 1136 sic
407 1107 426 1134 ii
439 1109 487 1144 qui
510 1108 612 1135 audent
632 1108 730 1135 docere
745 1109 824 1142 alios,
846 1116 897 1136 nec
913 1109 955 1136 fa-

166 1154 243 1181 ciunt
263 1162 324 1189 qua:
345 1154 460 1187 docent,
487 1154 594 1190 profani
610 1158 683 1188 _sunt
703 1163 710 1181 :
735 1154 889 1182 faciendum
913 1159 955 1182 est

166 1200 252 1233 enim,
267 1206 349 1236 atque
363 1201 401 1228 ita
419 1201 583 1233 docendum.
607 1201 759 1229 secundum
778 1201 845 1229 illud
866 1210 880 1229 a
902 1202 955 1230 Do-

167 1246 241 1274 mino
255 1247 357 1275 dictum
374 1257 380 1275 :
400 1247 453 1280 Qui
475 1247 565 1282 fecerit
588 1252 614 1274 et
632 1247 760 1280 docuerit,
783 1248 824 1275 hic
843 1257 954 1284 magnus

166 1292 302 1320 vocabitur
312 1299 335 1320 ε.

205 1339 299 1366 Divina
314 1341 454 1368 sententia.
474 1340 569 1368 Divina
586 1342 656 1377 lege.

202 1385 313 1413 Minime
327 1386 489 1415 audendum.
506 1388 595 1416 Metue
609 1389 731 1415 omnino.

200 1432 363 1466 Aptatorem,
382 1432 428 1461 Gr.
441 1435 590 1470 ἁρμοστήν.
606 1434 635 1462 Id
650 1439 692 1462 est
713 1442 875 1471 congruum.
896 1436 954 1472 *Αρ-

167 1480 268 1515 μοστήν
289 1479 415 1508 dicebant
435 1480 633 1509 Lacedaemonii
653 1490 716 1510 eum
740 1482 786 1518 qui
808 1482 953 1517 praefectus

164 1529 223 1552 erat
238 1526 272 1553 ab
285 1526 352 1560 ipsis
367 1526 481 1555 urbibus
496 1531 523 1555 et
540 1528 657 1563 oppidis,
672 1536 732 1564 quze
751 1536 846 1556 eorum
872 1529 953 1557 ditio-

1008 954 1087 986 εἶναι.

1044 1007 1077 1032 Οἰ
1105 1006 1258 1041 τολμηρῶς·
1285 1008 1532 1044 ἀποκεχρημένοι.
1563 1011 1595 1037 '0
1619 1009 1693 1044 λέγει
1718 1012 1797 1039 τοῦτό

1007 1051 1090 1078 ἐστιν·
1099 1051 1194 1088 ῶσπερ
1209 1053 1223 1079 ὁ
1236 1054 1326 1089 ἱερεὺς
1337 1054 1374 1090 μὴ
1391 1055 1499 1091 πρῶτος
1516 1055 1729 1091 μεταλαμϐάνων
1741 1058 1797 1085 τῶν

1007 1097 1052 1124 ὑπ’
1062 1098 1143 1124 αὐτοῦ
1157 1099 1423 1135 προσκομισθέντων,
1436 1101 1542 1135 ἀνίερός
1557 1103 1644 1128 ἐστιν·
1663 1102 1734 1130 οὕτω
1748 1103 1797 1130 καὶ

1005 1144 1029 1170 οἱ
1046 1144 1199 1179 τολμῶντες
1214 1145 1350 1174 διδάσκειν
1366 1146 1471 1180 ἄλλους,
1490 1147 1528 1183 μὴ
1545 1147 1709 1183 πράττοντες
1723 1149 1741 1177 ἃ
1757 1150 1796 1176 δι-

1005 1189 1158 1222 δάσκουσιν,
1183 1191 1286 1227 άνίεροί
1307 1192 1373 1218 εἰσι·
1391 1193 1431 1219 δεῖ
1453 1193 1507 1229 γὰρ
1532 1196 1628 1227 ποιεῖν,
1653 1195 1701 1222 καὶ
1723 1195 1796 1222 οὕτω

1005 1234 1139 1262 διδάσκειν
1150 1255 1158 1268 ,
1176 1236 1246 1263 κατὰ
1271 1237 1301 1263 τὸ
1328 1237 1474 1273 εἰρημένον
1497 1238 1550 1265 ὑπὸ
1563 1239 1587 1254 ’δ
1601 1240 1648 1266 τοῦ
1667 1239 1770 1275 Κυρίου
1784 1248 1791 1255 ·

1011 1280 1042 1307 '0
1053 1281 1184 1315 ποιήσας
1196 1283 1244 1309 καί
1255 1282 1388 1317 διδάξας,
1396 1284 1485 1317 οὗτος
1492 1284 1588 1320 μέγας
1599 1285 1793 1319 κληθήσεται.

1042 1326 1253 1360 Θεσμοθεσιας.
1269 1327 1322 1354 Τοῦ
1338 1327 1411 1354 θείου
1427 1328 1520 1364 νόμου.

1042 1374 1083 1400 οὐ
1095 1374 1266 1409 τολμητέον.
1284 1374 1418 1410 Φοϐήθητι
1436 1375 1515 1402 πάνυ.

1046 1419 1224 1455 Ἀριιοστὴν.
1236 1420 1382 1447 Τουτέστιν
1395 1421 1533 1457 ἁρμόδιον.
1551 1422 1718 1458 Ἀρμοστὴν
1731 1423 1791 1450 ἕλε-

1004 1473 1053 1499 γον
1067 1466 1092 1491 οἰ
1108 1465 1325 1501 Λακεδαιμόνιοι,
1342 1465 1388 1492 τὸν
1405 1466 1602 1503 καθιστάμενον
1634 1468 1682 1494 ὑπ’
1703 1468 1793 1496 αὐτῶν

1005 1511 1123 1547 ἄρχοντα.
1146 1511 1200 1538 τῶν
1227 1511 1414 1547 ὑποκειμένων
1441 1513 1533 1545 αὐτοῖς
1565 1514 1686 1547 πόλεων,
1717 1514 1793 1550 ’παρὰ

165 1571 208 1599 nis
228 1558 322 1605 erant,
345 1573 380 1601 ab
400 1558 598 1610 ἁρμόζειν,ιὶιὰ
623 1558 666 1603 est
681 1558 811 1610 .aptando
835 1582 883 1603 eos
905 1576 952 1611 qui

1020 1558 1178 1593 ὺὰρμόζὲιν
1191 1559 1254 1590 τοὺς
1263 1559 1430 1596 ἀρχομένους
1446 1560 1495 1596 ζῇν
1512 1560 1583 1587 κατὰ
1600 1561 1662 1592 τοὺς
1684 1560 1790 1596 νόμους,

166 1623 270 1653 parent,
293 1624 323 1646 ut
341 1620 435 1647 vivant
449 1629 482 1648 ex
496 1621 612 1656 legibus.
632 1621 701 1649 Hinc
721 1622 803 1649 etiam
819 1623 954 1658 ἁρμοστῆ-

166 1673 216 1701 ρας
235 1673 345 1694 rursum
368 1667 540 1702 appellabant
560 1668 740 1696 Alhenienses
760 1677 826 1701 eos,
847 1669 894 1704 qui
918 1668 950 1696 ad

164 1711 233 1737 bene
249 1710 394 1738 vivendum
417 1713 484 1740 alios
505 1713 672 1749 dirigebant;
697 1718 727 1741 ut
741 1715 821 1749 plane
843 1714 909 1742 dicit
923 1714 952 1742 in

164 1756 286 1784 dramate
306 1757 409 1793 Legatis
434 1759 511 1786 Plato
531 1760 662 1788 comicus.
686 1760 744 1788 Hoc
764 1761 847 1797 igitur
869 1761 952 1788 etiam

165 1803 224 1831 loco
240 1803 386 1840 Dionysius
406 1807 546 1843 ἁρμοστήν
561 1807 719 1843 episcopum
736 1807 866 1836 Ecclesia
880 1809 954 1843 prin-

164 1850 251 1885 cipem
267 1852 378 1886 proprie
390 1855 552 1881 nominavit.

200 1897 332 1930 Quoniam
351 1900 396 1934 qui
407 1905 511 1928 sancta.
527 1900 596 1928 Nota
610 1901 674 1936 quid
687 1901 722 1929 sit
738 1900 859 1933 Gustata,
875 1906 900 1928 et
911 1902 951 1928 vi-

163 1944 220 1972 dete
233 1948 252 1971 ι.

457 1993 492 2021 ΙΝ
509 1993 586 2022 CAP.
607 1993 652 2021 iV.

200 2038 214 2075 ς
230 2039 250 2066 1.
269 2039 327 2067 Hoc
341 2041 420 2069 modo
438 2042 472 2068 ad
488 2041 554 2068 illud
566 2049 656 2069 unum.
670 2041 727 2069 Hoc
736 2046 788 2075 est,
802 2043 835 2070 ad
852 2043 949 2071 intelli-

164 2086 246 2120 gibile
257 2091 284 2114 et
299 2087 451 2122 spirituale.

197 2132 262 2160 Cum
292 2134 381 2162 odoris
402 2135 554 2171 fragrantia
581 2137 757 2172 processione.
789 2136 858 2170 Pro,
889 2145 951 2165 cum

162 2179 309 2216 cpiscopus
323 2186 409 2210 totum
433 2184 564 2220 templum
582 2184 704 2212 incensis
724 2184 855 2212 odoribus
874 2193 950 2212 com-

162 2227 284 2261 pleverit.

1005 1605 1065 1632 ὅθεν
1096 1605 1143 1632 καὶ
1171 1604 1364 1640 ἁρμοστῆρας
1397 1605 1477 1633 πάλιν
1510 1606 1625 1633 ἐκάλουν
1658 1605 1792 1641 Ἀθηναῖοι

1003 1653 1067 1685 τοὺς
1085 1653 1125 1685 εἰς
1140 1653 1171 1679 τὸ
1187 1651 1217 1680 εὖ
1235 1653 1283 1689 ζῇν
1299 1654 1500 1686 διατάττοντας,
1516 1654 1553 1685 ὡς
1569 1653 1663 1688 σαφῶς
1680 1653 1792 1680 Πλάτων

1003 1700 1017 1725 ὁ
1034 1699 1156 1734 κωμικὸς
1171 1698 1246 1735 δηλοῖ
1262 1700 1291 1726 ἐν
1307 1700 1455 1734 Πρέσϐεσι
1471 1699 1509 1735 τῷ
1534 1699 1661 1736 δράματι.
1680 1700 1734 1727 Καὶ
1749 1701 1792 1726 ὲν-

1003 1744 1090 1772 ταῦθα
1103 1745 1191 1772 τοίνυν
1205 1745 1372 1780 ἁρμοστὴν,
1384 1746 1429 1773 τὸν
1444 1746 1564 1782 ἄρχοντα
1574 1745 1792 1782 τῆςἙκκλησίας

1003 1791 1151 1819 ἐπίσκοπον
1167 1792 1276 1824 οἰκείως
1289 1793 1425 1828 ὠνόμασε.

1040 1867 1080 1903 Τῇ
1093 1868 1147 1903 γὰρ
1161 1867 1233 1903 ἱερᾷ.
1243 1868 1398 1904 Σημείωσαι
1410 1869 1436 1895 τι
1449 1868 1506 1895 ἐστι
1516 1868 1560 1895 τό·
1569 1869 1728 1896 Γεύσασθε
1742 1868 1790 1896 καί

1004 1915 1090 1944 ἴδετε.

1240 2003 1294 2029 ΕΙΣ
1310 2003 1353 2029 ΤΟ
1370 2003 1494 2029 ΚΕΦΑΛ.
1509 2003 1546 2030 Δ’.

1040 2048 1054 2085 §
1071 2048 1090 2076 1.
1115 2048 1196 2076 οὕτω
1211 2049 1286 2083 πρὸς
1306 2048 1338 2075 τὸ
1360 2049 1404 2076 ἓν.
1422 2049 1550 2076 Τουτέστι
1568 2049 1635 2085 πρὸς
1654 2049 1684 2076 τὸ
1698 2048 1791 2085 νοητὸν

1003 2096 1049 2122 καὶ
1066 2095 1256 2131 πνευματικόν.

1036 2142 1177 2176 Εὺόσμου
1192 2140 1387 2176 περιαγωγῆς.
1405 2141 1477 2168 Ἀντὶ
1490 2141 1537 2167 τοῦ
1555 2140 1735 2177 θυμιάσαντος
1744 2141 1791 2168 τοῦ

1004 2187 1154 2214 ἐπισκόπου
1171 2188 1261 2214 πᾶσαν
1278 2188 1327 2224 τὴν
1343 2188 1501 2225 ἐκκλησίαν.

214 2272 364 2302 Canticum.
377 2276 482 2311 "Artog,
505 2277 532 2305 ιὰ
556 2282 599 2306 est
615 2276 744 2311 Sanctus,
772 2278 951 2312 scilicet;aut

1039 2278 1261 2313 Μελῴδημα.Τὺ
1280 2278 1372 2312 Ἄγιος
1387 2278 1512 2315 ’δηλονότι
1524 2299 1531 2312 ,
1549 2278 1565 2314 ἦ
1583 2278 1630 2306 καὶ
1644 2278 1675 2306 τδ
1697 2279 1790 2317 Ἀλλη-

161 2319 287 2348 Alleluia.

198 2365 232 2392 Et
244 2375 321 2401 super
334 2377 373 2395 eo.
387 2368 439 2396 Per
454 2370 543 2404 ipsum
557 2371 629 2399 enim
639 2379 720 2400 omne
734 2373 807 2408 quod
822 2377 947 2401 sanctum

161 2416 214 2444 est,
231 2414 380 2447 perficitur.

197 2457 240 2484 Ill.
266 2458 279 2494 §
303 2459 325 2486 l.
349 2460 466 2489 Sanctis.
489 2463 559 2491 Nota
583 2472 646 2492 vere
668 2465 791 2492 divinum
817 2466 946 2497 verbum,

160 2504 232 2538 quod
249 2509 356 2540 oportet
376 2507 484 2536 divinos
500 2510 574 2538 viros
589 2511 710 2539 occultas
724 2512 824 2539 habere
843 2519 858 2538 a
878 2520 947 2539 vana

160 2550 244 2584 gloria
260 2550 369 2578 virtutis
384 2552 515 2581 actiones.

197 2595 390 2629 Simulacrum,
409 2598 456 2626 Gr.
472 2600 592 2636 ἄγαλμα.
609 2601 710 2636 Imago.

197 2642 227 2669 Si
237 2643 278 2677 fas
298 2649 348 2676 est,
362 2644 407 2672 Gr.
423 2646 446 2672 εἰ
463 2645 550 2682 θέμις.
568 2646 718 2681 Sijustum.

198 2688 231 2716 In
243 2691 368 2727 imagine.
384 2692 441 2720 Etsi
455 2693 624 2721 immutatam
640 2699 722 2730 atque
733 2697 807 2724 omni
820 2704 852 2724 ex
870 2700 946 2730 parte

197 2765 208 2778 ³
226 2759 320 2788 Matth.
338 2770 364 2795 v,
382 2762 424 2790 i9.
467 2763 560 2792 ‘Psal.
579 2773 677 2798 χχχιιι,
693 2765 719 2792 9.

1003 2327 1087 2351 λούῖα.

1040 2373 1093 2399 Καὶ
1111 2372 1167 2406 τὴν
1179 2372 1225 2398 ἐπ’
1239 2372 1329 2406 αὐτῷ.
1345 2373 1383 2398 Δι’
1400 2371 1481 2399 αὑτοῦ
1497 2372 1551 2408 γὰρ
1567 2373 1639 2400 ἅπαν
1656 2373 1733 2407 ἆγιον
1748 2381 1792 2399 τε-

1001 2418 1129 2445 λειοῦται.

1037 2463 1080 2492 lli.
1094 2465 1136 2501 ξι.
1156 2465 1219 2498 Τοῖς
1230 2465 1327 2500 ἱεροῖς.
1337 2465 1608 2502 Σημείωσαιὰληθῶς
1618 2465 1688 2492 θεῖον
1701 2465 1789 2499 λόγον,

1001 2512 1041 2538 ὃτι
1057 2511 1098 2538 δεῖ
1119 2512 1183 2543 τοὺς
1199 2511 1287 2544 θείους
1305 2512 1404 2548 ἄνδρας
1425 2512 1634 2548 κεκαλυμμένας
1650 2512 1721 2548 ἔχειν
1737 2511 1790 2538 ἀπὸ

1000 2556 1077 2593 δόξης
1094 2557 1175 2593 κενῆς
1190 2558 1240 2590 τὰς
1254 2558 1304 2594 τῆς
1320 2559 1420 2596 ἀρετῆς
1436 2557 1560 2595 πράξεις.

1037 2604 1069 2631 Ἀ
1074 2606 1181 2639 milia.
1197 2604 1295 2631 Εἰκὼν.

1034 2652 1068 2677 Εἰ
1084 2650 1175 2686 θέμις.
1188 2651 1220 2678 Εἰ
1236 2651 1347 2678 δίκαιον.

1044 2698 1094 2724 Ἐν
1105 2698 1141 2733 τῇ
1152 2699 1255 2726 εἰκόνι.
1272 2699 1303 2726 Εἰ
1319 2699 1366 2725 καὶ
1381 2698 1412 2725 τὺ
1422 2698 1629 2735 ἀπαράλλακτον
1646 2697 1787 2726 καὶπάνττί

604 2845 721 2874 Vilile
739 2845 932 2875 LECTIONES
950 2846 993 2875 ET
1010 2845 1287 2876 CORRECTIONES.

195 2908 219 2923 ’⁸
229 2908 314 2942 παρὰ.
