1914 3063
134 161 187 190 I53
501 159 531 188 S.
551 159 674 188 MAXIM!
690 159 837 190 SCHOLIA
855 161 889 189 IN
906 160 960 188 LIB

964 183 970 190 .
988 161 1032 188 DE
1048 160 1189 189 ECCLES.
1209 158 1397 188 HIERARCH.

1714 159 1765 188 ιδι

129 223 225 257 ὅμοιον
241 221 298 256 ἔχει
312 222 330 257 ἡ
347 220 430 248 εἰκὼν
452 220 521 256 πρὸς
538 220 569 247 τὸ
584 221 750 256 ἀρχέτυπον,
768 221 825 248 ἀλλ’
843 223 860 258 ἡ
881 223 912 250 οὐ

979 221 1128 258 perfectam
1155 221 1364 249 similitudinem
1390 218 1474 246 habet
1497 219 1598 254 imago,
1616 218 1649 246 ad
1672 227 1765 246 exem-

131 268 188 300 σία,
206 268 284 303 φησὶ,
301 267 442 303 διάφορος·
453 268 469 303 ή
482 267 531 303 μὲν
547 267 602 304 γὰρ
618 267 734 303 δίιίιυχος⁸
746 269 776 295 τὸ
791 269 820 296 δὲ
835 269 921 305 ἐμψυ-

129 324 192 351 χον·
211 315 304 341 καὶτὸ
321 315 371 350 μὲν
390 313 515 349 ἀληθινὸν
537 313 605 346 ζῶον
629 313 763 349 ἔμπνουν·
785 315 815 341 τὸ
830 315 858 342 δὲ
875 315 921 342 τοῦ

129 360 276 397 ζωγράφου
292 360 372 396 ἔργον
382 360 413 386 ὲκ
425 359 509 395 κηροῦ
521 360 568 386 καὶ
577 361 731 395 χρωμάτων
742 362 764 377 ⁸⁸
774 370 780 376 ·
794 363 822 388 ὲν
834 362 922 397 τούτῳ

127 407 220 433 τοίνυν
243 406 293 441 τῆς
313 406 444 442 διαφορᾶς
467 405 673 441 θεωρουμένης,
698 408 714 442 ἠ
738 407 870 443 ταυτότης
893 408 922 435 ὲν

127 453 294 490 ἀμφοτέροις
309 454 343 489 τῇ
360 452 498 489 ὁμοιότητι
513 452 654 489 διάφορος.

166 540 322 575 Ἰνδαλμα.
345 540 496 576 ’ομοίωμα.

166 587 302 619 Εἰκότως.
318 586 389 622 Πρὸς
403 587 433 613 τὸ
448 587 520 614 θεῖον
533 587 630 620 κάλλος
643 588 775 624 δηλονότι-

162 631 267 666 Δμῖισι.
283 633 461 668 Πράττουσιν.

162 680 214 712 Εἰς
230 679 262 706 τὸ
278 679 429 713 θεαθῆναι.
445 680 612 716 Σημείωσαι,
628 681 688 713 πῶς
701 682 868 718 ἐκλαμϐάνει
889 684 920 710 τὸ

127 724 166 760 μὴ
178 724 233 751 δεῖν
246 726 262 760 ή
267 725 324 760 μῶν
337 725 386 757 τὰς
399 726 521 758 εὐποιίας
534 727 729 762 ὲκπομπεύειν.

162 771 250 798 Εἰσὶν
265 771 401 804 εὐωδίας.
417 772 578 799 Τουτέστιν·
594 774 608 799 ὁ
622 773 688 806 Θεός
708 773 805 808 (τοῦτο
823 775 877 810 γὰρ
898 775 918 809 ἡ

124 816 258 851 εὐωδία),
282 818 313 844 τὺ
334 817 443 853 ἀληθῶς
465 818 546 845 καλὸν
565 819 611 853 ἀφ’
632 819 729 846 ἑαυτοῦ
753 819 854 852 ποιῶν,
878 821 919 852 είς

124 863 248 895 ἅπαντας
271 864 321 890 οὐκ
342 864 544 898 ἐπιστρέφεται,
568 865 705 891 τουτέστιν
728 865 758 891 οὐ
782 866 918 901 φροντίζει

124 909 271 942 κενοδόξως
293 909 347 936 τῶν
368 910 405 946 μὴ
430 910 638 945 ἀποδεχομένων
657 910 713 937 ἐσθ’
727 911 771 937 ὅτε
793 911 842 943 τὰς
857 913 923 948 παρ’

123 954 208 981 αὑτοῦ
227 956 341 991 κρίσεις,
361 956 420 983 οὐδὲ
434 956 588 992 ἐπιτηδεύει
607 957 684 989 δόξαν
697 957 769 993 ἔχειν
784 958 859 994 παρὰ
872 959 920 986 ἀν-

124 1001 257 1036 θρώποις.

159 1047 216 1083 §ll.
226 1048 273 1082 Ὡς
288 1048 431 1083 κρυφίων.
447 1049 580 1083 Πολλάκις
594 1051 623 1078 ἐν
630 1052 671 1087 τῷ
681 1051 751 1086 Περὶ
761 1052 847 1079 θείων
856 1053 920 1079 ὀνο-

119 1093 222 1128 μάτων
228 1094 412 1130 ἐδηλώσαμεν,
420 1096 446 1122 τί
454 1096 564 1131 νοητὸν
571 1097 617 1124 καὶ
625 1098 651 1124 τί
658 1098 864 1132 νοερόν.Τοῦτο
870 1098 917 1126 οὖν

121 1140 168 1166 καὶ
183 1140 300 1167 ἐνταῦθά
313 1150 395 1177 φησιν
407 1150 413 1157 ·
429 1142 471 1169 ὄτι
486 1143 524 1178 τῷ
539 1144 691 1179 ὲπισκόπῳ.
708 1145 778 1180 ἁγίῳ
792 1145 860 1177 ὄντι,
880 1146 918 1178 ὡς

122 1189 249 1221 συγγενεῖ
261 1187 309 1214 τοῦ
324 1187 397 1214 θείου
412 1189 500 1223 φωτὸς
514 1190 702 1217 ἀποκαλύπτει
720 1192 734 1217 ὁ
749 1191 824 1225 Θεὸς,
838 1193 868 1219 οὒ
883 1192 916 1219 δι’

120 1233 214 1269 ἑτέρου
230 1233 463 1267 διδασκάλου,ὰλλ’
478 1236 559 1268 αὐτὸς
572 1237 653 1264 αὐτὸν
668 1237 802 1272 φωτίζων,
819 1238 850 1265 τὸ
867 1248 918 1274 μυ-

121 1280 231 1315 στήριον
251 1280 301 1315 τῆς
322 1279 440 1316 θεωρίας
460 1282 507 1308 καὶ
526 1282 573 1309 τοῦ
594 1283 698 1318 μύρου·
721 1284 762 1310 διὸ
784 1285 858 1320 αὐτῷ
878 1285 916 1321 τῷ

120 1326 262 1362 ἰπισχόπῳ
290 1327 320 1353 οὺ
345 1328 500 1363 περίκειται
525 1329 656 1366 κάλυμμα
682 1330 753 1357 κατὰ
773 1330 820 1358 τοῦ
844 1332 916 1359 θείου

121 1372 207 1408 μύρου
217 1373 250 1404 ⁸⁸,
271 1373 328 1399 ἀλλ’
347 1374 600 1411 ἀνακεκαλυμμένῳ
620 1376 759 1412 προσώπῳ
780 1377 850 1404 κατὰ
870 1378 916 1406 τὸν

127 1418 284 1446 Ἀπόστολον
297 1419 393 1456 θεωρεῖ
406 1420 441 1447 τὰ
457 1422 593 1457 μυστήρια
604 1430 611 1437 ο
626 1424 682 1454 τοῖς
695 1423 723 1449 δὲ
739 1423 776 1459 μὴ
791 1423 915 1456 τελείοις,

118 1465 197 1500 χρεία
214 1466 354 1501 συμϐόλων
367 1475 373 1481 ·
391 1467 432 1493 διὸ
445 1469 505 1499 ταῖς
519 1467 631 1504 πτέρυξι
647 1469 854 1505 κεκαλυμμένον
873 1472 916 1506 γί-

117 1521 191 1539 νεται
205 1512 236 1539 τὸ
250 1512 328 1547 ἆγιον
345 1513 429 1549 μύρον
444 1513 492 1540 τοῦ
507 1513 574 1540 Θεοῦ
589 1514 633 1541 διὰ
646 1514 694 1541 τοῦ
718 1515 845 1552 ἱεράρχου
869 1526 916 1553 με-

119 1558 230 1609 σοῦντος
240 1560 280 1591 εἰς
291 1559 329 1609 τὰ
343 1559 412 1609 πρὸς
426 1560 492 1586 Θεὸν
514 1561 561 1587 καὶ
582 1561 629 1587 τὸν
648 1561 721 1594 λαὸν,
736 1563 783 1589 καὶ
803 1563 847 1590 διὰ
865 1564 916 1599 τῆς
929 1580 950 1609 c

117 1604 265 1640 ἑρμηνείας
286 1605 520 1638 ἀνακαλύπτοντος
537 1606 572 1633 τὰ
595 1607 725 1643 σύμϐολα.
741 1609 873 1643 Θεωροὺς
887 1610 915 1637 δὲ

117 1650 195 1676 καλεῖ
207 1652 269 1682 τοὺς
283 1652 459 1683 ἐπισκόπους,
473 1653 566 1689 ἐπειδὴ
581 1653 628 1680 καὶ
642 1655 706 1690 παρ’
720 1654 832 1690 Ἕλλησι
847 1655 915 1683 θεω-

118 1697 160 1731 po't
174 1697 321 1724 ἐκαλοῦντο
334 1699 358 1725 οἱ
374 1698 585 1735 προΰαλλόμενοι
600 1700 675 1736 παρὰ
689 1701 798 1728 πάντων
810 1702 915 1738 ἐπερω-

116 1743 166 1777 τᾷν
178 1743 224 1769 τὸν
238 1743 303 1770 Θεὸν
318 1745 382 1780 περὶ
396 1745 557 1780 μελλόντων,
570 1747 617 1773 καὶ
632 1746 727 1779 Θυσίας
740 1748 811 1783 ὑπὲρ
825 1748 913 1776 αὐτῶν

117 1790 292 1826 προσφέρειν,
301 1792 348 1818 καὶ
356 1792 522 1824 ἐειλεοῦσθαι
537 1793 607 1828 ὑπὲρ
621 1794 718 1820 αὐτῶν.
740 1795 913 1829 Ἀνομοίους

115 1835 145 1862 δὲ
167 1837 245 1863 καλεῖ
263 1838 326 1870 τοὺς
345 1838 450 1871 ἀτελεῖς
472 1838 520 1866 τοῦ
550 1839 616 1866 λαοῦ
633 1848 640 1855 ·
665 1840 743 1867 τοῦτο
761 1841 816 1877 γὰρ
837 1841 912 1877 αὐτῷ

117 1882 185 1914 ἔθος.
202 1882 288 1918 [Οὐδὲ
303 1886 359 1918 γὰρ
373 1885 594 1919 ἀποκρύπτεται
606 1886 677 1919 τοὺς
692 1887 826 1921 νοεροὺς,
841 1881 911 1915 ἀλλ’

116 1928 235 1962 ἀφανής
250 1929 317 1956 ἐστι
332 1929 394 1963 τοῖς
406 1931 559 1968 βιϐλίοις.]

151 1975 343 2009 Αινιγμάτων.
365 1977 404 2003 Δι’
427 1978 596 2013 αἰνιγμάτων
616 1978 670 2014 γὰρ
692 1979 739 2006 καί
768 1980 910 2015 συμϐόλων

116 2019 184 2055 πρὸς
198 2021 249 2056 τὴν
261 2021 365 2049 ἑαυτῶν
383 2023 523 2051 ἀσθένειαν
539 2020 619 2052 αὗται
634 2026 661 2052 at
675 2025 766 2058 τάξεις
781 2026 910 2061 φωτίζον-

115 2074 170 2093 ται.

150 2113 163 2148 §
178 2113 223 2140 Ill.
247 2113 303 2148 Τῆς
318 2114 378 2141 τῶν
392 2116 574 2152 ἱεραρχικῶν.
595 2117 699 2145 Τελειοῖ
712 2118 766 2154 γὰρ
779 2119 867 2146 πάντα
877 2119 907 2146 τὸ

115 2158 186 2185 θεῖον
210 2159 294 2195 μύρον
317 2161 516 2197 ἐπιχριόμενον,
531 2162 626 2199 ὥσπερ
645 2164 662 2200 ἡ
687 2165 837 2201 μετάληψις
858 2165 906 2192 τοῦ

114 2205 193 2239 ἁγίου
209 2206 335 2241 σώματος
349 2208 397 2234 καὶ
410 2208 535 2243 αἵματος.

152 2250 213 2277 Τῶν
225 2253 321 2279 θείων.
337 2252 440 2284 Πάντες
453 2253 506 2289 γὰρ
517 2254 542 2280 οἱ
552 2254 759 2290 εὐωδιαζόμενοι
769 2256 820 2291 τῆς
828 2256 903 2288 θείας
920 2259 942 2286 D

115 2297 247 2333 μυστικῆς
261 2298 373 2330 εὐωδίας
392 2300 647 2336 μεταλαμϐάνουσιν
666 2302 814 2337 ἀναλόγως.

154 2387 396 2422 Ἐνερτυυμένίιγν.
417 2389 477 2416 Τῶν
490 2389 678 2426 δαιμονῶντων
694 2393 740 2419 καὶ
763 2394 803 2425 είς
823 2394 903 2421 ἀσέλ-

112 2441 188 2467 γειαν
201 2435 408 2470 τετραμμένων,
422 2437 487 2472 περὶ
509 2433 546 2464 ὧν
568 2438 615 2464 καὶ
639 2439 668 2464 ὲν
687 2438 727 2474 τῷ
741 2440 794 2475 πρὸ
808 2441 902 2467 τούτου

111 2479 251 2516 κεφαλαίῳ
269 2482 346 2516 φησί.
364 2482 463 2509 Πτοίαν
481 2483 510 2510 δὲ
523 2483 606 2518 λέγει,
620 2484 702 2511 οἱονεὶ
716 2485 839 2521 θόρυσον,
856 2487 904 2521 φό-

112 2525 170 2558 ϐον,
187 2527 311 2562 πτόησιν,
326 2528 447 2564 ἀπάτην.

150 2573 214 2606 Τοῖς
227 2573 262 2600 δὲ
273 2575 317 2607 εἰς
332 2574 415 2602 γοῦν.
436 2575 486 2603 Διὰ
500 2577 563 2609 τοὺς
575 2578 604 2605 ἐν
619 2579 749 2615 μετανοίᾳ
763 2579 855 2615 φησίν.

148 2620 296 2654 Ἄγουσιν.
317 2620 455 2654 Εὖτιικτος
470 2623 624 2657 ἀκολουθία,
641 2625 688 2651 καὶ
703 2624 834 2657 ἀνάϐασις
848 2627 904 2657 τοίς

112 2665 201 2700 ἁγίοις
216 2666 391 2704 κατάλληλος,

150 2750 162 2765 ιι
183 2744 205 2771 ιι
216 2745 280 2773 Cor.
299 2753 342 2778 Ill,
358 2747 403 2774 t8.

977 269 1036 303 plar
1049 277 1055 295 :
1069 267 1122 303 73
1134 271 1225 295 tamen
1235 266 1380 295 dissimilis
1390 269 1442 297 est,
1453 265 1553 300 inquit.
1569 265 1705 298 essentia;
1718 265 1763 292 illa

976 315 1048 342 enim
1070 314 1229 346 iuanimata,
1247 313 1299 340 hoc
1314 319 1379 339 vero
1399 312 1568 343 animatum;
1584 315 1612 338 ct
1633 311 1684 338 hoc
1703 314 1764 346 qui-

975 360 1038 388 dem
1059 367 1154 387 verunt
1169 359 1271 386 animal
1285 358 1447 389 animatum,
1465 357 1511 384 illa
1538 361 1628 384 autem
1652 357 1765 391 pictoris

974 415 1044 443 opus
1058 415 1092 435 ex
1107 414 1170 434 cera
1186 410 1213 434 et
1228 405 1379 433 coloribus.
1395 403 1464 431 Cum
1485 403 1570 438 igitur
1586 403 1613 430 in
1629 402 1680 429 hoc
1692 402 1765 430 ditfe-

974 454 1061 482 rentia
1074 457 1214 484 cernatur,
1229 452 1338 479 diversa
1353 454 1396 478 est
1412 449 1593 478 similitudine
1605 448 1634 476 in
1649 452 1765 484 utroque

974 504 1003 527 ut
1019 499 1057 526 ita
1070 499 1161 526 dicam
1175 498 1320 526 identitas.

1010 544 1163 580 Impressio,
1178 543 1226 571 Gr.
1245 543 1367 579 τνδαλμα.
1388 542 1553 570 Similitudo.

1008 590 1114 618 Merito.
1136 590 1177 618 Ad
1191 590 1311 618 divinam
1326 589 1560 624 pulchritudinem
1575 587 1693 616 scilicet.

1009 636 1150 668 Formant,
1167 635 1215 664 Gr.
1232 635 1325 671 δρῶσι.
1347 633 1473 662 Faciunt.

1010 683 1044 710 Ut
1060 683 1208 711 videantur.
1228 681 1309 713 Nota,
1325 681 1464 717 quomodo
1479 680 1608 716 accipiat,
1624 687 1680 707 non
1702 686 1763 707 esse

973 738 988 758 a
999 730 1079 758 nobis
1097 729 1185 766 palam
1201 727 1374 764 praedicanda
1390 731 1464 754 recte
1478 727 1548 754 facta
1568 730 1674 753 nostra.

1007 776 1076 804 Sunt
1091 775 1151 803 boui
1168 775 1268 802 odoris.
1288 773 1347 801 Hoc
1367 778 1409 800 est
1424 782 1430 800 ς
1452 772 1540 803 Deus,
1559 772 1611 800 hoc
1630 770 1702 798 enim
1718 769 1763 796 bo-

971 831 1021 851 nus
1035 822 1111 854 odor,
1136 821 1210 856 quod
1232 828 1295 848 vere
1316 821 1418 847 bonum
1432 826 1448 845 a
1470 826 1499 845 se
1521 818 1580 853 ipso
1595 817 1713 849 faciens;
1728 817 1762 843 ad

972 875 1067 895 omnes
1081 875 1136 894 non
1149 866 1330 898 convertitur,
1346 865 1373 892 id
1387 868 1441 897 est,
1450 872 1506 891 non
1522 867 1600 890 curat
1615 862 1689 890 inani
1704 862 1763 898 glo—

939 909 959 937 Β
973 915 1014 942 ria
1027 914 1126 942 ductus
1143 921 1201 946 eos,
1214 912 1261 948 qui
1274 911 1420 948 aliquando
1435 919 1489 939 non
1506 910 1661 945 su5cipiunt
1675 910 1762 944 ipsius

969 961 1095 992 decreta,
1118 967 1207 995 neque
1229 959 1321 987 studet
1341 958 1458 994 gloriam
1482 957 1516 984 ab
1539 956 1698 984 hominibus
1712 956 1762 983 ha-

968 1007 1043 1035 bere.

1003 1053 1017 1089 ᾗ
1032 1053 1064 1081 ll.
1088 1052 1182 1087 Utpote
1194 1051 1311 1079 arcanis.
1334 1051 1411 1086 Saepe
1427 1050 1455 1077 in
1468 1050 1540 1077 libro
1555 1049 1592 1076 De
1604 1048 1700 1076 divinis
1711 1057 1760 1076 na-
1781 1070 1784 1076 ,

969 1099 1082 1126 minibus
1102 1099 1310 1134 explanavimus
1324 1097 1390 1132 quid
1411 1096 1447 1124 sit
1459 1095 1564 1132 νοητόν,
1580 1100 1607 1123 et
1621 1095 1687 1131 quid
1701 1103 1760 1122 νοε-

969 1146 1026 1182 ρόν,
1049 1145 1077 1173 id
1100 1149 1142 1173 est
1168 1145 1339 1180 intelligibile
1359 1148 1386 1172 et
1405 1143 1573 1178 intelligens.
1596 1141 1653 1169 Hoc
1678 1142 1761 1177 igitur

967 1194 1049 1222 etiam
1062 1194 1108 1221 hic
1120 1193 1187 1220 dicit
1199 1191 1272 1227 quod
1289 1192 1418 1226 episcopo
1429 1210 1436 1221 ,
1452 1192 1548 1217 sancto
1562 1188 1716 1219 cxslstenti.
1731 1192 1761 1214 ut

968 1239 1040 1267 atIini
1065 1239 1149 1266 divini
1173 1238 1284 1265 luminis
1306 1237 1410 1264 revelat
1424 1235 1507 1267 Deus,
1523 1242 1579 1262 non
1603 1242 1651 1269 per
1677 1234 1760 1261 alium

967 1290 1162 1323 praeceptorem
1178 1306 1185 1319 ,
1211 1285 1259 1313 sed
1269 1285 1336 1320 ,ipse
1363 1284 1452 1318 ipsum
1475 1283 1630 1311 illustrans.
1659 1285 1762 1317 myste-

967 1334 1038 1361 rium
1052 1331 1291 1367 contemplationis
1306 1335 1333 1358 et
1348 1329 1505 1362 unctionis;
1522 1335 1607 1364 quare
1628 1327 1680 1362 ipsi
1702 1327 1761 1362 epi-

968 1387 1051 1415 scopo
1065 1387 1120 1406 non
1136 1378 1314 1412 circumjacet
1329 1377 1418 1404 velum
1443 1376 1471 1402 in
1493 1375 1587 1402 divino
1600 1378 1759 1408 unguento;

967 1428 1015 1456 sed
1031 1427 1149 1455 revelata
1165 1425 1234 1452 facie
1249 1423 1400 1454 secundum
1413 1421 1574 1457 Apostolum
1589 1419 1760 1454 contempla—

967 1478 1012 1502 tur
1023 1473 1184 1510 mysteria“;
1203 1479 1257 1499 non
1270 1469 1399 1506 perfectis
1411 1471 1512 1501 autent,
1522 1474 1590 1502 opus
1606 1471 1647 1494 est
1660 1465 1757 1501 signis;

967 1520 1028 1548 ideo
1051 1520 1102 1547 alis
1117 1519 1237 1546 velatum
1253 1520 1296 1544 est
1309 1515 1431 1543 divinum
1447 1517 1617 1551 unguentum
1633 1519 1681 1547 per
1700 1511 1760 1547 epi-

967 1573 1080 1602 scopum
1101 1568 1271 1600 sequestrem
1287 1563 1358 1590 inter
1372 1561 1457 1589 Deum
1471 1566 1497 1588 et
1511 1559 1652 1595 populum,
1667 1562 1694 1586 et
1711 1565 1754 1593 per

966 1612 1175 1648 explicationem
1191 1610 1338 1639 revelantis
1357 1609 1446 1643 Signa.
1462 1605 1586 1642 Θεωρούς
1602 1612 1665 1632 vero
1678 1608 1759 1632 vocat

966 1659 1128 1694 episcopos;
1140 1658 1204 1693 quia
1218 1657 1301 1685 etiam
1317 1655 1388 1691 apud
1402 1653 1512 1681 Graecos
1530 1652 1645 1689 gentiles
1661 1651 1757 1688 θεωροί

966 1706 1170 1741 appellabantur
1194 1703 1240 1739 qui
1269 1701 1403 1738 propesiti
1419 1703 1499 1728 erant
1514 1700 1549 1726 ab
1563 1698 1703 1728 omnibus.
1727 1703 1757 1725 ut

965 1753 1166 1787 interrogarent
1181 1750 1265 1778 Deum
1279 1750 1313 1777 de
1329 1748 1441 1780 futuris,
1459 1751 1486 1774 et
1502 1746 1608 1774 hostias
1622 1753 1672 1781 pro
1689 1745 1757 1781 ipsis

963 1799 1103 1830 offerrent,
1122 1802 1149 1826 et
1163 1796 1312 1833 propitium
1328 1795 1474 1823 redderent
1492 1800 1575 1828 super
1592 1793 1677 1828 ipsos.
1687 1791 1757 1818 Ἀνο-

965 1845 1057 1881 μοίους
1078 1847 1169 1872 autem
1186 1847 1266 1871 vocat
1283 1842 1375 1869 minus
1389 1840 1526 1876 perfectos
1549 1839 1576 1866 in
1597 1838 1715 1874 populo;
1733 1837 1756 1864 is

962 1891 1033 1919 enim
1049 1891 1074 1919 ei
1090 1898 1150 1918 mos
1165 1893 1218 1917 est.
1239 1887 1315 1925 [Non
1335 1888 1405 1916 enim
1428 1887 1491 1914 latet
1508 1886 1694 1921 intelligentes,
1711 1883 1756 1912 sed

961 1937 1088 1962 Obscurus
1101 1939 1141 1961 est
1156 1935 1183 1961 in
1197 1933 1298 1969 [ΗΠ-ιι]

997 1982 1098 2015 Quibus
1121 1981 1213 2016 signis,
1241 1980 1288 2011 Gr.
1313 1979 1492 2015 αἰνιγμάτων.
1521 1978 1573 2006 Per
1598 1978 1754 2013 aenigmata,

960 2028 1059 2063 inquit,
1076 2031 1103 2055 et
1118 2028 1194 2063 signa
1210 2026 1238 2054 hi
1253 2026 1366 2054 ordines
1380 2025 1587 2053 accommodate
1609 2024 1642 2051 ad
1657 2031 1754 2051 eorum

958 2075 1145 2102 inﬁrmitatem
1161 2074 1348 2101 illustrantur.

994 2120 1008 2156 §
1027 2120 1070 2148 lll.
1082 2120 1311 2148 Hierarchiarum.
1321 2117 1430 2145 Perticit
1441 2117 1514 2144 enim
1525 2117 1616 2144 omnia
1627 2116 1752 2144 divinum

958 2172 1125 2202 unguentum
1140 2173 1201 2193 cum
1214 2165 1373 2196 effunditur,
1383 2162 1612 2199 quemadmodum
1626 2163 1746 2197 sumptio

957 2213 1046 2241 sancti
1061 2212 1186 2247 corporis
1201 2215 1229 2240 et
1245 2211 1399 2246 sanguinis.

990 2259 1157 2286 Divinarum.
1178 2258 1280 2286 Omnes
1294 2257 1367 2285 enim
1382 2257 1455 2284 bono
1465 2255 1519 2292 74
1534 2256 1618 2283 odore
1634 2254 1750 2290 perfusi,

954 2305 1038 2333 divini
1061 2312 1093 2332 ac
1114 2304 1224 2339 mystici
1249 2303 1343 2331 odoris
1362 2302 1517 2334 suavitate,
1539 2309 1589 2336 pro
1601 2306 1682 2336 captu
1700 2307 1752 2328 suo

956 2351 1132 2387 participant.

991 2396 1244 2430 Encrgumenorum.
1274 2393 1296 2420 A
1321 2392 1491 2421 daamonibus
1518 2392 1697 2426 agitatorum.
1724 2394 1752 2418 et

955 2442 988 2470 ad
1004 2441 1144 2469 libidinem
1159 2447 1355 2468 conversurum
1373 2449 1380 2467 :
1398 2439 1432 2466 de
1445 2438 1546 2474 quibus
1564 2438 1645 2465 etiam
1659 2438 1686 2464 in
1702 2445 1749 2465 su-

953 2489 1060 2524 periore
1075 2488 1164 2523 capite
1179 2487 1257 2515 dicit.
1270 2486 1371 2514 Πτοίαν
1382 2493 1448 2514 vero
1464 2485 1541 2518 dicit,
1552 2485 1630 2521 quasi
1645 2485 1750 2512 tumul-

953 2539 1023 2566 tum,
1042 2537 1154 2567 metum,
1173 2539 1317 2565 terrorem,
1336 2532 1440 2560 dolum.

991 2581 1029 2608 Iis
1045 2589 1104 2608 vero
1118 2581 1163 2616 qui
1175 2580 1209 2607 ad
1222 2585 1343 2607 mentem.
1357 2579 1471 2615 Propter
1486 2578 1651 2614 pmnitentes
1669 2576 1746 2603 dicit.

992 2626 1162 2654 Promovent.
1196 2625 1280 2652 Recte
1308 2625 1440 2660 disposita
1475 2621 1671 2659 consequentia
1718 2623 1747 2648 et

957 2680 1090 2701 ascensus
1105 2673 1210 2701 sanctis
1225 2676 1437 2700 consentaneus.

558 2827 676 2856 VARUE
694 2828 888 2857 LECTIONES
904 2829 946 2857 ET
964 2829 1241 2859 COIiRECTIONES.

146 2905 167 2921 "
186 2905 357 2941 γραφόμενον
375 2906 454 2942 ἔργον
471 2908 504 2934 ἐκ
518 2907 680 2943 χρωμάτων.

731 2907 752 2924 ¹⁶
768 2906 797 2934 τὸ
815 2906 884 2936 Θεῑον
900 2907 995 2944 μύρον.
