1925 3060
190 184 242 211 155

588 179 759 208 APPENDIX
776 178 822 206 AD
838 178 952 206 OPERA
971 177 998 205 S.
1016 176 1165 205 DIONYSII
1189 175 1429 204 AREOPAGITAE.

1768 173 1820 200 156

227 239 455 274 liniformitntem,
470 239 518 266 Gr.
533 239 657 270 ἐνοειδές.
684 236 811 268 Ἑνοειδές
824 236 890 263 dicit
903 244 969 263 mena

1067 236 1102 263 Τὸ
1128 235 1265 268 ἐνοειδές.
1294 235 1331 261 Τὸ
1354 233 1467 265 ἐνοειόές
1491 241 1558 268 φησι
1579 232 1610 258 τὺ
1632 231 1702 267 πρὸς
1725 231 1755 258 τὸ
1779 232 1819 264 ἓν,

190 290 244 312 tem
259 286 356 320 ipsam,
371 292 430 319 qua:
445 293 542 316 unum,
559 284 586 311 id
610 287 652 311 est
675 283 760 310 Deum
781 283 855 310 videt
871 293 877 309 :
896 290 977 317 quam

189 331 270 359 etiam
293 331 368 358 uniri
392 331 430 357 ait
451 338 512 358 cum
529 337 583 358 uno
603 330 673 365 ipso,
689 332 771 363 atque
791 328 851 364 ejus
871 328 979 363 explere

190 377 331 404 unionem.

226 422 239 458 §
257 421 302 449 IV.
324 421 395 455 Quid
406 430 495 456 porro,
508 422 555 449 Gr.
568 421 594 447 τί
607 421 646 448 δέ.
666 420 719 448 Per
734 420 845 448 modum
861 420 979 447 interro-

188 468 269 503 gandi
287 468 345 503 lege
361 469 434 495 hunc
450 469 551 496 locum.

224 515 254 542 Si
268 515 337 541 enim
353 523 449 542 rerum.
471 513 573 540 Bonum
596 512 707 540 odorem
728 513 895 545 sensibilem,
912 520 977 540 scn-

189 568 248 588 sum
262 560 345 592 alere,
359 561 435 591 dicit,
453 563 479 587 ct
494 560 594 591 facere,
611 563 641 586 ut
657 560 726 587 bene
741 560 776 587 sit
792 559 916 586 alTectus.

222 605 323 632 Judicii
346 606 442 640 vigore,
460 603 506 631 Gr.
525 603 658 640 κριτικοῦ.
678 605 808 641 Κριτικόν
831 604 898 631 dicit
924 603 977 631 vim

188 651 286 678 animae
300 650 515 685 dijudicativam,
530 658 578 677 seu
599 650 810 682 intellectivam;
825 657 906 684 quam
923 649 976 676 nisi

187 705 202 724 a
219 698 401 733 propensione
417 696 450 723 ad
466 697 569 724 malum
596 701 737 732 purgetur,
755 703 897 731 nunquam
914 704 978 723 scn-

187 751 246 770 sum
262 743 347 770 divini
362 743 426 770 boni
441 743 533 770 odoris
552 747 740 778 percepturam
757 743 835 770 dicit.

224 788 343 822 Uberem,
359 788 405 816 Gr.
424 789 511 816 ὅλϐον.
531 789 658 817 Divitias.

221 835 341 862 Suaviter
362 836 473 870 aﬁ'ectar,
495 835 543 864 Gr.
563 836 698 872 ἡδόμενοι.
718 835 771 863 Pro
796 835 869 862 bono
891 834 976 861 odore

185 881 312 916 perfusae.

1030 283 1114 319 ἦγουν
1127 283 1172 309 τὸν
1183 282 1235 318 [τὺ]
1250 282 1326 308 Θεῖον
1339 280 1444 316 ὁρῶντα
1458 279 1538 307 αὐτὸν
1554 278 1626 310 νοῦν,
1641 278 1670 305 ὃν
1683 278 1730 304 καὶ
1746 277 1821 305 ὲνοῦ-

1030 328 1092 355 σθαι
1106 328 1180 362 λέγει
1191 328 1260 363 πρὸς
1272 326 1339 353 αὐτὸ
1348 325 1379 352 τὸ
1393 325 1433 358 ἓν,
1458 325 1504 352 καὶ
1517 325 1568 360 τῆς
1583 323 1678 351 τούτου
1695 323 1820 359 ἀποπλη-

1031 373 1142 409 ροῦσθαι
1159 372 1291 404 ἐνώσεως.

1064 419 1077 455 §
1093 418 1138 446 IV.
1161 419 1191 445 Τί
1206 418 1249 447 δέ.
1269 419 1337 445 Κατ’
1353 417 1489 454 ἐρώτησιν
1504 416 1641 451 ἀνάγνωθι
1663 416 1692 442 τὺ
1708 415 1817 451 χωρίον.

1060 507 1094 534 El
1109 506 1163 541 γὰρ
1177 506 1197 540 ἡ
1210 505 1279 533 τῶν.
1301 506 1361 532 ’Ὁτι
1382 506 1399 540 ἡ
1418 504 1533 540 αἰσθητὴ
1550 504 1647 531 εὐωδία
1662 504 1755 540 τρέφει
1768 503 1818 539 τὴν

1027 551 1162 587 αἴσθησιν,
1178 551 1224 578 καὶ
1239 551 1390 577 εὑεκτεῖν¹⁷
1406 551 1488 578 ποιεῖ.

1063 597 1210 631 Κριτικοῦ.
1231 597 1361 632 Κριτικόν
1378 605 1444 632 φησι
1464 596 1495 622 τὸ
1516 596 1565 632 τῆς
1581 595 1671 631 ψυχῆς
1684 596 1817 631 διακριτι-

1027 643 1084 674 κὸν,
1100 643 1159 678 ἦτοι
1173 642 1203 668 τὸ
1218 643 1320 678 νοερὸν,
1335 642 1403 677 ὅπερ
1416 642 1440 668 εί
1455 642 1491 677 μὴ
1505 641 1554 676 τῆς
1570 641 1615 667 ἐπὶ
1629 641 1659 667 τὸ
1671 643 1760 676 χεῖρον
1771 643 1816 677 ῥο-

1027 689 1082 724 πῆς
1096 688 1252 724 καθαρεύοι,
1268 689 1318 715 οὐκ
1334 687 1366 715 ἂν
1381 688 1410 714 ἐν
1425 687 1550 723 αἰσθήσει
1560 688 1608 724 τῆς
1621 687 1816 720 θείαςεύωδίας

1027 734 1186 770 γενήσεσθαι
1201 735 1284 768 λέγει.

1065 781 1182 807 Ὄλϐον.
1204 780 1331 807 Πλοῦτον.

1067 827 1226 862 Ἡδόμενοι.
1254 827 1325 854 Ἀντὶ
1339 827 1386 854 τοῦ
1402 827 1618 863 εὐωδιαζόμενοι.

217 925 236 963 ’ς
251 927 284 955 ν.
306 927 379 955 Illud
392 927 535 955 secundum
551 931 673 955 mentem.
693 926 751 954 Hoc
766 926 800 954 de
814 926 916 962 angelis
929 926 969 953 in-

1042 910 1046 915 ’
1060 914 1074 950 §
1090 913 1120 942 ν.
1143 913 1200 949 Τῆς
1213 913 1288 941 κατὰ
1297 914 1382 941 νοῦν.
1402 913 1439 940 Τὸ
1453 913 1523 940 κατὰ
1536 913 1608 946 νοῦν,
1624 913 1670 939 ἐπὶ
1681 912 1814 947 ἀγγέλων.

184 973 373 1009 telligendum.

220 1019 253 1047 In
275 1020 326 1047 alia
350 1020 488 1047 duodecim
510 1020 688 1055 signiﬁcatur.
708 1019 793 1054 Cujus
809 1022 890 1054 typus
904 1018 974 1045 duo-

183 1066 271 1093 decim
287 1074 391 1101 pennat.
406 1066 475 1093 Nota
490 1074 555 1094 vero
569 1065 783 1101 magnitudinem
798 1065 946 1100 seraphin).

220 1112 399 1147 Tlteotogiam.
422 1112 551 1144 Sanctus,
568 1116 692 1144 sanctus,
708 1115 830 1138 sanctus.

220 1157 299 1185 Omni
314 1166 372 1193 qua:
383 1158 487 1185 malitia
499 1158 589 1186 simul.
609 1157 690 1190 Nota,
707 1157 780 1192 quod
795 1164 853 1184 non
867 1160 971 1184 tantum

183 1203 255 1237 vitii,
271 1204 318 1231 sed
334 1204 416 1231 etiam
430 1204 577 1232 oblivionis
599 1207 726 1239 expertes
747 1203 874 1231 caelestes
889 1205 974 1230 virtu-

183 1254 226 1277 tes
237 1249 309 1277 dicat
325 1249 415 1278 Pater.

220 1295 374 1325 Scientiam.
395 1296 478 1324 ﬂecte
494 1305 556 1325 cum
573 1297 688 1324 scicntia
711 1296 852 1331 conjunxit
872 1296 971 1323 intelli-

183 1343 319 1377 gentiam;
337 1348 466 1370 accurata
482 1343 556 1371 enim
578 1343 701 1378 cujusvis
725 1343 764 1370 rei
789 1342 972 1370 consideratio

184 1388 244 1422 ejus
261 1387 403 1415 scientiam
419 1388 515 1423 gignit.

218 1432 232 1468 §
246 1432 290 1460 Vl.
313 1433 369 1460 Has
384 1434 476 1468 igitur.
497 1434 563 1468 Quae
577 1434 614 1462 sit
634 1435 787 1470 proprietas
812 1435 948 1470 seraphin)
963 1443 971 1468 ;

183 1484 209 1506 et
224 1479 297 1514 quod
313 1480 382 1507 hanc
400 1489 482 1515 supra
497 1481 574 1508 dixit.

218 1524 456 1559 Supercmlestium.
475 1525 505 1553 In
519 1529 639 1553 tractatu
653 1525 692 1553 De
707 1526 806 1554 caelesti
822 1527 971 1555 hierarchia

182 1571 259 1599 dicit.

219 1617 233 1652 §
251 1616 304 1644 VII.
326 1617 362 1644 Τὸ
375 1618 423 1653 μὲν
436 1615 493 1646 οὖν.
514 1618 714 1654 Contemplatio
723 1624 880 1648 sanctorum
896 1628 971 1648 sera-

182 1663 274 1698 phim;
298 1669 363 1691 nota
391 1665 528 1700 integrum
544 1666 644 1698 locum.
661 1666 800 1701 quomodo
817 1667 845 1694 in
860 1675 892 1694 eo
906 1674 972 1694 eou-

182 1709 264 1740 cedit,
288 1717 339 1737 nos
362 1710 514 1746 intelligere
528 1718 588 1745 quae
600 1710 634 1738 de
648 1711 805 1739 caelestibus
824 1711 972 1739 virtutibus

183 1756 283 1790 scripta
298 1759 364 1782 sunt
381 1756 408 1782 in
424 1757 578 1791 prophetis.

218 1801 395 1836 Sexluplicem
408 1803 574 1836 positionem,
591 1803 638 1830 Gr.
654 1803 771 1840 ὲξαπλῆν
785 1803 869 1831 θέσιν.
896 1803 972 1837 Ἑξα-

182 1847 252 1881 πλῆν
268 1847 353 1880 θέσιν,
372 1856 419 1877 sex
435 1849 492 1876 alas
508 1856 568 1876 esse
583 1849 659 1876 dicit.

218 1891 326 1919 Primus
339 1897 362 1919 et
376 1892 486 1920 medias.
508 1892 616 1920 Dictum
630 1897 672 1921 est
687 1894 715 1921 in
733 1895 873 1928 superiore
889 1895 969 1926 libro.

181 1938 318 1972 quomodo
335 1938 501 1973 accipiendae
526 1939 580 1965 sint
602 1939 708 1973 primm,
723 1943 751 1967 et
772 1941 878 1974 mediae,
894 1945 971 1976 post-

181 1990 316 2017 remazque
330 1983 447 2010 virtutes
461 1983 683 2018 intelligentium.

217 2027 270 2063 75
291 2028 463 2063 E/Iictionem.
484 2029 540 2057 Nec
555 2030 628 2057 enim
645 2038 724 2058 veras
738 2031 796 2058 alas
812 2031 925 2061 habent.

216 2073 338 2101 Alarum.
358 2073 428 2101 Nota
446 2079 547 2108 autem,
564 2075 701 2111 quomodo
712 2077 817 2111 accepit
832 2085 864 2105 ea
874 2078 907 2106 de
918 2079 970 2107 alis

181 2120 328 2156 seraphim,
346 2125 373 2148 et
388 2121 461 2156 quod
476 2123 588 2149 omnino
602 2122 661 2157 ipsa
675 2122 814 2155 volabant,
829 2124 899 2151 nihil
921 2125 969 2157 ha.-

179 2167 271 2195 bentia
287 2168 454 2196 submissum
473 2172 499 2196 et
514 2169 627 2196 humile.

217 2212 230 2248 §
249 2211 317 2241 Vill.
340 2213 417 2247 Quod
432 2214 456 2241 si
471 2214 562 2249 facies.
582 2213 650 2242 Nota
672 2214 884 2249 pulcherrimam
899 2223 968 2243 con-

1058 1016 1266 1043 Δυοκαιδεκάδι
1286 1017 1469 1051 σημαίνεται.
1495 1016 1572 1048 Τίνος
1595 1016 1708 1048 τύπος¹⁸
1728 1017 1756 1043 αἱ
1781 1009 1815 1043 ιὸ⁹

1023 1062 1168 1098 πτέρυγες.
1183 1062 1338 1098 Σημείωσαι
1354 1063 1382 1090 δὲ
1397 1063 1426 1090 τὸ
1442 1062 1556 1098 μέγεθος
1569 1063 1622 1089 τῶν
1639 1063 1769 1099 σεραφίμ.

1059 1109 1229 1144 Θεολοτίαν.
1252 1109 1356 1143 Ἄγιος,
1372 1109 1459 1143 ἆγιος,
1475 1109 1561 1143 ἅγιος.

1056 1155 1168 1187 Κακίας
1180 1163 1212 1181 τε
1226 1154 1293 1189 ἅμα.
1315 1155 1470 1190 Σημείωσαι
1490 1155 1531 1181 ὅτι
1550 1156 1581 1182 οὐ
1605 1155 1684 1190 μένον
1704 1155 1814 1190 κακίας,

1023 1199 1090 1226 ἀλλᾶ
1104 1201 1151 1227 καὶ
1165 1200 1250 1236 λήθης
1265 1201 1416 1237 ὰμετόχους
1431 1201 1481 1233 τὰς
1495 1202 1551 1229 ἄνω
1566 1201 1695 1236 δυνάμεις
1709 1201 1790 1236 φησὶν
1799 1201 1816 1227 ό

1022 1245 1098 1281 Πατή
1103 1254 1128 1282 ρ.

1065 1292 1257 1328 Ἑπιστήμην-
1284 1292 1382 1324 Καλῶς
1410 1292 1511 1327 συνῆψε
1540 1294 1573 1328 τῇ
1598 1293 1736 1329 ὲπιενιτήμιτι
1764 1293 1814 1329 τὴν

1022 1339 1113 1375 νόησιν
1122 1348 1128 1354 ·
1145 1341 1161 1375 ἡ
1177 1339 1230 1374 γὰρ
1244 1339 1360 1374 ἀκριϐὴς
1374 1339 1437 1375 περὶ
1450 1339 1560 1366 ὁτουοῦν
1576 1340 1737 1375 κατανόησις
1751 1341 1812 1367 ἑπι-

1024 1386 1072 1420 στή
1077 1393 1129 1419 μην
1143 1384 1236 1410 τούτου
1251 1383 1406 1420 ἐργάζεται.

1059 1428 1073 1464 §
1089 1428 1132 1456 νι.
1157 1429 1210 1462 Τὰς
1221 1429 1279 1464 μὲν
1293 1429 1358 1456 οὖν.
1380 1429 1427 1461 Τίς
1446 1430 1462 1464 ἡ
1490 1429 1589 1466 ἰδιότης
1602 1429 1655 1456 τῶν
1682 1430 1812 1465 capacia,

1023 1474 1070 1501 καὶ
1084 1474 1124 1500 ὅτι
1139 1477 1241 1510 ταύτην
1255 1476 1378 1511 προεῖπε.

1059 1519 1120 1546 Τῶν
1135 1520 1365 1554 ὐπερουρανίων.
1393 1520 1435 1546 Ἐν
1450 1522 1482 1556 τῇ
1499 1520 1569 1554 Περὶ
1592 1519 1648 1554 τῆς
1672 1521 1813 1555 οὐρανίας

984 1591 1005 1619 c
1022 1566 1171 1600 Ζεραρχίας
1185 1566 1359 1602 πραγματείᾳ
1373 1566 1448 1602 φησί.

1061 1610 1074 1646 §
1092 1610 1145 1638 νη.
1170 1611 1204 1637 Τὸ
1217 1612 1276 1645 μὲν
1287 1611 1351 1638 οὖν.
1373 1611 1478 1647 Θεωρία
1500 1610 1554 1638 τῶν
1577 1612 1661 1646 ἁγίων
1681 1612 1810 1647 σεραφίμ.

1024 1656 1179 1692 Σημείωσαι
1193 1657 1252 1684 ὅλον
1265 1657 1296 1683 τὸ
1312 1657 1421 1693 χωρίον,
1436 1658 1510 1689 ὅπως
1525 1657 1662 1684 ἐκδίδωσιν
1685 1659 1713 1684 ὲν
1736 1658 1812 1693 αὐτῷ

1023 1703 1093 1728 νοεῖν
1111 1703 1185 1738 ἡμᾶς
1206 1703 1240 1729 τὰ
1260 1703 1323 1739 περὶ
1343 1703 1396 1730 τῶν
1410 1703 1466 1730 ἄνω
1479 1703 1619 1738 δυνάμεων
1634 1703 1812 1739 γεγραμμένα

1023 1747 1052 1774 ὲν
1065 1750 1122 1780 τοῖς
1136 1749 1298 1785 προφήταις.

1065 1794 1220 1830 Ἐξαπλῆν
1236 1795 1330 1822 θέσιν.
1357 1794 1491 1830 Ἐξαπλῆν
1502 1794 1576 1821 θέσιν
1590 1795 1620 1821 τὸ
1631 1794 1661 1828 ἒξ
1669 1792 1738 1822 εἶναι
1748 1795 1812 1822 πτέ-

1024 1842 1109 1877 ρυγάς
1123 1850 1200 1878 φησι.

1056 1888 1160 1921 Πρῶτα
1175 1888 1222 1915 καὶ
1235 1888 1324 1923 μέσα.
1345 1887 1459 1923 Εἴρηται
1469 1888 1498 1913 ὲν
1507 1888 1563 1918 τοῖς
1574 1886 1626 1922 πρὸ
1636 1887 1739 1917 τούτου,
1753 1886 1810 1917 πῶς

1021 1932 1074 1968 χρὴ
1088 1933 1244 1968 ἐκδέχεσθαι
1267 1933 1316 1965 τὰς
1331 1932 1452 1968 πρώτας,
1468 1932 1515 1958 καὶ
1538 1932 1634 1967 μέσας,
1653 1933 1700 1959 καὶ
1718 1932 1809 1959 τελευ-

1020 1978 1099 2010 ταίας
1117 1979 1245 2014 δυνάμεις
1260 1979 1313 2005 τῶν
1328 1977 1438 2014 νοερῶν.

1055 2025 1232 2052 Διάπλασιν.
1252 2025 1289 2051 Οὐ
1303 2024 1357 2060 γὰρ
1367 2024 1454 2060 ἀληθῆ
1465 2023 1553 2060 πτερὰ
1567 2023 1668 2059 ἔχουσι.

1057 2070 1121 2098 Τῶν
1134 2070 1259 2105 πτερῶν.
1279 2070 1434 2106 Σημείωσαι
1455 2069 1494 2102 δὲ,
1510 2069 1569 2101 πῶς
1593 2069 1671 2096 ἕλαὸε
1691 2069 1726 2096 τὰ
1746 2070 1809 2106 περὶ

1019 2117 1072 2143 τῶν
1087 2117 1230 2153 πτερύγων
1253 2116 1306 2143 τῶν
1322 2117 1452 2152 σεραφὶμ,
1466 2116 1512 2143 καὶ
1526 2116 1566 2142 ὅτι
1580 2115 1640 2143 καθ’
1660 2116 1719 2142 ὅλον
1740 2117 1808 2143 αὐτὰ

1020 2165 1130 2191 ἴπταντο
1146 2164 1226 2199 μηδὲν
1240 2163 1363 2198 ἔχοντα”
1380 2162 1522 2198 ὑφειμένον
1537 2163 1584 2189 καὶ
1596 2163 1734 2190 ταπεινόν.

1054 2209 1151 2245 ςνυι.
1172 2211 1207 2236 El
1221 2209 1255 2236 δὲ
1275 2209 1312 2236 τὰ
1325 2209 1479 2242 πρόσωπα.
1501 2209 1655 2244 Σημείωσαι
1677 2209 1809 2244 ὡραιοτά-

179 2259 380 2293 templationem
396 2263 423 2287 et.
438 2268 552 2294 novam;
569 2268 654 2295 quare
675 2261 812 2296 seraphim
834 2261 928 2297 facies,
942 2268 969 2290 et

1042 2264 1067 2291 Ἰν
1087 2254 1202 2290 Θεωρίαν
1218 2255 1265 2281 καὶ
1279 2254 1368 2290 ξένην,
1383 2254 1427 2281 διὰ
1442 2255 1468 2280 τί
1483 2255 1507 2280 οἱ
1522 2255 1642 2290 σεραφὶμ
1654 2254 1688 2281 τὰ
1703 2254 1810 2290 πρόσω-

180 2305 262 2340 pedes
274 2305 405 2341 obtegunt
418 2306 479 2338 alis,
499 2310 526 2334 et
539 2307 636 2334 mediis
653 2307 755 2335 volant.

216 2382 229 2417 §
250 2382 294 2410 IX.
316 2383 385 2415 Quia
394 2385 473 2411 etiam
483 2384 541 2412 hoc.
561 2384 750 2420 lnterpretatio
762 2387 911 2421 seraphim.

216 2429 229 2463 ς
250 2427 282 2455 Χ.
304 2428 409 2456 Statum
423 2431 581 2458 naturalem.
601 2431 630 2458 In
646 2431 715 2458 libro
730 2431 769 2459 De
782 2433 881 2460 cmlesti
896 2434 966 2462 hier-

178 2473 270 2500 archia
285 2475 451 2509 explicatum
466 2480 518 2508 est,
534 2476 599 2511 quid
624 2477 659 2504 sit
677 2477 706 2504 in
720 2478 823 2513 angelis
838 2480 967 2507 essentia-

178 2519 213 2546 lis
228 2519 349 2552 habitus,
368 2521 395 2548 in
412 2522 528 2556 septimo
542 2523 642 2557 capite.

214 2564 277 2591 Non
290 2566 439 2601 ignorabat.
460 2567 538 2600 Quod
566 2572 594 2596 et
624 2570 712 2597 sancti
744 2571 834 2606 angeli
863 2571 964 2604 sciunt,

178 2611 252 2646 quod
275 2611 355 2641 Jesus
378 2614 553 2643 sanctiﬁcans
568 2615 650 2643 etiam
665 2617 852 2646 sanctiﬁcatus
866 2622 919 2652 est,
938 2623 966 2647 et

179 2658 300 2693 quando,
317 2663 344 2687 et
357 2660 504 2695 quomodo.

218 2705 396 2734 Descendisse.
416 2706 474 2734 Hoc
487 2710 529 2735 est
544 2707 682 2736 hominem
698 2709 811 2738 factum.

1020 2310 1059 2328 πα
1074 2302 1121 2328 καὶ
1135 2302 1198 2332 τοὺς
1221 2300 1304 2332 πόδας
1318 2301 1483 2328 καλύπτουσι
1497 2302 1552 2332 τοῖς
1569 2302 1687 2336 πτεροῖς,
1706 2303 1761 2333 τοῖς
1780 2301 1809 2327 δὲ

1021 2347 1114 2383 μέσοις
1125 2347 1265 2374 πέτανται.

1056 2393 1069 2429 §
1085 2392 1130 2420 IX.
1150 2394 1204 2420 Καὶ
1219 2393 1305 2420 τοῦτο
1318 2393 1362 2420 δέ.
1388 2392 1534 2429 Ἑρμηνεία
1548 2393 1601 2420 τῶν
1616 2392 1744 2429 σεραφίμ.

1056 2439 1121 2473 §X.
1143 2439 1202 2474 Τῆς
1230 2439 1403 2472 οὺσιώδους.
1431 2440 1474 2466 Ἐν
1494 2439 1533 2474 τῷ
1556 2439 1625 2473 Περὶ
1648 2438 1702 2472 τῆς
1720 2439 1807 2471 οὐρα-

1018 2486 1086 2519 νίας
1102 2487 1250 2520 [εραρχίας
1265 2486 1335 2522 λόγῳ
1349 2486 1528 2522 ὲσαφηνίσθη,
1543 2486 1568 2512 τί
1582 2486 1654 2512 ἐστιν
1665 2486 1710 2512 ἐπὶ
1725 2485 1806 2519 ἀγγέ-

1018 2529 1071 2555 λων
1085 2528 1215 2564 οὑσιώδης
1229 2529 1294 2562 ἕξις,
1310 2531 1338 2556 ὲν
1353 2531 1458 2566 ἑϐδόμῳ
1469 2530 1616 2564 κεφαλαίῳ.

1056 2572 1096 2610 [α]
1119 2575 1178 2601 Οὺθι
1197 2575 1359 2610 ἠγνόησεν,
1382 2577 1442 2602 Ὅτι
1452 2575 1498 2602 καὶ
1511 2575 1537 2601 οἱ
1547 2575 1619 2609 ἅγιοι
1631 2574 1740 2608 ἄγγελοι
1751 2575 1805 2601 ἴσα-

1019 2627 1071 2651 σιν,
1082 2620 1123 2646 ὅτι
1137 2620 1151 2646 ὁ
1164 2618 1402 2657 ἁγιάζωνἹησοῦς
1416 2622 1463 2648 καὶ
1473 2620 1602 2657 ἡγιάσθη,
1613 2620 1660 2647 καὶ
1671 2620 1746 2652 πότε,
1757 2620 1804 2647 καὶ

1018 2673 1087 2698 πως.

1053 2713 1291 2747 Κατεληλυθότα.
1311 2713 1453 2741 Τουτέστιν
1468 2712 1609 2749 ἄνθρωπον
1624 2711 1776 2749 γενόμενον.

627 2799 744 2837 νΑιιιᾸῐ
762 2809 953 2839 LECTIONES
970 2812 1014 2841 ET
1030 2812 1306 2843 GORRECTIONES.

219 2906 241 2922 "
259 2914 303 2941 γρ.
321 2908 436 2938 εὑκτεῖν.
488 2912 508 2927 ²¹¹
525 2919 568 2947 γρ.
586 2911 673 2939 τύποι.
708 2914 730 2929 ιε’
746 2920 791 2949 γρ.
809 2913 926 2949 ἔχοντες.
