1925 3060
144 169 195 197 157

516 170 545 198 S.
562 169 685 198 MAXIMI
703 168 848 198 SCBOLIA
866 169 899 197 lN
925 169 988 198 LIB.
1006 168 1051 196 DE
1069 158 1209 197 ECCLES.
1229 167 1415 196 HIEBARCH.

1717 167 1767 196 158

178 226 220 263 [β]
246 228 326 262 Πρὸς
343 228 396 256 τοῦ
411 228 532 263 Πατρός.
553 229 638 256 Τοῦτό
661 238 728 265 φησι
749 229 794 256 διὰ
813 229 844 256 τὸ
868 229 917 264 μία

1018 227 1041 254 Α
1066 227 1159 256 Patre.
1178 225 1236 255 Hoc
1259 227 1337 260 dicit,
1364 229 1509 262 propterea
1532 227 1606 262 quod
1626 227 1706 254 unica
1730 228 1766 255 sit

141 272 211 301 εῖναι
227 275 277 310 τῆς
290 275 370 309 ἁγίας
383 275 496 311 Τριάδος
508 275 557 311 τὴν
571 275 720 311 ἐνέργειαν.
736 275 889 311 Σημείωσαι
902 276 930 302 δὲ

140 321 190 356 τὴν
207 320 398 356 ἀπαράϐλητον
418 321 570 357 ὀρθοδοξίαν
584 321 631 348 τοῦ
649 321 766 357 μεγάλου
781 322 928 354 Διονυσίου,

140 366 188 392 καὶ
208 365 268 397 πῶς
289 365 404 401 ἐφύλαξε
423 366 473 401 τῆς
495 366 621 402 θεότητος
638 366 686 393 τοῦ
707 366 809 402 Κυρίου
832 366 928 401 Ἰησοῦ,

140 413 187 439 καὶ
202 413 253 448 τῆς
267 414 365 450 σαρκὸς
378 415 427 450 τὴν
436 414 565 450 διαφοράν
575 423 581 429 ·
590 415 604 440 ὁ
615 414 670 450 γὰρ
680 413 800 448 ἁγιάζων
815 412 928 449 Ἰησοῦς,

140 458 178 489 ὡς
193 459 269 491 Θεὸς,
284 460 382 492 πάντα,
394 461 440 487 καὶ
453 461 534 492 αὐτὸς
547 460 585 492 ὡς
598 460 739 496 ἄνθρωπος
749 459 864 495 ἡγιάσθη
878 459 930 486 ὑπό

141 513 171 532 τε
190 506 238 532 τοῦ
253 507 369 542 Πατρὸς,
384 507 430 534 καὶ
454 508 497 542 ὑφ’
513 507 621 539 ἑαυτοῦ,
637 507 698 534 ἐπεὶ
721 507 768 534 καὶ
789 507 866 538 Θεὸς,
881 507 928 534 καὶ

142 551 194 577 ὑπὸ
207 551 254 578 τοῦ
273 552 351 586 ἁγίου
367 552 533 588 Πνεῦματος,
550 552 655 580 είδυιῶν
669 553 715 579 καὶ
729 552 783 579 τῶν
795 552 928 588 οὐρανίων

140 597 243 630 τάξεων
263 597 312 632 τὴν
334 597 401 625 ἰδίαν
416 598 513 634 ἀρχὴν,
529 598 662 630 τουτέστι,
677 599 722 625 τὸν
741 598 825 625 αἴτιον
839 598 928 625 αὐτῶν

140 642 188 668 καὶ
209 642 254 669 τὸν
275 642 437 679 δημιουργὸν
456 644 501 671 τὸν
523 644 638 679 Ἰησοῦν,
653 645 692 671 ὅτι
707 643 757 671 κᾶν
771 644 926 679 ἁγιάζηται,

139 687 195 714 ἀλλ’
213 686 258 714 οὖν
274 688 321 715 κα)⁵
334 688 420 720 οὕτως
433 688 490 725 ἔχει
502 689 532 716 τὺ
551 690 610 716 κατ’
624 689 718 716 οὐσίαν
739 689 925 717 ἀναλλοίωτον·

138 734 205 766 Θεὸς
219 734 282 770 γάρ.
299 736 454 771 Σημείωσαι
474 736 502 763 δὲ
523 737 564 763 ὅτι
583 736 632 772 τὴν
645 737 748 763 οίκείαν
761 735 830 764 οἶδεν
840 737 927 773 ἀρχὴν

138 779 170 806 ὲκ
183 779 233 814 τῆς
248 779 391 816 θεουργίας
405 779 498 807 αὐτοῦ.

173 824 210 861 [δ]
229 826 359 861 Σεραφὶμ
383 827 562 861 περιίστησι.
582 827 753 862 Σημείωσαι,
776 826 820 853 διὰ
839 826 866 853 τί
887 826 926 862 τῷ

137 871 201 908 θείῳ
216 872 294 908 μύρῳ
306 875 492 909 περιίστανται
508 876 542 902 τὰ
555 875 736 910 ὲξαπτέρυγα.
754 874 920 911 ’Δπαράλλα-

981 275 1240 303 sanctaa‘Trinitatis
1256 275 1365 311 energia
1382 283 1430 302 seu
1445 275 1564 302 inﬂuxus
1580 275 1607 301 in
1621 282 1700 310 opus.
1710 273 1765 301 No-

980 325 1007 348 ta
1022 328 1096 352 vero.
1113 320 1353 356 incomparabilem
1368 321 1459 356 magni
1476 320 1598 356 Dionysii
1612 324 1714 347 rectam
1731 321 1766 348 de

981 364 1033 392 ﬁde
1046 365 1218 399 sententiam,
1232 368 1259 392 et
1269 365 1406 400 quomodo
1417 364 1534 392 servavit
1548 364 1699 392 divinitatis
1712 363 1766 391 Do-

979 411 1046 438 mini
1059 410 1136 444 Jesu,
1152 415 1179 438 et
1193 411 1285 439 carnis
1299 410 1497 445 ditl'erentiam;
1517 410 1597 438 Jesus
1611 410 1683 438 enim
1700 418 1765 438 san-

979 456 1112 489 clilicans.
1126 460 1156 484 ut
1179 456 1261 489 Deus,
1278 457 1415 489 universa,
1434 457 1505 484 idem
1521 457 1602 484 etiam
1628 460 1658 482 ut
1682 456 1764 483 hamo

979 503 1167 530 sanctiﬁcatus
1185 506 1227 531 est
1247 506 1304 530 tum
1319 510 1334 530 a
1350 502 1440 534 Patre,
1455 506 1513 529 tum
1528 510 1541 529 a
1557 503 1662 537 seipso;
1676 510 1764 537 quan-

978 549 1124 584 doquidem
1139 549 1221 576 etiam
1237 548 1319 581 Deus,
1333 552 1360 576 et
1374 556 1390 574 a
1407 547 1510 582 Spiritu
1526 552 1636 580 sancto;
1653 547 1764 575 scienti-

978 595 1029 622 bus
1045 603 1153 630 quoque
1168 595 1328 623 caelestibus
1342 594 1482 622 ordinibus
1502 595 1640 629 proprium
1661 594 1764 629 princi—

977 641 1063 676 pium,
1079 641 1106 668 id
1120 645 1163 669 est
1178 645 1318 668 auctorem
1341 648 1420 668 suum
1444 644 1471 667 et
1493 645 1642 667 creatorem
1657 639 1761 671 Jesum,

977 688 1050 723 quod
1065 688 1117 715 etsi
1133 687 1329 720 sanctiﬂcetur,
1347 692 1437 714 tamen
1449 687 1530 714 etiam
1556 687 1596 714 sic
1618 687 1700 714 habet
1714 694 1763 714 na-

976 737 1046 761 tura:
1058 734 1321 767 immutabilitatem;
1338 733 1409 761 Deus
1430 734 1513 761 enim.
1531 733 1599 760 Nota
1610 741 1675 761 vero
1689 733 1761 768 quod

976 780 1116 817 proprium
1130 781 1239 815 agnovit
1252 780 1416 815 principium
1428 788 1460 807 ex
1476 788 1525 808 sua
1536 780 1627 807 divina
1645 781 1760 808 actione.

1013 825 1153 860 Seraphim
1164 825 1281 860 apponit.
1300 824 1369 852 Nota
1394 832 1445 852 cur
1470 825 1608 858 seraphim
1633 833 1680 852 sex
1705 825 1761 852 ala-

977 879 1037 899 rum
1062 872 1323 899 circumstatuantur
1346 872 1438 899 divino
1459 877 1605 906 unguento.
1628 871 1762 907 Ἀπαράλ-

137 926 199 944 κτον
212 918 239 944 δὲ
253 916 328 946 εἶπεν
337 919 353 955 ἢ
362 919 400 951 ὡς
410 920 478 955 πρὸς
491 920 521 946 τὸ
530 921 600 947 κατὰ
614 909 702 947 πάντα
715 921 764 956 τῆς
777 909 836 947 καθ’
844 922 917 956 ἡμᾶς

975 921 1074 950 tax-rw,
1091 926 1147 945 non
1169 922 1259 945 autem
1278 918 1438 946 dissimilem
1452 918 1536 951 dixit,
1550 922 1597 945 aut
1613 918 1685 953 quod
1700 926 1749 953 per

137 963 243 998 φύσεως
262 965 425 1001 ὁμοιωθῆναι
443 966 507 1001 ἡμῖν
528 966 612 1001 χωρὶς
625 965 777 1002 ἁμαρτίας·
797 967 813 1002 ἢ
827 967 864 998 ὡς
881 966 918 1003 μὴ

136 1008 320 1044 ὑπομείναντα
328 1011 515 1047 παραλλαγὴν,
525 1011 542 1047 ἢ
552 1012 656 1047 τροπῆς
665 1013 838 1048 ἀποσκίασμα
848 1013 918 1040 κατὰ

134 1054 184 1090 τὴν
206 1054 329 1090 θεότητα,
343 1057 373 1082 ὲν
387 1056 426 1091 τῷ
440 1057 601 1092 προσλαῦεῖν
621 1057 652 1084 τὸ
671 1057 848 1093 ἀνθρώπινον.
868 1059 920 1095 Ση-

135 1100 250 1135 μειωσαι
262 1100 290 1126 δὲ
307 1101 355 1136 τὴν
368 1101 461 1137 ὁλικὴν
476 1102 690 1139 ἐνανθρώπησιν,
705 1103 749 1130 διὰ
760 1104 823 1136 τοὺς
839 1105 919 1132 ἄνουν

133 1145 214 1172 αὑτὸν
230 1146 370 1180 λέγοντας.

168 1233 206 1270 [ε]
227 1234 285 1261 Τὸν
304 1235 504 1271 ἁγιαζόμενον.
524 1237 630 1265 Μᾶλλον
639 1239 699 1265 τότε
708 1238 793 1272 οὕτως
807 1241 919 1276 ἐφέρετο

131 1279 161 1306 ὲν
183 1281 216 1315 τῇ
240 1281 308 1316 πρὸς
328 1281 482 1317 Ἐϐραίους·
505 1283 536 1309 ’Ὁ
557 1292 589 1310 τε
609 1284 664 1320 γὰρ
685 1285 809 1320 ἁγιάζων
829 1287 878 1314 καὶ
901 1289 918 1314 ὁ

129 1323 330 1359 ἁγιαζόμενος.
645 1336 651 1343 '

167 1368 205 1395 Τὸ
221 1370 327 1403 μύρον.
347 1371 396 1398 Διὰ
418 1371 445 1398 τί
468 1373 645 1408 σταυροειδῶς
666 1374 697 1400 τὸ
720 1374 805 1411 μύρον
828 1376 858 1403 ὲν
878 1375 918 1412 τῷ

130 1413 316 1452 βαπτιστηρίῳ
326 1417 455 1453 ἐκχεῖται.

171 1462 230 1488 Ύπ¹
245 1463 317 1497 ὄψιν
329 1464 402 1499 ἄγει.
432 1466 504 1493 Ἀντὶ
518 1467 565 1494 τοῦ
586 1468 712 1504 φανερῶς
724 1469 862 1505 κηρύττει.

165 1510 359 1545 Csarea-satag-
373 1513 630 1548 καταὸεόμενονκ.
659 1516 768 1551 Ἀνέστη
777 1516 831 1553 γὰρ
840 1517 917 1554 τριή-

130 1565 223 1593 μερος,
239 1559 276 1594 μὴ
290 1559 437 1596 κρατηθεὶς
451 1561 504 1587 ὑπὸ
517 1561 565 1588 τοῦ
580 1561 706 1590 θανάτου.

169 1645 340 1681 Ἁκρατήτῳ.
369 1649 478 1686 Ἀνέστη
493 1650 548 1686 γὰρ
557 1652 704 1688 τριήμερος
714 1652 750 1689 μὴ
759 1655 915 1691 κρατηθείς.

162 1691 238 1725 Τοὺς
252 1694 295 1725 εις
313 1693 367 1720 τὸν
380 1693 517 1722 θάνατον.
540 1697 617 1724 Ἐστι
640 1698 694 1733 γὰρ
716 1699 875 1736 ἀπόκρυφος
897 1701 914 1737 ἡ

125 1736 273 1771 αἰτιολογία
291 1739 348 1770 τοῖς
369 1739 475 1772 πολλοῖς
488 1741 535 1768 τοῦ
558 1743 720 1778 μυστηρίου,
735 1743 778 1771 διὰ
791 1744 818 1770 τί
832 1745 861 1771 τὸ
876 1746 916 1778 εἰς

125 1781 242 1817 Χριστὸν
256 1782 406 1819 βάπτισμα,
423 1784 517 1821 ὅτιπερ
531 1786 571 1818 είς
584 1786 629 1813 τδν
643 1787 756 1815 θάνατον
773 1789 855 1816 αὑτοῦ
866 1789 915 1826 βα-

125 1828 287 1863 πτιζόμεθα.

161 1873 236 1909 ςχι.
265 1875 537 1911 Ἀνθρωποπρεπῶς.
558 1878 712 1914 Σημείωσαι
723 1881 769 1908 καὶ
777 1882 912 1918 ἐντεῦθεν,

123 1919 138 1945 ὁ
152 1919 278 1955 Χριστὸς,
299 1921 344 1948 καὶ
358 1921 395 1953 ὡς
413 1922 565 1959 ἄνθρωπος,
579 1924 685 1960 δέχεται
707 1927 737 1953 τὺ
757 1928 869 1964 Πνεῦμα
882 1929 913 1956 τδ

123 1964 200 1998 ἅγιον
214 1965 408 2001 ἁγιαζόμενος·
425 1969 473 1994 καὶ
493 1969 532 2000 ὼς
549 1969 624 2004 Θεὸς,
640 1971 745 1999 δίδωσιν
766 1973 842 2000 αὑτό.
857 1975 911 2010 Ση-

124 2010 238 2046 μείωσαι
260 2012 306 2038 καὶ
328 2012 358 2038 τὺ
381 2012 436 2047 τῆς
459 2015 624 2049 οὐσιώδους
646 2018 793 2052 θεότητος,
809 2021 856 2048 καὶ
869 2021 910 2048 ὅτι

121 2055 324 2090 ἀναλλοίωτος
336 2058 462 2092 ἔμεινεν.

159 2100 241 2132 Ἕξει
255 2101 288 2127 τὸ
304 2103 462 2130 θειότατον.
483 2105 524 2139 Et,
540 2106 586 2132 ἐπὶ
601 2107 655 2134 τῶν
676 2108 799 2144 ἀγγέλων
812 2111 909 2139 οὐσιῶ-

119 2144 175 2193 ξεις
189 2145 260 2193 ἔξεις
273 2147 426 2182 ἀκούοντες,
437 2150 468 2176 οὐ
481 2152 626 2187 ποιότητας
645 2153 742 2186 ἔξωθεν
756 2156 826 2182 κατὰ
840 2165 909 2193 συμ-

120 2190 236 2227 ϐεϐηκὸς
249 2193 437 2229 ὲπιγινομένας
446 2196 570 2232 νοοῦμεν,
585 2199 623 2231 ὡς
636 2200 683 2226 καὶ
699 2201 752 2237 πρὸ
766 2202 856 2236 ὀλίγου
869 2190 908 2230 ei-

968 965 1059 991 omnia
1074 968 1179 992 natura:
1190 968 1291 991 nostra;
1306 964 1403 992 similis
1418 964 1506 992 factus
1518 969 1561 992 est
1572 965 1679 992 sublato
1694 973 1756 1000 pec-

968 1014 1041 1042 cato,
1062 1014 1108 1038 aut
1132 1010 1204 1045 quod
1222 1018 1277 1038 non
1300 1011 1444 1046 pertulerit
1458 1012 1635 1039 mutationem
1652 1012 1695 1039 vel
1710 1014 1752 1039 vi-

969 1056 1137 1084 cissitudinis
1149 1057 1386 1084 obumbrationem
1404 1057 1554 1085 secundum
1571 1057 1754 1090 divinitatem,

968 1108 1031 1128 cum
1054 1105 1181 1128 naturam
1203 1101 1351 1129 humanam
1370 1103 1529 1138 assumpsit.
1546 1102 1616 1130 Nota
1635 1111 1700 1131 vero
1716 1107 1760 1130 to-

969 1149 1024 1173 tam
1049 1150 1155 1174 naturaa
1171 1148 1397 1182 assumptionem,
1414 1152 1527 1183 propter
1540 1156 1587 1176 eos
1603 1149 1650 1184 qui
1669 1149 1758 1185 ipsum

967 1190 1108 1219 Christum
1124 1192 1223 1220 mentis
1237 1197 1376 1228 expertem
1390 1201 1450 1221 esse
1463 1194 1572 1223 dicunt.

1004 1235 1219 1271 Sanctificatum.
1239 1236 1308 1264 Tum
1333 1238 1420 1274 magis
1435 1239 1486 1266 hoc
1502 1239 1583 1266 modo
1609 1239 1747 1266 ferebatur

967 1282 996 1309 in
1021 1281 1140 1317 Epistola
1154 1283 1188 1310 ad
1210 1283 1358 1312 Hebraeos'
1372 1293 1379 1311 :
1396 1284 1450 1318 Qui
1461 1285 1532 1312 enim
1547 1285 1709 1320 sanctiﬁcat,
1725 1290 1752 1313 et

968 1329 1014 1364 qui
1027 1329 1221 1363 aanctiﬁcatur.

1006 1373 1182 1409 Unguentum.
1202 1374 1258 1402 Cur
1269 1375 1361 1404 crucis
1378 1376 1468 1412 specie
1482 1381 1649 1413 unguentum
1664 1378 1692 1405 in
1706 1378 1756 1406 ba-

967 1419 1068 1455 ptismo
1082 1419 1241 1448 ell‘unditur.

1001 1465 1055 1493 Sub
1069 1471 1201 1501 aspectum
1216 1468 1300 1502 ponit.
1319 1467 1383 1503 Pro,
1391 1469 1479 1504 palam
1495 1470 1633 1505 prmdicat.

1003 1512 1057 1548 76
1075 1512 1130 1540 Pro
1158 1513 1248 1540 divina
1265 1515 1431 1549 generatione
1454 1515 1597 1544 demersus.
1615 1515 1756 1544 Excitatus

966 1561 1009 1585 est
1032 1558 1105 1585 enim
1133 1559 1216 1586 tertio
1239 1559 1293 1593 die,
1316 1567 1372 1587 non
1394 1559 1521 1588 detentus
1549 1566 1596 1588 aut
1620 1561 1710 1589 victus
1739 1569 1754 1589 a

968 1609 1065 1632 morte.

1003 1649 1191 1685 Imuperabili.
1213 1651 1338 1680 Surrexit
1350 1652 1422 1679 enim
1435 1653 1518 1680 tertio
1532 1652 1576 1680 die
1587 1661 1642 1680 non
1654 1653 1753 1681 victus.

1003 1696 1056 1724 Eos
1070 1698 1115 1732 qui
1130 1698 1157 1724 in
1173 1702 1265 1726 morte.
1286 1698 1334 1726 Est
1344 1698 1416 1726 enim
1428 1699 1555 1727 abstrusa
1567 1699 1660 1728 multis
1670 1707 1752 1727 causa

965 1743 1099 1778 mysterii,
1109 1751 1159 1771 cur
1173 1744 1275 1773 Christi
1291 1746 1443 1781 baptismus
1458 1745 1548 1779 detur,
1565 1746 1638 1782 quod
1653 1746 1678 1774 in
1692 1746 1752 1782 eius

964 1793 1051 1818 morte
1065 1790 1248 1826 baptizamur.

999 1879 1013 1916 §
1030 1879 1076 1908 XI.
1093 1881 1217 1908 Humana
1229 1889 1310 1909 more.
1326 1880 1405 1913 Nota,
1422 1881 1505 1909 etiam
1521 1882 1572 1910 hoc
1585 1883 1655 1917 loco,
1670 1884 1750 1912 Chri-

962 1930 1045 1959 stum,
1060 1931 1086 1954 et
1110 1930 1140 1954 ut
1166 1927 1302 1955 hominem
1322 1927 1445 1962 accipere
1466 1927 1596 1963 Spiritum
1623 1934 1748 1957 sanctum

961 1981 1023 2000 cum
1047 1974 1242 2006 sanctiﬁcatur,
1267 1978 1294 2001 et
1322 1978 1352 2001 ut
1371 1973 1468 2007 Deum,
1490 1983 1552 2002 eum
1577 1976 1658 2004 dare:
1676 1976 1747 2003 Nota

960 2020 1033 2047 enim
1060 2030 1067 2048 :
1094 2019 1241 2048 “sentiatis
1271 2020 1434 2053 divinitatis,
1462 2025 1489 2049 et
1518 2022 1591 2057 quod
1622 2023 1748 2050 immuta-

960 2065 1020 2093 bilis
1034 2067 1141 2094 mansit.

994 2111 1073 2139 Statu
1087 2112 1245 2140 divinitatis.
1265 2112 1295 2140 Si
1310 2120 1372 2140 cum
1387 2113 1414 2140 in
1430 2113 1532 2148 angelis
1553 2114 1748 2143 substantiales

957 2158 1068 2186 habitus
1080 2159 1217 2191 audimus,
1228 2167 1282 2186 non
1297 2159 1444 2194 qualitates
1454 2160 1625 2187 extrinsecus
1643 2168 1691 2195 per
1700 2169 1747 2190 ac-

957 2204 1051 2232 cidens
1080 2204 1256 2232 advenientes
1289 2205 1487 2240 intelligimus,
1518 2205 1744 2240 quemadmodum

121 2247 212 2285 ρηται,
229 2241 274 2266 καὶ
297 2241 325 2267 ὲν
340 2241 378 2276 τῷ
404 2242 473 2276 Περὶ
494 2243 559 2278 τῆς
587 2246 729 2280 οὐρανίας
757 2249 907 2283 [epaple

977 2251 1038 2277 aulo
1062 2254 1125 2278 ante
1146 2250 1247 2278 dictum
1278 2254 1330 2283 est,
1348 2255 1374 2278 et
1390 2251 1417 2278 in
1437 2251 1507 2278 lihro
1523 2251 1560 2278 De
1575 2251 1672 2278 σαίρειὶ
1691 2251 1746 2279 hie—

120 2283 192 2320 λόγῳ
215 2285 353 2322 κεφαλαίῳ
372 2287 477 2323 έῦδόμῳ
501 2288 718 2326 διεσαφήσαμενθ
734 2291 824 2328 πολλῷ
842 2293 909 2328 μᾶλ-

119 2330 165 2357 λον
186 2332 232 2359 ἐπὶ
251 2332 299 2359 τοῦ
315 2334 361 2360 καὶ
375 2334 445 2370 ὑπὲρ
458 2335 552 2362 οὐσίαν
566 2337 668 2372 κυρίως
687 2337 763 2370 ὄντος
777 2339 844 2367 Θεοῦ
858 2340 908 2376 τὴν

118 2375 174 2408 ἓξιν
199 2378 230 2404 οὐ
250 2378 378 2415 ποιότητα
398 2379 538 2416 δεξόμεθα,
553 2382 602 2418 τὴν
625 2384 671 2410 ἐπὶ
692 2386 749 2416 τοῖς
771 2385 907 2418 συνθέτοις

118 2423 328 2458 ωμὸαίνουσαν,
344 2425 400 2451 ἀλλ’
412 2426 468 2458 ἕξιν
482 2427 627 2460 οὐσιὼδους
640 2428 774 2464 θεότητος,
791 2431 841 2466 τὴν
857 2440 906 2466 φυ-

117 2468 201 2500 σικῶς
215 2469 328 2505 ἔχουσαν
343 2470 372 2503 ἐξ
386 2471 469 2506 αὐτῆς
489 2473 522 2499 τὰ
543 2473 591 2509 τῆς
607 2474 773 2511 ἀγαθότητος
787 2477 903 2505 ἅπαντα.

114 2513 191 2546 Τέως
214 2515 242 2540 δὲ
265 2517 402 2551 σημαίνει,
417 2518 457 2544 ὅτι
482 2519 528 2545 καὶ
549 2520 566 2554 ἡ
589 2519 683 2556 θεότης
697 2522 746 2549 οὐκ
760 2523 904 2551 αὑτοουσίσ.

114 2560 175 2586 ἐστὶ
188 2560 235 2587 τοῦ
250 2561 328 2594 Θεοῦ,
344 2562 411 2589 ἀλλὰ
424 2564 473 2599 τῆς
487 2564 581 2596 οὐσίας
593 2565 664 2598 δόξα.

151 2605 238 2641 §XIL
261 2608 490 2643 Θυσιαστηρίου.
514 2611 574 2638 ’Ότι
596 2613 643 2639 καὶ
664 2613 694 2640 τὸ
711 2613 901 2652 θυσιαστήριον

117 2651 196 2687 μύρῳ
211 2652 370 2686 τελειοῦται,
381 2655 427 2682 καὶ
441 2655 484 2682 διὰ
496 2657 534 2688 τί,
549 2672 557 2686 ν

150 2735 165 2750 ν
183 2731 249 2767 Cap.
269 2741 300 2765 ll,
317 2742 343 2761 ν.
362 2735 403 2762 ll.

959 2297 1064 2323 rarchia
1087 2297 1176 2332 capite
1201 2297 1318 2332 septimo
1339 2297 1516 2332 exposuimus
1534 2307 1539 2324 :
1556 2298 1642 2325 multo
1656 2300 1743 2334 magis

959 2342 986 2369 in
1003 2342 1068 2375 Deo,
1084 2343 1130 2377 qui
1144 2343 1225 2370 etiam
1241 2343 1351 2378 proprie
1365 2344 1513 2371 essentiam
1531 2345 1649 2377 excedit,
1665 2344 1743 2372 habi-

957 2391 1014 2414 tum
1031 2396 1084 2415 non
1099 2389 1258 2423 qualitatem
1273 2389 1439 2424 accipiemus
1457 2390 1618 2424 compositis
1641 2398 1742 2420 conve-

956 2434 1092 2466 nientem;
1113 2435 1161 2462 sed
1186 2435 1310 2462 habitum
1337 2436 1493 2464 essentialis
1516 2437 1741 2473 divinitatis,,qui

955 2481 1117 2508 naturaliter
1139 2489 1173 2509 ex
1194 2481 1254 2517 ipsa
1272 2481 1371 2509 habeat
1386 2490 1446 2518 quae
1460 2488 1524 2510 sunt
1537 2483 1667 2511 bonitatis
1681 2491 1741 2511 om-

954 2527 1009 2554 nia.
1023 2526 1134 2554 Interim
1149 2535 1214 2555 vero
1229 2532 1304 2560 nota,
1318 2529 1400 2556 etiam
1415 2529 1597 2563 divinitatem,
1609 2537 1664 2557 non
1678 2537 1740 2558 esse

953 2573 1101 2600 essentiam
1118 2574 1204 2609 ipsam
1220 2573 1278 2606 Dei,
1295 2575 1342 2602 sed
1357 2576 1484 2604 essentia:
1496 2576 1662 2612 opinionem.

989 2619 1003 2654 §
1017 2618 1073 2646 ΧΠ.
1094 2619 1205 2648 Altam.
1226 2620 1304 2653 Quod
1316 2621 1399 2650 etiam
1415 2622 1500 2650 altare
1515 2625 1653 2657 unguento
1667 2627 1735 2648 con-

953 2669 1086 2698 secretur,
1103 2669 1129 2694 et
1143 2667 1331 2701 quamobrem.

565 2815 679 2846 VARUS
696 2817 886 2848 LECTIONES
905 2820 949 2849 ET
965 2821 1240 2852 CORRECTlONES-

163 2891 185 2908 "
199 2901 242 2929 γρ.
265 2895 470 2930 καταδυόμενον.
