1925 3060
191 178 241 206 159

221 234 316 263 Alture
335 233 426 261 Iesus.
446 232 524 267 Quod
548 232 631 260 Jesus
653 236 695 260 cst
720 232 805 259 altare

190 281 403 317 magnitudinem
418 284 444 307 et
460 279 631 307 altitudinem
642 278 777 314 ejusmodi
791 277 896 309 altaris,
907 276 980 312 quod

188 327 297 362 quidem
312 326 440 354 Christus
453 330 504 354 est.

224 372 335 408 Mystice
360 373 467 400 omnino
488 370 658 399 concremati.
680 370 806 398 lnnuitur
820 369 883 398 linis
899 369 980 405 quin-

187 419 338 455 quagesimi
356 419 466 454 psalmi.

225 465 356 501 Unguenti
378 465 541 501 mysterium.
563 464 641 498 Quod
663 464 795 500 unguenti
821 471 979 492 sacramen-

186 514 244 537 tum
262 516 388 538 vocatum
405 515 464 544 est,
479 517 506 538 et
523 511 712 547 quamobrem.

221 557 354 585 Diuim'lus
366 562 471 585 cuncta.
492 557 570 590 Quod
582 558 619 584 ait
632 562 673 585 est
685 556 834 592 ejusmodi:
844 555 978 590 Quoniam

186 605 276 632 omnis
295 604 385 631 divina
401 604 535 639 apparitio
560 607 587 631 et
611 603 734 638 operatio
750 602 836 638 signis
856 602 978 630 ostendi-

186 655 241 684 tur,
258 658 375 686 sequcns
389 654 487 678 cantus
503 650 698 686 prophetarum
721 649 832 677 alleluia
856 649 975 685 signum,

185 697 328 725 considera
344 696 409 732 quid
424 697 554 724 declaret.

221 744 304 771 Aiunt
317 743 345 771 lii
358 744 403 779 qui
421 743 559 771 Hebraice.
579 741 650 770 Nota
668 742 725 770 haec
740 745 837 770 contra
853 741 977 777 Acepha-

185 791 236 818 los.

221 837 269 864 Dei
292 837 479 872 apparitionis.
499 835 567 869 Quis
596 836 717 871 psalmus
728 835 840 868 dicitur,
863 838 890 863 et
915 842 976 870 per-

184 884 309 919 spicuum
324 884 397 919 quod
415 891 486 912 unus
503 883 699 918 inscriptorum
716 883 842 912 Alleluia.

482 941 516 968 lN
540 941 618 970 CAP.
637 940 670 969 V.

221 987 269 1024 §l.
290 987 509 1016 Distributiones.
529 988 693 1016 Sortitiones
717 988 768 1016 has
791 992 881 1021 vocat,
909 988 974 1024 quia

182 1035 373 1070 unusquisque
396 1034 464 1062 ordo
491 1034 697 1062 ecclesiasticus
719 1034 867 1069 separatim
893 1034 974 1062 habet

181 1081 368 1108 ecclesiastica
385 1081 439 1116 77
450 1080 615 1113 ministeria,
631 1083 661 1108 ut
676 1080 727 1108 sibi
741 1085 816 1108 sorte
828 1081 971 1113 attributa,

181 1135 242 1162 quae
257 1127 396 1162 praeterire
409 1128 518 1163 nequit;
534 1126 709 1156 manifestum
721 1131 764 1155 est
777 1127 849 1155 enim
863 1126 973 1154 diaconi

180 1174 310 1206 otticium,
329 1177 356 1201 et
379 1174 495 1201 aliorum
517 1173 653 1202 similiter.
678 1172 802 1202 Virtutes
826 1178 916 1202 autem
946 1178 973 1202 et

181 1219 334 1247 activitates
350 1220 377 1246 in
391 1219 446 1252 his,
464 1220 528 1248 licet
543 1220 653 1256 quidem
676 1220 703 1247 in
724 1228 779 1248 uno
801 1227 884 1248 sensu
900 1220 972 1247 acci-

181 1273 255 1300 pere,
271 1273 333 1292 cum
352 1265 422 1293 idem
439 1265 579 1294 declarent
596 1275 603 1294 :
618 1266 673 1293 vim
698 1265 771 1294 enim
797 1266 930 1302 purgandi
945 1269 973 1294 et

179 1311 351 1339 illuminandi
366 1311 491 1340 docendo
507 1312 606 1340 habere
618 1312 749 1340 dicuntur
763 1312 782 1340 ii
797 1313 843 1348 qui
860 1313 917 1340 haec
928 1312 971 1340 el-

180 1357 261 1386 licere
284 1358 504 1393 pemiittuntur:
524 1359 588 1387 licet
613 1363 703 1387 autem
729 1359 811 1387 etiam
827 1357 906 1386 aliter
915 1356 972 1385 dis-

182 1403 321 1438 tinguere,
343 1408 373 1431 ut
386 1404 500 1433 virtutes
516 1405 817 1441 quidem'accipiamus
837 1406 971 1440 spiritalia

179 1450 250 1477 dona
275 1454 301 1478 et
326 1450 442 1485 merita;
459 1451 614 1479 activitates
629 1459 705 1484 vero,
722 1451 890 1486 ministeria;
909 1459 972 1486 per-

178 1493 311 1524 fectiones
322 1496 406 1528 enim,
421 1496 578 1529 manifeste,
595 1497 666 1524 sicut
681 1497 710 1524 in
726 1496 971 1525 constitutionibus

178 1549 226 1569 seu
240 1542 459 1571 ordinationibus
474 1543 652 1578 accipiemus.

597 174 768 203 APPENDIX
784 174 830 201 AD
845 173 961 202 OPERA
976 173 1004 203 S.
1021 172 1172 202 DIONYSII
1191 172 1433 202 AREOPAGlT/E.

831 240 837 258 :
864 234 891 258 et
916 234 980 258 nota
997 235 1018 262 Α
1068 229 1290 265 Θυσίαστήριον
1309 232 1438 266 Ἰησοῦς.
1461 232 1522 258 ’Ότι
1543 230 1646 266 Ἰησοῦς
1661 230 1719 257 ἐστι
1734 239 1764 258 το
1778 231 1826 258 θυ-

1772 173 1825 202 160

1032 278 1204 313 σιιστήριοψ
1219 277 1266 304 καὶ
1280 277 1432 313 σημείωσαι
1454 277 1486 304 τὸ
1504 276 1619 313 μέγεθος
1641 277 1689 303 καὶ
1712 277 1743 303 τὸ
1757 276 1824 312 ὒψος

1030 322 1077 350 τοῦ
1090 323 1212 350 τοιούτου
1229 323 1437 359 ουσιαστηρίου,
1453 324 1522 358 ὅπερ
1536 323 1609 350 ἐστὶν
1624 324 1638 349 ὁ
1649 323 1775 359 Χριστόςτ

1063 369 1222 402 Μυστικῶς
1235 370 1497 405 ὀλοκαυτσύμενοι.
1517 369 1554 396 Τὸ
1577 369 1653 401 τέλος
1674 369 1822 396 αἰνίττεται

1028 415 1075 442 τοῦ
1090 414 1272 451 πεντηκοστοῦ
1288 415 1407 451 ψαλμοῦ.

1063 461 1166 496 Μύρου
1178 461 1315 496 τελετήν.
1337 463 1399 490 Ὀτι
1425 461 1512 499 μύρου
1534 461 1628 498 τελετὴ
1643 462 1756 498 ἐκλήθη,
1772 462 1821 490 καὶ

1028 508 1073 535 διὰ
1085 509 1122 536 τί.

1064 554 1245 590 Θεουργικῶς
1259 555 1385 582 ἅπαντα.
1407 555 1441 582 ’⁷0
1464 563 1531 590 φησι
1552 554 1631 582 τοῦτό
1659 555 1734 582 ἔστι·
1763 555 1820 582 Πά-

1029 610 1080 637 σης
1101 601 1175 634 θείας
1197 601 1357 637 θεοφανείας
1365 602 1386 618 ³¹
1401 603 1449 628 καὶ
1464 602 1596 638 ἐργασίας
1613 602 1658 628 διὰ
1679 601 1819 637 συμϐόλων

1027 647 1214 684 δεικνυμένης,
1230 648 1376 675 ἀκόλουθον
1398 648 1446 675 τοῦ
1464 648 1610 683 ἀλληλούῖα
1624 647 1672 675 τοῦ
1684 648 1738 675 τῶν
1752 657 1819 684 προ-

1028 694 1120 730 φητῶν
1135 694 1230 730 μέλους
1243 694 1274 721 τὸ
1291 694 1322 721 σύ
1326 694 1434 729 μϐολον,
1451 693 1588 730 θεωρῆσαι
1601 693 1627 720 τί
1640 694 1723 729 δηλοῖ.

1064 741 1160 768 Φασίν
1175 742 1202 768 οι
1213 740 1250 767 τὰ
1269 740 1421 775 Ἐϐραίων.
1443 740 1600 775 Σημείωσαι
1614 739 1686 767 κατὰ
1701 737 1812 774 Ἀκεφά·

1027 787 1091 815 λων.

1064 833 1252 868 Θεοφανείας.
1272 833 1352 865 Ποῖος
1368 833 1475 868 λέγεται
1491 833 1608 869 ψαλμὺς,
1619 833 1666 861 καὶ
1683 832 1761 869 δῆλον
1775 832 1817 859 ὅτι

1027 877 1067 911 εἷς
1079 879 1133 906 τῶν
1143 879 1389 915 ἐπιγεγραμμένων
1402 879 1593 913 Ἀλληλούτω

1271 937 1325 963 ΕΙΣ
1343 937 1387 963 ΤΟ
1406 937 1530 964 ΚΕΦΑΛ.
1549 937 1586 963 Ε¹.

1062 981 1112 1019 §l.
1140 983 1387 1017 Ἀποκληρώσεις.
1415 982 1632 1018 Ἀποκληρώσεις
1652 982 1754 1014 ταύτας
1767 991 1817 1010 κα-

1024 1029 1065 1055 λεῖ
1086 1028 1131 1055 διὰ
1153 1029 1183 1055 τὸ
1211 1029 1330 1065 ἑκάστην
1353 1029 1430 1062 τάξιν
1453 1029 1592 1065 ἱερατικὴν
1616 1029 1816 1065 ἀφωρισμένως

1024 1075 1095 1110 ἔχειν
1121 1075 1258 1111 ἱερατείας
1284 1076 1446 1112 ὑπηρεσίας,
1471 1073 1526 1102 οἷον
1549 1076 1816 1111 ἀποκεκληρωμένας

1023 1122 1102 1157 αὐτῇ,
1118 1121 1151 1153 ἃς
1172 1121 1326 1158 ὑπερϐῆναι
1346 1123 1377 1149 οὺ
1397 1122 1523 1149 δύναται·
1540 1122 1617 1158 δῆλον
1631 1123 1685 1159 γάρ
1706 1123 1764 1149 ὲστι
1785 1123 1816 1150 τὺ

1024 1168 1104 1204 ἔργον
1122 1167 1169 1194 τοῦ
1189 1168 1326 1200 διακόνου,
1337 1168 1386 1195 καὶ
1399 1168 1453 1195 τῶν
1463 1168 1549 1195 ἄλλων
1562 1168 1671 1204 ὁμοίως.
1682 1169 1815 1204 Δυνάμεις

1022 1215 1051 1241 δὲ
1064 1215 1110 1241 καὶ
1125 1214 1264 1250 ἐνεργείας
1278 1215 1306 1240 ἐν
1320 1214 1434 1247 τούτοις,
1452 1214 1510 1241 ἔστι
1526 1215 1575 1250 μὲν
1593 1215 1684 1241 λαϐεῖν
1702 1216 1743 1250 ἐφ’
1756 1215 1815 1248 ἑνὸς

1022 1262 1166 1296 νοήματος,
1183 1260 1214 1287 τὸ
1236 1261 1303 1288 αὐτὸ
1322 1260 1486 1296 δηλούντων·
1504 1261 1553 1296 τὴν
1577 1260 1632 1297 γὰρ
1649 1261 1696 1288 τοῦ
1719 1261 1814 1288 καθαί-

1024 1315 1080 1343 ρειν
1094 1307 1142 1334 καὶ
1156 1307 1284 1341 φωτίζειν
1299 1307 1496 1339 διδασκαλικῶς
1511 1307 1625 1343 δύναμιν
1640 1307 1710 1343 ἔχειν
1727 1308 1814 1342 λέγον-

1021 1363 1066 1381 ται
1082 1355 1107 1381 οἱ
1121 1354 1207 1381 ταῦτα
1222 1344 1342 1389 ἐνεργεῖν
1355 1354 1513 1389 ἀφιέμενοι·
1531 1353 1588 1379 ἔστι
1602 1353 1631 1380 δὲ
1649 1354 1696 1380 καὶ
1713 1353 1814 1389 ἑτέρως

1021 1400 1230 1434 διαστείλασθαι,
1244 1400 1283 1432 ὡς
1296 1399 1425 1435 δυνάμεις
1442 1400 1490 1435 μὲν
1507 1399 1599 1426 λαϐεῖν
1622 1399 1671 1431 τὰς
1694 1408 1813 1435 πνευμα-

1021 1446 1100 1478 τικὰς
1119 1446 1224 1482 δωρεὰς
1247 1447 1295 1472 καὶ
1315 1446 1409 1479 ἀξίας
1425 1446 1566 1482 ἐνεργείας
1580 1445 1609 1472 δὲ
1627 1445 1677 1477 τὰς
1693 1446 1812 1481 λειτουρ-

1020 1492 1097 1527 γίας·
1113 1492 1162 1524 τὰς
1178 1491 1232 1528 γὰρ
1246 1491 1410 1526 τελειώσεις,
1426 1492 1568 1528 πρόδηλον,
1584 1491 1622 1524 ὼς
1637 1492 1750 1519 ἐπὶτῶν
1763 1501 1812 1520 κα-

1019 1538 1186 1572 ταστάσεων,
1202 1539 1285 1574 ἠγουν
1300 1537 1472 1574 χειροτονιῶν
1487 1538 1672 1574 ὲκληψόμεθα.

215 1588 252 1615 At:
269 1589 398 1623 triplicem
421 1597 531 1625 quoque.
548 1589 680 1624 Deinceps
695 1589 824 1625 explicat,
847 1597 908 1625 quae
931 1589 967 1617 sit

1053 1584 1109 1611 Kal
1126 1583 1183 1618 τὴν
1195 1584 1263 1618 μέν.
1286 1584 1365 1620 Ἑξῆς
1383 1584 1535 1620 σαφηνίζει,
1549 1585 1594 1617 τίς
1609 1593 1639 1611 τε
1653 1586 1669 1621 ἡ
1687 1585 1811 1622 τριαδικὴ

177 1634 277 1670 triplex
295 1635 405 1668 divisio,
422 1640 449 1664 et
464 1636 526 1671 quis
543 1637 580 1663 sit
595 1636 684 1664 ternio
700 1637 873 1671 superiorum
895 1636 969 1664 ordi-

177 1689 255 1714 num.
268 1682 302 1710 de
312 1683 413 1718 quibus
425 1683 507 1711 etiam
522 1683 604 1718 paulo
617 1687 681 1711 ante
695 1683 823 1719 exposuit
837 1684 866 1711 in
880 1683 970 1718 primo

176 1729 266 1764 capite
285 1729 348 1757 libri
367 1729 449 1764 hujus
466 1739 473 1756 :
489 1733 517 1757 et
538 1734 614 1763 nota,
635 1730 710 1765 quod
731 1730 759 1758 in
781 1730 969 1758 ecclesiastica

177 1775 332 1802 hierarchia
345 1776 445 1811 triplex
459 1775 558 1803 divisio
570 1779 623 1808 est,
640 1780 668 1804 et
682 1777 782 1812 qualis.

343 1864 427 1892 Sacra
439 1868 533 1893 nostra
549 1865 658 1893 traditio
674 1865 806 1893 dividitur

178 1909 213 1936 In
225 1910 379 1944 mysterium
393 1918 402 1937 :
531 1910 566 1938 In
587 1911 701 1939 initian-

177 1956 226 1984 hoc
259 1957 329 1983 enim
361 1961 400 1984 est
532 1961 592 1985 tem.

175 2008 382 2031 sacramentum.

210 2049 224 2085 ἕ
239 2048 270 2076 ll.
288 2048 466 2077 Sattctissima
484 2050 599 2086 quidem.
615 2050 744 2085 Quaenam
763 2052 791 2080 in
815 2052 895 2081 coelis
908 2053 966 2081 hie-

175 2095 296 2127 rarcliia,
311 2099 338 2123 et
354 2096 428 2131 quod
448 2102 652 2126 sacramentum
667 2099 790 2127 caelestis
803 2100 966 2127 hierarcliiie

176 2143 222 2174 sit,
241 2142 288 2170 Dei
303 2150 353 2178 pro
367 2143 471 2172 viribus
489 2144 611 2179 cognitio
623 2148 650 2173 et
664 2145 785 2174 habitus.
809 2146 965 2175 lnitiatores

175 2194 265 2216 autem
281 2189 374 2224 hujus,
390 2190 502 2218 ordines
515 2191 595 2226 primi
608 2192 655 2226 qui
673 2191 729 2219 Deo
748 2193 901 2226 assistunt;
916 2194 963 2228 qui

175 2235 356 2270 perﬁciuntur
376 2240 478 2270 autem,
496 2237 514 2265 ii
538 2237 586 2272 qui
601 2243 754 2273 sequuntur
770 2239 805 2266 ab
820 2239 888 2274 ipsis
909 2239 963 2266 iiii-

175 2281 233 2309 tiati
251 2286 279 2310 et
297 2282 370 2310 docti
385 2283 508 2312 ordines.

210 2327 359 2356 Secundum
374 2329 460 2358 illam.
470 2330 536 2364 Quae
550 2331 586 2359 sit
599 2332 751 2360 secundum
765 2332 835 2362 duos
848 2333 964 2369 populos

174 2374 340 2403 hierarcliia.

208 2421 341 2457 Legalem.
354 2423 393 2452 De
410 2424 564 2453 hierarchia
579 2434 640 2462 quae
653 2426 681 2454 in
696 2427 755 2462 lege
769 2432 839 2455 erat.

826 1911 860 1939 In
872 1913 966 1939 initiu-

823 1963 871 1988 los.

212 2511 268 2540 Nec
277 2514 316 2540 ita
329 2513 435 2548 facilem
447 2514 605 2547 diiudicatu.
619 2515 699 2550 Nota,
712 2524 773 2544 eum
787 2524 841 2543 non
854 2515 961 2543 facilem

175 2560 327 2594 intellectu,
342 2569 432 2596 neque
455 2561 562 2590 facilem
585 2562 717 2590 distinctu
739 2563 866 2599 legalium
888 2562 963 2590 ordi-

175 2615 242 2635 num
259 2609 518 2643 contemplationem
533 2614 559 2637 et
574 2610 733 2645 allegoriam
752 2610 855 2638 dicere.

214 2655 301 2690 Hujus
320 2660 409 2683 autem
433 2656 536 2692 legalis.
560 2656 626 2690 Qua:
645 2656 777 2692 perfectio
798 2665 848 2685 seu
869 2665 963 2685 sacrm-

175 2707 298 2729 mentum
314 2702 341 2729 in
353 2703 421 2738 lege.

214 2747 355 2777 luitiatorc
370 2758 401 2776 ac
415 2750 490 2778 duce.
507 2750 599 2786 Moyse
612 2749 749 2778 videlicet.

1020 1629 1159 1665 διαίρεσις,
1171 1630 1218 1657 καὶ
1228 1630 1270 1662 τίς
1281 1631 1298 1666 ὴ
1308 1630 1388 1666 τριὰς
1397 1630 1451 1657 τῶν
1463 1630 1686 1666 ὑπρὸεὸηκυιῶν
1697 1631 1809 1666 τάξεων,

1019 1676 1084 1712 περὶ
1098 1672 1135 1703 ὦν
1149 1676 1197 1703 καὶ
1211 1676 1373 1712 προεξέθετο
1391 1677 1420 1703 ἐν
1435 1676 1474 1712 τῷ
1488 1675 1589 1712 πρώτῳ
1610 1677 1748 1713 κεφαλαίῳ
1762 1677 1810 1705 τοῦ

1019 1722 1152 1758 παρόντος
1165 1722 1256 1757 λόγου.
1272 1723 1327 1749 Καὶ
1347 1722 1499 1758 οημείωσαι
1516 1723 1556 1749 ὅτι
1578 1724 1624 1750 ἐπὶ
1644 1723 1696 1759 τῆς
1709 1724 1809 1760 ἐκκλη-

1020 1769 1162 1806 σιαστικῆς
1190 1769 1331 1806 ιεραρχίας
1354 1769 1480 1806 τριαδικὴ
1504 1769 1634 1805 διαίρεσίς
1659 1771 1735 1804 ἐστι,
1763 1771 1810 1798 καὶ

1018 1815 1107 1843 ὁποία.

1114 1862 1146 1890 Ἦ
1158 1863 1217 1890 καθ’
1236 1863 1310 1898 ἡμᾶς
1330 1862 1392 1898 ίερὰ
1409 1863 1559 1899 παράδοσις
1571 1864 1714 1900 διαιρεῖται

1017 1911 1060 1942 εὶς
1073 1909 1243 1944 μυστήριον
1253 1917 1260 1924 ·
1279 1908 1366 1936 τοῦτο
1431 1911 1475 1943 εις
1487 1911 1546 1945 μύ-
1617 1911 1660 1943 εἷς
1674 1909 1807 1946 μυουμέ⁴

1017 1956 1072 1991 γὰρ
1088 1957 1107 1990 ἡ
1124 1955 1229 1990 τελετή
1242 1964 1249 1971 ·
1434 1963 1524 1991 amr,
1618 1965 1703 1990 γους.

1051 2054 1108 2091 §ll.
1126 2055 1223 2090 Ἣμὲν
1230 2054 1386 2090 ἁγιωτάτῃ.
1397 2054 1447 2086 Τίς
1461 2055 1516 2091 ἡὲν
1527 2054 1651 2089 οὐρανοῖς
1664 2053 1789 2090 ίεραρχία
1797 2062 1806 2071 '

1015 2102 1063 2128 καὶ
1083 2102 1124 2128 ὅτι
1142 2101 1235 2137 τελετή
1256 2102 1315 2128 ἐστι
1336 2102 1385 2137 τῆς
1404 2101 1531 2137 οὐρανίας
1547 2101 1696 2137 ίεραρχίας,
1719 2102 1736 2136 ἡ
1758 2100 1806 2127 τοῦ

1015 2147 1082 2174 Θεοῦ
1097 2147 1168 2174 κατὰ
1182 2147 1295 2182 δύναμιν
1309 2147 1409 2182 γνῶσις
1422 2148 1469 2174 καὶ
1482 2147 1549 2179 ἕξις.
1566 2146 1673 2173 Μῦσται
1687 2146 1716 2173 δὲ
1738 2146 1805 2173 ταύ-

1014 2203 1064 2231 της
1080 2195 1109 2221 αί
1130 2194 1194 2230 περὶ
1211 2194 1277 2221 Θεὸν
1290 2193 1405 2230 ,πρῶται
1425 2193 1517 2226 τάξεις
1528 2203 1535 2209 ·
1553 2193 1713 2229 τελούμεναι
1734 2193 1762 2220 δὲ
1777 2194 1805 2220 αἱ

1018 2242 1076 2276 μετ’
1090 2241 1174 2273 αὐτὰς
1193 2241 1258 2276 παρ’
1275 2241 1365 2268 αὐτῶν
1381 2241 1533 2277 μυούμεναι
1552 2241 1599 2268 καὶ
1613 2240 1806 2276 διδασκόμεναι

980 2272 1002 2300 D
1016 2272 1116 2320 τάξεις.

1049 2335 1119 2360 Μετ’
1134 2334 1264 2368 ἐκείνην.
1282 2334 1330 2367 Τίς
1346 2335 1363 2371 ἡ
1378 2334 1449 2362 κατὰ
1469 2335 1533 2368 τοὺς
1555 2333 1602 2362 δύο
1615 2333 1697 2366 λαοὺς
1714 2333 1805 2369 ἱεραρ-

1034 2380 1069 2407 ία.

1034 2389 1069 2407 ια.

1015 2389 1031 2416 χ
1053 2426 1112 2461 Τὴν
1133 2427 1208 2456 κατὰ
1231 2427 1334 2462 νόμον.
1355 2428 1424 2464 Περὶ
1443 2428 1494 2464 τῆς
1514 2426 1587 2455 κατὰ
1608 2426 1690 2463 νόμον
1712 2426 1803 2462 ἱεραρ-

1036 2473 1088 2499 lac.

1036 2481 1062 2499 ια
1081 2493 1088 2499 .

1015 2481 1031 2508 χ
1053 2481 1112 2546 dim
1133 2519 1329 2554 εὐδιάκριτον.
1353 2520 1520 2556 Σημείωσαι,
1543 2520 1583 2547 ὅτι
1603 2519 1653 2547 οὐκ
1670 2518 1802 2554 εὔληπτον

1014 2564 1089 2599 λέγει
1109 2566 1155 2592 καὶ
1179 2566 1347 2602 εὐδιάκριτον
1368 2567 1418 2602 τὴν
1441 2566 1494 2593 τῶν
1516 2565 1636 2602 νομικῶν
1654 2564 1801 2597 διατάξεων

1014 2610 1130 2647 θεωρίαν
1143 2613 1190 2639 καὶ
1204 2613 1381 2650 ἁλληγορίαν.

1052 2659 1145 2694 Ταύτῃ
1156 2659 1190 2686 δὲ
1205 2659 1243 2694 τῇ
1259 2660 1333 2688 κατὰ
1348 2660 1451 2696 νόμον.
1463 2659 1512 2691 Τίς
1528 2660 1545 2695 ἡ
1559 2658 1655 2694 τελετὴ
1668 2657 1689 2674 ³³
1700 2655 1755 2684 τῶν
1769 2655 1784 2683 ὲ

1013 2705 1097 2741 νόμῳ.

1047 2753 1172 2780 Μύστου
1188 2753 1236 2779 καὶ
1252 2753 1406 2788 ἡγεμόνος.
1422 2752 1543 2785 Μωσέως
1556 2752 1668 2789 δηλαδή.

618 2840 734 2868 νΑῐιΙλΕ
754 2840 947 2871 LECTIONES
962 2841 1007 2871 ET
1024 2840 1299 2874 CORRECTIONES.

207 2917 227 2934 "
247 2917 414 2952 ἐπιφανείας.
453 2917 473 2934 ³⁸
489 2917 504 2952 ἡ
521 2917 591 2945 κατὰ
605 2916 685 2954 νόμον
695 2917 799 2954 τελετή.
