1925 3060
126 195 164 222 Ilii
489 189 518 217 S.
535 187 658 216 MAXIM]
673 185 820 216 SCHOLIA
838 184 872 212 IN
891 184 956 214 LIB.
973 184 1018 212 DE
1033 183 1175 212 ECCLES.
1195 183 1384 212 HIERABCH.

1687 181 1740 211 £62

158 248 349 286 Ἰερογραφῶν
373 243 440 280 τήν.
467 245 546 273 Κατὰ
568 246 600 272 τὸ
625 243 790 281 εἰρημένον
818 243 898 279 Ὅρα,

988 242 1084 270 Sancte
1098 241 1256 269 describens.
1268 241 1351 269 Juxta
1361 241 1481 268 dictum:
1494 238 1566 273 vide,
1580 239 1664 269 facies
1682 249 1740 268 om-

123 300 242 335 πατήσεις
248 295 346 322 πάντα
356 293 431 321 κατὰ
440 292 494 320 τὸν
509 292 604 319 τύπον
618 290 672 318 τὸν
681 289 836 324 δειχθέντα
851 297 901 316 σοι

122 344 152 371 ὲν
165 342 204 376 τῷ
221 342 292 376 ὄρει.

155 388 212 422 Τὴν
231 386 427 420 τελειοτέραν.
450 384 519 420 Περὶ
544 384 593 419 τῆς
618 383 681 414 νέας
697 381 837 417 ἱεραρχίας
852 380 903 416 τῆς

121 436 147 462 ἐν
166 433 312 469 Ἐκκλησία
330 433 414 467 λέγει,
431 432 472 458 ὅτι
489 430 625 466 κλήρωσις
640 430 662 445 ³³
681 429 737 455 ἐστι
759 427 813 454 τῶν
832 427 903 454 κατὰ

121 482 204 517 νόμον.
218 480 311 507 Ταῦτα
324 480 351 506 δὲ
368 481 382 506 ὀ
401 477 561 508 Ἀπόστολος
579 477 607 502 ὲν
623 477 656 511 τῇ
675 475 743 510 πρὸς
763 473 903 509 Ἐὕραίους

122 528 193 563 φησὶ,
214 527 261 554 κα)⁸
284 527 298 552 ὁ
318 525 436 561 Κύριος’
460 525 520 551 Οὐκ
542 523 637 558 ἦλθον
660 520 828 548 καταλῦσαι
850 519 904 546 τὸν

120 575 217 610 νόμον,
230 573 311 600 ἀλλὰ
321 571 489 605 πληρῶσαι.

155 620 192 655 Τῇ
206 620 358 655 μεσότητι.
378 617 542 653 Σημείωσαι,
560 615 619 647 πῶς
635 614 704 650 μέση
723 614 796 640 ἐστὶν
821 613 903 648 οὐρα-

120 667 173 699 νίας
189 665 337 702 ἱεραρχίας,
354 665 401 691 καὶ
414 664 463 699 τῆς
478 663 592 698 νομικῆς
609 662 626 696 ἡ
640 659 852 696 ὲκκλησιαστικὴ
868 659 904 684 ἱε-

121 712 224 749 ραρχία,
240 712 287 738 καὶ
301 711 358 742 πῶς
373 711 432 741 ταῖς
444 709 490 736 δύο
505 708 637 739 κοινωνεῖ,
654 708 686 742 τῇ
701 707 748 742 μὲν
762 705 801 740 τῷ
823 703 904 730 πνεύ-

120 766 198 794 ματι·
224 759 257 793 τῇ
280 756 308 783 δὲ
331 756 371 791 τῷ
396 755 549 791 γράμματι,
573 754 707 787 τουτέστι,
730 754 786 784 τοῖς
808 751 904 786 συμϐό-

118 804 178 835 λοις.

153 850 187 877 Τὸ
210 849 345 884 τρισσόν.
362 849 425 880 Πῶς
446 848 464 884 ἡ
487 848 528 879 εἰς
546 846 610 883 τρία
632 845 764 881 διαίρεσις
784 845 839 872 τῶν
856 845 901 871 τά·

119 896 192 929 ξεων.

951 289 997 316 m'a
1011 287 1153 316 secundant
1163 287 1308 322 exemplar,
1322 286 1391 322 quod
1409 291 1586 314 monstratum
1597 292 1636 314 est
1652 287 1700 314 tibi
1711 288 1739 315 in

952 339 1038 361 monte
1055 341 1078 362 ι.

987 380 1186 415 Perfectiorem.
1202 379 1240 407 De
1251 387 1321 407 nova
1335 379 1489 407 hierarchia
1504 386 1565 415 quae
1579 379 1606 406 in
1617 379 1740 409 Ecclesia

952 431 994 455 est
1020 427 1086 462 agit,
1107 426 1181 462 quod
1203 426 1343 461 plenitudo
1363 430 1405 454 est
1425 434 1520 453 eorum
1543 433 1603 460 qua:
1624 426 1652 453 in
1667 427 1737 462 lege.

953 473 1015 501 Haec
1043 473 1190 508 Apostolus
1211 473 1239 499 in
1254 472 1375 508 Epistola
1397 472 1432 499 ad
1454 471 1584 500 Hebrmos
1609 472 1691 505 dicit;
1713 476 1740 499 et

954 519 1109 552 Dominus:
1127 518 1189 546 Non
1204 519 1260 546 veni
1277 519 1375 546 solvere
1391 519 1481 554 legemI
1494 518 1538 546 sed
1555 518 1697 553 adimplere
1712 523 1738 546 7.

989 607 1088 635 Medio.
1105 607 1184 640 Nota,
1202 606 1339 642 quomodo
1354 607 1442 635 media
1457 608 1492 636 sit
1508 607 1579 635 inter
1599 609 1738 636 cmlestem

954 653 1135 681 hierarchiam
1158 657 1185 680 et
1203 653 1326 688 legalem,
1351 653 1406 688 78
1427 653 1614 681 ecclesiastica
1633 654 1739 681 hicrar-

954 699 1202 734 chia,etquomodo
1209 699 1241 727 dc
1251 701 1366 733 utraque
1384 699 1529 734 participat
1544 709 1550 728 :
1568 700 1601 728 de
1617 700 1662 727 illa
1675 701 1736 736 qui—

953 744 1014 772 dem
1027 744 1137 779 spiritu,
1152 743 1185 771 de
1199 744 1250 771 hac
1267 752 1332 772 vero
1347 745 1448 778 littera,
1466 745 1493 772 id
1511 750 1553 773 est
1569 746 1655 782 signis

992 833 1142 868 Triplicem.
1156 832 1298 866 Quomodo
1311 833 1338 860 in
1355 833 1406 860 tria
1421 833 1520 862 divisio
1535 835 1673 863 ordinum.

152 942 294 976 Θεοειδεῖς
316 941 375 968 τῶν
397 939 493 975 ιερῶν.
508 939 662 972 Τουτέστιν,
682 939 722 970 είς
738 937 813 974 ἱερὰν
834 937 904 973 γνῶ-
919 946 940 974 Β
990 940 1137 975 ΒείῙοι-ιηει
1159 947 1306 973 sacrorum,
1320 939 1368 967 Gr.
1384 940 1510 974 θεοειδεῖς
1524 942 1578 970 τῶν
1599 943 1689 979 ιερῶν.
1709 944 1738 972 Id

119 996 168 1021 σιν,
184 988 232 1014 καὶ
245 987 431 1020 διδασκάλους,
447 987 494 1014 καὶ
505 985 724 1021 διδασκομένους.

155 1074 215 1104 NW
227 1076 291 1103 καθ’
306 1075 394 1110 ἡμᾶς.
407 1075 467 1102 Τῶν
481 1074 615 1110 ἀγγέλων.

236 1123 385 1156 Διαιρεῖται
407 1121 424 1157 ἡ
439 1121 493 1147 τῶν
505 1119 620 1147 τελετῶν
636 1118 777 1156 ἱερουργία

290 1169 335 1200 εὶς
350 1167 403 1194 κά-
452 1167 579 1202 μύησιν,
633 1166 729 1193 τελει-

290 1215 408 1248 θαρσιν,
630 1220 714 1239 ωσιν.

288 1260 320 1286 Ἦ
336 1259 389 1286 τῶν
409 1259 558 1296 ίερουργῶν
571 1258 749 1294 διακόσμησις

114 1307 158 1339 εις
173 1306 317 1340 κάθαρσιν
405 1306 449 1338 εις
460 1313 596 1340 φωταγω-
667 1306 711 1337 sic
727 1305 884 1332 τελείωσιν

114 1352 173 1380 τῶν
187 1351 288 1380 ἁτε-λέ·
406 1351 475 1387 τίαν
481 1350 541 1378 τῶν
555 1360 609 1378 κα-
662 1351 722 1378 τῶν
737 1351 901 1386 φωτισθέν-

114 1406 204 1432 στων,
408 1396 576 1431 θαρθέντων
587 1416 595 1430 ,
668 1406 737 1424 των.

297 1488 330 1515 Ἦ
351 1487 406 1515 τῶν
421 1487 592 1523 τελουμένων
611 1487 726 1523 δύναμις

183 1537 226 1569 εις
239 1537 339 1563 καθαι-
408 1535 453 1568 εις
468 1533 585 1569 φωτιζο-
654 1535 698 1567 εις
712 1535 840 1561 τελειου-

179 1582 340 1618 ’ρομένουςε
408 1580 533 1616 μένους,
652 1579 774 1616 μένους.

153 1671 167 1707 §
183 1672 228 1698 111.
245 1671 376 1705 Δύναμιν
391 1670 449 1705 τὴν
465 1667 557 1703 ἱεράν.
582 1668 624 1695 Ἐν
646 1668 750 1700 τούτοις
765 1668 901 1705 σκόπησον

112 1717 247 1753 εὐκρινῶς
266 1715 443 1752 δεικνυμένην
459 1714 510 1750 τὴν
528 1713 669 1750 τριαδικὴν
690 1715 740 1750 τῆς
763 1715 902 1751 ιεραρχίας

111 1765 254 1800 διαίρεσιν.

155 1810 190 1838 Ἡ
204 1809 238 1836 δὲ
253 1809 312 1836 τῶν
326 1807 496 1844 ἱερουργιῶν.
510 1807 580 1844 Περὶ
593 1806 648 1833 τῶν
661 1806 819 1834 τελούντων.

155 1856 364 1890 Ἀποκαθαίρει.
383 1855 414 1881 Τί
430 1855 504 1881 ἐστιν
522 1852 717 1889 ἀποκαθαίρειν
731 1853 763 1886 ³⁴,
775 1853 822 1880 καὶ
832 1852 858 1879 τι
872 1852 903 1880 τὸ

112 1903 252 1938 φωτίζειν,
268 1902 315 1930 καὶ
328 1902 354 1928 τί
374 1902 404 1928 τὸ
416 1899 545 1934 τελειοῦν,
561 1897 638 1926 εἶπεν
653 1899 682 1925 ὲν
705 1898 745 1934 τῷ
760 1898 831 1933 Περὶ
847 1898 903 1933 τῆς

111 1950 149 1977 ἐν·
177 1949 315 1983 οὐρανοῖς
341 1948 364 1964 ³⁸
391 1947 540 1982 ὶεραρχίας
564 1944 703 1980 κεφαλαίῳ
729 1947 753 1979 γ’
782 1944 847 1980 περὶ
871 1944 902 1972 τὺ

111 1996 199 2029 τέλος,
211 1996 258 2022 καὶ
269 1993 320 2022 ὦδε
333 1993 436 2030 προϊών
452 1992 521 2029 [ἐρεῖ
531 2001 538 2008 ⁸
556 1991 632 2026 αὕτη
644 1990 678 2018 δὲ
694 1991 714 2025 ἠ
729 1989 836 2027 τριάς].

151 2042 354 2070 Τελειὼσεσιν.
372 2039 486 2076 Πρώτην
503 2038 534 2066 τὸ
548 2037 687 2074 καθαίρειν
709 2037 773 2069 τοὺς
791 2036 902 2064 ἀτελέσ-

109 2097 176 2121 τους
187 2097 195 2105 ’
215 2088 300 2125 μέσην
313 2087 372 2114 καθ’
388 2087 421 2122 ἢν
438 2086 533 2117 ἄλλους
549 2084 662 2121 μυοῦσιν
672 2092 679 2099 ⁸
697 2084 816 2120 ἐσχάτην
828 2083 857 2110 δὲ
872 2083 902 2110 τὸ

109 2134 291 2170 τελειωθῆναι
308 2133 398 2169 μόνον.

154 2182 190 2209 Ἠ
205 2181 303 2215 πρώτη
317 2180 383 2215 μέν.
406 2178 479 2207 Ἀντὶ
490 2177 537 2206 τοῦ
558 2177 668 2214 ἡτριὰς
690 2177 744 2204 τῶν
767 2175 902 2211 ὑποϐεϐη-

94 2257 104 2268 .
112 2227 199 2256 κυιῶν
213 2226 328 2259 τάξεων.

155 2275 191 2302 Ἡ
205 2272 326 2308 τρισσιή.
342 2272 390 2304 Τίς
405 2272 422 2307 ὴ
434 2271 532 2307 τρισσὴ
546 2269 659 2306 δύναμις
672 2269 726 2297 τῶν
742 2270 847 2306 ἱερέων.

147 2320 316 2352 Συνάξεως.
340 2319 406 2345 Ἀπὸ
419 2317 508 2345 κοινοῦ
525 2317 565 2350 τὸ,
579 2316 792 2352 ἀποδειχθεισης.

147 2367 215 2395 Νῦν
229 2366 263 2393 δὲ
278 2366 345 2399 τήν.
365 2365 412 2392 Ἐκ
428 2363 483 2400 γὰρ
501 2363 555 2390 τῶν
575 2363 654 2390 θείων
670 2362 786 2399 Γραφῶν
805 2362 901 2390 καθαι-

110 2414 219 2452 ρόμεθα
230 2413 277 2440 καὶ
287 2411 479 2448 ἐλλαμπόμεθα
491 2411 559 2447 πρὸς
568 2409 616 2445 τὴν
628 2408 703 2445 ἱερὰν
713 2408 883 2444 θεογενεσίαν
893 2417 901 2425 ·

107 2463 146 2489 ὲκ
161 2461 212 2496 τῆς
227 2459 361 2493 συνάξεως
373 2459 408 2495 δε
418 2457 466 2485 καὶ
480 2457 529 2493 τῆς
542 2455 589 2483 τοῦ
607 2455 692 2492 μύρου
711 2455 822 2490 τελετῆς
843 2455 903 2481 ἐπι-

109 2507 258 2543 στημόνως
285 2504 469 2540 τελειούμεθα.
508 2503 666 2538 Σημείωσαι
703 2502 750 2529 καὶ
785 2500 902 2528 ἐνταῦθα

107 2554 217 2589 ὁμοίως
229 2551 394 2587 δηλουμένην
406 2550 456 2587 τὴν
466 2549 607 2585 τριαδικὴν
619 2547 758 2584 διαίρεσιν.

109 2600 198 2637 [Περὶ
211 2598 324 2632 τάξεων,
333 2598 392 2633 ἢτοι
409 2596 473 2631 περὶ
487 2595 541 2622 τῶν
558 2594 702 2629 ίερατικῶν
714 2593 901 2631 τελειώσεων

254 2645 400 2679 Διαιρεῖται
416 2643 432 2678 ή
450 2640 573 2677 ἰερατικὴ
589 2640 767 2675 διακόσμησις

107 2693 158 2725 εις
175 2693 308 2725 καθαρτι-
413 2686 606 2723 φωτιστικὴν,
704 2686 900 2720 τελειωτικήν.

109 2738 188 2773 κήν,

150 2822 167 2837 ι
182 2815 268 2843 Exod.
287 2822 350 2844 xxv,
365 2812 408 2841 40.
437 2816 451 2837 ῐ
465 2811 560 2840 Matth.
577 2819 605 2844 ν,
624 2810 668 2838 Π.

954 991 997 1015 est
1010 987 1039 1014 in
1053 994 1160 1015 sacram
1185 986 1342 1020 scientiam,
1354 991 1381 1014 et
1401 988 1560 1023 magistros,
1571 993 1598 1017 et
1618 990 1740 1026 discipu-

953 1033 1003 1062 los.
1634 1039 1636 1041 ’

990 1080 1056 1114 Quae
1071 1084 1164 1108 nostra
1175 1080 1241 1109 haec.
1258 1081 1286 1110 Id
1303 1086 1346 1111 est
1358 1082 1526 1118 angelorum.

1108 1126 1243 1155 Dividitur
1258 1128 1382 1157 iniliandi
1394 1136 1473 1157 sacra
1489 1128 1593 1156 functio

953 1174 981 1200 in
1009 1174 1147 1208 purgatio-

954 1228 1021 1252 nem,

1293 1175 1424 1203 eruditio~
1598 1175 1739 1210 perfectio-

1297 1229 1366 1254 nem,
1598 1229 1655 1248 nem
1660 1242 1667 1249 .

1076 1265 1177 1293 Eorum
1195 1266 1243 1302 qui
1265 1274 1344 1294 sacra
1362 1267 1516 1303 perﬁcrunt,
1535 1268 1602 1295 ordo

953 1312 981 1338 in
1013 1319 1113 1347 purga-
1237 1313 1265 1340 in
1296 1313 1419 1341 illustra-
1543 1315 1571 1341 in
1601 1315 1740 1350 perfectio-

954 1358 1049 1386 tionem
1064 1367 1108 1386 eo-
1234 1359 1331 1387 tionem
1371 1369 1417 1388 ao-
1541 1370 1600 1389 nem
1626 1370 1717 1389 eorum
1730 1381 1738 1392 .

952 1412 1011 1431 rum
1023 1424 1031 1438 ,
1064 1405 1111 1439 qui
1235 1414 1306 1438 rum,
1318 1407 1364 1441 qui
1376 1414 1423 1434 ex—
1546 1408 1592 1443 qui
1610 1407 1740 1434 illustrati

953 1451 1031 1479 rude:
1037 1456 1109 1478 sunt.
1235 1452 1303 1486 ρίαιί
1317 1457 1390 1481 sunt.
1544 1459 1617 1481 sunt.

1188 1497 1361 1526 lnitiatorum
1381 1503 1501 1534 potestas

952 1545 978 1572 in
999 1553 1043 1572 eos
1056 1544 1100 1580 qui
1109 1552 1175 1579 ραν·
1282 1545 1309 1571 in
1323 1553 1368 1572 eos
1390 1545 1435 1580 qui
1447 1545 1482 1572 ιι-
1588 1546 1616 1573 in
1634 1554 1678 1574 eos
1695 1554 1741 1582 qut

950 1595 1057 1625 gantur.
1284 1591 1446 1619 lustrantur.
1589 1593 1717 1628 perﬁciun
1728 1609 1740 1614 -

1596 1634 1649 1656 tur.

987 1672 1061 1708 §lll.
1081 1672 1211 1700 Virtutem
1235 1677 1366 1701 sanctam.
1384 1673 1414 1701 In
1431 1674 1475 1702 his
1497 1674 1644 1702 consrdera
1667 1679 1741 1702 recte

951 1723 1089 1746 ostensam
1103 1719 1237 1754 triplicem
1254 1719 1414 1747 hierarchiaa
1427 1719 1601 1748 divisionem.

987 1805 1131 1834 Sacrorum
1147 1808 1339 1838 ministrorum.
1358 1809 1396 1838 De
1411 1810 1445 1838 iis
1459 1811 1506 1846 qui
1525 1811 1682 1846 perﬁciunt.
1743 1842 1749 1849 I

989 1852 1098 1888 Expiat.
1116 1853 1187 1887 Quid
1203 1855 1239 1883 sit
1262 1856 1383 1891 expiare,
1408 1860 1435 1884 et
1456 1857 1522 1892 quid
1547 1857 1697 1892 illustrare,
1713 1864 1742 1886 et

952 1900 1018 1936 quid
1039 1899 1181 1936 perﬁcere,
1206 1900 1276 1928 dixit
1297 1901 1324 1929 in
1339 1902 1410 1930 libro
1421 1902 1461 1930 De
1477 1903 1576 1931 cazlesti
1589 1904 1739 1933 hierarclu'a

952 1946 1041 1982 capite
1057 1947 1137 1974 tertio
1150 1947 1224 1974 circa
1241 1947 1339 1981 ﬁnem,
1358 1952 1386 1976 et
1406 1948 1452 1976 hic
1471 1950 1648 1986 progrediens
1663 1950 1714 1987 [ait
1730 1961 1737 1980 :

952 1993 1010 2028 ipsa
1030 1997 1116 2020 autem
1137 1993 1214 2031 trioa]
1220 2014 1227 2022 .

989 2039 1209 2075 Perfectionibua.
1235 2039 1381 2075 Primam,‘
1398 2050 1515 2077 purgare
1536 2051 1584 2071 eos
1611 2044 1658 2079 qui
1683 2051 1737 2071 non

952 2091 1016 2115 sunt
1031 2087 1146 2122 initiati;
1164 2087 1291 2122 mediam,
1309 2087 1337 2116 in
1353 2096 1408 2124 qua
1419 2089 1488 2116 alios
1503 2088 1619 2123 docent;
1632 2095 1736 2124 postre-

953 2141 1036 2165 mam,
1050 2133 1144 2169 perﬁci
1156 2138 1274 2162 tantum.

989 2179 1083 2206 Prima
1104 2179 1218 2214 quidem.
1234 2178 1298 2213 Pro,
1317 2179 1407 2208 ternio
1420 2180 1581 2208 inferiorum
1597 2180 1735 2209 ordinum.

916 2284 940 2312 υ
989 2271 1107 2306 Triplex.
1124 2271 1190 2305 Quae
1203 2271 1245 2299 vis
1259 2271 1357 2307 triplex
1372 2272 1557 2299 sacerdotum.

991 2316 1137 2352 Synaxeos.
1156 2317 1257 2352 Supple
1271 2317 1486 2353 ἀποδειχθείσης,
1502 2317 1708 2345 ᾱθιηοιιειηιειι,

991 2363 1070 2391 Num:
1088 2368 1184 2391 autent.
1200 2362 1305 2391 Divinis
1328 2363 1401 2391 enim
1418 2362 1568 2398 Scripturis
1588 2371 1738 2399 purgamur

954 2414 981 2438 et
997 2410 1166 2437 illustramur
1181 2409 1215 2436 ad
1229 2416 1335 2436 sacram
1350 2408 1397 2436 Dei
1411 2409 1612 2445 generationem
1630 2418 1636 2436 :
1654 2416 1738 2444 syna-

954 2464 1020 2484 xeos
1039 2463 1104 2483 vero
1117 2460 1143 2483 et
1158 2455 1290 2491 unguenti
1305 2459 1476 2483 sacramento
1492 2455 1610 2483 scienter
1627 2455 1733 2490 perﬁci-

954 2510 1026 2530 mur.
1043 2501 1111 2529 Nota
1126 2501 1208 2529 etiam
1224 2501 1269 2529 hic
1279 2501 1406 2529 similiter
1419 2501 1585 2529 declaratam
1601 2501 1736 2537 triplicem

954 2547 1126 2575 divisionem.

956 2595 1010 2631 79
1025 2594 1074 2631 [De
1089 2595 1249 2627 ordinibus.
1266 2602 1315 2622 seu
1335 2595 1369 2622 de
1389 2594 1477 2623 sacris
1498 2591 1738 2630 perfectionibus]

1131 2640 1267 2669 Dividitur
1279 2641 1485 2669 ecclesiasticus
1494 2641 1561 2669 ordo

1043 2686 1070 2713 in
1092 2686 1206 2721 rapiati-
1312 2686 1449 2713 illumina-

1043 2740 1112 2766 vum,
1317 2733 1408 2766 tivum,

1563 2687 1664 2720 perrec-

1565 2732 1656 2758 tivum.

560 2867 678 2895 VARI/{'1
694 2865 889 2895 LECTIONES
906 2865 949 2894 ET
969 2865 1243 2895 CORRECTIONES.

156 2929 181 2946 ³⁸
190 2930 330 2964 πλήρωσις
381 2928 401 2944 ⁸⁸
420 2926 570 2962 καθαίρειν.
613 2926 638 2942 ³⁸
652 2925 790 2961 οὐρανίας.
