1925 3060
203 132 256 160 165

593 134 764 162 APPENDIX
781 134 827 161 AD
843 128 957 163 ΟΡΕΒᾺ
969 135 998 165 S.
1017 137 1166 166 DIONYSII
1181 138 1424 168 AREOPAGITE.

1777 142 1824 170 164

236 190 250 226 §
264 189 310 217 IV.
334 191 375 217 An
392 199 444 218 non
456 199 564 226 qumque
579 192 725 219 sensibiles.
741 191 777 219 Ut
790 191 818 219 in
832 193 905 219 vitro
920 194 988 227 quod

1079 196 1093 231 δ
1117 195 1161 223 IV.
1180 197 1223 223 Ἣ
1241 198 1309 232 οὐχὶ
1333 197 1383 224 καί
1408 197 1461 231 τὰς
1475 197 1638 232 ἀἰσθητάς.
1661 198 1704 230 Ὠς
1720 198 1766 226 ἐπὶ
1779 200 1825 236 τῆς

199 238 285 265 solem
302 238 416 272 recipit,
434 237 506 273 quod
526 238 607 266 etiam
624 246 707 273 supra
720 238 804 271 dixit;
825 242 906 273 atque
922 244 951 267 ut
966 240 994 267 in

199 283 262 318 igne
278 287 327 310 aut
343 283 447 311 lumine
467 285 586 319 perspici
603 285 687 316 licet,
711 291 773 311 cum
795 284 861 311 illud
884 285 994 320 quidem

199 336 249 364 per
262 329 358 362 tenuia,
371 333 397 357 et
413 330 553 364 perlucida
568 337 684 365 corpora
699 330 881 361 colluceat,et
891 332 994 359 crassis

199 380 227 403 et
240 376 386 410 obscuris;
403 377 475 412 ignis
499 380 588 404 autem
611 385 659 412 per
673 377 816 404 materiam
838 385 898 412 quze
914 377 994 406 facile

199 423 325 450 comburi
339 427 438 458 potest,
455 423 537 450 etiam
552 423 643 450 minus
655 427 733 458 aptas
741 423 774 450 ad
783 431 845 451 eum
859 423 994 459 recipien-

199 470 265 497 dum
281 473 396 498 naturas
408 473 516 497 exurat.

239 516 385 544 Illucem't.
402 515 527 542 Eﬂicacia
542 515 661 550 episcopi
679 515 815 542 videlicet.

239 563 356 590 Istorum
370 563 452 597 igitur
463 567 511 589 est.
525 561 565 588 Ex
580 562 730 593 communi,
745 562 850 589 scilicet
860 562 991 598 loquendi

199 609 291 642 modo,
299 608 461 637 sumendum
474 613 516 635 est
525 608 637 635 verbum
645 607 719 640 ὲστί;
731 607 892 636 subauditur
902 610 990 637 enim:

204 656 232 683 in
250 655 379 682 omnibus
393 662 453 689 qua:
468 658 532 682 sunt
546 655 574 681 in
590 654 664 683 loco.

234 702 288 736 Qui
313 701 398 728 Deum
425 705 546 733 cernunt,
566 701 598 728 τὸ
623 702 688 733 τοῖς.
715 701 808 734 Nota,
835 701 990 736 pontiﬁcem

198 748 287 783 primo
306 747 399 774 divina
414 747 522 775 visione
537 747 686 780 collucere,
703 747 802 774 deinde
820 754 880 775 eam
896 748 991 782 largiri

198 795 234 823 iis
255 795 356 830 quibus
380 799 490 830 praeest,
518 798 657 829 postremo
682 794 734 821 hos
759 794 866 829 perﬁcit
890 794 990 829 quibus

198 841 411 869 illustrationem
427 841 623 868 communicat.

1045 243 1123 269 ὑέλου
1139 243 1287 278 δεχομένης
1301 244 1347 270 τὸν
1362 244 1447 279 ἥλιον,
1459 245 1528 280 ὅπερ
1544 245 1591 272 κατ⁹
1606 245 1734 281 ἀνωτέρω
1749 244 1806 273 εἷπε
1816 255 1823 262 -

1044 290 1092 316 καὶ
1107 286 1161 316 οἷον
1177 289 1223 316 ἐπὶ
1238 289 1284 316 τοῦ
1302 290 1386 326 πυρὸς
1401 290 1418 324 ἢ
1434 290 1481 317 τοῦ
1498 289 1585 326 φωτὸς
1602 290 1674 318 ἐστιν
1693 291 1765 326 ἰδεῖν,
1781 292 1824 320 τοῦ

1046 335 1093 370 μὲν
1115 334 1159 362 διὰ
1173 335 1227 362 τῶν
1242 335 1346 372 ἀραιῶν
1362 337 1408 363 καὶ
1428 336 1564 371 διαφανῶν
1590 338 1722 372 σωμάτων
1747 343 1826 365 κατα-

1043 380 1196 416 λάμποντος
1216 382 1264 408 καὶ
1288 382 1322 409 τὰ
1346 383 1486 419 παχύτερα
1510 383 1558 410 καὶ¹
1583 384 1705 419 ἀλαμπῆ·
1731 384 1777 411 τοῦ
1799 385 1826 412 δὲ

1043 427 1130 463 πυρὸς
1144 427 1188 454 διὰ
1203 429 1252 464 τῆς
1267 429 1491 465 εὐκαταπρήστου
1508 430 1583 466 ὕλης,
1600 431 1647 457 καὶ
1662 431 1712 462 τὰς
1736 432 1826 458 ἀνεπι-

1041 474 1165 509 τηδείους
1181 475 1249 511 πρὸς
1266 477 1411 510 μετουσίαν
1427 477 1509 504 αὐτοῦ
1525 477 1708 513 ἐκπυροῦντος
1725 478 1824 512 φύσεις.

1085 519 1297 554 Ἐλλάμπει.Ἦ
1313 521 1438 556 ἐνέργεια
1454 521 1500 548 τοῦ
1518 522 1644 558 ίεράρχου
1659 523 1790 558 δηλονότι.

1081 565 1196 592 Τούτων
1210 566 1267 592 οὖν
1281 566 1356 593 ἐστι.
1374 565 1453 593 Κατὰ
1468 567 1557 594 κοινοῦ
1573 567 1690 603 ληπτέον
1700 568 1732 594 τὸ
1743 568 1806 595 ἐστί
1817 577 1824 584 ·

1043 611 1282 646 προσυπακούεται
1298 611 1352 648 γάρ
1368 612 1415 639 ἐπὶ
1430 612 1498 640 ὅλων
1513 613 1566 640 τῶν
1582 613 1610 640 ὲν
1626 613 1664 649 τῷ
1675 614 1761 649 τόπῳ.

1078 700 1254 732 Θεοπτικῶν,
1271 700 1305 727 τὸ
1321 701 1391 734 τοῖς.
1409 701 1576 737 Σημείωσαι,
1592 702 1633 729 ὅτι
1649 702 1797 734 θεοπτικῶς
1809 703 1824 730 ὀ

1043 746 1172 782 ίεράρχης
1187 747 1294 782 πρῶτον
1310 747 1492 783 ὲλλάμπεται’
1509 746 1567 775 εἶτα
1589 748 1748 784 μεταδίδωσι
1771 751 1822 781 τοῖς

1042 792 1087 818 ὑπ’
1103 792 1184 819 αὐτόν
1194 800 1202 809 '
1219 790 1279 820 εἶτα
1293 793 1391 820 τελειοῖ
1405 793 1526 826 τούτους,
1544 791 1585 826 οἷς
1602 794 1762 829 μεταδίδωσι
1776 794 1824 830 τῆς

1041 836 1209 873 ὲλλάμψεως.

232 887 247 923 §
272 887 304 914 V.
332 886 440 915 Primus
468 887 572 922 quidem
587 892 635 914 est.
661 886 828 920 Notandum,
853 887 988 923 quomodo

1075 883 1089 919 §
1104 882 1136 910 Υ.
1153 883 1256 918 Πρώτη
1269 884 1327 919 μέν
1346 884 1421 913 ἐστι.
1439 885 1618 922 Σημειωτέον,
1636 885 1695 918 πιῖις
1718 886 1735 922 ἡ
1757 885 1823 922 αὐτὴ

197 934 270 962 idem
287 934 356 962 ordo
372 934 408 962 sit
423 933 530 969 primus
544 937 571 961 et
585 937 752 968 postremus.

233 979 403 1007 Hierarclu‘ci
417 984 516 1007 autem.
530 979 568 1007 De
583 980 610 1007 vi
624 980 752 1008 ordinum
775 980 852 1007 dicit.
870 980 909 1007 Ita
924 987 989 1007 vero

196 1030 305 1062 oportet
321 1034 353 1054 ea
370 1027 512 1062 proposita
531 1026 656 1061 intelligi,
670 1026 745 1061 quod
756 1026 847 1054 omnia
858 1026 989 1054 ecclesia-

197 1073 268 1100 stico
286 1080 362 1100 more
385 1072 519 1107 perfecta,
539 1073 573 1100 ad
590 1072 747 1107 pontiﬁcem
762 1072 937 1105 referuntur;
960 1077 989 1100 ut

198 1119 243 1154 qui
258 1126 289 1146 ea
299 1126 349 1153 per
359 1126 425 1146 suos
431 1119 542 1146 ordines
552 1122 691 1154 operatur,
700 1119 801 1154 quibus
815 1119 929 1154 praebuit
941 1125 989 1154 po-

197 1167 323 1192 testatem
343 1165 400 1192 haec
414 1164 529 1199 agendi;
545 1165 593 1192 sed
605 1168 695 1192 tamen
706 1165 842 1200 praecipue
854 1165 986 1200 pontiﬁci,

197 1215 227 1238 ut
237 1211 351 1246 ipsemet
365 1214 487 1246 peragat,
501 1215 527 1238 et
538 1219 594 1238 non
604 1219 653 1246 per
664 1211 780 1238 aliorum
792 1212 985 1244 ministerium.

196 1257 329 1284 attributa
348 1260 391 1285 est
405 1257 535 1292 unguenti
551 1257 744 1291 sanctiﬁcatio,
761 1262 788 1285 et
804 1257 900 1285 altaris
920 1265 988 1286 con-

197 1303 327 1336 secratio,
343 1307 370 1332 et
382 1303 632 1331 ecclesiasticorum
648 1303 786 1330 ordinatio
807 1313 813 1330 :
830 1311 890 1339 qua:
904 1304 988 1331 etiam

197 1350 373 1384 perfectionis
396 1349 548 1377 eﬁ'ectrices
573 1349 707 1384 imagines
727 1349 827 1377 divinat
843 1350 987 1385 potestatis

197 1397 313 1423 vocavit.
342 1395 471 1431 Ὀλότητα
510 1403 638 1423 summam
679 1399 770 1423 autem
791 1395 857 1423 dicit
878 1396 987 1424 univer-

197 1449 243 1470 sos
259 1442 381 1474 ordines,
399 1446 429 1468 ut
446 1441 540 1469 statim
554 1441 675 1476 exponit.

1040 928 1136 965 πρώτη
1152 930 1199 957 καὶ
1214 931 1315 966 ἐσχάτη
1331 931 1418 964 τάξις.

1079 975 1114 1002 Ἡ
1128 975 1162 1002 δὲ
1176 976 1231 1010 τῆς
1247 977 1427 1012 ἱεραρχικῆς.
1445 978 1513 1014 Περὶ
1528 978 1577 1014 τῆς
1593 979 1646 1005 τῶν
1663 978 1765 1011 τάξεων
1780 978 1823 1005 δυ-

1039 1021 1156 1057 νάμεως.
1173 1021 1251 1049 Οὕτω
1274 1023 1303 1050 δὲ
1325 1024 1377 1059 χρὴ
1402 1024 1497 1059 νοῆσαι
1522 1024 1555 1051 τὰ
1578 1025 1756 1060 προκείμενα,
1784 1024 1824 1050 ὅτι

1040 1067 1128 1095 πάντα
1145 1070 1193 1104 μὲν
1207 1068 1242 1096 τὰ
1259 1070 1403 1106 ἱερατικῶς
1422 1070 1580 1106 τελούμενα,
1599 1072 1639 1103 είς
1660 1071 1706 1098 τὸν
1733 1071 1823 1107 ίεράρ-

1039 1123 1089 1150 χην
1104 1115 1153 1150 τὴν
1170 1116 1308 1151 ἀναφορὰν
1324 1116 1390 1151 ἔχει,
1406 1117 1444 1149 ὡς
1461 1117 1542 1144 αὑτοῦ
1558 1117 1601 1144 διὰ
1616 1117 1670 1144 τῶν
1691 1117 1760 1154 [ὑπ’]
1776 1119 1823 1145 αὐ-

1038 1161 1084 1188 τοῦ
1104 1162 1251 1197 ταγμάτων
1271 1162 1356 1189 ταῦτα
1381 1163 1563 1199 ἐνεργοῦντος,
1581 1161 1622 1196 οἷς
1637 1165 1684 1191 καὶ
1704 1165 1822 1200 παρέσχε

1038 1209 1087 1245 τὴν
1108 1208 1222 1244 δύναμιν
1245 1209 1291 1236 τοῦ
1307 1209 1393 1236 ταῦτα
1408 1210 1544 1245 ὲνεργεῖν’
1561 1210 1636 1245 ὅμως
1651 1211 1680 1236 ὲν
1695 1209 1824 1246 ἐξαιρέτῳ

1038 1255 1077 1290 τῷ
1093 1255 1209 1293 ίεράρχῃ
1223 1256 1292 1292 πρὸς
1307 1256 1481 1292 αὐτουργίαν,
1492 1257 1539 1283 καὶ
1553 1257 1585 1283 οὐ
1600 1256 1645 1283 διὰ
1659 1257 1709 1292 τῆς
1724 1257 1823 1293 ἑτέρων

1038 1302 1189 1337 ὑπουργίας
1210 1302 1437 1338 ἀποκεκλήρωται
1458 1304 1472 1330 ὁ
1494 1303 1540 1330 τοῦ
1567 1303 1652 1339 μύρου
1680 1303 1821 1338 ἁγιασμὸς,

1038 1349 1086 1375 καὶ
1102 1349 1118 1383 ἡ
1135 1348 1182 1375 τοῦ
1194 1348 1385 1384 θυσιαστηρίου
1397 1349 1569 1385 καθιέρωσις,
1581 1350 1628 1377 καὶ
1645 1350 1661 1385 ή
1678 1350 1732 1376 τῶν
1749 1350 1822 1386 ἱερα-

1038 1394 1121 1422 τικῶν
1141 1395 1291 1430 χειροτονία
1304 1404 1310 1410 ·
1337 1395 1415 1422 ἅτινα
1430 1395 1478 1422 καὶ
1492 1395 1697 1432 τελεσιουργοὺς
1718 1397 1822 1428 εἰκόνας

1038 1441 1086 1476 τῆς
1100 1441 1175 1472 θείας
1196 1441 1337 1477 δυνάμεως
1358 1441 1525 1468 ἁπεκάλεσεν
1537 1451 1543 1457 ·
1561 1442 1690 1477 ὀλότητιι
1703 1442 1733 1469 δέ
1757 1451 1823 1479 φησι

1038 1487 1129 1519 πάσας
1144 1487 1194 1519 τὰς
1209 1487 1309 1520 τάξεις,
1326 1488 1364 1519 ὡς
1379 1487 1460 1519 εὐθὺς
1475 1487 1657 1523 ὲπεξηγεῖται.

233 1531 283 1558 Ha:
298 1536 385 1559 autem
402 1535 476 1559 sunt.
490 1531 519 1559 ld
541 1536 594 1563 est,
610 1539 672 1566 quae
689 1531 836 1566 perﬁciunt
858 1537 985 1561 sanctum

1073 1533 1165 1561 Αὖται
1180 1533 1214 1561 δέ
1228 1535 1297 1561 εισι.
1317 1535 1460 1561 Τουτέστιν
1474 1534 1503 1561 αἱ
1516 1534 1664 1562 τελειοῦσαι
1680 1535 1725 1562 τὸν
1746 1534 1822 1570 ἆγιον

196 1585 294 1612 panem
314 1578 342 1604 in
362 1585 463 1612 corpus
486 1577 600 1610 Christi,
620 1581 647 1605 et
669 1578 782 1606 calicem
806 1579 835 1606 in
859 1584 985 1608 sanctum

196 1624 368 1659 sanguinem,
386 1627 412 1651 et
434 1631 532 1659 aquam
556 1624 583 1651 in
604 1628 727 1651 sanctam
747 1625 942 1660 expiationem,
958 1630 986 1655 et

195 1677 258 1697 eum
271 1671 317 1705 qui
334 1678 390 1698 non
406 1676 449 1698 est
463 1671 618 1698 illustratus
633 1671 662 1698 in
676 1671 865 1706 adoptionem;
878 1677 987 1701 caetera-

195 1724 250 1752 que
265 1716 358 1744 omnia
376 1716 471 1744 eodem
483 1717 575 1746 modo.

231 1761 304 1789 Licet
319 1762 389 1789 enim
404 1771 420 1789 a
434 1762 627 1791 sacerdotibus.
644 1763 713 1791 Nota
724 1768 751 1792 et
766 1772 941 1798 consecrare,
957 1770 986 1794 et

195 1808 332 1835 conﬁcere
361 1812 547 1843 unguentum,
572 1818 627 1837 non
652 1818 713 1838 esse
744 1811 983 1847 presbyterorum,

195 1861 265 1890 quos
291 1854 373 1881 etiam
400 1855 556 1882 sacerdotes
583 1856 720 1891 appellat;
737 1857 804 1891 quin
827 1865 880 1885 nec
900 1859 986 1887 altare

197 1907 370 1932 ccnsecrare,
387 1900 495 1928 etiamsi
515 1901 542 1928 in
558 1909 591 1928 eo
612 1901 745 1936 oderant;
764 1911 814 1930 nec
831 1911 898 1930 vero
912 1903 985 1931 ordi-

197 1954 273 1974 nare.
289 1946 352 1974 Hmc
371 1947 444 1974 enim
459 1947 535 1975 solus
554 1948 676 1983 pontifex
692 1948 808 1983 perﬁcit,
825 1955 903 1976 extra
925 1958 985 1985 quae

197 1993 350 2028 presbyter,
371 2001 422 2020 nec
443 1993 603 2028 baptizabit,
619 2001 671 2021 nec
692 1994 804 2028 oﬁ'eret;
820 1996 876 2031 80
890 1996 937 2023 sed
956 1997 983 2024 in

196 2039 230 2067 iis
241 2046 301 2074 quae
313 2039 389 2074 prius
403 2047 418 2066 a
432 2040 563 2075 pontiﬁce
574 2044 736 2068 consecrata
749 2041 860 2074 fuerint,
875 2049 984 2070 sacrum

195 2085 289 2114 faciet.

230 2133 486 2168 Sanctiﬁcutionem.
506 2132 553 2160 Gr.
577 2133 727 2167 ἀγιστείαν.
749 2132 812 2161 Sive
835 2134 984 2163 ordinatio-

194 2187 265 2207 nem.

230 2225 420 2261 Singulariter,
436 2224 484 2253 Gr.
504 2226 621 2258 ἐνιαίως.
645 2225 676 2253 In
690 2226 808 2255 solidum
829 2235 876 2255 seu
891 2228 982 2263 priva-
999 2220 1021 2248 Ῑ)

193 2271 252 2298 tim.

233 2317 377 2345 Scientias.
399 2318 461 2346 Vim
486 2322 514 2346 et
534 2318 692 2346 facultatem
712 2319 828 2348 docendi
851 2321 981 2356 mysteria

195 2363 372 2398 pontiﬁcibus
386 2365 545 2393 convenire.

230 2410 244 2446 §
266 2410 310 2438 Vl.
329 2410 502 2438 Sacerdotum
520 2417 620 2439 autem.
645 2411 713 2445 Quis
735 2412 909 2440 sacerdotum
933 2421 982 2441 seu

195 2457 417 2493 presbyterorum
434 2458 469 2485 sit
480 2457 557 2485 ordo.

232 2503 293 2539 Ipse
308 2505 383 2539 facit.
399 2504 579 2533 Sacerdotum
597 2504 702 2532 scilicet
717 2505 796 2533 ordo.

231 2550 417 2578 Ministrorum
437 2559 506 2579 vero.
524 2551 592 2584 Quis
604 2551 639 2579 sit
655 2551 845 2579 ministrorum
860 2550 937 2584 ordo,
953 2551 981 2579 id

193 2601 238 2625 est
247 2598 435 2625 diaconorum.

231 2643 339 2678 Expiet.
356 2643 497 2677 Quomodo
510 2643 618 2671 diaconi
633 2643 753 2678 expient.

231 2688 324 2724 Itaque
338 2690 366 2716 in
379 2694 483 2716 sancta.
497 2688 697 2724 Contemplatio
712 2689 887 2724 expiationis.
912 2688 981 2716 Nota

194 2739 272 2767 vero,
286 2734 465 2761 diaconorum
479 2741 540 2762 csse
555 2741 655 2761 exuere
669 2739 760 2762 vestes
775 2738 802 2762 et
815 2734 919 2762 tibialia
932 2734 981 2762 ba-

1037 1581 1118 1617 ἇρτον
1134 1582 1175 1612 εἰς
1191 1580 1270 1617 σῶμα
1285 1581 1414 1617 Χριστοῦ,
1431 1581 1478 1608 καὶ
1492 1581 1523 1607 τὸ
1545 1582 1672 1617 ποτήριον
1691 1582 1731 1613 εἰς
1746 1581 1822 1616 ἆγιον

1037 1624 1117 1662 αἷμα,
1129 1627 1217 1654 καὶτὸ
1230 1627 1302 1664 ὕδωρ
1318 1629 1357 1659 είς
1373 1628 1453 1662 άγίαν
1468 1627 1610 1663 κάθαρσιν,
1627 1628 1672 1654 καὶ
1687 1628 1732 1654 τὸν
1747 1627 1822 1663 ἀφώ-

1035 1682 1125 1701 τιστον
1141 1675 1182 1706 εἰς
1202 1674 1351 1701 υίοθεσίαν·
1367 1673 1437 1710 [καὶ]
1458 1673 1547 1700 πάντα
1563 1672 1597 1700 τὰ
1611 1673 1693 1701 λοιπὰ
1711 1674 1820 1710 ὁμοίως.

1070 1767 1106 1794 El
1121 1765 1176 1800 γὰρ
1191 1764 1240 1792 καὶ
1256 1764 1331 1798 πρὸς
1346 1764 1404 1790 τῶν
1419 1763 1516 1798 ιερῶν.
1533 1763 1699 1799 Σημείωσαι,
1715 1763 1756 1790 ὅτι
1774 1764 1823 1791 καὶ

1037 1812 1159 1846 ἁγιάσαι,
1176 1811 1223 1838 καὶ
1242 1810 1383 1837 τελειῶσαι
1398 1810 1428 1836 τὸ
1452 1810 1547 1845 μύρον,
1563 1810 1613 1836 οὐκ
1627 1809 1684 1836 ἐστι
1703 1809 1822 1846 πρεσὸυ-

1034 1859 1133 1893 τέρων,
1149 1857 1196 1889 οὒς
1211 1857 1258 1884 καὶ
1274 1857 1356 1892 ίερεῑς
1372 1855 1466 1883 καλεῖ·
1484 1855 1540 1883 ἀλλ’
1556 1855 1617 1882 οὔτε
1630 1855 1822 1892 θυσιαστήριον

1034 1904 1184 1936 τελειῶσαι,
1202 1904 1246 1930 ῐνα
1261 1903 1309 1930 καὶ
1324 1901 1494 1939 προσενέγκῃ
1507 1903 1550 1929 ἐπ’
1566 1902 1646 1929 αὑτοῦ
1656 1911 1663 1917 ·
1681 1902 1742 1929 οὗτε
1768 1903 1823 1938 μὴν

1035 1951 1232 1986 χειροτονῆσαι.
1246 1949 1338 1976 Ταῦτα
1353 1948 1407 1984 γὰρ
1424 1948 1502 1984 μόνος
1517 1949 1531 1974 ὁ
1547 1948 1678 1984 ἱεράρχης
1700 1949 1771 1974 ποιεῖ
1786 1948 1820 1980 ³⁸,

1034 1993 1071 2024 ὧν
1087 1996 1164 2028 ἐκτὸς
1179 1997 1193 2023 ὁ
1209 1995 1401 2031 πρεσϐύτερος,
1423 1994 1484 2020 οὗτε
1502 1993 1635 2029 βαπτίσει,
1652 1993 1716 2020 οὔτε
1736 2001 1822 2029 προσ-

1032 2042 1112 2076 οίσει,
1131 2042 1188 2070 ἀλλ’
1205 2043 1245 2074 εἰς
1258 2041 1292 2068 τὰ
1308 2039 1521 2076 προτελεσθέντα
1538 2040 1590 2068 ὑπὸ
1603 2040 1651 2068 τοῦ
1670 2040 1821 2067 ἐπισκόπου

1036 2091 1108 2126 ἱερου
1113 2090 1163 2125 ργή
1168 2098 1195 2116 σε
1200 2098 1218 2115 ι.

1047 2134 1051 2135 ⁷
1076 2135 1252 2171 Ἀγιστειαν.
1273 2135 1350 2161 ΙἨτοι
1365 2133 1540 2170 χειροτονίαν.

1077 2227 1219 2259 Ἐνιαίως.
1236 2224 1412 2261 Μονομερῶς.

1072 2315 1128 2348 Τὰς
1142 2313 1318 2349 ἐπιστήμας.
1337 2312 1398 2340 ’Ὁτι
1414 2313 1430 2348 ἡ
1446 2311 1620 2348 διδασκαλικὴ
1638 2311 1694 2340 τῶν
1717 2321 1823 2349 μυστη-

1034 2361 1099 2398 ρίων
1113 2360 1225 2396 δύναμις
1240 2361 1296 2391 τοῖς
1308 2359 1447 2395 ἱεράρχαις
1460 2358 1583 2394 ἁρμόζει.

1069 2407 1083 2444 §
1097 2407 1141 2435 VI.
1165 2407 1200 2434 Ἡ
1213 2406 1247 2433 δὲ
1260 2406 1320 2433 τῶν
1335 2405 1445 2439 Ιερέων.
1455 2405 1502 2437 Τίς
1518 2406 1534 2440 ὴ
1550 2404 1604 2432 τῶν
1621 2404 1716 2442 ἱερέων
1732 2404 1822 2438 τάξις,

1032 2455 1116 2490 ἤγουν
1129 2454 1182 2481 τῶν
1198 2451 1399 2489 πρεσϐυτέρων.

1065 2499 1146 2533 Αὐτὴ
1160 2498 1225 2533 δρᾷ.
1245 2498 1278 2525 Ἦ
1290 2497 1343 2524 τῶν
1361 2497 1456 2533 ἱερέων
1471 2496 1548 2529 τάξις
1563 2496 1691 2533 δηλονότι.

1072 2546 1108 2574 Ἡ
1121 2545 1155 2573 δὲ
1170 2545 1229 2572 τῶν
1252 2543 1443 2578 λειτουργῶν.
1460 2543 1508 2574 Τίς
1536 2543 1553 2578 ἡ
1576 2542 1630 2570 τῶν
1653 2541 1822 2578 λειτουργῶν

1029 2592 1117 2626 τάξις,
1132 2591 1253 2619 τουτέστι
1271 2590 1325 2617 τῶν
1339 2589 1480 2616 διακόνων.

1072 2638 1286 2671 Ἀποκαθαιρει.
1304 2636 1366 2667 Πῶς
1389 2634 1666 2671 άποκαθαίρουσιν-οί
1685 2633 1819 2662 διάκονοι.

1066 2686 1155 2712 Ὅθεν
1178 2684 1227 2710 ἐπὶ
1250 2682 1306 2717 τῆς
1330 2681 1420 2716 ἱερᾶς.
1442 2681 1548 2717 Θεωρία
1572 2681 1623 2716 τῆς
1644 2680 1820 2716 καθάρσεως.

1029 2731 1184 2767 Σημείωσαι
1196 2729 1235 2762 δὲ,
1249 2730 1290 2755 ὅτι
1302 2728 1356 2756 τῶν
1369 2727 1500 2755 διακόνων
1514 2728 1572 2755 ἐστὶ
1587 2728 1618 2755 τὸ
1631 2727 1757 2756 ἀποδύειν
1768 2727 1822 2754 καὶ

637 2799 754 2829 VARl/E
773 2799 966 2829 LECTIONES
981 2799 1024 2827 ET
1044 2796 1321 2828 CORRECTIONES.

219 2870 243 2887 "
259 2871 377 2905 ποιήσει.
