1925 3060
122 203 170 231 165

496 198 524 227 S.
542 197 666 226 MAXIM!
684 196 831 225 SCHOLlA
849 195 884 224 IN
900 195 964 224 LIB.
984 194 1029 222 DE
1044 193 1186 222 ECCLES.
1204 193 1392 222 HIERARCH.

1698 193 1748 222 166

122 257 244 286 ὑπολύειν
251 258 314 289 τοὺς
329 255 552 293 βαπτιζομένους,
563 256 610 283 καὶ
623 255 691 291 πρὸς
700 255 806 291 δυσμὰς
819 255 905 290 ἱστᾷν,

980 252 1099 280 tizandis
1108 272 1116 285 ,
1134 256 1162 280 et
1176 252 1210 279 ad
1224 259 1353 280 occasum
1367 252 1476 284 sistere,
1492 258 1524 278 ac
1544 259 1641 280 rursus
1655 251 1689 279 ad
1700 259 1746 279 or-

123 305 166 332 καί
182 303 260 336 αὖθις
274 303 341 340 πρὸς
352 303 482 339 ἀνατολὴν
496 303 633 338 μετάγειν.

156 351 203 377 Διὸ
217 350 266 377 καὶ
282 349 348 382 ταῖς
366 348 467 383 ἱεραῖς.
488 349 644 384 Σημειωσαι
655 368 662 380 ,
684 348 725 374 ὅτι
742 348 768 374 οι
791 347 908 374 διάκονοι

122 396 179 423 τότε
188 396 238 427 τὰς
252 395 336 430 θύρας
350 393 422 430 εἶχον
434 403 441 410 ·
457 394 504 421 νῦν
519 395 548 421 δὲ
561 395 587 421 οι
602 394 783 421 ὑποδιάκονοι.

157 443 171 479 §
189 441 250 470 νιι.
275 441 422 469 Δέδεικται
437 442 550 468 τοίνυν.
574 441 832 476 Ἀνακεφαλαίωσις.

157 532 276 567 Δηλαδὴ
287 532 342 567 τῆς
358 531 537 567 ἱεραρχικῆς.
550 532 612 558 Ὅτι
627 533 640 558 ό
653 531 803 563 ἐπίσκοπος
819 530 909 557 καὶτὰ

123 580 175 606 τῶν
187 579 339 615 ὑφειμένων
349 580 430 610 ποιεῖ,
441 579 489 605 καὶ
502 578 527 604 οἱ
543 578 646 614 πρῶτοι
661 576 695 604 τὰ
707 577 762 603 τῶν
776 577 909 612 δευτέρων

123 625 237 653 καὶτῶν
261 626 318 660 μετ’
333 625 432 656 αὐτοὺς
455 624 577 651 ποιοῦσιν
589 632 595 639 ·
613 624 665 650 οὐκ
680 623 814 650 ἀνάπαλιν
828 623 867 655 δὲ,
884 623 910 650 οί

124 672 242 708 δεύτεροι
255 671 290 698 τὰ
302 671 357 698 τῶν
373 670 500 707 πρώτων.

166 719 325 753 Ἐτ-χειρεῖν
340 716 524 748 ἀλαζονείαν.
543 717 604 743 Ὀτι
615 716 730 743 ἕκαστον
745 715 798 752 χρὴ
814 715 851 752 μὴ
865 724 912 743 κα-

125 765 260 800 τατολμᾷν
275 764 328 791 τῶν
345 764 482 800 μειζόνων.

157 811 280 844 Εῑκόνες
301 812 331 838 al
356 810 508 844 ἱερατικαί.
525 809 604 841 Τίνος
624 809 704 836 τύποι
722 809 749 835 αἰ
775 808 909 843 ίερατικαὶ

125 856 224 889 τάξεις,
238 857 272 883 τὰ
288 856 363 892 παρὰ
376 856 423 883 τοῦ
433 855 499 882 Θεοῦ
514 856 578 892 περὶ
590 855 653 887 τοὺς
666 853 826 890 ἀνθρώπους
836 854 911 890 ἐνερ-

125 911 231 936 γουσαι.

962 303 1022 327 tum
1037 299 1179 327 reducere.

991 345 1103 379 Propter
1113 345 1182 380 quod
1198 346 1293 375 sacris.
1307 344 1376 372 Nota
1391 345 1463 380 quod
1478 344 1588 372 diaconi
1600 347 1659 371 tum
1674 343 1748 372 fores

960 391 1172 425 custodierunt;
1190 391 1264 418 nunc
1280 399 1344 419 vero
1358 391 1531 419 subdiaconi.

996 438 1009 473 ς
1025 437 1082 465 νιι.
1100 438 1317 465 Demonstratum
1327 439 1470 473 estigitur.
1484 436 1685 473 Recapitulatio
1699 444 1748 464 seu

960 484 1173 519 praecedentium
1182 484 1320 519 repetitio.

995 530 1159 565 Pontiﬁcum
1175 537 1275 564 nempe.
1291 529 1457 565 Episcopum
1480 537 1512 557 ea
1529 530 1611 558 etiam
1627 537 1689 564 quae
1703 529 1748 556 in-

960 575 1091 604 feriorum
1114 579 1179 604 sunt
1201 576 1302 609 facere.
1317 577 1476 611 primosque
1496 577 1590 604 munia
1613 576 1749 604 secundo-

960 630 1033 655 rum,
1058 626 1086 650 et
1105 630 1201 651 eorum
1223 623 1271 658 qui
1293 622 1344 650 bos
1367 626 1530 658 sequuntur,
1548 623 1676 658 exsequi;
1701 623 1750 651 sed

960 676 1016 696 non
1025 673 1132 701 contra.
1149 669 1286 698 secundos
1301 669 1347 696 illa
1361 677 1422 704 quae
1437 674 1502 697 sunt
1516 671 1676 704 primorum.

997 715 1166 744 Prateruiam
1180 724 1320 751 usurpare.
1337 715 1565 751 Ununtquemque
1580 724 1634 744 non
1649 716 1749 744 debere

961 763 1013 791 sibi
1029 770 1061 790 ea
1077 771 1138 798 qua:
1153 766 1218 790 sunt
1236 763 1383 798 majorum,
1398 766 1666 791 temere-assumere.

997 809 1130 845 Imagines
1140 809 1336 837 ecclesiastica.
1351 808 1438 843 Cujus
1453 808 1508 835 sint
1518 808 1610 843 ﬁgura:
1621 809 1750 837 ecclesia-

961 856 1024 884 stici
1044 856 1166 889 ordines,
1186 856 1232 891 qui
1255 863 1287 883 ea
1303 863 1363 891 quae
1378 854 1426 883 Dei
1441 858 1518 888 sunt,
1534 855 1605 882 inter
1626 855 1750 884 homines

961 907 1068 937 gerunt.

166 948 285 982 Ἐπειδὴ
302 948 366 983 γάρ.
379 948 448 984 Περὶ
463 947 517 975 τῶν
532 947 666 984 οὐρανίων
683 947 705 963 ³⁷
721 945 834 980 τάξεων,
853 946 910 978 πῶς

995 948 1062 975 Cum
1077 948 1157 975 enim.
1173 947 1212 976 De
1228 948 1387 976 cmlestibus
1402 947 1546 976 ordinibus
1564 951 1592 975 et
1611 948 1749 981 humanis,

126 995 178 1022 ὑπὸ
187 994 254 1021 Θεοῦ
271 994 475 1030 ἱερουργοῦνται
490 994 522 1021 ³⁸.

161 1040 191 1066 ll.
201 1041 232 1066 '0
234 1040 292 1075 μὲν
302 1040 450 1075 ὶεράρχης.
459 1040 618 1076 Χειροτονία
627 1039 786 1072 ἐπισκόπου,
795 1039 910 1075 πρεσϐυ-

125 1086 204 1123 τέρου
220 1087 268 1113 καὶ
281 1087 416 1114 διακόνου.

163 1133 266 1167 ’Ἄμφω
281 1132 321 1159 τὼ
336 1133 419 1159 πόδε.
434 1132 491 1159 Νῦν
504 1130 607 1168 ἑτέρως
624 1132 795 1159 ἐπιτελεῖται.

161 1179 237 1206 Ἕνα
252 1179 311 1206 τῶν
326 1179 435 1206 ποδῶν.
454 1178 568 1214 Ἀδηλον
582 1178 611 1205 δὲ
626 1180 701 1205 ποῖον
717 1179 784 1205 πόδα
800 1178 875 1214 φησί.

159 1227 228 1252 Καθ’
243 1225 382 1252 ἕκαστον.
400 1224 565 1260 Σημείωσαι,
589 1225 629 1251 ὅτι
648 1224 701 1260 χρὴ
726 1224 830 1256 πάντας
850 1225 914 1256 τοὺς

125 1272 154 1298 ὲν
168 1271 208 1307 τῷ
224 1271 350 1308 ἱερατείῳ
365 1271 410 1298 τὸν
425 1270 662 1307 χειροτονούμενον
677 1270 858 1302 ἀσπάζεσθαι.

159 1318 205 1346 Ill.
222 1317 236 1353 ᾗ
252 1317 271 1344 Ι.
296 1317 471 1352 Ἀνάρῤησις
488 1317 559 1351 ίερὰ.
585 1316 746 1353 Ἀνάρρησις
759 1318 839 1344 οἱονεὶ
861 1318 912 1354 κή-

125 1363 201 1399 ρυξις
224 1365 253 1397 ἐξ
273 1364 404 1400 ὀνόματος
416 1373 422 1378 ·
439 1363 596 1398 σφραγίζων
618 1362 673 1399 γὰρ
687 1363 768 1390 αὑτὸν
783 1364 798 1390 ὁ
822 1372 913 1399 χειρο-

123 1409 207 1436 τονῶν
223 1409 376 1445 ἀρχιερεὺς,
390 1410 419 1442 ἐξ
433 1409 563 1444 ὀνόματος
577 1409 675 1444 φάσκει
685 1418 691 1425 ι
705 1408 887 1444 Σφραγιζεται
898 1410 913 1435 ό

123 1456 198 1483 δεῖνα
221 1456 275 1483 ἀπὸ
300 1455 486 1492 πρεσϐυτέρου
509 1456 549 1486 εἰς
573 1455 721 1482 ἐπίσκοπον
750 1455 780 1481 ὲν
801 1454 912 1490 ὀνόματι

124 1503 241 1538 Πατρὸς,
257 1503 305 1530 καὶ
320 1502 396 1533 Υίοῦ,
412 1503 459 1529 καὶ
473 1501 551 1536 ἁγίου
566 1502 733 1538 Πνεύματος·
751 1501 851 1538 ὁμοίως
866 1502 913 1529 καὶ

124 1549 172 1575 ἐπὶ.
186 1549 370 1585 πρεσϐυτέρου
386 1549 433 1576 καὶ
448 1548 582 1575 διακόνου.

167 1596 362 1628 ¹Υπόπτωσις.
389 1595 560 1626 ’Υπότιτωσις
574 1595 590 1630 ὴ
604 1594 759 1629 γονυκλισία
769 1603 775 1609 ·
793 1593 912 1630 ἀνάῤῥη-

125 1649 168 1673 σις
187 1641 226 1674 δὲ,
241 1641 310 1677 ὅπερ
322 1641 370 1668 νῦν
384 1641 511 1668 καλοῦσιν
526 1640 686 1676 ἐπικήρυξιν
701 1640 717 1676 ἢ
732 1640 909 1676 ἁνακήρυξιν.
925 1634 947 1663 C

166 1730 201 1758 ’11
212 1729 387 1764 ἁνάρῤησις.
414 1730 446 1756 Ἦ
461 1730 507 1756 ἐπὶ
520 1729 575 1756 τῶν
588 1729 760 1766 χειροτονιῶν
774 1729 913 1764 ἀνακήρυ-

124 1775 176 1810 Erg,
190 1773 245 1802 οἷον
268 1776 315 1803 ἐπὶ
327 1776 376 1812 τῆς
391 1775 438 1802 τοῦ
453 1775 602 1802 ἐπισκόπου
615 1784 621 1790 ·
643 1775 733 1809 Ὑπὲρ
754 1774 808 1801 τοῦ
827 1774 913 1808 ἁγίου

123 1823 236 1857 πατρὸς
258 1823 425 1850 ἐπισκόπου
450 1822 550 1850 τοῦδε.
573 1822 634 1849 Ἐπὶ
659 1821 689 1848 δὲ
716 1821 910 1857 πρεσϐυτέρου·

130 1868 220 1903 Ὑπὲρ
236 1869 323 1896 τοῦδε
339 1868 551 1903 πρεσϐυτέρου.
560 1868 621 1894 Ἐπὶ
634 1868 663 1894 δὲ
677 1866 799 1894 διακόνου
808 1876 814 1882 ·
824 1866 913 1901 ’Υπὲρ

122 1914 177 1941 τοῦ
193 1914 327 1949 ἀδελφοῦ
342 1915 426 1950 ἡμῶν
438 1915 526 1942 τοῦδε
540 1914 692 1942 διακόνου.
707 1910 777 1940 Τόδε
792 1913 913 1949 ἀνάρρη-

124 1959 169 1987 σιν
194 1969 276 1996 φησιν
298 1961 361 1988 ὅταν
386 1962 415 1988 ἐν
434 1960 508 1996 αὑτῷ
527 1960 567 1996 τῷ
580 1961 742 1996 χειροτονεῖν
770 1960 892 1997 κηρύττῃ
904 1969 910 1975 ·

127 2006 182 2033 Ίῢν
198 2008 462 2042 χειροτονούμενον
476 2008 496 2042 ’ἡ
511 2008 575 2035 θεία
596 2006 684 2042 χάρις
704 2006 914 2042 προχειριζὲται

123 2052 212 2079 τόνδε
227 2054 270 2086 είς
286 2053 381 2080 τόνδε.

166 2099 202 2125 Ἠ
212 2099 270 2133 μὲν
285 2099 350 2126 οὖν.
371 2099 486 2135 Θεωρία.

159 2146 212 2178 Είς
226 2145 283 2179 τὴν
298 2145 452 2179 ἀνδρικήν.
473 2145 628 2181 Σημείωσαι
638 2145 687 2181 τὴν
697 2144 826 2181 ἀνδρικὴν
840 2143 913 2180 ζωὴν

123 2191 171 2220 τοῦ
188 2190 287 2226 Ἰησοῦ,
304 2191 351 2218 καὶ
367 2190 515 2227 θεαρχικὴν
530 2191 746 2227 ἀναμαρτησίαν.

167 2236 351 2272 Ἆνάρῤησιν.
372 2237 419 2269 Τίς
434 2238 450 2273 ἡ
464 2237 623 2273 ἀνάρρησις.

160 2283 238 2311 Οὐδὲ
252 2284 395 2318 ἀδελφόν.
421 2284 536 2320 Ὧραϊον,
553 2284 600 2310 καὶ
614 2283 683 2310 πάνυ
698 2283 856 2318 ἀναγκαῖον,
866 2283 913 2310 καὶ

142 2331 254 2365 σφαλές,
270 2332 312 2358 ᾶπι
325 2330 386 2357 οὐδὲ
399 2330 512 2365 ἀδελφὸν
524 2331 609 2366 χωρὶς
623 2330 691 2357 Θεοῦ
706 2331 793 2357 ἐποίει
807 2339 858 2362 τις.

166 2420 390 2455 Ἰεροτελεστής.
416 2420 458 2452 Ὡς
481 2420 632 2455 ἄνθρωπος,
648 2420 695 2446 καὶ
709 2419 852 2455 ἀρχιερεὺς
865 2419 913 2453 γέ-

121 2476 203 2502 γονεν
221 2469 235 2495 ό
249 2467 374 2503 Χριστός.
391 2467 547 2503 Σημείωσαι
569 2466 648 2493 τοῦτο
669 2465 739 2493 κατὰ
759 2465 914 2500 Ἀκεφάλων

122 2515 172 2541 καὶ
186 2514 383 2549 Νεστοριανῶν.

159 2560 208 2587 Διὸ
228 2560 277 2587 καὶ
291 2561 392 2593 αὐτός.
411 2559 566 2596 Σημείωσαι
585 2558 650 2585 πότε
671 2558 914 2594 ἐχειροτονήθησαν

123 2607 209 2643 ἱερεῖς
229 2608 253 2634 ot
277 2606 405 2642 μαθηταὶ,
420 2607 468 2633 καὶ
489 2607 530 2633 ὅτι
551 2604 665 2641 Ἰησοῦς,
681 2605 770 2631 καίτοι
783 2604 849 2636 Θεὸς
863 2604 912 2636 ὣν,

122 2652 207 2684 αὐτὸς
229 2653 278 2680 οὐκ
297 2653 506 2688 ἐχειροτόνησεν,
521 2652 577 2679 ἀλλ’
591 2650 773 2687 ἐπηγγείλατο
793 2650 913 2686 πέμπειν

122 2699 179 2725 ἀπὸ
192 2698 239 2725 τοῦ
255 2699 361 2734 Πατρδς
375 2698 405 2725 τὸ
419 2698 530 2734 Πνεῦμα
544 2699 574 2725 τὸ
587 2698 675 2733 ἅγιον,
690 2698 734 2724 ὅτε
749 2697 787 2730 ὡς
801 2698 913 2734 πύριναι

122 2744 245 2780 γλῶσσαι
259 2745 396 2781 ἐφάνησαν
411 2745 510 2777 αὐτοῖς.

962 995 1099 1030 quomodo
1118 1003 1133 1021 a
1151 994 1207 1023 Deo
1221 995 1396 1023 ordinantur.

998 1040 1031 1070 ll.
1048 1041 1175 1077 Pontifex
1189 1041 1304 1077 quidem.
1320 1041 1463 1070 Ordinatio
1480 1041 1613 1078 episcopi,
1634 1041 1751 1078 presby-

963 1087 1023 1120 teri,
1040 1091 1067 1115 et
1082 1088 1203 1115 diaconi.

1001 1133 1116 1169 Utroque
1130 1142 1205 1169 genu.
1223 1133 1281 1162 Hoc
1295 1141 1369 1162 nunc
1384 1134 1438 1162 alio
1454 1134 1537 1162 modo
1551 1134 1703 1169 perficitur.

1001 1180 1086 1208 Unum
1097 1188 1173 1216 genu.
1190 1180 1326 1208 Incertum
1344 1185 1386 1208 est
1399 1184 1490 1207 utrum
1503 1180 1598 1215 pedem
1613 1180 1697 1207 dicat.

998 1226 1173 1262 Singillatim.
1191 1225 1261 1253 Nota
1279 1226 1351 1254 enim
1371 1227 1418 1262 qui
1435 1226 1588 1258 ordinatur,
1604 1226 1703 1254 debere
1716 1227 1751 1254 ab

962 1273 1092 1300 omnibus
1104 1273 1132 1299 in
1144 1273 1268 1299 sacrario
1279 1272 1405 1300 salutari.

998 1318 1043 1346 lll.
1057 1318 1070 1354 §
1085 1318 1105 1345 1.
1120 1318 1292 1345 Prtedicatio.
1312 1318 1483 1355 Ἀνάρῥησις.
1498 1317 1581 1353 Quasi
1595 1318 1752 1354 praedicatio

962 1373 995 1393 ex
1010 1365 1121 1392 nomine
1138 1374 1144 1392 :
1160 1365 1328 1398 consignans
1342 1365 1417 1392 enim
1437 1372 1500 1393 eum
1518 1364 1642 1400 pontifex
1666 1365 1690 1392 is
1704 1365 1752 1400 qui

962 1412 1082 1442 ordinat,
1098 1419 1132 1439 ex
1156 1412 1268 1439 nomine
1289 1411 1357 1439 dicit
1368 1412 1572 1447 :Consignatur
1584 1411 1629 1439 hic
1644 1412 1706 1439 talis
1719 1420 1752 1439 ex

962 1458 1121 1493 presbytero
1132 1458 1160 1485 in
1172 1458 1344 1494 episcopum,
1361 1458 1388 1485 in
1402 1459 1514 1486 nomine
1524 1458 1624 1490 Patris,
1639 1463 1666 1486 et
1679 1457 1751 1490 Filii,

961 1508 989 1531 et
1002 1503 1121 1539 Spiritus
1140 1505 1244 1539 sancti;
1261 1505 1387 1534 similiter
1403 1505 1485 1532 etiam
1507 1505 1535 1532 in
1556 1505 1708 1540 presbyteri
1725 1509 1754 1532 et

962 1550 1071 1578 diaconi
1084 1551 1268 1578 ordinatione.

996 1597 1050 1632 81
1067 1597 1231 1632 Genu/lexin,
1245 1597 1292 1625 Gr.
1305 1597 1470 1629 ὑπόπτωσις.
1484 1596 1643 1625 Genuﬂexio
1654 1606 1660 1624 ε
1670 1597 1754 1633 ἀνάρ-

964 1645 1042 1679 ρησις
1056 1648 1146 1671 autem
1162 1644 1234 1679 quod
1253 1652 1326 1672 nunc
1343 1648 1443 1672 voeant
1462 1644 1696 1671 annuntiationem
1711 1643 1753 1671 vel

963 1689 1202 1717 renuntiationem.

996 1734 1137 1762 Recitatio.
1159 1735 1337 1764 Renuntiatio
1351 1737 1378 1763 in
1396 1737 1625 1770 ordinationibus,
1638 1737 1710 1765 sicut
1725 1737 1752 1764 in

962 1780 1134 1809 ordinatione
1147 1782 1269 1818 episcopi
1287 1792 1294 1810 :
1313 1782 1399 1818 Super
1421 1788 1513 1810 sancto
1536 1788 1612 1818 patre
1634 1784 1753 1818 episcopo

961 1824 1019 1852 hoc.
1034 1825 1064 1853 In
1078 1827 1230 1862 presbyteri
1250 1831 1339 1855 autem
1356 1838 1362 1856 :
1383 1827 1468 1863 Super
1481 1828 1528 1855 hoc
1547 1829 1707 1864 presbytero.
1724 1828 1754 1856 ln

962 1871 1071 1899 diaconi
1085 1880 1149 1900 vero
1162 1882 1168 1900 :
1186 1872 1270 1908 Super
1284 1874 1368 1908 fratre
1382 1878 1472 1901 nostra
1491 1874 1539 1901 hoc
1560 1873 1672 1901 diacono
1683 1874 1751 1901 :hoc

962 1925 1045 1952 porro
1060 1919 1248 1947 recitationem
1258 1919 1335 1952 dicit,
1350 1919 1460 1955 quando
1471 1920 1498 1946 in
1510 1920 1569 1955 ipsa
1581 1919 1754 1947 ordinatione

962 1963 1122 1997 pronuntiat
1137 1970 1145 1989 :
1163 1963 1259 1990 Divina
1272 1964 1361 1999 gratia
1386 1964 1455 1992 hunc
1480 1965 1526 2001 qui
1551 1965 1692 1992 ordinatur
1718 1964 1754 1992 ad

962 2009 1030 2036 hunc
1045 2009 1164 2037 ordinem
1177 2010 1320 2045 promovet.

1000 2097 1103 2134 Itaque.
1125 2098 1335 2135 Contemplatio.

1002 2143 1032 2171 In
1055 2145 1166 2172 virilem.
1188 2145 1268 2177 Nota,
1285 2146 1391 2174 virilem
1405 2145 1470 2174 Jesu
1484 2146 1570 2174 vitam
1585 2149 1614 2174 et
1632 2146 1753 2174 divinam

964 2191 1096 2226 peccandi
1111 2191 1303 2226 privationem.

998 2236 1252 2272 Promulgationem.
1272 2238 1339 2271 Quae
1353 2237 1389 2266 sit
1403 2238 1540 2266 recitatio.

1001 2281 1091 2318 Neque
1101 2283 1221 2317 fratrem.
1244 2283 1393 2310 Pulchrum
1416 2287 1459 2311 est
1482 2287 1510 2311 et
1531 2282 1609 2311 valde
1626 2290 1753 2311 necessa-

928 2319 951 2347 θ
965 2329 1036 2356 rium
1050 2336 1082 2355 ac
1099 2333 1198 2361 tutum,
1215 2329 1288 2363 quod
1309 2336 1344 2357 ne
1364 2328 1476 2357 fratrem
1492 2329 1602 2365 quidem
1624 2329 1683 2358 sine
1706 2329 1753 2358 Dei

965 2375 1104 2403 voluntate
1117 2375 1261 2409 quisquam
1275 2374 1402 2403 faciebat.

1002 2420 1133 2448 Ordinum
1145 2420 1267 2448 collator.
1289 2420 1324 2448 Ut
1337 2421 1430 2452 homo,
1439 2421 1520 2450 etiam
1532 2422 1652 2458 pontifex
1665 2422 1754 2451 factus

964 2473 1007 2495 est
1022 2466 1149 2494 Christus
1167 2476 1174 2494 :
1191 2471 1256 2494 nota
1270 2467 1322 2495 hoc
1335 2471 1431 2495 contra
1446 2467 1600 2504 Acepbalos
1613 2473 1641 2497 et
1655 2469 1753 2498 Nesto-

964 2514 1068 2542 rianos.

1001 2559 1166 2593 Quapropter
1180 2559 1260 2586 etiam
1274 2560 1337 2594 ipse.
1360 2559 1440 2594 Nota,
1451 2560 1561 2597 quando
1573 2560 1699 2596 discipuli
1712 2569 1754 2588 or-

964 2605 1048 2632 dinati
1059 2608 1124 2632 sunt
1135 2605 1303 2638 sacerdotes.
1314 2608 1341 2632 et
1350 2605 1455 2638 Jesum,
1465 2607 1518 2634 etsi
1532 2605 1604 2634 Deus
1618 2610 1688 2639 erat,
1698 2614 1752 2633 non

963 2655 1055 2678 tamen
1079 2651 1168 2685 ipsum
1192 2658 1242 2679 eos
1265 2651 1423 2686 ordinasse;
1442 2652 1491 2680 sed
1515 2653 1666 2687 pollicitum
1691 2659 1753 2679 esse

964 2698 1115 2724 missurum
1139 2705 1169 2725 se
1195 2696 1326 2732 Spiritum
1348 2702 1473 2726 sanctum
1499 2706 1514 2726 a
1538 2698 1628 2732 Patre,
1643 2697 1752 2734 quando

965 2745 1038 2772 velut
1053 2745 1137 2780 igneae
1150 2744 1249 2781 lingua:
1264 2745 1304 2774 eis
1320 2750 1516 2781 apparuerunt.

568 2843 686 2872 VARUE
703 2841 896 2872 LECTIONES
913 2842 957 2870 ET
975 2843 1252 2873 CORRECTIONES.

160 2925 182 2942 "
195 2925 270 2955 Adde
279 2933 310 2955 ea:
322 2925 449 2960 Pachqm.
467 2926 513 2953 καὶ
523 2924 709 2960 ἀνθρωπίνων.
733 2924 764 2961 4³⁸
778 2923 977 2960 ἰεραρχοῦνται.
