1926 3062
187 144 237 171 167

591 137 761 168 APPENDIX
778 138 824 166 AD
840 137 953 166 OPER‘A
971 138 1000 166 S.
1018 136 1168 166 DIONYSII
1184 137 1426 166 AREOPAGITAE.
1452 148 1455 153 ⁴

1762 135 1812 163 168

221 201 365 229 Sacrorum
386 204 531 227 auctorem.
552 197 697 225 Dominum
722 205 755 225 ex
775 197 916 224 divinitate
934 197 968 224 di-

1070 196 1264 230 Τελετάρχην.
1300 196 1352 222 Τὸν
1383 195 1484 231 Κύριον
1514 194 1586 221 κατὰ
1620 196 1670 230 την
1698 192 1813 229 θεότητα

184 247 232 275 cit.

220 293 428 327 Discipulorum.
450 291 567 319 Sanctus
583 290 680 318 Petrus
691 290 795 318 scilicet
810 297 871 317 cum
893 293 973 317 caete-

184 339 234 372 ris,
247 339 357 375 quando
372 338 514 365 Mattliiam
530 338 557 365 in
575 337 728 372 apostolum
744 335 836 371 elegit.

198 430 201 433 '
222 429 258 457 De
272 429 360 456 divina
377 433 473 455 autent.
493 426 572 458 Nota.
587 426 652 462 quid
668 427 742 454 dicat
760 426 795 454 de
815 429 888 454 sorte
911 433 972 461 qua:

184 475 303 503 Matthiae
316 475 423 510 obtigit,
438 478 465 501 et
479 473 546 510 quid
560 474 630 500 hanc
645 481 707 501 esse
721 474 864 509 intelligat.

224 565 331 593 Videtur
351 565 487 598 Scriptura
499 564 573 592 mihi.
595 563 673 597 Quod
700 564 727 591 in
742 564 819 592 Actis
834 566 972 600 apostolo-

181 620 242 639 rum
267 612 301 640 de
322 611 364 639 his
386 611 506 638 oraculis
524 610 645 644 exsistit,
661 611 688 638 in
708 611 848 638 nonnullis
862 612 970 646 quidem

181 658 259 686 libris
282 658 372 685 inveni
389 658 426 684 ita
441 658 543 685 habere
560 666 567 685 :
586 656 619 683 Et
639 657 766 684 dederunt
788 663 871 685 sortes
895 659 969 693 ipsis.

180 704 210 730 ln
229 703 389 737 quibusdam
404 711 468 730 vero
486 713 493 730 :
510 702 545 729 Ει
568 702 695 729 dederunt
720 707 803 729 sortes
829 703 970 738 ipsorum:

180 748 247 775 illud
269 748 379 784 quidem
401 750 494 780 αὐτοῖς
513 752 654 776 concertat
669 756 719 784 pro
733 756 766 776 eo
779 749 851 783 quod
867 757 940 776 nunc
955 757 970 776 a

179 794 272 821 divino
299 793 427 829 Dionysio
447 795 553 822 dictum
581 797 634 825 est,
660 794 739 828 quasi
765 798 840 821 sorte
863 795 970 830 signum

179 840 316 875 quoddam
340 840 511 875 designante,
527 847 560 867 ex
587 840 754 868 revelatione
780 840 907 868 fortassis
923 845 971 868 aut

178 887 336 922 operatione
352 886 468 921 Spiritus
482 886 583 920 sancti,
598 887 713 914 cadente
727 887 754 914 in
769 894 832 914 eum
847 887 894 922 qui
908 893 970 914 sor-

178 933 313 966 ticbtuur;
331 933 404 960 unde
417 933 498 960 etiam
515 933 549 960 de
563 932 694 960 lscariote
706 933 774 960 dicit
788 941 902 968 magnus
917 932 970 960 Pe-

178 984 237 1007 trus
253 989 259 1006 :
278 979 329 1013 Qui
352 979 462 1006 sortitus
487 985 543 1006 erat
559 980 694 1006 nobiscum
709 985 807 1006 sortem
830 980 971 1006 ministerii

178 1025 258 1060 hujus
281 1030 293 1044 ι
308 1047 314 1053 .
334 1025 495 1060 Quanquam
511 1030 643 1053 consueta
663 1025 743 1053 nobis
764 1033 825 1053 sors
847 1033 902 1052 non
919 1027 970 1052 luit

180 1071 304 1099 adhibita
327 1079 343 1099 a
358 1071 480 1104 Christo,
494 1079 557 1099 cum
574 1071 673 1107 delegit
688 1072 838 1107 apostolos.

213 1162 340 1197 Pontifex
357 1171 428 1190 vero.
449 1162 487 1190 De
509 1163 650 1198 episcopo,
674 1170 724 1191 cur
749 1163 775 1190 ei
797 1162 849 1190 soli
874 1167 969 1190 sancta

178 1209 324 1245 Evangelia
339 1209 524 1244 imponantur.

212 1256 268 1291 82
288 1255 386 1289 Deique
408 1260 464 1282 tum
479 1257 666 1289 operationem,
689 1260 744 1283 tum
765 1257 967 1291 apparitionem.

177 1300 456 1330 Pmsubaudicndum
477 1305 519 1329 est
542 1302 709 1338 ὑπάρχοντα,
725 1303 904 1337 exsistentia;
925 1311 970 1331 se-

178 1347 296 1376 cundum
312 1347 568 1383 praetermissionem
580 1349 653 1376 enim
665 1349 752 1380 verbi,
770 1357 842 1384 stripe
851 1354 892 1378 est
903 1357 969 1377 con-

178 1393 304 1421 structio.
327 1393 397 1420 Nota
412 1401 488 1426 vero,
504 1397 635 1429 quantam
651 1395 798 1430 participet
820 1395 968 1431 episcopus

177 1440 298 1467 divinam
316 1440 433 1475 copiam.

216 1486 361 1514 Sacrorum
383 1486 558 1522 eloquiorum,
572 1486 619 1516 Gr.
638 1486 815 1524 Ἰερολογιῶν.
843 1487 900 1515 Hoc
925 1493 968 1516 est

182 1533 329 1568 interpreta
333 1533 436 1560 tionum
441 1554 448 1560 .
613 1569 616 1572 .

212 1579 400 1607 Sacerdotibus
417 1583 515 1605 autem.
537 1578 574 1607 De
589 1579 766 1615 presbyteris.

213 1625 357 1652 Inclinatio
371 1625 484 1660 quidem.
506 1625 578 1658 Quid
592 1625 734 1653 inclinatio
748 1626 880 1655 declaret.

213 1671 228 1707 ς
251 1670 318 1699 VIII.
344 1671 408 1698 Tres
432 1671 517 1699 sacris
543 1673 719 1707 operantium.
747 1673 808 1700 Τῶν
835 1674 968 1710 ἱερατελε-

157 1725 162 1730 ·
177 1717 257 1744 στῶν.
279 1717 337 1745 Hoc
350 1722 393 1746 est
406 1718 577 1754 pontiﬁcum,
591 1718 812 1752 saccrdotum,et
826 1720 965 1748 ministro-

178 1771 247 1794 rum.

213 1809 308 1837 Tribus
323 1817 414 1836 eorum
427 1810 472 1845 qui
482 1810 632 1837 initiantur.
653 1810 712 1838 Hoc
723 1816 765 1839 est
777 1816 966 1847 purgatorum,

177 1856 387 1888 illustratoruin,
400 1859 427 1884 et
443 1856 674 1891 contemplatione
691 1857 883 1892 periectorum.

212 1943 397 1971 Ministerialis
420 1944 495 1972 ordo.
517 1944 554 1973 De
569 1945 686 1974 diacono
700 1955 784 1974 unum
805 1948 902 1984 pedem
916 1949 966 1977 ile-

177 1995 278 2019 ctentc.

212 2036 367 2065 Sacerdotes
382 2044 452 2064 vero.
474 2035 544 2070 Quid
570 2037 606 2065 sit
629 2038 805 2074 presbyteros
819 2045 965 2077 utrumque

177 2083 272 2118 pedem
289 2082 438 2110 lnllectere.

214 2128 358 2163 Utrumque
379 2137 455 2163 genu.
491 2129 562 2162 Quid
587 2130 623 2157 sit
645 2131 800 2166 pontiﬁcem
826 2132 970 2162 inﬂectere

176 2174 245 2202 duos
261 2174 354 2209 pedes,
368 2178 396 2202 et
417 2182 467 2202 cur
481 2174 631 2210 Scripturaa
645 2184 729 2211 super
743 2182 825 2213 caput
841 2178 901 2213 ejus
916 2187 964 2214 po-

176 2225 288 2250 nantur.

475 2277 510 2304 IN
529 2278 606 2306 CAP.
625 2278 671 2306 Vl.

211 2321 233 2350 Ι.
255 2322 361 2357 Triplex
372 2331 451 2358 genus
464 2325 666 2354 initiandorum.
687 2325 757 2355 Tres
772 2335 834 2356 esse
852 2327 964 2356 ordines

177 2368 223 2403 qui
238 2366 427 2403 perﬁciuntur.

213 2413 262 2449 δι.
282 2413 400 2441 Dicimus
412 2415 502 2450 igitur.
523 2415 640 2449 Quinam
658 2417 712 2445 sint
735 2418 754 2445 ii
778 2419 825 2454 qui
849 2425 964 2456 purgan-

179 2463 233 2491 tur,
248 2464 273 2486 el
285 2460 430 2495 quomodo.

216 2505 317 2532 anbas
341 2506 404 2533 illas
418 2515 475 2541 quia
490 2514 668 2543 segregantur.
690 2508 748 2536 Hoc
770 2514 812 2537 est
835 2511 964 2538 catechu-

178 2552 261 2583 mcni,
281 2552 456 2586 pmnitentcs,
472 2557 498 2581 et
524 2561 540 2580 a
561 2554 683 2583 daemone
704 2557 814 2590 vexati;
838 2557 966 2584 ditl‘ercn—

178 2598 244 2624 tiam
267 2602 358 2625 autem
381 2606 476 2627 eorum
489 2607 558 2635 quos
571 2601 706 2629 scelerum
721 2603 846 2638 pmiiitet,
861 2603 964 2631 inducit

179 2644 207 2671 in
225 2643 415 2680 sequentibus.

218 2760 230 2775 ι
247 2755 307 2783 Act.
325 2763 345 2789 I,
358 2755 403 2784 Π.

1024 243 1110 270 καλεῖ.

1065 289 1091 314 '0
1103 289 1164 316 τῶν
1176 288 1327 323 μαθητῶν.
1353 289 1382 316 '0
1397 288 1473 323 ἅγιος
1488 288 1591 324 Πέτρος
1608 287 1730 324 δηλονότι
1745 285 1814 322 μετὰ

1022 334 1076 361 τῶν
1090 335 1202 367 λοιπῶν,
1212 336 1255 362 ὅτε
1271 335 1316 362 τὸν
1330 334 1454 362 Ματθίαν
1469 333 1678 371 προὺχειρίσατο
1692 334 1732 365 είς
1746 333 1812 360 ἀπό-

1024 379 1124 407 στολον.

1059 427 1129 462 Περὶ
1145 426 1178 454 δὲ
1194 427 1246 454 τοῦ
1264 427 1357 454 Θείευ.
1380 427 1535 462 Σημείωσαι
1556 425 1582 452 τί
1603 434 1668 461 φησι
1683 425 1746 461 περὶ
1764 425 1811 451 τοῦ

1022 475 1124 511 κλήρου
1136 473 1183 501 τοῦ
1199 474 1327 506 πεσόντος
1343 474 1388 500 ἐπὶ
1403 473 1538 505 Ματθίαν,
1553 473 1601 499 καὶ
1623 472 1649 498 τί
1672 473 1728 498 νοεῖ
1748 470 1811 498 τοῦ-

1022 531 1076 549 τον.

1056 568 1142 595 Δοκεῖ
1153 566 1209 602 γάρ
1222 575 1274 602 μοι
1289 566 1326 593 τὰ
1340 565 1437 600 λόγια.
1457 565 1494 591 Τὸ
1507 566 1536 591 ὲν
1551 565 1610 596 ταῖς
1623 563 1742 600 Πράξεσι
1758 563 1812 591 τῶν

1022 614 1177 641 ἀποστόλων
1192 613 1281 647 λόγιον
1300 612 1364 648 περὶ¹
1378 611 1480 638 τούτων
1495 611 1523 637 ὲν
1542 611 1590 646 μὲν
1606 610 1686 642 ἐνίοις
1701 609 1812 644 βιϐλίοις

999 688 1002 693 ,
1022 657 1099 696 εὗρον
1112 659 1198 690 οὕτως
1212 659 1273 694 ἔχον
1283 667 1290 673 ·
1306 658 1362 685 Καὶ
1382 657 1496 684 ἔδωκαν
1511 655 1642 690 κλήρους
1654 655 1768 688 αὐτοῖς·
1782 656 1811 682 ὲν

1021 705 1050 732 δέ
1064 713 1133 732 τισιθ
1157 705 1214 732 Καὶ
1228 705 1343 732 ἔδωκαν
1367 703 1500 737 κλήρους
1520 701 1629 730 αὐτῶν.
1647 702 1684 728 Τὸ
1700 702 1749 737 μὲν
1765 699 1812 728 οὖν

1021 751 1123 784 αὐτοῖς
1134 750 1344 785 συναγωνίζεται
1357 750 1396 785 τῷ
1409 749 1458 776 νῦν
1472 749 1607 784 εἰρημένῳ
1619 748 1672 775 ὑπὸ
1681 748 1727 774 τοῦ
1738 747 1811 774 θείου

1022 798 1169 830 Διονυσίου,
1187 798 1225 829 ὡς
1240 797 1287 823 τοῦ
1304 796 1404 832 κλήρου
1421 795 1554 830 σύμϐολόν
1572 803 1598 822 τι
1613 794 1765 830 δηλοῦντος.
1782 794 1812 826 ἐξ

1023 844 1218 878 ἀποκαλύψεως
1243 843 1308 874 tam;
1330 842 1346 878 ἢ
1362 843 1546 878 ὲνεργήματος
1561 841 1608 868 τοῦ
1624 841 1702 875 ἁγίου
1724 842 1811 868 Πνεύ-

1024 897 1117 925 ματος,
1132 890 1278 920 πίπτοντος
1293 889 1340 915 ἐπὶ
1352 888 1398 915 τὸν
1414 887 1611 924 κληρούμενον·
1628 887 1688 913 ὅθεν
1705 887 1751 914 καὶ
1763 895 1812 913 πε-

1023 938 1050 973 ρὶ
1071 936 1119 963 τοῦ
1146 935 1319 971 Ἰσκαριώτου
1346 935 1427 970 φησιν
1450 936 1464 961 ὁ
1489 934 1615 970 μέγιστος
1629 934 1741 970 Πέτρος,
1756 934 1808 960 ὅτι·

1023 984 1135 1017 Ἔλαχε
1150 982 1211 1009 σὺν
1220 982 1292 1016 ἡμῖν
1307 981 1360 1009 τὸν
1375 980 1489 1014 κλῆρον
1503 980 1559 1014 τῆς
1572 980 1724 1013 διακονίας
1739 980 1810 1007 ταύ-

1021 1039 1083 1064 της·
1109 1030 1196 1057 καίτοι
1220 1028 1339 1064 συνήθης
1360 1029 1425 1063 ἡμῖν
1451 1027 1551 1063 κλῆρος
1569 1026 1620 1053 οὐκ
1643 1024 1677 1061 ἦν
1696 1025 1811 1053 ἐπὶτῶν

1020 1076 1177 1103 ἀποστόλων
1199 1073 1318 1109 γεγονὼς
1343 1074 1414 1109 ὑπὲρ
1439 1073 1542 1109 Κυρίου
1564 1072 1611 1099 τοῦ
1628 1071 1810 1107 ὲκλεξαμένου

1020 1122 1127 1154 αὐτούς.

1060 1169 1087 1195 ’0
1103 1168 1138 1195 δὲ
1150 1167 1297 1202 Ζεράρχης.
1319 1166 1389 1202 Περὶ
1411 1166 1459 1193 τοῦ
1477 1165 1636 1197 ἐπισκόπου,
1650 1164 1694 1192 διὰ
1708 1164 1734 1191 τί
1748 1165 1810 1190 ἐπι-

1019 1214 1122 1242 τίθεται
1138 1215 1210 1250 μόνῳ
1224 1213 1297 1249 αὑτῷ
1311 1213 1346 1240 τὰ
1357 1213 1422 1247 ἅγια
1437 1211 1600 1246 Εὐαγγέλια.

1056 1261 1235 1296 ﬂavum-lac,
1266 1259 1452 1294 θεοφανείας.
1486 1257 1746 1294 Προσυπακουοτέον
1779 1256 1810 1283 τὸ

1018 1307 1192 1342 ὑπάρχοντα
1203 1315 1210 1322 ·
1227 1307 1298 1333 κατὰ
1312 1305 1473 1342 παράλειψιν
1485 1305 1538 1341 γὰρ
1549 1304 1595 1331 τοῦ
1611 1305 1733 1341 ῥήματος
1747 1303 1810 1330 πολ-

1018 1353 1097 1385 λάκις
1110 1353 1127 1388 ὴ
1145 1352 1278 1386 σύνταξις.
1297 1352 1452 1388 Σημείωσαι
1475 1351 1504 1378 δὲ
1520 1351 1610 1378 πόσων
1634 1350 1809 1387 μεταλαμϐά-

1018 1409 1060 1428 νει
1074 1402 1090 1428 ό
1102 1400 1251 1432 ἐπίσκοπος
1266 1399 1345 1426 θείων
1361 1398 1613 1434 πλεονεκτημάτων.

1060 1488 1248 1524 Ἰερολογιῶν.
1263 1487 1409 1515 Τουτέστιν
1425 1486 1586 1524 ἑρμηνειῶν.

1057 1578 1120 1612 Τοῖς
1134 1577 1169 1605 δὲ
1184 1578 1306 1612 ἱερεῦσι.
1327 1577 1395 1613 Περὶ
1411 1576 1613 1612 πρεσϐυτέρων.

1059 1625 1091 1653 Ἡ
1102 1624 1160 1660 μὲν
1175 1624 1232 1652 οὖν
1246 1624 1358 1657 κλίσις.
1377 1623 1409 1650 Τί
1425 1623 1441 1658 ἡ
1456 1622 1542 1654 κλίσις
1557 1621 1640 1657 δηλοῖ.

1053 1670 1150 1708 ξνιιι.
1177 1672 1213 1698 Αἱ
1237 1669 1316 1704 τρεῖς
1335 1669 1395 1696 τῶν
1419 1667 1640 1703 ίεροτελεστῶν.
1664 1667 1808 1693 Τουτέστιν

1019 1718 1164 1754 ίεραρχῶν,
1183 1717 1289 1753 ἱερέων,
1304 1716 1351 1743 καὶ
1366 1714 1541 1751 λειτουργῶν.

1056 1808 1122 1842 Ταῖς
1137 1807 1216 1842 τρισὶ
1238 1807 1297 1834 τῶν
1318 1805 1513 1841 τελουμένων.
1534 1804 1662 1830 Τουτέστι
1680 1803 1733 1830 τῶν
1756 1812 1807 1830 κα-

1017 1854 1197 1890 θαιρομένων,
1211 1853 1266 1880 τῶν
1289 1852 1488 1888 φωτιζομένων,
1501 1851 1548 1878 καὶ
1563 1849 1617 1876 τῶν
1634 1849 1808 1885 θεωρητικῶς

1016 1901 1093 1928 τελου
1098 1900 1195 1936 μένων.

1058 1947 1089 1974 Ἠ
1102 1945 1289 1980 λειτουργικὴ
1313 1944 1406 1977 τάξις.
1433 1943 1502 1979 Περὶ
1523 1942 1646 1969 διακόνου
1668 1941 1717 1968 ἕνα
1739 1941 1807 1968 πόδα

1017 1993 1160 2025 κλίνοντος.

1054 2042 1086 2067 Ol
1100 2039 1134 2066 δὲ
1150 2039 1245 2073 ἱερεῖς.
1265 2038 1298 2065 Τί
1313 2038 1343 2064 τὺ
1363 2037 1426 2069 τοὺς
1444 2036 1491 2064 δύο
1517 2036 1599 2067 πόδας
1623 2034 1722 2061 κλίνειν
1743 2035 1806 2066 τοὺς

1016 2086 1227 2123 πρεσευτέρους.

1053 2134 1152 2168 Ἄμφω
1167 2132 1207 2159 τὼ
1222 2131 1305 2159 πόδε.
1326 2131 1359 2158 Τί
1373 2131 1403 2157 τὸ
1419 2130 1481 2162 τοὺς
1492 2129 1538 2156 δύο
1554 2128 1637 2160 πόδας
1649 2129 1748 2155 κλίνειν
1760 2127 1805 2154 τὸν

1019 2180 1159 2216 ἱεράρχην,
1174 2179 1220 2206 καὶ
1235 2178 1280 2205 διὰ
1289 2177 1315 2204 τί
1327 2179 1354 2204 al
1367 2177 1474 2213 Γραφαὶ
1484 2175 1648 2202 ἐπιτίθενται
1657 2176 1690 2210 τῇ
1701 2174 1804 2210 κειραλῇ

1018 2227 1100 2254 αὑτοῦ
1111 2226 1144 2253 ³⁹.

1249 2282 1303 2309 Ei:
1322 2281 1366 2308 το
1384 2280 1509 2307 Koma.
1531 2281 1575 2313 cr.

1051 2332 1072 2357 Ι.
1097 2329 1201 2364 Τριὰδα
1215 2329 1274 2355 τῶν
1289 2326 1486 2362 τελουμένων.
1507 2326 1567 2352 ’Ὁτι
1581 2326 1654 2360 τρεῖς
1668 2325 1696 2351 αἱ
1711 2324 1805 2350 τελού-

1019 2385 1096 2412 μεναι
1110 2376 1209 2408 τάξεις.

1052 2422 1099 2459 §I.
1120 2421 1251 2457 Λέγομεν
1264 2421 1378 2448 τοίνυν.
1398 2419 1476 2452 Τίνες
1495 2420 1520 2446 οι
1540 2418 1742 2453 καθαιρόμενοι,
1757 2417 1804 2443 καὶ

1017 2477 1084 2500 πως.

1058 2513 1370 2548 Ἀποδιαστελλόμεναι
1384 2513 1525 2546 πληθύες.
1546 2510 1689 2538 Τοικτέστιν
1705 2509 1730 2535 οἱ
1741 2516 1806 2536 κατ-

1018 2561 1163 2598 ηχούμενοι
1180 2580 1187 2592 ,
1203 2560 1227 2586 οί
1249 2560 1278 2587 ὲν
1299 2559 1436 2596 μετανοίᾳ,
1453 2559 1500 2585 καὶ
1519 2556 1715 2593 ἐνοχλούμενοι.
1737 2556 1802 2581 Δια-

1016 2607 1102 2644 φορὰν
1115 2608 1144 2634 δὲ
1157 2608 1308 2643 εἰσηγεῖται
1320 2607 1375 2634 τῶν
1391 2607 1420 2633 ὲν
1435 2605 1563 2642 μετανοίᾳ
1575 2605 1605 2631 ὲν
1618 2604 1674 2635 τοῖς
1686 2602 1757 2638 ἑξῆς.

633 2834 749 2864 VARle
768 2835 958 2868 LECTIONES
975 2839 1018 2868 ET
1034 2838 1307 2870 CORRECTIONES.

216 2915 234 2932 ’τ
247 2915 337 2942 ἐπάνω
353 2915 400 2951 τῆς
417 2915 535 2953 κειραλῆς
553 2916 643 2943 αὑτοῦ.
