1926 3062
121 147 173 175 169

480 144 510 173 S.
528 143 652 172 MAXIM
671 142 818 171 SCHOLIA
837 144 871 172 IN
890 144 954 172 LIB.
972 143 1015 171 DE
1035 143 1175 172 ECCLES.
1197 143 1385 174 HIERARCH.

1699 147 1750 174 I70

156 203 214 238 Τῆς
229 203 273 237 δὲ,
290 204 339 236 ὡς.
359 203 419 230 Τῶν
441 203 470 230 ὲν
493 203 622 240 μετανοίᾳ.
641 204 710 240 μετὰ
723 205 754 232 τὸ
770 204 904 242 βάπτισμα

1000 204 1078 231 Alius
1099 203 1204 239 quidem
1227 204 1307 240 quod.
1326 203 1522 232 Poenitentium
1539 207 1601 240 post
1615 204 1752 241 baptisma

119 250 337 286 ἁμαρτανόντων.

157 297 214 332 Τῆς
229 296 273 331 δὲ,
290 298 330 330 ὼς
344 298 397 324 ἐτι.
417 297 478 324 Τῶν
492 297 700 334 χειμαζομένων
717 299 764 326 καὶ
780 299 908 336 ἐνεργου-

114 347 148 380 pg
156 351 218 370 νων.

157 388 215 423 Τῆς
230 388 274 422 δὲ,
291 390 331 422 ὡς
344 390 386 416 ἔτι
403 390 486 423 πρός.
507 389 568 416 Τῶν
582 389 636 416 ἀπὸ
650 390 791 426 αἱρέσεων,
801 391 817 427 ἣ
829 391 908 418 ἀσελ-

119 435 213 470 γειῶν.

159 481 216 516 Τῆς
238 481 281 513 δὲ,
300 482 340 515 ὡς
360 483 569 517 μεταχθείσης.
589 483 650 510 Τῶν
678 483 715 519 μὴ
742 483 851 515 τελείως
879 484 909 518 ἐξ

118 528 262 563 ἀσελγείας
275 529 496 565 ἐπιστρεψάντων
509 531 549 562 είς
563 530 708 566 ἀγιασμδν,
724 530 740 566 ἧ
755 530 809 557 τῶν
823 538 908 566 κατη-

119 583 168 610 χου
172 574 270 610 μένων.

154 620 167 656 §
183 621 217 647 II.
236 620 322 654 Μέση
336 620 370 647 δὲ
385 621 477 653 τάξις.
504 621 533 648 '0
548 622 643 654 πιστὸς
657 621 730 654 λαός.

160 667 188 693 Ἠ
203 667 382 701 καθαρθεῖσα
395 667 506 702 πάσης.
527 668 583 704 Τὴν
601 669 690 696 πᾶσαν
709 667 844 704 κάθαρσιν
861 667 910 696 τοῦ

119 712 194 739 λαοῦ.

149 759 184 785 At
198 758 393 795 καθαιρόμεναι
408 759 500 792 τάξεις
509 759 677 796 διαιροῦνται

293 806 341 838 Εἰς
356 807 420 838 τοὺς
433 806 648 842 ἐκϐαλλομένους
661 806 716 834 τῶν
732 806 822 843 ἱερῶν,

294 853 342 885 Εἰς
355 853 400 880 τὸν
415 853 510 880 πιστὸν
526 852 601 885 λαὸν,

295 900 342 931 Et;
358 899 500 935 μοναχοὺς,
514 899 572 935 ἦτοι
586 899 763 934 θεραπευτάς.

157 947 215 981 Τὴν
230 947 283 974 τοῦ
307 946 387 980 ιε’ροῦ
403 946 490 973 λαοῦ.
512 945 666 982 Σημείωσαι
687 946 727 973 ὅτι
749 946 835 982 μέσην
857 947 906 974 τά·

120 993 161 1025 ξιν
181 993 227 1020 τὸν
250 993 322 1028 ἱερὸν
347 992 411 1019 λαὸν
435 991 577 1023 ἀποκαλεῖ,
592 991 675 1027 ἤγουν
692 992 755 1024 τοὺς
772 993 800 1019 ὲν
820 993 906 1029 λαῖκῷ

118 1038 238 1074 τάγματι
251 1038 281 1065 τὺ
297 1038 442 1073 ὁλόκληρον
456 1037 515 1072 ἦτοι
529 1038 559 1064 τὸ
571 1037 763 1074 ἀνεπιτίμητον
778 1038 886 1074 ἔχοντας
897 1048 904 1054 ·

117 1086 181 1116 τοὺς
193 1085 222 1112 δὲ
239 1084 382 1120 μοναχοὺς,
397 1084 456 1120 ἢτοι
474 1084 537 1115 τοὺς
551 1083 727 1120 θεραπευτὰς,
743 1084 792 1121 τὴν
812 1085 906 1112 πασῶν

119 1130 296 1166 ὑψηλοτέραν.

154 1176 227 1213 §IlL
255 1178 285 1205 Ἠ
298 1176 356 1204 τῶν
366 1176 519 1212 μοναχῶν.
537 1176 634 1213 Μὲτρα
655 1177 805 1213 μοναχικῆς
825 1186 907 1204 κατα-

119 1223 251 1255 στάσεως.

155 1271 186 1296 Ol
201 1269 269 1304 μὲν,
287 1268 477 1304 θεραπευτάς.
498 1267 547 1295 Διὰ
560 1268 587 1295 τί
602 1268 626 1296 οἱ
640 1269 761 1304 μοναχοὶ,
775 1268 907 1304 θεραπευ-

116 1315 163 1342 ταὶ
177 1315 341 1351 ἐκλήθησαν.

152 1361 208 1388 Kal
228 1361 350 1394 ἐνιαίας.
372 1361 405 1387 Τί
428 1359 555 1397 [μονὰς]
580 1360 727 1396 ἀμέριστος
749 1361 795 1387 καὶ
819 1361 907 1388 ἑνιαία

117 1406 185 1442 ζωή-

154 1453 215 1480 Τῶν
233 1452 385 1487 ὃιαβρετῶν
404 1453 505 1488 ἱεραῖς.
534 1454 662 1488 Διαιρετά
686 1462 753 1489 φησι
779 1453 906 1489 utﬁun-

115 1508 190 1527 τικα.

959 255 1112 286 peccatum.

994 296 1071 323 Alius
1085 304 1145 323 vero
1158 296 1227 332 quod
1241 297 1395 325 etiamnum.
1416 296 1516 324 Eorum
1541 297 1589 333 qui
1614 297 1748 332 agitantur

959 350 975 369 a
990 342 1123 374 daemone,
1140 349 1166 371 ct
1183 344 1210 370 in
1225 343 1326 379 quibus
1339 343 1477 371 daemones
1492 349 1651 379 operantur.

995 390 1071 417 Alius
1084 399 1142 418 vero
1161 390 1240 426 quod.
1259 389 1359 417 Eorum
1375 391 1421 425 qui
1434 390 1468 417 ab
1479 389 1640 423 limresibus,
1657 394 1704 417 aut
1719 390 1753 417 li-

959 435 1110 465 bidinibus.

995 483 1072 509 Alius
1087 482 1156 517 quod
1169 482 1227 517 iam
1243 483 1392 510 traductus.
1413 483 1513 510 Eorum
1531 483 1577 519 qui
1599 491 1654 511 non
1670 484 1750 519 plane

960 535 993 555 ex
1008 528 1119 556 libidine
1133 528 1274 556 redierunt
1286 529 1319 556 ad
1331 530 1551 562 sanctimoniam,
1564 530 1607 557 vel
1620 531 1750 558 catechu-

959 582 1113 602 luenorum.

996 621 1012 657 §
1027 620 1059 648 ll.
1081 620 1185 648 Medius
1200 626 1288 649 autem
1303 622 1379 651 ordo.
1398 620 1500 651 Fidelis
1514 623 1641 658 populus.

996 666 1128 702 Expialus
1150 667 1182 695 ab
1204 669 1285 696 omni.
1307 667 1470 696 Universam
1492 669 1674 705 expiationem
1700 677 1749 704 po-

959 713 1029 750 puli.

995 759 1113 789 Ordines
1132 761 1178 796 qui
1196 765 1348 796 purgantur
1361 761 1522 789 dividuntur

1135 807 1165 835 In
1181 816 1229 836 eos
1243 808 1288 843 qui
1302 816 1336 836 e-x
1350 808 1460 843 templis
1474 808 1658 844 expelluntur,

1136 854 1165 881 In
1183 855 1288 882 ﬁdelem
1304 855 1446 890 populum,

1134 902 1165 928 ln
1180 901 1341 934 monachos,
1356 902 1414 929 sive
1427 901 1559 930 cultores.

993 947 1099 976 Sancta:
1112 947 1206 983 plebis.
1226 947 1305 980 Nota,
1322 948 1395 983 quod
1413 948 1532 975 medium
1551 948 1675 976 ordinem
1699 957 1748 984 ap-

957 993 1038 1028 pellet
1053 1000 1162 1020 sacrum
1178 993 1319 1028 populum,
1331 992 1388 1021 sive
1402 1000 1449 1020 eos
1461 992 1508 1028 qui
1523 994 1550 1020 in
1568 993 1638 1021 laico
1652 993 1748 1021 ordine

956 1039 1010 1074 83
1026 1039 1207 1074 integritatem
1223 1039 1280 1067 sive
1295 1039 1614 1074 irreprehensibilitatem
1631 1040 1744 1073 habent;

957 1085 1108 1113 monachos
1132 1089 1242 1118 autem,
1267 1085 1325 1113 sive
1347 1085 1482 1118 cultores,
1506 1085 1629 1113 omnium
1651 1094 1748 1122 supre-

957 1138 1042 1158 mun.

991 1178 1069 1214 §lll.
1096 1177 1299 1206 Monachorum.
1333 1177 1455 1206 Termini
1478 1181 1567 1206 status
1598 1179 1747 1207 monacho-

956 1231 1029 1252 rum.

991 1270 1046 1297 Alit
1055 1269 1158 1306 quidem
1169 1270 1346 1302 llierapeutas.
1354 1269 1411 1298 Cur
1421 1270 1547 1298 monachi
1559 1275 1691 1298 vocentur
1703 1270 1748 1298 0:-

957 1316 1102 1353 ραπευταί,
1122 1316 1252 1344 cultores.

992 1362 1027 1389 Ει
1039 1362 1180 1398 singulari.
1201 1361 1272 1395 Quid
1290 1360 1446 1398 [solitudo]
1461 1361 1611 1394 individua,
1624 1362 1747 1399 singula-

957 1409 1050 1445 risque
1064 1409 1130 1437 vita.

992 1455 1099 1483 Sanctis
1114 1464 1200 1482 rerum
1217 1455 1396 1483 dividuarum.
1417 1454 1533 1483 Dividua
1547 1460 1637 1484 autem
1653 1456 1747 1491 appel-

957 1502 995 1530 lat
1009 1509 1052 1532 ea,
1067 1509 1128 1536 quas
1146 1501 1180 1529 ad
1194 1501 1277 1528 vitam
1294 1501 1454 1529 samularem
1470 1501 1616 1536 pertinent.

153 1545 273 1581 Θεωιδῆ
284 1546 410 1581 μονάδα.
422 1546 484 1578 Πῶς
497 1546 675 1572 τελειοῦται⁶⁰
689 1548 703 1573 ὁ
717 1547 850 1582 μονάζων,
862 1547 904 1574 καὶ

996 1548 1157 1583 Deiformem
1171 1548 1310 1575 unitatem.
1331 1547 1473 1580 Quomodo
1497 1552 1672 1575 consecretur
1688 1555 1748 1575 mo-

115 1592 161 1620 διὰ
171 1593 199 1620 τί
216 1593 303 1628 ἰδικὴν
317 1593 456 1620 τελείωσιν
466 1593 513 1619 καὶ
523 1592 667 1627 ἐπίκλησιν
681 1593 729 1620 καὶ
740 1592 905 1620 κατάστασιν

116 1638 173 1674 ἔχει
188 1640 202 1666 ὁ
218 1639 342 1675 μοναχὸς.

151 1686 185 1712 ll.
212 1686 238 1712 '0
249 1686 308 1720 μὲν
328 1687 432 1720 ἱερεύς.
460 1686 618 1722 Σημείωσαι
641 1686 696 1717 ὅτι,
712 1686 728 1712 ό
737 1685 796 1720 μὲν
811 1685 905 1719 ἱερεύς

116 1740 192 1766 φησι,
205 1732 251 1758 καὶ
270 1733 319 1767 οὐχ
339 1733 355 1759 ὀ
365 1732 514 1766 ἱεράρχης,
533 1732 580 1758 καὶ
599 1732 642 1758 ὃτι
664 1730 734 1758 κατὰ
752 1731 845 1757 τοῦτον
858 1729 906 1757 τοῦ

115 1778 222 1813 Πατρὺς
239 1777 285 1804 τὸν
301 1778 390 1812 λόγον,
406 1778 437 1804 οὐ
456 1778 496 1804 δεῖ
510 1778 603 1813 σχῆμα
621 1776 738 1813 μοναχοῦ
757 1777 906 1804 ἐπίσκοπον

115 1823 224 1856 διδόναι,
241 1824 309 1850 ἀλλὰ
325 1824 404 1860 μόνον
416 1824 611 1860 πρεσϐύτερον.

155 1870 220 1903 Ταῖς
234 1870 401 1904 διαιρεταῖς.
422 1872 488 1902 Ταῖς
502 1871 642 1906 βιωτικαῖς
652 1871 699 1897 καὶ
708 1870 904 1906 πολυσχιδέσιν,

115 1913 171 1943 οἷον
183 1917 328 1952 ἐμπορίαις
348 1916 428 1952 φημὶ,
443 1917 490 1943 καὶ
509 1919 566 1948 τοῖς
582 1916 672 1949 ἄλλοις
691 1916 902 1952 συναλλάγμασι.

116 1963 295 1995 Muciam
305 1961 349 1994 δὲ,
363 1963 484 1989 τουτέστι
506 1964 566 1994 ταῖς
587 1963 658 1990 κατὰ
678 1962 904 1990 διάνοιανὲπιθυ-

116 2008 192 2043 μὶαις
208 2009 255 2034 καὶ
267 2007 321 2034 τῶν
337 2007 432 2035 παθῶν
446 2008 663 2036 ἀνατυπώσεσιν.

156 2100 324 2135 Ἆποκειρει.
343 2099 405 2132 Πῶς
417 2099 538 2136 κείρεται
553 2101 568 2127 ὁ
586 2100 710 2136 μοναχός.

152 2146 212 2180 Τὴν
236 2145 375 2180 τρισσήν.
396 2146 552 2182 Σημείωσαι
575 2146 604 2173 δὲ
626 2146 676 2182 τὴν
699 2146 812 2182 τρισσὴν
838 2146 904 2173 ὑπό-

115 2201 221 2220 στασιν.

957 1595 1074 1626 nachus,
1089 1597 1116 1622 et
1140 1602 1190 1622 cur
1213 1594 1351 1629 propriam
1371 1594 1607 1622 consecrationem
1627 1599 1654 1622 et
1668 1595 1747 1622 inro-

957 1641 1102 1672 cationcm,
1121 1644 1147 1668 et
1164 1644 1264 1668 statum
1280 1639 1378 1667 habeat
1392 1640 1554 1668 monachus.

991 1686 1024 1713 ﬂ.
1043 1686 1171 1714 Sacerdos
1183 1685 1296 1721 quidem.
1315 1685 1384 1712 Nota
1407 1686 1480 1720 quod
1506 1686 1588 1718 dicat.
1605 1687 1745 1718 sacerdos,

957 1735 985 1759 et
998 1739 1053 1759 non
1062 1731 1193 1766 pontifex.
1201 1731 1385 1759 etsecundum
1396 1731 1468 1758 hunc
1478 1730 1568 1759 Patris
1579 1740 1744 1765 sermonem,

957 1785 1012 1805 non
1035 1778 1194 1813 episcopum
1220 1776 1268 1805 sed
1291 1777 1380 1804 solum
1403 1778 1594 1813 presbyterum
1619 1778 1745 1806 monachi

958 1824 1079 1851 habitum
1094 1823 1159 1852 dare
1173 1824 1281 1852 debere.

993 1869 1124 1897 Dividuis.
1145 1869 1211 1903 Qua:
1233 1870 1266 1897 ad
1285 1870 1368 1897 vitam
1382 1869 1581 1897 mundanorum
1598 1871 1744 1906 pertinent,

957 1920 984 1943 et
1009 1916 1036 1943 in
1052 1917 1152 1944 multas
1169 1921 1260 1952 partes
1275 1917 1370 1944 divisae
1385 1916 1465 1944 sunt?
1479 1920 1509 1943 ut
1525 1921 1588 1944 sunt
1609 1921 1747 1945 mercatu-

957 1970 1003 1996 ιω,
1022 1967 1048 1990 et
1070 1963 1117 1990 alii
1142 1967 1310 1991 contractus.
1340 1962 1580 1997 Imaginationibus
1604 1967 1702 1995 autem,
1717 1963 1745 1990 id

957 2013 998 2036 est
1019 2005 1123 2037 mentis'
1141 2008 1339 2044 cupiditatibus
1353 2013 1380 2036 et
1393 2009 1629 2043 perturbationum
1648 2009 1745 2044 imagi-

956 2056 1048 2084 libus.

992 2101 1129 2129 Detondet.
1150 2101 1292 2134 Quomodo
1305 2101 1454 2128 monachus
1469 2100 1623 2127 tondeatur.

992 2149 1147 2185 Triplicem.
1167 2147 1238 2176 Nota
1258 2147 1394 2182 triplicem
1409 2147 1626 2175 subsistentiam.

149 2240 195 2266 lll.
208 2239 221 2276 ς
237 2240 257 2266 l.
272 2239 314 2276 [α]
333 2238 509 2274 Μοναχικὴν
524 2238 619 2271 τάξιν.
631 2239 680 2265 Διέι
694 2239 721 2265 τί
733 2238 840 2273 λέγεται
856 2247 904 2274 μο-

990 2238 1035 2267 lll.
1053 2238 1067 2274 ᾗ
1082 2237 1103 2266 l.
1124 2237 1302 2264 Monasticum
1315 2236 1442 2264 ordinem.
1462 2236 1519 2264 Cur
1536 2235 1686 2264 monachus
1699 2236 1741 2263 di-

113 2286 207 2320 ναχὺς,
231 2287 278 2313 καὶ
302 2286 344 2318 τίς
369 2287 386 2322 ἡ
414 2285 546 2322 μοναχικὴ
569 2285 734 2316 κατάστασις
750 2286 797 2312 καὶ
812 2285 906 2321 ἐπιτή-

111 2332 213 2363 δευσις.

149 2378 163 2414 ᾗ
179 2379 212 2405 ll.
239 2378 389 2413 Ἀποταγή.
410 2379 459 2411 Τίς
471 2379 488 2414 ὴ
505 2379 637 2414 ἀποταγή.

149 2467 188 2504 [β]
199 2469 248 2496 Διὸ
262 2468 312 2495 καὶ
325 2469 435 2496 πολλὰ.
447 2469 602 2504 Σημείωσαι
614 2469 685 2496 κατὰ
693 2470 899 2506 Λαμπετιανῶν,

111 2516 171 2549 ἦτοι
188 2515 381 2543 Μεσσαλιανῶν
403 2515 419 2551 ἢ
444 2516 634 2550 Ἀὂελφιανῶν,
649 2516 746 2543 ταύτὸν
766 2517 793 2544 δὲ
815 2519 900 2544 εἰπεῖν

111 2561 323 2596 Μαρκιανιστῶν
334 2570 341 2577 ·
356 2562 463 2593 οἵτινες,
474 2562 593 2597 τριετίαν
611 2562 690 2597 μόνον
714 2563 805 2599 ἄκρως
816 2563 901 2598 ἀσκή-

112 2615 219 2639 σαντες,
234 2607 303 2642 μετὲι
313 2607 398 2634 ταῦτα
412 2608 458 2634 ἐπὶ
469 2608 595 2634 τοσοῦτον
609 2608 782 2644 ἁδιαφοροῦσι
793 2609 837 2635 τὸν
848 2609 901 2635 λοι-

111 2654 163 2679 πδν
190 2654 239 2689 τῆς
266 2654 371 2681 ἑαυτῶν
393 2654 465 2690 ζωῆς
491 2654 596 2690 χρόνον,
612 2654 650 2686 ὼς
674 2655 764 2681 πᾶσαν
787 2654 900 2681 ἀτοπίαν

111 2699 242 2734 πράττειν
264 2700 349 2731 ἀδεῶς
361 2709 368 2715 ·
387 2700 519 2735 μοιχείαις
532 2700 596 2736 γὰρ,
612 2701 658 2727 καὶ
672 2701 834 2735 ἀσελγείαις,
851 2710 901 2736 γα-

112 2747 318 2782 στριμαργίαις,
333 2745 381 2773 καὶ
396 2745 616 2782 ἁλληλογαμίαις,
632 2747 679 2774 καὶ
696 2747 862 2780 ἁπαξαπλῶς
871 2748 899 2774 ὲν

956 2291 1051 2318 catur;
1066 2285 1128 2320 quis
1144 2285 1180 2312 sit
1193 2283 1260 2310 ordo
1279 2283 1475 2310 monachorum
1489 2292 1497 2316 ;
1519 2283 1646 2319 quodque
1668 2283 1743 2312 lllSll-

955 2335 1052 2358 tutum.

993 2375 1052 2412 ςιι.
1073 2375 1255 2408 Renuntialio,
1271 2374 1318 2403 Gr.
1340 2375 1475 2411 ἀποταγή.
1497 2374 1627 2408 Quaenam
1646 2376 1682 2404 sit
1699 2385 1742 2405 re-

955 2423 1103 2450 nuntiatio.

990 2469 1166 2503 Quamobrem
1180 2468 1349 2496 multa.Nota
1363 2473 1458 2496 contra
1474 2467 1674 2504 Lampetianos,
1685 2469 1741 2497 sive

955 2515 1143 2547 Messalianos,
1161 2518 1207 2541 aut
1222 2515 1414 2550 Adelpliianos,
1429 2515 1470 2542 vel
1487 2515 1559 2550 quod
1575 2515 1645 2543 idem
1660 2516 1739 2547 valet,

954 2561 1118 2593 Marcianos,
1130 2561 1175 2596 qui
1192 2560 1301 2595 quidem
1316 2568 1376 2588 cum
1392 2561 1539 2588 triennium
1552 2563 1740 2588 tantummodo

954 2608 1058 2635 duriter
1076 2607 1101 2634 in
1117 2607 1314 2634 monachorum
1329 2607 1381 2634 vita
1394 2610 1632 2642 consumpserunt,
1645 2611 1739 2642 postea

952 2662 1000 2689 per
1013 2654 1146 2688 reliquum
1162 2654 1224 2680 vitae
1239 2661 1295 2680 sua:
1309 2657 1416 2688 tempus
1427 2653 1495 2680 adeo
1507 2655 1570 2680 sunt
1581 2652 1737 2682 dissimiles,

953 2705 983 2727 ut
1000 2701 1083 2727 libere
1096 2699 1188 2726 omnia
1204 2699 1306 2726 scelera
1322 2699 1467 2726 admittant
1484 2708 1490 2724 :
1507 2698 1535 2724 in
1550 2697 1651 2732 stupris
1665 2697 1738 2724 enim

952 2752 979 2774 et
992 2746 1162 2779 libidinibus,
1182 2745 1211 2772 in
1226 2745 1345 2781 ingluvie
1361 2749 1386 2772 et
1401 2745 1503 2771 nnuuis
1524 2742 1676 2774 adulteriis,
1695 2747 1736 2770 at-

573 2815 690 2844 VARUE
707 2815 898 2844 LECTIONES
915 2813 957 2842 ET
976 2812 1249 2842 CORRECTIONES.

156 2896 174 2913 '°
186 2895 312 2922 τελεῖται.

194 2945 330 2974 l‘nnot.
349 2943 408 2973 Gn.
427 2942 465 2972 ιν
