1914 3063
149 157 196 184 ΠΙ

567 155 734 184 ΑΡΡΕΝΒΙΧ
753 155 799 183 AD
814 154 930 183 OPERA
947 154 976 182 S.
995 153 1144 183 DlONYSll
1160 151 1400 182 AREOPAGITE.

1736 148 1791 176 171

149 224 203 253 que
225 220 280 242 uno
319 218 418 245 nomine
444 217 473 244 in
497 215 627 244 omnibus
651 215 761 250 ﬂagitiis
777 214 903 246 volutati.
919 222 948 242 se

1017 213 1101 245 τάσαις
1113 212 1244 244 ἀσωτίαις
1257 209 1502 246 ὲγκαλινδούμενοι,
1518 208 1553 235 τά
1574 207 1685 234 τοιαῦτα
1704 207 1792 243 πράτ-

151 261 286 299 ejusmodi
304 265 364 292 sine
374 265 514 299 voluptate
525 263 649 298 corporis
661 270 742 298 agere
757 261 826 290 falso
835 262 945 289 dicunt:

152 315 180 338 et
193 316 256 337 cum
276 312 336 340 sine
352 319 447 344 sensu,
463 311 558 338 morbo
574 309 789 345 perturbationis
815 316 846 336 ac
870 308 948 336 volu-

155 355 239 391 ptalls
255 357 429 388 aluictentur,
447 364 478 383 ac
491 356 551 383 sine
564 355 659 382 dolore
672 361 687 381 a
703 354 800 389 seipsis
815 358 897 389 atque
915 353 949 380 ab

143 403 191 441 [iis
207 405 254 441 qui
268 412 316 432 e05
334 404 487 432 inhabitant
502 402 672 429 daemonibus
690 401 840 437 patiantur,
858 405 950 428 tamen

147 457 234 479 ‘more
248 459 343 479 eorum
355 450 402 485 qui
418 449 543 485 phrenesi
555 448 692 480 laborant,
705 447 833 474 lzetantur
846 447 947 482 potius,

142 487 186 526 1et
200 506 254 526 non
269 505 340 533 aegre
355 497 455 524 ferunt.

195 542 341 571 Interdicta
359 547 430 569 sunt.
450 540 518 568 Nota
537 541 622 568 multa
639 540 782 568 monachis
803 539 950 567 interdicta

158 597 230 621 esse,
247 597 308 625 qua
325 589 402 616 laicis
418 588 528 622 impune
544 587 606 614 licet
618 587 725 614 facere:
740 590 770 614 ut
779 586 949 621 conjugium,

159 639 187 663 et
202 636 230 663 in
248 635 345 663 militia
360 637 570 668 mercaturaque
582 632 699 666 versari,
714 635 742 660 et
761 632 790 659 in
815 631 877 659 aliis
891 638 951 667 qua‘.

160 682 230 709 laico
246 688 300 709 non
315 680 416 708 dantur
430 679 550 707 crimini.

195 772 251 808 84
270 771 338 808 §ll|.
362 772 480 798 Tomura
491 768 658 804 capillorum.
680 767 810 801 Quaznam
822 771 894 794 esset
904 765 951 794 de-

161 820 264 848 tonsio.

199 866 213 902 ς
230 865 273 893 IV.
295 865 398 892 Priori:
412 868 510 891 autem.
531 862 603 896 Quid
616 865 722 889 mutare
736 860 797 894 eius
811 863 924 887 vestem.

200 957 214 992 ᾗ
230 955 264 984 ν.
285 955 320 982 Et
334 962 433 982 omnes.
454 952 524 986 Quid
542 951 680 979 salutatio.

198 1002 239 1028 Αιί
262 1001 423 1036 ρνωεὶριιαηι
448 999 522 1026 illam
546 998 602 1025 Dei.
623 997 679 1025 Cur
693 996 785 1024 statim
799 995 952 1023 communi-

163 1052 237 1077 cent.

198 1094 240 1122 Ad
249 1093 470 1122 communionem.
490 1091 547 1119 Cur
570 1091 589 1118 ii
609 1090 657 1126 qui
671 1088 844 1121 ordinantur,
861 1087 954 1115 statim

163 1141 378 1169 communicent.

199 1186 356 1215 Communia
367 1184 492 1212 traditur.
513 1183 615 1211 Omnes
637 1181 710 1209 enim
731 1188 818 1216 aeque,
834 1184 896 1215 post
910 1187 956 1207 or-

165 1234 344 1264 dinationem,
365 1232 466 1259 divinis
493 1230 641 1266 dignantur
665 1228 814 1264 mysteriis,
838 1227 865 1255 id
882 1227 955 1263 quod

166 1288 228 1308 cum
247 1279 301 1306 Deo
317 1278 528 1305 familiaritatem
541 1277 725 1310 unionemque
736 1274 866 1302 declarat.

203 1326 383 1357 Initiaﬁones.
405 1324 538 1359 purgatio.
560 1322 631 1356 Quid
658 1321 827 1349 initiationes
853 1319 957 1356 signiﬁ—

167 1377 241 1402 cent.

204 1419 288 1448 ()rdo.
309 1418 367 1446 lloc
389 1417 471 1446 etiam
497 1418 524 1444 in
542 1417 604 1444 loco
627 1415 736 1451 planius
755 1414 849 1443 docuit
867 1413 956 1446 Pater,

168 1467 214 1502 qui
241 1467 297 1494 sint
324 1465 482 1501 superiores
509 1464 633 1496 ordines,
649 1469 767 1498 quorum
786 1469 868 1497 supra
894 1460 960 1489 fecit

169 1514 348 1541 mentionem.

997 269 1054 287 τειν
1078 259 1191 291 ἀπαθῶς
1206 258 1413 294 τερατεύονται·
1432 256 1480 283 καὶ
1497 254 1667 290 ἀναισθήτως
1680 252 1788 280 νοσοῦν-

997 315 1043 338 τες
1064 306 1114 342 τὴν
1137 305 1301 341 ὲμπάθειαν,
1315 304 1363 331 καὶ
1385 302 1543 338 ἀναλγήτως
1559 302 1603 336 ὐφ’
1618 300 1722 328 ἑαυτῶν
1738 300 1788 327 πά-

1000 360 1119 387 σχοντες,
1136 352 1183 378 καὶ
1199 351 1253 377 τῶν
1271 351 1300 377 ἐν
1315 350 1408 381 αὐτοῖς
1422 348 1567 375 οἰκούντων
1582 347 1725 383 δαιμόνων,
1738 346 1794 373 ὤσ-

1000 407 1053 434 περ
1068 398 1093 424 οί
1111 396 1243 432 φρενίτιδι
1261 395 1439 431 κατεχόμενοι
1455 393 1536 428 νόσῳ,
1552 392 1712 427 ἀγάλλονται
1728 391 1792 427 μᾶλ-

1000 443 1045 470 λον
1059 444 1107 470 καὶ
1123 444 1173 470 οὐκ
1187 441 1329 470 ἀνιῶνται.

1035 533 1078 570 [γ]
1106 533 1285 567 Ἀπείρηται.
1305 531 1461 568 Σημείωσαι
1481 531 1522 557 ὃτι
1536 530 1621 557 πολλὰ
1636 529 1794 556 κωλύεταιό

1002 581 1116 617 μοναχὸς
1130 577 1271 611 ποιεῖν,ῶν
1281 580 1306 606 οι
1321 579 1409 606 λαῖκοὶ
1420 579 1470 614 τὴν
1485 577 1635 613 ἐπιτροπὴν
1650 576 1698 603 καὶ
1718 575 1795 609 ἐξου-

1002 628 1062 655 σίαν
1075 628 1198 663 ἔχουσιν·
1215 624 1271 653 οἷον
1284 627 1298 653 ὁ
1314 625 1413 661 γάμος,
1429 625 1475 652 καὶ
1488 624 1520 651 τὸ
1540 624 1694 659 στρατείαις
1710 623 1727 658 ἦ
1743 623 1795 658 εμ-

1002 674 1111 711 πορίαις
1125 673 1240 710 ὁμιλεῖν,
1260 672 1309 700 καὶ
1329 672 1442 708 ἑτέροις,
1462 672 1490 698 ὲν
1506 668 1547 703 οἷς
1564 672 1579 698 ὁ
1593 670 1686 702 tam;
1699 670 1730 696 οὐ
1745 678 1798 696 κα-

1003 720 1172 757 τακρίνεται.

1037 767 1051 804 §
1066 768 1112 794 Ill.
1136 765 1246 801 Τριχῶν
1258 765 1435 800 ἀπόκαρσις.
1456 764 1505 796 Τίς
1519 764 1537 799 ἡ
1551 763 1712 798 ἀπόκαρσις.

1038 855 1052 892 §
1065 855 1110 884 IV.
1129 855 1160 883 Ἠ
1171 854 1206 882 δὲ
1219 854 1274 889 τῆς
1285 853 1438 888 προτέρας.
1459 852 1492 879 Τί
1508 852 1539 879 τὸ
1556 851 1750 888 μεταλλάσσειν
1760 850 1795 866 δ”

970 894 993 923 Β
1004 903 1053 939 τὴν
1066 902 1167 938 ἐσθῆτα
1181 901 1275 929 αὐτοῦ.

1038 948 1051 984 §
1067 947 1098 975 V.
1112 948 1168 975 Kal
1182 947 1301 980 πάντες.
1322 946 1355 974 Τί
1367 948 1382 974 ὁ
1395 946 1549 982 ἀσπασμός.

1038 1006 1060 1022 δι
1082 1005 1143 1032 Ἐπὶ
1160 1005 1216 1040 τὴν
1232 1003 1400 1040 θεαρχικήν.
1417 1003 1450 1030 Τί
1459 1004 1488 1030 τὸ
1502 1003 1582 1035 εὐθὺς
1596 1003 1744 1030 κοινωνεῖν.

1046 1099 1109 1126 Ἐπί
1126 1098 1184 1133 τὴν
1194 1098 1375 1134 μετάληψιν.
1396 1097 1446 1125 Διά
1470 1097 1496 1124 τί
1520 1097 1545 1124 οί
1565 1095 1798 1133 χειροτονούμενοι

947 1149 950 1151 ’
1005 1147 1106 1178 εὐθέως
1120 1145 1290 1174 κοινωνοῦσι.

1040 1191 1236 1219 Μεταδίδοται
1252 1192 1337 1226 πρός.
1358 1190 1463 1222 Πάντες
1478 1190 1532 1227 γάρ
1552 1190 1652 1226 ὁμοίως
1667 1189 1736 1226 μετὰ
1750 1189 1798 1224 τὴν

1006 1238 1172 1275 χειροτονίαν
1193 1237 1247 1264 τῶν
1271 1237 1350 1265 θείων
1373 1236 1510 1270 ἀξιοῦνται
1535 1237 1707 1272 μυστηρίων,
1731 1236 1798 1272 ὅπερ

1007 1285 1133 1321 ἐμφαίνει
1145 1285 1194 1320 τὴν
1208 1285 1277 1320 πρὸς
1287 1284 1353 1310 Θεὸν
1367 1283 1521 1319 οἰκειότητά
1534 1292 1564 1309 τε
1579 1283 1625 1309 καὶ
1636 1282 1744 1309 ἕνωσιν.

1047 1331 1174 1364 Telam),
1190 1330 1344 1364 κάθαρσις.
1365 1329 1397 1356 Τί
1412 1330 1440 1356 at
1455 1328 1561 1355 τελεταὶ
1576 1328 1695 1364 δηλοῦσι.

1048 1421 1142 1455 Τάεις.
1170 1421 1234 1448 Ἰδοὺ
1257 1421 1304 1447 καὶ
1325 1420 1443 1448 ἐνταῦθα
1466 1421 1630 1457 σαφέστερον
1651 1420 1768 1454 ἐδίδαξεν
1786 1422 1800 1447 ὁ

1009 1469 1116 1505 Πατὴρ.
1131 1468 1203 1500 τίνες
1225 1468 1253 1494 αἱ
1274 1467 1488 1503 ὑπερϐεϐηκυῖαι
1507 1467 1608 1501 τάξεις,
1620 1463 1658 1494 ὧν
1673 1467 1801 1503 ἀνωτέρω

1011 1514 1143 1550 ἐμνήσθη.

205 1557 278 1595 ενι.
300 1558 351 1586 Sed
364 1557 480 1592 objicies.
501 1555 561 1584 Non
582 1563 644 1584 esse
669 1555 697 1583 in
721 1555 792 1583 caelo
804 1554 850 1590 qui
866 1554 959 1589 expie-

1045 1562 1059 1597 ᾗ
1074 1561 1118 1588 Vl.
1147 1562 1222 1589 Ἀλλ’
1236 1562 1313 1596 ἐρεῖς
1326 1561 1379 1589 ὅτι.
1402 1561 1481 1598 [Καὶ]
1495 1563 1536 1589 ὅτι
1550 1563 1600 1590 οὐκ
1614 1562 1687 1589 ἔστιν
1705 1563 1734 1590 ἐν
1753 1562 1797 1589 οὐ-

169 1609 215 1633 tur
231 1615 237 1633 :
253 1609 280 1633 et
293 1604 327 1632 de
341 1604 457 1639 angelis.

205 1651 341 1679 Cwlestem
352 1650 516 1686 quampiam.
536 1648 605 1676 Nota
621 1656 675 1675 non
691 1655 752 1676 esse
772 1647 855 1674 ullam
872 1646 959 1674 labem

169 1698 197 1726 in
212 1706 309 1734 quavrs
327 1701 488 1725 naturarum
505 1695 669 1726 cmlestium,
685 1694 756 1730 quod
774 1699 851 1729 putat
865 1693 962 1728 Orige-

171 1753 231 1775 nes,
244 1748 326 1779 atque
348 1744 366 1770 ii
389 1743 435 1778 qui
451 1747 515 1771 sunt
529 1742 556 1770 in
568 1741 662 1770 eadem
677 1741 822 1774 sententia,
839 1740 961 1768 dicentes

171 1792 245 1826 quod
266 1791 344 1824 juxta
369 1789 572 1824 proportionem
594 1788 757 1820 aversionis.
773 1787 962 1822 unusquisque

171 1837 325 1864 cmlestium
341 1836 478 1868 ordinum,
494 1836 576 1863 talem
603 1835 814 1870 appellationem
839 1838 866 1862 et
887 1833 961 1861 ordi—

173 1891 234 1911 nem
254 1882 377 1914 sortitus,
394 1887 421 1909 et
436 1881 599 1917 corporibus
617 1881 745 1916 alligatus
771 1881 807 1907 sit
827 1879 962 1907 tenuiori-

173 1929 226 1957 bus
242 1928 270 1955 in
285 1928 494 1962 castigationem
511 1934 567 1954 sua).
583 1925 616 1953 ad
635 1926 771 1953 deteriora
789 1926 940 1954 aversionis
954 1936 962 1959 ;

174 1975 222 2003 sed
240 1974 408 2003 sanctissimi
431 1977 496 2001 sunt
519 1972 642 2008 profecto
657 1977 683 2000 et
698 1973 824 2009 corporis
838 1979 964 2009 expertes

174 2026 292 2055 mentes,
315 2021 387 2050 sicut
409 2021 545 2056 principio
568 2019 653 2047 creati
676 2024 750 2047 sunt.
767 2019 845 2052 Quod
873 2024 963 2047 autem

174 2075 315 2104 corporeae
336 2068 392 2096 sint
406 2067 535 2095 cmlestes
550 2066 676 2098 virtutes,
695 2066 860 2094 excellenter
876 2067 965 2102 legisti

175 2116 203 2143 in
220 2114 414 2144 anterioribus.
432 2113 528 2141 Aliter.
543 2112 643 2141 Verum
660 2114 735 2141 nulla
752 2121 830 2141 mens
845 2113 965 2141 caelestis

175 2164 239 2196 post
253 2160 406 2188 daemonum
423 2159 564 2194 delapsum
590 2167 711 2194 unquam
737 2160 763 2187 in
785 2165 895 2194 peccato
918 2160 966 2187 de-

175 2208 313 2244 prehensa
327 2211 387 2240 est;
404 2207 456 2234 hoc
469 2206 541 2234 enim
558 2213 647 2240 neque
662 2213 695 2233 ex
709 2205 802 2233 divina
825 2205 966 2241 Scriptura

1012 1607 1084 1643 ρανῷ
1096 1608 1301 1644 καθαιρόμενος-
1317 1609 1363 1635 καὶ
1378 1609 1442 1644 περὶ
1453 1608 1586 1643 ἀγγέλων.

1048 1654 1131 1680 Ἔστι
1146 1663 1190 1687 τις
1205 1654 1338 1688 οὐρανία.
1359 1654 1515 1689 Σημείωσαι
1540 1655 1581 1681 ὅτι
1604 1654 1716 1690 οὐδεμία
1727 1654 1800 1691 λώὸη

1010 1699 1138 1734 τυγχάνει
1155 1698 1182 1726 ἓν
1203 1707 1255 1726 τινι
1278 1699 1331 1725 τῶν
1353 1699 1487 1735 οὐρανίων
1505 1699 1655 1735 δυνάμεων,
1671 1700 1685 1726 ὃ
1697 1699 1802 1734 δοξάζει

1019 1745 1168 1782 Ὠριγένης,
1185 1745 1232 1772 καὶ
1247 1745 1272 1772 οἱ
1288 1745 1323 1772 τὰ
1342 1746 1437 1772 τούτου
1453 1745 1624 1781 φρονοῦντες,
1643 1745 1801 1780 φάσκοντες,

1011 1792 1052 1819 ὃτι
1063 1791 1134 1819 κατά
1148 1792 1197 1828 τὴν
1212 1792 1356 1827 ἀναλογίαν
1369 1792 1418 1828 τῆς
1432 1792 1612 1828 παρατροπῆς
1621 1791 1735 1818 ἕκαστον
1747 1791 1803 1818 τῶν

1012 1838 1147 1874 οὐρανίων
1162 1838 1309 1873 ταγμάτων
1327 1838 1376 1874 τὴν
1392 1838 1496 1864 τοιάνδε
1516 1839 1564 1864 καὶ
1588 1838 1734 1873 ὀνομασίαν
1756 1837 1803 1864 καὶ

989 1913 994 1917 ,
1012 1884 1088 1916 τάξιν
1103 1883 1287 1920 ἐκληρώσατο,
1304 1885 1351 1911 καὶ
1368 1883 1490 1919 σώμασιν
1507 1882 1665 1919 ὲνεδέθησαν
1678 1882 1811 1910 λεπτοτέ-

1014 1939 1082 1966 ροις,
1096 1931 1136 1962 εἰς
1151 1930 1274 1957 παιδείαν
1289 1930 1337 1965 τῆς
1352 1929 1455 1956 ἑαυτῶν
1466 1929 1511 1955 ἐπὶ
1521 1929 1551 1955 τὺ
1562 1930 1652 1964 χεῖρον
1664 1937 1804 1964 παρατρο-

1014 1977 1082 2013 πῆς·
1108 1976 1177 2004 ἀλλὰ
1206 1975 1338 2010 πάναγνοί
1365 1977 1416 2002 εισι
1442 1975 1564 2011 δηλονότι
1592 1975 1639 2002 καὶ
1663 1975 1805 2011 ἀσώματοι

1014 2023 1086 2055 νόες,
1117 2023 1156 2055 ὡς
1179 2022 1209 2055 ἐξ
1230 2022 1318 2058 ἀρχῆς
1339 2021 1512 2058 ἐκτίσθησαν·
1542 2022 1582 2049 ὅτι
1607 2022 1635 2049 δὲ
1663 2022 1804 2058 ἀσώματοι

1015 2070 1083 2096 εἰσιν
1113 2069 1142 2096 αἱ
1173 2068 1297 2104 οὐράνιαι
1327 2068 1474 2104 δυνάμεις,
1505 2068 1641 2104 διαφόρως
1665 2068 1750 2103 ἔγνως
1774 2070 1803 2095 ὲν

1015 2117 1071 2146 τοῖς
1097 2114 1259 2150 ἔμπροσθεν.
1288 2114 1400 2146 Ἀλλως.
1439 2114 1507 2141 Ἀλλ’
1537 2115 1624 2146 οὐδεὶς
1642 2115 1730 2142 αὐτῶν
1749 2116 1804 2142 τῶν

1015 2161 1148 2197 οὐρανίων
1172 2161 1239 2187 νοῶν
1264 2160 1334 2196 μετὰ
1358 2161 1408 2197 τὴν
1429 2161 1483 2188 τῶν
1501 2161 1635 2197 δαιμόνων
1649 2162 1806 2189 ἀπόπτωσιν

1017 2207 1088 2234 ἑάλω
1109 2207 1188 2234 ποτέ·
1202 2207 1281 2233 τοῦτο
1296 2207 1350 2243 γὰρ
1364 2207 1425 2234 οὐδὲ
1442 2207 1517 2243 παρά
1537 2207 1586 2243 τῆς
1607 2207 1682 2240 θείας
1695 2208 1806 2244 Γραφῆς

176 2255 367 2289 cognovimus,
383 2261 471 2288 neque.
493 2252 593 2288 aliquis
607 2260 639 2280 ex
655 2251 814 2287 theosophis
837 2251 959 2279 Patribus

1017 2253 1149 2288 ἔγνωμεν,
1172 2253 1231 2279 οὐδέ
1254 2262 1296 2285 τις
1318 2253 1371 2280 τῶν
1398 2253 1534 2288 Θεοσόφων
1556 2253 1649 2289 εἴρηκε
1665 2255 1804 2290 Πατέρων.

176 2300 256 2328 dixit.
283 2299 333 2327 Hic
362 2303 452 2327 autem
484 2303 597 2327 sanctus
624 2298 667 2325 vir
690 2305 737 2333 per
759 2298 965 2326 concessionem

177 2346 229 2373 hoc
247 2346 336 2381 ipsum
353 2345 401 2377 ait,
417 2349 446 2372 ut
460 2345 560 2380 aliquis
577 2345 688 2376 dixerit,
706 2344 898 2372 sanctissimos
909 2343 966 2378 qui-

177 2391 239 2418 dem
254 2399 302 2419 eos
315 2399 386 2423 esse,
401 2395 428 2418 et
442 2391 573 2426 integros,
590 2399 641 2418 nec
655 2391 818 2426 expiationis
835 2391 966 2426 indigere;

177 2438 225 2464 sed
247 2437 271 2464 si
295 2436 391 2465 demus
408 2437 434 2464 in
450 2437 541 2472 aliquo
559 2445 653 2465 eorum
673 2437 761 2465 Ialiem
777 2436 872 2468 fuisse,
888 2437 968 2472 plane

179 2484 214 2511 ad
230 2484 383 2510 contrarias
398 2484 514 2512 virtutes
530 2492 559 2511 se
574 2483 742 2515 conferebat,
759 2487 788 2511 ut
803 2483 914 2518 reliquae.
927 2483 967 2510 si-

179 2538 214 2557 ne
235 2529 295 2557 labe
311 2529 406 2556 codem
422 2529 503 2556 modo
518 2530 646 2562 habeant,
660 2535 687 2557 et
702 2530 829 2558 simililer
843 2538 898 2558 non
922 2530 966 2557 in-

179 2577 291 2611 digeant
304 2575 477 2610 expiationis.
491 2575 579 2610 Atque
600 2576 626 2603 id
646 2577 683 2603 ita
696 2581 758 2604 esse
772 2577 852 2611 plane
862 2576 966 2604 docuit.

180 2621 249 2649 Cum
265 2621 338 2648 enim
352 2620 384 2646 ad
408 2620 433 2647 ἱιι
449 2620 522 2655 quod
538 2621 673 2655 objectqu
689 2626 759 2653 erat,
776 2622 802 2648 id
813 2611 891 2656 quod
905 2630 968 2650 scn-

181 2667 276 2698 tiebat,
297 2670 380 2702 utque
400 2670 469 2698 erat,
489 2666 685 2701 respondisset,
701 2667 820 2702 subjecit
837 2667 902 2695 illud
918 2668 968 2696 :Si

180 2714 238 2748 quis
263 2713 348 2746 enim;
373 2721 433 2748 pro,
449 2713 522 2748 quod
546 2713 569 2741 si
591 2713 653 2748 quis
677 2713 759 2741 etiam
784 2714 829 2742 det
852 2715 969 2750 aliquem

1019 2297 1103 2330 Οὗτος
1123 2299 1151 2326 δὲ
1170 2299 1185 2325 6
1205 2298 1281 2333 ἅγιος
1300 2299 1371 2326 κατὰ
1391 2299 1562 2335 συγχώρησιν
1581 2300 1647 2326 αὐτό
1664 2308 1754 2335 φησιν,
1768 2300 1806 2332 ὡς

1019 2344 1052 2372 ἃν
1063 2345 1134 2372 εἴποι
1148 2353 1200 2377 τις,
1216 2345 1257 2371 ὃτι
1269 2345 1400 2380 πάναγνοι
1418 2345 1467 2381 μέν
1482 2346 1534 2372 εἰσι
1547 2346 1594 2373 καὶ
1609 2345 1807 2382 ἁλώδητοι,καὶ

1019 2391 1050 2418 οὐ
1063 2391 1167 2417 δέονται
1182 2390 1353 2428 καθάρσεως·
1369 2390 1448 2427 πλὴν,
1465 2392 1489 2417 εί
1510 2391 1557 2418 καὶ
1580 2391 1690 2427 δοίημεν
1712 2391 1740 2418 ἐν
1753 2399 1804 2417 τινι

1019 2436 1093 2473 λώὸῃ
1105 2437 1126 2452 δ’
1145 2436 1269 2470 γενέσθαι
1291 2436 1380 2463 αὐτῶν
1403 2445 1474 2468 τινα,
1489 2436 1597 2468 πάντως
1611 2438 1651 2468 είς
1668 2436 1717 2468 τὰς
1732 2437 1807 2463 ἐναν-

1020 2483 1079 2514 τίας
1094 2482 1190 2518 ἐχώρει
1211 2483 1339 2519 δυνάμεις
1349 2492 1355 2498 ·
1371 2483 1441 2510 ὥστε
1455 2483 1504 2515 τὰς
1515 2482 1611 2514 λοιπὰς
1627 2482 1657 2509 τὸ
1670 2482 1807 2518 άλὼϐητον

1019 2529 1150 2561 ὡσαύτως
1168 2529 1249 2565 ἔχειν,
1272 2531 1319 2557 καὶ
1337 2530 1436 2566 ὁμοίως
1459 2530 1495 2566 μὴ
1515 2529 1617 2556 δεῖσθαι
1638 2529 1806 2564 καθάρσεως.

1021 2577 1075 2603 Καὶ
1089 2577 1129 2602 ὃτι
1144 2575 1223 2602 τοῦτό
1243 2576 1311 2608 ἐστι,
1330 2576 1422 2611 σαφῶς
1441 2575 1555 2608 ἔδειξεν·
1572 2575 1655 2602 είπὼν
1669 2574 1723 2609 γὰρ
1740 2575 1807 2610 πρὸς

1022 2623 1070 2658 τὴν
1086 2622 1220 2649 ἀντίθεσιν
1233 2623 1282 2658 τὴν
1299 2623 1367 2649 ίδίαν
1383 2621 1494 2658 γνώμην
1513 2623 1559 2650 καὶ
1571 2621 1668 2657 ἀληθῆ,
1684 2621 1807 2656 ἐπήγαγε

1020 2669 1062 2698 τὸ,
1077 2669 1111 2696 El
1125 2668 1181 2703 γάρ
1197 2677 1250 2702 τις,
1266 2669 1326 2696 ἀντὶ
1341 2669 1398 2700 τοῦ,
1414 2669 1438 2694 εί
1453 2668 1480 2695 δὲ
1494 2669 1540 2695 καί
1553 2677 1595 2699 τις
1607 2668 1666 2703 δοίη
1678 2666 1739 2693 τινὰ
1753 2675 1806 2692 πα-

1025 2715 1207 2751 ρατραπῆναι.
1216 2716 1263 2743 τοῦ
1279 2715 1360 2751 χοροῦ
1372 2716 1474 2743 τούτων
1487 2715 1615 2748 ἐξέπεσεν
1626 2714 1659 2746 ⁸³,
1672 2714 1741 2750 ὅπερ
1753 2713 1808 2749 ἐγὼ

638 2783 756 2811 VARI/ﬁ
776 2783 969 2812 LECTIONES
985 2784 1029 2812 ET
1048 2784 1329 2813 CORRECTIONES.

223 2852 256 2888 ὀξ
268 2853 449 2888 νμεταδὰλλειν
466 2853 511 2880 καὶ
529 2853 732 2888 μεταλλάσσιιν.
767 2854 787 2869 δ’
805 2852 906 2881 Horum
925 2861 957 2882 ve

1017 2861 1072 2882 rum
1094 2854 1167 2881 nulla
1197 2857 1286 2882 exstat
1308 2852 1496 2888 interpretatio
1524 2851 1596 2888 apud
1621 2850 1803 2879 Lansselium.

185 2888 207 2904 δ’
222 2887 320 2922 λώϐην.
364 2889 386 2905 ⁵³
402 2887 586 2916 ἐκπέπτωκεν.
