1914 3063
170 160 225 189 173

539 155 567 182 S.
587 153 709 182 MAXIM!
727 152 871 182 SCHOLIA
887 153 921 181 ΙΝ
939 152 1002 181 LIB.
1023 151 1067 180 DE
1083 150 1223 180 ECCLES.
1239 151 1424 181 HIERARCH.

1731 155 1780 184 ιη

169 218 202 244 οὐ
224 216 306 250 λέγω,
319 215 411 251 φησὶν.
426 213 493 240 ἀλλὰ
510 212 673 243 τούναντίον,
688 212 729 237 ὅτι
745 210 876 244 πάναγνοι
895 210 954 236 δια-

1011 215 1131 235 aversum
1144 207 1238 239 fuisse,
1254 209 1278 237 is
1292 212 1366 237 certe
1389 217 1423 237 ex
1447 209 1543 238 horum
1567 211 1650 239 choro
1664 212 1782 247 decidit;

171 263 298 298 μένουσιν
313 261 407 293 εἰσαεὶ,
419 260 479 287 ἐπεὶ
493 259 636 292 ἐκπέσοιμι
650 256 697 283 τοῦ
713 254 891 285 καθεστῶτος.
907 252 953 288 Μὴ

171 307 218 334 οὖν
240 316 281 339 τις
307 306 361 333 τῶν
394 304 546 340 Ὠριγένους
564 301 670 337 μυστῶν
689 300 786 327 οἰέσθω
816 298 847 325 τὸ
867 298 953 333 παρὸν

173 353 254 389 ῥητὸν
268 353 426 387 συνηγορεῖν
437 352 469 385 τῇ
486 349 641 382 κακοπὶστῳ
657 345 738 373 αὑτοῦ
749 345 821 380 δόξῃ,
831 343 952 378 φάσκων,

172 388 213 426 ὅτι
232 399 275 425 ἀεὶ
297 398 399 429 πτῶσις
420 397 466 423 καὶ
483 394 632 425 ὰνάκλισις,
649 393 696 419 καὶ
712 391 882 427 μετάπτωσις
899 388 953 415 τῶν

173 446 304 481 οὐρανίων
327 444 429 478 γίνεται
445 442 522 472 νοῶν,
537 440 574 472 ὥς
589 448 670 475 φησιν
690 437 828 473 Ὠριγένης
854 436 901 471 μὲν
925 435 953 481 ev

173 480 213 526 τῷ
226 490 294 523 Περὶ
309 488 406 523 ἀρχῶν
420 487 517 523 πρώτῳ
530 486 610 521 λόγῳ,
626 483 710 515 οὕτως
719 492 725 498 ·
745 493 754 508 ι
766 484 794 508 '0
807 482 896 508 τοίνυν
910 480 954 506 λό-

174 546 232 571 γος,
250 534 335 571 οἶμαι,
354 535 472 561 δείκνυσι
498 534 560 564 πᾶς,
578 532 631 558 πᾶν
656 531 670 557 ὂ
695 539 722 556 τι
747 528 811 554 ποτὲ
834 526 951 560 λογικὸν,

175 583 229 609 ἀπὸ
245 581 343 612 παντὸς
358 579 509 606 οὑτινοσοῦν
521 577 629 612 λογικοῦ
642 575 769 602 δύνασθαι
783 572 907 608 γενέσθαι
920 581 926 587 ·
941 581 950 597 ›

174 629 223 656 καὶ
235 629 302 664 μετὰ
319 627 421 662 βραχέα
434 625 528 659 ἐπάγει
543 624 628 657 λέγων
638 631 644 637 -
664 632 672 647 ι
683 621 759 649 Μετὰ
780 621 810 646 τὺ
825 620 870 645 ἐπὶ
887 620 953 645 πᾶσι

174 674 261 705 τέλος,
276 673 355 700 πάλιν
370 671 532 707 ἀπὸρρευσις
552 670 598 697 καὶ
620 669 791 698 κατάπτωσις
809 666 922 700 γίνεται.
942 674 951 689 ι

176 721 308 756 Εὐάγριος
322 719 350 745 δὲ
364 719 392 744 ὲν
408 718 446 752 τῷ
459 715 648 751 ἑϐδομηκοστῴ
664 713 748 748 ὀγδόῳ
763 712 813 746 τῆς
826 710 954 756 δευτέρας

177 764 350 795 ὲκατοντάδος
361 762 499 797 κεφαλαίῳ
512 760 582 787 οὕτω
592 759 671 795 φησίν
680 767 686 774 ⁵
702 768 710 783 ι
718 759 850 784 ’Έκαστον
863 755 954 789 τάγμα

175 810 230 837 τῶν
246 809 377 844 οὐρανίων
391 807 539 842 δυνάμεων,
555 806 571 842 ἢ
585 806 644 832 ὅλον
658 805 690 830 ὲκ
702 804 754 830 τῶν
770 802 854 834 κάτω,
869 801 884 837 ἢ
896 801 954 827 ὅλον

177 857 210 882 ὲκ
223 855 275 882 τῶν
288 855 352 885 ἄνω,
363 854 379 889 ἦ
392 854 423 880 ὲκ
436 853 489 879 τῶν
506 852 561 879 ἀνω
573 851 620 878 καλ⁴
634 852 665 877 ἐκ
676 850 728 876 τῶν
740 849 814 875 κάτω
827 847 955 882 συνέστη-

1005 254 1076 288 quod
1091 254 1260 299 quidemeae
1274 262 1329 282 non
1343 255 1415 288 dico,
1432 256 1530 292 inquit.
1545 258 1592 285 sed
1604 261 1783 294 contrarium,

1004 307 1111 334 nempe,
1125 307 1172 328 eos
1190 301 1378 330 sanctissimos
1392 310 1498 337 semper
1511 311 1682 338 permanere;
1697 314 1780 340 quan-

1005 346 1148 380 doquidem
1165 346 1316 374 aberrarem
1332 355 1347 374 a
1357 349 1508 382 supposito.
1524 348 1563 376 Ne
1575 350 1636 384 quis
1647 359 1711 385 ergo
1723 351 1783 378 Ori-

1004 392 1080 426 genis
1095 391 1290 427 discipulorum
1306 398 1382 428 putet
1402 394 1458 421 haec
1473 395 1555 421 verba
1576 396 1635 430 ejus
1650 397 1704 432 85
1720 406 1782 432 per—

1004 445 1088 465 versae
1111 438 1172 465 ﬁdei
1195 439 1355 466 sententiam
1380 440 1533 472 defendere,
1549 441 1652 474 dicens,
1678 450 1783 478 semper

1005 490 1124 515 causam,
1142 488 1168 510 et
1192 483 1409 515 declinationem,
1422 486 1650 521 mutationemque
1661 487 1717 515 ﬁeri
1728 496 1782 516 cu:-

1005 528 1110 556 lestium
1125 530 1264 561 mentium,
1277 535 1305 557 ιιι
1319 531 1384 557 dicit
1397 530 1527 566 Origenes
1539 533 1646 567 quidem
1657 534 1684 560 in
1697 535 1782 569 primo

1004 574 1073 602 libro
1086 574 1124 601 De
1134 576 1278 609 principiis.
1290 576 1339 603 hoc
1349 576 1430 604 modo
1442 587 1448 604 :
1463 587 1472 603 ι
1486 577 1578 606 Omnis
1589 587 1663 614 ergo,
1675 584 1704 606 ut
1714 581 1783 608 arbi—

1004 624 1071 650 tror.
1089 621 1159 647 ratio
1172 621 1261 652 docet,
1277 629 1356 649 omne
1371 622 1441 656 quod
1458 624 1569 651 rationis
1580 629 1622 651 cst
1635 626 1780 661 particeps,

1005 665 1039 692 ah
1060 666 1133 692 omni
1151 667 1223 700 quod
1246 667 1377 694 rationem
1404 668 1512 700 habeat,
1529 677 1609 702 posse
1633 671 1708 698 oriri.
1721 680 1730 696 ι
1751 671 1781 698 Et

1006 712 1085 745 paulo
1100 711 1170 738 infra
1188 712 1297 739 adducit
1316 713 1372 740 haec
1391 714 1472 741 verba
1490 724 1496 741 :
1515 724 1524 740 ‹
1538 714 1602 742 Post
1625 715 1704 743 tinent
1723 724 1781 744 om-

1005 757 1091 789 nium,
1108 766 1204 785 rursus
1217 758 1330 786 eﬁluxus
1345 763 1371 786 et
1386 767 1466 786 casus
1483 761 1600 788 exsistit.
1615 770 1625 786 ι
1652 761 1780 797 Evagrius

1005 806 1096 829 autem
1112 802 1139 829 in
1155 804 1353 838 septuagesimo
1367 808 1464 830 octavo
1476 805 1563 839 capite
1579 807 1704 834 secunda:
1717 815 1781 834 cen-

1005 849 1094 880 turiae,
1109 849 1149 875 sic
1161 848 1226 875 dicit
1245 859 1252 876 :
1271 857 1280 874 ι
1294 848 1486 884 Unusquisque
1499 851 1566 877 ordo
1580 851 1708 878 virtutum
1725 859 1784 880 οων

176 909 220 928 κε.
240 910 249 926 ›
267 901 321 927 Καὶ
333 901 362 926 ὲν
429 898 458 925 ιθ¹
483 898 532 933 τῆς
548 900 567 923 ε’
584 895 758 926 ἑκατοντάδος
774 894 845 928 λέγει
860 892 954 923 οὕτως·

1011 894 1124 925 lcstium.
1141 897 1189 920 aut
1206 897 1279 923 totus
1294 903 1326 922 ex
1343 894 1526 928 inferioribus,
1544 901 1590 924 aut
1604 901 1677 924 totus
1691 905 1723 926 cx
1734 906 1781 926 su-

179 955 190 972 ‹
211 946 255 979 Ἐξ
269 945 413 980 ἁγγελικῆς
425 944 614 974 καταστάσεως
628 943 674 968 καὶ
688 939 894 977 ἀρχαγγελικῆς,
907 938 957 972 ψυ-

179 993 244 1028 χικὴ
259 992 421 1022 κατάστασις
435 990 552 1024 γίνεταισ
570 990 602 1015 ὲκ
616 988 643 1014 δὲ
662 987 710 1022 τῆς
727 986 851 1021 ψυχικῆς,
863 984 956 1018 δαιμο-

177 1039 276 1074 νιώδης
290 1038 335 1064 καὶ
348 1036 502 1072 ἀνθρωπίνη
511 1044 517 1049 θ
533 1036 565 1062 ἐκ
579 1035 607 1061 δὲ
617 1034 666 1069 τῆς
679 1032 857 1068 ἀνθρωπίνης,
873 1031 955 1064 ἀγγε-

179 1087 219 1112 λοι
236 1084 313 1111 πάλιν
329 1085 376 1110 καὶ
391 1083 515 1117 δαίμονες
528 1082 657 1115 γίνονται.
671 1089 680 1104 ι
949 1094 953 1098 ι

216 1217 282 1250 Ταῖς
291 1215 469 1251 ὑφειμέναις.
484 1214 551 1240 Ποία
564 1213 637 1240 ἐστὶν
652 1213 668 1247 ὴ
683 1212 736 1238 τῶν
758 1210 890 1246 οὐρανίων
906 1209 956 1235 κά-

177 1263 274 1298 θαρσις
284 1263 332 1289 καὶ
344 1262 528 1296 διακόσμησις.
546 1259 658 1290 Ἄλλως.
678 1259 737 1284 Ὅτι
754 1257 886 1292 κάθαρσις
903 1255 956 1282 τῶν

177 1310 310 1344 οὐρανίων
330 1307 470 1342 δυνάμεων
492 1307 564 1332 ἐστιν
581 1307 598 1340 ὴ
614 1305 660 1331 ἐπὶ
680 1303 842 1338 τελεωτέραν
858 1301 957 1336 γνῶσιν

178 1354 325 1390 ἓλλαμψις·
342 1353 388 1380 καὶ
401 1353 550 1388 σημείωσαι
565 1352 605 1377 ὅτι
620 1350 817 1386 προκόπτουσιν
830 1348 875 1374 ἐπὶ
887 1347 957 1381 γνῶ-

179 1409 238 1430 σιν.
259 1401 306 1426 καὶ
316 1400 356 1426 ὅτι
371 1399 496 1434 δαίμονας
521 1397 550 1424 οὐ
567 1397 673 1431 λέγουσι
702 1393 877 1430 καθαίρεσθαι
888 1413 895 1426 ,
914 1392 958 1418 διὰ

177 1447 242 1477 τοὺς
259 1445 412 1479 φάσκοντας
420 1444 467 1470 καὶ
478 1444 574 1474 αὐτοὺς
589 1444 617 1468 ὲν
625 1443 656 1477 τῇ
670 1442 734 1476 παρ’
749 1440 837 1468 αὐτῶν
848 1439 959 1475 μυθευο-

180 1491 249 1527 μὲνῃ
262 1489 487 1521 ἀποκαταστάσει,
505 1488 636 1520 σώζεσθαι
650 1487 718 1522 μετὰ
731 1486 784 1512 τῶν
797 1486 889 1519 ἁγίων.

1006 938 1170 972 perioribus,
1186 939 1228 966 vel
1242 947 1275 966 ex
1290 940 1476 974 superioribus
1489 945 1515 968 et
1530 941 1704 971 inferioribus
1715 952 1781 972 con-

1007 988 1069 1011 stat.
1085 994 1094 1011 ι
1113 984 1142 1012 In
1155 985 1259 1012 decimo
1274 993 1346 1012 nono
1360 986 1441 1013 etiam
1456 987 1557 1021 quintae
1569 990 1697 1016 centuriae
1715 991 1781 1017 dicit

1007 1029 1049 1057 bis
1064 1031 1153 1057 verbis
1169 1040 1175 1057 :
1197 1040 1207 1057 ‹
1230 1030 1268 1057 Ex
1289 1032 1408 1066 angelico
1429 1033 1524 1059 ordine
1543 1038 1570 1060 et
1581 1034 1779 1070 archangelico,

1008 1075 1132 1102 animalis
1146 1076 1213 1103 ordo
1227 1077 1332 1104 exsistit
1348 1087 1354 1104 :
1369 1084 1402 1104 ex
1414 1077 1522 1105 animali
1535 1083 1624 1106 autem
1637 1079 1781 1107 daemonia-

1006 1128 1055 1148 cus
1070 1125 1096 1148 et
1108 1122 1260 1156 humanus;
1275 1131 1307 1151 ex
1323 1123 1442 1151 humano
1457 1128 1556 1158 autem,
1577 1126 1664 1161 angeli
1686 1134 1782 1155 rursus

1006 1166 1195 1202 dtemonesque
1213 1168 1289 1196 ﬁunt.

1043 1211 1226 1246 Inferioribus.
1243 1215 1371 1247 Quaenam
1386 1216 1422 1243 sit
1446 1217 1597 1244 caelestium
1618 1218 1741 1252 purgatio
1752 1223 1782 1245 et

1007 1258 1158 1293 dispositio.
1176 1261 1278 1288 Aliter:
1295 1262 1366 1296 quod
1383 1263 1506 1297 purgatio
1521 1264 1672 1290 caelestium
1699 1264 1783 1291 virtu—

1007 1308 1064 1331 trm
1084 1305 1120 1332 sit
1134 1306 1166 1333 ad
1179 1306 1367 1341 perfectiorem
1379 1309 1559 1343 cognitionem
1578 1310 1739 1337 illustratio:
1757 1315 1782 1338 et

1007 1354 1071 1378 nota
1092 1352 1165 1386 quod
1182 1353 1324 1388 proﬁciant
1340 1354 1367 1381 in
1380 1355 1544 1389 cognitione,
1557 1359 1584 1383 et
1597 1356 1669 1390 quod
1682 1356 1783 1383 daemo-

1007 1404 1056 1424 nes
1066 1404 1120 1424 non
1133 1397 1206 1425 dicat
1220 1400 1340 1434 purgari,
1354 1404 1464 1435 propter
1480 1408 1527 1429 eos
1539 1401 1585 1436 qui
1605 1401 1686 1428 etiam
1708 1402 1782 1437 ipsos

1008 1441 1036 1468 in
1053 1451 1084 1470 ea
1097 1445 1293 1472 restaurationc
1304 1453 1364 1480 quae
1378 1447 1411 1473 ab
1428 1447 1482 1473 illis
1501 1446 1620 1482 ﬁngitur,
1638 1455 1700 1474 cum
1718 1455 1782 1475 san-

1008 1488 1060 1515 ctis
1074 1489 1188 1516 salutem
1206 1490 1359 1525 adepturos,
1376 1491 1479 1519 dicunt.

217 1537 297 1563 Οῦτω
310 1536 358 1562 καὶ
379 1534 575 1570 φωτιζόμεναι.
596 1533 748 1568 Σημείωσαι
763 1531 797 1558 τὰ
815 1532 879 1566 περ)⁸
902 1530 955 1557 τῶν

1043 1532 1087 1560 Sic
1104 1540 1129 1560 et
1139 1535 1183 1566 qui
1197 1535 1376 1564 illustrantur.
1405 1536 1472 1564 Nota
1501 1545 1560 1572 qua!
1587 1539 1698 1574 angelos
1721 1542 1782 1574 spe-

177 1582 312 1618 ἁγγέλων,
331 1581 388 1612 πῶς
400 1580 568 1615 φωτίζονται,
581 1579 625 1606 καὶ
638 1577 810 1604 τελειοῦνται.

401 1638 454 1664 ΕΙΣ
477 1637 520 1663 ΤΟ
543 1635 669 1663 ΚΕΦΑΛ.
694 1636 729 1662 Z'.

217 1685 240 1711 Ι.
255 1684 269 1720 §
282 1686 303 1711 Ι.
324 1684 404 1711 Οὕτω
413 1683 462 1710 καὶ
477 1683 559 1716 πρός.
573 1683 633 1708 ’Ότι
648 1681 697 1708 οὐκ
712 1682 740 1706 ἐν
752 1682 806 1711 τοῖς
814 1680 904 1710 αὐτοῖς
912 1679 956 1705 τό-

179 1739 243 1762 ποις
251 1730 399 1764 ἀπάγονται
414 1730 438 1755 οἱ
449 1727 624 1758 τελευτῶντες
639 1726 747 1757 πάντες·
756 1726 804 1752 καὶ
817 1725 881 1760 περὶ
894 1725 958 1751 ἀνα-

181 1775 309 1807 στάσεως.

223 1820 342 1855 Ὀλικῆς
355 1820 556 1852 ἀναστάσεως.
565 1819 619 1854 Τῆς
637 1818 704 1854 μετὰ
717 1818 763 1844 τοῦ
780 1817 903 1852 σώματος
910 1816 957 1851 δη-

179 1866 278 1892 λονότι.

217 1910 252 1935 Αἰ
263 1908 319 1942 μὲν
333 1907 396 1943 γάρ.
417 1908 484 1943 Περὶ
494 1907 604 1934 δικαίων
619 1907 700 1940 λέγει.

219 1955 258 1981 Τὰ
271 1954 305 1981 δὲ
314 1954 425 1988 καθαρὰ
438 1952 505 1980 τῶν.
518 1953 585 1987 Περὶ
594 1952 765 1982 ἀναστάσεως
787 1951 928 1986 σωμάτων.

284 2000 344 2026 Τῶν
364 1999 526 2031 δοξαςόντων
541 1998 685 2025 ἀνάστασιν
704 1998 751 2024 καὶ
762 1997 861 2032 κρίσιν,

180 2092 210 2118 οἱ
220 2090 361 2125 μὲνμετὰ
374 2089 492 2117 τῶναὺ-
555 2089 582 2114 οὶ
601 2087 635 2114 δὲ
716 2088 742 2113 οἱ
771 2085 805 2111 δὲ
828 2085 890 2119 μετ’
904 2084 958 2110 ἀλ-

179 2135 242 2163 τῶν
265 2135 406 2170 σωμάτων
419 2136 492 2170 ἐγεί-
556 2134 626 2168 δίχα
717 2133 778 2158 λων
818 2129 960 2164 σωμάτων

179 2183 286 2216 ρεσοαι
318 2182 374 2215 τὴν
392 2180 496 2216 ψυχήν
561 2180 658 2214 σώμα-
716 2177 819 2209 ξένων,
828 2176 875 2202 καὶ
888 2175 960 2207 βίον

181 2234 285 2262 φασιν,
293 2227 333 2260 ὡς
339 2226 506 2261 Χριστιανσι
515 2234 520 2241 ·
560 2233 618 2257 τος·

427 2283 448 2309 Τ
450 2283 486 2309 ῶν
501 2281 715 2317 κεκοιμημένων,

182 2331 211 2357 o.‘
220 2330 278 2365 μέν
293 2331 369 2356 εἰσιν
384 2329 463 2363 ὶεροί’
726 2327 752 2352 οὶ
778 2324 812 2350 δὲ
837 2323 955 2356 (ir-lepor.

226 2375 382 2402 Ἐνωθέντα
398 2374 462 2409 γάρ.
475 2374 535 2400 Ὅτι
551 2373 656 2399 ἑνοῦται
671 2373 729 2403 ταῖς
746 2371 844 2405 ψυχαῖς
856 2368 890 2395 τὰ
907 2367 958 2394 σώ-

184 2427 266 2454 ματα.

254 2463 424 2499 [Σημείωσαι
435 2463 463 2489 δὲ
479 2462 526 2489 καὶ
542 2462 591 2497 τὴν
613 2462 705 2496 ὀλικὴν
717 2458 889 2494 ἀνάστασιν-1

220 2509 235 2545 §
248 2511 281 2536 ΙΙ.
299 2509 358 2536 Τῶν
371 2509 404 2535 δὲ
419 2509 551 2543 ἀνιέρων.
567 2508 634 2543 Περὶ
647 2507 760 2534 θανάτου
781 2503 957 2541 ἁμαρτωλῶν,

183 2555 230 2581 καὶ
244 2554 269 2581 τί
282 2555 417 2589 νομίζουσι
432 2554 499 2587 μετὰ
514 2554 627 2580 θάνατον
642 2553 763 2587 γίνεσθαι
778 2553 801 2578 οἱ
819 2551 956 2585 Ἕλληνες,

180 2597 220 2626 ὧν
233 2599 283 2630 τὰς
295 2599 372 2631 δόξας
386 2599 528 2626 ἐκτίθεται.
542 2599 648 2625 Τούτων
656 2597 710 2633 γὰρ
720 2598 743 2623 οἱ
761 2597 808 2632 μὲν
823 2593 958 2629 ἀλογιστὸ-

180 2651 267 2679 τεροι,
282 2642 342 2669 οὕτε
350 2642 480 2669 ἀθάνατον
494 2643 542 2678 τὴν
558 2642 646 2677 ψυχὴν
660 2640 844 2676 ὁμολογοῦσιν,
852 2636 889 2666 ὧν
898 2639 957 2664 ὲστι

181 2690 230 2718 καὶ
243 2689 317 2720 Βίας,
332 2688 379 2723 οὺχ
393 2689 406 2714 ὁ
416 2688 559 2723 Πριηνεὺς,
573 2688 628 2714 ἀλλ’
643 2687 733 2722 ἕτερός
740 2694 795 2717 τις·
813 2684 881 2712 ἀλλὰ
894 2685 957 2720 θνη-

180 2735 242 2771 τὴν,
259 2735 305 2761 καὶ
318 2734 427 2760 λύεσθαι
440 2733 533 2769 αὐτὴν,
549 2734 578 2759 ὃν
594 2733 693 2768 τρόπον
709 2732 755 2758 καὶ
768 2731 798 2757 τὸ
812 2730 900 2765 σῶμα,
914 2730 960 2756 καὶ

181 2781 222 2811 εἰς
229 2779 260 2806 τὸ
272 2780 308 2815 μὴ
326 2778 395 2805 εἷναι
408 2780 520 2814 χωρεῖν-
533 2780 555 2804 oi
569 2779 598 2804 δὲ
615 2778 692 2813 δῆθεν
710 2777 797 2804 αὐτῶν
816 2775 960 2810 λογικώτε-

182 2835 235 2861 ροι,
246 2826 291 2852 καὶ
306 2826 369 2861 περὶ
388 2825 535 2856 ἀθανασίας
550 2825 637 2859 ψυχῆς
657 2823 897 2858 φιλοσοφήσαντες,
922 2821 960 2852 ὡς

181 2871 303 2905 Πλάτων,
315 2872 360 2898 καί
375 2872 398 2898 οἱ
411 2868 534 2903 τοιοῦτοι,
556 2870 624 2906 μετὰ
645 2870 757 2897 θάνατον
770 2868 800 2896 τὸ
817 2867 865 2903 μὲν
880 2866 957 2902 σῶμα

714 2224 805 2258 ἔχειν,
818 2222 880 2248 οἷον
888 2220 955 2247 W7"-
973 2215 994 2243 Β
1009 2230 1115 2258 cunl,ut
1125 2225 1285 2257 Christiani;

1009 1583 1091 1611 ctant.
1108 1581 1243 1615 quomodo
1257 1583 1428 1610 illustrantur
1442 1589 1469 1611 et
1477 1584 1662 1618 perﬁciuntur.

1291 1639 1323 1666 IN
1343 1640 1419 1667 CAP.
1445 1639 1500 1669 VII.

1042 1683 1062 1710 l.
1075 1683 1118 1719 δι,
1136 1684 1180 1711 Sic
1190 1685 1253 1712 dum
1270 1685 1314 1713 ad.
1329 1685 1404 1719 Quod
1417 1694 1471 1714 non
1494 1688 1522 1714 in
1545 1688 1667 1715 eumdem
1692 1689 1780 1716 locum

1008 1729 1177 1757 abducantur
1192 1731 1338 1759 morientes
1353 1739 1462 1760 omnes:
1473 1737 1499 1760 et
1511 1733 1544 1761 de
1558 1734 1767 1763 resurrectione.

1044 1819 1076 1846 In
1087 1821 1228 1848 universali
1243 1822 1440 1849 resurrectione.
1453 1821 1521 1849 Cum
1537 1829 1651 1857 corpore
1666 1823 1780 1851 scilicet.

1047 1908 1115 1935 Nam
1133 1911 1173 1936 hw
1185 1909 1297 1944 quidem.
1313 1908 1351 1936 De
1364 1909 1446 1944 justis
1465 1909 1541 1936 dicit.

1045 1954 1117 1981 Pura
1129 1963 1187 1981 vero
1202 1955 1258 1982 illa.
1275 1954 1311 1982 De
1324 1955 1524 1982 resurrectione
1535 1962 1690 1990 corporum.

1087 1999 1187 2027 Eorum
1199 2000 1246 2035 qui
1258 2000 1377 2027 sentiunt
1394 2007 1455 2027 esse
1472 2000 1699 2028 resurrectionem

1305 2049 1331 2072 ct
1349 2045 1492 2079 judicium,

1009 2090 1056 2117 alii
1078 2090 1203 2125 quidem,
1229 2099 1287 2117 cum
1323 2090 1372 2116 alii
1393 2095 1478 2117 autem
1528 2091 1575 2117 alii
1613 2099 1685 2123 vero,
1724 2098 1782 2117 cum

1009 2135 1100 2163 iisdem
1139 2136 1290 2170 corporibus
1326 2136 1380 2162 sine
1395 2144 1486 2170 εον-ρο·
1529 2137 1588 2162 aliis
1631 2136 1781 2170 corporibus

1008 2179 1293 2207 excitarianimamdi-
1327 2187 1369 2211 re;
1532 2180 1612 2210 novis,
1647 2183 1672 2205 et
1702 2179 1781 2204 vitam

1531 2225 1624 2251 habere
1634 2244 1642 2257 ,
1663 2229 1692 2250 ut
1703 2233 1780 2252 nunc.

1218 2271 1316 2297 Eorum
1331 2270 1377 2305 qui
1392 2270 1570 2301 dormierunt.

1009 2318 1056 2345 alii
1070 2318 1172 2353 quidem
1187 2321 1248 2344 sunt
1262 2317 1358 2348 sancti,
1511 2316 1558 2342 alii
1570 2323 1655 2342 autem
1667 2315 1781 2350 profani.

1043 2365 1098 2399 86
1114 2363 1193 2390 Unila
1204 2363 1283 2390 enim.
1295 2361 1372 2395 Quod
1383 2361 1585 2396 coniunguntur
1607 2368 1667 2388 cum
1686 2361 1783 2388 animis

1010 2416 1135 2444 corpora.

1046 2454 1132 2490 [Nota
1145 2461 1209 2480 vero
1226 2457 1252 2480 et
1264 2452 1373 2480 totalem
1386 2451 1642 2487 resurrectionem]

1046 2499 1103 2535 §ll.
1128 2499 1306 2533 Profanorum
1317 2502 1414 2526 autem.
1435 2497 1473 2524 De
1494 2501 1580 2524 morte
1599 2500 1782 2531 peccatorum,

1011 2549 1037 2572 et
1053 2545 1116 2580 quid
1140 2544 1241 2572 ethnici
1255 2544 1410 2571 existiment
1423 2546 1484 2578 post
1496 2546 1609 2570 mortem
1634 2542 1704 2573 ﬁeri,
1720 2548 1785 2576 quo-

1010 2599 1070 2618 rum
1086 2591 1228 2625 opiniones
1250 2591 1370 2625 exponit.
1388 2589 1487 2616 Eorum
1503 2589 1574 2615 enim
1598 2588 1644 2622 qui
1668 2587 1753 2621 magis
1769 2595 1785 2613 ι

1010 2638 1116 2664 ratione
1140 2636 1227 2663 aversi
1253 2640 1327 2667 sunt,
1352 2643 1440 2670 neque
1464 2633 1642 2661 immortalem
1666 2633 1783 2659 animam

1010 2682 1182 2709 conﬁtentur.
1200 2681 1228 2708 ln
1244 2681 1277 2707 iis
1301 2682 1382 2708 etiam
1398 2680 1469 2711 Bias.
1497 2687 1549 2706 non
1580 2679 1624 2705 ille
1642 2677 1782 2709 Priencus,

1011 2727 1058 2755 sed
1070 2727 1179 2762 quidam
1207 2727 1290 2760 alius;
1322 2726 1369 2753 sed
1388 2726 1528 2752 mortalem
1542 2745 1548 2756 ,
1573 2730 1686 2757 catnque
1704 2722 1783 2752 solvi,

1011 2772 1238 2808 quemadmodum
1257 2773 1339 2799 ctiam
1354 2778 1464 2805 corpus,
1481 2775 1507 2796 et
1519 2771 1546 2796 in
1564 2768 1676 2797 nihilum
1699 2767 1782 2794 abire.

1010 2819 1063 2845 Alii
1081 2823 1180 2851 autem,
1192 2819 1238 2853 qui
1255 2818 1357 2844 scilicet
1368 2817 1410 2844 his
1421 2817 1525 2843 ratione
1546 2817 1691 2849 prmstant,
1712 2817 1739 2840 et
1751 2812 1784 2839 de

1011 2864 1092 2892 animi
1110 2863 1310 2891 immortalitate
1327 2862 1524 2893 disseruerunt,
1536 2858 1658 2891 utPlato,
1668 2863 1694 2886 et
1705 2859 1783 2892 talos,
