1926 3062
164 171 216 199 175

573 170 742 199 APPENDIX
763 171 808 199 AD
827 170 941 199 OPEBA
959 170 987 198 S.
1007 171 1156 201 DlONYSlI
1172 172 1414 201 AREOPAGITJE.

1736 175 1787 202 176

162 235 224 267 post
237 234 363 262 mortem,
380 237 482 266 corpus
497 230 605 266 quidem
615 238 668 258 non
684 231 801 266 amplius
810 234 942 259 constatu‘

1001 232 1051 259 οὐκ
1065 232 1105 259 ἔτι
1121 232 1300 269 συστήσεσθαι
1316 241 1407 266 φασιν·
1425 232 1482 259 ἀλλ’
1497 232 1537 264 είς
1552 232 1652 264 αίῶνας
1665 232 1714 268 οὺχ
1723 232 1791 260 imo.

162 285 222 305 rum
238 277 352 311 dicunt;
372 277 420 304 sed
436 277 463 304 in
476 284 636 313 perpetuum
649 286 702 306 non
723 278 813 306 redire
833 279 950 314 amplius

161 324 195 351 ad
210 331 270 352 eam
286 332 367 359 quam
382 324 499 352 habebat
525 324 744 353 consistentiam.
756 323 813 352 Hoc
821 325 894 352 enim
908 329 951 353 est

161 370 234 406 quod
247 370 314 397 dicit
327 370 452 404 εἰσάπαξ,
468 378 518 406 pro
533 378 588 398 non
610 371 727 405 amplius
749 375 948 404 constaturum,

161 417 382 454 quandoquidem
413 418 553 453 indignum
580 425 641 445 esse
673 418 782 453 inquit,
809 419 951 446 materiale

161 465 285 500 ejusdem
301 473 363 492 esse
376 472 438 492 cum
454 465 545 492 anima
558 469 677 498 aeterna;
693 465 812 492 animam
824 473 889 493 vero
904 473 949 493 so-

161 512 216 538 lum
232 519 291 539 esse
304 511 495 539 immortalem.
512 510 574 538 Haec
597 511 679 539 etiam
703 511 823 539 haeretici
842 511 950 540 diverse

161 558 266 590 dicunt,
283 561 312 585 ut
327 558 372 593 qui
394 566 408 584 a
432 557 553 584 Simonis
578 557 659 593 Magi,
690 561 718 585 et
743 557 894 590 Menandri.
923 563 950 586 et

161 604 308 635 Valentini.
321 607 347 632 e'.
361 604 516 635 Marcionis,
526 610 553 632 et
565 604 709 636 lliancntis,
726 610 806 640 atque
820 605 901 632 etiam
915 605 949 632 ab

159 651 286 687 Origenis
301 651 435 686 prodeunt
451 650 560 684 fabulis,
574 659 627 678 non
644 652 717 678 enim
731 651 884 680 sententiis.
901 650 949 678 Vi-

159 699 221 726 dete
235 699 334 734 quibus
350 699 523 725 adnumerari
535 699 628 730 velint,
646 699 794 733 qualesque
815 699 948 727 absurdas

159 745 308 772 sententias
319 743 551 779 irrepreliensibili
564 743 784 772 Christianorum
799 743 859 772 ﬁdei
872 744 949 771 allin-

157 795 233 826 gant,
250 790 267 818 ii
283 790 329 826 qui
341 790 422 818 invisi
438 794 503 818 sunt
514 789 568 817 Deo
581 793 608 817 et
627 789 785 818 hominibus
807 790 853 824 qui
874 796 948 818 recte

159 837 290 865 sentiunt.

192 883 248 910 Alii
263 891 320 910 vero
335 889 498 917 corporeum.
515 881 572 909 Hoc
598 885 640 910 est
659 881 814 909 animorum
838 885 946 909 tantum

157 930 215 957 ﬁeri
229 929 469 962 resurrectionem,
483 928 544 956 sine
557 928 732 963 corporibus.

193 976 325 1010 Quoniam
340 981 453 1011 car-ptum
463 980 513 1003 est.
527 974 606 1008 Quod
622 975 661 1002 ait
671 974 820 1010 Apostolus
835 975 945 1002 arrham

157 1026 184 1050 et
198 1021 460 1050 demonstrationem
480 1021 615 1056 generalis
634 1028 696 1048 cum
712 1028 828 1055 corpore
852 1028 946 1048 resur-

157 1067 288 1096 rectionis
303 1067 448 1095 Dominum
462 1072 586 1095 nostrum
594 1066 687 1094 Jesum
696 1066 835 1094 Christum
847 1066 944 1100 fuisse,

155 1117 184 1141 et
195 1112 268 1148 quod
282 1113 309 1140 in
325 1113 384 1147 ipso
395 1120 468 1140 nunc
481 1111 641 1140 abscondita
658 1112 714 1139 vita
724 1116 829 1144 nostra,
845 1112 874 1140 in
888 1111 945 1141 Deo

157 1157 314 1193 apparitura
329 1157 356 1184 in
370 1156 586 1192 regeneratione.

190 1204 336 1232 Animabur
348 1204 482 1239 σόη-ἰκρία.
492 1203 619 1230 Hmretici
629 1203 741 1238 quidam
751 1206 810 1230 tum
821 1202 943 1236 fuerunt,

156 1256 186 1278 ut
202 1250 295 1279 Simon
313 1250 407 1285 Magus
420 1255 446 1278 et
459 1250 520 1284 ejus
534 1253 696 1281 sectatores,
723 1250 771 1285 qui
795 1250 944 1278 aethereum

155 1297 283 1325 dicebant
298 1304 398 1331 corpus
421 1300 497 1324 certo
526 1296 626 1324 animis
642 1296 775 1323 futurum.
796 1296 944 1324 Sciendum

155 1349 196 1372 est
212 1349 312 1377 autem.
323 1344 466 1380 Origenem
479 1351 588 1378 quoque
602 1343 673 1370 idem
685 1343 776 1371 dicere
785 1343 812 1370 in
824 1344 943 1378 quodam

155 1391 226 1419 libro
239 1398 308 1424 suo;
323 1390 397 1426 quod
409 1393 500 1417 tamen
516 1389 544 1416 in
562 1389 624 1416 aliis
642 1396 756 1424 prorsus
777 1394 868 1425 negat,
893 1390 944 1417 do-

154 1445 221 1465 cens
232 1444 340 1465 omnem
353 1443 512 1472 corpoream
532 1439 659 1462 naturam
677 1435 705 1462 in
720 1435 837 1463 nihilum
855 1435 942 1464 abire.

154 1483 225 1519 che
240 1482 368 1511 Methodii
384 1482 472 1510 sancti
489 1482 619 1517 martyris
631 1485 658 1510 et
679 1481 797 1518 Olympii
811 1483 944 1511 Adriano-

154 1530 268 1565 politani
284 1529 405 1564 episcopi
432 1527 521 1564 Lycia
549 1529 646 1560 libros.
661 1536 732 1564 quos
747 1529 775 1556 in
793 1537 856 1557 eum
873 1530 944 1558 scri-

1001 278 1127 314 πρέφειν
1142 278 1192 311 ἔτι⁷
1204 279 1272 314 πρὸς
1282 277 1316 314 ἢν
1325 278 1388 313 ἔσχε
1401 279 1538 305 σύστασιν.
1551 278 1636 305 Τοῦτο
1651 278 1706 315 γάρ
1715 279 1790 307 ἐστιν

1000 325 1015 352 ὀ
1031 333 1112 360 φησιν
1136 324 1270 357 εἰσάπαξ,
1295 325 1356 351 ἀντὶ
1378 324 1426 352 τοῦ
1439 325 1550 361 αμηκέτι
1577 325 1788 362 συστησόμενον,

1000 371 1092 407 ἐπειδὴ
1111 371 1220 403 ἀνάξιον
1234 369 1305 398 εἷναί
1329 379 1395 406 φασι
1413 371 1443 398 τὸ
1465 371 1556 398 ὑλικὸν
1577 371 1789 404 συνδιαιωνίζειν

999 417 1083 453 ψυχῇ,
1097 417 1146 454 τὴν
1159 417 1187 444 δὲ
1200 418 1289 454 ψυχὴν
1300 418 1379 453 μόνον
1390 418 1530 450 ἀθανάτως
1541 418 1683 454 ὑπάρχειν.
1695 418 1790 446 Ταῦτα.

1000 464 1046 492 καὶ
1061 465 1194 500 αἰρετικοὶ
1210 464 1317 499 λέγουσι
1332 464 1477 500 διαφόρως,
1496 465 1534 497 ὡς
1549 466 1573 491 oi
1589 465 1643 492 ἀπὸ
1667 465 1789 501 Σίμωνος

998 509 1045 536 τοῦ
1058 510 1155 546 μάγου,
1168 511 1214 537 καὶ
1222 510 1387 546 Μενάνδρου,
1399 511 1445 538 καὶ
1453 511 1639 544 Οὐαλεντίνου,
1651 512 1697 538 καὶ
1711 512 1789 548 Μαρ-

999 557 1106 589 κίωνος,
1123 558 1169 584 καὶ
1185 557 1336 589 Μάνεντος·
1355 558 1401 584 καὶ
1411 557 1459 584 νῦν
1478 557 1505 584 δὲ
1525 558 1550 584 οἱ
1565 558 1618 585 ἀπὸ
1640 558 1694 585 τῶν
1718 559 1789 594 Ὠρι-

999 603 1093 638 γένους
1107 604 1302 640 προερχόμενοι
1319 604 1421 640 μύθων,
1441 605 1472 631 οὐ
1483 604 1537 641 γὰρ
1555 605 1708 640 δογμάτων.
1732 606 1788 633 Καὶ

997 651 1078 686 ὁρᾶτε
1087 651 1143 678 τισι
1153 650 1258 678 θέλουσι
1271 651 1505 688 συναριθμεῖσθαι,
1518 652 1565 679 καὶ
1579 652 1659 684 ποίας
1669 652 1787 685 ἀτόπους

997 697 1075 730 δόξας
1089 699 1121 733 τῇ
1135 698 1277 734 ἀμωμήτῳ
1289 698 1344 725 τῶν
1359 699 1529 734 Χριστιανῶν
1552 700 1642 726 πίστει
1663 700 1786 735 προσάπ-

996 751 1088 770 τουσιν
1100 745 1124 770 oi
1139 744 1268 779 στυγητοί
1283 743 1360 780 παρὰ
1375 744 1435 781 Θεῷ
1446 745 1494 771 καὶ
1506 744 1660 781 ἀνθρώποις
1673 743 1703 772 εὖ
1719 753 1786 781 φρο-

997 789 1087 816 νοῦσιν
1102 790 1282 826 ὑπάρχοντες.

1034 893 1067 918 οἱ
1079 891 1113 918 δὲ
1125 890 1182 925 τὴν
1194 891 1373 927 σωματικήν.
1388 891 1517 919 Τουτέστι
1530 891 1623 927 ψυχῶν
1641 892 1728 928 μόνων
1740 893 1784 928 γί-

996 937 1088 964 νεσθαι
1102 937 1260 970 ἀνάστασιν,
1277 937 1409 973 σωμάτων
1421 937 1515 973 χωρίς.

1038 983 1192 1017 Ἀρθεῖσαν
1202 983 1271 1017 ἤδη.
1286 983 1319 1010 '0
1333 983 1406 1018 λέγει
1426 984 1440 1010 6
1461 983 1620 1015 Ἀπόστολος
1638 983 1786 1020 ἀρραϐῶνα

996 1029 1043 1056 καὶ
1055 1029 1191 1062 ἀπόδειξιν
1206 1029 1256 1065 τῆς
1276 1029 1344 1065 μετὰ
1360 1029 1485 1065 σώματος
1506 1029 1652 1065 καϐολικῆς
1668 1030 1786 1057 ἀναστά-

997 1084 1065 1107 σεως
1077 1075 1123 1102 τὸν
1138 1075 1239 1112 Κύριον
1249 1075 1327 1111 ἡμῶν
1344 1075 1447 1111 Ἰησοῦν
1464 1075 1580 1112 Χριστὸν
1602 1076 1782 1112 γεγενῆσθαι·

995 1122 1043 1149 καὶ
1058 1122 1100 1148 ὅτι
1123 1122 1152 1148 ὲν
1172 1121 1245 1158 αὺτῷ
1263 1121 1311 1148 νῦν
1332 1122 1484 1157 κέκρυπται
1500 1123 1516 1158 ἡ
1529 1122 1584 1158 ζωὴ
1597 1122 1685 1158 ἡμῶν,
1701 1123 1731 1149 ὲν
1745 1122 1784 1158 τῷ

994 1167 1054 1204 Θεῷ
1071 1168 1317 1205 φανερωθησομένη
1332 1169 1360 1195 ὲν
1374 1169 1407 1204 τῇ
1423 1168 1626 1205 παλιγγενεσία.

1032 1214 1148 1250 Ψυχαῖς
1157 1214 1309 1249 συζυγίας.
1319 1214 1455 1250 Αίρετικοί
1469 1223 1541 1247 τινες
1554 1215 1614 1241 τότε
1627 1215 1783 1250 γεγόνασιν,

994 1262 1032 1294 ὼς
1044 1261 1069 1288 oi
1087 1261 1150 1294 περὶ
1169 1261 1279 1296 Σίμωνα
1302 1261 1347 1287 τὸν
1370 1261 1456 1296 μάγον
1476 1261 1522 1288 καὶ
1543 1261 1606 1293 τοὺς
1627 1262 1674 1288 σὺν
1691 1261 1782 1296 αὐτῷ,

993 1307 1020 1334 οἴ
1034 1315 1106 1338 τινες
1125 1306 1242 1342 αίθὲριον
1257 1306 1385 1341 ἔφασκον,
1397 1306 1453 1340 εἴγε
1470 1306 1517 1332 καὶ
1525 1306 1578 1342 ἄρα
1586 1306 1783 1341 ἕσεσθαισῶμα

993 1355 1053 1386 ταῖς
1066 1354 1175 1388 ψυχαῖς.
1203 1352 1301 1379 Ἰστέον
1320 1352 1349 1379 δὲ
1369 1353 1410 1379 ὅτι
1441 1353 1488 1379 καὶ
1510 1352 1652 1388 Ὧριγένης
1671 1353 1702 1379 τὸ
1717 1353 1782 1380 αὐτό

994 1407 1076 1434 φησιν
1096 1398 1125 1424 ἐν
1138 1407 1191 1425 τινι
1207 1397 1260 1424 τῶν
1282 1397 1365 1424 αὑτοῦ
1386 1397 1624 1433 συγγραμμάτων·
1640 1398 1669 1424 ὲν
1692 1397 1783 1430 ἄλλοις

993 1443 1021 1470 δὲ
1039 1443 1085 1470 καὶ
1099 1443 1164 1470 αὐτὸ
1178 1441 1317 1473 παντελῶς
1331 1442 1502 1477 ἁταρνείται,
1519 1442 1609 1468 πᾶσαν
1625 1441 1783 1478 σωματικὴν

993 1488 1073 1523 φύσιν
1089 1489 1128 1520 είς
1136 1487 1305 1524 ἁνυπαρξίαν
1320 1488 1418 1523 χωρεῖν
1429 1486 1615 1522 δογματίζων.
1633 1487 1782 1521 Ἀνάγνωθι

993 1534 1124 1562 Μεθοδίου
1137 1534 1184 1561 τοῦ
1199 1534 1276 1568 ἁγίου
1295 1534 1432 1569 μάρτυρος
1445 1533 1492 1560 καὶ
1513 1533 1659 1569 Ὀλυμπίου
1676 1534 1781 1570 Ἀδρια-

154 1582 267 1611 pserunt
278 1575 311 1603 de
323 1575 582 1608 resurrectione;et
601 1574 736 1610 Antipatri
765 1575 856 1603 Bostri
881 1576 941 1611 epi-

998 1580 1144 1612 νουπόλεως
1159 1579 1308 1606 ἐπισκόπου
1327 1579 1376 1614 τῆς
1393 1579 1496 1611 Λυκίας
1513 1578 1548 1605 τὰ
1562 1580 1620 1605 κατ’
1637 1579 1718 1606 αὐτοῦ
1735 1579 1781 1606 ὑπ’

154 1623 286 1658 scopi:et
301 1621 392 1651 disces
415 1621 570 1650 fabulosam
599 1622 687 1657 ipsius
709 1626 737 1650 et
758 1627 942 1651 monstrosam

152 1669 339 1705 nugationem.

187 1759 436 1791 Beatissimamque.
450 1757 513 1785 Haec
525 1757 562 1784 ait
574 1757 690 1785 obscure
700 1757 756 1793 87
771 1757 940 1793 signiﬁcans,

152 1807 260 1842 opinor,
277 1805 389 1841 Papiam
405 1805 452 1840 qui
468 1804 623 1840 Hierapolis
636 1804 708 1832 Asiae
723 1808 780 1831 tum
810 1803 862 1831 fuit
883 1805 942 1840 cpi-

153 1860 254 1887 scopus
278 1855 306 1879 et
329 1851 414 1878 divini
434 1850 549 1878 Joannis
573 1850 748 1886 evangelista;
772 1850 941 1885 temporibus

151 1899 254 1927 floruit.
272 1898 322 1925 Hic
338 1898 411 1925 cnim
426 1897 524 1932 Papias
538 1897 609 1924 libro
624 1905 651 1924 IV
666 1896 865 1924 ﬂaminicarum
878 1905 942 1925 sua-

152 1954 212 1973 rum
229 1944 452 1980 explanationum
469 1943 590 1978 Scripsit,
613 1942 671 1971 fore
685 1942 713 1970 in
739 1943 942 1971 resurrectione

152 1992 306 2026 voluptates
328 1998 390 2026 qua:
418 1989 610 2026 percipiuntur
638 1996 673 2017 ex
691 1988 777 2020 cibis;
810 1989 838 2016 in
867 1988 941 2024 quod

151 2038 261 2074 quidem
291 2037 430 2065 decretum
462 2041 555 2072 postea
582 2035 698 2064 credidit
731 2035 938 2070 Apollinarius:

153 2083 398 2121 [quemadmodum
440 2086 554 2119 apparet
596 2090 630 2110 ex
674 2081 777 2116 scripto
815 2081 902 2116 ipsius
915 2079 937 2117 ,]

151 2131 224 2168 quod
236 2131 373 2167 appellant
385 2129 508 2158 nonnulli
524 2129 699 2158 millesimum
729 2136 842 2156 annum.
865 2127 940 2162 Quo--

150 2178 232 2205 modo
246 2178 330 2213 igitur
345 2177 507 2212 Apollinarii
528 2180 610 2204 erunt
622 2175 685 2203 libri
696 2175 785 2203 sancti
804 2175 938 2211 Dionysii,

147 2224 227 2259 juxta
239 2224 392 2259 aliquorum
409 2231 505 2259 nugas,
518 2222 564 2258 qui
581 2222 781 2257 Apollinarium
791 2221 939 2250 refellunt?

993 1626 1082 1654 αὐτῶν
1097 1626 1161 1661 περὶ
1175 1626 1349 1657 ἀναστάσεως
1365 1624 1514 1660 γραφέντα,
1535 1625 1583 1651 καὶ
1603 1625 1780 1660 ’Δντιπὰτρου

992 1672 1039 1700 τοῦ
1054 1673 1179 1708 Βόστρων
1193 1672 1342 1699 ἐπισκόπου
1351 1680 1357 1687 ·
1372 1672 1419 1698 καὶ
1430 1671 1540 1708 μαθήσῃ
1552 1671 1602 1707 τὴν
1613 1671 1722 1707 μυθώδη
1732 1672 1781 1698 αὺ-

992 1719 1040 1746 τοῦ
1050 1719 1096 1746 καὶ
1116 1718 1260 1746 ἀλλόκοτον
1277 1717 1424 1754 ληρωδίαν.

1027 1765 1082 1793 Καὶ
1094 1764 1332 1800 μακαριωτάτην.
1353 1764 1445 1791 Ταῦτά
1468 1773 1550 1800 φησιν
1576 1764 1779 1799 αἰνιττόμενος,

991 1808 1078 1846 οἶμαι,
1094 1811 1203 1838 Παπίαν
1217 1810 1263 1837 τὸν
1284 1809 1460 1846 Ἰεραπόλεως
1473 1809 1524 1844 τῆς
1538 1811 1599 1836 κατ’
1621 1809 1712 1836 Ἀσίαν
1720 1809 1780 1836 τότε

992 1857 1136 1892 γενόμενον
1163 1856 1322 1887 ἐπίσκοπον,
1341 1856 1389 1883 καὶ
1416 1855 1628 1891 συνακμάσαντα
1650 1855 1690 1892 τῷ
1716 1855 1781 1892 θείῳ

991 1902 1170 1938 εὐαγγελιπῇ
1200 1902 1320 1938 Ἰωάννῃ.
1345 1898 1430 1933 Οὗτος
1444 1901 1499 1937 γὰρ
1526 1903 1541 1928 6
1555 1901 1662 1933 Παπίας
1685 1902 1714 1928 ὲν
1739 1901 1780 1937 τῷ

990 1949 1112 1984 τετάρτῳ
1125 1948 1207 1976 αὑτοῦ
1219 1948 1312 1983 βιϐλίῳ
1326 1947 1379 1974 τῶν
1394 1946 1550 1981 Κυριακῶν
1562 1947 1718 1983 ἐξηγήσεων
1729 1947 1779 1980 τὰς

991 1993 1033 2021 διὰ
1050 1994 1201 2030 βρωμάτων
1213 1992 1288 2021 εἶπεν
1300 1995 1329 2021 ὲν
1343 1995 1375 2029 τῇ
1393 1993 1538 2020 ἀναστάσει
1551 1993 1728 2026 ἀπολαύσεις
1739 1995 1779 2025 εἰς

991 2041 1058 2077 ὅπερ
1072 2041 1158 2076 δόγμα
1183 2040 1252 2076 μετὰ
1272 2040 1360 2067 ταῦτα
1379 2040 1536 2067 ἐπίστευσεν
1564 2040 1778 2077 Ἀπολλινάριος.

991 2087 1094 2124 [καθὼς
1126 2087 1287 2123 ἐμφαίνεται
1321 2088 1350 2113 ὲν
1377 2086 1417 2122 τῷ
1446 2087 1640 2122 συγγράμματι
1669 2087 1777 2124 αὐτοῦ,]

989 2134 1004 2160 6
1015 2133 1127 2160 καλοῦσί
1139 2142 1212 2165 τινες
1226 2133 1468 2168 χιλιονταετηρίδα.
1479 2133 1542 2165 Πῶς
1555 2131 1602 2160 οὗν
1619 2133 1777 2161 Ἀπολλινα-

990 2180 1049 2216 ρίου
1064 2179 1099 2206 τὰ
1112 2179 1159 2206 τοῦ
1172 2179 1249 2214 ἁγίου
1262 2179 1398 2206 Διονυσίου
1412 2180 1624 2215 συγγράμματα,
1636 2179 1777 2212 κατὰ-ιούς

989 2235 1070 2253 τινων
1092 2226 1210 2262 λήρους,
1237 2225 1272 2252 τὰ
1294 2225 1457 2261 ἀναιροῦντα
1485 2225 1702 2262 ’Δπολλινάριον;
1722 2226 1779 2253 Καὶ

148 2270 238 2305 Atque
260 2271 343 2297 etiam
367 2270 485 2298 lrenaeus
497 2269 689 2304 Lugdunensis
717 2269 884 2304 episcopus,
908 2269 936 2297 in

998 2273 1132 2308 Εἰρηναῖος
1144 2272 1173 2298 δὲ
1189 2273 1203 2299 6
1223 2272 1389 2306 Λουγδούνου
1417 2273 1446 2299 ὲν
1469 2272 1508 2308 τῷ
1528 2272 1610 2300 Κατὰ
1635 2272 1778 2307 αἱρέσεων

149 2317 246 2352 quinto
257 2317 327 2344 libro
346 2316 478 2343 Adversus
493 2316 614 2348 hereses,
638 2315 711 2343 idem
729 2316 814 2350 dicit;
837 2316 939 2350 produ-

149 2364 242 2398 ritquc
255 2367 352 2391 testem
368 2371 464 2391 eorum
482 2370 543 2398 qua:
555 2370 570 2390 a
583 2370 614 2390 se
631 2362 705 2390 dicta
720 2366 798 2396 sunt,
813 2361 937 2398 Papiam,

150 2418 229 2446 quem
239 2410 369 2437 diximus.

187 2455 236 2484 Ubi
262 2456 296 2483 ad
312 2456 401 2491 ﬁnem.
421 2455 567 2483 Horribilis
592 2459 654 2488 est,
673 2459 756 2491 atque
774 2454 937 2483 metuendus

147 2507 322 2539 peccatorum
335 2502 407 2530 tlnis.

184 2549 252 2577 Aliis
267 2549 362 2576 oculis.
377 2548 453 2576 Alios
473 2548 569 2576 oculos
590 2548 728 2583 appellat,
750 2548 860 2580 mentis,
877 2555 938 2582 qua

146 2597 277 2631 deinceps
290 2595 385 2631 purior
394 2599 447 2625 est.
457 2598 484 2622 et
500 2595 604 2622 inferos
612 2595 824 2630 contemplatur.
836 2598 863 2622 et
871 2601 935 2621 con-

146 2643 263 2670 vertitur
285 2643 312 2670 in
328 2641 459 2678 gehennae
477 2641 722 2676 exspectationem,
750 2649 831 2676 quam
861 2641 938 2676 prius

147 2698 203 2717 non
215 2688 388 2722 crediderat;
408 2687 469 2716 idco
492 2695 564 2723 πει-ε
580 2687 699 2715 sustinet
715 2691 741 2715 et
767 2687 840 2714 dolet
864 2695 937 2714 mor-

147 2740 213 2767 tem,
229 2735 352 2771 cogitans
365 2743 398 2762 ne
412 2734 561 2770 aliquando
570 2741 634 2762 vera
647 2733 702 2762 sint
714 2733 864 2761 inferorum
876 2742 938 2770 sup~

148 2781 245 2816 plicia;
271 2786 354 2816 utque
373 2781 456 2809 etiam
485 2783 644 2816 peccatores
669 2781 696 2808 in
723 2787 838 2816 corpore
862 2782 937 2809 exci-

147 2832 251 2856 tantm.

183 2873 214 2903 ll.
235 2875 343 2904 Coacta.
361 2874 398 2904 De
409 2876 443 2903 iis
455 2875 501 2911 qui
518 2875 544 2902 in
560 2874 750 2902 ecclesiastico
766 2874 862 2902 ordine
877 2881 935 2902 mo-

148 2922 264 2950 riuntut'.

989 2319 1107 2354 πέμπτῳ
1124 2318 1205 2354 λόγῳ,
1216 2319 1247 2345 τὸ
1258 2319 1322 2345 αὑτό
1345 2327 1428 2355 φησι,
1446 2319 1493 2346 καὶ
1511 2319 1630 2355 παράγει
1651 2319 1777 2356 μάρτυρα

987 2367 1041 2394 τῶν
1057 2367 1102 2393 ὑπ’
1121 2366 1202 2393 αὑτοῦ
1219 2366 1370 2402 εἰρημένων
1385 2366 1431 2393 τὸν
1443 2366 1571 2401 λεχθέντα
1588 2366 1707 2393 Παπίαν.

1024 2457 1112 2483 Ὅταν
1130 2456 1179 2482 ἐπὶ
1200 2455 1233 2482 τὸ
1253 2456 1350 2488 τέλος.
1366 2454 1470 2491 opma;
1483 2454 1531 2481 καὶ
1549 2453 1608 2481 λίαν
1625 2453 1728 2490 φοϐερὰ
1742 2454 1776 2480 τὰ

987 2502 1042 2529 τῶν
1055 2501 1223 2538 ἁμαρτωλῶν
1237 2501 1310 2538 τέλη.

1030 2548 1155 2582 Ἑτέρως
1183 2549 1357 2584 ὀφθαλμοῖς.
1387 2548 1511 2584 Ἐτέρους
1533 2547 1687 2584 ὀφθαλμούς
1709 2554 1775 2582 φησι

987 2597 1050 2627 τοὺς
1062 2595 1109 2622 τοῦ
1134 2593 1192 2627 νοῦ,
1203 2594 1295 2623 λοιπὸν
1305 2595 1498 2632 καθαρωτέρου
1513 2595 1598 2627 ὄντος,
1615 2595 1661 2622 καὶ
1681 2594 1715 2621 τὰ
1735 2595 1776 2626 εἰς

988 2643 1049 2679 ᾅδου
1059 2642 1233 2674 σκοποῦντος,
1245 2642 1292 2669 καὶ
1305 2642 1488 2678 στρεφομένου
1501 2642 1542 2674 εἰς
1549 2642 1600 2677 τὴν
1610 2641 1775 2678 προσδοκίαν

987 2689 1037 2724 τῆς
1050 2690 1180 2725 γεέννης,
1202 2689 1236 2725 ἦν
1250 2689 1281 2716 οὐ
1298 2689 1430 2724 πρότερον
1450 2688 1643 2715 πεπιστεύκεισ
1667 2687 1708 2714 διὸ
1727 2688 1775 2714 καὶ

986 2735 1178 2771 δυσανασχετεῖ
1192 2736 1239 2762 καὶ
1254 2735 1377 2771 ὀδύρεται
1390 2735 1436 2762 τὸν
1457 2734 1581 2764 θάνατον.
1606 2733 1704 2761 ὲννοῶν
1727 2735 1775 2770 μή-

987 2790 1050 2809 ποτε
1074 2782 1184 2818 ἀληθεῖς
1203 2779 1269 2808 ὦσιν
1284 2783 1311 2808 ai
1334 2782 1410 2809 κάτω
1431 2781 1579 2816 τιμωρίαι·
1594 2779 1665 2807 ὥστε
1685 2780 1732 2807 καὶ
1747 2780 1773 2807 οἱ

986 2829 1143 2865 ἁμαρτωλοὶ
1157 2830 1186 2856 ὲν
1197 2829 1235 2864 τῷ
1249 2828 1355 2864 σώματι
1371 2828 1532 2863 ἐγείρονται.

1022 2876 1054 2902 ιι.
1067 2875 1257 2910 Συναγαγὼν.
1275 2875 1339 2910 Περὶ
1355 2873 1498 2910 ἱερατικῶν
1513 2874 1712 2901 τελευτώντων.
