1926 3062
140 192 191 219 177

497 189 526 217 S.
547 188 670 216 MAXIM!
690 187 837 217 SCHOLIA
854 187 887 216 ΙΝ
904 188 968 215 ιλιι),
989 187 1033 214 DE
1053 186 1396 221 ECCLES.~HIERARGH.

1716 186 1769 215 178

174 251 210 278 Et
224 249 259 277 δὲ
273 249 335 283 τοῖς
350 248 481 284 εὐαγέσι.
503 248 571 284 Περὶ
590 238 724 284 μοναχῶν,
746 246 858 274 δικαίων
883 247 927 273 καὶ

1016 245 1150 281 Siquidem
1168 246 1194 273 in
1209 246 1303 273 sacris.
1321 245 1359 273 De
1374 245 1532 277 monachis.
1554 245 1650 280 iustis,
1677 251 1704 274 et
1718 247 1768 274 lai-

139 296 250 324 λαῖκῶν.

181 343 228 370 Ἑν
244 342 306 375 τοῖς
322 342 420 375 θείοις.
437 341 593 378 Σημείωσαι
614 341 640 368 τί
655 339 868 375 ἀναγινώσκεται
881 339 927 366 καὶ

138 389 165 416 τί
180 388 310 424 ψάλλεται
327 388 438 415 ἐπὶτῶν
449 388 655 424 κεκοιμημένων
673 387 797 423 μοναχῶν
811 387 858 414 καὶ
868 386 926 412 λαῖ-

139 436 213 464 κῶν·
236 435 381 471 ὁμολόγους
406 434 435 462 δὲ
451 434 497 462 καὶ
525 433 743 468 ταύτοδυνάμους
767 433 838 468 ᾠδὰς
854 432 927 467 λέγει

139 483 199 514 ταῖς
215 481 498 517 προαναγνωσθείσαις
511 480 576 516 περὶ
592 480 765 512 ἀναστάσεως
784 479 927 514 ἀψευδέσιν

139 528 314 564 ἐπαγγελίαις
329 528 401 564 ᾄδειν
417 529 481 560 τοὺς
490 526 671 562 λειτουργούς.

174 576 220 602 ll].
236 577 250 610 ᾗ
264 576 286 602 1.
308 574 404 609 Ἰησοῦ
425 573 685 609 φωταγωγοῦντος.
706 573 766 600 Ὅτι
790 573 858 608 πρὸς
881 573 927 600 τὸν

139 621 197 655 βίον
207 621 255 648 καὶ
268 622 292 648 οἱ
309 621 385 648 τόποι
399 621 453 647 τῶν
468 620 685 656 κεκοιμημένων.

178 667 262 702 Ὑπὲρ
287 667 397 701 ταύτης
412 666 467 701 τῆς
489 667 580 699 θείας.
597 666 658 693 Ὀτι
675 666 846 702 δικαιοσύνης
870 667 927 695 ἐστὶ

138 713 168 740 τὸ
187 713 255 749 πρὸς
269 713 315 740 τὸν
331 713 387 748 βίον
400 713 490 740 δοῦναι
506 714 553 740 καὶ
565 713 611 740 τὸν
621 713 712 740 τόπον,

172 759 279 794 Εὺχὴν
299 759 391 794 ἱεράν.
406 759 455 786 Διὰ
468 760 520 795 τιὴ
537 759 613 795 εὐχή.

173 806 186 841 §
201 806 235 832 ll.
250 807 285 833 Al
301 805 335 832 δὲ
350 805 410 832 τῶν
425 804 599 840 θεαρχικῶν.
614 805 663 832 Διὰ
677 806 703 832 τί
716 805 783 841 ᾠδαὶ
799 806 845 832 καὶ
862 806 927 832 ἀνα-

139 851 296 887 γνώσματα.
314 852 470 888 Σημείωσαι
485 852 514 879 δὲ
534 852 613 879 ὁποία
628 851 690 888 ἧνὴ
706 852 752 879 ἐπὶ
766 854 821 884 τοῖς
836 861 926 879 κεκοι-

139 898 270 934 μημένοις
283 898 384 926 παλαιά
397 898 541 926 ἀκολουθία
555 899 602 925 καὶ
612 898 696 932 τάξις.

171 945 279 972 Σκόπει
294 945 337 977 δὲ,
351 945 394 971 ὅτι
406 945 473 972 νῦν.
485 946 544 972 ’Ότι
559 946 606 972 ἐπὶ
620 947 675 978 τοῖς
684 945 853 978 τελευτῶσιν,
865 946 926 973 οὔτε

139 993 162 1019 οί
178 991 368 1028 ἑνεργούμενοι
381 1012 388 1024 ,
412 991 474 1019 οὔτε
489 993 514 1019 oi
531 992 559 1019 ὲν
587 992 716 1028 μετανοίᾳ.
732 992 844 1025 ἐξίασιν,
860 993 928 1020 ἀλλὰ

142 1038 216 1073 μόνοι
231 1039 255 1065 οἱ
269 1038 479 1074 κατηχούμενοι·
495 1039 542 1066 καὶ
554 1038 598 1066 διὰ
607 1039 644 1066 τί.

177 1085 209 1112 οι
231 1085 458 1119 κατηχούμενοι.
474 1085 557 1112 Οὐδὲν
578 1086 628 1121 μὲν
644 1086 741 1122 μικρὸν
751 1086 780 1112 ὲν
790 1087 846 1118 τοῖς
867 1086 927 1113 καθ’

139 1131 212 1167 ἡμᾶς
229 1131 398 1167 μυστηρίοις,
414 1131 484 1158 ἀλλὰ
494 1132 583 1159 πάντα
599 1132 704 1168 μεγάλα
715 1140 721 1148 ·
732 1131 803 1159 αὐτὰ
825 1133 926 1168 μέντοι,

138 1177 207 1213 πρὸς
221 1177 323 1213 ἄλληλα
339 1177 548 1214 συγκρινόμενα,
559 1178 689 1214 διαφορὰν
701 1179 791 1211 ἕξουσι
808 1179 876 1214 πρὸς
885 1187 929 1214 με-

138 1223 309 1259 γαλειότητα.
325 1224 385 1251 Τῶν
395 1223 449 1259 γὰρ
458 1224 602 1260 δρωμένων
616 1225 662 1252 ἐπὶ
670 1225 693 1240 ⁵⁸
706 1226 763 1256 τοῖς
785 1224 928 1251 τελευτῶσι

139 1270 257 1306 μέγιστα
270 1271 316 1298 καὶ
333 1270 516 1307 ἀπαράὸλητα
531 1271 566 1298 τὰ
579 1271 632 1298 τῶν
648 1270 727 1297 θείων
743 1270 862 1306 λουτρῶν
880 1271 928 1297 καὶ

138 1317 319 1353 φωτισμάτων
335 1318 382 1344 καὶ
402 1317 578 1353 μεταλήψεων
595 1318 747 1354 μυστήρια·
765 1317 806 1344 διο
826 1318 872 1345 καὶ
883 1327 927 1353 μι-

138 1364 192 1399 κρὰ
205 1363 238 1391 τὰ
253 1365 299 1391 ἐπὶ
313 1365 369 1396 τοῖς
388 1365 601 1400 κεκοιμημένοις
614 1364 740 1400 ὠνόμασε
749 1373 756 1380 ’
778 1364 848 1401 πλὴν
867 1365 927 1391 οὐδὲ

137 1410 239 1438 τούτων
253 1410 324 1443 ἄξιοι
336 1412 361 1437 οἱ
371 1410 411 1437 ἐτι
428 1411 637 1447 κατηχούμενοι.

174 1457 381 1491 Βλαϐήσονται
402 1459 468 1494 γάρ.
491 1458 583 1486 Ταῦτα
607 1458 749 1486 ἀκολουθεῖ
763 1460 820 1490 τοῖς
847 1459 877 1485 ὲν
893 1459 927 1494 τῇ

139 1503 206 1539 πρὸς
216 1504 375 1539 Κορινθίους
388 1504 484 1541 πρώτῃ
506 1505 663 1541 εἰρημένοις
683 1504 760 1540 παρὰ
779 1504 827 1531 τοῦ
849 1505 928 1531 Ἀπο-

140 1550 234 1577 στόλου
250 1551 313 1586 περὶ
321 1550 376 1577 τῶν
390 1550 508 1583 ἀναξίως
524 1550 738 1577 κοινωνούντων·
763 1547 814 1577 ὦδε
833 1550 862 1577 δὲ
880 1551 927 1577 καὶ

140 1597 312 1632 περιφρονεῖν
321 1595 419 1627 αὐτοὺς
428 1595 502 1630 λέγει
511 1595 565 1622 τῶν
576 1595 655 1622 θείων
667 1595 834 1631 μυστηρίων.

174 1641 188 1677 §
203 1640 248 1669 IV.
270 1640 370 1676 Ὴμὲν
384 1641 441 1668 οὖν
458 1639 545 1676 εὐχή.
579 1642 734 1676 Σημείωσαι
760 1642 786 1668 τί
806 1641 924 1678 εὔχεται.

182 1733 381 1768 Ἀνθρωπινην
395 1733 568 1761 ἀσθένειαν.
584 1734 714 1761 Τουτέστι
729 1734 763 1761 τὰ
786 1734 851 1769 ψιλὰ
873 1735 928 1762 τῶν

140 1781 157 1808 ἁ
161 1789 250 1816 μαρττι
254 1781 355 1816 μάτων.

172 1826 235 1864 5V,
266 1828 432 1862 Άναλότοις
454 1827 627 1862 σημασιαις,
662 1828 815 1862 ’Λναλόγοις
840 1837 930 1864 σημαρ

141 1880 212 1905 σιαις
226 1872 288 1909 ἔφη,
303 1873 425 1901 τουτέστι
440 1875 501 1905 ταῖς
511 1874 576 1909 ἡμῖν
586 1874 733 1910 γνωρίμοις
747 1883 776 1901 τε
787 1875 834 1902 καὶ
847 1876 929 1912 συνή-

141 1919 210 1951 θεσι,
226 1920 274 1946 καὶ
285 1920 333 1956 οὺχ
353 1920 423 1956 ὑπὲρ
437 1919 487 1956 τὴν
502 1920 641 1956 ἡμετέραν
667 1920 776 1956 νόησιν,
793 1920 883 1953 λέξεσι
897 1930 928 1948 τε

142 1965 191 1992 καὶ
202 1966 360 2001 ὀνομασίαις
371 1966 568 2002 σημαινόμενα.

206 2055 250 2084 Vl.
270 2056 326 2091 Τῆς
341 2057 547 2092 πραγματικῆς
566 2057 675 2085 αὐτῶν.
694 2058 824 2085 Τουτέστι
838 2058 899 2085 καθ’
915 2058 930 2085 ὃ

142 2102 279 2139 δυνάμεθα
293 2105 372 2135 νοεῖν,
386 2103 433 2130 καὶ
448 2104 480 2130 ὲκ
492 2103 546 2130 τῶν
562 2104 627 2139 ἡμῖν
637 2103 783 2140 γνωρίμων
794 2102 892 2137 λέξεών
899 2113 928 2131 τε

144 2150 191 2177 καὶ
205 2150 343 2186 ὀνομάτων
359 2149 409 2181 τὰς
421 2150 479 2176 ἐκεῖ
491 2149 654 2182 ἀπολαύσεις
667 2151 681 2177 ὁ
696 2150 763 2182 Θεὸς
777 2151 929 2186 ὠνόμασεν,

142 2195 238 2230 είπὼν,
257 2197 294 2233 μὴ
309 2195 377 2224 εἶναι
387 2197 443 2224 ἐκεῖ
458 2197 555 2232 λύπην,
568 2197 681 2232 ἢνόσον,
698 2197 816 2233 ἢπόνον,
834 2197 850 2232 ἢ
868 2205 928 2223 στε-

142 2243 255 2279 ναγμὸν,
266 2243 332 2270 ἀλλὰ
344 2243 400 2278 φῶς
409 2242 489 2271 εἶναι·
502 2243 571 2279 πλὴν
581 2244 612 2270 οὐ
625 2243 705 2270 τοῦτο
721 2243 755 2270 τὰ
763 2244 821 2270 ἐκεῖ
827 2243 928 2277 ἀγαθὰ,

979 300 1031 320 CIS.

1016 338 1049 366 in
1063 338 1176 367 diuinis.i
1185 338 1253 367 Nota
1271 339 1336 374 quid
1352 340 1459 375 legatur
1470 343 1497 367 et
1510 340 1575 375 quid
1591 347 1706 370 canatur
1717 351 1767 378 pro

978 385 1131 417 monachis,
1149 389 1177 413 et
1189 385 1267 413 laicis
1291 386 1338 421 qui
1354 386 1537 414 dormierunt.
1561 388 1768 419 Consentaneos

977 436 1068 460 autem
1082 435 1181 459 cantus
1193 435 1221 459 et
1241 432 1311 459 idem
1328 432 1450 460 valentes
1464 433 1512 465 ait,
1529 435 1663 469 prwlectis
1678 436 1712 464 de
1724 445 1767 464 re-

978 479 1150 507 surrectione
1171 487 1226 506 non
1245 477 1323 506 falsis
1343 479 1582 514 promissionibus,
1599 489 1697 510 canere
1712 485 1766 511 mi-

978 529 1090 554 nistros.

1016 573 1060 600 111.
1082 571 1129 608 ξι.
1156 572 1221 600 Iesu
1247 574 1411 601 illuslraule.
1428 573 1505 607 Quod
1518 582 1568 609 pro
1588 575 1650 603 vita:
1671 576 1766 604 condi-

978 620 1062 651 tione.
1077 620 1160 648 etiam
1182 620 1241 647 loca
1253 620 1308 647 sint
1322 624 1501 647 mortuorum.

1013 665 1067 693 Pro
1081 665 1129 693 hoc
1140 665 1241 693 dit-ina.
1257 665 1375 694 Iustitia:
1390 674 1451 695 esse
1466 675 1516 702 pro
1527 668 1589 697 vita:
1609 671 1767 700 conditiuuc

977 711 1042 739 dure
1054 712 1135 739 etiam
1155 712 1244 740 locum
1250 733 1256 740 .

1015 757 1124 785 Precem
1135 767 1251 786 sacram.
1263 758 1320 786 Cur
1334 760 1466 795 precatio.

1018 804 1032 840 §
1048 804 1079 832 ll.
1094 804 1252 832 Divinarum
1267 814 1357 840 porro.
1388 806 1446 834 Cur
1462 810 1563 835 cantus
1581 811 1607 836 et
1623 809 1764 838 lectiones.

977 850 1046 878 Nota
1064 859 1130 878 vero
1147 851 1236 886 qualis
1255 851 1338 879 fuerit
1362 856 1441 880 vetus
1465 853 1583 881 ollicium
1606 858 1633 882 et
1653 856 1721 883 ordo
1738 858 1765 884 in

978 897 1105 924 mortuis.

1019 943 1148 971 Caeterum
1163 944 1282 977 observa,
1298 945 1368 981 quod
1382 954 1460 974 nunc.
1484 946 1524 974 Ad
1540 951 1709 975 mortuorum
1721 957 1765 977 se-

978 990 1126 1025 pulturam,
1148 998 1238 1026 neque
1263 993 1438 1027 cuergumeni
1454 1014 1461 1026 ,
1485 1001 1575 1028 neque
1601 995 1765 1029 paenitentes

977 1041 1095 1069 exeunt;
1109 1036 1156 1065 scd
1173 1037 1223 1065 soli
1236 1038 1424 1066 catechumeni
1434 1049 1440 1065 ε
1452 1042 1479 1066 et
1491 1048 1585 1074 quare.

1011 1083 1068 1119 88
1079 1083 1273 1112 Caici-humani.
1281 1083 1352 1112 Nihil
1364 1085 1472 1120 quidem
1482 1087 1611 1121 exiguum
1624 1087 1652 1114 in
1666 1088 1767 1115 nostris

979 1130 1127 1166 mysteriis.
1143 1130 1191 1159 sed
1205 1138 1303 1166 magna
1323 1132 1433 1165 omnia;
1452 1140 1484 1159 ea
1500 1136 1590 1160 tamen
1610 1133 1634 1161 si
1653 1133 1724 1161 inter
1738 1143 1767 1161 se

978 1176 1166 1209 conferantur,
1191 1177 1219 1204 in
1242 1178 1431 1213 magnitudine
1451 1178 1704 1206 dissimilitudinem
1719 1180 1768 1206 lin-

978 1223 1137 1251 bebuntJis
1149 1225 1222 1251 enim
1239 1232 1300 1260 quae
1316 1225 1496 1260 perﬁciuntur
1513 1225 1539 1252 in
1552 1226 1668 1253 mortuis
1681 1245 1689 1258 ,
1705 1233 1766 1253 mu-

978 1269 1051 1296 xima
1066 1273 1141 1301 sunt,
1155 1275 1183 1298 et
1207 1270 1444 1306 incomparabilia,
1458 1271 1614 1299 divinorum
1642 1271 1766 1299 lauacro-

979 1323 1040 1342 rum
1055 1320 1081 1343 et
1095 1316 1310 1344 illustrationum
1326 1318 1606 1353 communionumque
1616 1319 1746 1354 mysteria
1759 1329 1765 1346 :

979 1362 1041 1389 ideo
1060 1370 1143 1398 parva
1161 1363 1230 1391 dixit
1251 1372 1283 1392 ea
1305 1371 1366 1399 quae
1383 1364 1564 1400 perﬁciuntur
1586 1364 1613 1392 in
1628 1365 1764 1398 mortuis;

977 1413 1165 1437 verumtamen
1179 1417 1269 1445 neque
1284 1410 1327 1438 his
1343 1409 1419 1446 digni
1437 1411 1527 1438 adhuc
1541 1410 1743 1438 catechumeni.

1021 1455 1163 1483 Lazdemur
1173 1456 1252 1485 enim.
1269 1456 1332 1484 Haec
1352 1461 1507 1485 consonant
1533 1457 1568 1485 iis
1583 1465 1644 1493 quae
1665 1457 1767 1492 scripta

979 1506 1043 1530 sunt
1058 1503 1085 1530 iu
1102 1503 1193 1538 priore
1202 1503 1235 1530 ad
1251 1503 1411 1532 Corinthios
1431 1505 1547 1539 epistola
1572 1505 1606 1532 ab
1622 1504 1766 1539 Apostolo,

978 1548 1013 1577 de
1030 1549 1064 1576 iis
1076 1551 1122 1584 qui
1139 1549 1249 1584 indigne
1265 1551 1487 1583 communicant;
1503 1550 1548 1577 hic
1570 1555 1660 1578 autem
1683 1550 1767 1578 eliam

941 1599 962 1626 C
979 1601 1154 1625 contemnere
1164 1605 1212 1624 eos
1225 1597 1292 1624 dicit
1302 1597 1394 1624 divina
1409 1598 1550 1633 mysteria.

1014 1644 1028 1680 §
1041 1642 1085 1671 IV.
1101 1643 1223 1671 Precatio
1237 1643 1352 1679 quidem.
1368 1642 1437 1671 Nota
1451 1644 1516 1678 quid
1534 1648 1672 1678 precetur.

1015 1731 1169 1759 Humanam
1179 1732 1363 1768 fragilitatem.
1375 1732 1432 1760 Hoc
1445 1736 1488 1760 est
1504 1740 1586 1768 parva
1596 1736 1720 1768 peccatu.

1015 1822 1029 1858 §
1041 1821 1072 1849 ν.
1083 1821 1125 1849 Ad
1136 1826 1241 1856 captum
1255 1826 1375 1849 nostrum
1390 1822 1595 1850 accommodatis
1608 1823 1766 1856 rationibus,

979 1871 1027 1900 Gr.
1052 1871 1193 1906 ἁναλόγοις
1221 1871 1379 1908 σημασίαις.
1412 1871 1486 1899 Dixit
1507 1872 1647 1907 ἅναλύγοις
1671 1881 1764 1909 σημα-

980 1917 1066 1950 σίαις,
1083 1918 1134 1945 hoc
1144 1923 1187 1946 est
1200 1918 1280 1946 nobis
1295 1918 1368 1946 notis
1379 1923 1405 1946 et
1417 1919 1547 1952 assuetis,
1562 1923 1588 1946 et
1603 1927 1663 1954 quae
1684 1920 1765 1947 intel-

981 1965 1119 2000 ligentiam
1133 1969 1257 1993 nostram
1271 1972 1326 1992 non
1341 1970 1482 2000 superant,
1494 1965 1663 1994 dictionibus
1677 1970 1704 1994 et
1719 1974 1768 2001 ap-

979 2011 1170 2046 pellationibus
1186 2011 1349 2047 signiﬁcata.

1014 2057 1028 2094 ς
1043 2057 1087 2086 Vl.
1104 2058 1227 2086 Actione:
1243 2066 1318 2086 suae.
1332 2057 1390 2085 Hoc
1403 2062 1446 2086 est
1462 2062 1599 2093 quatenus
1615 2057 1765 2093 intelligere

980 2113 1137 2141 possumus.
1149 2110 1230 2141 atque
1245 2113 1278 2133 ex
1295 2105 1373 2132 nobis
1394 2105 1470 2132 notis
1484 2105 1574 2132 verbis
1591 2112 1625 2132 ee
1646 2104 1758 2132 nomini-

980 2152 1042 2185 bus,
1056 2153 1210 2187 voluptates
1226 2159 1287 2186 quaa
1302 2151 1358 2178 illic
1369 2155 1434 2178 sunt
1448 2150 1520 2178 Deus
1534 2151 1690 2185 appellavit,
1703 2159 1766 2178 cum

980 2198 1050 2226 dixit
1068 2206 1122 2226 non
1132 2206 1195 2226 esse
1209 2198 1266 2224 illic
1279 2197 1401 2225 dolorem
1413 2216 1420 2229 ,
1442 2199 1490 2224 aut
1502 2196 1628 2223 morbum
1642 2215 1649 2229 ,
1666 2200 1712 2223 aut
1727 2197 1766 2223 la-

979 2245 1084 2277 borem,
1103 2248 1150 2272 aut
1163 2244 1304 2279 gemitum,
1323 2242 1371 2271 sed
1384 2243 1475 2270 lumen
1487 2250 1565 2276 esse;
1578 2246 1766 2270 verumtamen

214 2290 251 2321 ὡς
265 2277 372 2325 ἀληθῶς
381 2290 508 2325 ἄγνωστα
522 2277 589 2322 τέως
603 2291 668 2326 ἡμῖν
677 2291 723 2317 καὶ¹
738 2290 926 2325 ἀκατάληπτα·

990 2299 1035 2318 ion
1045 2292 1097 2318 hoc
1107 2299 1168 2326 qua:
1179 2291 1234 2317 illic
1247 2290 1330 2322 bona,
1344 2289 1392 2317 sed
1402 2289 1546 2317 verissime
1568 2289 1659 2324 ignota
1676 2288 1767 2316 adhuc

142 2335 160 2362 ἃ
174 2336 228 2372 γὰρ
243 2336 377 2372 ὀφθαλμὸς
390 2337 441 2363 οὐκ
460 2334 514 2363 εἶδε
525 2355 532 2368 ,
549 2336 643 2363 καὶτὰ
660 2335 739 2372 ἑξῆς·
764 2336 821 2362 ἀλλ’
845 2336 874 2369 ἐξ
890 2333 928 2363 ὧν

141 2382 260 2418 οἴδαμεν,
278 2383 462 2419 ὑποδείγματα
478 2383 568 2410 δίδωσι
586 2384 794 2419 μακαριότητος.
811 2383 930 2419 Σημείω-

143 2427 232 2460 σαιδὲ,
243 2429 300 2461 πῶς
307 2429 440 2465 λαμὸάνει
453 2429 484 2456 τὸ
493 2449 501 2462 ,
519 2431 571 2462 Εἰς
587 2431 722 2463 κόλπους
739 2430 866 2464 Ἀϐραὰμ
880 2430 929 2456 καὶ

149 2475 253 2502 Ἰσαὰκ
269 2476 318 2502 καὶ
341 2475 451 2503 Ἰακώϐ.

180 2521 270 2550 Ὅτου
280 2522 378 2550 ἓνεκα.
399 2524 514 2560 ’Δπορεῖ
527 2524 591 2559 περὶ
613 2525 662 2559 τῆς
685 2524 830 2560 γινομένης
847 2524 930 2560 εὐχῆς

142 2568 219 2604 παρὰ
234 2568 282 2595 τοῦ
300 2570 429 2605 ἱεράρχου
448 2570 495 2597 ἐπὶ
516 2571 572 2602 τοῖς
589 2571 618 2597 ὲν
633 2570 779 2606 ἁμαρτίαις
796 2579 929 2606 κεκοιμη-

144 2614 245 2650 μένοις.

185 2661 246 2688 Τῶν
260 2661 382 2690 δικαίων
397 2664 427 2690 αι
443 2663 618 2697 προσευχαί.
636 2662 791 2697 Σημείωσαι
813 2662 854 2689 ὅτι
884 2661 931 2697 μό-

142 2715 206 2739 νους
220 2709 283 2740 τοὺς
298 2708 389 2741 ἀξίους
403 2709 458 2737 τῶν
473 2708 623 2745 οἰκτιρμῶν
638 2709 685 2735 τοῦ
700 2707 768 2735 Θεοῦ
781 2707 924 2742 ὼφελοῦσικ

182 2792 195 2806 ι
211 2785 308 2815 Matth.
327 2795 387 2820 vui.
405 2788 450 2815 il.

979 2337 1060 2365 nobis
1075 2340 1102 2364 et
1117 2336 1419 2371 incomprehensibilia;
1433 2342 1494 2370 quae
1504 2334 1576 2362 enim
1597 2335 1695 2362 oculus
1711 2343 1766 2362 non

980 2384 1058 2416 vidit,
1072 2388 1099 2410 et
1111 2390 1171 2418 qua!
1192 2385 1359 2417 sequuntur:
1379 2381 1426 2409 sed
1439 2389 1473 2408 ex
1488 2381 1522 2409 iis
1547 2389 1607 2416 quae
1627 2382 1765 2412 novimus.

981 2433 1028 2460 dat
1040 2431 1163 2466 exempla
1175 2429 1330 2458 beatitatis:
1346 2433 1411 2456 nota
1432 2432 1533 2460 autem.
1547 2429 1683 2463 quomodo
1695 2429 1766 2455 acui-

961 2467 967 2479 ’
981 2478 1037 2512 piat
1054 2476 1139 2504 illud:
1162 2475 1194 2502 In
1208 2476 1284 2502 sinus
1298 2474 1413 2501 Abralue
1428 2478 1452 2501 et
1464 2473 1545 2501 Isaac
1555 2478 1580 2500 et
1598 2473 1683 2500 Iacob
1699 2480 1722 2500 ιι.

1017 2521 1100 2556 Cujus
1114 2521 1151 2548 rei
1162 2521 1261 2556 gratia.
1279 2518 1390 2547 Dubitat
1412 2518 1447 2546 de
1462 2526 1543 2554 prece
1556 2518 1627 2545 facta
1650 2518 1684 2545 ab
1709 2518 1766 2552 epi-

983 2577 1080 2606 scopo,
1097 2569 1125 2596 in
1138 2569 1172 2596 iis
1187 2568 1234 2604 qui
1254 2567 1284 2594 iu
1298 2566 1418 2602 peccatis
1435 2566 1537 2594 mortui
1551 2570 1625 2593 sunt.

1017 2659 1157 2686 Justorum
1169 2667 1269 2694 preces.
1288 2658 1374 2690 Nota,
1389 2657 1462 2693 quod
1478 2657 1543 2685 solis
1558 2654 1648 2690 dignis
1662 2653 1767 2680 miseri-

981 2707 1074 2734 cordia
1091 2706 1138 2734 Dei
1154 2706 1405 2741 prasintjustorum
1421 2704 1572 2734 orationes.
1590 2701 1648 2729 sive
1659 2699 1763 2730 vivant,

609 2865 725 2894 VAIlIAS
742 2863 936 2894 LECTIONES
952 2862 995 2891 ET
1010 2861 1275 2891 CORRECTIONES

197 2929 222 2946 “
236 2930 274 2957 ἐν.
