1914 3063
155 173 206 201 £79

555 170 723 198 APPENDIX
741 170 786 198 AD
799 168 912 197 OPERA
931 169 960 197 S.
977 168 1126 196 DIONYSII
1148 168 1388 197 AREOPAGITE.

1724 171 1776 200 i80

155 240 212 260 sive
224 235 292 259 mor'
299 230 324 257 ui
341 231 414 263 sint;
428 238 483 258 non
494 230 603 265 quidem
620 229 810 265 peccatoribus
822 232 849 256 et
863 229 937 264 juste

996 229 1014 254 ιὶ
1030 227 1086 254 τῶν
1100 227 1211 254 δικαίων
1228 230 1388 263 προσευχαὶ,
1404 227 1459 254 εἴτε
1476 227 1599 260 ζῶντας,
1616 228 1670 256 εἴτε
1687 231 1772 258 τελευ-

153 277 354 309 condemnatis,
367 281 394 304 et
409 277 454 304 hic
468 281 495 304 et
506 281 568 311 post
583 281 708 303 mortem.

196 365 320 401 Nunquid
332 375 349 393 a
368 365 502 394 Samaeis.
519 365 612 400 Neque
637 365 709 393 enim
730 364 805 392 Sauli
819 367 939 401 pessimo

154 413 296 440 exsistenti
323 420 406 439 orans
426 412 528 447 profuit
555 411 676 444 Samuel,
706 419 794 446 neque
819 411 939 440 Hebraeis

156 459 344 494 peccatoribus
353 459 548 486 exsistentibus
558 458 673 493 Moyses.
684 457 755 485 Dixit
765 458 836 485 enim
848 458 939 486 Domi-

154 514 206 533 nus
218 505 251 533 ad
263 506 367 541 ipsum:
384 504 448 532 Νοίί
459 513 536 531 orare
555 511 601 538 pro
613 504 707 539 populo
723 505 785 531 ista.

186 593 249 622 Sole
255 593 337 620 lucem
346 601 431 620 suam.
442 591 507 620 Vide
513 600 547 620 ne
554 592 778 624 forteexistimes,
785 592 856 627 quod
866 592 939 620 dicat

153 641 238 668 solem
255 640 321 667 dare
339 647 388 667 sua
403 639 460 675 89
474 639 594 671 lumina;
617 638 754 674 quomodo
779 639 851 667 enim
881 639 939 674 ipse

153 687 200 722 qui
212 686 376 713 inanimatus
389 689 441 717 est,
453 684 577 712 dederit?
591 685 740 712 voluntatis
751 684 824 712 enim
840 687 882 712 est
893 684 939 712 do-

153 733 246 765 natio;
262 732 309 760 sed
321 732 403 759 veluti
416 739 523 758 morum
535 731 653 765 quadam
666 730 775 758 fictione
785 730 851 757 dicit
865 730 938 766 quod

153 779 324 814 proponitur.
341 777 419 805 Sicut
434 778 506 805 enim
524 777 546 804 si
558 777 620 812 quis
631 780 776 811 supponat,
794 776 879 804 solem
896 776 938 803 di-

152 833 228 852 cere:
243 824 298 860 Ego
312 824 466 852 valentibus
478 823 665 851 oeulislumen
682 823 771 856 dono;
789 827 881 858 postea
895 823 938 849 in-

153 871 247 898 ﬁrmus
262 871 361 905 aliquis
376 870 463 897 oculis
479 869 579 896 dixerit
593 879 599 896 :
617 868 654 895 Da
669 869 752 896 etiam
768 868 845 901 mihi,
860 868 938 895 valeo

151 904 440 951 enim;tunraceepta
466 915 536 946 luce,
561 915 644 941 etiam
667 914 694 940 id
719 913 791 948 quod
816 913 934 943 videbat,
952 904 974 931 Β

152 963 267 990 amittet.
282 962 383 990 Eodem
402 962 486 990 etiam
502 961 581 988 modo
602 964 730 996 peccator
750 960 864 987 aﬂ'ectus
881 963 934 990 est,

151 1017 212 1035 cum
229 1013 306 1044 rogat
326 1008 414 1035 virum
424 1007 538 1038 bonum,
552 1011 582 1034 ut
597 1015 646 1042 pro
661 1015 690 1034 se
706 1010 849 1042 precetur;
867 1005 937 1040 pati~

152 1060 196 1080 tur
212 1055 284 1081 enim
293 1053 439 1081 excutiens
451 1056 477 1080 et
493 1052 646 1088 suscipiens
660 1052 713 1080 viri
724 1052 789 1079 boni
804 1051 937 1078 orationis

151 1099 269 1131 radium,
297 1107 352 1126 non
367 1099 493 1127 concedit
519 1107 592 1132 eum,
608 1107 640 1126 ea
667 1106 728 1134 qua:
753 1102 817 1126 sunt
833 1104 937 1125 naturae

151 1145 238 1180 ipsius
253 1145 342 1172 facere
354 1148 381 1172 et
396 1145 546 1178 illustrare,
560 1145 607 1172 sed
618 1145 745 1172 tenebras
766 1145 817 1173 sibi
837 1152 937 1180 procu-

150 1194 203 1221 rat,
215 1198 271 1217 non
286 1189 410 1218 habendo
421 1190 565 1221 rationem.
578 1197 626 1225 per
642 1197 738 1225 puram
752 1191 836 1217 vitam
850 1190 937 1217 dono-

151 1243 212 1262 rum
224 1235 284 1268 Dei,
296 1240 324 1263 et
337 1236 466 1264 discessit
480 1243 528 1264 seu
541 1236 656 1264 secessit
670 1236 704 1264 ab
718 1236 936 1263 illuminantibus

152 1282 199 1310 Dei
216 1282 373 1317 praeceptis;
390 1289 507 1316 peccans
521 1282 594 1310 enim
604 1282 755 1310 contemnit
776 1282 862 1317 legem
876 1281 935 1314 Dei,

151 1333 178 1355 et
191 1329 259 1355 nihil
288 1328 322 1355 ab
346 1328 470 1355 oratione
487 1328 556 1363 justi
571 1329 722 1363 juvabitur.
739 1328 817 1361 Quod
845 1332 935 1356 autem

152 1375 209 1402 haec
224 1374 258 1401 de
274 1374 331 1402 sole
346 1373 383 1401 ita
398 1373 541 1408 intelligat,
557 1374 639 1401 etiam
652 1374 678 1401 in
699 1374 768 1401 libro
791 1373 828 1400 De
838 1373 936 1401 divinis

152 1420 312 1452 nominibus,
323 1424 423 1456 quarto
437 1421 526 1455 capite
543 1420 689 1455 signiﬁcat.

989 275 1134 310 τήσαντας,
1151 274 1182 300 οὐ
1201 274 1254 310 μὴν
1271 273 1447 310 ἁμαρτωλοὺς
1462 275 1509 301 καὶ
1524 274 1775 312 ἀξιοκατακρίτους,

990 321 1036 347 καὶ
1052 317 1102 347 ὧδε
1119 321 1166 347 καὶ
1184 320 1251 356 μετὰ
1268 320 1391 348 θάνατον.

1026 368 1060 393 Ἦ
1073 367 1102 393 τι
1114 366 1189 400 πρὸς
1210 367 1263 394 τοῦ
1283 366 1434 401 Σαμουήλ.
1458 366 1526 394 Οὔτε
1551 367 1605 403 γὰρ
1628 368 1673 394 τὸν
1690 369 1776 396 Σαοὺλ

989 412 1117 439 κάκιστον
1133 412 1196 439 ὂντα
1212 412 1352 448 ὠφέλησεν
1367 414 1381 439 ὁ
1396 413 1522 449 Σαμουὴλ
1538 414 1694 449 εὐξάμενος,
1713 414 1775 441 οὔτε

988 459 1051 490 τοὺς
1079 459 1219 494 Ἐὕραίους
1241 458 1418 494 ἁμαρτωλοὺς
1433 459 1513 491 ὄντας
1528 461 1541 486 ὁ
1561 461 1696 495 Μωῦσῆς·
1715 459 1775 487 εἷπε

989 504 1043 540 γὰρ
1058 506 1072 532 ὁ
1087 506 1188 541 Κύριος
1203 505 1271 540 πρὸς
1285 505 1366 532 αὐτόν
1376 514 1382 520 ·
1399 505 1448 540 Μὴ
1465 506 1634 541 προσεύχου
1647 507 1713 541 περὶ
1723 507 1776 534 τοῦ

988 551 1064 578 λαοῦ
1078 552 1195 578 τούτου.

1030 597 1128 625 Ἡλίου
1146 599 1182 625 τὰ
1201 598 1303 626 οἰκεῖα.
1328 599 1398 635 Ὅρα
1416 600 1452 636 μή
1473 599 1524 627 πού
1540 609 1571 635 γε
1595 601 1718 636 νομίσῃς.
1735 601 1776 627 ὅτι

987 644 1035 671 τὸν
1049 644 1125 679 ἥλιόν
1141 653 1206 680 φησι
1223 645 1366 680 δωρεῖσθαι
1382 645 1416 672 τὰ
1425 646 1520 672 ἑαυτοῦ
1538 646 1629 681 φῶτα·
1647 647 1708 678 πῶς
1722 647 1777 682 γὰρ

988 690 1020 717 ἂν
1036 689 1139 726 ἄψυχος
1161 690 1329 726 δωρήσαιτο;
1353 692 1538 728 προαιρέσεως
1558 693 1612 728 γὰρ
1633 693 1650 728 ἡ
1666 693 1774 728 δωρεά·

988 736 1055 764 ἀλλὰ
1072 737 1143 763 κατὰ
1157 736 1299 772 ἠθοποιίαν
1313 738 1394 764 οἱονεί
1409 747 1469 764 τινα
1493 738 1523 764 τὸ
1538 739 1719 774 προκείμενον
1734 738 1777 765 λέ-

988 792 1041 818 γει.
1059 784 1163 819 Ὥσπερ
1186 783 1241 820 γὰρ
1265 783 1332 816 εἴτις
1355 783 1480 811 ὑπόθοιτο
1501 785 1546 811 τὸν
1571 785 1645 820 ἥλιον
1668 785 1774 819 λέγειν·

995 829 1066 864 Ἐγὼ
1080 831 1137 862 τοῖς
1153 830 1319 866 ἐρρωμένοις
1335 830 1484 866 ὀφθαλμοῖς
1498 830 1592 866 δίδωμι
1617 830 1691 865 φῶςο
1716 830 1777 858 εἶτα

988 876 1107 903 ἀσθενῶν
1123 885 1165 907 τις
1179 876 1212 903 τὰ
1229 877 1339 912 ὖμματα
1356 878 1427 904 εἴποι
1438 886 1444 893 ’
1462 878 1511 909 Δὸς
1533 877 1632 912 κάμοί·
1650 878 1776 914 ἔρρωμαι

987 923 1057 958 γάρ’
1075 922 1169 949 ἔπειτα
1184 923 1330 959 δεξάμενος
1344 923 1394 960 τὴν
1410 924 1516 956 ἀκτῖνα,
1534 923 1581 950 κα).
1595 923 1692 958 ὃὲώρα
1723 923 1776 951 ἁπ-

986 968 1080 997 ολέσει·
1091 969 1137 996 τὸν
1153 970 1233 996 αὑτὸν
1248 970 1348 1006 τρόπον
1359 971 1405 997 καὶ
1420 971 1434 997 ὁ
1449 970 1619 1006 ἁμαρτωλὸς,
1637 969 1722 996 αἰτῶν
1737 970 1777 996 δὶ-

987 1023 1064 1041 καιον
1079 1014 1205 1047 εὔξασθαι
1216 1016 1286 1051 ὑπὲρ
1301 1015 1393 1048 αὑτοῦ,
1409 1016 1516 1051 πάσχεν
1531 1015 1777 1051 ἀμϐλυώττωνγὰρ

987 1063 1001 1088 ὁ
1016 1062 1187 1097 ἁμαρτωλὸς,
1205 1063 1252 1089 καὶ
1267 1062 1409 1098 δεχόμενος
1433 1063 1482 1098 τῆς
1496 1062 1542 1089 τοῦ
1564 1062 1669 1089 δικαίου
1692 1063 1776 1098 εὐχῆς

986 1108 1037 1143 τὴν
1052 1108 1158 1139 ἀκτῖνα,
1175 1109 1205 1135 οὺ
1223 1109 1359 1144 συγχωρεῖ
1374 1108 1458 1144 αὐτὴν
1473 1108 1507 1135 τὰ
1523 1107 1593 1135 κατὰ
1609 1108 1691 1143 φύσιν
1699 1110 1776 1145 ἐνερ-

987 1155 1046 1188 γεῖν
1061 1154 1108 1181 καὶ
1123 1155 1249 1189 φωτίζειν
1259 1163 1265 1170 δ
1284 1154 1352 1182 ἀλλὰ
1369 1155 1464 1187 σκότος
1480 1155 1568 1191 ἑαυτῷ
1584 1155 1720 1191 προξενεῖ,
1736 1155 1776 1191 τῷ

989 1201 1057 1236 μήτε
1073 1201 1215 1237 προσέχειν
1231 1201 1274 1228 διὰ
1292 1201 1411 1237 καθαροῦ
1429 1201 1487 1236 βίου
1502 1203 1561 1233 ταῖς
1576 1201 1623 1228 τοῦ
1640 1202 1709 1228 Θεοῦ
1726 1202 1775 1228 δω-

988 1249 1073 1283 ρεαῖς,
1091 1248 1137 1275 καὶ
1155 1249 1189 1284 τῇ
1205 1249 1381 1283 ἀποφοιτήσει
1393 1248 1493 1284 μέντοι,
1504 1249 1586 1284 ἤγουν
1602 1249 1776 1285 ἀναχωρήσει

987 1294 1041 1322 τῶν
1052 1294 1226 1329 φωτιζουσῶν
1236 1294 1403 1322 ἐντολῶντοῦ
1419 1294 1524 1322 Geo-3'6
1540 1295 1594 1330 γὰρ
1609 1296 1776 1331 ἁμαρτάνων

987 1342 1153 1377 καταφρονεῖ
1168 1341 1216 1368 τοῦ
1241 1341 1322 1377 νόμου
1339 1341 1384 1368 τοῦ
1400 1341 1468 1368 Θεοῦ
1478 1361 1485 1374 ,
1509 1342 1555 1369 καὶ
1571 1342 1646 1369 οὐδὲν
1670 1343 1723 1369 ὑπὸ
1738 1343 1777 1368 δι-

987 1388 1066 1415 καίου
1095 1388 1177 1423 εὐχῆς
1204 1387 1418 1424 ὠφεληθήσεται.
1439 1388 1500 1415 Ὅτι
1526 1389 1554 1414 δὲ
1579 1388 1612 1415 τὰ
1640 1389 1706 1424 περὶ
1728 1387 1777 1415 τοῦ

987 1434 1062 1469 ἡλίου
1078 1434 1149 1462 οὕτω
1164 1436 1235 1467 νοεῖ,
1261 1435 1308 1462 καὶ
1330 1436 1358 1462 ὲν
1374 1435 1413 1470 τῷ
1428 1436 1497 1470 Περὶ
1514 1435 1600 1463 θείων
1623 1433 1776 1469 ὀνομάτων

930 1488 934 1490 ⁷
987 1481 1127 1517 κεφαλαίῳ
1141 1481 1161 1508 δ’
1178 1482 1315 1517 σημαίνει.

189 1522 283 1551 Utiles.
299 1522 441 1556 Quomodo
451 1526 478 1550 et
490 1522 600 1558 quando
607 1522 695 1556 prosit
704 1521 771 1555 justi
780 1522 868 1550 oratio
875 1526 936 1550 tan-

1029 1527 1186 1562 Ὠφέλιμοι.
1208 1528 1271 1560 Πῶς
1291 1528 1338 1554 καὶ
1364 1528 1428 1554 πότε
1451 1527 1552 1562 ὠφελεῖ
1576 1527 1682 1554 δικαίου
1709 1526 1775 1561 εὐχὴ

150 1573 209 1596 :um
225 1569 328 1596 viventi
344 1578 350 1595 :
372 1572 400 1596 et
410 1568 487 1602 dicit,
504 1567 615 1603 quando
628 1568 770 1602 pmnitenti
785 1568 937 1596 secundum

996 1573 1078 1606 ζῶντα
1091 1573 1183 1609 μόνον·
1198 1573 1244 1601 καί
1260 1582 1352 1609 φησιν,
1377 1574 1421 1600 ὅτε
1444 1573 1624 1609 μετανοοῦντα
1645 1572 1716 1599 κατὰ
1730 1572 1777 1599 τὸν

150 1616 309 1652 Apostolum
325 1623 331 1641 :
351 1615 429 1642 Flere
439 1623 498 1642 cum
511 1614 634 1649 ﬂentibus
646 1615 702 1646 δ-ε,
714 1618 741 1642 et
752 1615 862 1650 quando
871 1622 936 1642 ora—

150 1663 243 1689 culum
257 1662 323 1689 illud
338 1660 667 1697 complet:Multumvalel
677 1660 826 1696 deprecatio
836 1660 936 1696 justid,

151 1716 269 1743 operans
285 1715 333 1743 per
346 1708 534 1742 paenitentiam
547 1707 675 1743 petentis,
692 1707 844 1735 orationem
860 1707 937 1734 scili-

151 1760 203 1782 cet.
218 1753 247 1781 Si
258 1755 330 1782 enim
345 1763 418 1782 unus
429 1753 555 1787 aediﬁcet,
578 1754 629 1781 hoc
645 1757 686 1781 est
697 1754 801 1789 justus,
816 1757 843 1781 et
854 1762 936 1786 unus,

151 1802 222 1829 sicut
235 1804 365 1835 peccator
378 1804 492 1831 evertat,
519 1800 707 1835 imperfectum
732 1804 824 1827 manet
847 1808 936 1836 opus;

151 1847 379 1882 queniodmodum
390 1847 506 1882 legimus
520 1847 547 1874 in
563 1848 687 1882 exemplo
699 1847 733 1874 de
745 1846 828 1875 Saule
838 1851 868 1875 et
888 1846 938 1874 Sa-

151 1893 250 1919 muele.

187 1937 236 1964 Ρίιι
248 1938 370 1972 aﬂ'ectua,
384 1937 432 1965 Gr.
443 1938 501 1971 ’ἐξιν
518 1938 603 1974 ἱεράν.
618 1938 746 1966 Habitum
763 1944 855 1966 autem
871 1946 937 1967 san-

151 1987 224 2011 ctum
237 1983 289 2010 hoc
298 1983 368 2013 loco.
382 1983 498 2018 propriae
511 1983 573 2011 vita;
587 1984 620 2011 ad
631 1984 757 2011 virtutem
768 1984 939 2012 affectionem

152 2029 230 2056 dixit.
246 2028 423 2064 Συλλήπτορα
436 2037 510 2061 vero,
527 2037 576 2064 pro
587 2029 748 2064 adjutorem.

187 2073 364 2109 Colloquium.
379 2073 439 2101 Non
454 2075 614 2110 simpliciter
628 2083 680 2103 nos
694 2076 728 2102 ab
739 2075 894 2103 accedendo
905 2075 939 2103 ad

153 2120 275 2148 divinum
283 2120 461 2155 colloquium,
476 2124 502 2148 et
515 2129 562 2156 per
571 2129 622 2149 nos
631 2126 722 2156 petere
733 2129 748 2148 a
758 2120 812 2148 Deo
827 2121 939 2148 meliora

151 2170 178 2193 et
195 2166 335 2199 salutaria,
348 2166 428 2194 Pater
442 2167 577 2202 prohibet,
594 2168 683 2195 sciens
697 2166 857 2201 Apostolum
870 2174 939 2201 prae-

153 2212 296 2246 cipientem
317 2222 323 2239 :
339 2213 395 2239 sine
408 2213 599 2239 intermissione
618 2220 694 2239 orare
710 2217 722 2231 θ
734 2221 740 2245 ;
751 2212 798 2240 sed
812 2211 940 2246 opinione

995 1619 1164 1651 Ἀπόστολον,
1184 1620 1308 1647 Κλαίειν
1318 1620 1340 1635 ⁵⁸
1356 1620 1431 1655 μετὰ
1447 1620 1620 1651 κλαιόντων,
1635 1620 1682 1646 ὅτε
1691 1619 1736 1646 καὶ
1746 1623 1777 1646 τὸ

987 1665 1076 1701 λόγιον
1090 1666 1178 1693 ἐκεῖνο
1192 1665 1351 1702 πληροῦται,
1366 1666 1447 1701 Μέγα
1456 1665 1635 1701 ὶσχύειεὺχὴ
1647 1666 1775 1697 δικαίου,

988 1712 1170 1748 ἐνεργουμένη
1190 1713 1234 1740 διὰ
1252 1713 1303 1748 τῆς
1323 1713 1466 1749 μετανοίας
1487 1712 1533 1739 τοῦ
1559 1713 1704 1748 δεομένου,
1727 1712 1776 1747 τῆς

988 1759 1071 1794 εὒχῆς
1085 1758 1215 1794 δηλονότι.
1239 1759 1300 1786 Ἐὰν
1313 1759 1367 1796 γὰρ
1385 1757 1425 1791 εἷς
1441 1760 1582 1795 οἰκοδομῇ,
1600 1759 1741 1785 τουτέστιν
1760 1759 1775 1784 ὁ

988 1805 1104 1837 δίκαιος,
1115 1806 1162 1833 καὶ
1178 1805 1201 1821 ⁵⁸
1215 1803 1265 1837 εἷς,
1288 1803 1344 1832 οἷον
1361 1805 1375 1831 ὁ
1393 1805 1567 1842 ἁμαρτάνων,
1584 1805 1775 1841 καταστρέψῃ,

989 1851 1129 1878 ἀτέλεστον
1146 1851 1221 1886 μένει
1236 1851 1266 1877 τὸ
1280 1851 1370 1886 ἔργον,
1390 1851 1426 1883 ὡς
1446 1851 1566 1886 ἔγνωμεν
1581 1852 1627 1877 ἐπὶ
1642 1851 1692 1879 τοῦ
1707 1850 1777 1878 κατὰ

931 1906 933 1908 ·
989 1896 1034 1922 τὸν
1047 1896 1132 1924 Σαοὺλ
1147 1897 1193 1923 καὶ
1207 1897 1251 1923 τὸν
1266 1897 1393 1932 Σαμουὴλ
1407 1896 1613 1932 ὑποδείγματος.

1025 1942 1108 1975 ’Ἐξιν
1119 1943 1200 1976 ἱερὰν
1210 1943 1296 1977 ἔχων.
1311 1942 1386 1975 ’Ἐξιν
1398 1942 1425 1968 δὲ
1441 1942 1516 1977 ἱερὰν
1533 1941 1649 1968 ἐνταῦθα
1660 1943 1711 1977 τὴν
1729 1941 1776 1968 τοῦ

989 1988 1088 2015 οἰκείου
1097 1988 1153 2024 βίου
1162 1988 1228 2024 πρὸς
1234 1988 1333 2024 ἀρετὴν
1341 1988 1458 2014 διάθεσιν
1466 1988 1569 2023 εἴρηκε.
1577 1989 1600 2015 Σ
1601 1989 1778 2022 υλλήπτρρα

989 2034 1028 2066 δὲ,
1038 2035 1098 2061 ἀντὶ
1112 2034 1158 2061 τοῦ
1169 2035 1296 2068 βοηθόν.

1032 2081 1170 2116 Ὀμιλίανκ
1181 2081 1236 2115 Οὺχ
1247 2080 1339 2111 ἁπλῶς
1353 2079 1399 2106 τοῦ
1416 2080 1484 2116 πρὸς
1494 2079 1568 2106 θείαν
1580 2080 1654 2115 ἡμᾶς
1670 2079 1777 2115 ὁμιλίαν

992 2129 1100 2163 χωρεῖν,
1117 2127 1164 2153 καὶ
1177 2126 1209 2153 δι’
1221 2126 1324 2153 ἑαυτῶν
1334 2126 1465 2152 αἰτεῖσθαι
1476 2125 1551 2161 παρὰ
1561 2125 1628 2152 Θεοῦ
1641 2126 1677 2152 τὰ
1686 2125 1777 2161 κρείτ-

991 2181 1056 2199 τονα
1071 2173 1118 2200 καὶ
1135 2173 1264 2208 σωτήρια,
1279 2172 1404 2208 ἀπείργει
1415 2173 1542 2209 ὁΠατὴρ,
1552 2172 1682 2205 είδὼςτὺν
1697 2172 1775 2199 Ἀπό-

993 2218 1085 2245 στολον
1102 2218 1304 2254 προστάσσοντα
1321 2218 1515 2251 ἀδιαλείπτως
1539 2221 1775 2256 προσεύχεσθαι,

153 2258 270 2292 quadam
281 2259 395 2291 victum,
411 2255 586 2286 contemnere
599 2264 723 2290 sanctos,
744 2263 771 2286 et
788 2266 837 2294 pro
851 2259 937 2285 nihilo

996 2265 1058 2291 ὶλλὰ
1067 2264 1124 2298 τοῦ,
1142 2265 1228 2301 οἰήσει
1245 2264 1305 2291 τινὰ
1322 2265 1505 2301 κρατούμενον
1525 2266 1705 2301 ὑπερφρονεῖν
1723 2264 1776 2291 τῶν

152 2305 252 2332 ducere
265 2312 359 2332 eorum
372 2305 520 2332 orationes.

187 2349 226 2376 De
236 2350 308 2377 dicta
317 2358 403 2384 porro.
419 2350 461 2378 Ab
471 2351 523 2377 hoc
538 2351 597 2377 loco
606 2350 852 2386 ineipitexponere,
865 2349 938 2384 quod

153 2396 242 2422 oratio
254 2396 339 2430 prosit
350 2401 467 2428 mortuo,
484 2400 511 2424 et
523 2401 586 2423 nota
601 2397 673 2431 quod
694 2401 756 2423 ante
771 2396 871 2431 ipsum,
886 2395 937 2422 du-

152 2441 227 2468 bium
240 2441 292 2468 hoc
304 2441 450 2476 quaesitum
463 2441 554 2468 fuerit.

191 2487 206 2523 §
219 2486 273 2515 Vll.
288 2487 489 2514 Dissimulanle.
503 2488 598 2520 Qualia
614 2491 708 2515 nostra
727 2491 838 2522 peccata
864 2485 936 2513 Deus

153 2533 308 2561 dissimulet
334 2539 444 2568 propter
473 2535 625 2561 orationem
657 2538 683 2561 et
716 2542 811 2568 preces
845 2540 937 2560 sacer-

154 2580 236 2607 dotis.

189 2625 260 2652 Petit
276 2630 363 2651 aulem
372 2625 429 2651 illa.
446 2625 516 2658 Quid
528 2629 600 2660 petat
617 2626 756 2653 sacerdos.

188 2671 244 2706 90
258 2671 447 2698 Prwsenlibus.
465 2671 520 2699 Hoc
531 2676 572 2698 est
585 2672 667 2706 justis
682 2677 708 2698 et
723 2673 785 2707 piis.

190 2803 233 2825 L9
251 2803 329 2832 Rom.
345 2813 394 2837 xu,
411 2804 455 2833 15.
494 2804 506 2823 τί
522 2804 580 2832 Jac.
598 2814 624 2838 ν,
641 2805 685 2833 16.

725 2812 736 2825 ε
755 2805 763 2832 l
780 2805 877 2833 Thess.
894 2814 920 2837 v,
938 2805 980 2832 '17.

993 2311 1088 2345 ἁγίων,
1107 2311 1153 2337 καὶ
1167 2311 1222 2337 ἀντ’
1233 2311 1339 2343 οὐδενὸς
1355 2311 1475 2338 τίθεσθαι
1492 2311 1540 2342 τὰς
1556 2312 1657 2338 τούτων
1681 2310 1772 2346 εὐχάς.

1028 2357 1097 2391 Περὶ
1116 2357 1149 2383 δὲ
1168 2357 1231 2391 τῆς.
1250 2357 1344 2384 Ἔνθεν
1363 2358 1474 2393 ἄρχεται
1498 2358 1596 2392 λέγειν,
1624 2358 1660 2389 ὡς
1678 2357 1777 2392 ὠφελεῖ

993 2403 1038 2429 τὸν
1063 2403 1158 2438 νεκρὸν
1173 2403 1189 2438 ἡ
1205 2403 1281 2438 εὐχή.
1297 2403 1351 2430 Καὶ
1369 2404 1519 2439 σημείωσαι
1535 2404 1575 2429 ὃτι
1592 2404 1638 2430 καὶ
1654 2404 1706 2439 πρὸ
1726 2402 1774 2428 αὑ-

990 2448 1036 2475 τοῦ
1051 2448 1167 2484 ὲξητήθη
1182 2449 1212 2475 τὸ
1224 2449 1323 2484 ἄπορον
1338 2449 1425 2476 τοῦτο.

1026 2494 1040 2530 §
1054 2494 1108 2520 νιι.
1126 2494 1314 2528 Παρορὼσης.
1337 2495 1420 2527 Ποίας
1441 2496 1520 2532 ἡμῶν
1533 2496 1669 2532 ἁμαρτίας
1679 2496 1694 2521 ὁ
1708 2494 1772 2524 Θεὸς

992 2541 1100 2576 παρορᾷ
1129 2540 1173 2567 διὰ
1199 2540 1250 2576 τῆς
1279 2541 1326 2568 τοῦ
1352 2542 1446 2578 ἱερέως
1466 2543 1618 2578 προσευχῆς
1641 2542 1686 2569 καὶ
1710 2540 1772 2574 δεή-

992 2595 1070 2618 σεως.

1027 2634 1109 2661 Αιτεῖ
1121 2634 1155 2660 δὲ
1169 2635 1254 2662 αὑτά.
1266 2634 1298 2661 Τί
1313 2636 1384 2662 αἰτεῖ
1397 2636 1411 2661 ὁ
1428 2635 1524 2671 ἱερεύς.

1031 2680 1094 2713 Τοῖς
1114 2681 1253 2714 παροῦσι.
1281 2681 1409 2708 Τουτέστι
1426 2683 1482 2714 τοῖς
1501 2681 1613 2713 δικαίοις
1631 2681 1676 2708 καὶ
1696 2678 1771 2704 εὐορ-

993 2728 1063 2756 σέσι.

616 2874 732 2903 VARle
752 2873 944 2903 LECTIONES
962 2873 1004 2902 ΕΤ
1023 2874 1296 2904 CORRECTIONES.

184 2928 207 2943 "'
218 2929 264 2956 καὶ
279 2929 413 2960 κλαίοντα.
447 2932 469 2949 υ
484 2933 574 2970 ἕτερος
591 2933 618 2960 δέ
