1914 3063
119 166 166 193 181
480 166 508 194 S.
531 165 654 194 MAXIMI
673 165 819 194 SCHOLIA
837 166 871 193 IN
889 166 953 195 LIB.
975 166 1018 193 DE
1034 166 1175 195 ECCLES.
1195 166 1382 195 HIERARCH.
1699 168 1751 195 {8‘2

152 223 239 251 Κατὰ
263 224 346 252 θείαν·
365 224 451 258 ζωήν.
469 224 612 251 Τουτέστιν
635 225 686 252 ὅσα
711 225 834 261 νομίμως
859 226 903 253 καὶ

995 225 1143 253 Secundum
1164 226 1280 253 divinam
1304 227 1396 254 vitam.
1427 225 1484 254 Hoc
1498 232 1550 258 est,
1577 234 1749 262 quaecunque

114 270 274 303 ἀκολούθως
284 271 298 297 ὁ
313 271 414 304 δίκαιος
424 271 570 303 ἐπίσκοπος
587 271 702 307 αἰτήσει,
720 271 903 307 λήψεται,ὰλλ

973 277 1033 300 uste
1049 276 1076 300 et
1090 278 1289 308 consequenter
1298 273 1392 308 justus
1405 274 1552 309 episcopus
1571 277 1655 308 petet.
1675 275 1749 301 acci-

115 317 163 343 ἐπὶ
181 318 306 345 δικαίων·
323 318 430 354 εἴρηται
443 318 497 354 γὰρ
513 318 552 353 τῷ
569 317 638 353 ἁγίῳ
653 318 748 354 Πέτρῳ
759 326 765 333 ’
785 318 862 344 Ὅσα
872 317 903 344 ἂν

971 318 1024 350 ιίοι,
1038 317 1086 345 sed
1096 325 1146 352 pro
1157 318 1241 352 justis
1254 327 1261 351 ;
1278 318 1382 346 dictum
1394 319 1466 346 enim
1481 323 1523 346 est
1538 324 1634 347 sancto
1645 318 1727 346 Petro
1739 327 1747 345 :

115 361 220 398 δήσῃς
233 364 283 391 ἐπὶ
298 363 354 399 τῆς
369 364 435 399 γῆς,
458 365 505 391 καὶ
518 364 553 391 τὰ
566 363 630 399 ἑξῆς
640 372 646 381 ·
663 364 733 391 κατὰ
749 364 862 400 μίμησιν
881 364 903 390 δέ

971 365 1126 399 ὶαωσιιπφιε
1136 364 1259 400 ligaveris
1274 373 1352 400 super
1368 369 1466 392 terram
1480 365 1503 398 ί,
1512 370 1540 393 et
1553 373 1614 401 qua
1628 374 1749 401 sequun-

119 410 168 437 τοῦ
185 411 262 445 ἁγίου
276 411 381 447 Πέτρου
392 412 461 438 είσὶν
471 412 496 438 οἱ
510 411 664 443 ἐπίσκοποι,
677 411 716 442 ὡς
726 410 795 446 μετὰ
813 410 903 446 μικροὶ

973 418 1018 444 υι·;
1034 411 1185 438 secundum
1197 415 1289 439 autem
1305 411 1483 440 imitationem
1496 412 1582 440 sancti
1597 412 1669 440 Petri
1684 417 1749 440 sunt

119 456 206 491 λέγει.
225 457 380 493 Σημείωσαι
407 457 435 484 δὲ
456 457 569 493 μέγεθος
591 457 732 494 ἰεραρχίας
764 457 811 484 καὶ
844 456 903 491 ὕψος

971 457 1093 492 episcopi,
1108 461 1138 484 ut
1149 461 1211 492 post
1225 465 1313 493 pauca
1327 457 1404 485 dicit.
1417 457 1487 484 Nota
1501 465 1566 486 vero
1582 459 1748 494 magnitudi-

119 504 168 530 καὶ
181 504 363 540 καθαρότητα.

156 551 203 577 Διὸ
215 550 276 583 τοῖς
286 550 423 584 ἀνιέροις.
439 550 592 586 Σημείωσαι
606 551 646 577 ὃτι
660 550 746 577 ταῦτα
759 551 814 582 τοῖς
825 551 909 586 ἀμαρ-

118 596 217 628 τωλοῖς
227 596 277 623 οὐκ
288 596 445 631 ἐπεύχεται.

159 642 349 678 Τελετάρχου.
367 642 495 669 Τουτέστι
505 642 552 668 τοῦ
569 642 639 669 θείου
656 642 821 678 Πνεύματος.

155 689 266 716 Αἰτεῖτε
278 690 337 716 καί.
352 689 398 715 Ἐκ
407 689 457 724 τῆς
470 689 597 716 Ἰακώϐου
609 689 768 724 Ἐπιστολῆς
776 689 806 715 τὸ
815 689 906 725 ῥητὸν,

118 735 246 763 διδάσκον
263 737 348 772 ἡμᾶς,
363 736 400 767 ὡς
420 736 451 762 οὐ
469 736 508 762 δεῖ
528 735 728 772 προσεύχεσθαι
743 737 807 771 περὶ
821 735 907 762 κακοῦ

116 791 192 815 τινος
205 782 376 819 προσὼπουῆ
392 782 565 818 πράγματος.

158 830 212 863 Τὰς
222 829 415 864 ἀφοριστικὰς
424 830 540 864 ἔχουσι.
559 829 627 865 Περὶ
642 829 695 856 τῶν
707 828 907 864 ἁκοινωνησιῶν

116 877 167 903 καὶ
180 875 338 912 ἀφορισμῶν
348 875 401 902 τῶν
416 875 491 911 παρὰ
501 874 548 901 τοῦ
562 875 687 911 ἱεράρχου
696 883 703 891 ·
716 875 844 910 δυνάμεις
852 875 907 912 γάρ

117 931 187 958 φησι
203 921 252 953 τὰς
268 923 300 948 ὲκ
313 921 380 948 Θεοῦ
396 921 539 957 δεδομένας
553 922 645 954 αὐτοῖς
661 921 815 956 γνωστικὰς
833 922 908 949 δοκι-

118 969 222 1004 μασίας
237 969 283 996 καὶ
296 969 411 1005 κρίσεις,
428 968 462 995 δι’
475 965 512 995 ὧν
529 968 551 984 ⁸⁷
568 967 729 1004 ἀφορίζουσι
739 968 803 1000 τοὺς
815 969 906 1004 ἀμαρ-

115 1015 222 1047 τωλοὺς
237 1016 268 1042 ὲκ
283 1015 336 1042 τῶν
345 1015 467 1046 δικαίων,
482 1014 499 1050 ἢ
515 1014 545 1041 τὸ
560 1014 686 1050 ἔμπαλιν.

161 1062 296 1096 Ἀλόγοις
315 1061 428 1096 ὁρμαῖς.
450 1060 606 1096 Σημείωσαι
627 1061 679 1093 ὃτι,
702 1060 749 1088 ἐὰν
765 1061 840 1097 παρὰ
861 1061 906 1088 τὸν

117 1109 220 1136 σκοπὸν
233 1108 280 1135 τοῦ
291 1108 358 1135 Θεοῦ
371 1107 509 1144 ἀφορίσῃὸ
521 1107 717 1143 ἱεράρχης,οὐχ
723 1107 819 1134 ἕπεται
832 1107 907 1143 αὺτῷ

115 1156 148 1182 τὸ
166 1156 236 1183 θεῖον
253 1157 357 1192 κρῖμα·
379 1155 450 1182 κατὰ
465 1154 520 1190 γὰρ
539 1154 613 1181 θείαν
629 1154 720 1191 κρίσιν
740 1155 788 1181 καὶ
806 1154 837 1181 οὑ
863 1153 907 1180 διὰ

116 1202 225 1238 Θέλημα
241 1202 305 1229 ἴδιον
321 1202 407 1229 ταῦτα
421 1202 522 1236 ὀφείλει
535 1201 686 1236 ἐπιφέρειν.

157 1249 190 1275 Τὸ
208 1249 338 1284 Πνεῦμα.
357 1248 511 1284 Σημείωσαι
532 1248 559 1274 τί
576 1248 697 1283 παρέσχε
714 1248 770 1279 τοῖς
789 1246 905 1274 ἀποστό-

114 1295 175 1326 λοις
185 1294 216 1321 τὸ
231 1295 300 1330 μετὰ
308 1295 357 1330 τὴν
369 1295 517 1322 ἀνάστασιν
526 1294 617 1325 αὐτοῖς
626 1293 702 1320 δοθὲν
710 1293 786 1327 ἅγιον
793 1292 906 1328 Πνεῦμα

115 1341 164 1368 διὰ
175 1341 223 1368 τοῦ
235 1342 432 1377 ὲμφυσήματος
447 1340 493 1367 τοῦ
509 1340 624 1376 Κυρίου.

161 1388 400 1423 Ἐλλαμπομένῳ.
415 1388 460 1422 Τῷ
471 1387 541 1422 ἁγίῳ
558 1386 662 1422 Πέτρῳ.

156 1436 206 1468 Ὃς
219 1435 336 1462 ἐκείνου
359 1434 409 1461 καὶ
426 1433 548 1466 παντός.
566 1432 628 1464 Πῶς
646 1432 699 1469 χρὴ
713 1432 860 1469 λαμϐάνειν
875 1431 904 1458 τὸ

114 1481 165 1508 τοῦ
180 1480 347 1515 Εὑαγγελίου
366 1480 456 1516 ῥητόν·
472 1481 504 1506 ’0
519 1479 566 1506 ὲὰν
579 1479 673 1516 δήσῃς,
690 1479 736 1506 καὶ
752 1479 787 1506 τὰ
796 1478 868 1514 ἑξῆς.

959 511 1022 531 nem
1041 503 1202 531 hierarchiae
1219 508 1246 531 et
1256 504 1427 531 altitudinem
1436 508 1464 532 et
1479 505 1635 540 puritatem.

995 550 1172 584 Quamobrem
1189 551 1326 585 improbis.
1344 550 1413 578 Nota
1426 551 1498 586 quod
1515 551 1572 579 hac
1591 552 1746 586 peccatori-

958 597 1010 624 bus
1025 604 1080 624 non
1095 596 1271 632 imprecatur.

996 643 1181 678 Mysteriorum
1192 649 1309 672 auctore.
1327 644 1384 672 Hoc
1398 647 1440 672 est
1452 644 1544 672 divino
1561 644 1674 680 Spiritu.

997 689 1092 717 Petilia
1107 694 1142 717 et.
1164 689 1222 718 Hoc
1245 690 1347 718 dictum
1372 695 1511 726 sumptum
1528 694 1570 718 cst
1593 698 1626 718 ex
1650 690 1745 719 Jacobi

958 735 1092 770 Epistola,
1113 736 1215 764 docens
1229 744 1291 768 nos.
1307 737 1379 772 quod
1399 744 1454 764 non
1479 741 1584 772 oportet
1605 744 1655 772 pro
1675 737 1747 765 malo

958 782 1048 816 aliquo
1065 782 1186 815 homine,
1203 787 1250 810 aut
1265 784 1375 818 negotio
1389 790 1479 812 orare.

993 827 1154 864 Segregandi
1171 829 1312 863 facultates
1335 829 1461 857 obtinent.
1485 829 1522 857 De
1543 829 1746 857 communionis

958 875 1110 909 privatione
1131 879 1159 903 et
1182 877 1356 911 separatione
1382 877 1416 903 ab
1435 877 1580 912 episcopo;
1595 879 1745 911 potestates

957 921 1031 948 enim
1059 921 1126 948 dicit
1146 921 1261 949 donatas
1275 922 1315 949 eis
1331 929 1346 948 a
1361 921 1416 949 Deo
1430 922 1630 957 cognoscitivas
1647 930 1747 957 appro-

958 967 1093 999 bationes,
1110 973 1136 996 et
1151 968 1333 996 indicationes
1346 976 1395 1004 per
1408 975 1478 1004 quas
1505 972 1632 1004 separant
1648 976 1746 1004 pecca-

957 1017 1031 1042 tores
1045 1022 1060 1041 a
1074 1014 1169 1049 justis.
1184 1015 1228 1043 vel
1241 1019 1349 1042 contra.

993 1060 1026 1088 In
1038 1060 1214 1089 rationalibus
1230 1063 1354 1090 motibus.
1370 1061 1450 1094 Nota,
1465 1062 1539 1097 quod
1555 1062 1578 1089 si
1589 1065 1687 1096 praeter
1697 1061 1746 1088 Dci

957 1113 1072 1142 scopum
1093 1112 1220 1135 secernat
1242 1108 1378 1144 pontifex,
1400 1107 1449 1136 Dei
1462 1107 1598 1143 judicium
1612 1115 1675 1135 eum
1690 1115 1746 1134 non

957 1153 1050 1188 sequi;
1066 1154 1217 1182 secundum
1233 1155 1307 1182 enim
1330 1155 1454 1182 divinum
1473 1154 1618 1190 judicium,
1640 1157 1668 1181 et
1690 1161 1745 1181 non

957 1203 1068 1236 propter
1081 1200 1249 1229 voluntatem
1271 1201 1410 1236 propriam
1425 1202 1483 1229 haec
1494 1200 1574 1228 debet
1589 1199 1700 1228 inferre.

993 1245 1207 1280 Spiritus.Nota,
1222 1248 1289 1283 quid
1303 1248 1420 1283 praebuit
1438 1247 1570 1283 apostolis
1584 1246 1666 1274 datus
1678 1246 1745 1281 ipsis

956 1296 1019 1327 post
1033 1294 1260 1322 resurrectionem
1282 1298 1394 1322 sanctus
1415 1293 1535 1329 Spiritus
1555 1301 1605 1329 per
1625 1292 1746 1320 insuma-

957 1339 1058 1366 tionem
1076 1339 1195 1368 Domini.

994 1384 1159 1413 Illuminato.
1173 1385 1275 1413 Sancto
1289 1386 1380 1416 Petro.

995 1432 1029 1459 Ut
1046 1433 1102 1465 ille,
1119 1434 1263 1469 omnisque.
1283 1433 1428 1467 Quomodo
1442 1436 1553 1468 oportet
1571 1433 1695 1467 accipere
1707 1431 1746 1458 di-

957 1484 1030 1507 ctum
1044 1479 1181 1515 Evangelii
1199 1489 1205 1506 :
1222 1479 1301 1512 Quod
1320 1481 1343 1507 si
1359 1479 1497 1515 ligaveris,
1511 1483 1539 1507 et
1553 1486 1614 1514 quae
1625 1486 1746 1513 sequun-

958 1532 1011 1554 ῑυΓ.

151 1569 210 1596 Καὶ
223 1568 278 1596 τοῦ
293 1567 385 1603 ιεράν.
408 1567 494 1603 Ἱερὰν
508 1567 644 1600 Θεολογίαν
658 1567 725 1603 φησὶ
735 1567 775 1593 τό⁸
791 1567 834 1594 Σὺ
851 1567 880 1594 εἴ
890 1569 903 1594 d

993 1571 1028 1599 Et
1037 1576 1158 1600 sanctam
1171 1572 1259 1599 illam.
1283 1571 1396 1599 Sacram
1413 1571 1578 1606 theologiam
1597 1570 1666 1598 dicit
1682 1578 1688 1595 :
1704 1569 1745 1598 Tu

113 1614 246 1648 Χριστὸς
256 1615 272 1640 ό
286 1613 353 1646 Υἱὸς
366 1613 419 1640 τοῦ
433 1612 507 1640 Θεοῦ
517 1612 568 1639 τοῦ
578 1612 684 1645 ζῶντος
693 1621 699 1627 ·
715 1612 730 1638 ὃ
740 1613 905 1648 σημειωτέον

112 1659 190 1686 κατά
206 1668 235 1686 τε
247 1658 439 1691 Βασιλειανῶν,
453 1659 501 1685 καὶ
515 1658 714 1695 Νεστοριανῶν,
733 1659 780 1685 καὶ⁹
790 1659 907 1686 Παυλια-

113 1705 217 1733 νιστῶν
226 1725 233 1737 ,
247 1705 294 1732 καὶ
309 1705 364 1732 τῶν
374 1705 484 1741 ὁμοίων.

152 1752 251 1785 Ὅπως
264 1752 312 1779 ἀν.
333 1750 439 1783 Καθὼς.

156 1797 347 1833 Ἰεραρχικῶς.
370 1797 572 1832 Ἀσφαλέστατα
597 1797 643 1824 ἐπὶ
663 1797 767 1824 τούτων
792 1796 853 1824 εἶπε
875 1797 906 1824 τὸ

112 1844 294 1880 ιεραρχικῶς.

152 1890 169 1926 §
185 1890 253 1917 Vill.
269 1890 474 1925 Θεοτενεσίαν,
491 1891 547 1924 πρὸ
562 1890 625 1917 τοῦ.
641 1890 702 1917 Ὅτι
720 1890 767 1917 ἐπὶ
784 1891 832 1926 μὲν
851 1890 906 1917 τῶν

113 1935 323 1972 βαπτιζομένων
342 1936 450 1972 πρῶτόν
468 1937 525 1963 ἐστι
545 1935 576 1963 τὸ
595 1935 672 1971 ἅγιον
694 1935 798 1963 ἔλαιον⁸
816 1937 862 1963 ἐπὶ
877 1936 906 1963 δὲ

112 1982 173 2009 τῶν
183 1982 390 2018 κεκοιμημένων
403 1982 564 2010 τελευταῖον.

152 2028 211 2054 Καὶ
224 2029 290 2055 τότε
302 2027 370 2062 μέν.
387 2028 436 2055 Διὰ
446 2028 471 2055 τί
486 2029 503 2064 ὴ
517 2029 565 2055 τοῦ
581 2029 670 2056 ἐλαίου
685 2030 776 2066 χρίσις
790 2030 836 2057 ἐπὶ
851 2030 906 2058 τῶν

112 2074 336 2111 βαπτιζομένων,
352 2076 399 2102 καὶ
413 2075 457 2102 διὰ
471 2075 498 2102 τί
508 2075 554 2102 ἐπὶ
566 2075 621 2103 τῶν
635 2076 851 2112 κεκοιμημένων.

152 2120 227 2157 §IX.
249 2122 330 2148 Μετὰ
349 2121 403 2149 τοῦ
419 2122 575 2156 σφετέρου.
593 2122 653 2149 Ὅτι
677 2122 796 2158 ἑκάστης
817 2122 906 2158 ψυχῆς

115 2167 187 2194 ῐδιον
202 2166 281 2203 σῶμα
303 2167 430 2203 ὑπάρχει,
457 2168 516 2203 μεθ’
529 2164 561 2195 οὗ
584 2169 631 2195 καὶ
650 2167 700 2200 τὰς
715 2169 906 2204 ἀνταποδόσεις

114 2212 271 2248 κομίζεται·
286 2213 326 2240 διὸ
337 2214 383 2241 καὶ
393 2214 511 2250 ἑκάτερα
528 2215 637 2250 μετέχει
650 2215 705 2242 τῶν
716 2216 903 2251 ἁγιασμάτων·

113 2258 191 2286 κατὰ
199 2258 289 2286 κοινοῦ
305 2259 333 2286 δὲ
348 2260 378 2286 τὸ
391 2260 502 2295 ἀμφοῖν
516 2260 657 2294 δωρεῖται.

154 2306 319 2340 Θεαρχικὰς
346 2306 510 2339 κοινωνίας.
540 2307 608 2334 Θεία
636 2307 800 2344 θεσμοθεσία
816 2305 906 2341 δηλον-

115 2354 171 2381 ότι.

155 2397 214 2424 Τὸν
225 2397 298 2425 ὅλον
313 2397 479 2432 ἄνθρωπον.
495 2399 651 2435 Σημείωσαι
670 2399 711 2426 ὅτι
726 2399 786 2426 ὅλον
800 2398 906 2435 ἄνθρω-

115 2452 169 2470 πον
186 2443 264 2470 καλεῖ
278 2444 324 2470 τὸν
338 2444 371 2470 ὲκ
381 2444 433 2480 τῆς
448 2446 545 2481 νοερᾶς
554 2445 643 2481 ψυχῆς
658 2446 706 2472 καὶ
718 2445 854 2481 σώματος,
865 2446 904 2478 ὼς

113 2488 193 2524 δηλοῖ
206 2489 237 2516 τὸ
250 2489 286 2516 ἐν
299 2488 412 2524 καθαρᾷ
426 2491 530 2525 θεωρίᾳ
549 2491 598 2518 καὶ
616 2491 764 2526 ἐπιστήμῃ
774 2500 780 2506 ⁸
797 2491 844 2519 καὶ
864 2492 906 2518 ὅτι

114 2534 212 2570 ὁλικήν
234 2543 299 2570 φησι
315 2536 450 2572 σωτηρίαν
466 2536 516 2572 τῆς
531 2537 622 2572 ψυχῆς
641 2537 688 2564 καὶ
703 2536 750 2563 τοῦ
767 2537 905 2572 σώματος·

115 2580 162 2607 διὰ
175 2580 255 2607 τοῦτο
268 2581 296 2608 δὲ
311 2581 397 2608 ταῦτα
412 2581 451 2609 δεῖ
466 2581 680 2618 σημειώσασθαι,
699 2583 752 2615 ἵνα,
768 2583 832 2610 ὅταν
843 2584 908 2619 εἴπῃ

116 2627 146 2653 ὲν
168 2627 272 2662 ἑτέροις
285 2627 386 2662 λόγοις,
397 2628 506 2662 ὁλικῶς
519 2628 701 2663 οὐσιωθῆναι
715 2629 768 2656 τὸν
784 2629 909 2663 ὑπερθύ-

160 2730 171 2751 ι
186 2731 284 2759 Matth.
302 2739 359 2765 xvr,
375 2731 418 2760 l9.
459 2733 471 2754 ι
493 2730 557 2759 Ibid.
572 2728 617 2758 16.

956 1627 983 1646 es
1008 1618 1128 1646 Christus
1140 1619 1229 1646 Filius
1248 1618 1296 1646 Dei
1319 1619 1370 1645 viui
1386 1619 1419 1645 ει
1436 1617 1511 1653 quod
1530 1617 1681 1644 notandum
1701 1620 1743 1644 est

956 1669 1051 1692 contra
1065 1665 1227 1697 Basilianos,
1243 1670 1269 1692 et
1282 1664 1473 1696 Ne'storianos,
1493 1667 1521 1691 et
1546 1661 1743 1695 Paulianistas,

956 1714 983 1738 et
999 1711 1112 1739 similes.

993 1757 1087 1789 Ὅπως
1100 1757 1142 1785 ἄν.
1157 1756 1309 1790 Quatenus.

993 1801 1171 1830 Hierarchice.
1190 1801 1372 1830 Securissime
1390 1802 1418 1829 in
1432 1801 1476 1830 his
1486 1801 1554 1829 dixit
1569 1799 1742 1837 ἱεραρχικῶς.

993 1890 1007 1927 §
1022 1890 1090 1918 Vill.
1113 1891 1146 1918 In
1162 1892 1249 1926 prima
1265 1891 1314 1919 illa
1337 1893 1542 1927 regeneratione.
1559 1891 1640 1926 Quod
1662 1892 1690 1920 in
1709 1892 1743 1920 i‘is

956 1936 1003 1971 qui
1028 1937 1213 1972 haptizantur,
1237 1937 1355 1973 primum
1378 1938 1414 1966 sit
1437 1941 1563 1966 sanctum
1584 1938 1692 1971 oleum;
1714 1939 1743 1967 in

956 1983 1072 2011 mortuis
1088 1987 1190 2015 autem,
1206 1987 1386 2019 postremum.

992 2028 1026 2056 Et
1035 2034 1090 2056 tum
1097 2029 1210 2065 quidem.
1226 2029 1342 2065 Propter
1356 2029 1421 2065 quid
1436 2030 1529 2057 unctio
1542 2030 1594 2058 olei
1606 2030 1634 2057 in
1646 2029 1680 2057 iis
1696 2030 1742 2065 qui

956 2075 1138 2110 baptizantur,
1154 2079 1182 2103 et
1198 2079 1309 2111 propter
1319 2076 1385 2111 quid
1399 2078 1427 2103 in
1439 2076 1565 2103 mortuis.

993 2121 1006 2157 §
1022 2121 1069 2151 IX.
1082 2121 1148 2149 Cum
1163 2123 1230 2149 suis.
1245 2121 1325 2154 Quod
1344 2121 1561 2156 uniuscujusque
1574 2120 1627 2155 91
1645 2121 1743 2148 animae

956 2167 1096 2202 proprium
1110 2167 1146 2194 sit
1158 2174 1271 2202 corpus,
1283 2174 1346 2194 cum
1362 2174 1417 2202 quo
1431 2170 1457 2193 et
1468 2165 1661 2193 retributiones
1674 2165 1745 2197 fert;

957 2212 1073 2248 ideoque
1088 2216 1204 2247 utraque
1219 2212 1383 2248 participant
1404 2211 1438 2239 de
1460 2211 1742 2240 sanctiﬁcationibus;

958 2259 1174 2288 subaudiendum
1185 2267 1252 2287 vero
1266 2258 1334 2286 illud
1352 2269 1358 2285 :
1377 2259 1494 2293 utrisque
1504 2257 1629 2285 donatur.

991 2305 1099 2333 Divinas
1112 2306 1371 2332 communicatione.
1389 2304 1514 2331 Divinum
1529 2303 1633 2331 scilicet
1647 2302 1743 2330 decre-

955 2355 1026 2379 tum.

992 2397 1087 2424 Totum
1097 2396 1237 2424 hominem.
1253 2395 1323 2424 Nota
1348 2395 1420 2431 quod
1437 2399 1525 2422 totum
1541 2394 1680 2422 hominem
1694 2402 1744 2422 vo-

954 2448 997 2471 cet
1007 2451 1068 2472 eum
1084 2443 1131 2478 qui
1157 2447 1265 2471 constat
1282 2451 1316 2471 ex
1335 2443 1504 2477 intelligente
1519 2442 1621 2473 animo,
1638 2444 1666 2472 et
1678 2448 1741 2468 cor-

954 2498 1035 2525 pore;
1052 2493 1082 2516 ut
1097 2489 1216 2518 declarat
1240 2489 1317 2521 illud,
1338 2489 1365 2516 in
1389 2497 1456 2524 pura
1481 2488 1700 2523 contemplatione
1716 2492 1742 2514 et

957 2537 1084 2568 scientia;
1100 2541 1126 2564 et
1139 2535 1212 2570 quod
1229 2536 1340 2563 totalem
1369 2535 1437 2563 dicit
1453 2535 1580 2568 salutem,
1604 2535 1701 2562 anima:
1715 2537 1744 2561 et

957 2583 1090 2618 corporis.
1108 2582 1221 2617 Propter
1246 2582 1304 2609 haec
1327 2585 1418 2609 autem
1435 2582 1487 2609 hoc
1516 2580 1666 2608 notandum
1682 2583 1740 2610 cst,

959 2633 988 2655 ut
997 2628 1106 2663 quando
1117 2628 1217 2656 dixerit
1225 2627 1253 2655 in
1262 2627 1322 2656 aliis
1332 2627 1521 2656 sermonibus:
1531 2627 1649 2656 totaliter
1657 2634 1741 2654 eswn—
1762 2660 1770 2671 Ι

583 2822 701 2851 ἾΑΒΙᾸΞ
717 2817 906 2851 LECTIONES
926 2821 968 2850 ET
986 2818 1262 2851 CORRECTIONES.

155 2910 179 2928 ν’
189 2911 232 2947 ἀφ’
249 2909 295 2941 ὧν.
