1914 3063
122 162 180 190 185

493 163 522 192 S.
542 163 667 192 MAXIM]
687 164 834 193 SCHOLIA
849 164 884 193 IN
899 165 964 193 LIB.
986 165 1032 193 DE
1048 164 1174 193 DlVlNlS
1192 164 1390 194 NOMINIBUS.

1708 166 1759 202 tau

192 237 1744 255 am

128 238 264 251 ω

349 309 569 397 ΤΟΥ
606 309 920 398 ΑΥΤΟῘ

961 312 977 330 ’
1011 305 1552 402 MAEIMOY
1570 247 1660 253 *-

798 450 1116 519 ΣΧΟΛΙΑ

485 593 572 637 ΕΙΣ
607 595 682 637 ΤΟ
718 594 847 637 ΠΕΡΙ
872 594 1047 638 ΘΕΙΩΝ
1074 594 1399 639 ΟΝΟΜΑΤΩΝ.

536 745 892 833 EJUSDEM
932 767 997 832 s.
1037 765 1336 831 MAXIM]

376 899 438 943 IN
483 897 714 943 LIBRUM
752 897 826 958 DE
866 896 1110 973 DIVINIS‘
1140 896 1484 943 NOMINIBUS

791 999 1099 1057 SCHOLlA

539 1103 631 1133 Petro
647 1099 813 1132 Lansselio
829 1108 847 1130 e
865 1099 1022 1130 Societate
1040 1099 1119 1129 Jesu
1133 1098 1323 1139 interprete.

154 1229 201 1266 51.
223 1229 438 1265 Ἀρεοπαγίτου.
451 1230 510 1257 ὀτι
521 1229 555 1256 τὰ
567 1228 746 1265 γνωρίσματα
755 1229 827 1264 ἅπερ
836 1226 909 1264 εῐχον

995 1225 1050 1260 92
1064 1224 1078 1260 ς
1093 1225 1114 1252 ι.
1131 1225 1306 1260 Areopagum.
1321 1224 1397 1257 Quos
1411 1225 1476 1253 olim
1497 1229 1587 1257 sancti
1603 1235 1666 1255 cum
1685 1236 1755 1265 gen-

119 1277 252 1313 Ἕλληνες
271 1277 310 1304 ἑτι
326 1277 402 1308 ὄντες
415 1276 440 1303 οἱ
457 1276 539 1303 πάλαι
554 1277 636 1310 ἆγιοι,
654 1275 702 1302 καὶ
719 1275 789 1310 μετά
806 1275 836 1301 τὸ
850 1275 910 1301 ἐπι-

118 1324 236 1360 στρέψαι
247 1324 315 1360 πρὸς
328 1323 444 1359 Χριστὸν
454 1322 673 1359 ἀνερυθριάστως
686 1322 839 1357 ἐπέγραφον
851 1321 911 1347 ἐαυ-

116 1372 190 1402 τοτςο
210 1370 265 1397 ἰδοὺ
275 1370 329 1404 γὰρ
350 1370 546 1406 Ἀρεοπαγίτην
557 1369 734 1404 ἐπωνόμασεν
749 1368 855 1398 ἑαυτὸν,
871 1366 910 1398 ὡς

117 1417 164 1444 καὶ
178 1417 193 1443 ὁ
208 1416 281 1448 θεῖος
299 1417 440 1447 Ἰουστῖνος
463 1416 492 1442 ὲν
510 1415 549 1451 τῷ
564 1415 642 1449 Πρὸς
658 1415 809 1448 ’Έλληνας
825 1413 907 1448 λόγῳ,

122 1463 293 1490 Ἰουστίνου
310 1463 489 1498 φιλοσόφου.

152 1552 419 1588 Συμπρεσϐυτέρῳ.
436 1552 497 1578 Ὅτι
510 1551 540 1578 τὸ
554 1551 602 1578 τοῦ
616 1551 803 1587 πρεσὸυτέρου
823 1551 908 1586 δνομα

117 1599 164 1625 καὶ
176 1598 223 1625 τὸν
239 1598 387 1624 ἐπίσκοπον
403 1597 490 1633 δηλοῖ·
507 1597 656 1628 ἐπίσκοπος
666 1597 693 1624 δὲ
704 1597 751 1623 καὶ
763 1598 777 1623 ὁ
793 1597 908 1632 πρεσϐύ-

116 1651 210 1679 τεροςο
227 1643 275 1669 καὶ
289 1643 367 1669 τοῦτο
380 1642 505 1678 δηλοῦται
520 1643 548 1669 ἐν
555 1644 614 1674 ταῖς
626 1642 746 1678 Πρὰξεσι
761 1642 815 1669 τῶν
823 1642 907 1677 ἁγίων

116 1689 286 1722 ἀποστόλων,
309 1689 373 1716 ἔνθα
388 1689 417 1716 ὲν
443 1689 521 1726 Ἀσίᾳ
536 1688 713 1716 συντάσσεται
733 1691 794 1721 ταῖς
809 1688 907 1724 ἐκκλη-

117 1736 187 1768 σίαις
201 1736 311 1771 αὐτῆςὸ
326 1735 441 1767 Παῦλος.

354 1791 410 1818 ΕΙΣ
428 1791 472 1817 ΤΟ
493 1790 616 1818 ΚΕΦΑΛ.
636 1791 676 1817 A’.

152 1837 343 1873 Θεολογικάς.
370 1836 526 1874 Σημείωσαι
555 1837 596 1863 ὅτι
620 1837 702 1872 ἑτέρα
730 1836 906 1872 πραγματεία

116 1886 269 1922 πεπόνηται
281 1885 321 1921 τῷ
331 1885 418 1922 Πατρὶ
428 1885 511 1911 οἱονεὶ
521 1883 713 1921 προεισαγωγή
728 1892 770 1916 τις
781 1884 828 1911 καὶ
837 1892 904 1920 προ-

116 1933 217 1969 θεωρία
223 1933 248 1949 ¹⁰
261 1931 434 1968 στοιχειώδης
446 1931 500 1958 τῶν
518 1932 582 1963 περὶ
595 1930 662 1957 Θεοῦ
673 1931 702 1957 ὲν
713 1932 772 1962 ταῖς
786 1932 905 1966 γραφαῖς

117 1979 254 2015 σποράδην
262 1978 426 2014 εἰρημένων·
441 1977 655 2013 ἧτοιὲπίμνησις
663 1974 697 2012 ἦν
710 1974 820 2013 ἧστινος
834 1977 905 2003 κατά

115 2025 274 2052 ἀκολουθίαν
288 2026 305 2060 ὴ
322 2025 445 2061 παροῦσα
459 2023 534 2059 αὐτῷ
548 2023 796 2060 πεπραγμάτευται
811 2023 845 2050 ³¹.

150 2118 212 2146 οὐκ
227 2118 263 2145 ἐν
278 2117 398 2150 πειθοῗς.
423 2117 454 2144 Ἦ
472 2116 630 2152 ἀνθρωπίνη
649 2116 730 2151 σοφία
743 2116 776 2143 ὲκ
792 2115 845 2142 τῶν
862 2117 904 2143 αι-

116 2163 220 2198 σθητῶν
230 2163 281 2196 τὰς
296 2163 478 2199 πιθανότητας
494 2162 549 2189 τῶν
567 2161 729 2194 ἀποδείξεων
738 2161 900 2197 ἐρανίζεται·

113 2210 131 2245 ἠ
147 2209 201 2246 γὰρ
217 2209 321 2246 μεγάλη
339 2209 394 2236 τῶν
410 2209 596 2245 συλλογισμῶν
612 2209 717 2245 ἀνάγκη
730 2209 781 2244 τῆς
795 2217 902 2245 γεωμε-

114 2255 191 2291 τρίας
204 2255 255 2288 τάς
267 2255 396 2291 ἀφορμὰς
413 2255 632 2291 παραλαμϐάνει·
654 2256 700 2282 ἐπὶ
713 2255 742 2282 δὲ
764 2255 817 2282 τῶν
832 2255 903 2282 ἀσω-

116 2303 217 2337 μάτων,
235 2302 335 2338 μᾶλλον
349 2302 378 2329 δὲ
392 2304 438 2329 καὶ
447 2302 672 2338 ὑπερασωμάτων
684 2321 692 2333 ,
707 2302 753 2328 καὶ
767 2301 838 2337 ὑπὲρ
850 2302 903 2328 πᾶ-

116 2357 164 2375 σαν
178 2349 283 2381 οὐσίαν,
297 2348 356 2380 πῶς
369 2349 401 2376 ἀν
411 2357 453 2381 τις
467 2348 585 2383 λογικῶς
599 2348 770 2384 ὲπιστήσειεν
781 2349 902 2385 ἀνερμη-

114 2395 224 2427 νεύτως,
237 2396 262 2422 ει
279 2395 316 2431 μὴ
334 2395 410 2431 μόλις
423 2395 462 2430 τῷ
478 2394 621 2431 ἀκροτάτῳ
635 2394 710 2423 ἄνθει
725 2394 772 2422 τοῦ
786 2394 833 2422 νοῦ
852 2395 902 2431 τὴν

114 2442 178 2478 περὶ
189 2441 257 2468 Θεοῦ
270 2441 417 2476 ἀγνωσίαν,
432 2442 447 2468 ὅ
461 2450 488 2468 τι
505 2441 570 2468 πστὲ
584 2442 643 2468 ἐστι
654 2441 698 2468 διὰ
718 2441 769 2477 τῆς
788 2441 900 2478 εἰλικρι-

114 2487 174 2519 νοῦς
188 2487 340 2520 εὐσεϐείας,
357 2487 497 2524 ἀλαλήτως
504 2489 622 2515 συννοεῖν
632 2488 789 2524 δυνάμενος.

961 1271 1024 1299 tiles
1035 1271 1124 1298 adhuc
1133 1271 1365 1299 vivebanttitulos
1373 1271 1536 1305 habuerant,
1548 1273 1658 1301 eosdem
1669 1275 1752 1302 etiam

960 1325 977 1345 a
988 1317 1168 1345 conversione
1183 1317 1218 1344 ad
1229 1316 1383 1350 Christum,
1400 1318 1452 1346 sibi
1468 1319 1527 1346 sine
1542 1320 1642 1348 rubore
1663 1321 1752 1348 ascri-

960 1363 1074 1397 bebant;
1090 1371 1155 1391 ecce
1168 1363 1241 1391 enim
1257 1365 1380 1399 seipsum
1408 1364 1600 1400 Areopagitam
1626 1368 1752 1401 agnomi-

959 1411 1051 1442 navit,
1089 1409 1321 1445 quemadmodum
1349 1409 1460 1438 divinus
1488 1419 1598 1446 quoque
1624 1411 1751 1440 Justinus

959 1455 1091 1484 Adversus
1109 1455 1213 1484 Graecos
1226 1476 1233 1489 ,
1243 1455 1351 1484 lus-run
1362 1456 1523 1485 PuILosonu
1537 1457 1637 1485 librum
1654 1459 1754 1487 inscri-

958 1503 1023 1538 psit.
1247 1525 1249 1527 .

995 1548 1221 1584 Comprubytero.
1229 1548 1333 1577 Nomen
1343 1550 1495 1586 presbyteri
1509 1551 1667 1586 episcopum
1679 1559 1749 1587 quo-

957 1603 1011 1630 que
1025 1595 1320 1631 designat;episcopus
1331 1600 1422 1624 autem
1435 1600 1462 1624 et
1475 1597 1618 1632 presbyter
1627 1601 1679 1624 cst.
1693 1597 1750 1625 Hoc

958 1641 1114 1669 declaratur
1121 1642 1149 1668 in
1156 1641 1233 1669 Actis
1243 1645 1400 1669 sanctorum
1414 1643 1610 1678 apostolorum,
1621 1643 1668 1670 ubi
1679 1643 1752 1671 Pau-

957 1687 1001 1715 lus
1013 1687 1041 1714 in
1050 1687 1113 1715 Asia
1128 1687 1188 1722 ejus
1199 1687 1323 1716 ecclesiis
1334 1688 1425 1723 aliqua
1441 1688 1605 1723 praescribit.

1242 1784 1277 1813 ΙΝ
1295 1784 1372 1813 CAP.
1392 1785 1414 1813 l.

993 1831 1176 1869 ΤΙιευΙοςιὶεαετ
1184 1831 1265 1864 Nota,
1275 1832 1358 1859 alium
1370 1832 1514 1867 quemdam
1525 1832 1627 1861 librum
1641 1840 1657 1860 a
1669 1832 1750 1861 Patre

956 1878 1138 1910 elaboratum,
1161 1878 1245 1906 veluti
1269 1878 1523 1913 prminductionem,
1547 1882 1575 1906 et
1598 1879 1747 1906 elementa.

957 1922 1026 1950 riam
1041 1923 1304 1958 praemeditationem
1320 1931 1416 1951 eorum
1429 1931 1490 1959 qua:
1502 1923 1619 1959 sparsim
1630 1924 1658 1951 in
1673 1924 1748 1951 Scri-

956 1969 1044 2004 pturis
1066 1969 1100 1997 de
1112 1969 1168 1997 Deo
1181 1969 1254 1997 dicta
1270 1969 1399 2003 fuerunt;
1416 1969 1523 1997 scilicet
1541 1969 1747 1998 reminiscentia

955 2011 1009 2047 93
1022 2016 1093 2046 erat,
1109 2017 1170 2047 post
1180 2020 1262 2048 quem
1275 2012 1373 2042 ordine
1387 2013 1458 2041 liber
1473 2013 1520 2041 hic
1538 2014 1572 2042 ab
1594 2015 1655 2049 ipso
1669 2022 1746 2042 com-

955 2058 1062 2092 positus
1075 2063 1127 2086 est.
1757 2052 1769 2092 TV

991 2103 1053 2130 Non
1068 2104 1095 2131 in
1110 2104 1338 2138 persuasibilibus.
1353 2104 1478 2132 Humana
1493 2106 1626 2140 sapientia
1646 2106 1747 2141 proba<

955 2149 1074 2178 bilitates
1096 2150 1358 2178 demonstrationum
1387 2159 1421 2179 ex
1446 2151 1595 2179 sensilibus
1617 2152 1742 2179 emendi-

954 2200 1014 2229 cat;
1034 2204 1132 2232 magna
1145 2197 1219 2225 enim
1244 2197 1462 2233 syllogismorum
1479 2197 1608 2225 credendi
1623 2201 1744 2232 coactio,

954 2241 1027 2270 vires
1061 2243 1216 2278 geometriae
1247 2243 1281 2270 ad
1313 2243 1534 2278 persuadendum
1568 2244 1690 2279 excipit;
1718 2246 1746 2274 in

953 2287 1124 2324 incorporeis
1153 2292 1254 2321 autem,
1281 2288 1337 2316 imo
1360 2289 1387 2316 in
1409 2283 1443 2317 iis
1473 2297 1534 2325 qua:
1565 2290 1743 2326 incorporea,

953 2334 1165 2370 universamque
1190 2339 1323 2370 superant
1343 2335 1502 2368 essentiam,
1528 2337 1667 2372 quomodo
1695 2338 1746 2365 ali-

952 2380 1015 2415 quis
1031 2381 1222 2408 ratiocinando
1244 2385 1363 2409 mentem
1378 2381 1524 2415 adhibeat.
1548 2383 1679 2418 explicari
1698 2392 1745 2412 ne-

952 2427 1022 2462 quit,
1039 2426 1095 2455 nisi
1114 2435 1223 2455 summo
1236 2427 1338 2456 mentis
1354 2426 1432 2462 ﬂore,
1457 2428 1492 2456 de
1508 2429 1678 2464 ignoratione
1696 2430 1743 2458 Dei

951 2473 1081 2508 quidnam
1107 2473 1153 2506 sit,
1178 2481 1228 2509 per
1246 2482 1344 2511 puram
1366 2474 1544 2511 religionem,
1566 2475 1744 2504 ineﬂ‘abiliter

951 2519 1071 2554 cogitare
1085 2519 1183 2548 valeat.

156 2577 313 2612 Ἐννοήσαί
324 2586 350 2604 τι
363 2577 429 2612 περὶ
445 2577 500 2612 τῆς
512 2578 707 2612 ῠπερουσιου.
725 2577 901 2614 Ὑπερούσιος
913 2586 920 2612 ι

987 2564 1109 2601 Cogitare
1120 2565 1221 2601 aliquid
1235 2566 1267 2594 de
1282 2568 1503 2602 ιιιρετεεεεηιίαιὶ.
1521 2567 1592 2597 Deus
1603 2573 1643 2597 est
1656 2576 1740 2604 supra

116 2623 130 2648 ὁ
145 2622 220 2655 θεὸς,
244 2624 282 2655 ὼς
307 2623 377 2659 ὑπὲρ
400 2625 490 2651 πᾶσαν
504 2624 598 2651 οὐσίαν
619 2623 819 2660 θεωρούμενος,
845 2625 899 2650 εἴτε

961 2613 1111 2647 :ssentiam,
1127 2617 1156 2640 ut
1172 2614 1220 2648 qui
1233 2621 1316 2648 supra
1329 2615 1477 2643 essentiam
1487 2622 1595 2643 omnem
1604 2614 1725 2650 conspici
1734 2627 1742 2633 -

117 2668 220 2704 νοητὴν,
235 2670 289 2697 εἴτε
301 2669 408 2705 νοεράν,
421 2669 510 2705 πολλῷ
528 2670 555 2697 δὲ
575 2670 673 2706 μᾶλλον
687 2670 828 2707 αἰσθητήν.

155 2746 420 2782 Ὺπερουσιότητος.
437 2748 469 2775 Et
481 2748 572 2776 οὐσία
593 2749 701 2784 λέγεται
716 2748 791 2784 παρά
813 2749 844 2775 τὸ
857 2749 898 2776 εῖ-

954 2662 1010 2692 tur,
1027 2667 1075 2687 seu
1087 2663 1177 2687 mente
1187 2664 1353 2696 perceptam,
1363 2668 1411 2689 seu
1426 2661 1637 2697 intelligentem;
1652 2661 1738 2688 multo

953 2708 1043 2732 autem
1057 2705 1145 2740 magis
1156 2705 1295 2733 sensilem.

986 2749 1280 2786 Superessentialitatis.
1297 2751 1326 2780 Si
1342 2753 1420 2780 οὐσία
1431 2777 1438 2791 ,
1464 2752 1581 2783 essentia
1591 2772 1599 2784 .
1616 2751 1727 2780 ‘dicatur

575 2828 692 2857 VABIA‘Z
713 2829 905 2858 LECTIONES
922 2830 966 2858 ET
986 2830 1260 2860 CORRECTIONES.

148 2893 284 2932 "Oempla.
318 2897 340 2937 ’ξ
356 2897 580 2933 ἐπραγματεύθη.
