1914 3063
167 173 220 202 18⁵1

565 168 737 197 APPENDIX
751 170 797 198 AD
811 169 927 198 OPERA
944 171 973 200 S.
995 170 1145 200 DIONYSII
1163 172 1404 203 AREOPAGITAE.

1739 177 1790 206 188

167 231 202 258 ab
216 227 298 261 εἶναι,
309 235 385 262 esse;
401 226 470 255 εἶναι
482 230 572 256 autem
582 227 765 263 cognitionem
781 227 899 262 alicujus
911 227 957 255 de-

1013 238 1066 257 rat-
1079 230 1110 257 τὸ
1119 230 1147 258 δὲ
1160 231 1237 258 εἶναι
1249 232 1420 268 παραγωγῆς
1427 241 1499 264 τινος
1512 233 1616 261 ἔννοιαν
1626 234 1791 271 ὑπογράφω

166 275 305 305 ductionis
314 274 448 310 designet,
465 274 578 301 minime
589 274 701 309 proprie
712 274 802 306 οὐσία,
815 274 933 301 essentia
945 294 953 306 ,

166 324 200 351 dc
215 323 271 350 Deo
286 322 340 349 dici
357 322 466 357 poterit.
486 320 558 348 Deus
574 321 648 347 enim
670 328 779 347 omnem
804 320 953 348 essentiam

167 369 353 406 supereminet
370 379 376 396 :
391 376 454 396 cum
467 368 537 396 nihil
549 375 642 396 rerum
654 367 779 400 exsistat,
792 368 839 395 sed
853 375 899 395 res
912 375 957 395 su-

165 421 243 453 peret
263 420 290 445 et
303 416 340 444 sit
355 423 389 444 ex
403 423 458 451 quo
482 414 574 442 omnia
597 415 767 448 subsistunt;
783 423 846 442 nam
870 415 956 442 solius

166 463 214 491 Dei
230 463 338 491 occulta
352 463 481 490 omnibus
496 461 626 489 divinitas
639 465 682 490 est
697 466 820 497 potestas
836 462 869 489 ad
887 462 957 489 divi-

166 511 262 538 nitatis
276 509 438 544 principium
455 513 594 544 spectans,
609 516 670 544 quae
686 509 802 543 imperat
814 509 848 536 iis
863 510 908 544 qui
918 509 956 536 dii

166 557 307 588 dicuntur,
324 564 372 584 seu
387 557 501 591 angelis,
519 563 567 584 seu
583 556 688 584 sanctis
703 556 871 588 hominibus,
885 557 957 584 sicut

165 603 248 630 etiam
264 606 371 630 creator
386 606 428 630 est
452 610 548 630 eorum
577 603 624 637 qui
645 611 693 638 per
718 603 956 639 participationem

167 652 232 676 sunt
244 648 292 681 dii,
309 656 405 684 reapse
422 656 454 676 ex
480 649 570 684 seipsa
592 653 619 677 et
635 649 695 677 sine
710 650 766 676 ulla
791 657 876 678 causa
898 651 957 686 ipsa

167 695 297 723 divinitas
313 695 461 724 exsistens.

201 741 253 770 Cui
266 742 504 776 superessentialis.
520 741 544 768 A
560 742 616 770 sola
630 741 703 769 enim
718 741 777 777 ipsa
799 743 955 777 divinitate,

166 788 212 816 illa
224 796 284 824 qua:
297 789 383 824 ipsam
406 792 541 824 spectant,
566 788 705 824 quomodo
719 797 734 816 a
758 793 835 824 parte
853 793 958 817 naturae

167 845 197 865 se
212 836 324 868 habent,
343 836 407 864 sciri
424 839 538 871 queunt.

203 883 318 910 Rodium
333 883 513 910 oraculorum.
531 882 615 910 Recte
631 883 712 915 dixit,
730 883 847 915 radium,
860 887 887 911 et
902 891 957 911 non

1006 277 1056 303 οὐκ
1071 276 1105 304 ἂν
1124 277 1229 312 λέγοιτο
1252 278 1353 314 κυρίως
1367 279 1445 306 οὐσία
1466 280 1512 306 ἐπὶ
1528 280 1604 307 Θεοῦ.
1623 281 1718 318 Πάσης
1737 282 1792 318 γὰρ

1006 322 1100 354 οὐσίας
1113 323 1297 360 ὑπέρκειταιύ
1307 325 1382 357 Θεὸς,
1393 325 1468 352 οὐδέν
1481 335 1507 353 τι
1518 326 1571 353 τῶν
1581 327 1665 354 ὄντων
1677 327 1725 361 ὣν,
1736 328 1792 356 ἀλλ’

1007 369 1076 405 ὑπὲρ
1088 369 1122 395 τὰ
1141 369 1215 402 ὄντα,
1236 371 1283 398 καὶ
1300 371 1330 403 eg
1347 369 1378 398 οὗ
1394 372 1428 398 τὰ
1444 372 1517 399 ὂντα·
1540 374 1557 408 ἡ
1577 373 1632 409 γὰρ
1647 374 1693 401 τοῦ
1712 375 1791 409 μόνου

1006 415 1073 442 Θεοῦ
1084 416 1166 443 πᾶσιν
1178 416 1335 453 ἀπόκρυφος
1343 417 1437 454 θεότης
1447 419 1578 455 θεαρχικὴ
1587 419 1699 455 δύναμίς
1707 421 1791 454 ἐστιν,

1006 462 1127 498 ἄρχουσα
1150 463 1204 490 τῶν
1225 463 1379 500 λεγομένων
1400 465 1468 492 θεῶν
1480 485 1487 497 ,
1513 466 1567 492 εῐτε
1590 467 1722 500 ἀγγέλων,
1738 467 1792 494 εἴτε

1007 509 1090 543 ἁγίων
1102 509 1262 546 ἀνθρώπων.
1280 511 1352 538 καθὰ
1360 512 1383 527 ”
1394 512 1440 538 καὶ
1452 512 1616 548 δημιουργός
1625 513 1682 539 ἐστι
1698 512 1752 539 τῶν
1762 514 1794 539 ὲκ

1008 554 1142 590 μεθέξεων
1158 557 1306 592 γινομένων
1319 557 1387 585 θεῶν
1406 559 1422 593 ή
1447 558 1486 594 τῷ
1505 559 1561 586 ὃντι
1575 559 1605 592 ἐξ
1624 560 1723 595 ἑαυτῆς
1745 560 1792 587 καὶ

1007 600 1134 633 ἀναιτίως
1150 602 1312 639 αὑτοθεότης
1322 604 1344 620 ³³
1358 602 1435 632 οὖσα.

1041 735 1125 771 Αὑτῇ
1139 736 1196 770 τὴν
1207 738 1400 772 ὐπερούσιον.
1415 739 1490 774 Μὸνῃ
1513 740 1568 776 γὰρ
1586 741 1653 776 αὐτῇ
1679 744 1712 778 τῇ
1737 742 1796 769 θεό-

1007 790 1067 817 τητι
1082 782 1115 809 τὰ
1131 783 1192 810 καθ’
1206 784 1315 820 ἑαυτὴν,
1327 784 1365 816 ὡς
1377 785 1433 820 ἔχει
1448 785 1564 820 φύσεως,
1582 787 1714 823 ἐπιστητὰ
1723 789 1757 815 ⁸⁸.

1041 872 1156 908 Λογίων
1166 873 1259 906 ἀκτίς.
1277 874 1375 906 Καλῶς
1390 872 1466 902 εἶπεν
1478 876 1573 910 ἀκτὶς,
1583 877 1630 904 καὶ
1639 878 1687 914 οὐχ
1696 879 1794 913 ἥλιος·

167 929 272 962 solem;
294 929 523 965 quemadmodum
549 930 622 957 enim
648 930 676 957 in
701 930 785 957 solem
816 930 957 958 intendere

1013 917 1102 954 ὥσπερ
1125 919 1179 955 γὰρ
1194 919 1233 955 τῷ
1252 920 1320 956 ἡλίῳ
1341 921 1492 949 ἐνατενίσαι
1513 923 1543 949 οὺ
1563 923 1718 960 δυνάμεθα,
1738 926 1796 952 ἀλλ’

167 977 324 1012 nequimus,
348 977 396 1004 sed
413 976 540 1004 fortassis
565 976 594 1003 in
609 976 670 1011 ejus
686 976 798 1011 radios;
816 977 854 1004 ita
870 975 955 1005 Deum

167 1024 256 1060 ipsum
274 1024 396 1058 cogitare
412 1031 468 1050 non
483 1024 616 1062 valemus.

200 1070 383 1098 Moderatione
396 1071 468 1097 circa
483 1070 582 1098 divina.
599 1070 692 1106 Neque
707 1071 780 1098 enim
796 1076 897 1099 temere
909 1079 957 1099 au-

166 1117 286 1145 dendum
299 1116 326 1144 in
343 1123 470 1144 sermone
483 1116 517 1144 de
531 1116 606 1150 Deo;
623 1115 671 1144 sed
686 1117 825 1145 moderata
842 1118 956 1145 ratioci-

165 1164 278 1191 natione
298 1162 517 1198 persequendum
545 1162 725 1198 religionem,
752 1171 834 1199 quam
857 1163 957 1191 divina:

166 1209 305 1244 majestati
318 1209 459 1240 debemus,
473 1209 531 1237 sola
544 1209 590 1236 illa
601 1209 810 1244 pronuntiantes
825 1213 907 1245 atque
923 1210 957 1237 ad

166 1256 424 1291 interpretationem
441 1255 617 1288 adducentes,
637 1264 696 1291 quae
712 1257 746 1284 de
766 1256 821 1284 Deo
836 1256 864 1283 in
882 1256 957 1284 Scri-

167 1306 247 1338 ptura
262 1303 347 1330 veluti
365 1302 478 1330 oraculo
492 1302 604 1330 definita
623 1307 698 1336 sunt,
710 1304 782 1331 sicut
798 1304 880 1339 paulo
895 1309 957 1332 ante

167 1348 246 1376 dixit.

209 1393 358 1420 Verissime
369 1393 516 1429 theologtw.
534 1392 603 1422 Vide
619 1395 757 1429 quomodo
775 1402 867 1422 veram
884 1395 959 1423 theo-

167 1441 266 1476 logiam
291 1445 368 1468 vocet
392 1440 479 1468 divini
499 1440 578 1468 Pauli
604 1440 793 1477 Scripturam;
811 1441 869 1476 ipse
885 1443 958 1470 enim

165 1490 210 1514 est
224 1487 271 1522 qui
288 1486 370 1518 dicit.
394 1486 491 1514 donari
514 1486 660 1514 manifeste
682 1480 701 1514 la
725 1487 781 1515 Deo
806 1489 957 1516 secundum

165 1540 324 1561 mensuram
341 1533 475 1568 cujusque
488 1532 628 1562 facultatis
645 1533 868 1567 illustrationem;
886 1535 958 1562 sicut

165 1579 239 1607 enim
256 1579 388 1607 Dominus
400 1580 523 1607 declarat
539 1580 636 1608 dicens
647 1579 862 1615 perfectioribus
877 1581 959 1611 disci-
971 1601 992 1630 ο

165 1626 238 1662 pulis
252 1636 259 1654 :
280 1625 358 1654 Vobis
377 1626 470 1653 datum
483 1632 522 1654 est
536 1635 611 1654 nosse
629 1627 755 1663 mysteria
779 1627 834 1664 94
849 1629 921 1664 regni
930 1629 957 1662 ιι,

165 1673 249 1701 veluti
266 1680 329 1700 cum
355 1673 453 1708 majori
478 1673 579 1701 mentis
600 1672 773 1709 perfectione
794 1673 828 1702 iis
845 1682 905 1710 quae
924 1675 958 1703 de

165 1718 221 1746 Deo
230 1719 360 1746 dicuntur
369 1719 588 1753 attendentibus;
597 1728 652 1747 non
661 1720 750 1748 solum
762 1725 853 1748 autem
868 1721 901 1748 de
909 1721 960 1748 ho—

165 1766 286 1793 minibus
294 1766 360 1794 dicit
370 1766 422 1794 hoc
429 1766 565 1802 disputari
572 1775 688 1802 magnus
698 1767 854 1803 Dionysius;
864 1775 958 1795 verum

165 1813 248 1840 etiam
269 1812 304 1840 de
326 1813 442 1848 angelis,
465 1821 535 1848 quos
554 1814 624 1841 solet
639 1813 783 1842 nominare
807 1814 957 1842 secundum

166 1858 300 1892 quosdam
315 1858 445 1893 profanos
463 1858 642 1893 philosophos
657 1860 774 1892 mentes;
795 1867 856 1895 quae
879 1868 959 1895 supe-

166 1903 270 1930 riorum
287 1903 416 1930 ordinum
437 1907 545 1932 mentes
557 1904 637 1932 dicta:
653 1909 727 1939 sunt,
743 1909 773 1932 ut
789 1906 901 1934 omnino
916 1914 960 1934 es-

167 1949 322 1977 sentialiter
347 1958 426 1978 mens
451 1950 619 1978 cxsistentes
632 1970 640 1982 ,
657 1952 749 1978 omnia
764 1951 957 1987 intelligentes,

167 2004 228 2031 qua:
244 1996 320 2024 unite
337 2004 352 2023 a
365 1995 422 2023 Deo
433 1996 459 2022 in
470 1995 543 2032 ipsos
552 1997 684 2024 continuo
697 1997 857 2025 derivantur
868 2007 874 2025 :
887 1998 960 2026 unde

167 2046 196 2070 et
211 2043 261 2070 toti
278 2042 399 2071 letaliter
416 2042 551 2070 inoculari
575 2043 705 2071 dicuntur
727 2044 754 2070 in
775 2043 959 2072 sanctissimis

167 2089 338 2118 cherubinis.

204 2135 302 2164 Divina
320 2136 480 2165 revelantur.
497 2136 566 2164 Nota
587 2137 699 2173 angelos
721 2137 800 2172 juxta
819 2137 959 2173 proprium

168 2187 278 2218 captum
294 2182 341 2210 Dei
359 2183 515 2220 cognitione
528 2184 626 2219 dignos
643 2183 749 2211 haberi.

1007 964 1072 996 ἴσως
1082 967 1142 997 ταῖς
1152 966 1216 1002 περὶ
1225 966 1306 994 αὐτὸν
1320 967 1437 999 ἀκτῖσιν,
1452 968 1523 995 οὕτω
1532 969 1598 996 Θεὸν
1606 970 1687 997 αὑτὸν
1701 971 1796 1007 νοῆσαι

1006 1011 1037 1038 οὐ
1047 1011 1199 1048 χωροῦμεν.

1045 1057 1085 1092 Τῇ
1100 1059 1166 1093 περὶ
1180 1059 1216 1086 τὰ
1231 1059 1295 1087 θεῖα
1302 1061 1495 1095 σωφροσύνῃ.
1507 1062 1545 1089 Οὐ
1555 1062 1609 1098 γὰρ
1624 1063 1797 1100 κατατολμη-

1006 1103 1096 1130 τέον⁵⁸
1122 1104 1269 1139 θεολογίας,
1293 1105 1361 1132 ἀλλὰ
1379 1107 1561 1143 σωφρονοῦντι
1581 1109 1703 1145 λογισμῷ
1723 1119 1798 1145 μετι-

1006 1149 1067 1176 τέον
1080 1150 1129 1186 τὴν
1145 1152 1209 1187 περὶ
1222 1152 1252 1178 τὺ
1265 1151 1335 1178 Θεῖον
1347 1152 1429 1184 σέϐας
1440 1154 1566 1190 ὁσιότητα
1581 1155 1614 1186 ⁸⁸,
1628 1155 1697 1191 μόνα
1713 1156 1795 1191 φθεγ-

1007 1196 1137 1232 γομένους
1151 1198 1197 1224 καὶ
1213 1198 1282 1232 πρὸς
1295 1199 1443 1234 ἑρμηνείαν
1453 1200 1568 1234 ἄγοντας
1581 1202 1672 1229 ἐκεῖνα
1685 1202 1718 1229 τὰ
1733 1203 1797 1239 περὶ

1007 1242 1054 1269 τοῦ
1073 1243 1139 1270 Θεοῦ
1155 1243 1224 1270 κατὰ
1239 1244 1288 1280 τὴν
1303 1244 1414 1281 Γραφὴν
1434 1247 1673 1283 χρησμῳδηθέντα,
1691 1248 1729 1281 ὼς
1744 1249 1798 1285 πρὸ

1010 1288 1108 1325 μικροῦ
1125 1287 1202 1316 εἶπεν
1212 1291 1245 1318 ⁵⁷.

1049 1391 1247 1427 Ἅληθεστάτῃ
1267 1394 1414 1428 θεολογίᾳ.
1432 1394 1500 1430 Ὅρα
1522 1395 1581 1427 πῶς
1599 1395 1685 1431 ἀληθῆ
1708 1396 1797 1423 Θεολο-

1008 1437 1071 1471 γίαν
1084 1437 1162 1464 καλεῖ
1173 1439 1223 1474 τὴν
1234 1438 1281 1465 τοῦ
1299 1439 1370 1466 θείου
1388 1440 1494 1468 Παύλου
1509 1442 1630 1477 Γραφήν-
1650 1442 1731 1474 αὐτὸς
1744 1443 1798 1479 γάρ

1009 1483 1082 1510 ὲστιν
1093 1484 1108 1510 ὁ
1123 1483 1219 1519 λέγων,
1230 1485 1270 1511 ὅτι
1284 1486 1354 1512 κατά
1366 1486 1397 1513 τὸ
1412 1487 1511 1523 μέτρον
1523 1487 1574 1523 τῆς
1587 1489 1703 1515 ἑκάστου
1718 1489 1798 1516 δυνά-

1010 1538 1083 1565 μεως
1103 1531 1120 1566 ἡ
1146 1531 1222 1567 παρὰ
1250 1531 1318 1558 Θεοῦ
1344 1535 1504 1569 χορηγεῖται
1533 1535 1626 1569 σαφῶς
1655 1535 1796 1571 ελλαμιῖνις·

1009 1575 1104 1613 ὥσπερ
1114 1577 1138 1593 ⁸⁸
1152 1578 1199 1604 καὶ
1214 1578 1228 1605 ό
1244 1578 1346 1615 Κύριος
1360 1579 1434 1614 δηλοῖ
1447 1580 1533 1614 λέγων
1546 1582 1603 1612 τοῖς
1621 1581 1799 1618 τελειοτέροις

1012 1623 1155 1659 μαθηταῖς·
1177 1623 1256 1658 Ὑμῖν
1276 1624 1392 1652 δέδοται
1408 1625 1517 1661 γνῶναι
1531 1626 1567 1653 τὰ
1577 1627 1729 1662 μυστήρια
1744 1627 1798 1662 τῆς

1007 1669 1179 1703 βασιλείας,
1197 1670 1244 1697 ἆτε
1267 1672 1314 1698 καὶ
1335 1672 1541 1709 νουνεχὲστερον
1560 1673 1722 1710 προσέχουσι
1742 1676 1799 1707 τοῖς

1011 1715 1224 1752 θεσπιζομένοις.
1234 1718 1271 1744 Οὐ
1282 1718 1395 1753 μόνονδὲ
1408 1718 1488 1746 τοῦτο
1499 1720 1563 1755 περὶ
1570 1719 1619 1746 ἀνθ
1624 1719 1721 1756 ρώπων
1732 1723 1798 1757 φησὶ

1009 1761 1208 1797 διαλέγεσθαι⁸⁹
1222 1764 1236 1790 ὁ
1252 1765 1338 1799 μέγας
1353 1765 1498 1799 Διονύσιος,
1521 1765 1586 1793 ἀλλά
1603 1767 1651 1793 καὶ
1665 1767 1730 1803 περὶ
1744 1767 1799 1794 τῶν

1010 1809 1146 1844 ἀγγέλων,
1164 1810 1211 1842 οὒς
1232 1811 1325 1838 εἴωθεν
1340 1812 1482 1848 ὀνομάζειν
1498 1813 1568 1840 κατά
1587 1821 1664 1845 τινας
1678 1813 1732 1840 τῶν
1750 1814 1799 1849 τῆς

1009 1855 1062 1889 ἔξω
1085 1857 1242 1892 φιλοσοφίας
1266 1858 1348 1890 γύας·
1373 1858 1469 1890 οἵτινες
1491 1858 1545 1885 τῶν
1571 1859 1626 1886 ἀνω
1651 1859 1800 1895 ταγμάτων

1009 1902 1069 1934 νόες
1082 1903 1216 1939 εἴρηνται,
1229 1904 1268 1935 ὼς
1276 1904 1307 1930 τὸ
1316 1904 1370 1930 πᾶν
1379 1903 1441 1935 νοῦς
1450 1904 1623 1940 οὑσιωμένως
1631 1905 1717 1937 ὅντες,
1728 1905 1798 1942 [καὶ]

1010 1948 1099 1976 πάντα
1114 1950 1246 1982 νοοῦντες,
1260 1950 1367 1981 ἑνιαίως
1379 1950 1414 1976 τὰ
1428 1951 1460 1976 ὲκ
1467 1950 1534 1977 Θεοῦ
1550 1951 1645 1987 ῥέοντα
1659 1951 1800 1987 προσεχῶς

1010 1996 1049 2027 είς
1056 1996 1079 2011 ⁸⁵³
1091 1995 1198 2027 αὐτούς·
1214 1996 1275 2023 ὅθεν
1289 1997 1335 2022 καὶ
1349 1996 1404 2023 ὅλοι
1422 1997 1489 2029 ὅλως
1503 1997 1742 2034 κατομματοῦσθαι
1757 1998 1800 2025 λέ-

1010 2050 1102 2076 γονται
1117 2043 1146 2068 ὲν
1159 2044 1217 2074 τοῖς
1231 2043 1392 2077 ἁγιωτάτοις
1405 2044 1547 2079 χερουϐίμ.

1052 2135 1300 2162 Ἀνακαλύπτεται
1315 2135 1352 2162 τὰ
1366 2134 1439 2162 θεῖα.
1457 2135 1613 2171 Σημείωσαι
1645 2135 1686 2162 ὅτι
1708 2135 1755 2162 καὶ
1773 2136 1800 2162 οἱ

1011 2181 1122 2216 ἄγγελοι
1137 2181 1207 2208 κατὰ
1227 2181 1277 2218 τὴν
1290 2181 1393 2209 οἰκείαν
1408 2181 1554 2217 ἀναλογίαν
1570 2181 1620 2217 τῆς
1635 2181 1800 2216 Θεογνωσίας

1009 2227 1158 2261 ἀξιοῦνται.

202 2274 316 2302 Iustitia
327 2275 451 2302 salutari.
468 2275 585 2307 Idcirco,
602 2275 702 2310 inquit,
719 2274 792 2303 Deus
809 2275 957 2310 unicuique

1050 2275 1101 2302 Ἐν
1116 2274 1251 2309 σωστικῇ
1264 2274 1451 2309 δικαιοσύνῃ.
1466 2274 1514 2301 Διά
1527 2274 1617 2306 τοῦτο,
1627 2275 1718 2310 φησὶν,
1733 2274 1799 2300 ἐκά-

168 2322 320 2349 secundum
335 2321 395 2355 ejus
405 2322 478 2350 vires
493 2322 605 2354 revelat,
622 2330 677 2349 non
691 2321 765 2357 quod
781 2322 858 2356 plura
874 2322 958 2350 dene-

169 2370 228 2402 get;
245 2367 292 2395 sed
307 2368 372 2402 quia
391 2367 528 2402 justitiam
542 2368 570 2395 in
586 2368 685 2395 divinae
700 2368 866 2403 cognitionis
880 2375 958 2395 men-

169 2421 235 2441 sura
257 2418 365 2442 servet:
388 2414 529 2449 proprium
557 2414 694 2450 siquidem
717 2415 842 2449 justitiae,
857 2414 958 2450 cuique

169 2460 335 2496 promeritis
351 2468 508 2488 mensuram
531 2461 684 2489 confectam
707 2461 839 2489 tribuere.
863 2461 959 2496 Itaque

169 2507 303 2534 immensa
321 2506 430 2542 quidem
444 2507 493 2535 Dei
506 2507 645 2543 cognitio;
665 2515 718 2536 nos
739 2511 830 2535 autem
851 2515 960 2536 mensu-

174 2554 214 2582 ris
237 2559 348 2588 egemus
363 2562 370 2579 :
387 2553 411 2581 si
437 2553 510 2581 enim
529 2554 633 2590 absque
644 2563 774 2583 mensura
787 2555 867 2582 nobis
878 2562 958 2583 reve-

169 2600 284 2633 laretur,
301 2600 412 2627 minime
424 2601 527 2628 servari
537 2608 696 2636 possemus;
713 2601 785 2629 sicut
798 2608 887 2636 neque
897 2609 959 2628 cor-

170 2655 271 2684 poreus
286 2647 383 2678 oculus
397 2650 486 2674 totum
502 2647 614 2682 capiens
629 2648 725 2676 solem.

207 2739 222 2760 ι
238 2738 334 2767 Matth.
347 2746 410 2772 xui,
428 2738 473 2767 Η.

1011 2330 1067 2358 στῳ
1090 2321 1161 2348 κατὰ
1182 2321 1232 2357 τὴν
1251 2321 1333 2348 αὑτοῦ
1351 2321 1465 2356 δύναμιν
1482 2321 1497 2347 ὀ
1512 2320 1578 2352 Θεὸς
1597 2321 1799 2352 ἀποκαλύπτει,

1010 2369 1059 2403 οὐχ
1074 2369 1115 2395 ὄτι
1131 2368 1222 2403 φθονεῖ
1238 2367 1286 2394 τοῦ
1303 2367 1435 2398 πλείονος,
1456 2366 1523 2393 ἀλλὰ
1538 2366 1582 2393 διά
1597 2367 1628 2393 τὺ
1644 2367 1730 2393 σῶσαι
1750 2367 1799 2402 τὴν

1011 2416 1040 2442 ὲν
1053 2417 1086 2451 τῇ
1104 2415 1232 2451 μετρήσει
1248 2414 1297 2450 τῆς
1312 2414 1476 2448 οεογνωσίας
1497 2413 1677 2448 δικαιοσύνην·
1698 2413 1801 2450 δικαιο-

1012 2461 1094 2497 σύνης
1107 2461 1162 2497 γὰρ
1176 2460 1240 2487 ῐδιον
1249 2461 1280 2487 τὸ
1289 2461 1349 2487 κατ’
1359 2460 1435 2492 ἀξίαν
1445 2461 1603 2496 ὲπιμετρεῐν
1618 2460 1733 2494 ἑκάστῳ·
1745 2467 1801 2486 τοι-

1009 2507 1112 2544 γαροῦν
1125 2507 1278 2543 ἀμέτρητος
1297 2507 1345 2543 μὲν
1359 2508 1376 2542 η
1391 2507 1456 2542 περὶ
1469 2506 1536 2532 Θεοῦ
1552 2505 1661 2540 γνῶσις
1678 2506 1756 2541 ἡμεῖς
1771 2505 1801 2532 δὲ

1013 2554 1118 2590 μέτρων
1131 2553 1256 2589 δεόμεθα·
1266 2554 1290 2580 ει
1304 2554 1359 2589 γὰρ
1373 2553 1571 2591 ἀμέτρως-ημῖν
1581 2552 1798 2584 ἀπεκαλύπτετο,

1010 2600 1100 2627 οὐκᾶν
1113 2600 1264 2637 ἐσώθημεν,
1282 2600 1320 2632 ὡς
1338 2599 1398 2626 οὐδὲ
1415 2599 1568 2634 σωματικδς
1582 2598 1719 2633 ὀφθαλμὸς
1738 2597 1799 2625 ὃλον

1010 2646 1086 2682 ἥλιον
1098 2647 1248 2683 δεχόμενος.

637 2797 754 2825 ῩΔΚΙΔΕ
772 2796 965 2826 LECTIONES
982 2796 1026 2824 ΕΤ
1045 2795 1320 2825 CORRECTIONES.

210 2876 237 2912 "7
253 2875 330 2904 καθό.
363 2877 385 2893 ³³
400 2877 505 2912 θεὰτης.
552 2877 575 2893 ⁸⁸
591 2878 707 2911 γνωστὰ.

175 2911 198 2928 ³⁸
213 2911 281 2938 ὃθεν.
315 2912 337 2930 ⁸⁹
351 2911 486 2947 λέγεσθαί.
520 2914 542 2929 ⁶⁰
562 2913 637 2947 πρός.

754 2879 776 2895 ’⁵
802 2878 956 2914 τολμητέον.
996 2878 1018 2894 ⁸ο
1036 2877 1169 2912 θειότητι.
1207 2876 1228 2892 ⁸⁷
1245 2872 1508 2911 χρησμιιῆοτηθὲντα
1534 2871 1571 2904 ὡς
1593 2870 1646 2907 πρὸ
1670 2869 1786 2906 βραχέος
