1914 3063
101 176 154 204 189
476 176 504 205 S.
519 176 647 205 MAXIMI
663 176 811 205 SCKOLIA
828 176 860 205 IN
876 175 940 204 LIB.
958 176 1002 204 DE
1020 177 1148 206 DlVlNlS
1161 176 1360 207 NOMINIBUS.
1681 181 1735 209 190

137 234 198 269 Τὴν
212 234 354 269 ἀμετρίαν
369 234 551 268 θεοπρεπῶς,
571 235 715 272 Ἀμετρίαν
730 234 778 263 νῦν
793 234 891 271 [λέγει]

979 235 993 262 1
996 235 1188 263 mmenn'latem
1198 237 1368 264 suamdivino
1379 236 1494 272 quodam
1504 237 1606 267 decore.
1616 236 1733 267 Immen-

99 281 166 308 αὐτὸ
181 281 212 307 τὸ
227 281 319 312 Θείον,
336 281 384 307 καὶ
407 280 454 317 τὴν
470 280 553 308 αὐτοῦ
577 281 649 309 κατὰ
664 281 695 308 τὸ
717 281 829 309 δυνατὸν
851 283 855 308 l

981 285 1051 309 atem
1063 290 1137 310 nunc
1148 282 1216 310 dicit
1226 283 1398 311 divinitatem
1413 284 1512 318 ipsam,
1521 285 1735 320 possibiletuque

98 327 132 354 λα
136 327 202 363 μψιν
207 347 213 354 .

943 327 1004 362 ejus
1019 328 1242 356 illustrationem.

133 375 247 408 ’Ὠσπερ
263 374 318 409 γὰρ
330 374 459 408 danaum.
478 373 515 401 Τὸ
540 374 731 409 ἀκατάληπτον
755 374 805 409 τῆς
829 374 889 410 περὶ

981 373 1015 401 Ut
1034 375 1114 406 enim,
1129 383 1188 410 qua:
1210 375 1392 410 comprehendi
1414 380 1554 411 nequeunt.
1576 375 1733 412 lncompre-

97 419 164 447 Θεὸν
172 420 193 435 ⁶¹
210 419 339 454 γνώσεως
354 420 478 447 ἐντεῦθεν
495 420 671 456 παρίσταται·
685 420 774 456 εξγὰρ
789 420 849 447 οὐδὲ

978 420 1115 448 nsibilitas
1129 420 1229 448 divina:
1240 422 1418 456 cognitionis,
1431 422 1496 450 hinc
1510 426 1733 458 repmsetttatur;

98 466 173 493 ἁπλᾶ
189 467 235 493 καὶ
251 467 443 503 ἀσχημάτιστα
454 488 461 500 ,
480 466 533 494 κᾶν
546 467 636 494 οὐσίαι
660 467 732 499 τινὲς
751 464 816 499 ὦσι,
832 476 854 493 τ(

981 467 1054 493 enim
1070 475 1160 502 neque
1174 467 1312 503 simplicia
1328 473 1355 495 et
1370 476 1424 496 non
1442 468 1569 504 ﬁgurata,
1586 469 1639 497 etsi
1665 469 1732 497 sub-

98 512 258 549 αἰσθήσεσιν
275 513 485 546 ὑποπίπτουσιν,
497 513 535 545 ὡς
550 513 659 548 ἄγγελοι
675 514 722 540 καὶ
737 513 822 549 ψυχαὶ
836 522 854 539 τι

977 513 1052 540 uitiae
1075 513 1200 548 quaedam
1217 514 1283 546 sint,
1305 514 1418 542 minime
1437 510 1489 542 sub
1506 523 1605 543 sensus
1619 515 1733 548 cadunt,

100 562 277 596 σωματικοῖς·
303 560 379 596 πόσῳ
405 560 504 595 μᾶλλον
520 559 647 595 ὑπερέχει
663 561 677 586 ὁ
692 559 758 591 Θεὸς
768 579 776 591 ,
792 560 807 586 ὁ
823 560 856 595 μή

992 560 1081 595 angeli
1101 563 1128 588 et
1150 560 1248 588 animae
1269 561 1322 589 sub
1343 569 1494 597 corporea;
1520 567 1624 597 quanto
1646 563 1734 598 magis

99 606 194 637 οὐσία,
213 606 269 633 ἀλλ’
295 606 366 642 ὑπὲρ
389 606 491 633 οὐσίαν·
518 606 586 642 μήτε
611 605 727 638 ἁπλοῦς,
744 605 800 633 ἀλλ’
823 606 855 632 ὑπ

978 614 1016 634 eus
1031 607 1149 638 excedit,
1165 607 1212 642 qui
1227 615 1316 643 neque
1328 608 1493 639 substantia.
1509 609 1555 637 sed
1572 617 1654 644 supra
1669 610 1734 637 sub-

99 653 248 689 ἁπλότητα·
274 654 342 689 μήτε
369 653 448 685 νοῦς,
471 653 538 680 ἀλλὰ
562 654 608 680 καλ
633 654 703 688 ὑπὲρ
723 652 795 680 νοῦν’
824 654 855 688 μί

977 652 1073 679 tntiam
1085 662 1092 686 ;
1106 661 1196 688 neque
1209 653 1338 689 simplex,
1354 655 1401 682 sed
1413 662 1496 690 supra
1510 655 1712 690 simplicitatem
1725 665 1733 689 ;

99 699 173 731 ὲνὰς,
191 699 258 726 ἀλλὰ
274 700 321 726 καὶ
337 700 408 736 ὑπὲρ
425 700 516 726 ἐνάδα”
534 700 580 727 καὶ
596 699 658 726 οὔτε
673 700 729 735 ὅρῳ
744 700 797 726 τινι
813 708 855 735 πει

979 707 1032 734 que
1043 707 1132 736 mens,
1146 699 1194 728 sed
1208 700 1290 727 etiam
1306 707 1389 735 supra
1409 704 1546 733 mentem;
1568 709 1657 736 neque
1672 702 1734 728 uni-

98 745 290 781 γραφόμενος,
316 746 373 772 ἀλλ’
399 745 526 782 ἀοριστίᾳ
548 745 603 772 τῶν
625 746 710 772 ὄντων
725 745 854 781 ἀφειμένη

979 754 998 777 ς,
1015 745 1063 773 sed
1081 754 1164 781 supra
1186 747 1334 780 unitatem;
1351 755 1439 782 neque
1454 747 1536 775 etiam
1552 748 1671 775 termino
1684 748 1735 775 ali-

105 790 224 818 Ἀκούων
240 790 286 818 οὖν
301 793 331 819 ὲν
353 793 386 828 τῇ
403 793 498 828 Γραφῇ
517 792 623 828 μορφὴν
643 791 710 818 Θεοῦ
721 811 728 825 ,
745 792 792 818 καὶ
814 789 861 818 εἶδε

981 800 999 820 o
1013 793 1265 826 circumscribitur,
1282 793 1329 820 sed
1353 793 1464 821 termini
1489 793 1641 828 privatione
1656 801 1671 820 a
1690 802 1735 822 re-

99 838 147 864 καὶ
170 839 332 874 πρόσωπον,
350 839 383 866 δι’
407 839 555 874 ἀναγωγῆς
575 838 622 865 καὶ
643 839 713 874 ὑπὲρ
727 838 762 865 τὰ
780 838 855 874 σώμα

977 847 995 866 IS
1013 843 1147 867 secretus.
1166 839 1287 867 Audiens
1303 840 1387 874 igitur
1407 840 1434 867 iu
1450 839 1592 875 Scriptura
1617 840 1733 868 formam

99 883 183 917 ἀξίως
204 884 271 911 Θεοῦ
291 885 356 911 νόει’
374 885 501 918 ἑνότητα
524 885 552 912 δὲ
568 884 685 918 ἁκούων,
705 885 741 921 μὴ
757 885 854 920 διαφόρ

976 885 1003 917 :i,
1014 889 1041 912 et
1055 885 1184 920 speciem,
1202 890 1230 913 et
1241 886 1356 917 vultum,
1368 894 1417 921 per
1430 887 1530 915 mentis
1543 887 1732 920 elevationem,

97 930 178 957 τινῶν
195 931 263 966 πρὸς
287 931 384 957 ἕνωσιν
407 932 558 967 συνδρομὴν
574 932 674 967 νοήσῃς
686 940 692 946 ·
711 932 742 958 οὐ
759 931 815 968 γὰρ
830 940 853 958 πρ

977 939 1027 966 que
1041 939 1125 966 supra
1140 939 1272 967 corporea
1284 952 1291 965 ,
1307 932 1388 968 digne
1410 932 1465 960 Deo
1483 933 1621 968 intellige;
1640 934 1733 960 unita-'

97 975 227 1003 τοιούτων
243 978 256 1003 ὁ
271 977 350 1012 λόγος
365 977 422 1011 νῦν,
439 977 506 1004 ἀλλὰ
524 978 587 1013 περὶ
603 977 681 1009 Θεοῦ,
698 978 745 1004 τοῦ
763 979 853 1014 μήτεά

978 986 994 1005 n
1012 985 1078 1006 vero
1092 979 1207 1006 audiens
1219 999 1227 1011 ,
1248 987 1283 1007 ne
1307 979 1479 1007 diversorum
1495 980 1676 1015 quorumdam
1700 980 1734 1007 ad

97 1022 150 1057 χῆς
167 1023 292 1058 ἀριθμῶν
304 1023 380 1056 ὄντος
396 1024 442 1050 καὶ
458 1024 615 1056 ὰσυνθὲτου,
631 1024 699 1051 ἀλλὰ
709 1025 755 1051 καὶ
771 1024 842 1060 ὑπὲρ

979 1025 1091 1053 itionem
1103 1033 1267 1053 concursum
1284 1025 1407 1060 cogites:
1423 1034 1511 1061 neque
1525 1027 1597 1054 enim
1615 1027 1649 1054 de
1669 1027 1733 1053 tali-

99 1069 245 1104 μονοούσια
260 1071 411 1106 ἡνωμένου.

973 1080 991 1099 is
1006 1080 1127 1107 praesens
1143 1072 1298 1100 instituitur
1313 1080 1419 1107 sermo;
1435 1081 1531 1100 verum
1552 1073 1587 1100 de
1602 1073 1668 1105 Deo,
1682 1074 1729 1108 qui

97 1123 189 1150 neque
204 1120 247 1143 est
261 1116 427 1151 principium
442 1123 633 1149 numerorum,
652 1121 734 1152 atque
753 1117 952 1152 compositione
966 1123 1057 1152 caret;
1077 1118 1133 1146 imo
1149 1119 1232 1146 etiam
1250 1119 1306 1147 illis
1333 1127 1395 1154 qua:
1422 1127 1477 1147 una
1508 1123 1638 1146 constant
1669 1120 1736 1147 sub-

98 1163 211 1195 stantia,
229 1163 324 1191 unitus
336 1164 433 1199 magis.

139 1210 299 1244 Ἑνοποιός.
324 1210 463 1238 Ἐντεῦθεν
485 1211 553 1246 μετὰ
577 1210 610 1237 τὸ
633 1210 752 1242 ἐξελθεῖν
783 1209 892 1237 πάντων

979 1209 1109 1244 Eﬁ‘ectn'a:
1129 1210 1255 1238 unitatis.
1274 1210 1317 1238 Ab
1339 1211 1390 1238 hoc
1406 1210 1477 1242 loco,
1493 1210 1540 1238 ubi
1556 1218 1589 1238 ex
1608 1210 1735 1238 omnibus

95 1257 152 1283 τῶν
166 1258 196 1284 ἐν
212 1259 268 1289 τοῖς
283 1255 342 1284 οὖσι
358 1257 392 1284 τὰ
409 1258 473 1293 περὶ
487 1257 566 1290 Θεοῦ,
578 1257 669 1284 λοιπὸν
680 1256 719 1292 τῷ
736 1256 827 1292 μέτρῳ
843 1265 851 1281 π

979 1263 1035 1283 rum
1051 1256 1198 1291 generibus
1219 1255 1306 1284 Deum
1323 1256 1434 1288 exemit,
1449 1257 1578 1291 deinceps
1599 1264 1735 1284 mensuras

95 1304 234 1339 ἡμετέρας
256 1303 381 1339 γλώσσης
410 1304 573 1336 ἀκολουθῶν,
598 1303 639 1340 (οὐ
660 1304 716 1340 γὰρ
740 1304 851 1339 ὑπερϐἦν

980 1302 1029 1330 stri
1043 1303 1179 1330 sermonis
1198 1303 1355 1338 obsequens
1371 1302 1471 1338 (neque
1486 1302 1541 1338 95
1556 1303 1630 1330 enim
1645 1302 1734 1337 ipsum

95 1349 199 1385 ταύτην
221 1349 333 1376 δυνατὸν
354 1351 430 1385 ἡμῖν·
445 1349 453 1385 )
470 1349 499 1383 ἐξ
515 1349 604 1376 αὐτῶν
620 1349 725 1382 δοξάζει
749 1349 794 1376 τὸν
814 1349 851 1375 Θεη

979 1348 1059 1375 msire
1082 1348 1242 1384 possumus)
1255 1349 1352 1376 iisdem
1369 1348 1454 1376 Deum
1465 1348 1570 1380 laudat.
1582 1356 1615 1376 ex
1633 1348 1735 1383 quibus

96 1395 128 1428 ἐξ
143 1392 181 1422 ὧν
197 1397 278 1423 αὑτὸν
294 1396 389 1430 ἐξεῖλε·
406 1397 454 1423 καὶ
469 1397 550 1423 ἑνάδιι
567 1397 660 1432 φησὶν,
677 1396 734 1423 ἀλλ’
750 1397 852 1423 evortat

979 1401 1032 1422 ium
1045 1399 1190 1429 exceperat
1207 1402 1214 1421 :
1228 1398 1310 1430 atque
1327 1395 1460 1422 unitatem
1479 1399 1572 1426 vocat,
1596 1395 1643 1422 sed
1658 1396 1735 1430 uniﬁ-

95 1442 157 1469 τῶν
172 1442 303 1475 ἐνάὸωιν,
323 1443 460 1476 τουτέστι,
477 1443 641 1479 δημιουργὸν
656 1443 711 1470 τῶν
731 1442 824 1470 ἁπλῶν
846 1451 851 1468 ι

978 1450 1002 1468 m
1012 1442 1153 1472 unitatem,
1170 1441 1197 1469 id
1212 1447 1254 1469 est
1270 1442 1437 1477 simplicium
1458 1442 1641 1469 essentiarum
1657 1449 1734 1469 crea-

97 1489 174 1520 σιῶν,
192 1486 247 1516 οἷον
263 1489 386 1524 ἀγγέλων
408 1490 455 1516 καὶ
476 1489 580 1524 ψυχῶν·
598 1489 646 1517 καὶ
665 1489 742 1516 γοῦν
763 1489 853 1522 άνόητ

979 1495 1041 1521 rem,
1056 1488 1142 1516 veluti
1155 1488 1316 1523 angelorum
1332 1492 1360 1515 et
1376 1489 1530 1515 animarum
1548 1496 1554 1514 :
1571 1491 1653 1522 atque
1673 1487 1735 1514 νοῦν

95 1536 158 1562 ἀντὶ
173 1535 220 1562 τοῦ
242 1535 279 1572 μὴ
295 1536 440 1571 νοούμενον
462 1536 515 1562 ὑπό
539 1544 610 1567 τινος
632 1535 689 1562 νοῦ·
707 1536 762 1562 el"
782 1535 837 1570 γὰρ

978 1534 1067 1570 ὁητον,
1078 1542 1138 1569 pro,
1151 1538 1270 1562 mentem
1284 1542 1299 1561 a
1314 1535 1389 1561 nulla
1404 1539 1496 1562 mente
1509 1534 1691 1568 intellectam;
1710 1534 1734 1562 si

94 1581 187 1616 ὅμοιον
204 1582 256 1608 ὑπὸ
271 1581 318 1608 τοῦ
327 1582 421 1617 ὁμοίου
431 1582 605 1616 γινώσκεται,
616 1582 698 1617 ἐχρῆν
708 1579 777 1617 [οὖν]
786 1582 812 1607 εἰ
827 1589 850 1607 vc

979 1580 1014 1607 im
1037 1580 1125 1608 simile
1145 1588 1161 1607 a
1183 1580 1267 1608 simili
1291 1581 1435 1614 noscitur,
1457 1580 1584 1614 debebat,
1613 1580 1637 1607 si
1657 1588 1735 1608 mens

92 1626 140 1664 ἦν,
154 1629 206 1655 ὑπὸ
221 1629 274 1655 τῶν
284 1628 351 1655 νοῶν
363 1629 490 1655 νοεῖσθαι.
506 1628 585 1655 Ἀλλὰ
597 1629 643 1661 τίς
653 1628 730 1663 ἐγνω
743 1627 819 1654 νοῦν
829 1627 848 1653 Β

977 1628 1049 1658 isset,
1066 1635 1081 1654 a
1097 1627 1236 1655 mentibus
1252 1628 1377 1663 intelligi.
1391 1626 1490 1655 Verum
1504 1628 1562 1662 quis
1575 1627 1646 1654 novit
1660 1635 1733 1654 men-

89 1675 182 1708 plov;
197 1673 295 1702 οὐκοῦν
308 1674 373 1706 ’νοῦς
389 1675 463 1701 ἐστιν
479 1675 549 1710 ὑπὲρ
571 1674 648 1706 νοῦν,
665 1674 712 1700 καὶ
730 1672 816 1708 ὄνομά
830 1674 844 1699 ὲ

978 1682 993 1700 η
1005 1673 1135 1702 Domini?
1155 1682 1221 1710 ergo
1235 1678 1278 1702 est
1298 1682 1376 1702 mens
1397 1681 1480 1708 supra
1495 1677 1626 1705 mentem,
1643 1677 1670 1700 et
1684 1679 1734 1700 no-

93 1720 125 1746 τὺ
141 1720 212 1756 ὑπὲρ
227 1721 281 1748 πᾶν
296 1721 390 1756 ὄνομα·
409 1721 456 1747 καὶ
475 1721 509 1747 Τὸ
528 1720 622 1755 ὄνομα
642 1721 698 1756 γάρ
709 1730 779 1755 μου,
796 1729 849 1756 φησ

977 1727 1002 1747 2n
1014 1727 1098 1755 supra
1111 1727 1193 1747 omne
1204 1728 1304 1748 nomen
1317 1730 1324 1747 :
1337 1723 1365 1747 et
1381 1719 1487 1746 Nomen
1498 1719 1567 1746 enim
1580 1727 1676 1750 meum,
1692 1719 1733 1745 in-

94 1767 152 1792 οῠκ
171 1767 258 1793 εἷπον
280 1766 392 1799 αὐτοῖς·
415 1766 454 1794 διὸ
470 1767 517 1793 καὶ
533 1766 675 1801 ἀνώνυμος
692 1767 784 1794 πᾶσιν.
808 1765 850 1792 Ἀλ

980 1766 1010 1798 it,
1023 1774 1076 1792 non
1094 1766 1152 1793 dixi
1168 1767 1243 1801 ipsis.
1267 1766 1386 1801 Ideoque
1406 1765 1479 1801 apud
1504 1772 1601 1793 omnes
1622 1765 1733 1793 nomine

94 1813 143 1839 καὶ
159 1812 220 1838 οὐδὲ
236 1812 272 1839 ὥν
289 1812 401 1839 erm“-
419 1814 444 1839 ει
467 1812 521 1848 γὰρ
537 1812 618 1844 αὐτὸς
637 1811 672 1838 τὰ
696 1811 760 1838 ὄντα
782 1813 814 1839 ὲκ
835 1820 850 1838 τ

976 1816 1033 1846 ret;
1051 1812 1099 1840 sed
1113 1813 1194 1840 etiam
1210 1820 1300 1847 neque
1314 1820 1377 1839 cum
1393 1813 1444 1845 sit,
1459 1816 1517 1844 est;
1539 1812 1562 1840 si
1584 1812 1657 1840 enim
1673 1813 1732 1847 ipse

95 1858 134 1894 μὴ
150 1858 235 1884 ὄντων
251 1858 420 1894 δημιουργεῖ,
431 1859 481 1885 οὐκ
495 1859 549 1894 ἄρα
560 1858 614 1884 τῶν
630 1857 714 1884 ὅντων
730 1858 814 1889 ἐστὶν,
831 1858 851 1884 ἀῖ

977 1866 994 1890 ;,
1009 1858 1088 1886 exiis
1098 1866 1159 1894 quae
1173 1866 1228 1886 non
1240 1862 1314 1891 sunt,
1329 1862 1421 1891 creat;
1438 1857 1559 1893 profecto
1575 1858 1680 1885 nullum
1690 1861 1733 1886 est

93 1903 167 1939 ὑπὲρ
183 1903 217 1930 τὰ
232 1904 307 1931 ὄντα.
331 1904 394 1930 Ὲὰν
410 1904 438 1930 δὲ
454 1903 530 1940 λέγῃ·
555 1903 626 1938 Ἐγώ
640 1905 698 1938 ειμι
710 1905 726 1930 ό
736 1903 789 1935 ὢν,
805 1902 849 1935 ὰξί

974 1912 1034 1933 rum
1050 1913 1111 1940 qua
1124 1909 1198 1937 sunt,
1211 1905 1259 1933 sed
1274 1913 1308 1933 ea
1323 1909 1450 1940 superat;
1466 1905 1518 1932 etsi
1531 1908 1622 1932 autem
1637 1904 1706 1931 dixit
1723 1914 1730 1932 :

93 1949 149 1975 νόει
166 1950 282 1985 ἄναρχον
297 1951 345 1976 καὶ
360 1949 547 1985 ἀτελεύτητον,
564 1949 632 1976 ἀλλὰ
648 1950 695 1976 καὶ
710 1949 849 1984 ἀνεξερεύν

977 1960 995 1978 νο
1007 1960 1065 1978 sum
1080 1953 1124 1987 qui
1137 1960 1206 1984 sum,
1229 1952 1310 1986 digne
1323 1952 1426 1986 cogites
1451 1952 1541 1986 ipsum
1558 1951 1694 1986 principio
1705 1955 1733 1979 et

92 2003 151 2021 ’πονο
939 1999 1002 2031 line,
1023 1999 1147 2034 quinimo
1162 1999 1244 2026 etiam
1259 1998 1469 2033 investigatione
1484 2004 1588 2025 carere.

130 2040 144 2076 §
161 2041 195 2068 II.
214 2042 250 2068 "0
268 2050 294 2068 τι
311 2041 384 2068 ποτέ
403 2042 489 2069 ἐστιν
508 2042 669 2077 ἐπιστήμη.
692 2041 781 2073 Μόνος
803 2041 858 2077 γὰρ
872 2042 886 2067 ό

975 2045 985 2081 ξ
1000 2044 1032 2073 ll.
1050 2044 1116 2079 Ejus
1131 2044 1194 2080 quid
1207 2044 1243 2071 sit
1259 2044 1380 2074 scientia.
1399 2043 1481 2071 Solus
1496 2044 1570 2070 enim
1586 2042 1658 2070 Deus
1672 2043 1731 2077 ipse

93 2087 162 2118 Θεὸς
178 2087 260 2118 αὐτὸς
273 2088 308 2114 τὰ
324 2089 388 2124 περὶ
403 2088 500 2115 ἑαυτοῦ
511 2088 666 2120 ἐπίσταται,
677 2088 849 2123 ἐπιστητῶφ

975 2099 989 2118 a
1004 2091 1165 2126 cognoscit,
1190 2091 1310 2118 scienter
1327 2094 1354 2117 et
1379 2089 1490 2124 proprie
1506 2090 1626 2124 seipsum
1650 2094 1731 2124 prout

94 2133 199 2169 κυρίως
223 2134 301 2166 εἰδὼς
323 2134 417 2161 ἑαυτὸν
433 2134 471 2166 ὡς
491 2134 557 2161 ἔστι·
575 2133 631 2166 τοῖς
655 2134 682 2160 δὲ
699 2133 763 2169 ἑξῆς
785 2133 850 2160 ἔιπα<

973 2142 1172 2173 Lcognoscens;
1189 2137 1296 2164 caeteris
1305 2143 1370 2164 vero
1385 2136 1513 2163 omnibus
1528 2136 1638 2170 ignotus
1648 2139 1690 2164 est
1701 2137 1729 2163 in

93 2180 297 2214 ἀνεπίγνωστος
313 2180 350 2207 ὢν
366 2180 426 2208 κατ’
446 2180 526 2213 αὐτὸ,
548 2181 578 2207 τὸ
600 2180 627 2207 τι
650 2180 707 2207 ἐστι
730 2180 776 2206 καὶ
797 2179 847 2206 καθ

973 2205 980 2217 ,
995 2183 1061 2219 quid
1078 2184 1163 2216 sit,‘et
1175 2183 1264 2218 qualis
1273 2183 1320 2211 sit.
1332 2182 1431 2209 Nullus
1442 2182 1511 2208 enim
1522 2182 1590 2208 novit
1608 2181 1728 2215 Patrem,

93 2228 179 2253 ἐστιν.
200 2226 304 2260 Οὐδεὶς
317 2226 373 2262 γὰρ
388 2226 544 2262 γιγνώσκει
557 2226 612 2253 τὸν
625 2226 751 2260 Πατέρα,
772 2228 798 2253 εὶ
808 2226 849 2261 μὴ

974 2230 992 2257 si
1006 2229 1104 2262 Filius,
1121 2233 1145 2256 et
1161 2228 1274 2260 Filium.
1288 2228 1341 2255 nisi
1359 2227 1480 2254 Pateri:
1496 2235 1559 2254 nam
1576 2226 1667 2259 Pater,
1682 2234 1730 2254 co-

98 2274 176 2306 Υιός·
187 2273 236 2299 καὶ
249 2273 303 2300 τὸν
324 2273 402 2305 Υὶὸν,
417 2275 444 2300 εὶ
455 2273 498 2308 μὴ
510 2275 526 2301 ὀ
536 2273 646 2308 Πατήρ·
656 2272 817 2308 γιγνώσκων
833 2281 854 2307 γι

970 2283 1074 2304 ιοεοειιε
1083 2283 1160 2303 suam
1174 2275 1342 2302 adorandam
1355 2274 1512 2309 imaginem,
1524 2273 1551 2300 id
1564 2277 1606 2301 est
1616 2273 1726 2307 Filium,

92 2318 108 2344 ὀ
124 2319 220 2354 Πατὴρ
235 2319 285 2355 τὴν
302 2318 401 2345 ἑαυτοῦ
418 2320 608 2356 προσκυνητὴν
629 2319 741 2351 εἰκόνα,
764 2319 848 2345 τουτί-Ξ(

973 2323 1059 2358 ipsum
1086 2322 1247 2357 cognoscit;
1270 2321 1366 2348 eodem
1391 2320 1472 2348 modo
1496 2324 1620 2348 sanctum
1643 2320 1729 2356 Spiri-

91 2364 140 2392 τὺν
158 2366 232 2397 Υἱὸν,
249 2365 395 2401 γιγνώσκει
412 2365 482 2402 [καὶ]
500 2367 606 2393 ἑαυτόν.
630 2366 666 2392 Τὸ
681 2366 746 2393 αὐτὸ
761 2366 808 2393 καὶ
824 2375 847 2392 πι

972 2377 997 2396 m
1012 2379 1018 2395 :
1037 2368 1137 2395 Nullus
1156 2368 1226 2395 enim
1246 2368 1316 2394 novit
1335 2367 1429 2401 Deum,
1440 2367 1491 2395 nisi
1501 2366 1618 2401 Spiritus
1634 2367 1679 2402 qui
1696 2375 1728 2394 ea:

91 2411 141 2438 τοῦ
159 2412 236 2446 ἁγίου
248 2411 414 2447 Πνεὺματος·
426 2412 531 2445 Οὐδεὶς
545 2412 599 2447 γὰρ
612 2412 673 2439 οἶδε
683 2413 719 2439 τὰ
735 2412 787 2439 τοῦ
802 2413 847 2439 Θεε

973 2424 1005 2443 το.
1021 2414 1118 2442 Omnia
1133 2415 1217 2450 igitur
1236 2423 1298 2450 qua:
1320 2414 1354 2441 de
1379 2413 1435 2441 Deo
1460 2414 1609 2441 meditatur
1630 2414 1729 2442 beatus

91 2458 176 2493 εἰμὴ
193 2458 226 2485 τὸ
244 2458 365 2493 Πνεῦμα
385 2458 418 2485 τὸ
441 2459 476 2485 ἐκ
498 2459 551 2486 τοῦ
575 2459 658 2485 Θεοῦ.
677 2459 770 2486 Πάντα
783 2459 847 2485 τοίνι

801 2459 885 2489 οίνυνι
940 2463 985 2490 hic
1000 2463 1051 2494 vir,
1063 2462 1098 2490 de
1112 2462 1267 2490 veneranda
1280 2460 1414 2488 Triuitate
1428 2460 1556 2496 intelligit

91 2505 144 2531 ὅσα
160 2505 225 2539 περὶ
243 2503 311 2531 Θεοῦ
327 2505 425 2540 θεωρεί
444 2505 458 2531 ὁ
475 2505 610 2541 μακάριος
624 2501 701 2536 οὗτος
721 2504 800 2540 ἀνὴρ,
822 2505 886 2540 περὶ

92 2550 144 2586 τῆς
161 2550 313 2586 σεϐασμιας
323 2550 345 2567 ⁸⁸
361 2551 476 2587 Τριάδος
491 2552 556 2578 νοεῖ.

137 2597 292 2631 Ἀπειρίαν.
310 2597 346 2623 Τὸ
362 2598 569 2633 πεπερασμένον
580 2598 625 2624 καὶ
635 2597 801 2633 περιληπτὸν
812 2598 886 2624 ἐστιν

972 2596 1146 2632 Inﬁnitatem.
1159 2595 1238 2629 Quod
1253 2596 1361 2624 ﬁnitum
1379 2600 1433 2627 est,
1448 2596 1629 2632 probabiliter
1643 2596 1725 2624 etiam

92 2643 208 2675 εἰκότως
220 2664 227 2674 ,
245 2644 290 2678 ὑφ’
316 2641 347 2671 οὗ
367 2644 414 2671 καὶ
438 2645 619 2680 πεπέρασται·
637 2645 662 2670 ει
680 2644 709 2670 δὲ
723 2644 738 2670 ὁ
752 2643 818 2676 Θεὸς
833 2652 848 2670 τ

972 2643 1129 2678 mprehendi
1145 2642 1179 2670 ab
1192 2650 1224 2670 eo
1239 2646 1328 2678 potest
1342 2650 1356 2669 a
1370 2650 1425 2678 quo
1439 2647 1465 2670 et
1481 2643 1587 2670 ﬁnitum
1603 2646 1645 2670 est
1656 2651 1663 2675 ;
1674 2642 1725 2669 etsi

94 2689 223 2716 ἁπάντων
239 2690 299 2717 ἐστὶ
313 2690 394 2722 τόπος
411 2709 419 2722 ,
435 2690 466 2717 οὑ
483 2691 656 2727 σωματικῶς,
673 2690 740 2718 ἀλλὰ
755 2691 850 2726 δημιου

969 2697 1003 2717 ro
1014 2689 1085 2717 Deus
1099 2689 1291 2717 universorum
1299 2690 1334 2718 sit
1348 2689 1437 2723 locus,
1451 2697 1506 2717 non
1523 2693 1614 2717 tamen
1628 2695 1725 2724 corpo-

159 2769 168 2789 i
189 2767 285 2796 Matth.
302 2777 341 2803 χι,
358 2768 405 2797 ‘27.

562 2846 678 2874 VARl/E
697 2845 888 2874 LECTIONES
903 2845 947 2873 ET
963 2844 1240 2874 CORRECTIONES.

139 2928 159 2944 "
175 2928 254 2958 Θεοῦ,
310 2929 331 2945 "
346 2927 402 2956 καί.
437 2929 458 2946 ⁵³
471 2928 545 2956 οὐδέν
562 2930 644 2957 ἐστιν.
687 2929 708 2946 οδ
723 2925 798 2961 οὗτος
812 2929 857 2956 καὶ
873 2929 929 2956 νοεῖ
946 2926 1020 2964 παρὰ
1034 2928 1084 2964 τῆς
1096 2925 1256 2962 σεϐασμίας.
