1926 3062
233 149 287 176 195

631 146 802 175 APPENDIX
816 147 862 176 AD
881 146 995 175 OPERA
1010 146 1040 175 S.
1061 146 1212 177 DlONYSlI
1230 146 1472 176 ΔΒΕΟΡΑΟΙΤᾸΞ.

1803 149 1850 180 196

229 213 257 236 et
272 207 496 235 ratiocinationes
510 206 676 240 fundantur.
689 207 788 242 quibus
801 206 858 241 98
880 207 908 233 in
923 214 1018 241 specu-

1075 207 1138 243 πρὸς
1151 207 1182 234 τὸ
1196 207 1304 243 πνεῦμα
1317 209 1345 234 ἐν
1359 204 1381 241 ᾧ
1394 208 1463 234 εἰσιν
1471 208 1666 244 ὲστηριγμέναι
1677 209 1705 235 αί
1722 208 1848 245 αἰσθήσεις

230 256 333 283 latione
353 256 476 283 rationes
495 255 667 291 indagamus,
684 255 730 289 qui
751 254 860 287 spiritus
876 254 948 281 nouit
962 262 1022 289 qua

230 303 283 329 ιὶνιι
307 310 335 328 m
359 301 473 332 homine,
492 301 643 328 secundum
664 300 857 335 Apostolum'.
882 300 1021 327 Conversa

223 349 323 383 itaque
338 347 430 374 anima
447 347 479 374 ad
501 347 575 374 hunc
593 346 731 381 spiritum,
748 346 918 373 convertitur
937 345 1019 373 etiam

229 394 264 420 ad
281 401 381 421 sensus
404 393 450 428 qui
478 393 507 420 in
536 393 596 427 ipso
618 392 756 419 exsistunt
783 395 810 419 ct
837 399 885 426 per
909 399 957 419 eos
986 391 1020 418 ad

229 447 341 475 corpus.
357 440 387 467 ln
411 443 502 467 mente
523 446 635 474 quoque
653 438 836 473 cogitationes
846 438 931 466 veluti
947 438 1019 466 divi-

229 487 344 519 duntur,
367 491 447 521 atque
473 486 500 512 in
518 485 680 513 discrimina
701 484 810 512 divisim
832 485 984 520 procedunt
1004 492 1020 512 a

229 533 318 567 prima
341 533 507 568 cogitatione
531 531 565 558 ad
588 531 724 559 secundas
746 534 794 558 aut
812 530 1019 558 excellentiores

228 583 276 605 aut
286 578 447 606 deteriores.
467 577 538 605 Dicit
552 585 618 613 ergo
629 585 680 605 nos
697 577 864 604 intendendo
878 577 905 604 in
921 576 1018 610 Deum,

229 624 287 652 ﬁeri
300 624 334 651 ab
349 625 452 651 unitate
467 624 513 651 illa
532 631 618 651 unum
633 623 837 655 indistinctum,
852 623 1020 650 discrimini-

227 670 279 697 bus
291 670 394 697 nostris
410 677 471 705 quae
486 670 582 697 multis
598 669 724 705 partibus
741 669 907 697 constabant
926 676 959 696 ex
974 668 1018 696 di-

227 716 333 744 visione
348 716 375 743 in
390 716 607 751 complexionem
623 716 737 749 coactis,
752 721 778 743 et
789 715 871 744 modo
886 715 1018 742 mundum

227 763 355 790 vincente
373 771 456 789 unum
470 762 588 795 eﬂ‘ectis,
604 763 631 790 id
645 766 689 790 est
707 771 762 790 non
783 763 890 795 sensili,
912 763 961 791 sed
975 762 1015 789 in-

228 808 376 835 tellectuali
393 808 484 839 modo.
502 815 564 835 cum
583 808 696 835 minime
719 807 810 835 adhuc
826 808 906 835 alieni
924 808 958 835 ab
971 815 1018 836 eo-

228 861 290 880 rum
311 853 510 888 conjunctione
531 853 634 887 simus;
651 854 718 889 quin
741 853 833 888 potius
848 862 932 881 unum
956 854 1018 882 uni-

232 901 321 928 forme
339 900 499 932 eﬁiciamur,
516 901 584 927 sicut
600 904 625 927 et
640 900 695 934 ipse
714 907 796 926 unum
817 903 868 932 est,
887 900 1019 935 quemad-
1033 881 1055 908 Β

227 947 339 974 modum
350 947 390 974 ait
405 947 433 973 in
446 946 603 982 Evangelii:
614 948 637 974 ι.

263 992 298 1019 Ut
319 993 486 1020 Trinitatem.
504 991 574 1019 Nota
596 991 759 1020 Trinitatem
781 993 870 1020 tribus
891 992 1018 1028 personis

226 1040 422 1067 subsistentem
443 1044 489 1066 :et
505 1039 701 1066 fecunditatem
719 1038 808 1067 Patris
822 1039 898 1072 dicit,
915 1039 1020 1067 incom-

227 1086 438 1121 prehensibilem
452 1086 512 1120 ejus
526 1093 701 1120 progressum
715 1086 742 1112 in
753 1084 962 1120 productionem
971 1084 1018 1112 Pi-

227 1133 258 1160 lii
273 1136 301 1159 et
316 1131 434 1167 Spiritus
446 1132 534 1159 sancti
547 1140 554 1158 ι
569 1135 643 1159 recte
657 1138 739 1166 porro
751 1131 790 1158 ait
803 1136 833 1158 ut
849 1131 1017 1164 Trinitatem,

227 1179 359 1214 quoniam
382 1186 437 1205 non
452 1185 596 1210 numerus,
612 1177 660 1205 sed
675 1177 760 1206 decus
775 1177 879 1205 dictum
893 1181 953 1206 est:
967 1177 1019 1204 Do-

227 1225 315 1252 minus
327 1224 396 1252 Deus
405 1224 534 1251 Dominus
549 1232 617 1251 unus
626 1229 665 1251 est
675 1230 699 1252 υ.

265 1271 307 1298 Ea:
319 1279 371 1307 qua
387 1271 471 1298 omnis
484 1271 642 1305 paternitar.
659 1270 772 1298 Familia
786 1271 954 1307 intelligendi
973 1279 1019 1298 or-

226 1318 306 1346 dines
322 1317 443 1352 ejusdem
467 1318 566 1349 seriei,
580 1317 664 1345 veluti
680 1317 732 1345 sibi
756 1322 851 1345 mutuo
865 1317 1016 1352 conjuncti,

227 1364 380 1396 cherubim,
391 1364 540 1398 seraphim,
556 1364 740 1399 principatus,
756 1368 916 1399 potestates.
933 1364 961 1391 in
973 1372 1019 1392 no-

230 1411 274 1438 bis
290 1415 380 1438 autem
396 1410 478 1437 etiam
494 1410 645 1445 spiritales,
661 1414 692 1437 ut
707 1410 830 1445 ejusdem
845 1410 955 1446 generis
967 1431 975 1442 ,
991 1414 1018 1438 et

228 1457 445 1493 complexiones,
463 1458 533 1484 sicut
547 1456 669 1484 declarat
679 1464 790 1492 quoque
808 1456 916 1493 Moyses
931 1456 1018 1484 affati-

228 1508 309 1532 tates.

263 1551 340 1584 Quod
352 1551 442 1578 omnia
456 1559 513 1587 qua:
525 1555 597 1578 sunt.
611 1550 751 1578 Universae
765 1549 812 1578 Dei
824 1555 955 1578 creatura:
967 1550 1017 1577 bo-
1030 1554 1051 1582 (Σ

226 1605 268 1625 nae
282 1602 310 1625 et
323 1597 401 1625 valde
412 1597 491 1625 bona:
506 1597 618 1625 luerunt
635 1601 662 1624 et
673 1600 749 1628 sunt,
766 1597 794 1624 in
809 1602 941 1632 quantum
954 1605 1014 1632 per-

225 1647 357 1671 severant
373 1643 400 1670 in
417 1643 535 1671 naturali
551 1649 580 1670 ut
596 1643 707 1670 fuerunt
720 1642 832 1670 ordine:
845 1643 960 1671 dcﬂerio
971 1651 1018 1670 au-

225 1695 282 1717 tem
298 1690 332 1718 ab
353 1698 385 1717 eo
399 1690 473 1725 quod
490 1694 595 1718 natura
617 1690 756 1722 convenit,
775 1690 833 1718 sive
849 1690 878 1717 in
899 1690 1015 1725 angelis,

225 1735 285 1763 sive
298 1736 326 1762 in
342 1736 452 1766 animis,
475 1736 534 1763 sive
556 1735 584 1762 in
598 1736 838 1771 qualibuscunque
852 1735 1017 1771 corporibus

226 1781 283 1812 ﬁat,
298 1782 530 1816 pulchritudinem
546 1782 646 1817 perdit,
661 1786 744 1818 atque
758 1783 792 1810 ab
803 1790 835 1810 ea
851 1782 1016 1815 aberrando,

225 1827 424 1863 turpitudinem
439 1831 578 1863 operatur.

267 1870 332 1901 Vere
344 1875 452 1909 integre.
469 1873 705 1910 Dispensationem
716 1874 826 1911 (salutis
843 1874 956 1911 nostm)
971 1883 1016 1903 re-

224 1924 271 1948 cte
285 1921 338 1948 hoc
352 1921 413 1948 loco
428 1921 549 1956 exponit.
560 1929 644 1948 unum
653 1921 797 1949 Trinitatis
810 1929 933 1957 passum.
946 1921 1017 1949 Nota

227 1974 310 1993 unam
322 1974 501 2002 personarum
513 1967 657 1995 nobiscum
669 1968 773 2004 integre
787 1969 1017 2001 communicasse;

226 2013 355 2048 quodque
380 2013 478 2040 dixerit
502 2013 592 2049 ipsum
613 2013 757 2041 Dominum
778 2018 904 2042 nostrum
923 2013 1018 2042 Iesum

226 2059 369 2087 Christum
382 2060 546 2095 simplicem,
562 2059 661 2087 deinde
671 2060 853 2095 compositum
869 2061 1016 2088 humanam

225 2106 427 2133 extremitatem
446 2106 480 2132 ad
495 2105 617 2142 seipsum
633 2110 819 2134 revocantem.
840 2106 913 2134 Bene
934 2106 1018 2142 igitur

226 2151 363 2182 dicimus.
393 2160 477 2179 unum
500 2153 681 2180 sanctissimae
709 2151 855 2180 Trinitatis
881 2153 966 2180 fuisse
989 2153 1017 2180 in

225 2206 319 2226 cruce.
342 2198 399 2226 Hoc
421 2204 463 2226 est
481 2202 578 2226 contra
594 2197 771 2226 Nestorianos
794 2202 822 2227 et
840 2199 991 2234 Acephalos
1008 2207 1014 2225 :

224 2252 291 2272 ecce
300 2245 383 2278 enim,
397 2245 445 2277 ait,
459 2254 513 2272 una
527 2244 709 2272 Personarum
720 2245 818 2281 integre
833 2245 970 2273 nobiscum
979 2246 1016 2281 (in

225 2296 327 2317 natura
335 2297 343 2326 )
366 2292 587 2326 communicauit,
612 2292 683 2319 sicut
704 2291 771 2318 dicit
790 2292 968 2327 Apostolus',
989 2292 1017 2318 in

225 2345 277 2372 quo
291 2337 392 2364 habitat
410 2339 494 2365 omnis
512 2339 647 2374 plenitudo
666 2339 813 2366 divinitatis
831 2339 1015 2374 corporaliter.

228 2384 286 2412 Hoc
306 2390 396 2414 autem
414 2387 513 2423 integre
529 2389 678 2425 intelligere
695 2390 751 2426 99
762 2391 845 2419 etiam
865 2397 907 2419 est
923 2396 1018 2419 contra

226 2431 424 2465 Apollinarium
441 2443 449 2461 :
467 2434 588 2463 declarat
600 2435 685 2468 enim,
699 2436 787 2471 ipsum
805 2437 954 2472 perfectum
968 2436 1018 2464 ho-

226 2480 327 2503 minem
341 2480 534 2512 assumpsisse.

265 2519 299 2546 El
314 2522 425 2555 sumpsit
447 2522 621 2549 accessiones.
643 2521 752 2549 Patrem
767 2521 871 2549 dixisse
890 2529 1018 2557 proroga-

228 2567 338 2599 tionem,
354 2567 476 2595 arbitror
490 2576 552 2596 esse
564 2576 721 2596 mensuram
733 2568 865 2603 temporis
876 2575 932 2603 quo
938 2568 1015 2595 Chri-

227 2617 288 2641 stus
305 2612 332 2640 in
344 2621 427 2641 carne
439 2620 618 2642 conversatus
630 2619 682 2643 εει.

265 2660 466 2695 Εείηιοηίιιείε.
486 2661 585 2688 Mansit
608 2662 680 2688 enim
706 2661 777 2689 idem
800 2661 872 2690 Deus
895 2660 1014 2689 Verbum

227 2706 341 2738 factum,
359 2707 430 2742 quod
447 2715 502 2734 non
517 2711 577 2734 erat
590 2707 649 2736 sine
662 2708 834 2737 confusione.
852 2709 921 2736 Nota
932 2710 1014 2737 etiam

227 2761 280 2780 mm
294 2753 436 2788 confusum
452 2761 467 2781 a
485 2758 608 2789 tempore
629 2756 814 2791 apostolorum
835 2757 1012 2791 praedicatum

226 2799 323 2827 tuisse.

279 2884 292 2898 ³
309 2880 318 2906 l
333 2879 396 2908 Cor.
412 2888 442 2912 ιι.
456 2881 500 2908 Η.
541 2883 550 2901 ί
565 2881 643 2910 Joan.
655 2890 724 2916 xvii,
739 2881 786 2910 ἓξ.
825 2889 838 2902 ιι
851 2881 929 2912 Deut.
946 2890 983 2915 vt.
999 2883 1026 2910 4.

1072 253 1119 279 καὶ
1135 252 1160 279 οί
1185 252 1319 288 λογισμοὶ,
1334 253 1367 279 δι’
1384 249 1422 280 ὧν
1437 253 1471 280 τὰ
1488 254 1516 280 ὲν
1528 255 1561 289 τῇ
1579 253 1672 288 σκέψει
1688 253 1848 290 λογιζόμεθα,

1072 297 1144 332 ὅπερ
1153 299 1271 333 πνεῦμα
1281 298 1342 325 οἵδε
1350 299 1386 325 τὰ
1393 299 1428 325 ἐν
1435 299 1475 331 τῷ
1482 299 1637 333 ἀνθρώπῳ,
1647 300 1716 327 κατὰ
1723 301 1767 327 τὸν
1781 302 1850 329 Ἀπό-

1073 343 1175 370 στολον·
1194 344 1406 380 ὲπεστραμμένη
1423 342 1469 371 οὗν
1485 345 1553 381 πρὸς
1568 345 1647 372 τοῦτο
1664 346 1695 373 τὸ
1716 347 1817 383 πνεῦμα
1834 348 1850 384 ἡ

1071 389 1153 424 ψυχὴ,
1170 389 1356 426 ἐπέστραπταί
1368 390 1414 417 καὶ
1426 390 1494 427 πρὸς
1509 391 1559 422 τὰς
1577 393 1605 418 ὲν
1620 392 1694 428 αὐτῷ
1708 392 1850 428 αἰσθήσεις,

1071 435 1118 461 καὶ
1132 435 1165 462 δι’
1182 435 1272 462 αὐτῶν
1294 435 1362 471 πρὸς
1377 436 1407 463 τὸ
1425 437 1512 472 σῶμα·
1536 438 1583 464 καὶ
1600 439 1628 465 ἐν
1644 438 1681 473 τῷ
1698 439 1735 474 νῷ
1751 440 1777 466 αἱ
1796 442 1838 477 νοή

1071 489 1128 513 est;
1143 481 1223 508 οἱονεὶ
1241 482 1403 518 μερίζονται,
1422 483 1468 509 καὶ
1483 483 1523 515 εἰς
1536 484 1697 519 ἑτερότητας
1709 486 1816 512 σκεδαστ
1823 486 1853 517 ὦἸ

1071 527 1198 564 προΐασιν
1206 528 1260 554 ἀπὸ
1268 528 1379 564 πρώτης
1389 530 1507 564 νοήσεως
1515 531 1553 562 είς
1566 530 1702 565 δευτέρας,
1719 532 1758 564 είς
1768 541 1813 568 κρε
1823 531 1857 558 ίτ-

1070 582 1148 606 τονας
1160 594 1167 605 ,
1184 574 1200 609 ἢ
1216 576 1256 606 είς
1271 575 1397 610 φαύλους.
1416 576 1500 610 Φησὶν
1516 575 1561 603 οὖν
1583 578 1638 609 ὅτι,
1662 578 1856 614 ἀνατεινόμενοι

1070 620 1138 656 πρὸς
1153 620 1228 652 Θεὸν,
1245 621 1373 657 γινόμεθα
1390 622 1441 650 ὑπὸ
1456 623 1506 658 τῆς
1523 623 1614 655 ὲνὰδος
1630 624 1734 659 ἐκείνης
1752 624 1779 651 ἓν
1788 626 1851 660 ἀμε-

1070 667 1126 703 ρὲς,
1143 668 1197 695 τῶν
1220 668 1380 704 πολυμερῶν
1396 669 1473 704 ἡμῶν
1496 669 1661 705 ἑτεροτήτων
1677 671 1710 696 ἐκ
1729 670 1774 697 τοῦ
1794 679 1852 697 σκε-

1069 714 1172 750 δασμοῦ
1189 715 1229 746 είς
1245 714 1395 750 σύμπτυξιν
1418 715 1630 750 ἀθροιζομένων,
1654 716 1701 743 καὶ
1723 717 1852 742 ἐνοποιου-

1071 761 1158 796 μένων
1182 761 1390 797 ὑπερκοσμίως,
1407 761 1542 788 τουτέστιν
1558 762 1608 788 οὺχ
1628 762 1773 797 αίσθητῶς,
1789 762 1853 788 ἀλλὰ

1068 806 1178 842 νοερῶς,
1196 807 1246 834 οὐκ
1268 807 1308 834 ἔτι
1331 807 1495 842 ἀσυμϐάτων
1518 807 1601 835 ὄντων
1617 808 1696 843 ἡμῶν
1712 809 1779 843 πρὸς
1793 809 1853 834 ἐαυ-

1067 853 1141 884 τοὺς,
1158 853 1225 879 ἀλλὰ
1241 853 1390 888 γινομένων
1405 853 1434 879 ἓν
1450 853 1572 887 ὲνοειδὲς,
1589 853 1630 886 ὼς
1645 854 1694 880 καὶ
1716 853 1804 887 αὐτὸς
1819 854 1852 881 ἓν

1069 897 1164 931 ἐστιν,
1181 898 1219 931 ὣς
1235 907 1316 935 φησιν
1332 900 1361 926 ὲν
1377 899 1560 934 Εὐαγγελιοις.

1111 1000 1157 1033 Ὧς
1189 999 1303 1034 Τριάδα.
1320 999 1475 1035 Σημείωσαι
1499 998 1602 1034 Τριὰδα
1633 999 1842 1035 τρισυπόστατον

1069 1047 1117 1074 καὶ
1140 1046 1305 1082 γονιμάτητά
1335 1055 1402 1081 φησι
1424 1046 1474 1081 τὴν
1501 1045 1636 1082 πατρικὴν
1661 1047 1731 1082 ὑπὲρ
1756 1046 1854 1074 ἔννοιαν

1069 1093 1181 1129 πρόοδον
1197 1094 1237 1125 εις
1252 1093 1383 1128 ἐκφανσιν
1405 1091 1452 1119 τοῦ
1468 1091 1533 1118 Υίοῦ
1555 1093 1602 1119 καὶ
1616 1092 1663 1119 τοῦ
1679 1093 1756 1127 ἁγίου
1773 1093 1854 1119 Πνεύ-

1070 1147 1165 1175 ματος·
1182 1138 1271 1171 καλῶς
1285 1138 1314 1165 δὲ
1327 1138 1358 1164 τὸ
1371 1138 1412 1171 ὡς
1430 1137 1535 1172 Τριάδα
1546 1157 1553 1170 ,
1570 1138 1663 1174 ἐπειδὴ
1678 1138 1728 1164 οὐκ
1743 1138 1866 1174 ἀριθμὸς,

1069 1185 1136 1213 ἀλλὰ
1158 1183 1221 1217 δόξα
1249 1183 1366 1220 etp-qur
1391 1184 1500 1218 Κύριος
1529 1185 1545 1211 ό
1575 1183 1647 1217 Θεὸς
1677 1184 1784 1218 Κύριος
1811 1183 1855 1218 εἷς

1068 1232 1164 1259 ἐστιν.

1111 1277 1158 1310 Ἐξ
1174 1278 1212 1311 ἧς
1227 1276 1311 1304 πᾶσα
1320 1276 1437 1310 πατριὰ.
1447 1276 1569 1313 Πατριὰς
1580 1277 1689 1313 νοητέον
1704 1276 1753 1308 τὰς
1765 1276 1855 1309 τάξεις

1068 1324 1119 1356 τὰς
1134 1326 1167 1351 ὲκ
1182 1324 1231 1360 τῆς
1248 1323 1406 1358 ὁμοταγίας,
1428 1323 1511 1350 οἱονεὶ
1531 1323 1705 1358 συνημμένας
1717 1322 1854 1358 ἀλλήλαις,

1069 1370 1212 1406 χερουὸὶμ,
1236 1371 1355 1406 σεραφὶμ
1367 1390 1373 1401 ,
1397 1369 1500 1406 ἀρχὰς,
1528 1367 1659 1399 ἐξουσίας
1677 1369 1718 1403 ἐφ’
1734 1368 1811 1403 ἡμῶν
1827 1368 1857 1394 δὲ

1070 1417 1179 1449 καὶτὰς
1195 1417 1398 1452 πνευματικὰς,
1423 1417 1461 1448 ὡς
1486 1417 1634 1450 συγγενεῖς·
1659 1417 1705 1443 καὶ
1729 1415 1857 1450 ἀλληλου-

1069 1463 1140 1498 χίας,
1157 1464 1195 1495 ὡς
1207 1463 1282 1499 δηλοῖ
1296 1464 1342 1490 καὶ
1357 1464 1476 1498 Μωῦσῆς
1490 1463 1539 1495 τὰς
1554 1463 1720 1497 συγγενείας.

1105 1555 1166 1582 Ὅτι
1179 1555 1215 1582 τὰ
1231 1555 1303 1582 ὄντα
1317 1555 1424 1581 πάντα.
1442 1555 1534 1582 Πάντα
1548 1555 1582 1582 τὰ
1597 1554 1643 1582 τοῦ
1650 1554 1717 1581 Θεοῦ
1725 1554 1860 1590 δημιουρ-

1068 1602 1181 1637 γήματα
1197 1600 1276 1633 καλὰ,
1294 1602 1340 1629 καὶ
1356 1601 1426 1628 καλὰ
1441 1601 1500 1628 λίαν
1515 1601 1652 1636 γεγόνασι,
1661 1601 1707 1627 καί
1724 1601 1801 1632 εἰσιν,
1814 1595 1860 1636 ἐφ’

1067 1648 1130 1674 ὅσον
1145 1648 1176 1674 ὲν
1190 1648 1222 1683 τῇ
1240 1647 1310 1675 κατὰ
1326 1648 1406 1682 φύσιν
1428 1647 1465 1679 ὡς
1481 1647 1622 1681 γεγόνασι,
1642 1647 1752 1682 μένουσι
1769 1646 1858 1678 τάξει-

1067 1695 1085 1730 ὴ
1102 1694 1131 1721 δὲ
1145 1693 1192 1721 τοῦ
1209 1694 1280 1721 κατὰ
1296 1692 1377 1728 φύσιν
1399 1692 1572 1729 παρατροπὴ,
1589 1693 1644 1719 εἴτε
1670 1693 1700 1719 ὲν
1721 1691 1860 1726 ἀγγέλοις,

1067 1742 1124 1768 she
1138 1741 1167 1768 ἐν
1183 1739 1293 1775 ψυχαῖς,
1310 1741 1365 1766 sits
1381 1741 1410 1766 ὲν
1427 1739 1578 1766 ὁποιοισοῦν
1592 1738 1699 1774 σώμασι
1715 1737 1859 1773 γινομένη,

1067 1785 1099 1814 τὸ
1121 1786 1225 1817 κάλλοςζ
1241 1784 1387 1816 ἀπόλλυσι,
1410 1785 1461 1812 καὶ
1479 1785 1512 1820 τῇ
1536 1783 1632 1811 τούτου
1658 1783 1807 1819 διαμαρτίᾳ
1828 1782 1863 1810 τὸ

1068 1831 1162 1868 αἶσχος
1178 1832 1275 1868 δημιου
1280 1833 1348 1868 ργεῑ.

1103 1877 1182 1912 Πρὸς
1198 1877 1342 1910 ἀλήθειαν
1358 1876 1475 1909 ὑλικῶς,
1493 1876 1548 1911 Τὴν
1569 1875 1724 1911 οἰκονομίαν
1741 1876 1865 1904 ἐνταῦθα

1068 1924 1166 1960 φράζει
1182 1923 1282 1956 καλῶς,
1295 1924 1335 1950 ὅτι
1352 1920 1392 1955 εἷς
1406 1923 1456 1958 τῆς
1471 1922 1585 1958 Τριάδος
1595 1922 1688 1949 ἔπαθε.
1701 1923 1863 1958 Σημείωσαι

1067 1971 1097 1999 δὲ
1112 1972 1152 1998 ὅτι
1171 1971 1220 2007 μία
1226 1970 1282 1998 τῶν
1298 1970 1474 1997 ὑποστάσεων
1488 1970 1556 2004 ἡμῖν
1564 1969 1740 2005 ἐκοινώνησεν
1747 1970 1861 2002 ὑλικῶς·

1068 2017 1116 2044 καὶ
1134 2017 1174 2043 ὁτι
1197 2015 1279 2043 αὐτὸν
1303 2015 1350 2042 τδν
1375 2014 1477 2050 Κύριον
1499 2013 1578 2050 ἡμῶν
1607 2014 1708 2049 Ἰησοῦν
1739 2014 1865 2051 Χριστὸν

1069 2061 1171 2089 ἁπλοῦν
1187 2060 1272 2094 εἶπεν,
1282 2058 1342 2088 εἶτα
1353 2060 1479 2087 σύνθετον
1488 2059 1705 2095 ἀνακαλούμενον
1715 2060 1784 2095 πρὸς
1796 2061 1867 2088 ἑαυ-

1067 2111 1113 2137 τὸν
1129 2110 1177 2146 τὴν
1194 2109 1368 2145 ἀνθρωπίνην
1392 2109 1528 2144 ἐσχατιάν·
1551 2108 1640 2139 καλῶς
1664 2106 1710 2135 οὖν
1732 2108 1866 2144 λέγομεν,

1068 2162 1109 2188 ὃτι
1126 2157 1166 2192 εἷς
1181 2159 1230 2195 τῆς
1247 2160 1327 2194 ἁγίας
1343 2159 1457 2196 Τριάδος
1480 2157 1514 2195 ἦν
1530 2161 1559 2186 ὲν
1573 2159 1611 2195 τῷ
1636 2158 1753 2195 σταυρῷ.
1772 2159 1869 2187 Τοῦτο

1033 2226 1054 2253 D
1068 2206 1139 2233 κατὰ
1147 2206 1335 2242 Νεστοριανῶν
1345 2206 1392 2233 καὶ
1405 2206 1570 2241 Ἀκεφάλων·
1583 2205 1636 2232 ίδοὺ
1647 2206 1710 2242 γὰρ,
1720 2206 1798 2241 φησὶ,
1805 2208 1871 2241 μία

1068 2252 1127 2279 τῶν
1149 2252 1361 2280 ’Υποστάσεων
1376 2252 1484 2285 όλικῶς
1500 2251 1571 2286 ἡμῖν
1585 2251 1797 2286 ἐκοινώνησεν,
1824 2252 1870 2284 ὥς

1068 2307 1150 2333 φησιν
1172 2299 1186 2325 ὸ
1208 2299 1382 2332 Ἀπόστολος,
1405 2300 1440 2326 ἐν
1461 2298 1483 2331 ᾧ
1499 2298 1630 2325 κατοικεῖ
1649 2297 1709 2325 πᾶν
1730 2297 1765 2324 τὸ
1781 2298 1871 2332 πλή-

1062 2353 1147 2379 ρωμα
1162 2345 1217 2379 τῆς
1232 2346 1370 2380 θεότητος
1380 2344 1561 2380 σωματικῶς.
1570 2344 1656 2371 Τοῦτο
1662 2344 1691 2371 δὲ
1703 2345 1733 2371 τὸ
1749 2345 1874 2380 ὀλικῶς

1067 2392 1114 2418 καὶ
1130 2392 1201 2419 κατὰ
1224 2392 1427 2429 Ἀπολλιναρίου
1443 2391 1510 2419 ἐστί·
1527 2391 1602 2427 δηλοί
1622 2391 1676 2427 γὰρ
1691 2391 1794 2418 τέλειον
1814 2392 1873 2419 ἄν-

1066 2437 1174 2473 θρωπον
1190 2438 1362 2474 ἀνειληφέναι
1377 2438 1466 2465 αὐτόν.

1103 2527 1157 2554 Καὶ
1174 2526 1344 2561 παράτασιν
1359 2527 1475 2562 εἴληφε.
1500 2528 1536 2554 Τὸ
1561 2527 1730 2563 παράτασιν
1745 2527 1873 2562 εἰρηκέ-

1066 2580 1109 2599 ναι
1124 2572 1170 2599 τὸν
1185 2572 1304 2609 Πατέρα,
1322 2573 1506 2609 ὑπολαμϐάνω
1523 2573 1554 2600 τὸ
1569 2573 1692 2610 χρονικδν
1710 2572 1812 2608 μέτρον
1825 2570 1874 2599 εῖ-

1070 2628 1114 2647 ναι
1128 2620 1179 2655 τῆς
1195 2622 1223 2647 ὲν
1240 2620 1320 2656 σαρκὶ
1335 2619 1382 2646 τοῦ
1398 2620 1498 2655 Κυρίου
1514 2620 1659 2655 διαγωγῆς.

1105 2666 1161 2694 Καὶ
1182 2667 1367 2702 ἀσυγχύτου.
1386 2667 1496 2702 Ἔμεινε
1517 2666 1570 2702 γὰρ
1591 2666 1672 2698 αὐτὸς
1687 2666 1754 2697 Θεὸς
1771 2665 1875 2700 Λόγος

1069 2713 1222 2749 γενόμενος,
1239 2714 1308 2749 ὅπερ
1323 2713 1373 2740 οὐκ
1391 2711 1425 2749 ἦν
1450 2712 1618 2748 ἁσυγχύτως·
1640 2713 1686 2739 καὶ
1703 2711 1875 2747 σημείωσαι

1066 2760 1108 2786 ὅτι
1123 2760 1153 2786 τὸ
1168 2760 1341 2795 ἀσύγχυτον
1355 2761 1388 2786 ἐκ
1403 2759 1457 2786 τῶν
1479 2758 1663 2786 ὰποστολικῶν
1687 2759 1876 2795 κεκήρυκται

1067 2814 1179 2842 καιρων.

1066 2887 1079 2904 ν
1094 2883 1202 2912 Coloss.
1222 2890 1251 2915 ιι,
1267 2883 1294 2911 9.
