1926 3062
114 201 166 229 131

476 196 506 226 S.
525 194 650 225 MAXIM!
669 192 816 222 SCHOLIA
835 191 868 219 IN
885 191 949 219 LIB.
970 189 1015 218 DE
1030 189 1159 219 DlVlNlS
1175 189 1374 219 NOMINIBUS.

1689 190 1740 219 593

155 256 210 284 Kal
225 256 284 284 ὅσα
299 255 378 283 ἄλλα
395 254 560 290 θεουργιικά.
574 253 729 290 Θεουργικά
743 251 822 288 φῶτά
836 259 902 286 φησι

990 248 1054 276 Atia
1075 249 1196 285 quaelibet
1217 249 1323 285 deiﬁca.
1347 248 1448 276 Dciﬁca
1465 247 1569 275 lumina
1584 251 1674 282 vocat,
1689 249 1740 276 do-

113 303 163 335 τὰς
178 302 352 334 διδασκαλίας
371 302 426 328 τῶν
451 297 537 336 ἀῨὶων
549 321 557 333 ,
577 301 615 332 ὡς
630 300 687 334 φῶς
708 298 836 334 γνώσεως
851 299 902 333 έμ-

114 349 245 380 ποιούσας
260 349 307 376 καὶ
322 348 426 381 θεοὺςνο
440 348 503 379 τοὺς
519 346 704 382 πειθομένους.
893 361 896 365 ν

150 395 366 430 Καθηγυεμόνων
391 394 510 428 κρυφία.
532 393 699 428 Σημείωσαι,
724 392 764 418 ὅτι
787 391 822 417 τὰ
839 390 903 427 περὶ

113 441 168 468 τῶν
191 440 352 476 ἀνηγμένων
382 440 429 466 καὶ
451 440 522 475 ὑπὲρ
543 439 593 474 τὴν
614 438 668 465 τῶν
692 437 796 464 πολλῶν
819 437 902 473 ἀκοὴν

113 487 188 518 ὂντα,
205 487 260 513 εἴτε
277 487 340 522 περὶ
357 485 494 520 θεολογίας
501 486 555 512 εἴτε
571 486 617 512 καὶ
633 484 697 520 περὶ
712 484 761 520 τῆς
777 484 823 511 τοῦ
840 483 903 516 ζωο-

114 533 191 560 ποιοῦ
207 533 274 560 Θεοῦ
290 533 443 568 οἰκονομίας
458 533 582 568 κρυφίως
598 531 774 567 παρεδίδοσαν
788 532 814 558 oi
836 531 902 558 θεῖοι

113 580 274 612 ἀπόστολοι,
303 578 498 615 μυστηριωδῷς
521 578 761 609 ἀποκαλύπτοντες
783 578 840 609 τοῖς
861 585 902 604 τε-

113 627 208 658 λείοις·
225 627 273 653 καὶ
288 627 329 653 ὅτι
346 627 378 653 ἐκ
392 625 446 653 τῶν
462 625 619 653 ἀποστόλων
642 625 700 651 ἐστὶ
714 624 745 651 τὸ
766 624 902 659 ἀσυγχύ-

113 683 171 707 τως
187 673 236 700 καὶ
253 671 471 708 ἀμεταϐλήτως,
488 673 502 699 ὃ
517 670 592 703 εἶπε,
605 671 651 698 καὶ
660 671 691 698 τὸ
700 671 752 698 τοῦ
765 671 838 697 ὅλου
850 671 902 697 ἀν-

115 719 243 754 θρώπου·
262 719 302 746 διὸ
317 719 363 746 καὶ
379 720 392 746 ὁ
415 718 582 751 Ἀπόστολος,
607 717 720 753 γράφων
741 716 901 743 Θεσσαλονι-

114 764 203 796 κεῦσι,
222 765 307 800 φησὶ,
323 765 421 800 χρῆναι
437 763 582 799 φυλάττειν
597 763 711 794 αὐτοὺς,
727 762 807 789 ὄσα⁷¹
824 762 902 797 ἡκου-

115 819 174 841 σαν,
190 810 250 836 εἴτε
265 809 313 837 διὰ
327 810 428 844 λόγου,
444 809 504 836 εἴτε
519 808 556 835 δι’
569 807 742 842 ἐπιστολῆς·
760 808 807 834 καὶ
818 809 901 843 Τιμο-

115 855 170 891 θέῳ
186 855 265 882 πάλιν
277 855 455 889 παραθήκην
465 855 553 889 λέγων
569 853 727 881 δεδωκέναι
742 853 777 880 ἐν
788 861 902 888 μυστη-

111 900 177 934 ρίῳ,
194 901 262 936 ὅπερ
278 900 392 927 ἐνταῦθα
403 899 622 934 ἐκφαντορικῶς
638 899 754 934 είρηται.

955 295 1072 322 ctrinam
1095 299 1268 329 sanctorum,
1292 295 1365 322 velut
1384 294 1550 330 cognitionis
1573 294 1666 322 lumen
1685 294 1742 322 eiii-

954 342 1069 374 cientes,
1084 345 1166 376 atque
1179 341 1245 369 deos
1256 349 1303 369 eos
1318 341 1365 376 qui
1379 341 1505 369 credunt.
1707 347 1711 351 ‘

990 387 1185 422 Prwceptorum
1193 394 1301 416 arcana.
1309 387 1377 414 Nota
1385 395 1416 415 ea
1426 395 1486 423 qua:
1498 387 1532 415 de
1544 386 1708 415 sublimibus
1715 392 1742 415 et

955 441 1038 468 supra
1049 434 1123 469 vulgi
1140 437 1251 469 captum
1266 439 1354 465 erant,
1366 433 1423 461 sive
1437 441 1589 461 sermonem
1603 433 1636 461 de
1648 433 1742 460 divina

953 484 1064 511 natura,
1081 480 1140 508 sive
1151 480 1234 508 etiam
1250 480 1284 507 de
1298 479 1398 507 viviﬁci
1411 479 1460 507 Dei
1475 480 1679 515 dispensatione
1692 487 1739 508 seu

953 526 1145 554 incarnatione
1168 526 1275 554 divinos
1291 526 1430 561 apostolos
1455 526 1563 554 occulte
1583 525 1739 558 tradidisse,

954 572 1086 606 perfectis
1101 577 1232 608 tanquam
1250 572 1380 608 mysteria
1395 576 1423 599 et
1440 579 1541 599 arcana
1564 579 1643 599 sacra
1665 571 1742 599 dote-

953 617 1057 652 gendo;
1085 621 1167 653 atque
1181 618 1215 645 ab
1231 618 1364 653 apostolis
1381 625 1536 650 emanasse,
1551 618 1624 652 quod
1645 617 1715 645 dixit
1731 626 1739 645 :

954 664 1016 691 Non
1031 665 1139 700 confuse
1150 669 1175 692 et
1188 664 1401 695 immutabiliter,
1417 668 1445 691 et
1456 664 1550 698 integri
1560 664 1687 695 hominis;
1700 665 1742 692 id-

954 719 1042 746 eoque
1062 711 1209 746 Apostolus
1225 711 1349 739 scribens
1371 710 1664 740 Thessalonicensibus
1684 713 1739 746 ait,

954 762 1083 793 oportere
1100 758 1176 792 ipsos
1197 765 1306 785 servare
1326 765 1387 792 quae
1398 757 1552 789 audierant,
1567 758 1619 784 sive
1631 765 1675 792 per
1685 767 1741 785 ser-

952 813 1065 836 monem,
1078 804 1131 831 sive
1142 811 1188 836 per
1198 804 1338 838 epistolam
1350 810 1374 836 ι,
1388 807 1415 831 et
1428 803 1572 831 Timotheo
1583 812 1693 831 rursum
1703 805 1741 832 di-

953 858 1021 878 cens
1035 849 1182 884 depositum
1195 849 1299 876 dedisse
1311 849 1339 876 in
1347 849 1472 884 mysterio
1482 853 1508 882 γ,
1522 850 1595 885 quod
1605 851 1649 878 hic
1659 851 1741 878 inter-

953 896 1099 931 pretatione
1115 895 1195 923 dixit.

150 945 202 972 Διὰ
217 945 276 972 τῶν
292 945 376 980 ιερῶν
390 944 676 980 παραπετασμάτων.
689 944 852 980 Σημείωσαι,
862 944 902 971 ὄτι

995 942 1172 969 Velamim‘bus
1186 941 1344 978 quibusdam
1354 943 1450 970 sacris.
1467 942 1536 970 Nota
1555 943 1583 970 in
1597 951 1653 971 uno
1668 945 1742 971 ordi-

115 993 146 1018 ὲν
163 993 212 1027 μιᾷ
226 992 301 1024 τάξει
324 992 415 1019 θετέον
441 992 491 1028 τήν
515 1000 545 1018 τε
568 991 648 1026 ἁγίαν
664 990 773 1027 Γραφὴν
792 991 902 1023 καὶτὰς

114 1037 169 1064 τῶν
186 1039 342 1065 ἐπισκόπων
357 1038 529 1074 παραδόσεις,
547 1037 603 1073 (οὓς
621 1037 749 1073 ίεράρχας
764 1038 842 1065 εἴωθε
858 1047 903 1065 κα-

115 1086 180 1116 λεῖν,
196 1084 234 1116 ὡς
249 1085 382 1120 ἄρχοντας
397 1084 451 1112 τῶν
468 1084 572 1120 ἱερέων,
580 1084 702 1111 τουτέστι
711 1084 903 1120 πρεσϐυτέρων

115 1132 163 1158 καὶ
178 1131 325 1162 διακόνων,
346 1131 394 1158 καὶ
410 1129 558 1166 πυλωρῶν,
575 1130 612 1162 ὥς
628 1139 709 1166 φησιν
731 1132 761 1158 ὲν
783 1132 816 1167 τῇ
841 1131 902 1158 καθ’

115 1178 188 1212 ἡμᾶς
205 1176 339 1213 ίεραρχίᾳ·
356 1175 417 1203 ὅθεν
432 1177 479 1203 καὶ
494 1178 554 1208 ταῖς
563 1176 651 1203 αὐτῶν
667 1177 780 1212 κρήσεσι
796 1178 902 1213 περὶτὰ

114 1222 237 1258 δόγματα
253 1221 423 1256 πειθόμεθα·)
440 1221 469 1255 ὲξ
484 1217 521 1251 ὧν
533 1220 548 1253 ,⁷
559 1219 754 1257 φησὶ,’λογίων
769 1222 804 1249 τὰ
819 1223 902 1258 παχύ-

113 1276 182 1303 τερα
197 1269 253 1299 τοῖς
269 1267 441 1303 ὑπερουσίοις
457 1267 622 1304 περιτίθεται
632 1268 676 1295 διὰ
691 1269 782 1304 νόησιν
791 1270 838 1296 καὶ
850 1279 901 1305 μυ-

116 1313 271 1348 σταγωγίαν
286 1314 433 1349 ἡμετέραν·
450 1315 488 1347 ὡς
503 1315 550 1341 ἐπὶ
567 1315 615 1350 μὲν
630 1314 708 1347 Θεοῦ,
724 1316 788 1342 ὅταν
804 1316 901 1352 φαίνη-

113 1368 160 1385 ται
175 1359 214 1390 ὼς
229 1359 294 1394 πῦρ,
312 1360 358 1386 καὶ
378 1360 416 1391 ὡς
430 1360 518 1396 γέρων
534 1361 563 1387 ὲν
584 1360 683 1396 Δανιὴλ
694 1380 700 1392 ,
719 1361 765 1387 καὶ
781 1361 818 1392 ὡς
833 1362 901 1398 ἀνὴρ

115 1404 239 1431 παλαίων
253 1404 292 1440 τῷ
315 1404 427 1436 Ίακὼσ,
452 1405 499 1431 καὶ
513 1405 564 1432 ὅσα
575 1404 696 1432 τοιαῦτα·
715 1406 762 1432 ἐπὶ
777 1405 805 1432 δὲ
820 1406 902 1440 ἀγγέ-

115 1451 180 1482 λων,
197 1451 234 1483 ὡς
249 1451 283 1477 τά
305 1451 452 1487 χερου6ὶμ,
469 1451 517 1478 ἅτε
534 1452 580 1479 καὶ
597 1452 778 1488 θηριόμορφα,
795 1453 841 1479 καὶ
855 1453 902 1480 ἄλ-

115 1497 155 1523 λοι
171 1498 201 1523 ὲν
215 1496 290 1529 τάξει
306 1497 410 1532 ἀνδρῶν
425 1498 472 1524 καὶ
486 1497 645 1525 νεανίσκων.

155 1586 216 1612 Τῶν
227 1586 376 1621 μεριστῶν
391 1587 561 1621 συμϐόλων.
581 1587 641 1614 Ὅτι
656 1587 858 1623 ἀνθρωπολογεϊ
870 1589 900 1616 τὸ
914 1603 935 1631 c

108 1634 187 1661 Θεῖον
201 1633 218 1668 ἡ
228 1633 323 1668 Γραφὴ
340 1634 372 1659 ὲκ
386 1632 440 1660 τῶν
456 1633 635 1668 ἀνθρωπίνων
643 1633 708 1660 αὐτὸ
721 1633 900 1669 ὁνομάζουσα,

115 1679 209 1710 πόδας,
240 1679 287 1706 καὶ
315 1680 425 1714 χεῖρας,
449 1680 496 1706 καὶ
529 1680 663 1715 πρόσωπα
693 1679 768 1715 αὐτῷ
799 1689 904 1716 περιτι-

115 1724 203 1751 θεῖσα.

154 1771 241 1798 Ὅταν
265 1771 417 1805 ἄφθαρτοι.
436 1770 497 1797 Ὅτι
513 1772 543 1798 ὲν
557 1772 591 1806 τῇ
614 1771 760 1798 ἀναστάσει
784 1772 810 1798 οί
831 1771 903 1806 ἅγιοι

115 1817 186 1853 μετά
201 1817 354 1854 ἀφθαρσίας
370 1817 416 1844 καὶ
431 1817 580 1849 ἀθανασίας
588 1817 638 1852 τῆς
647 1818 827 1854 χριστοειδοῦς
841 1818 903 1845 τεύ-

114 1864 204 1897 ξονται
220 1864 429 1896 καταστάσεως,
446 1864 598 1900 λάμποντες
621 1864 691 1900 ὑπὲρ
705 1865 751 1892 τὸν
766 1865 850 1900 ἥλιον,
866 1865 904 1897 ὡς

113 1911 162 1938 καὶ
177 1912 191 1937 ὁ
206 1910 325 1946 Κύριος,
349 1911 394 1937 ὅτε
415 1911 445 1937 ὲν
468 1911 507 1945 τῷ
530 1910 587 1946 ὄρει
604 1910 815 1948 μετεμορφώθη,
833 1911 904 1938 καθά

113 1964 198 1991 φησιν
213 1957 227 1983 ὁ
249 1955 411 1988 Ἀπὸστολος
432 1957 496 1992 περὶ
510 1956 564 1984 τῶν
580 1956 676 1991 ἁγίων,
692 1957 734 1984 ὅτι
751 1957 812 1984 τότε
829 1957 904 1984 ἔσον-

113 2010 160 2029 ται
182 2002 221 2034 ὡς
243 2003 290 2029 καὶ
312 2003 393 2034 αὐτός
414 2004 491 2036 ἐστι,
524 2003 571 2030 καὶ
595 2004 710 2030 πάντοτε
739 2004 787 2031 σὺν
809 2004 903 2040 Κυρίῳ

115 2048 235 2076 ἔσονται.

157 2094 277 2129 Ὀρατῆς
297 2095 390 2122 αὐτοῦ
415 2095 599 2130 oausam-stag.
628 2095 783 2132 Σημείωσαι
799 2096 840 2122 ὅτι
856 2096 903 2123 καὶ

111 2141 145 2167 τὸ
161 2139 232 2167 θεῖον
252 2141 335 2168 αὑτοῦ
359 2141 438 2177 σῶμα
446 2142 547 2178 ὀρατὴν
572 2141 731 2177 θεοφάνειάν
754 2151 845 2179 φησιν,
865 2143 903 2175 ὡς

112 2185 184 2214 κατά
192 2187 290 2214 ταύτὸν
306 2187 450 2223 ἁρμόττειν
464 2188 495 2214 τὸ
512 2188 592 2224 ῥητὸν
606 2189 653 2215 καὶ
668 2188 739 2216 κατὰ
754 2190 902 2225 Νεστορια-

113 2232 169 2260 νῶν
184 2233 231 2259 καὶ⁸
252 2233 425 2268 Ἀκεφάλων,
450 2234 497 2260 καὶ
518 2234 573 2262 τῶν
596 2234 839 2270 ὑπολαμϐανόντων
865 2235 902 2272 μὴ

953 996 988 1016 ne
1001 988 1157 1023 ponendum
1173 992 1200 1016 et
1217 991 1339 1017 sanctam
1353 988 1521 1023 Scripturam
1537 992 1565 1016 et
1579 989 1742 1018 traditiones

952 1035 1145 1070 episcoporum
1169 1034 1250 1070 (quos
1271 1042 1370 1063 vocare
1395 1035 1465 1062 solet
1485 1035 1658 1068 hierarchas,
1682 1041 1742 1063 tan-

951 1088 1034 1116 quam
1047 1081 1221 1109 sacerdotum
1243 1081 1393 1117 principes,
1410 1081 1437 1109 id
1451 1086 1503 1112 est.
1519 1082 1739 1117 presbyterorum

952 1131 979 1155 et
993 1127 1184 1160 diaconorum,
1198 1132 1225 1155 et
1236 1128 1426 1161 ostiariorum,
1439 1133 1512 1156 sicut
1526 1127 1594 1155 dicit
1607 1128 1635 1156 in
1645 1134 1740 1157 nostra

951 1173 1105 1201 hierarchia
1125 1182 1131 1199 :
1149 1174 1266 1210 ideoque
1279 1174 1402 1209 ipsorum
1420 1174 1565 1203 sententiis
1579 1174 1653 1202 circa
1674 1175 1742 1210 dog-

951 1223 1025 1246 mata
1040 1219 1235 1255 credimus),ex
1250 1221 1362 1256 quibus,
1379 1220 1478 1256 inquit,
1498 1220 1651 1256 Scripturis
1665 1228 1742 1248 cras-

952 1265 1026 1293 siora
1041 1266 1100 1293 vela
1113 1273 1162 1301 per
1177 1267 1360 1302 cogitationes
1379 1271 1407 1295 et
1425 1267 1561 1294 occultam
1577 1266 1677 1294 utentis
1692 1275 1743 1294 no»

952 1315 1016 1339 strte
1028 1312 1207 1340 elevationem
1218 1313 1467 1348 circumponuntur
1476 1313 1510 1341 iis
1520 1320 1582 1348 qua:
1592 1313 1741 1340 essentiam

951 1363 1091 1393 superant,
1100 1363 1130 1386 ut
1137 1359 1165 1386 in
1174 1359 1239 1391 Deo,
1252 1359 1361 1395 quando
1368 1363 1481 1396 apparet
1490 1363 1620 1394 tanquam
1627 1359 1708 1394 ignis.
1715 1363 1743 1386 ct

952 1403 1024 1431 sicut
1042 1412 1126 1432 senex
1142 1405 1170 1432 in
1190 1404 1311 1437 Daniele.
1328 1410 1409 1441 atque
1420 1406 1493 1434 sicut
1505 1406 1547 1433 vir
1558 1407 1666 1435 luctans
1677 1415 1741 1435 cum

949 1448 1046 1480 Jacob.
1070 1454 1098 1478 et
1124 1459 1293 1487 quaecunque
1321 1452 1401 1486 talia;
1426 1453 1455 1479 in
1470 1453 1574 1487 angelis
1595 1457 1697 1484 autem,
1714 1459 1743 1480 ιιι

951 1496 1094 1523 cherubim
1111 1497 1183 1524 sicut
1198 1497 1314 1525 ferinam
1334 1498 1449 1526 formam
1465 1503 1623 1533 gestantes,
1646 1503 1674 1526 et
1697 1500 1743 1527 alii

951 1540 981 1567 in
997 1541 1093 1569 ordine
1109 1543 1228 1570 virornrn
1245 1547 1272 1570 et
1286 1543 1503 1572 adolescentum.

990 1586 1162 1615 Dioiduorum
1178 1589 1323 1624 signorum.
1337 1589 1506 1624 Scripturam
1518 1590 1592 1625 loqui
1605 1590 1639 1618 de
1651 1590 1742 1618 divina

953 1636 1064 1666 natura,
1081 1638 1210 1669 tanquam
1226 1635 1249 1662 si
1261 1639 1334 1663 esset
1344 1635 1437 1668 homo,
1449 1635 1514 1663 dum
1526 1635 1551 1662 ei
1565 1635 1599 1662 ab
1614 1635 1742 1663 humanis

952 1686 1053 1706 nomen
1068 1679 1201 1715 impertit.
1217 1680 1300 1716 pedes
1316 1685 1343 1709 et
1359 1689 1467 1714 manus,
1490 1686 1574 1717 atque
1589 1683 1670 1710 facies
1691 1683 1742 1717 ipsi

952 1724 976 1752 ci
981 1732 1057 1753 rcum
1061 1733 1175 1760 ponens.

989 1770 1102 1803 Quando
1118 1771 1341 1807 incorruptibiles.
1366 1772 1482 1801 Sanctos
1495 1773 1522 1800 in
1540 1773 1743 1801 resurrectione

953 1816 1086 1846 fruituros
1102 1826 1164 1846 cum
1179 1819 1387 1855 incorruptione
1401 1824 1428 1848 et
1440 1819 1645 1848 immortalitate
1666 1823 1740 1847 statu

953 1863 1037 1890 simili
1051 1864 1111 1899 ejus
1125 1872 1206 1900 quem
1221 1865 1348 1893 Christus
1367 1865 1495 1897 habebit,
1513 1865 1635 1893 lucentes
1659 1873 1742 1900 supra

952 1910 1050 1942 solem,
1067 1911 1140 1938 sicut
1155 1911 1237 1939 etiam
1250 1911 1383 1940 Dominus
1400 1912 1479 1947 100
1492 1911 1602 1947 quando
1613 1912 1640 1938 in
1651 1915 1743 1939 monte

952 1956 1166 1986 transformatus
1180 1961 1234 1990 est,
1247 1959 1476 1994 quemadmodum
1493 1958 1640 1993 Apostolus
1657 1958 1695 1985 ait
1708 1958 1742 1985 de

952 2004 1066 2036 sanctis.
1082 2004 1156 2040 quod
1179 2009 1244 2032 tunc
1264 2009 1345 2033 erunt
1362 2005 1434 2032 sicut
1456 2008 1483 2032 et
1503 2005 1561 2039 ipse
1582 2008 1640 2037 est,
1661 2008 1743 2039 atquc

954 2057 1062 2085 semper
1073 2058 1136 2078 cum
1151 2051 1266 2079 Domino
1278 2055 1359 2079 erunt
1369 2056 1392 2078 ι.

994 2096 1112 2124 Visibilis
1128 2098 1264 2131 ipsiusmet
1275 2097 1324 2125 Dei
1336 2097 1520 2132 apparitionis.
1535 2096 1605 2124 Nota
1620 2096 1693 2131 quod
1701 2097 1743 2124 dia

952 2143 1047 2170 vinum
1068 2143 1155 2177 ipsius
1176 2151 1277 2177 corpus
1290 2163 1298 2175 ,
1317 2143 1452 2171 visibilem
1470 2142 1518 2170 Dei
1543 2143 1741 2177 apparttionem

953 2187 1037 2220 dicat,
1053 2192 1082 2214 ut
1099 2196 1132 2216 ex
1152 2189 1247 2216 eodem
1260 2192 1368 2224 aptetur
1383 2189 1518 2216 sententia
1532 2193 1559 2216 et
1573 2192 1669 2215 contra
1691 2188 1743 2216 Ne-

953 2234 1092 2262 storianos
1110 2238 1138 2262 et
1150 2234 1313 2270 Acephalos,
1333 2238 1360 2262 et
1371 2242 1419 2262 eos
1433 2234 1480 2269 qui
1494 2234 1667 2262 arbitrantur
1687 2233 1742 2262 Do-

112 2277 183 2306 εϊναι
200 2280 247 2306 καὶ
262 2279 310 2307 νῦν
332 2281 379 2307 καὶ
394 2280 502 2308 ἔσεσθαι
520 2281 588 2316 μετά
605 2281 705 2317 σαρκὸς
727 2282 773 2309 τὸν
789 2282 898 2318 Κύριον·

956 2279 1058 2307 minum
1073 2287 1162 2315 neque
1178 2280 1258 2308 modo
1272 2288 1343 2312 esse,
1359 2287 1447 2315 neque
1462 2280 1586 2307 futurum
1601 2287 1664 2307 cum
1680 2287 1742 2308 car-

113 2325 161 2352 καὶ
176 2326 218 2352 ὅτι
233 2327 249 2362 ἡ
269 2326 317 2362 μέν
332 2326 374 2357 τίς
395 2328 468 2354 ἐστιν
484 2327 575 2361 ὁρατὴ
598 2328 679 2354 αὐτοῦ
696 2329 870 2363 θεοφάνειιι,
887 2329 902 2356 ὅ

112 2374 189 2399 ἐστιν
210 2373 227 2408 ἡ
255 2372 438 2409 ὲμψυχωμένη
465 2374 542 2409 σάρξ·
560 2375 577 2410 ἡ
597 2374 626 2401 δὲ
647 2375 740 2411 νοητὴ,
756 2376 816 2410 ἥτις
832 2376 901 2402 κατά

112 2418 177 2445 νυῦν
204 2419 280 2445 ἔσται
302 2420 370 2455 ἡμῖν
394 2420 510 2456 μεθεκτὴ
538 2421 599 2448 τότε
620 2421 802 2458 τελειοτέρως,
822 2422 902 2449 Ὅθεν

113 2465 328 2500 ἐπιστραφέντες
343 2466 412 2502 πρὸς
430 2467 506 2499 Θεὸν,
523 2467 627 2494 ἐκεῖθεν
641 2468 750 2500 τελείως
766 2468 901 2504 ἐλλαμπό-

113 2519 207 2547 μενοι,
230 2511 353 2544 ὲνοειδῶς
368 2512 396 2539 ἓν
418 2513 576 2549 γενώμεθα,
600 2513 822 2549 ἐλευθερωθέντες
846 2514 899 2541 τῶν

111 2557 186 2585 κατά
207 2557 333 2584 σύνθεσιν
353 2559 519 2595 ἐτεροτήτων
541 2558 637 2594 ἡμῶν,
661 2559 729 2596 ὅπερ
750 2560 826 2596 δηλοῖ
847 2561 900 2593 τὰς

111 2603 261 2638 κοσμικὰς
268 2604 425 2637 αἰσθήσεις
440 2604 488 2632 καὶ
500 2605 669 2640 ἐπιθυμίας.

157 2649 205 2676 Ἐν
221 2650 352 2684 θειοτέρα
363 2650 497 2686 μιμήσει.
515 2651 659 2687 Θειοτέραν
676 2652 791 2688 μίμησιν
807 2654 900 2688 εἴρηκε

109 2697 163 2732 τὴν
179 2696 376 2733 ἀκριϐεστέραν
392 2698 439 2724 καὶ
453 2696 618 2732 τελεωτέραν
635 2698 784 2734 σημαίνων,
800 2699 838 2730 ὼς
854 2699 900 2725 καὶ

110 2742 162 2769 νῦν
177 2743 386 2779 ἀγγελοπρεπὴς
400 2744 415 2770 ὀ
429 2743 483 2772 τῶν
498 2743 583 2778 ἁγίων
606 2744 662 2779 βίος
677 2746 706 2772 ὲν
721 2746 754 2780 τῇ
769 2745 817 2771 τοῦ
832 2744 900 2771 Θεοῦ

954 2335 1008 2354 ne:
1027 2330 1108 2361 atque
1124 2334 1205 2354 unam
1222 2334 1283 2354 esse
1303 2325 1432 2353 visibilem
1450 2326 1511 2361 ejus
1531 2323 1577 2351 Dei
1597 2326 1743 2360 apparitio-

953 2383 1023 2406 nem,
1045 2375 1158 2402 alteram
1184 2381 1249 2401 vero
1273 2372 1421 2408 spiritalem
1435 2392 1443 2406 ,
1463 2379 1524 2407 quae
1544 2377 1601 2399 tum
1625 2380 1641 2399 a
1661 2373 1742 2400 nobis

953 2421 1103 2457 perfectius
1115 2423 1204 2447 mente
1216 2419 1439 2455 participabitur;
1452 2419 1524 2446 unde
1537 2417 1571 2445 ad
1584 2417 1667 2445 Deum
1675 2426 1741 2446 con-

954 2468 1024 2496 versi
1038 2467 1113 2494 illinc
1127 2466 1246 2502 perfecte
1259 2465 1399 2498 illustrati,
1410 2465 1583 2492 uniformiter
1592 2472 1675 2491 unum
1687 2465 1741 2492 cri-

954 2522 1026 2545 mus.
1044 2513 1151 2541 liberati
1170 2520 1185 2539 ιι
1201 2512 1406 2540 diversitatibus
1426 2512 1529 2540 nostris
1543 2519 1604 2547 quas
1617 2519 1650 2538 ex
1663 2519 1739 2538 com-

953 2560 1090 2596 positione
1103 2559 1246 2590 oriuntur,
1262 2558 1336 2593 quod
1359 2557 1495 2591 declarat,
1515 2558 1663 2585 mundanas
1681 2565 1741 2584 sen-

954 2614 998 2633 sus
1015 2610 1039 2633 et
1049 2605 1217 2638 cupiditates.

987 2651 1021 2678 In
1043 2651 1170 2678 diviniora
1196 2651 1355 2678 imitatione.
1376 2649 1542 2679 Diviniorem
1561 2649 1739 2678 imitationem

953 2698 1034 2730 dixit,
1055 2701 1212 2725 accuratam
1232 2698 1319 2733 magis
1331 2701 1355 2724 et
1369 2696 1558 2732 perfectionem
1570 2695 1737 2730 significem;

955 2744 1026 2772 sicut
1039 2744 1122 2772 etiam
1137 2751 1211 2771 nunc
1222 2748 1264 2772 est
1273 2743 1362 2779 angeli
1378 2743 1487 2778 propria
1503 2746 1659 2771 sanctorum
1671 2739 1739 2772 vita,

151 2828 162 2841 ι
179 2820 199 2848 ll
214 2813 312 2849 Thess.
329 2829 361 2854 ιι,
377 2821 420 2849 Η.
459 2826 473 2846 γ
490 2821 511 2849 il
527 2821 598 2850 Tim.
617 2830 635 2855 ι,
650 2822 693 2850 1⁸2.
734 2827 744 2841 ι
762 2821 771 2848 Ι
787 2821 887 2849 Thess.
904 2829 941 2855 IV,
960 2821 1002 2848 l6.

589 2879 706 2907 VARLE
726 2878 919 2907 LEUTIONES
937 2878 981 2906 ET
1000 2877 1272 2907 CORRECTIONES.

144 2937 168 2953 ’°
184 2937 307 2969 θεοὺσας.
343 2938 364 2953 ἰ
379 2937 405 2964 ἅ.
