  <div class='ocr_page' id='page_1' title='image "/cluster/home/n/w/nwhite01/storage/ocr_20150623/4/njp.32101010944526/107.png"; bbox 0 0 1923 3064; ppageno 0'>
   <div class='ocr_carea' id='block_1_1' title="bbox 179 132 231 160">
    <p class='ocr_par' dir='ltr' id='par_1_1' title="bbox 179 132 231 160">
     <span class='ocr_line' id='line_1_1' title="bbox 179 132 231 160; baseline 0.019 -1"><span class='ocrx_word' id='word_1_1' title='bbox 179 132 231 160; x_wconf 69' lang='grc'><strong>199</strong></span> 
     </span>
    </p>
   </div>
   <div class='ocr_carea' id='block_1_2' title="bbox 582 125 1416 156">
    <p class='ocr_par' dir='ltr' id='par_1_2' title="bbox 582 125 1416 156">
     <span class='ocr_line' id='line_1_2' title="bbox 582 125 1416 156; baseline 0 0"><span class='ocrx_word' id='word_1_2' title='bbox 582 127 754 156; x_wconf 84' lang='lat' dir='ltr'><strong>APPENDIX</strong></span> <span class='ocrx_word' id='word_1_3' title='bbox 767 127 814 156; x_wconf 82' lang='lat' dir='ltr'><strong>AD</strong></span> <span class='ocrx_word' id='word_1_4' title='bbox 827 126 943 156; x_wconf 76' lang='lat' dir='ltr'><strong>OPERA</strong></span> <span class='ocrx_word' id='word_1_5' title='bbox 960 125 988 154; x_wconf 90' lang='lat' dir='ltr'><strong>S.</strong></span> <span class='ocrx_word' id='word_1_6' title='bbox 1004 127 1155 156; x_wconf 79' lang='lat' dir='ltr'><strong>DIONYSll</strong></span> <span class='ocrx_word' id='word_1_7' title='bbox 1174 127 1416 156; x_wconf 66' lang='lat' dir='ltr'><strong>AREOPAGITE.</strong></span> 
     </span>
    </p>
   </div>
   <div class='ocr_carea' id='block_1_3' title="bbox 1756 129 1805 157">
    <p class='ocr_par' dir='ltr' id='par_1_3' title="bbox 1756 129 1805 157">
     <span class='ocr_line' id='line_1_3' title="bbox 1756 129 1805 157; baseline 0.02 -1"><span class='ocrx_word' id='word_1_8' title='bbox 1756 129 1805 157; x_wconf 69' lang='lat'><strong>200</strong></span> 
     </span>
    </p>
   </div>
   <div class='ocr_carea' id='block_1_4' title="bbox 176 186 967 224">
    <p class='ocr_par' dir='ltr' id='par_1_4' title="bbox 176 186 967 221">
     <span class='ocr_line' id='line_1_4' title="bbox 176 186 967 221; baseline -0.004 -4"><span class='ocrx_word' id='word_1_9' title='bbox 176 190 205 217; x_wconf 87' lang='lat' dir='ltr'><strong>in</strong></span> <span class='ocrx_word' id='word_1_10' title='bbox 218 189 267 216; x_wconf 88' lang='lat' dir='ltr'><strong>Dei</strong></span> <span class='ocrx_word' id='word_1_11' title='bbox 281 187 363 216; x_wconf 83' lang='lat' dir='ltr'><strong>laude</strong></span> <span class='ocrx_word' id='word_1_12' title='bbox 375 191 403 216; x_wconf 88' lang='lat' dir='ltr'><strong>et</strong></span> <span class='ocrx_word' id='word_1_13' title='bbox 416 187 570 215; x_wconf 76' lang='lat' dir='ltr'><strong>carnalium</strong></span> <span class='ocrx_word' id='word_1_14' title='bbox 584 189 755 221; x_wconf 86' lang='lat' dir='ltr'><strong>contemptu,</strong></span> <span class='ocrx_word' id='word_1_15' title='bbox 767 186 820 213; x_wconf 92' lang='lat' dir='ltr'><strong>etsi</strong></span> <span class='ocrx_word' id='word_1_16' title='bbox 837 193 892 213; x_wconf 90' lang='lat' dir='ltr'><strong>non</strong></span> <span class='ocrx_word' id='word_1_17' title='bbox 907 193 967 214; x_wconf 93' lang='lat' dir='ltr'><strong>om-</strong></span> 
     </span>
    </p>
   </div>
   <div class='ocr_carea' id='block_1_5' title="bbox 1024 186 1807 224">
    <p class='ocr_par' dir='ltr' id='par_1_5' title="bbox 1024 187 1807 224">
     <span class='ocr_line' id='line_1_5' title="bbox 1024 187 1807 224; baseline 0 -10"><span class='ocrx_word' id='word_1_18' title='bbox 1024 187 1120 214; x_wconf 79' lang='grc' dir='ltr'>ιίνέσει</span> <span class='ocrx_word' id='word_1_19' title='bbox 1136 188 1183 215; x_wconf 85' lang='grc' dir='ltr'>καὶ</span> <span class='ocrx_word' id='word_1_20' title='bbox 1199 187 1334 223; x_wconf 74' lang='grc' dir='ltr'><strong>ὑπεροψίᾳ</strong></span> <span class='ocrx_word' id='word_1_21' title='bbox 1348 187 1402 214; x_wconf 82' lang='grc' dir='ltr'>τῶν</span> <span class='ocrx_word' id='word_1_22' title='bbox 1425 187 1582 224; x_wconf 79' lang='grc' dir='ltr'><strong>σαρκικῶν,</strong></span> <span class='ocrx_word' id='word_1_23' title='bbox 1599 187 1650 214; x_wconf 86' lang='grc' dir='ltr'>κᾶν</span> <span class='ocrx_word' id='word_1_24' title='bbox 1665 187 1696 214; x_wconf 80' lang='grc' dir='ltr'><strong>οὗ</strong></span> <span class='ocrx_word' id='word_1_25' title='bbox 1713 195 1807 214; x_wconf 84' lang='grc' dir='ltr'>παντε-</span> 
     </span>
    </p>
   </div>
   <div class='ocr_carea' id='block_1_6' title="bbox 178 233 968 272">
    <p class='ocr_par' dir='ltr' id='par_1_6' title="bbox 178 233 968 272">
     <span class='ocr_line' id='line_1_6' title="bbox 178 233 968 272; baseline -0.004 -9"><span class='ocrx_word' id='word_1_26' title='bbox 178 236 304 269; x_wconf 88' lang='lat' dir='ltr'><strong>nimode;</strong></span> <span class='ocrx_word' id='word_1_27' title='bbox 317 235 435 272; x_wconf 85' lang='lat' dir='ltr'><strong>ideoque</strong></span> <span class='ocrx_word' id='word_1_28' title='bbox 456 235 573 262; x_wconf 84' lang='lat' dir='ltr'><strong>imitatio</strong></span> <span class='ocrx_word' id='word_1_29' title='bbox 595 233 780 265; x_wconf 75' lang='lat' dir='ltr'><strong>moderatior;</strong></span> <span class='ocrx_word' id='word_1_30' title='bbox 797 236 855 260; x_wconf 89' lang='lat' dir='ltr'><strong>tum</strong></span> <span class='ocrx_word' id='word_1_31' title='bbox 875 237 968 261; x_wconf 88' lang='lat' dir='ltr'><strong>autem</strong></span> 
     </span>
    </p>
   </div>
   <div class='ocr_carea' id='block_1_7' title="bbox 178 279 760 318">
    <p class='ocr_par' dir='ltr' id='par_1_7' title="bbox 178 279 760 318">
     <span class='ocr_line' id='line_1_7' title="bbox 178 279 760 318; baseline -0.003 -9"><span class='ocrx_word' id='word_1_32' title='bbox 178 282 250 318; x_wconf 91' lang='lat' dir='ltr'><strong>quod</strong></span> <span class='ocrx_word' id='word_1_33' title='bbox 269 281 420 316; x_wconf 86' lang='lat' dir='ltr'><strong>perfectum</strong></span> <span class='ocrx_word' id='word_1_34' title='bbox 435 285 489 312; x_wconf 85' lang='lat' dir='ltr'><strong>est,</strong></span> <span class='ocrx_word' id='word_1_35' title='bbox 505 281 534 308; x_wconf 92' lang='lat' dir='ltr'><strong>in</strong></span> <span class='ocrx_word' id='word_1_36' title='bbox 550 279 760 315; x_wconf 70' lang='lat' dir='ltr'><strong>hisapparebit.</strong></span> 
     </span>
    </p>
   </div>
   <div class='ocr_carea' id='block_1_8' title="bbox 214 325 968 363">
    <p class='ocr_par' dir='ltr' id='par_1_8' title="bbox 214 325 968 363">
     <span class='ocr_line' id='line_1_8' title="bbox 214 325 968 363; baseline -0.004 -8"><span class='ocrx_word' id='word_1_37' title='bbox 214 327 424 363; x_wconf 72' lang='grc' dir='ltr'><strong>1ηιριίί9ἱίοὶιϊιιηι</strong></span> <span class='ocrx_word' id='word_1_38' title='bbox 433 329 652 362; x_wconf 76' lang='lat' dir='ltr'><strong>spectaculorum.</strong></span> <span class='ocrx_word' id='word_1_39' title='bbox 662 325 717 353; x_wconf 84' lang='lat' dir='ltr'><strong>Nos</strong></span> <span class='ocrx_word' id='word_1_40' title='bbox 728 333 762 353; x_wconf 82' lang='lat' dir='ltr'><strong>ex</strong></span> <span class='ocrx_word' id='word_1_41' title='bbox 773 325 859 361; x_wconf 83' lang='lat' dir='ltr'><strong>signis</strong></span> <span class='ocrx_word' id='word_1_42' title='bbox 868 325 968 353; x_wconf 77' lang='lat' dir='ltr'><strong>intueri</strong></span> 
     </span>
    </p>
   </div>
   <div class='ocr_carea' id='block_1_9' title="bbox 178 371 968 410">
    <p class='ocr_par' dir='ltr' id='par_1_9' title="bbox 178 371 968 410">
     <span class='ocr_line' id='line_1_9' title="bbox 178 371 968 410; baseline -0.004 -9"><span class='ocrx_word' id='word_1_43' title='bbox 178 375 332 410; x_wconf 74' lang='lat' dir='ltr'><strong>spiritalia,</strong></span> <span class='ocrx_word' id='word_1_44' title='bbox 361 381 423 410; x_wconf 67' lang='lat' dir='ltr'><strong>quae</strong></span> <span class='ocrx_word' id='word_1_45' title='bbox 445 374 557 409; x_wconf 76' lang='lat' dir='ltr'><strong>angelos</strong></span> <span class='ocrx_word' id='word_1_46' title='bbox 573 376 704 408; x_wconf 83' lang='lat' dir='ltr'><strong>tangunt;</strong></span> <span class='ocrx_word' id='word_1_47' title='bbox 721 372 755 400; x_wconf 85' lang='lat' dir='ltr'><strong>de</strong></span> <span class='ocrx_word' id='word_1_48' title='bbox 775 371 879 407; x_wconf 82' lang='lat' dir='ltr'><strong>angelis</strong></span> <span class='ocrx_word' id='word_1_49' title='bbox 895 372 968 399; x_wconf 92' lang='lat' dir='ltr'><strong>enim</strong></span> 
     </span>
    </p>
   </div>
   <div class='ocr_carea' id='block_1_10' title="bbox 178 419 969 456">
    <p class='ocr_par' dir='ltr' id='par_1_10' title="bbox 178 419 969 456">
     <span class='ocr_line' id='line_1_10' title="bbox 178 419 969 456; baseline -0.003 -8"><span class='ocrx_word' id='word_1_50' title='bbox 178 422 309 456; x_wconf 90' lang='lat' dir='ltr'><strong>loquitur,</strong></span> <span class='ocrx_word' id='word_1_51' title='bbox 325 421 396 448; x_wconf 84' lang='lat' dir='ltr'><strong>sicut</strong></span> <span class='ocrx_word' id='word_1_52' title='bbox 410 421 533 448; x_wconf 73' lang='lat' dir='ltr'><strong>declarat</strong></span> <span class='ocrx_word' id='word_1_53' title='bbox 547 420 630 448; x_wconf 89' lang='lat' dir='ltr'><strong>etiam</strong></span> <span class='ocrx_word' id='word_1_54' title='bbox 644 427 707 447; x_wconf 90' lang='lat' dir='ltr'><strong>eum</strong></span> <span class='ocrx_word' id='word_1_55' title='bbox 723 426 822 447; x_wconf 86' lang='lat' dir='ltr'><strong>vocare</strong></span> <span class='ocrx_word' id='word_1_56' title='bbox 834 419 908 453; x_wconf 86' lang='lat' dir='ltr'><strong>ipsos</strong></span> <span class='ocrx_word' id='word_1_57' title='bbox 922 419 969 446; x_wconf 88' lang='lat' dir='ltr'><strong>Dei</strong></span> 
     </span>
    </p>
   </div>
   <div class='ocr_carea' id='block_1_11' title="bbox 178 465 969 502">
    <p class='ocr_par' dir='ltr' id='par_1_11' title="bbox 178 465 969 502">
     <span class='ocr_line' id='line_1_11' title="bbox 178 465 969 502; baseline -0.003 -8"><span class='ocrx_word' id='word_1_58' title='bbox 178 467 300 495; x_wconf 87' lang='lat' dir='ltr'><strong>similes:</strong></span> <span class='ocrx_word' id='word_1_59' title='bbox 316 474 399 502; x_wconf 86' lang='lat' dir='ltr'><strong>supra</strong></span> <span class='ocrx_word' id='word_1_60' title='bbox 411 474 477 494; x_wconf 88' lang='lat' dir='ltr'><strong>vero</strong></span> <span class='ocrx_word' id='word_1_61' title='bbox 496 467 525 493; x_wconf 89' lang='lat' dir='ltr'><strong>in</strong></span> <span class='ocrx_word' id='word_1_62' title='bbox 550 466 622 494; x_wconf 90' lang='lat' dir='ltr'><strong>libro</strong></span> <span class='ocrx_word' id='word_1_63' title='bbox 647 465 685 492; x_wconf 82' lang='lat' dir='ltr'><strong>De</strong></span> <span class='ocrx_word' id='word_1_64' title='bbox 699 465 798 492; x_wconf 68' lang='lat' dir='ltr'><strong>caelesti</strong></span> <span class='ocrx_word' id='word_1_65' title='bbox 813 465 969 500; x_wconf 44' lang='lat' dir='ltr'><strong>,Iticrarcltia</strong></span> 
     </span>
    </p>
   </div>
   <div class='ocr_carea' id='block_1_12' title="bbox 176 513 968 549">
    <p class='ocr_par' dir='ltr' id='par_1_12' title="bbox 176 513 968 549">
     <span class='ocr_line' id='line_1_12' title="bbox 176 513 968 549; baseline -0.003 -8"><span class='ocrx_word' id='word_1_66' title='bbox 176 514 298 541; x_wconf 89' lang='lat' dir='ltr'><strong>declarat</strong></span> <span class='ocrx_word' id='word_1_67' title='bbox 312 515 401 549; x_wconf 82' lang='lat' dir='ltr'><strong>signa,</strong></span> <span class='ocrx_word' id='word_1_68' title='bbox 413 521 474 548; x_wconf 62' lang='lat' dir='ltr'><strong>qua:</strong></span> <span class='ocrx_word' id='word_1_69' title='bbox 485 513 560 548; x_wconf 88' lang='lat' dir='ltr'><strong>ipsos</strong></span> <span class='ocrx_word' id='word_1_70' title='bbox 573 516 713 547; x_wconf 85' lang='lat' dir='ltr'><strong>spectant;</strong></span> <span class='ocrx_word' id='word_1_71' title='bbox 729 513 868 540; x_wconf 87' lang='lat' dir='ltr'><strong>connectit</strong></span> <span class='ocrx_word' id='word_1_72' title='bbox 877 518 968 540; x_wconf 86' lang='lat' dir='ltr'><strong>autem</strong></span> 
     </span>
    </p>
   </div>
   <div class='ocr_carea' id='block_1_13' title="bbox 176 560 760 595">
    <p class='ocr_par' dir='ltr' id='par_1_13' title="bbox 176 560 760 595">
     <span class='ocr_line' id='line_1_13' title="bbox 176 560 760 595; baseline -0.005 -7"><span class='ocrx_word' id='word_1_73' title='bbox 176 568 249 588; x_wconf 90' lang='lat' dir='ltr'><strong>nunc</strong></span> <span class='ocrx_word' id='word_1_74' title='bbox 264 560 345 588; x_wconf 88' lang='lat' dir='ltr'><strong>etiam</strong></span> <span class='ocrx_word' id='word_1_75' title='bbox 360 568 391 588; x_wconf 83' lang='lat' dir='ltr'><strong>ea</strong></span> <span class='ocrx_word' id='word_1_76' title='bbox 406 567 467 595; x_wconf 75' lang='lat' dir='ltr'><strong>quae</strong></span> <span class='ocrx_word' id='word_1_77' title='bbox 483 560 566 587; x_wconf 88' lang='lat' dir='ltr'><strong>Deum</strong></span> <span class='ocrx_word' id='word_1_78' title='bbox 579 563 760 586; x_wconf 86' lang='lat' dir='ltr'><strong>concernunt.</strong></span> 
     </span>
    </p>
   </div>
   <div class='ocr_carea' id='block_1_14' title="bbox 217 605 966 642">
    <p class='ocr_par' dir='ltr' id='par_1_14' title="bbox 217 605 966 642">
     <span class='ocr_line' id='line_1_14' title="bbox 217 605 966 642; baseline -0.003 -8"><span class='ocrx_word' id='word_1_79' title='bbox 217 606 354 634; x_wconf 79' lang='lat' dir='ltr'><strong>Scdantcs.</strong></span> <span class='ocrx_word' id='word_1_80' title='bbox 363 606 557 642; x_wconf 81' lang='lat' dir='ltr'><strong>Requietionem</strong></span> <span class='ocrx_word' id='word_1_81' title='bbox 571 605 740 641; x_wconf 68' lang='lat' dir='ltr'><strong>intelligentia;</strong></span> <span class='ocrx_word' id='word_1_82' title='bbox 754 605 876 640; x_wconf 75' lang='lat' dir='ltr'><strong>eﬂicaciw</strong></span> <span class='ocrx_word' id='word_1_83' title='bbox 886 605 966 638; x_wconf 81' lang='lat' dir='ltr'><strong>dixit,</strong></span> 
     </span>
    </p>
   </div>
   <div class='ocr_carea' id='block_1_15' title="bbox 176 652 966 688">
    <p class='ocr_par' dir='ltr' id='par_1_15' title="bbox 176 652 966 688">
     <span class='ocr_line' id='line_1_15' title="bbox 176 652 966 688; baseline -0.001 -9"><span class='ocrx_word' id='word_1_84' title='bbox 176 653 335 688; x_wconf 77' lang='lat' dir='ltr'><strong>significans</strong></span> <span class='ocrx_word' id='word_1_85' title='bbox 356 652 456 680; x_wconf 62' lang='lat' dir='ltr'><strong>divina:</strong></span> <span class='ocrx_word' id='word_1_86' title='bbox 470 657 576 680; x_wconf 67' lang='lat' dir='ltr'><strong>natura:</strong></span> <span class='ocrx_word' id='word_1_87' title='bbox 589 652 945 688; x_wconf 83' lang='lat' dir='ltr'><strong>incomprehensibilitatem</strong></span> <span class='ocrx_word' id='word_1_88' title='bbox 958 661 966 685; x_wconf 90' lang='lat'><strong>;</strong></span> 
     </span>
    </p>
   </div>
   <div class='ocr_carea' id='block_1_16' title="bbox 175 699 967 734">
    <p class='ocr_par' dir='ltr' id='par_1_16' title="bbox 175 699 967 734">
     <span class='ocr_line' id='line_1_16' title="bbox 175 699 967 734; baseline 0.001 -8"><span class='ocrx_word' id='word_1_89' title='bbox 175 699 244 726; x_wconf 80' lang='lat' dir='ltr'><strong>nihil</strong></span> <span class='ocrx_word' id='word_1_90' title='bbox 262 699 334 727; x_wconf 89' lang='lat' dir='ltr'><strong>enim</strong></span> <span class='ocrx_word' id='word_1_91' title='bbox 353 707 448 726; x_wconf 90' lang='lat' dir='ltr'><strong>eorum</strong></span> <span class='ocrx_word' id='word_1_92' title='bbox 468 707 530 734; x_wconf 78' lang='lat' dir='ltr'><strong>qua:</strong></span> <span class='ocrx_word' id='word_1_93' title='bbox 545 699 628 734; x_wconf 87' lang='lat' dir='ltr'><strong>hujus</strong></span> <span class='ocrx_word' id='word_1_94' title='bbox 641 703 716 732; x_wconf 86' lang='lat' dir='ltr'><strong>sunt,</strong></span> <span class='ocrx_word' id='word_1_95' title='bbox 733 699 856 726; x_wconf 88' lang='lat' dir='ltr'><strong>motione</strong></span> <span class='ocrx_word' id='word_1_96' title='bbox 867 699 967 727; x_wconf 87' lang='lat' dir='ltr'><strong>mentis</strong></span> 
     </span>
    </p>
   </div>
   <div class='ocr_carea' id='block_1_17' title="bbox 174 744 968 781">
    <p class='ocr_par' dir='ltr' id='par_1_17' title="bbox 174 744 968 781">
     <span class='ocr_line' id='line_1_17' title="bbox 174 744 968 781; baseline 0 -9"><span class='ocrx_word' id='word_1_97' title='bbox 174 745 438 780; x_wconf 83' lang='lat' dir='ltr'><strong>comprehenditur,</strong></span> <span class='ocrx_word' id='word_1_98' title='bbox 460 750 507 773; x_wconf 91' lang='lat' dir='ltr'><strong>aut</strong></span> <span class='ocrx_word' id='word_1_99' title='bbox 529 745 562 773; x_wconf 91' lang='lat' dir='ltr'><strong>ad</strong></span> <span class='ocrx_word' id='word_1_100' title='bbox 588 746 708 781; x_wconf 82' lang='lat' dir='ltr'><strong>aliquam</strong></span> <span class='ocrx_word' id='word_1_101' title='bbox 725 744 901 773; x_wconf 82' lang='lat' dir='ltr'><strong>confessione</strong></span> <span class='ocrx_word' id='word_1_102' title='bbox 923 752 968 772; x_wconf 87' lang='lat' dir='ltr'><strong>re-</strong></span> 
     </span>
    </p>
   </div>
   <div class='ocr_carea' id='block_1_18' title="bbox 175 792 967 827">
    <p class='ocr_par' dir='ltr' id='par_1_18' title="bbox 175 792 967 827">
     <span class='ocr_line' id='line_1_18' title="bbox 175 792 967 827; baseline 0.003 -9"><span class='ocrx_word' id='word_1_103' title='bbox 175 796 280 826; x_wconf 85' lang='lat' dir='ltr'><strong>ceptam</strong></span> <span class='ocrx_word' id='word_1_104' title='bbox 299 796 327 819; x_wconf 88' lang='lat' dir='ltr'><strong>et</strong></span> <span class='ocrx_word' id='word_1_105' title='bbox 349 792 525 819; x_wconf 80' lang='lat' dir='ltr'><strong>manifestam</strong></span> <span class='ocrx_word' id='word_1_106' title='bbox 540 792 750 827; x_wconf 83' lang='lat' dir='ltr'><strong>persuasionem</strong></span> <span class='ocrx_word' id='word_1_107' title='bbox 769 792 900 827; x_wconf 77' lang='lat' dir='ltr'><strong>cogitatio</strong></span> <span class='ocrx_word' id='word_1_108' title='bbox 917 792 967 820; x_wconf 84' lang='lat' dir='ltr'><strong>fer-</strong></span> 
     </span>
    </p>
   </div>
   <div class='ocr_carea' id='block_1_19' title="bbox 175 838 967 874">
    <p class='ocr_par' dir='ltr' id='par_1_19' title="bbox 175 838 967 874">
     <span class='ocr_line' id='line_1_19' title="bbox 175 838 967 874; baseline 0 -9"><span class='ocrx_word' id='word_1_109' title='bbox 175 841 230 870; x_wconf 90' lang='lat' dir='ltr'><strong>tur,</strong></span> <span class='ocrx_word' id='word_1_110' title='bbox 243 838 318 865; x_wconf 88' lang='lat' dir='ltr'><strong>circa</strong></span> <span class='ocrx_word' id='word_1_111' title='bbox 329 838 700 873; x_wconf 85' lang='lat' dir='ltr'><strong>incomprehensibilitatem,</strong></span> <span class='ocrx_word' id='word_1_112' title='bbox 713 846 774 874; x_wconf 69' lang='lat' dir='ltr'><strong>quae</strong></span> <span class='ocrx_word' id='word_1_113' title='bbox 782 838 893 874; x_wconf 87' lang='lat' dir='ltr'><strong>propria</strong></span> <span class='ocrx_word' id='word_1_114' title='bbox 901 845 967 874; x_wconf 88' lang='lat' dir='ltr'><strong>ope-</strong></span> 
     </span>
    </p>
   </div>
   <div class='ocr_carea' id='block_1_20' title="bbox 173 884 726 920">
    <p class='ocr_par' dir='ltr' id='par_1_20' title="bbox 173 884 726 920">
     <span class='ocr_line' id='line_1_20' title="bbox 173 884 726 920; baseline 0 -8"><span class='ocrx_word' id='word_1_115' title='bbox 173 885 288 913; x_wconf 86' lang='lat' dir='ltr'><strong>rationis</strong></span> <span class='ocrx_word' id='word_1_116' title='bbox 304 885 459 913; x_wconf 75' lang='lat' dir='ltr'><strong>cessatione</strong></span> <span class='ocrx_word' id='word_1_117' title='bbox 473 884 726 920; x_wconf 80' lang='lat' dir='ltr'><strong>comprehenditur.</strong></span> 
     </span>
    </p>
   </div>
   <div class='ocr_carea' id='block_1_21' title="bbox 207 931 969 967">
    <p class='ocr_par' dir='ltr' id='par_1_21' title="bbox 207 931 969 967">
     <span class='ocr_line' id='line_1_21' title="bbox 207 931 969 967; baseline 0 -9"><span class='ocrx_word' id='word_1_118' title='bbox 207 931 342 967; x_wconf 74' lang='lat' dir='ltr'><strong>]xecffabiti</strong></span> <span class='ocrx_word' id='word_1_119' title='bbox 366 931 444 959; x_wconf 80' lang='lat' dir='ltr'><strong>modo</strong></span> <span class='ocrx_word' id='word_1_120' title='bbox 468 932 692 966; x_wconf 72' lang='lat' dir='ltr'><strong>prwexstiterunt.</strong></span> <span class='ocrx_word' id='word_1_121' title='bbox 714 931 784 959; x_wconf 89' lang='lat' dir='ltr'><strong>Illud</strong></span> <span class='ocrx_word' id='word_1_122' title='bbox 803 931 969 967; x_wconf 71' lang='lat' dir='ltr'><strong>prwexstitc-</strong></span> 
     </span>
    </p>
   </div>
   <div class='ocr_carea' id='block_1_22' title="bbox 173 977 969 1014">
    <p class='ocr_par' dir='ltr' id='par_1_22' title="bbox 173 977 969 1014">
     <span class='ocr_line' id='line_1_22' title="bbox 173 977 969 1014; baseline 0 -9"><span class='ocrx_word' id='word_1_123' title='bbox 173 983 245 1011; x_wconf 87' lang='lat' dir='ltr'><strong>runt,</strong></span> <span class='ocrx_word' id='word_1_124' title='bbox 258 978 409 1014; x_wconf 75' lang='lat' dir='ltr'><strong>intelligere</strong></span> <span class='ocrx_word' id='word_1_125' title='bbox 426 977 593 1006; x_wconf 86' lang='lat' dir='ltr'><strong>studendum</strong></span> <span class='ocrx_word' id='word_1_126' title='bbox 608 981 666 1013; x_wconf 85' lang='lat' dir='ltr'><strong>est;</strong></span> <span class='ocrx_word' id='word_1_127' title='bbox 682 978 774 1006; x_wconf 85' lang='lat' dir='ltr'><strong>omnia</strong></span> <span class='ocrx_word' id='word_1_128' title='bbox 797 979 869 1006; x_wconf 91' lang='lat' dir='ltr'><strong>enim</strong></span> <span class='ocrx_word' id='word_1_129' title='bbox 885 985 969 1013; x_wconf 87' lang='lat' dir='ltr'><strong>opera</strong></span> 
     </span>
    </p>
   </div>
   <div class='ocr_carea' id='block_1_23' title="bbox 173 1024 967 1060">
    <p class='ocr_par' dir='ltr' id='par_1_23' title="bbox 173 1024 967 1060">
     <span class='ocr_line' id='line_1_23' title="bbox 173 1024 967 1060; baseline 0 -9"><span class='ocrx_word' id='word_1_130' title='bbox 173 1025 318 1060; x_wconf 82' lang='lat' dir='ltr'><strong>sequentia</strong></span> <span class='ocrx_word' id='word_1_131' title='bbox 338 1024 472 1052; x_wconf 74' lang='lat' dir='ltr'><strong>declarat.</strong></span> <span class='ocrx_word' id='word_1_132' title='bbox 499 1024 539 1052; x_wconf 87' lang='lat' dir='ltr'><strong>Ex</strong></span> <span class='ocrx_word' id='word_1_133' title='bbox 564 1024 617 1052; x_wconf 91' lang='lat' dir='ltr'><strong>hoc</strong></span> <span class='ocrx_word' id='word_1_134' title='bbox 635 1024 771 1060; x_wconf 87' lang='lat' dir='ltr'><strong>siquidem</strong></span> <span class='ocrx_word' id='word_1_135' title='bbox 793 1024 967 1060; x_wconf 82' lang='lat' dir='ltr'><strong>intelligitur,</strong></span> 
     </span>
    </p>
   </div>
   <div class='ocr_carea' id='block_1_24' title="bbox 173 1069 969 1106">
    <p class='ocr_par' dir='ltr' id='par_1_24' title="bbox 173 1069 969 1106">
     <span class='ocr_line' id='line_1_24' title="bbox 173 1069 969 1106; baseline -0.001 -8"><span class='ocrx_word' id='word_1_136' title='bbox 173 1071 313 1106; x_wconf 87' lang='lat' dir='ltr'><strong>quomodo</strong></span> <span class='ocrx_word' id='word_1_137' title='bbox 338 1071 408 1098; x_wconf 84' lang='lat' dir='ltr'><strong>dixit</strong></span> <span class='ocrx_word' id='word_1_138' title='bbox 432 1070 598 1106; x_wconf 86' lang='lat' dir='ltr'><strong>Apostolus.</strong></span> <span class='ocrx_word' id='word_1_139' title='bbox 625 1078 676 1099; x_wconf 79' lang='lat' dir='ltr'><strong>n05</strong></span> <span class='ocrx_word' id='word_1_140' title='bbox 701 1071 730 1098; x_wconf 91' lang='lat' dir='ltr'><strong>in</strong></span> <span class='ocrx_word' id='word_1_141' title='bbox 749 1069 805 1098; x_wconf 90' lang='lat' dir='ltr'><strong>Dco</strong></span> <span class='ocrx_word' id='word_1_142' title='bbox 821 1078 883 1098; x_wconf 88' lang='lat' dir='ltr'><strong>esse</strong></span> <span class='ocrx_word' id='word_1_143' title='bbox 908 1074 969 1098; x_wconf 86' lang='lat' dir='ltr'><strong>ante</strong></span> 
     </span>
    </p>
   </div>
   <div class='ocr_carea' id='block_1_25' title="bbox 981 865 1003 894">
    <p class='ocr_par' dir='ltr' id='par_1_25' title="bbox 981 865 1003 894">
     <span class='ocr_line' id='line_1_25' title="bbox 981 865 1003 894; baseline 0 0"><span class='ocrx_word' id='word_1_144' title='bbox 981 865 1003 894; x_wconf 85' lang='grc' dir='ltr'><strong>Β</strong></span> 
     </span>
    </p>
   </div>
   <div class='ocr_carea' id='block_1_26' title="bbox 173 1117 969 1153">
    <p class='ocr_par' dir='ltr' id='par_1_26' title="bbox 173 1117 969 1153">
     <span class='ocr_line' id='line_1_26' title="bbox 173 1117 969 1153; baseline -0.001 -9"><span class='ocrx_word' id='word_1_145' title='bbox 173 1118 265 1145; x_wconf 83' lang='lat' dir='ltr'><strong>mundi</strong></span> <span class='ocrx_word' id='word_1_146' title='bbox 279 1118 492 1145; x_wconf 71' lang='lat' dir='ltr'><strong>constitutionem</strong></span> <span class='ocrx_word' id='word_1_147' title='bbox 505 1124 529 1145; x_wconf 69' lang='grc' dir='ltr'><strong>δ.</strong></span> <span class='ocrx_word' id='word_1_148' title='bbox 540 1117 688 1146; x_wconf 79' lang='lat' dir='ltr'><strong>Sciendum</strong></span> <span class='ocrx_word' id='word_1_149' title='bbox 697 1117 800 1153; x_wconf 83' lang='lat' dir='ltr'><strong>itaque,</strong></span> <span class='ocrx_word' id='word_1_150' title='bbox 811 1117 969 1153; x_wconf 75' lang='lat' dir='ltr'><strong>productio-</strong></span> 
     </span>
    </p>
   </div>
   <div class='ocr_carea' id='block_1_27' title="bbox 173 1163 968 1199">
    <p class='ocr_par' dir='ltr' id='par_1_27' title="bbox 173 1163 968 1199">
     <span class='ocr_line' id='line_1_27' title="bbox 173 1163 968 1199; baseline 0.001 -8"><span class='ocrx_word' id='word_1_151' title='bbox 173 1172 236 1192; x_wconf 91' lang='lat' dir='ltr'><strong>nem</strong></span> <span class='ocrx_word' id='word_1_152' title='bbox 253 1164 446 1192; x_wconf 85' lang='lat' dir='ltr'><strong>universorum</strong></span> <span class='ocrx_word' id='word_1_153' title='bbox 463 1165 615 1192; x_wconf 89' lang='lat' dir='ltr'><strong>secundum</strong></span> <span class='ocrx_word' id='word_1_154' title='bbox 629 1171 742 1192; x_wconf 84' lang='lat' dir='ltr'><strong>causam</strong></span> <span class='ocrx_word' id='word_1_155' title='bbox 760 1167 788 1191; x_wconf 86' lang='lat' dir='ltr'><strong>et</strong></span> <span class='ocrx_word' id='word_1_156' title='bbox 801 1163 968 1199; x_wconf 84' lang='lat' dir='ltr'><strong>principium</strong></span> 
     </span>
    </p>
   </div>
   <div class='ocr_carea' id='block_1_28' title="bbox 173 1211 968 1247">
    <p class='ocr_par' dir='ltr' id='par_1_28' title="bbox 173 1211 968 1247">
     <span class='ocr_line' id='line_1_28' title="bbox 173 1211 968 1247; baseline -0.001 -9"><span class='ocrx_word' id='word_1_157' title='bbox 173 1212 207 1238; x_wconf 89' lang='lat' dir='ltr'><strong>ab</strong></span> <span class='ocrx_word' id='word_1_158' title='bbox 220 1218 253 1238; x_wconf 89' lang='lat' dir='ltr'><strong>eo</strong></span> <span class='ocrx_word' id='word_1_159' title='bbox 265 1211 394 1246; x_wconf 85' lang='lat' dir='ltr'><strong>pendere,</strong></span> <span class='ocrx_word' id='word_1_160' title='bbox 406 1211 630 1247; x_wconf 86' lang='lat' dir='ltr'><strong>quandoquidem</strong></span> <span class='ocrx_word' id='word_1_161' title='bbox 646 1219 691 1238; x_wconf 88' lang='lat' dir='ltr'><strong>res</strong></span> <span class='ocrx_word' id='word_1_162' title='bbox 707 1217 803 1238; x_wconf 88' lang='lat' dir='ltr'><strong>omnes</strong></span> <span class='ocrx_word' id='word_1_163' title='bbox 814 1218 864 1246; x_wconf 83' lang='lat' dir='ltr'><strong>per</strong></span> <span class='ocrx_word' id='word_1_164' title='bbox 878 1211 968 1246; x_wconf 89' lang='lat' dir='ltr'><strong>ipsum</strong></span> 
     </span>
    </p>
   </div>
   <div class='ocr_carea' id='block_1_29' title="bbox 172 1257 969 1293">
    <p class='ocr_par' dir='ltr' id='par_1_29' title="bbox 172 1257 969 1293">
     <span class='ocr_line' id='line_1_29' title="bbox 172 1257 969 1293; baseline 0 -9"><span class='ocrx_word' id='word_1_165' title='bbox 172 1258 324 1289; x_wconf 78' lang='lat' dir='ltr'><strong>exsistant,</strong></span> <span class='ocrx_word' id='word_1_166' title='bbox 341 1257 521 1293; x_wconf 84' lang='lat' dir='ltr'><strong>probabiliter</strong></span> <span class='ocrx_word' id='word_1_167' title='bbox 534 1258 617 1285; x_wconf 91' lang='lat' dir='ltr'><strong>etiam</strong></span> <span class='ocrx_word' id='word_1_168' title='bbox 640 1261 787 1292; x_wconf 84' lang='lat' dir='ltr'><strong>antequam</strong></span> <span class='ocrx_word' id='word_1_169' title='bbox 803 1257 969 1284; x_wconf 88' lang='lat' dir='ltr'><strong>exsisterent</strong></span> 
     </span>
    </p>
   </div>
   <div class='ocr_carea' id='block_1_30' title="bbox 172 1304 968 1340">
    <p class='ocr_par' dir='ltr' id='par_1_30' title="bbox 172 1304 968 1340">
     <span class='ocr_line' id='line_1_30' title="bbox 172 1304 968 1340; baseline -0.001 -8"><span class='ocrx_word' id='word_1_170' title='bbox 172 1312 221 1340; x_wconf 85' lang='lat' dir='ltr'><strong>per</strong></span> <span class='ocrx_word' id='word_1_171' title='bbox 235 1304 296 1338; x_wconf 87' lang='lat' dir='ltr'><strong>ejus</strong></span> <span class='ocrx_word' id='word_1_172' title='bbox 316 1304 556 1339; x_wconf 87' lang='lat' dir='ltr'><strong>inconceptibilem</strong></span> <span class='ocrx_word' id='word_1_173' title='bbox 580 1304 759 1337; x_wconf 79' lang='lat' dir='ltr'><strong>voluntatem,</strong></span> <span class='ocrx_word' id='word_1_174' title='bbox 778 1304 806 1330; x_wconf 86' lang='lat' dir='ltr'><strong>in</strong></span> <span class='ocrx_word' id='word_1_175' title='bbox 826 1304 886 1339; x_wconf 88' lang='lat' dir='ltr'><strong>ipso</strong></span> <span class='ocrx_word' id='word_1_176' title='bbox 899 1311 968 1339; x_wconf 84' lang='lat' dir='ltr'><strong>quo-</strong></span> 
     </span>
    </p>
   </div>
   <div class='ocr_carea' id='block_1_31' title="bbox 171 1349 968 1386">
    <p class='ocr_par' dir='ltr' id='par_1_31' title="bbox 171 1349 968 1386">
     <span class='ocr_line' id='line_1_31' title="bbox 171 1349 968 1386; baseline -0.001 -9"><span class='ocrx_word' id='word_1_177' title='bbox 171 1358 226 1386; x_wconf 90' lang='lat' dir='ltr'><strong>que</strong></span> <span class='ocrx_word' id='word_1_178' title='bbox 240 1353 303 1378; x_wconf 83' lang='lat' dir='ltr'><strong>ante</strong></span> <span class='ocrx_word' id='word_1_179' title='bbox 313 1350 480 1383; x_wconf 82' lang='lat' dir='ltr'><strong>constitisse,</strong></span> <span class='ocrx_word' id='word_1_180' title='bbox 498 1352 603 1378; x_wconf 89' lang='lat' dir='ltr'><strong>sciente</strong></span> <span class='ocrx_word' id='word_1_181' title='bbox 625 1354 652 1378; x_wconf 92' lang='lat' dir='ltr'><strong>et</strong></span> <span class='ocrx_word' id='word_1_182' title='bbox 679 1349 752 1385; x_wconf 86' lang='lat' dir='ltr'><strong>quod</strong></span> <span class='ocrx_word' id='word_1_183' title='bbox 776 1350 919 1385; x_wconf 82' lang='lat' dir='ltr'><strong>producet,</strong></span> <span class='ocrx_word' id='word_1_184' title='bbox 941 1353 968 1377; x_wconf 81' lang='lat' dir='ltr'><strong>et</strong></span> 
     </span>
    </p>
   </div>
   <div class='ocr_carea' id='block_1_32' title="bbox 172 1396 967 1432">
    <p class='ocr_par' dir='ltr' id='par_1_32' title="bbox 172 1396 967 1432">
     <span class='ocr_line' id='line_1_32' title="bbox 172 1396 967 1432; baseline 0 -9"><span class='ocrx_word' id='word_1_185' title='bbox 172 1396 283 1431; x_wconf 87' lang='lat' dir='ltr'><strong>quando</strong></span> <span class='ocrx_word' id='word_1_186' title='bbox 298 1396 442 1432; x_wconf 84' lang='lat' dir='ltr'><strong>producet.</strong></span> <span class='ocrx_word' id='word_1_187' title='bbox 459 1397 530 1424; x_wconf 88' lang='lat' dir='ltr'><strong>Ante</strong></span> <span class='ocrx_word' id='word_1_188' title='bbox 554 1397 655 1425; x_wconf 68' lang='lat' dir='ltr'><strong>saecula</strong></span> <span class='ocrx_word' id='word_1_189' title='bbox 676 1396 761 1431; x_wconf 80' lang='lat' dir='ltr'><strong>igitur</strong></span> <span class='ocrx_word' id='word_1_190' title='bbox 778 1397 807 1423; x_wconf 92' lang='lat' dir='ltr'><strong>iu</strong></span> <span class='ocrx_word' id='word_1_191' title='bbox 822 1396 882 1431; x_wconf 89' lang='lat' dir='ltr'><strong>ipso</strong></span> <span class='ocrx_word' id='word_1_192' title='bbox 896 1403 967 1431; x_wconf 67' lang='lat' dir='ltr'><strong>prat-</strong></span> 
     </span>
    </p>
   </div>
   <div class='ocr_carea' id='block_1_33' title="bbox 172 1439 968 1478">
    <p class='ocr_par' dir='ltr' id='par_1_33' title="bbox 172 1439 968 1478">
     <span class='ocr_line' id='line_1_33' title="bbox 172 1439 968 1478; baseline 0 -9"><span class='ocrx_word' id='word_1_193' title='bbox 172 1443 282 1478; x_wconf 81' lang='lat' dir='ltr'><strong>cognita</strong></span> <span class='ocrx_word' id='word_1_194' title='bbox 291 1446 353 1470; x_wconf 84' lang='lat' dir='ltr'><strong>ante</strong></span> <span class='ocrx_word' id='word_1_195' title='bbox 361 1443 558 1475; x_wconf 85' lang='lat' dir='ltr'><strong>constiterunt,</strong></span> <span class='ocrx_word' id='word_1_196' title='bbox 573 1443 650 1477; x_wconf 75' lang='lat'><strong>101</strong></span> <span class='ocrx_word' id='word_1_197' title='bbox 664 1442 825 1478; x_wconf 78' lang='lat' dir='ltr'><strong>priusquam</strong></span> <span class='ocrx_word' id='word_1_198' title='bbox 840 1439 900 1476; x_wconf 80' lang='lat' dir='ltr'><strong>ejus</strong></span> <span class='ocrx_word' id='word_1_199' title='bbox 914 1442 968 1478; x_wconf 86' lang='lat' dir='ltr'><strong>spi-</strong></span> 
     </span>
    </p>
   </div>
   <div class='ocr_carea' id='block_1_34' title="bbox 172 1489 968 1524">
    <p class='ocr_par' dir='ltr' id='par_1_34' title="bbox 172 1489 968 1524">
     <span class='ocr_line' id='line_1_34' title="bbox 172 1489 968 1524; baseline -0.001 -8"><span class='ocrx_word' id='word_1_200' title='bbox 172 1489 263 1516; x_wconf 79' lang='lat' dir='ltr'><strong>ritalia</strong></span> <span class='ocrx_word' id='word_1_201' title='bbox 278 1489 497 1524; x_wconf 87' lang='lat' dir='ltr'><strong>producerentur</strong></span> <span class='ocrx_word' id='word_1_202' title='bbox 508 1497 569 1524; x_wconf 71' lang='lat' dir='ltr'><strong>qua:</strong></span> <span class='ocrx_word' id='word_1_203' title='bbox 580 1493 645 1516; x_wconf 88' lang='lat' dir='ltr'><strong>sunt</strong></span> <span class='ocrx_word' id='word_1_204' title='bbox 660 1489 771 1520; x_wconf 69' lang='lat' dir='ltr'><strong>saecula,</strong></span> <span class='ocrx_word' id='word_1_205' title='bbox 788 1491 815 1516; x_wconf 88' lang='lat' dir='ltr'><strong>et</strong></span> <span class='ocrx_word' id='word_1_206' title='bbox 831 1492 894 1515; x_wconf 89' lang='lat' dir='ltr'><strong>ante</strong></span> <span class='ocrx_word' id='word_1_207' title='bbox 909 1496 968 1515; x_wconf 90' lang='lat' dir='ltr'><strong>om-</strong></span> 
     </span>
    </p>
   </div>
   <div class='ocr_carea' id='block_1_35' title="bbox 175 1534 1001 1574">
    <p class='ocr_par' dir='ltr' id='par_1_35' title="bbox 175 1534 1001 1574">
     <span class='ocr_line' id='line_1_35' title="bbox 175 1534 1001 1574; baseline -0.001 -12"><span class='ocrx_word' id='word_1_208' title='bbox 175 1543 238 1563; x_wconf 92' lang='lat' dir='ltr'><strong>nem</strong></span> <span class='ocrx_word' id='word_1_209' title='bbox 255 1536 336 1562; x_wconf 86' lang='lat' dir='ltr'><strong>aliam</strong></span> <span class='ocrx_word' id='word_1_210' title='bbox 353 1539 508 1563; x_wconf 85' lang='lat' dir='ltr'><strong>creaturam</strong></span> <span class='ocrx_word' id='word_1_211' title='bbox 522 1535 632 1570; x_wconf 82' lang='lat' dir='ltr'><strong>cognila</strong></span> <span class='ocrx_word' id='word_1_212' title='bbox 648 1534 707 1569; x_wconf 85' lang='lat' dir='ltr'><strong>ipsa</strong></span> <span class='ocrx_word' id='word_1_213' title='bbox 723 1534 847 1566; x_wconf 83' lang='lat' dir='ltr'><strong>fuerant,</strong></span> <span class='ocrx_word' id='word_1_214' title='bbox 862 1541 894 1562; x_wconf 88' lang='lat' dir='ltr'><strong>ea</strong></span> <span class='ocrx_word' id='word_1_215' title='bbox 906 1541 968 1568; x_wconf 76' lang='lat' dir='ltr'><strong>quae</strong></span> <span class='ocrx_word' id='word_1_216' title='bbox 980 1546 1001 1574; x_wconf 72' lang='grc' dir='ltr'><strong>ρ</strong></span> 
     </span>
    </p>
   </div>
   <div class='ocr_carea' id='block_1_36' title="bbox 173 1580 967 1617">
    <p class='ocr_par' dir='ltr' id='par_1_36' title="bbox 173 1580 967 1617">
     <span class='ocr_line' id='line_1_36' title="bbox 173 1580 967 1617; baseline -0.003 -8"><span class='ocrx_word' id='word_1_217' title='bbox 173 1582 276 1612; x_wconf 73' lang='lat' dir='ltr'><strong>futura,</strong></span> <span class='ocrx_word' id='word_1_218' title='bbox 300 1584 330 1609; x_wconf 88' lang='lat' dir='ltr'><strong>ut</strong></span> <span class='ocrx_word' id='word_1_219' title='bbox 352 1581 456 1608; x_wconf 87' lang='lat' dir='ltr'><strong>dictum</strong></span> <span class='ocrx_word' id='word_1_220' title='bbox 480 1585 523 1608; x_wconf 90' lang='lat' dir='ltr'><strong>est</strong></span> <span class='ocrx_word' id='word_1_221' title='bbox 538 1590 545 1608; x_wconf 89' lang='lat'><strong>:</strong></span> <span class='ocrx_word' id='word_1_222' title='bbox 564 1580 728 1616; x_wconf 73' lang='lat' dir='ltr'><strong>Cognoscena</strong></span> <span class='ocrx_word' id='word_1_223' title='bbox 743 1582 833 1607; x_wconf 80' lang='lat' dir='ltr'><strong>omnia</strong></span> <span class='ocrx_word' id='word_1_224' title='bbox 848 1585 910 1608; x_wconf 82' lang='lat' dir='ltr'><strong>ante</strong></span> <span class='ocrx_word' id='word_1_225' title='bbox 925 1590 967 1617; x_wconf 85' lang='lat' dir='ltr'><strong>ge-</strong></span> 
     </span>
    </p>
   </div>
   <div class='ocr_carea' id='block_1_37' title="bbox 173 1626 966 1662">
    <p class='ocr_par' dir='ltr' id='par_1_37' title="bbox 173 1626 966 1662">
     <span class='ocr_line' id='line_1_37' title="bbox 173 1626 966 1662; baseline 0 -8"><span class='ocrx_word' id='word_1_226' title='bbox 173 1628 335 1655; x_wconf 82' lang='lat' dir='ltr'><strong>nerationem</strong></span> <span class='ocrx_word' id='word_1_227' title='bbox 349 1627 488 1662; x_wconf 76' lang='lat' dir='ltr'><strong>ipsorumb</strong></span> <span class='ocrx_word' id='word_1_228' title='bbox 501 1636 507 1654; x_wconf 89' lang='lat'>:</span> <span class='ocrx_word' id='word_1_229' title='bbox 526 1630 554 1655; x_wconf 84' lang='lat' dir='ltr'><strong>et</strong></span> <span class='ocrx_word' id='word_1_230' title='bbox 568 1627 668 1654; x_wconf 88' lang='lat' dir='ltr'><strong>iterum</strong></span> <span class='ocrx_word' id='word_1_231' title='bbox 682 1627 849 1662; x_wconf 80' lang='lat' dir='ltr'><strong>:Antequam</strong></span> <span class='ocrx_word' id='word_1_232' title='bbox 863 1626 966 1662; x_wconf 81' lang='lat' dir='ltr'><strong>forma-</strong></span> 
     </span>
    </p>
   </div>
   <div class='ocr_carea' id='block_1_38' title="bbox 173 1673 557 1705">
    <p class='ocr_par' dir='ltr' id='par_1_38' title="bbox 173 1673 557 1705">
     <span class='ocr_line' id='line_1_38' title="bbox 173 1673 557 1705; baseline -0.003 -3"><span class='ocrx_word' id='word_1_233' title='bbox 173 1683 230 1702; x_wconf 79' lang='lat' dir='ltr'><strong>rem</strong></span> <span class='ocrx_word' id='word_1_234' title='bbox 245 1680 268 1702; x_wconf 83' lang='lat' dir='ltr'><strong>te</strong></span> <span class='ocrx_word' id='word_1_235' title='bbox 285 1675 312 1702; x_wconf 74' lang='lat' dir='ltr'><strong>in</strong></span> <span class='ocrx_word' id='word_1_236' title='bbox 322 1680 407 1705; x_wconf 82' lang='lat' dir='ltr'><strong>utero,</strong></span> <span class='ocrx_word' id='word_1_237' title='bbox 424 1673 484 1700; x_wconf 75' lang='lat' dir='ltr'><strong>noui</strong></span> <span class='ocrx_word' id='word_1_238' title='bbox 500 1678 557 1701; x_wconf 65' lang='lat' dir='ltr'><strong>le‘.</strong></span> 
     </span>
    </p>
   </div>
   <div class='ocr_carea' id='block_1_39' title="bbox 209 1718 965 1755">
    <p class='ocr_par' dir='ltr' id='par_1_39' title="bbox 209 1718 965 1755">
     <span class='ocr_line' id='line_1_39' title="bbox 209 1718 965 1755; baseline -0.003 -7"><span class='ocrx_word' id='word_1_239' title='bbox 209 1721 262 1754; x_wconf 78' lang='lat' dir='ltr'><strong>Qui</strong></span> <span class='ocrx_word' id='word_1_240' title='bbox 283 1728 328 1748; x_wconf 77' lang='lat' dir='ltr'><strong>nec</strong></span> <span class='ocrx_word' id='word_1_241' title='bbox 345 1720 457 1755; x_wconf 82' lang='lat' dir='ltr'><strong>cogitari</strong></span> <span class='ocrx_word' id='word_1_242' title='bbox 472 1723 567 1754; x_wconf 76' lang='lat' dir='ltr'><strong>potest.</strong></span> <span class='ocrx_word' id='word_1_243' title='bbox 586 1718 625 1746; x_wconf 90' lang='lat' dir='ltr'><strong>lta</strong></span> <span class='ocrx_word' id='word_1_244' title='bbox 651 1719 725 1746; x_wconf 90' lang='lat' dir='ltr'><strong>enim</strong></span> <span class='ocrx_word' id='word_1_245' title='bbox 747 1719 870 1754; x_wconf 90' lang='lat' dir='ltr'><strong>loquitur</strong></span> <span class='ocrx_word' id='word_1_246' title='bbox 883 1719 965 1747; x_wconf 82' lang='lat' dir='ltr'><strong>etiam</strong></span> 
     </span>
    </p>
   </div>
   <div class='ocr_carea' id='block_1_40' title="bbox 173 1765 965 1802">
    <p class='ocr_par' dir='ltr' id='par_1_40' title="bbox 173 1765 965 1802">
     <span class='ocr_line' id='line_1_40' title="bbox 173 1765 965 1802; baseline -0.003 -7"><span class='ocrx_word' id='word_1_247' title='bbox 173 1767 324 1802; x_wconf 77' lang='lat' dir='ltr'><strong>Gregorius</strong></span> <span class='ocrx_word' id='word_1_248' title='bbox 351 1765 513 1801; x_wconf 84' lang='lat' dir='ltr'><strong>theologus,</strong></span> <span class='ocrx_word' id='word_1_249' title='bbox 547 1765 700 1801; x_wconf 83' lang='lat' dir='ltr'><strong>explanans</strong></span> <span class='ocrx_word' id='word_1_250' title='bbox 731 1765 799 1792; x_wconf 92' lang='lat' dir='ltr'><strong>illud</strong></span> <span class='ocrx_word' id='word_1_251' title='bbox 827 1765 965 1801; x_wconf 83' lang='lat' dir='ltr'><strong>vulgatum</strong></span> 
     </span>
    </p>
   </div>
   <div class='ocr_carea' id='block_1_41' title="bbox 174 1810 965 1849">
    <p class='ocr_par' dir='ltr' id='par_1_41' title="bbox 174 1810 965 1849">
     <span class='ocr_line' id='line_1_41' title="bbox 174 1810 965 1849; baseline 0 -9"><span class='ocrx_word' id='word_1_252' title='bbox 174 1813 345 1849; x_wconf 64' lang='lat' dir='ltr'><strong>[Grmcorum</strong></span> <span class='ocrx_word' id='word_1_253' title='bbox 375 1812 479 1839; x_wconf 89' lang='lat' dir='ltr'><strong>dictum</strong></span> <span class='ocrx_word' id='word_1_254' title='bbox 492 1810 527 1847; x_wconf 72' lang='grc'><strong>⁷⁸]</strong></span> <span class='ocrx_word' id='word_1_255' title='bbox 547 1821 554 1838; x_wconf 86' lang='lat'><strong>:</strong></span> <span class='ocrx_word' id='word_1_256' title='bbox 572 1811 656 1838; x_wconf 88' lang='lat' dir='ltr'><strong>Deum</strong></span> <span class='ocrx_word' id='word_1_257' title='bbox 685 1811 838 1847; x_wconf 75' lang='lat' dir='ltr'><strong>intelligere</strong></span> <span class='ocrx_word' id='word_1_258' title='bbox 856 1812 965 1847; x_wconf 87' lang='lat' dir='ltr'><strong>quidem</strong></span> 
     </span>
    </p>
   </div>
   <div class='ocr_carea' id='block_1_42' title="bbox 174 1858 876 1895">
    <p class='ocr_par' dir='ltr' id='par_1_42' title="bbox 174 1858 876 1895">
     <span class='ocr_line' id='line_1_42' title="bbox 174 1858 876 1895; baseline 0 -9"><span class='ocrx_word' id='word_1_259' title='bbox 174 1859 363 1895; x_wconf 88' lang='lat' dir='ltr'><strong>impossibile;</strong></span> <span class='ocrx_word' id='word_1_260' title='bbox 378 1858 469 1893; x_wconf 85' lang='lat' dir='ltr'><strong>eloqui</strong></span> <span class='ocrx_word' id='word_1_261' title='bbox 485 1863 576 1885; x_wconf 89' lang='lat' dir='ltr'><strong>autem</strong></span> <span class='ocrx_word' id='word_1_262' title='bbox 592 1858 765 1893; x_wconf 88' lang='lat' dir='ltr'><strong>impossibile</strong></span> <span class='ocrx_word' id='word_1_263' title='bbox 778 1859 876 1894; x_wconf 85' lang='lat' dir='ltr'><strong>magis.</strong></span> 
     </span>
    </p>
   </div>
   <div class='ocr_carea' id='block_1_43' title="bbox 211 1903 965 1940">
    <p class='ocr_par' dir='ltr' id='par_1_43' title="bbox 211 1903 965 1940">
     <span class='ocr_line' id='line_1_43' title="bbox 211 1903 965 1940; baseline 0.001 -9"><span class='ocrx_word' id='word_1_264' title='bbox 211 1905 245 1932; x_wconf 84' lang='lat' dir='ltr'><strong>Et</strong></span> <span class='ocrx_word' id='word_1_265' title='bbox 260 1905 451 1932; x_wconf 82' lang='lat' dir='ltr'><strong>universorum.</strong></span> <span class='ocrx_word' id='word_1_266' title='bbox 465 1904 534 1932; x_wconf 91' lang='lat' dir='ltr'><strong>Cum</strong></span> <span class='ocrx_word' id='word_1_267' title='bbox 550 1904 679 1932; x_wconf 83' lang='lat' dir='ltr'><strong>dixisset:</strong></span> <span class='ocrx_word' id='word_1_268' title='bbox 691 1903 771 1932; x_wconf 78' lang='lat' dir='ltr'><strong>Fines</strong></span> <span class='ocrx_word' id='word_1_269' title='bbox 786 1905 965 1940; x_wconf 85' lang='lat' dir='ltr'><strong>cognitionum</strong></span> 
     </span>
    </p>
   </div>
   <div class='ocr_carea' id='block_1_44' title="bbox 174 1951 967 1988">
    <p class='ocr_par' dir='ltr' id='par_1_44' title="bbox 174 1951 967 1988">
     <span class='ocr_line' id='line_1_44' title="bbox 174 1951 967 1988; baseline 0 -9"><span class='ocrx_word' id='word_1_270' title='bbox 174 1951 412 1988; x_wconf 73' lang='lat' dir='ltr'><strong>quteessentiarum</strong></span> <span class='ocrx_word' id='word_1_271' title='bbox 423 1956 515 1978; x_wconf 79' lang='lat' dir='ltr'><strong>suntet</strong></span> <span class='ocrx_word' id='word_1_272' title='bbox 521 1951 658 1984; x_wconf 83' lang='lat' dir='ltr'><strong>virtutum,</strong></span> <span class='ocrx_word' id='word_1_273' title='bbox 667 1953 793 1978; x_wconf 88' lang='lat' dir='ltr'><strong>eumdem</strong></span> <span class='ocrx_word' id='word_1_274' title='bbox 805 1952 903 1986; x_wconf 88' lang='lat' dir='ltr'><strong>repetit</strong></span> <span class='ocrx_word' id='word_1_275' title='bbox 914 1959 967 1979; x_wconf 85' lang='lat' dir='ltr'><strong>ser-</strong></span> 
     </span>
    </p>
   </div>
   <div class='ocr_carea' id='block_1_45' title="bbox 174 1997 967 2033">
    <p class='ocr_par' dir='ltr' id='par_1_45' title="bbox 174 1997 967 2033">
     <span class='ocr_line' id='line_1_45' title="bbox 174 1997 967 2033; baseline -0.003 -7"><span class='ocrx_word' id='word_1_276' title='bbox 174 2006 295 2032; x_wconf 90' lang='lat' dir='ltr'><strong>monem,</strong></span> <span class='ocrx_word' id='word_1_277' title='bbox 307 2005 387 2032; x_wconf 90' lang='lat' dir='ltr'><strong>quem</strong></span> <span class='ocrx_word' id='word_1_278' title='bbox 400 2002 480 2025; x_wconf 90' lang='lat' dir='ltr'><strong>antea</strong></span> <span class='ocrx_word' id='word_1_279' title='bbox 493 2005 602 2033; x_wconf 87' lang='lat' dir='ltr'><strong>quoque</strong></span> <span class='ocrx_word' id='word_1_280' title='bbox 609 1997 714 2024; x_wconf 83' lang='lat' dir='ltr'><strong>dixerat</strong></span> <span class='ocrx_word' id='word_1_281' title='bbox 723 2006 730 2024; x_wconf 89' lang='lat'>:</span> <span class='ocrx_word' id='word_1_282' title='bbox 740 1997 835 2025; x_wconf 79' lang='lat' dir='ltr'><strong>Omnes</strong></span> <span class='ocrx_word' id='word_1_283' title='bbox 851 1999 967 2025; x_wconf 82' lang='lat' dir='ltr'><strong>omnium</strong></span> 
     </span>
    </p>
   </div>
   <div class='ocr_carea' id='block_1_46' title="bbox 174 2043 968 2081">
    <p class='ocr_par' dir='ltr' id='par_1_46' title="bbox 174 2043 968 2081">
     <span class='ocr_line' id='line_1_46' title="bbox 174 2043 968 2081; baseline -0.001 -8"><span class='ocrx_word' id='word_1_284' title='bbox 174 2045 354 2081; x_wconf 81' lang='lat' dir='ltr'><strong>cognitionum</strong></span> <span class='ocrx_word' id='word_1_285' title='bbox 371 2044 487 2071; x_wconf 83' lang='lat' dir='ltr'><strong>termini.</strong></span> <span class='ocrx_word' id='word_1_286' title='bbox 512 2045 567 2071; x_wconf 81' lang='lat' dir='ltr'><strong>Aut</strong></span> <span class='ocrx_word' id='word_1_287' title='bbox 596 2043 680 2079; x_wconf 80' lang='lat' dir='ltr'><strong>igitur</strong></span> <span class='ocrx_word' id='word_1_288' title='bbox 699 2051 746 2079; x_wconf 92' lang='lat' dir='ltr'><strong>per</strong></span> <span class='ocrx_word' id='word_1_289' title='bbox 760 2048 905 2079; x_wconf 87' lang='lat' dir='ltr'><strong>utramque</strong></span> <span class='ocrx_word' id='word_1_290' title='bbox 920 2053 968 2072; x_wconf 85' lang='lat' dir='ltr'><strong>vo-</strong></span> 
     </span>
    </p>
   </div>
   <div class='ocr_carea' id='block_1_47' title="bbox 174 2089 968 2126">
    <p class='ocr_par' dir='ltr' id='par_1_47' title="bbox 174 2089 968 2126">
     <span class='ocr_line' id='line_1_47' title="bbox 174 2089 968 2126; baseline -0.001 -7"><span class='ocrx_word' id='word_1_291' title='bbox 174 2099 234 2119; x_wconf 88' lang='lat' dir='ltr'><strong>cem</strong></span> <span class='ocrx_word' id='word_1_292' title='bbox 250 2091 391 2126; x_wconf 90' lang='lat' dir='ltr'><strong>supponit,</strong></span> <span class='ocrx_word' id='word_1_293' title='bbox 402 2089 476 2126; x_wconf 90' lang='lat' dir='ltr'><strong>quod</strong></span> <span class='ocrx_word' id='word_1_294' title='bbox 502 2090 584 2117; x_wconf 88' lang='lat' dir='ltr'><strong>etiam</strong></span> <span class='ocrx_word' id='word_1_295' title='bbox 609 2093 672 2116; x_wconf 82' lang='lat' dir='ltr'><strong>ante</strong></span> <span class='ocrx_word' id='word_1_296' title='bbox 687 2089 805 2124; x_wconf 88' lang='lat' dir='ltr'><strong>positum</strong></span> <span class='ocrx_word' id='word_1_297' title='bbox 828 2089 925 2123; x_wconf 78' lang='lat' dir='ltr'><strong>fuerat,</strong></span> <span class='ocrx_word' id='word_1_298' title='bbox 939 2090 968 2118; x_wconf 91' lang='lat' dir='ltr'><strong>in</strong></span> 
     </span>
    </p>
   </div>
   <div class='ocr_carea' id='block_1_48' title="bbox 175 2136 968 2172">
    <p class='ocr_par' dir='ltr' id='par_1_48' title="bbox 175 2136 968 2172">
     <span class='ocr_line' id='line_1_48' title="bbox 175 2136 968 2172; baseline 0 -7"><span class='ocrx_word' id='word_1_299' title='bbox 175 2138 231 2166; x_wconf 88' lang='lat' dir='ltr'><strong>Deo</strong></span> <span class='ocrx_word' id='word_1_300' title='bbox 246 2145 355 2165; x_wconf 86' lang='lat' dir='ltr'><strong>omnem</strong></span> <span class='ocrx_word' id='word_1_301' title='bbox 383 2137 568 2172; x_wconf 78' lang='lat' dir='ltr'><strong>cognitionem</strong></span> <span class='ocrx_word' id='word_1_302' title='bbox 599 2136 690 2169; x_wconf 90' lang='lat' dir='ltr'><strong>otiari,</strong></span> <span class='ocrx_word' id='word_1_303' title='bbox 706 2141 733 2164; x_wconf 91' lang='lat' dir='ltr'><strong>et</strong></span> <span class='ocrx_word' id='word_1_304' title='bbox 761 2136 842 2164; x_wconf 86' lang='lat' dir='ltr'><strong>linem</strong></span> <span class='ocrx_word' id='word_1_305' title='bbox 867 2137 968 2165; x_wconf 85' lang='lat' dir='ltr'><strong>habere</strong></span> 
     </span>
    </p>
   </div>
   <div class='ocr_carea' id='block_1_49' title="bbox 173 2182 967 2219">
    <p class='ocr_par' dir='ltr' id='par_1_49' title="bbox 173 2182 967 2219">
     <span class='ocr_line' id='line_1_49' title="bbox 173 2182 967 2219; baseline 0.003 -10"><span class='ocrx_word' id='word_1_306' title='bbox 173 2185 265 2212; x_wconf 74' lang='lat' dir='ltr'><strong>omnis</strong></span> <span class='ocrx_word' id='word_1_307' title='bbox 279 2184 419 2217; x_wconf 86' lang='lat' dir='ltr'><strong>motionis,</strong></span> <span class='ocrx_word' id='word_1_308' title='bbox 436 2188 549 2219; x_wconf 88' lang='lat' dir='ltr'><strong>propter</strong></span> <span class='ocrx_word' id='word_1_309' title='bbox 572 2182 673 2210; x_wconf 68' lang='lat' dir='ltr'><strong>divinae</strong></span> <span class='ocrx_word' id='word_1_310' title='bbox 695 2186 801 2210; x_wconf 69' lang='lat' dir='ltr'><strong>natura:</strong></span> <span class='ocrx_word' id='word_1_311' title='bbox 813 2184 967 2218; x_wconf 89' lang='lat' dir='ltr'><strong>incompre-</strong></span> 
     </span>
    </p>
   </div>
   <div class='ocr_carea' id='block_1_50' title="bbox 175 2221 1005 2265">
    <p class='ocr_par' dir='ltr' id='par_1_50' title="bbox 175 2221 1005 2265">
     <span class='ocr_line' id='line_1_50' title="bbox 175 2221 1005 2265; baseline 0 -8"><span class='ocrx_word' id='word_1_312' title='bbox 175 2221 402 2263; x_wconf 75' lang='lat' dir='ltr'><strong>hensibilitatem,</strong></span> <span class='ocrx_word' id='word_1_313' title='bbox 433 2237 494 2265; x_wconf 66' lang='lat' dir='ltr'><strong>qua:</strong></span> <span class='ocrx_word' id='word_1_314' title='bbox 521 2236 630 2264; x_wconf 90' lang='lat' dir='ltr'><strong>semper</strong></span> <span class='ocrx_word' id='word_1_315' title='bbox 654 2232 682 2255; x_wconf 89' lang='lat' dir='ltr'><strong>et</strong></span> <span class='ocrx_word' id='word_1_316' title='bbox 710 2237 765 2256; x_wconf 91' lang='lat' dir='ltr'><strong>non</strong></span> <span class='ocrx_word' id='word_1_317' title='bbox 791 2229 818 2256; x_wconf 93' lang='lat' dir='ltr'><strong>in</strong></span> <span class='ocrx_word' id='word_1_318' title='bbox 846 2233 967 2264; x_wconf 88' lang='lat' dir='ltr'><strong>tempore</strong></span> <span class='ocrx_word' id='word_1_319' title='bbox 983 2221 1005 2249; x_wconf 71' lang='grc' dir='ltr'><strong>Β</strong></span> 
     </span>
    </p>
   </div>
   <div class='ocr_carea' id='block_1_51' title="bbox 177 2274 969 2311">
    <p class='ocr_par' dir='ltr' id='par_1_51' title="bbox 177 2274 969 2311">
     <span class='ocr_line' id='line_1_51' title="bbox 177 2274 969 2311; baseline 0 -8"><span class='ocrx_word' id='word_1_320' title='bbox 177 2277 254 2304; x_wconf 90' lang='lat' dir='ltr'><strong>circa</strong></span> <span class='ocrx_word' id='word_1_321' title='bbox 268 2277 355 2311; x_wconf 86' lang='lat' dir='ltr'><strong>ipsam</strong></span> <span class='ocrx_word' id='word_1_322' title='bbox 370 2276 499 2308; x_wconf 88' lang='lat' dir='ltr'><strong>videtur;</strong></span> <span class='ocrx_word' id='word_1_323' title='bbox 517 2278 564 2302; x_wconf 89' lang='lat' dir='ltr'><strong>aut</strong></span> <span class='ocrx_word' id='word_1_324' title='bbox 580 2274 681 2310; x_wconf 89' lang='lat' dir='ltr'><strong>potius,</strong></span> <span class='ocrx_word' id='word_1_325' title='bbox 698 2274 759 2302; x_wconf 81' lang='lat' dir='ltr'><strong>finis</strong></span> <span class='ocrx_word' id='word_1_326' title='bbox 773 2279 800 2302; x_wconf 88' lang='lat' dir='ltr'><strong>et</strong></span> <span class='ocrx_word' id='word_1_327' title='bbox 813 2275 969 2303; x_wconf 88' lang='lat' dir='ltr'><strong>terminatio</strong></span> 
     </span>
    </p>
   </div>
   <div class='ocr_carea' id='block_1_52' title="bbox 177 2321 970 2358">
    <p class='ocr_par' dir='ltr' id='par_1_52' title="bbox 177 2321 970 2358">
     <span class='ocr_line' id='line_1_52' title="bbox 177 2321 970 2358; baseline 0 -8"><span class='ocrx_word' id='word_1_328' title='bbox 177 2331 227 2350; x_wconf 88' lang='lat' dir='ltr'><strong>seu</strong></span> <span class='ocrx_word' id='word_1_329' title='bbox 253 2323 387 2358; x_wconf 83' lang='lat' dir='ltr'><strong>perfectio</strong></span> <span class='ocrx_word' id='word_1_330' title='bbox 409 2322 629 2357; x_wconf 80' lang='lat' dir='ltr'><strong>uniuscujusque</strong></span> <span class='ocrx_word' id='word_1_331' title='bbox 657 2321 812 2349; x_wconf 86' lang='lat' dir='ltr'><strong>essentialis</strong></span> <span class='ocrx_word' id='word_1_332' title='bbox 837 2322 970 2357; x_wconf 83' lang='lat' dir='ltr'><strong>cognitio-</strong></span> 
     </span>
    </p>
   </div>
   <div class='ocr_carea' id='block_1_53' title="bbox 177 2368 970 2403">
    <p class='ocr_par' dir='ltr' id='par_1_53' title="bbox 177 2368 970 2403">
     <span class='ocr_line' id='line_1_53' title="bbox 177 2368 970 2403; baseline 0 -8"><span class='ocrx_word' id='word_1_333' title='bbox 177 2369 232 2396; x_wconf 88' lang='lat' dir='ltr'><strong>nis.</strong></span> <span class='ocrx_word' id='word_1_334' title='bbox 246 2369 294 2396; x_wconf 70' lang='lat' dir='ltr'><strong>ﬂa:</strong></span> <span class='ocrx_word' id='word_1_335' title='bbox 308 2373 373 2396; x_wconf 86' lang='lat' dir='ltr'><strong>sunt</strong></span> <span class='ocrx_word' id='word_1_336' title='bbox 403 2368 530 2396; x_wconf 72' lang='lat' dir='ltr'><strong>essentia:</strong></span> <span class='ocrx_word' id='word_1_337' title='bbox 541 2372 568 2396; x_wconf 91' lang='lat' dir='ltr'><strong>et</strong></span> <span class='ocrx_word' id='word_1_338' title='bbox 578 2368 694 2396; x_wconf 82' lang='lat' dir='ltr'><strong>virtutes</strong></span> <span class='ocrx_word' id='word_1_339' title='bbox 708 2369 780 2396; x_wconf 84' lang='lat' dir='ltr'><strong>circa</strong></span> <span class='ocrx_word' id='word_1_340' title='bbox 793 2376 862 2403; x_wconf 87' lang='lat' dir='ltr'><strong>qttas</strong></span> <span class='ocrx_word' id='word_1_341' title='bbox 876 2368 970 2403; x_wconf 79' lang='lat' dir='ltr'><strong>cogni-</strong></span> 
     </span>
    </p>
   </div>
   <div class='ocr_carea' id='block_1_54' title="bbox 178 2414 967 2449">
    <p class='ocr_par' dir='ltr' id='par_1_54' title="bbox 178 2414 967 2449">
     <span class='ocr_line' id='line_1_54' title="bbox 178 2414 967 2449; baseline 0.001 -9"><span class='ocrx_word' id='word_1_342' title='bbox 178 2414 268 2442; x_wconf 89' lang='lat' dir='ltr'><strong>tiones</strong></span> <span class='ocrx_word' id='word_1_343' title='bbox 283 2417 449 2447; x_wconf 86' lang='lat' dir='ltr'><strong>versantur;</strong></span> <span class='ocrx_word' id='word_1_344' title='bbox 468 2422 538 2449; x_wconf 90' lang='lat' dir='ltr'><strong>quas</strong></span> <span class='ocrx_word' id='word_1_345' title='bbox 553 2415 689 2442; x_wconf 88' lang='lat' dir='ltr'><strong>essentias</strong></span> <span class='ocrx_word' id='word_1_346' title='bbox 705 2418 732 2441; x_wconf 88' lang='lat' dir='ltr'><strong>et</strong></span> <span class='ocrx_word' id='word_1_347' title='bbox 745 2414 862 2442; x_wconf 82' lang='lat' dir='ltr'><strong>virtutes</strong></span> <span class='ocrx_word' id='word_1_348' title='bbox 871 2421 967 2441; x_wconf 85' lang='lat' dir='ltr'><strong>omnes</strong></span> 
     </span>
    </p>
   </div>
   <div class='ocr_carea' id='block_1_55' title="bbox 177 2459 968 2495">
    <p class='ocr_par' dir='ltr' id='par_1_55' title="bbox 177 2459 968 2495">
     <span class='ocr_line' id='line_1_55' title="bbox 177 2459 968 2495; baseline 0.001 -8"><span class='ocrx_word' id='word_1_349' title='bbox 177 2460 261 2490; x_wconf 87' lang='lat' dir='ltr'><strong>simul</strong></span> <span class='ocrx_word' id='word_1_350' title='bbox 274 2465 301 2487; x_wconf 89' lang='lat' dir='ltr'><strong>et</strong></span> <span class='ocrx_word' id='word_1_351' title='bbox 316 2468 372 2487; x_wconf 92' lang='lat' dir='ltr'><strong>non</strong></span> <span class='ocrx_word' id='word_1_352' title='bbox 385 2460 556 2495; x_wconf 80' lang='lat' dir='ltr'><strong>singillatim,</strong></span> <span class='ocrx_word' id='word_1_353' title='bbox 572 2461 620 2488; x_wconf 87' lang='lat' dir='ltr'><strong>sed</strong></span> <span class='ocrx_word' id='word_1_354' title='bbox 633 2460 778 2488; x_wconf 80' lang='lat' dir='ltr'><strong>confertim</strong></span> <span class='ocrx_word' id='word_1_355' title='bbox 794 2461 821 2487; x_wconf 94' lang='lat' dir='ltr'><strong>in</strong></span> <span class='ocrx_word' id='word_1_356' title='bbox 836 2459 890 2487; x_wconf 83' lang='lat' dir='ltr'><strong>Deo</strong></span> <span class='ocrx_word' id='word_1_357' title='bbox 905 2464 968 2488; x_wconf 71' lang='lat' dir='ltr'><strong>ante</strong></span> 
     </span>
    </p>
   </div>
   <div class='ocr_carea' id='block_1_56' title="bbox 178 2506 969 2542">
    <p class='ocr_par' dir='ltr' id='par_1_56' title="bbox 178 2506 969 2542">
     <span class='ocr_line' id='line_1_56' title="bbox 178 2506 969 2542; baseline -0.001 -8"><span class='ocrx_word' id='word_1_358' title='bbox 178 2507 336 2535; x_wconf 89' lang='lat' dir='ltr'><strong>constitisse</strong></span> <span class='ocrx_word' id='word_1_359' title='bbox 351 2507 403 2540; x_wconf 87' lang='lat' dir='ltr'><strong>ait;</strong></span> <span class='ocrx_word' id='word_1_360' title='bbox 426 2507 576 2534; x_wconf 81' lang='lat' dir='ltr'><strong>secundum</strong></span> <span class='ocrx_word' id='word_1_361' title='bbox 603 2507 766 2535; x_wconf 84' lang='lat' dir='ltr'><strong>iuell‘abilem</strong></span> <span class='ocrx_word' id='word_1_362' title='bbox 779 2506 969 2542; x_wconf 74' lang='lat' dir='ltr'><strong>prmcognitio-</strong></span> 
     </span>
    </p>
   </div>
   <div class='ocr_carea' id='block_1_57' title="bbox 178 2553 968 2588">
    <p class='ocr_par' dir='ltr' id='par_1_57' title="bbox 178 2553 968 2588">
     <span class='ocr_line' id='line_1_57' title="bbox 178 2553 968 2588; baseline 0 -8"><span class='ocrx_word' id='word_1_363' title='bbox 178 2554 223 2581; x_wconf 88' lang='lat' dir='ltr'><strong>nis</strong></span> <span class='ocrx_word' id='word_1_364' title='bbox 249 2553 310 2588; x_wconf 88' lang='lat' dir='ltr'><strong>ejus</strong></span> <span class='ocrx_word' id='word_1_365' title='bbox 329 2553 476 2586; x_wconf 87' lang='lat' dir='ltr'><strong>rationem,</strong></span> <span class='ocrx_word' id='word_1_366' title='bbox 501 2553 605 2580; x_wconf 80' lang='lat' dir='ltr'><strong>sciente</strong></span> <span class='ocrx_word' id='word_1_367' title='bbox 634 2553 846 2588; x_wconf 87' lang='lat' dir='ltr'><strong>unumquodque</strong></span> <span class='ocrx_word' id='word_1_368' title='bbox 873 2560 968 2580; x_wconf 89' lang='lat' dir='ltr'><strong>eorum</strong></span> 
     </span>
    </p>
   </div>
   <div class='ocr_carea' id='block_1_58' title="bbox 178 2599 968 2636">
    <p class='ocr_par' dir='ltr' id='par_1_58' title="bbox 178 2599 968 2636">
     <span class='ocr_line' id='line_1_58' title="bbox 178 2599 968 2636; baseline -0.001 -9"><span class='ocrx_word' id='word_1_369' title='bbox 178 2607 240 2636; x_wconf 67' lang='lat' dir='ltr'><strong>qua:</strong></span> <span class='ocrx_word' id='word_1_370' title='bbox 254 2600 452 2636; x_wconf 86' lang='lat' dir='ltr'><strong>producuntur,</strong></span> <span class='ocrx_word' id='word_1_371' title='bbox 475 2599 582 2633; x_wconf 84' lang='lat' dir='ltr'><strong>qualem</strong></span> <span class='ocrx_word' id='word_1_372' title='bbox 604 2599 761 2627; x_wconf 87' lang='lat' dir='ltr'><strong>habiturum</strong></span> <span class='ocrx_word' id='word_1_373' title='bbox 776 2600 811 2627; x_wconf 89' lang='lat' dir='ltr'><strong>sit</strong></span> <span class='ocrx_word' id='word_1_374' title='bbox 831 2603 968 2632; x_wconf 90' lang='lat' dir='ltr'><strong>naturam,</strong></span> 
     </span>
    </p>
   </div>
   <div class='ocr_carea' id='block_1_59' title="bbox 177 2645 968 2681">
    <p class='ocr_par' dir='ltr' id='par_1_59' title="bbox 177 2645 968 2681">
     <span class='ocr_line' id='line_1_59' title="bbox 177 2645 968 2681; baseline -0.004 -6"><span class='ocrx_word' id='word_1_375' title='bbox 177 2651 206 2675; x_wconf 85' lang='lat' dir='ltr'><strong>et</strong></span> <span class='ocrx_word' id='word_1_376' title='bbox 233 2647 384 2680; x_wconf 85' lang='lat' dir='ltr'><strong>virtutem,</strong></span> <span class='ocrx_word' id='word_1_377' title='bbox 413 2646 492 2681; x_wconf 86' lang='lat' dir='ltr'><strong>cujus</strong></span> <span class='ocrx_word' id='word_1_378' title='bbox 525 2647 644 2674; x_wconf 84' lang='lat' dir='ltr'><strong>essentia</strong></span> <span class='ocrx_word' id='word_1_379' title='bbox 679 2650 790 2680; x_wconf 87' lang='lat' dir='ltr'><strong>superat</strong></span> <span class='ocrx_word' id='word_1_380' title='bbox 820 2645 968 2673; x_wconf 89' lang='lat' dir='ltr'><strong>essentiam</strong></span> 
     </span>
    </p>
   </div>
   <div class='ocr_carea' id='block_1_60' title="bbox 215 2733 892 2772">
    <p class='ocr_par' dir='ltr' id='par_1_60' title="bbox 215 2733 892 2772">
     <span class='ocr_line' id='line_1_60' title="bbox 215 2733 892 2772; baseline -0.003 -8"><span class='ocrx_word' id='word_1_381' title='bbox 215 2742 230 2757; x_wconf 75' lang='grc' dir='ltr'>ι</span> <span class='ocrx_word' id='word_1_382' title='bbox 244 2735 344 2772; x_wconf 79' lang='lat' dir='ltr'><strong>Epltes.</strong></span> <span class='ocrx_word' id='word_1_383' title='bbox 362 2743 382 2769; x_wconf 88' lang='lat' dir='ltr'><strong>l,</strong></span> <span class='ocrx_word' id='word_1_384' title='bbox 394 2735 421 2762; x_wconf 77' lang='grc'><strong>4.</strong></span> <span class='ocrx_word' id='word_1_385' title='bbox 459 2735 474 2756; x_wconf 69' lang='grc' dir='ltr'>δ</span> <span class='ocrx_word' id='word_1_386' title='bbox 490 2734 558 2762; x_wconf 91' lang='lat' dir='ltr'><strong>Dan.</strong></span> <span class='ocrx_word' id='word_1_387' title='bbox 571 2742 630 2769; x_wconf 86' lang='lat' dir='ltr'><strong>xm,</strong></span> <span class='ocrx_word' id='word_1_388' title='bbox 645 2734 691 2763; x_wconf 65' lang='grc'><strong>42.</strong></span> <span class='ocrx_word' id='word_1_389' title='bbox 730 2740 741 2754; x_wconf 71' lang='grc' dir='ltr'><strong><em>ο</em></strong></span> <span class='ocrx_word' id='word_1_390' title='bbox 757 2733 814 2762; x_wconf 73' lang='lat' dir='ltr'><strong>Jer.</strong></span> <span class='ocrx_word' id='word_1_391' title='bbox 831 2743 851 2767; x_wconf 84' lang='grc' dir='ltr'>ι.</span> <span class='ocrx_word' id='word_1_392' title='bbox 867 2735 892 2762; x_wconf 88' lang='lat'><strong>5.</strong></span> 
     </span>
    </p>
   </div>
   <div class='ocr_carea' id='block_1_61' title="bbox 1019 235 1807 272">
    <p class='ocr_par' dir='ltr' id='par_1_61' title="bbox 1019 235 1807 272">
     <span class='ocr_line' id='line_1_61' title="bbox 1019 235 1807 272; baseline 0.001 -10"><span class='ocrx_word' id='word_1_393' title='bbox 1019 236 1069 262; x_wconf 87' lang='grc' dir='ltr'>λεῖ·</span> <span class='ocrx_word' id='word_1_394' title='bbox 1085 235 1126 263; x_wconf 78' lang='grc' dir='ltr'>διὸ</span> <span class='ocrx_word' id='word_1_395' title='bbox 1140 236 1188 263; x_wconf 77' lang='grc' dir='ltr'>καὶ</span> <span class='ocrx_word' id='word_1_396' title='bbox 1202 235 1238 262; x_wconf 83' lang='grc' dir='ltr'><strong>τὰ</strong></span> <span class='ocrx_word' id='word_1_397' title='bbox 1251 236 1301 270; x_wconf 78' lang='grc' dir='ltr'>τῆς</span> <span class='ocrx_word' id='word_1_398' title='bbox 1318 236 1460 271; x_wconf 84' lang='grc' dir='ltr'>μιμήσεως</span> <span class='ocrx_word' id='word_1_399' title='bbox 1476 235 1655 272; x_wconf 85' lang='grc' dir='ltr'>μετριώτερα·</span> <span class='ocrx_word' id='word_1_400' title='bbox 1665 235 1726 262; x_wconf 79' lang='grc' dir='ltr'>τότε</span> <span class='ocrx_word' id='word_1_401' title='bbox 1741 235 1768 263; x_wconf 80' lang='grc' dir='ltr'>δὲ</span> <span class='ocrx_word' id='word_1_402' title='bbox 1777 235 1807 263; x_wconf 76' lang='grc' dir='ltr'>τὸ</span> 
     </span>
    </p>
   </div>
   <div class='ocr_carea' id='block_1_62' title="bbox 1018 281 1460 318">
    <p class='ocr_par' dir='ltr' id='par_1_62' title="bbox 1018 281 1460 318">
     <span class='ocr_line' id='line_1_62' title="bbox 1018 281 1460 318; baseline -0.002 -9"><span class='ocrx_word' id='word_1_403' title='bbox 1018 282 1119 309; x_wconf 83' lang='grc' dir='ltr'>τέλειον</span> <span class='ocrx_word' id='word_1_404' title='bbox 1136 284 1164 309; x_wconf 79' lang='grc' dir='ltr'><strong>ὲν</strong></span> <span class='ocrx_word' id='word_1_405' title='bbox 1180 281 1284 314; x_wconf 84' lang='grc' dir='ltr'><strong>τούτοις</strong></span> <span class='ocrx_word' id='word_1_406' title='bbox 1300 282 1460 318; x_wconf 84' lang='grc' dir='ltr'>φανήσεται.</span> 
     </span>
    </p>
   </div>
   <div class='ocr_carea' id='block_1_63' title="bbox 1057 329 1807 365">
    <p class='ocr_par' dir='ltr' id='par_1_63' title="bbox 1057 329 1807 365">
     <span class='ocr_line' id='line_1_63' title="bbox 1057 329 1807 365; baseline 0.001 -9"><span class='ocrx_word' id='word_1_407' title='bbox 1057 329 1119 357; x_wconf 85' lang='grc' dir='ltr'><strong>Τῶν</strong></span> <span class='ocrx_word' id='word_1_408' title='bbox 1138 329 1256 364; x_wconf 83' lang='grc' dir='ltr'>νοητῶν</span> <span class='ocrx_word' id='word_1_409' title='bbox 1277 329 1438 364; x_wconf 75' lang='grc' dir='ltr'><strong>θεαμάτων.</strong></span> <span class='ocrx_word' id='word_1_410' title='bbox 1458 329 1518 356; x_wconf 87' lang='grc' dir='ltr'>’Ότι</span> <span class='ocrx_word' id='word_1_411' title='bbox 1538 330 1571 356; x_wconf 77' lang='grc' dir='ltr'>ἐκ</span> <span class='ocrx_word' id='word_1_412' title='bbox 1590 329 1644 356; x_wconf 85' lang='grc' dir='ltr'>τῶν</span> <span class='ocrx_word' id='word_1_413' title='bbox 1668 329 1807 365; x_wconf 75' lang='grc' dir='ltr'>συμϐόλων</span> 
     </span>
    </p>
   </div>
   <div class='ocr_carea' id='block_1_64' title="bbox 1018 375 1806 412">
    <p class='ocr_par' dir='ltr' id='par_1_64' title="bbox 1018 375 1806 412">
     <span class='ocr_line' id='line_1_64' title="bbox 1018 375 1806 412; baseline 0 -10"><span class='ocrx_word' id='word_1_414' title='bbox 1018 375 1054 402; x_wconf 86' lang='grc' dir='ltr'>τὰ</span> <span class='ocrx_word' id='word_1_415' title='bbox 1069 376 1134 412; x_wconf 73' lang='grc' dir='ltr'>περὶ</span> <span class='ocrx_word' id='word_1_416' title='bbox 1149 376 1271 410; x_wconf 87' lang='grc' dir='ltr'>ἀγγέλων</span> <span class='ocrx_word' id='word_1_417' title='bbox 1287 375 1371 410; x_wconf 82' lang='grc' dir='ltr'>νοητὰ</span> <span class='ocrx_word' id='word_1_418' title='bbox 1386 375 1583 411; x_wconf 68' lang='grc' dir='ltr'>ὲποπτεύομεν*</span> <span class='ocrx_word' id='word_1_419' title='bbox 1601 376 1666 411; x_wconf 77' lang='grc' dir='ltr'>περὶ</span> <span class='ocrx_word' id='word_1_420' title='bbox 1689 375 1743 412; x_wconf 86' lang='grc' dir='ltr'>γὰρ</span> <span class='ocrx_word' id='word_1_421' title='bbox 1758 377 1806 410; x_wconf 86' lang='grc' dir='ltr'><strong>ἀγ-</strong></span> 
     </span>
    </p>
   </div>
   <div class='ocr_carea' id='block_1_65' title="bbox 1018 422 1808 459">
    <p class='ocr_par' dir='ltr' id='par_1_65' title="bbox 1018 422 1808 459">
     <span class='ocr_line' id='line_1_65' title="bbox 1018 422 1808 459; baseline -0.001 -9"><span class='ocrx_word' id='word_1_422' title='bbox 1018 423 1106 458; x_wconf 88' lang='grc' dir='ltr'>γέλων</span> <span class='ocrx_word' id='word_1_423' title='bbox 1122 424 1203 459; x_wconf 79' lang='grc' dir='ltr'>φησὶν</span> <span class='ocrx_word' id='word_1_424' title='bbox 1214 444 1221 456; x_wconf 88' lang='grc'><strong>,</strong></span> <span class='ocrx_word' id='word_1_425' title='bbox 1237 423 1275 455; x_wconf 88' lang='grc' dir='ltr'>ὡς</span> <span class='ocrx_word' id='word_1_426' title='bbox 1289 423 1364 459; x_wconf 87' lang='grc' dir='ltr'>δηλοῖ</span> <span class='ocrx_word' id='word_1_427' title='bbox 1385 423 1433 450; x_wconf 77' lang='grc' dir='ltr'><strong>καὶ</strong></span> <span class='ocrx_word' id='word_1_428' title='bbox 1448 422 1478 449; x_wconf 83' lang='grc' dir='ltr'>τὸ</span> <span class='ocrx_word' id='word_1_429' title='bbox 1501 423 1590 457; x_wconf 83' lang='grc' dir='ltr'>λέγειν</span> <span class='ocrx_word' id='word_1_430' title='bbox 1613 422 1710 454; x_wconf 83' lang='grc' dir='ltr'>αὐτοὺς</span> <span class='ocrx_word' id='word_1_431' title='bbox 1726 422 1808 449; x_wconf 88' lang='grc' dir='ltr'>θεοει-</span> 
     </span>
    </p>
   </div>
   <div class='ocr_carea' id='block_1_66' title="bbox 1018 469 1807 506">
    <p class='ocr_par' dir='ltr' id='par_1_66' title="bbox 1018 469 1807 506">
     <span class='ocr_line' id='line_1_66' title="bbox 1018 469 1807 506; baseline 0 -9"><span class='ocrx_word' id='word_1_432' title='bbox 1018 469 1082 502; x_wconf 85' lang='grc' dir='ltr'>δεῖς.</span> <span class='ocrx_word' id='word_1_433' title='bbox 1102 471 1176 497; x_wconf 78' lang='grc' dir='ltr'>’Ᾱνω</span> <span class='ocrx_word' id='word_1_434' title='bbox 1190 470 1218 497; x_wconf 78' lang='grc' dir='ltr'>δὲ</span> <span class='ocrx_word' id='word_1_435' title='bbox 1234 471 1281 497; x_wconf 78' lang='grc' dir='ltr'>καὶ</span> <span class='ocrx_word' id='word_1_436' title='bbox 1301 469 1337 496; x_wconf 80' lang='grc' dir='ltr'><strong>τὰ</strong></span> <span class='ocrx_word' id='word_1_437' title='bbox 1358 469 1422 506; x_wconf 66' lang='grc' dir='ltr'>περὶ</span> <span class='ocrx_word' id='word_1_438' title='bbox 1439 469 1529 496; x_wconf 82' lang='grc' dir='ltr'>αὐτῶν</span> <span class='ocrx_word' id='word_1_439' title='bbox 1548 469 1669 505; x_wconf 80' lang='grc' dir='ltr'>σύμϐολα</span> <span class='ocrx_word' id='word_1_440' title='bbox 1691 469 1766 505; x_wconf 86' lang='grc' dir='ltr'>δηλοῖ</span> <span class='ocrx_word' id='word_1_441' title='bbox 1779 471 1807 497; x_wconf 79' lang='grc' dir='ltr'><strong>ἐν</strong></span> 
     </span>
    </p>
   </div>
   <div class='ocr_carea' id='block_1_67' title="bbox 1018 515 1807 552">
    <p class='ocr_par' dir='ltr' id='par_1_67' title="bbox 1018 515 1807 552">
     <span class='ocr_line' id='line_1_67' title="bbox 1018 515 1807 552; baseline 0 -9"><span class='ocrx_word' id='word_1_442' title='bbox 1018 516 1057 552; x_wconf 88' lang='grc' dir='ltr'><strong>τῷ</strong></span> <span class='ocrx_word' id='word_1_443' title='bbox 1072 517 1142 551; x_wconf 84' lang='grc' dir='ltr'>Περὶ</span> <span class='ocrx_word' id='word_1_444' title='bbox 1157 516 1212 551; x_wconf 83' lang='grc' dir='ltr'>τῆς</span> <span class='ocrx_word' id='word_1_445' title='bbox 1221 517 1363 552; x_wconf 81' lang='grc' dir='ltr'><strong>οὐρανίας</strong></span> <span class='ocrx_word' id='word_1_446' title='bbox 1383 516 1542 551; x_wconf 81' lang='grc' dir='ltr'>ὶεραρχίας·</span> <span class='ocrx_word' id='word_1_447' title='bbox 1561 517 1690 544; x_wconf 83' lang='grc' dir='ltr'><strong>συνάπτει</strong></span> <span class='ocrx_word' id='word_1_448' title='bbox 1710 516 1739 544; x_wconf 82' lang='grc' dir='ltr'>δὲ</span> <span class='ocrx_word' id='word_1_449' title='bbox 1762 515 1807 543; x_wconf 86' lang='grc' dir='ltr'><strong>νῦν</strong></span> 
     </span>
    </p>
   </div>
   <div class='ocr_carea' id='block_1_68' title="bbox 1018 563 1238 599">
    <p class='ocr_par' dir='ltr' id='par_1_68' title="bbox 1018 563 1238 599">
     <span class='ocr_line' id='line_1_68' title="bbox 1018 563 1238 599; baseline 0 -9"><span class='ocrx_word' id='word_1_450' title='bbox 1018 564 1066 590; x_wconf 75' lang='grc' dir='ltr'>καὶ</span> <span class='ocrx_word' id='word_1_451' title='bbox 1080 564 1145 599; x_wconf 75' lang='grc' dir='ltr'>περὶ</span> <span class='ocrx_word' id='word_1_452' title='bbox 1160 563 1238 590; x_wconf 83' lang='grc' dir='ltr'><strong>Θεοῦ.</strong></span> 
     </span>
    </p>
   </div>
   <div class='ocr_carea' id='block_1_69' title="bbox 1059 608 1809 644">
    <p class='ocr_par' dir='ltr' id='par_1_69' title="bbox 1059 608 1809 644">
     <span class='ocr_line' id='line_1_69' title="bbox 1059 608 1809 644; baseline -0.001 -8"><span class='ocrx_word' id='word_1_453' title='bbox 1059 610 1284 643; x_wconf 81' lang='grc' dir='ltr'>Ἀποπαύοντες.</span> <span class='ocrx_word' id='word_1_454' title='bbox 1310 610 1499 637; x_wconf 79' lang='grc' dir='ltr'>Ἀπόπαυσιν</span> <span class='ocrx_word' id='word_1_455' title='bbox 1520 609 1577 644; x_wconf 82' lang='grc' dir='ltr'><strong>τῆς</strong></span> <span class='ocrx_word' id='word_1_456' title='bbox 1599 608 1706 643; x_wconf 78' lang='grc' dir='ltr'>νοερᾶς</span> <span class='ocrx_word' id='word_1_457' title='bbox 1728 609 1809 644; x_wconf 82' lang='grc' dir='ltr'>ἐνερ-</span> 
     </span>
    </p>
   </div>
   <div class='ocr_carea' id='block_1_70' title="bbox 1018 654 1810 692">
    <p class='ocr_par' dir='ltr' id='par_1_70' title="bbox 1018 654 1810 692">
     <span class='ocr_line' id='line_1_70' title="bbox 1018 654 1810 692; baseline -0.001 -9"><span class='ocrx_word' id='word_1_458' title='bbox 1018 656 1101 691; x_wconf 74' lang='grc' dir='ltr'>γείας</span> <span class='ocrx_word' id='word_1_459' title='bbox 1109 654 1180 688; x_wconf 77' lang='grc' dir='ltr'>εἷπε,</span> <span class='ocrx_word' id='word_1_460' title='bbox 1195 656 1334 692; x_wconf 82' lang='grc' dir='ltr'><strong>σημαίνων</strong></span> <span class='ocrx_word' id='word_1_461' title='bbox 1343 655 1374 682; x_wconf 81' lang='grc' dir='ltr'>τὸ</span> <span class='ocrx_word' id='word_1_462' title='bbox 1382 656 1432 691; x_wconf 79' lang='grc' dir='ltr'>τῆς</span> <span class='ocrx_word' id='word_1_463' title='bbox 1448 655 1522 687; x_wconf 85' lang='grc' dir='ltr'>θείας</span> <span class='ocrx_word' id='word_1_464' title='bbox 1533 655 1639 690; x_wconf 81' lang='grc' dir='ltr'>φύσεως</span> <span class='ocrx_word' id='word_1_465' title='bbox 1654 655 1810 691; x_wconf 83' lang='grc' dir='ltr'>ἀκατάληπ-</span> 
     </span>
    </p>
   </div>
   <div class='ocr_carea' id='block_1_71' title="bbox 1017 701 1810 738">
    <p class='ocr_par' dir='ltr' id='par_1_71' title="bbox 1017 701 1810 738">
     <span class='ocr_line' id='line_1_71' title="bbox 1017 701 1810 738; baseline -0.001 -9"><span class='ocrx_word' id='word_1_466' title='bbox 1017 711 1072 729; x_wconf 83' lang='grc' dir='ltr'>τον·</span> <span class='ocrx_word' id='word_1_467' title='bbox 1083 702 1158 729; x_wconf 78' lang='grc' dir='ltr'>οὐδὲν</span> <span class='ocrx_word' id='word_1_468' title='bbox 1169 702 1223 738; x_wconf 87' lang='grc' dir='ltr'><strong>γὰρ</strong></span> <span class='ocrx_word' id='word_1_469' title='bbox 1232 702 1286 729; x_wconf 85' lang='grc' dir='ltr'><strong>τῶν</strong></span> <span class='ocrx_word' id='word_1_470' title='bbox 1295 702 1397 738; x_wconf 82' lang='grc' dir='ltr'><strong>ταύτης</strong></span> <span class='ocrx_word' id='word_1_471' title='bbox 1403 703 1436 738; x_wconf 77' lang='grc' dir='ltr'>τῇ</span> <span class='ocrx_word' id='word_1_472' title='bbox 1447 703 1553 738; x_wconf 79' lang='grc' dir='ltr'><strong>κινήσει</strong></span> <span class='ocrx_word' id='word_1_473' title='bbox 1560 701 1606 728; x_wconf 86' lang='grc' dir='ltr'><strong>τοῦ</strong></span> <span class='ocrx_word' id='word_1_474' title='bbox 1617 701 1661 728; x_wconf 85' lang='grc' dir='ltr'><strong>νοῦ</strong></span> <span class='ocrx_word' id='word_1_475' title='bbox 1669 701 1810 737; x_wconf 82' lang='grc' dir='ltr'>καταλαμ-</span> 
     </span>
    </p>
   </div>
   <div class='ocr_carea' id='block_1_72' title="bbox 1017 747 1810 785">
    <p class='ocr_par' dir='ltr' id='par_1_72' title="bbox 1017 747 1810 785">
     <span class='ocr_line' id='line_1_72' title="bbox 1017 747 1810 785; baseline -0.001 -10"><span class='ocrx_word' id='word_1_476' title='bbox 1017 748 1138 782; x_wconf 78' lang='grc' dir='ltr'>ϐάνεται,</span> <span class='ocrx_word' id='word_1_477' title='bbox 1155 748 1172 784; x_wconf 87' lang='grc' dir='ltr'>ἢ</span> <span class='ocrx_word' id='word_1_478' title='bbox 1189 749 1257 785; x_wconf 85' lang='grc' dir='ltr'>πρός</span> <span class='ocrx_word' id='word_1_479' title='bbox 1266 757 1326 775; x_wconf 84' lang='grc' dir='ltr'>τινα</span> <span class='ocrx_word' id='word_1_480' title='bbox 1335 748 1555 784; x_wconf 82' lang='grc' dir='ltr'><strong>ὁμολογουμένην</strong></span> <span class='ocrx_word' id='word_1_481' title='bbox 1571 748 1619 775; x_wconf 75' lang='grc' dir='ltr'>καὶ</span> <span class='ocrx_word' id='word_1_482' title='bbox 1628 747 1730 784; x_wconf 80' lang='grc' dir='ltr'><strong>τρανὴν</strong></span> <span class='ocrx_word' id='word_1_483' title='bbox 1742 747 1810 782; x_wconf 87' lang='grc' dir='ltr'>πλη-</span> 
     </span>
    </p>
   </div>
   <div class='ocr_carea' id='block_1_73' title="bbox 1019 793 1808 832">
    <p class='ocr_par' dir='ltr' id='par_1_73' title="bbox 1019 793 1808 832">
     <span class='ocr_line' id='line_1_73' title="bbox 1019 793 1808 832; baseline -0.003 -10"><span class='ocrx_word' id='word_1_484' title='bbox 1019 795 1147 832; x_wconf 78' lang='grc' dir='ltr'>ροφορίαν</span> <span class='ocrx_word' id='word_1_485' title='bbox 1163 796 1180 831; x_wconf 87' lang='grc' dir='ltr'><strong>ἡ</strong></span> <span class='ocrx_word' id='word_1_486' title='bbox 1196 795 1289 831; x_wconf 79' lang='grc' dir='ltr'>νόησις</span> <span class='ocrx_word' id='word_1_487' title='bbox 1305 795 1437 830; x_wconf 80' lang='grc' dir='ltr'>φέρεται,</span> <span class='ocrx_word' id='word_1_488' title='bbox 1462 793 1538 829; x_wconf 82' lang='grc' dir='ltr'>παρὰ</span> <span class='ocrx_word' id='word_1_489' title='bbox 1559 793 1590 820; x_wconf 79' lang='grc' dir='ltr'>τὸ</span> <span class='ocrx_word' id='word_1_490' title='bbox 1603 793 1808 829; x_wconf 76' lang='grc' dir='ltr'>ἀκατάληπτον,</span> 
     </span>
    </p>
   </div>
   <div class='ocr_carea' id='block_1_74' title="bbox 1017 839 1694 878">
    <p class='ocr_par' dir='ltr' id='par_1_74' title="bbox 1017 839 1694 878">
     <span class='ocr_line' id='line_1_74' title="bbox 1017 839 1694 878; baseline -0.003 -10"><span class='ocrx_word' id='word_1_491' title='bbox 1017 841 1084 878; x_wconf 81' lang='grc' dir='ltr'>ὅπερ</span> <span class='ocrx_word' id='word_1_492' title='bbox 1099 843 1134 878; x_wconf 82' lang='grc' dir='ltr'><strong>τῇ</strong></span> <span class='ocrx_word' id='word_1_493' title='bbox 1149 842 1238 878; x_wconf 78' lang='grc' dir='ltr'>οἰκεία</span> <span class='ocrx_word' id='word_1_494' title='bbox 1250 839 1431 877; x_wconf 80' lang='grc' dir='ltr'>ἀνενεργησίᾳ</span> <span class='ocrx_word' id='word_1_495' title='bbox 1445 839 1694 875; x_wconf 73' lang='grc' dir='ltr'>καταλαμϐάνεται.</span> 
     </span>
    </p>
   </div>
   <div class='ocr_carea' id='block_1_75' title="bbox 1061 925 1810 964">
    <p class='ocr_par' dir='ltr' id='par_1_75' title="bbox 1061 925 1810 964">
     <span class='ocr_line' id='line_1_75' title="bbox 1061 925 1810 964; baseline -0.004 -9"><span class='ocrx_word' id='word_1_496' title='bbox 1061 927 1278 964; x_wconf 80' lang='grc' dir='ltr'>Ὑπεραρῤήτως</span> <span class='ocrx_word' id='word_1_497' title='bbox 1292 927 1513 962; x_wconf 73' lang='grc' dir='ltr'>προϋφέστηκε.</span> <span class='ocrx_word' id='word_1_498' title='bbox 1537 926 1574 953; x_wconf 81' lang='grc' dir='ltr'><strong>Τὸ</strong></span> <span class='ocrx_word' id='word_1_499' title='bbox 1597 925 1810 960; x_wconf 58' lang='grc' dir='ltr'>προϋφέστηκε</span> 
     </span>
    </p>
   </div>
   <div class='ocr_carea' id='block_1_76' title="bbox 1019 972 1811 1010">
    <p class='ocr_par' dir='ltr' id='par_1_76' title="bbox 1019 972 1811 1010">
     <span class='ocr_line' id='line_1_76' title="bbox 1019 972 1811 1010; baseline -0.005 -8"><span class='ocrx_word' id='word_1_500' title='bbox 1019 974 1199 1002; x_wconf 73' lang='grc' dir='ltr'><strong>σπουδαστέον</strong></span> <span class='ocrx_word' id='word_1_501' title='bbox 1213 974 1320 1010; x_wconf 68' lang='grc' dir='ltr'>νοῆσαιν</span> <span class='ocrx_word' id='word_1_502' title='bbox 1336 973 1372 1000; x_wconf 83' lang='grc' dir='ltr'><strong>τὰ</strong></span> <span class='ocrx_word' id='word_1_503' title='bbox 1386 973 1441 1009; x_wconf 87' lang='grc' dir='ltr'>γὰρ</span> <span class='ocrx_word' id='word_1_504' title='bbox 1456 973 1524 1008; x_wconf 73' lang='grc' dir='ltr'>ἔργα</span> <span class='ocrx_word' id='word_1_505' title='bbox 1533 973 1556 988; x_wconf 79' lang='grc'><strong>⁷⁵</strong></span> <span class='ocrx_word' id='word_1_506' title='bbox 1574 973 1662 999; x_wconf 82' lang='grc' dir='ltr'>πάντα</span> <span class='ocrx_word' id='word_1_507' title='bbox 1671 972 1811 1008; x_wconf 86' lang='grc' dir='ltr'>διατρανοῖ</span> 
     </span>
    </p>
   </div>
   <div class='ocr_carea' id='block_1_77' title="bbox 1018 1017 1810 1056">
    <p class='ocr_par' dir='ltr' id='par_1_77' title="bbox 1018 1017 1810 1056">
     <span class='ocr_line' id='line_1_77' title="bbox 1018 1017 1810 1056; baseline -0.006 -7"><span class='ocrx_word' id='word_1_508' title='bbox 1018 1020 1127 1056; x_wconf 77' lang='grc' dir='ltr'><strong>ἑφεξῆς·</strong></span> <span class='ocrx_word' id='word_1_509' title='bbox 1152 1021 1185 1048; x_wconf 80' lang='grc' dir='ltr'>ὲκ</span> <span class='ocrx_word' id='word_1_510' title='bbox 1205 1020 1299 1047; x_wconf 88' lang='grc' dir='ltr'>τούτου</span> <span class='ocrx_word' id='word_1_511' title='bbox 1323 1020 1414 1047; x_wconf 79' lang='grc' dir='ltr'><strong>τοίνυν</strong></span> <span class='ocrx_word' id='word_1_512' title='bbox 1430 1019 1602 1055; x_wconf 86' lang='grc' dir='ltr'>νοηθήσεται,</span> <span class='ocrx_word' id='word_1_513' title='bbox 1619 1017 1677 1050; x_wconf 84' lang='grc' dir='ltr'><strong>πῶς</strong></span> <span class='ocrx_word' id='word_1_514' title='bbox 1697 1026 1779 1054; x_wconf 83' lang='grc' dir='ltr'>φησιν</span> <span class='ocrx_word' id='word_1_515' title='bbox 1794 1019 1810 1044; x_wconf 84' lang='grc' dir='ltr'><strong>ὁ</strong></span> 
     </span>
    </p>
   </div>
   <div class='ocr_carea' id='block_1_78' title="bbox 1024 1063 1810 1102">
    <p class='ocr_par' dir='ltr' id='par_1_78' title="bbox 1024 1063 1810 1102">
     <span class='ocr_line' id='line_1_78' title="bbox 1024 1063 1810 1102; baseline -0.006 -7"><span class='ocrx_word' id='word_1_516' title='bbox 1024 1068 1193 1099; x_wconf 80' lang='grc' dir='ltr'>’Δπόστολος,</span> <span class='ocrx_word' id='word_1_517' title='bbox 1208 1069 1238 1094; x_wconf 81' lang='grc' dir='ltr'>ὲν</span> <span class='ocrx_word' id='word_1_518' title='bbox 1251 1066 1291 1102; x_wconf 81' lang='grc' dir='ltr'>τῷ</span> <span class='ocrx_word' id='word_1_519' title='bbox 1311 1065 1370 1101; x_wconf 85' lang='grc' dir='ltr'>Θεῷ</span> <span class='ocrx_word' id='word_1_520' title='bbox 1385 1063 1454 1093; x_wconf 77' lang='grc' dir='ltr'>εἶναι</span> <span class='ocrx_word' id='word_1_521' title='bbox 1469 1066 1543 1101; x_wconf 82' lang='grc' dir='ltr'>ἡμᾶς</span> <span class='ocrx_word' id='word_1_522' title='bbox 1563 1064 1619 1099; x_wconf 81' lang='grc' dir='ltr'>πρὸ</span> <span class='ocrx_word' id='word_1_523' title='bbox 1639 1063 1810 1098; x_wconf 78' lang='grc' dir='ltr'>καταϐολῆς</span> 
     </span>
    </p>
   </div>
   <div class='ocr_carea' id='block_1_79' title="bbox 1017 1110 1810 1150">
    <p class='ocr_par' dir='ltr' id='par_1_79' title="bbox 1017 1110 1810 1150">
     <span class='ocr_line' id='line_1_79' title="bbox 1017 1110 1810 1150; baseline -0.008 -8"><span class='ocrx_word' id='word_1_524' title='bbox 1017 1116 1145 1150; x_wconf 79' lang='grc' dir='ltr'><strong>κόσμου.</strong></span> <span class='ocrx_word' id='word_1_525' title='bbox 1168 1113 1264 1140; x_wconf 84' lang='grc' dir='ltr'>Ἱστέον</span> <span class='ocrx_word' id='word_1_526' title='bbox 1278 1110 1335 1146; x_wconf 79' lang='grc' dir='ltr'>οὖν,</span> <span class='ocrx_word' id='word_1_527' title='bbox 1358 1112 1396 1143; x_wconf 84' lang='grc' dir='ltr'>ὼς</span> <span class='ocrx_word' id='word_1_528' title='bbox 1416 1111 1466 1147; x_wconf 85' lang='grc' dir='ltr'>τῆς</span> <span class='ocrx_word' id='word_1_529' title='bbox 1489 1111 1615 1138; x_wconf 77' lang='grc' dir='ltr'>ἁπάντων</span> <span class='ocrx_word' id='word_1_530' title='bbox 1639 1110 1810 1146; x_wconf 79' lang='grc' dir='ltr'><strong>παραγωγῆς</strong></span> 
     </span>
    </p>
   </div>
   <div class='ocr_carea' id='block_1_80' title="bbox 1018 1156 1808 1194">
    <p class='ocr_par' dir='ltr' id='par_1_80' title="bbox 1018 1156 1808 1194">
     <span class='ocr_line' id='line_1_80' title="bbox 1018 1156 1808 1194; baseline -0.009 -5"><span class='ocrx_word' id='word_1_531' title='bbox 1018 1161 1089 1189; x_wconf 83' lang='grc' dir='ltr'>κατὰ</span> <span class='ocrx_word' id='word_1_532' title='bbox 1102 1160 1134 1187; x_wconf 75' lang='grc' dir='ltr'>τὸ</span> <span class='ocrx_word' id='word_1_533' title='bbox 1150 1160 1235 1186; x_wconf 75' lang='grc' dir='ltr'>αἴτιον</span> <span class='ocrx_word' id='word_1_534' title='bbox 1250 1159 1297 1186; x_wconf 76' lang='grc' dir='ltr'>καὶ</span> <span class='ocrx_word' id='word_1_535' title='bbox 1312 1158 1362 1194; x_wconf 84' lang='grc' dir='ltr'>τὴν</span> <span class='ocrx_word' id='word_1_536' title='bbox 1385 1157 1472 1193; x_wconf 84' lang='grc' dir='ltr'>ἀρχὴν</span> <span class='ocrx_word' id='word_1_537' title='bbox 1493 1156 1574 1184; x_wconf 84' lang='grc' dir='ltr'>αὑτοῦ</span> <span class='ocrx_word' id='word_1_538' title='bbox 1598 1156 1808 1192; x_wconf 82' lang='grc' dir='ltr'>ἀπηρτημένης,</span> 
     </span>
    </p>
   </div>
   <div class='ocr_carea' id='block_1_81' title="bbox 1017 1201 1810 1242">
    <p class='ocr_par' dir='ltr' id='par_1_81' title="bbox 1017 1201 1810 1242">
     <span class='ocr_line' id='line_1_81' title="bbox 1017 1201 1810 1242; baseline -0.006 -8"><span class='ocrx_word' id='word_1_539' title='bbox 1017 1206 1111 1242; x_wconf 78' lang='grc' dir='ltr'>ἐπειδὴ</span> <span class='ocrx_word' id='word_1_540' title='bbox 1126 1205 1160 1232; x_wconf 85' lang='grc' dir='ltr'>τὰ</span> <span class='ocrx_word' id='word_1_541' title='bbox 1175 1202 1239 1232; x_wconf 74' lang='grc' dir='ltr'>ὅντα</span> <span class='ocrx_word' id='word_1_542' title='bbox 1253 1203 1342 1231; x_wconf 80' lang='grc' dir='ltr'>πάντα</span> <span class='ocrx_word' id='word_1_543' title='bbox 1358 1203 1388 1236; x_wconf 79' lang='grc' dir='ltr'><strong>ἐξ</strong></span> <span class='ocrx_word' id='word_1_544' title='bbox 1406 1203 1488 1230; x_wconf 77' lang='grc' dir='ltr'>αὑτοῦ</span> <span class='ocrx_word' id='word_1_545' title='bbox 1507 1204 1590 1230; x_wconf 78' lang='grc' dir='ltr'>ἐστιν·</span> <span class='ocrx_word' id='word_1_546' title='bbox 1613 1201 1735 1236; x_wconf 77' lang='grc' dir='ltr'><strong>εἰκότως,</strong></span> <span class='ocrx_word' id='word_1_547' title='bbox 1759 1202 1810 1229; x_wconf 76' lang='grc' dir='ltr'>ἆτε</span> 
     </span>
    </p>
   </div>
   <div class='ocr_carea' id='block_1_82' title="bbox 1018 1247 1809 1289">
    <p class='ocr_par' dir='ltr' id='par_1_82' title="bbox 1018 1247 1809 1289">
     <span class='ocr_line' id='line_1_82' title="bbox 1018 1247 1809 1289; baseline -0.009 -9"><span class='ocrx_word' id='word_1_548' title='bbox 1018 1253 1066 1280; x_wconf 76' lang='grc' dir='ltr'>καὶ</span> <span class='ocrx_word' id='word_1_549' title='bbox 1081 1252 1212 1289; x_wconf 79' lang='grc' dir='ltr'>μέλλοντα</span> <span class='ocrx_word' id='word_1_550' title='bbox 1228 1250 1336 1277; x_wconf 74' lang='grc' dir='ltr'>ἔσεσθαι</span> <span class='ocrx_word' id='word_1_551' title='bbox 1352 1250 1397 1276; x_wconf 78' lang='grc' dir='ltr'>διὰ</span> <span class='ocrx_word' id='word_1_552' title='bbox 1414 1248 1445 1275; x_wconf 77' lang='grc' dir='ltr'>τὸ</span> <span class='ocrx_word' id='word_1_553' title='bbox 1467 1248 1549 1275; x_wconf 83' lang='grc' dir='ltr'>αὑτοῦ</span> <span class='ocrx_word' id='word_1_554' title='bbox 1571 1248 1747 1284; x_wconf 86' lang='grc' dir='ltr'>ἀνεπινόητον</span> <span class='ocrx_word' id='word_1_555' title='bbox 1764 1247 1809 1274; x_wconf 80' lang='grc' dir='ltr'>θέ-</span> 
     </span>
    </p>
   </div>
   <div class='ocr_carea' id='block_1_83' title="bbox 1018 1294 1809 1335">
    <p class='ocr_par' dir='ltr' id='par_1_83' title="bbox 1018 1294 1809 1335">
     <span class='ocr_line' id='line_1_83' title="bbox 1018 1294 1809 1335; baseline -0.006 -9"><span class='ocrx_word' id='word_1_556' title='bbox 1018 1299 1103 1335; x_wconf 82' lang='grc' dir='ltr'>λημα,</span> <span class='ocrx_word' id='word_1_557' title='bbox 1120 1299 1150 1324; x_wconf 85' lang='grc' dir='ltr'>ὲν</span> <span class='ocrx_word' id='word_1_558' title='bbox 1166 1295 1241 1331; x_wconf 82' lang='grc' dir='ltr'>αὐτῷ</span> <span class='ocrx_word' id='word_1_559' title='bbox 1256 1296 1302 1322; x_wconf 84' lang='grc' dir='ltr'>καὶ</span> <span class='ocrx_word' id='word_1_560' title='bbox 1318 1294 1520 1331; x_wconf 79' lang='grc' dir='ltr'>προῡφέστηκε,</span> <span class='ocrx_word' id='word_1_561' title='bbox 1538 1295 1578 1330; x_wconf 82' lang='grc' dir='ltr'>τῷ</span> <span class='ocrx_word' id='word_1_562' title='bbox 1593 1295 1684 1327; x_wconf 81' lang='grc' dir='ltr'><strong>εἰδότι,</strong></span> <span class='ocrx_word' id='word_1_563' title='bbox 1704 1295 1751 1322; x_wconf 86' lang='grc' dir='ltr'>καὶ</span> <span class='ocrx_word' id='word_1_564' title='bbox 1766 1294 1809 1320; x_wconf 83' lang='grc' dir='ltr'>ὅτι</span> 
     </span>
    </p>
   </div>
   <div class='ocr_carea' id='block_1_84' title="bbox 1019 1339 1810 1381">
    <p class='ocr_par' dir='ltr' id='par_1_84' title="bbox 1019 1339 1810 1381">
     <span class='ocr_line' id='line_1_84' title="bbox 1019 1339 1810 1381; baseline -0.008 -9"><span class='ocrx_word' id='word_1_565' title='bbox 1019 1344 1136 1381; x_wconf 80' lang='grc' dir='ltr'>παράξει</span> <span class='ocrx_word' id='word_1_566' title='bbox 1151 1344 1198 1370; x_wconf 78' lang='grc' dir='ltr'>καὶ</span> <span class='ocrx_word' id='word_1_567' title='bbox 1213 1342 1293 1369; x_wconf 81' lang='grc' dir='ltr'>ὁπότε</span> <span class='ocrx_word' id='word_1_568' title='bbox 1308 1340 1435 1376; x_wconf 78' lang='grc' dir='ltr'><strong>παράξει.</strong></span> <span class='ocrx_word' id='word_1_569' title='bbox 1455 1341 1629 1376; x_wconf 84' lang='grc' dir='ltr'>Προαιωνίως</span> <span class='ocrx_word' id='word_1_570' title='bbox 1651 1339 1697 1367; x_wconf 84' lang='grc' dir='ltr'><strong>οὖν</strong></span> <span class='ocrx_word' id='word_1_571' title='bbox 1713 1341 1741 1366; x_wconf 82' lang='grc' dir='ltr'><strong>ὲν</strong></span> <span class='ocrx_word' id='word_1_572' title='bbox 1758 1339 1810 1365; x_wconf 83' lang='grc' dir='ltr'><strong>αὐ-</strong></span> 
     </span>
    </p>
   </div>
   <div class='ocr_carea' id='block_1_85' title="bbox 1017 1383 1809 1426">
    <p class='ocr_par' dir='ltr' id='par_1_85' title="bbox 1017 1383 1809 1426">
     <span class='ocr_line' id='line_1_85' title="bbox 1017 1383 1809 1426; baseline -0.009 -8"><span class='ocrx_word' id='word_1_573' title='bbox 1017 1391 1058 1426; x_wconf 86' lang='grc' dir='ltr'>τῷ</span> <span class='ocrx_word' id='word_1_574' title='bbox 1072 1388 1296 1426; x_wconf 87' lang='grc' dir='ltr'>προεγνωσμένα,</span> <span class='ocrx_word' id='word_1_575' title='bbox 1311 1387 1512 1423; x_wconf 82' lang='grc' dir='ltr'>προϋφέστηκε·</span> <span class='ocrx_word' id='word_1_576' title='bbox 1524 1387 1589 1422; x_wconf 77' lang='grc' dir='ltr'>πρὶν</span> <span class='ocrx_word' id='word_1_577' title='bbox 1606 1385 1661 1422; x_wconf 83' lang='grc' dir='ltr'><strong>γὰρ</strong></span> <span class='ocrx_word' id='word_1_578' title='bbox 1675 1385 1709 1412; x_wconf 81' lang='grc' dir='ltr'>τὰ</span> <span class='ocrx_word' id='word_1_579' title='bbox 1724 1383 1809 1420; x_wconf 83' lang='grc' dir='ltr'>νοητὰ</span> 
     </span>
    </p>
   </div>
   <div class='ocr_carea' id='block_1_86' title="bbox 1019 1431 1809 1474">
    <p class='ocr_par' dir='ltr' id='par_1_86' title="bbox 1019 1431 1809 1474">
     <span class='ocr_line' id='line_1_86' title="bbox 1019 1431 1809 1474; baseline -0.006 -11"><span class='ocrx_word' id='word_1_580' title='bbox 1019 1436 1203 1474; x_wconf 76' lang='grc' dir='ltr'>παραχθῆναι,</span> <span class='ocrx_word' id='word_1_581' title='bbox 1220 1436 1299 1463; x_wconf 65' lang='grc' dir='ltr'>ἅτινά</span> <span class='ocrx_word' id='word_1_582' title='bbox 1312 1436 1380 1462; x_wconf 76' lang='grc' dir='ltr'>εἰσιν</span> <span class='ocrx_word' id='word_1_583' title='bbox 1395 1434 1501 1466; x_wconf 78' lang='grc' dir='ltr'>αἰῶνες,</span> <span class='ocrx_word' id='word_1_584' title='bbox 1517 1433 1564 1460; x_wconf 67' lang='grc' dir='ltr'><strong>κα)⁸</strong></span> <span class='ocrx_word' id='word_1_585' title='bbox 1579 1432 1632 1468; x_wconf 80' lang='grc' dir='ltr'>πρὸ</span> <span class='ocrx_word' id='word_1_586' title='bbox 1646 1432 1735 1468; x_wconf 80' lang='grc' dir='ltr'>πάσης</span> <span class='ocrx_word' id='word_1_587' title='bbox 1746 1431 1809 1458; x_wconf 75' lang='grc' dir='ltr'>ἑτέ-</span> 
     </span>
    </p>
   </div>
   <div class='ocr_carea' id='block_1_87' title="bbox 1020 1479 1807 1519">
    <p class='ocr_par' dir='ltr' id='par_1_87' title="bbox 1020 1479 1807 1519">
     <span class='ocr_line' id='line_1_87' title="bbox 1020 1479 1807 1519; baseline -0.008 -9"><span class='ocrx_word' id='word_1_588' title='bbox 1020 1492 1069 1519; x_wconf 86' lang='grc' dir='ltr'><strong>ρας</strong></span> <span class='ocrx_word' id='word_1_589' title='bbox 1084 1483 1201 1515; x_wconf 83' lang='grc' dir='ltr'><strong>κτίσεως</strong></span> <span class='ocrx_word' id='word_1_590' title='bbox 1215 1483 1335 1518; x_wconf 75' lang='grc' dir='ltr'><strong>ἔγνωστο</strong></span> <span class='ocrx_word' id='word_1_591' title='bbox 1349 1481 1424 1517; x_wconf 84' lang='grc' dir='ltr'><strong>αὐτῷ</strong></span> <span class='ocrx_word' id='word_1_592' title='bbox 1436 1481 1471 1508; x_wconf 84' lang='grc' dir='ltr'>τὰ</span> <span class='ocrx_word' id='word_1_593' title='bbox 1487 1480 1614 1516; x_wconf 76' lang='grc' dir='ltr'>ἐσόμενα,</span> <span class='ocrx_word' id='word_1_594' title='bbox 1630 1480 1669 1511; x_wconf 86' lang='grc' dir='ltr'>ὡς</span> <span class='ocrx_word' id='word_1_595' title='bbox 1688 1479 1807 1515; x_wconf 82' lang='grc' dir='ltr'>εἴρηται·</span> 
     </span>
    </p>
   </div>
   <div class='ocr_carea' id='block_1_88' title="bbox 1025 1524 1808 1562">
    <p class='ocr_par' dir='ltr' id='par_1_88' title="bbox 1025 1524 1808 1562">
     <span class='ocr_line' id='line_1_88' title="bbox 1025 1524 1808 1562; baseline -0.005 -7"><span class='ocrx_word' id='word_1_596' title='bbox 1025 1529 1051 1554; x_wconf 88' lang='grc' dir='ltr'><em>Ὁ</em></span> <span class='ocrx_word' id='word_1_597' title='bbox 1065 1527 1150 1561; x_wconf 74' lang='grc' dir='ltr'>εἰδὼς</span> <span class='ocrx_word' id='word_1_598' title='bbox 1164 1528 1263 1555; x_wconf 76' lang='grc' dir='ltr'>πάντα</span> <span class='ocrx_word' id='word_1_599' title='bbox 1273 1527 1345 1562; x_wconf 74' lang='grc' dir='ltr'>πρὶν</span> <span class='ocrx_word' id='word_1_600' title='bbox 1357 1526 1504 1561; x_wconf 74' lang='grc' dir='ltr'>γενέσεως</span> <span class='ocrx_word' id='word_1_601' title='bbox 1524 1525 1632 1553; x_wconf 57' lang='grc' dir='ltr'>αὐτῶν</span> <span class='ocrx_word' id='word_1_602' title='bbox 1651 1525 1698 1552; x_wconf 76' lang='grc' dir='ltr'>καὶ</span> <span class='ocrx_word' id='word_1_603' title='bbox 1713 1524 1808 1552; x_wconf 80' lang='grc' dir='ltr'>πάλιν·</span> 
     </span>
    </p>
   </div>
   <div class='ocr_carea' id='block_1_89' title="bbox 1016 1571 1732 1610">
    <p class='ocr_par' dir='ltr' id='par_1_89' title="bbox 1016 1571 1732 1610">
     <span class='ocr_line' id='line_1_89' title="bbox 1016 1571 1732 1610; baseline -0.006 -8"><span class='ocrx_word' id='word_1_604' title='bbox 1016 1574 1076 1609; x_wconf 86' lang='grc' dir='ltr'><strong>Πρὸ</strong></span> <span class='ocrx_word' id='word_1_605' title='bbox 1088 1574 1139 1602; x_wconf 88' lang='grc' dir='ltr'><strong>τοῦ</strong></span> <span class='ocrx_word' id='word_1_606' title='bbox 1150 1583 1189 1610; x_wconf 82' lang='grc' dir='ltr'><strong>με</strong></span> <span class='ocrx_word' id='word_1_607' title='bbox 1203 1573 1319 1602; x_wconf 77' lang='grc' dir='ltr'>πλάσαι</span> <span class='ocrx_word' id='word_1_608' title='bbox 1333 1581 1370 1601; x_wconf 87' lang='grc' dir='ltr'><strong>σε</strong></span> <span class='ocrx_word' id='word_1_609' title='bbox 1385 1573 1420 1600; x_wconf 85' lang='grc' dir='ltr'><strong>ὲν</strong></span> <span class='ocrx_word' id='word_1_610' title='bbox 1434 1573 1544 1607; x_wconf 71' lang='grc' dir='ltr'>κοιλίᾳ,</span> <span class='ocrx_word' id='word_1_611' title='bbox 1557 1571 1673 1607; x_wconf 74' lang='grc' dir='ltr'>ἐγνωκά</span> <span class='ocrx_word' id='word_1_612' title='bbox 1685 1579 1732 1599; x_wconf 77' lang='grc' dir='ltr'>σε.</span> 
     </span>
    </p>
   </div>
   <div class='ocr_carea' id='block_1_90' title="bbox 1058 1715 1812 1753">
    <p class='ocr_par' dir='ltr' id='par_1_90' title="bbox 1058 1715 1812 1753">
     <span class='ocr_line' id='line_1_90' title="bbox 1058 1715 1812 1753; baseline -0.009 -4"><span class='ocrx_word' id='word_1_613' title='bbox 1058 1721 1112 1749; x_wconf 77' lang='grc' dir='ltr'><strong>’ον</strong></span> <span class='ocrx_word' id='word_1_614' title='bbox 1126 1721 1150 1737; x_wconf 75' lang='grc'><em>’³</em></span> <span class='ocrx_word' id='word_1_615' title='bbox 1164 1721 1233 1748; x_wconf 84' lang='grc' dir='ltr'>οὔτε</span> <span class='ocrx_word' id='word_1_616' title='bbox 1260 1718 1405 1753; x_wconf 71' lang='grc' dir='ltr'>ἐννοῆσαι</span> <span class='ocrx_word' id='word_1_617' title='bbox 1423 1717 1563 1745; x_wconf 82' lang='grc' dir='ltr'>δυνατόν.</span> <span class='ocrx_word' id='word_1_618' title='bbox 1581 1716 1661 1743; x_wconf 77' lang='grc' dir='ltr'>Οὕτω</span> <span class='ocrx_word' id='word_1_619' title='bbox 1675 1715 1729 1752; x_wconf 84' lang='grc' dir='ltr'>γάρ</span> <span class='ocrx_word' id='word_1_620' title='bbox 1740 1724 1812 1752; x_wconf 81' lang='grc' dir='ltr'>φησι</span> 
     </span>
    </p>
   </div>
   <div class='ocr_carea' id='block_1_91' title="bbox 1016 1762 1813 1802">
    <p class='ocr_par' dir='ltr' id='par_1_91' title="bbox 1016 1762 1813 1802">
     <span class='ocr_line' id='line_1_91' title="bbox 1016 1762 1813 1802; baseline -0.009 -7"><span class='ocrx_word' id='word_1_621' title='bbox 1016 1768 1064 1796; x_wconf 75' lang='grc' dir='ltr'>καὶ</span> <span class='ocrx_word' id='word_1_622' title='bbox 1078 1769 1093 1795; x_wconf 84' lang='grc' dir='ltr'>ὁ</span> <span class='ocrx_word' id='word_1_623' title='bbox 1109 1767 1232 1801; x_wconf 86' lang='grc' dir='ltr'>θεολόγος</span> <span class='ocrx_word' id='word_1_624' title='bbox 1243 1765 1403 1802; x_wconf 80' lang='grc' dir='ltr'>Γρηγόριος,</span> <span class='ocrx_word' id='word_1_625' title='bbox 1423 1763 1603 1800; x_wconf 80' lang='grc' dir='ltr'>μεταφράζων</span> <span class='ocrx_word' id='word_1_626' title='bbox 1616 1762 1647 1789; x_wconf 81' lang='grc' dir='ltr'><strong>τὸ</strong></span> <span class='ocrx_word' id='word_1_627' title='bbox 1660 1762 1813 1797; x_wconf 79' lang='grc' dir='ltr'>εἰρημένον</span> 
     </span>
    </p>
   </div>
   <div class='ocr_carea' id='block_1_92' title="bbox 1017 1809 1814 1850">
    <p class='ocr_par' dir='ltr' id='par_1_92' title="bbox 1017 1809 1814 1850">
     <span class='ocr_line' id='line_1_92' title="bbox 1017 1809 1814 1850; baseline -0.005 -9"><span class='ocrx_word' id='word_1_628' title='bbox 1017 1814 1084 1850; x_wconf 86' lang='grc' dir='ltr'>[τοῖς</span> <span class='ocrx_word' id='word_1_629' title='bbox 1099 1811 1238 1848; x_wconf 81' lang='grc' dir='ltr'>Ἔλλησι]·</span> <span class='ocrx_word' id='word_1_630' title='bbox 1257 1812 1324 1839; x_wconf 87' lang='grc' dir='ltr'><strong>Θεὸν</strong></span> <span class='ocrx_word' id='word_1_631' title='bbox 1339 1810 1435 1846; x_wconf 78' lang='grc' dir='ltr'>νοῆσαι</span> <span class='ocrx_word' id='word_1_632' title='bbox 1463 1810 1511 1846; x_wconf 71' lang='grc' dir='ltr'><strong>μὲν</strong></span> <span class='ocrx_word' id='word_1_633' title='bbox 1539 1809 1669 1837; x_wconf 81' lang='grc' dir='ltr'>ἀδύνατον</span> <span class='ocrx_word' id='word_1_634' title='bbox 1679 1818 1686 1825; x_wconf 91' lang='grc'><strong>·</strong></span> <span class='ocrx_word' id='word_1_635' title='bbox 1703 1809 1814 1844; x_wconf 79' lang='grc' dir='ltr'>φράσαι</span> 
     </span>
    </p>
   </div>
   <div class='ocr_carea' id='block_1_93' title="bbox 1015 1859 1266 1895">
    <p class='ocr_par' dir='ltr' id='par_1_93' title="bbox 1015 1859 1266 1895">
     <span class='ocr_line' id='line_1_93' title="bbox 1015 1859 1266 1895; baseline -0.012 -7"><span class='ocrx_word' id='word_1_636' title='bbox 1015 1860 1044 1888; x_wconf 76' lang='grc' dir='ltr'>δὲ</span> <span class='ocrx_word' id='word_1_637' title='bbox 1058 1859 1266 1895; x_wconf 83' lang='grc' dir='ltr'>ἀδυνατώτερον.</span> 
     </span>
    </p>
   </div>
   <div class='ocr_carea' id='block_1_94' title="bbox 1052 1905 1816 1942">
    <p class='ocr_par' dir='ltr' id='par_1_94' title="bbox 1052 1905 1816 1942">
     <span class='ocr_line' id='line_1_94' title="bbox 1052 1905 1816 1942; baseline -0.007 -4"><span class='ocrx_word' id='word_1_638' title='bbox 1052 1911 1107 1939; x_wconf 81' lang='grc' dir='ltr'><strong>Καὶ</strong></span> <span class='ocrx_word' id='word_1_639' title='bbox 1116 1909 1232 1937; x_wconf 80' lang='grc' dir='ltr'>πασῶν.</span> <span class='ocrx_word' id='word_1_640' title='bbox 1239 1909 1331 1936; x_wconf 85' lang='grc' dir='ltr'>Εἰπὼν</span> <span class='ocrx_word' id='word_1_641' title='bbox 1341 1906 1579 1942; x_wconf 81' lang='grc' dir='ltr'>ἀποπερατώσεις</span> <span class='ocrx_word' id='word_1_642' title='bbox 1587 1906 1647 1934; x_wconf 80' lang='grc' dir='ltr'><strong>τῶν</strong></span> <span class='ocrx_word' id='word_1_643' title='bbox 1654 1905 1816 1934; x_wconf 74' lang='grc' dir='ltr'>οὐσιωδῶν</span> 
     </span>
    </p>
   </div>
   <div class='ocr_carea' id='block_1_95' title="bbox 1017 1952 1815 1993">
    <p class='ocr_par' dir='ltr' id='par_1_95' title="bbox 1017 1952 1815 1993">
     <span class='ocr_line' id='line_1_95' title="bbox 1017 1952 1815 1993; baseline -0.006 -9"><span class='ocrx_word' id='word_1_644' title='bbox 1017 1956 1156 1993; x_wconf 71' lang='grc' dir='ltr'>τνώσεων</span> <span class='ocrx_word' id='word_1_645' title='bbox 1166 1956 1214 1983; x_wconf 77' lang='grc' dir='ltr'>καὶ</span> <span class='ocrx_word' id='word_1_646' title='bbox 1221 1954 1432 1990; x_wconf 78' lang='grc' dir='ltr'>δυνάμεων,τδν</span> <span class='ocrx_word' id='word_1_647' title='bbox 1440 1954 1520 1980; x_wconf 76' lang='grc' dir='ltr'>αὐτὸν</span> <span class='ocrx_word' id='word_1_648' title='bbox 1532 1953 1712 1980; x_wconf 81' lang='grc' dir='ltr'>ὲπανελάϐετο</span> <span class='ocrx_word' id='word_1_649' title='bbox 1717 1952 1815 1987; x_wconf 80' lang='grc' dir='ltr'>λόγον,</span> 
     </span>
    </p>
   </div>
   <div class='ocr_carea' id='block_1_96' title="bbox 1017 1998 1818 2038">
    <p class='ocr_par' dir='ltr' id='par_1_96' title="bbox 1017 1998 1818 2038">
     <span class='ocr_line' id='line_1_96' title="bbox 1017 1998 1818 2038; baseline -0.006 -8"><span class='ocrx_word' id='word_1_650' title='bbox 1017 2003 1047 2030; x_wconf 79' lang='grc' dir='ltr'>ὃν</span> <span class='ocrx_word' id='word_1_651' title='bbox 1061 2003 1110 2030; x_wconf 72' lang='grc' dir='ltr'><strong>καῖ</strong></span> <span class='ocrx_word' id='word_1_652' title='bbox 1122 2003 1175 2038; x_wconf 79' lang='grc' dir='ltr'>πρὸ</span> <span class='ocrx_word' id='word_1_653' title='bbox 1190 2001 1287 2038; x_wconf 79' lang='grc' dir='ltr'>μικροῦ</span> <span class='ocrx_word' id='word_1_654' title='bbox 1303 1998 1377 2027; x_wconf 76' lang='grc' dir='ltr'>εἶπε’</span> <span class='ocrx_word' id='word_1_655' title='bbox 1394 2000 1496 2027; x_wconf 84' lang='grc' dir='ltr'><em>Πάντα</em></span> <span class='ocrx_word' id='word_1_656' title='bbox 1515 1999 1552 2026; x_wconf 83' lang='grc' dir='ltr'>τὰ</span> <span class='ocrx_word' id='word_1_657' title='bbox 1570 1998 1683 2033; x_wconf 81' lang='grc' dir='ltr'>πέρατα</span> <span class='ocrx_word' id='word_1_658' title='bbox 1700 1998 1818 2026; x_wconf 76' lang='grc' dir='ltr'>πασῶν</span> 
     </span>
    </p>
   </div>
   <div class='ocr_carea' id='block_1_97' title="bbox 1018 2043 1818 2083">
    <p class='ocr_par' dir='ltr' id='par_1_97' title="bbox 1018 2043 1818 2083">
     <span class='ocr_line' id='line_1_97' title="bbox 1018 2043 1818 2083; baseline -0.008 -8"><span class='ocrx_word' id='word_1_659' title='bbox 1018 2048 1078 2075; x_wconf 81' lang='grc' dir='ltr'><strong>τῶν</strong></span> <span class='ocrx_word' id='word_1_660' title='bbox 1101 2045 1257 2083; x_wconf 69' lang='grc' dir='ltr'>γνώσεων·</span> <span class='ocrx_word' id='word_1_661' title='bbox 1285 2045 1302 2082; x_wconf 83' lang='grc' dir='ltr'>ἦ</span> <span class='ocrx_word' id='word_1_662' title='bbox 1330 2043 1376 2072; x_wconf 81' lang='grc' dir='ltr'>οὖν</span> <span class='ocrx_word' id='word_1_663' title='bbox 1406 2044 1485 2072; x_wconf 81' lang='grc' dir='ltr'>τοῦτο</span> <span class='ocrx_word' id='word_1_664' title='bbox 1511 2045 1545 2071; x_wconf 82' lang='grc' dir='ltr'>δι’</span> <span class='ocrx_word' id='word_1_665' title='bbox 1561 2044 1695 2080; x_wconf 79' lang='grc' dir='ltr'>ἑκατέρας</span> <span class='ocrx_word' id='word_1_666' title='bbox 1713 2043 1818 2079; x_wconf 79' lang='grc' dir='ltr'>φωνῆς</span> 
     </span>
    </p>
   </div>
   <div class='ocr_carea' id='block_1_98' title="bbox 1019 2089 1818 2129">
    <p class='ocr_par' dir='ltr' id='par_1_98' title="bbox 1019 2089 1818 2129">
     <span class='ocr_line' id='line_1_98' title="bbox 1019 2089 1818 2129; baseline -0.006 -8"><span class='ocrx_word' id='word_1_667' title='bbox 1019 2095 1186 2126; x_wconf 83' lang='grc' dir='ltr'>ὑποτίθεται,</span> <span class='ocrx_word' id='word_1_668' title='bbox 1204 2094 1274 2129; x_wconf 77' lang='grc' dir='ltr'>ὅπερ</span> <span class='ocrx_word' id='word_1_669' title='bbox 1293 2093 1340 2119; x_wconf 78' lang='grc' dir='ltr'>καὶ</span> <span class='ocrx_word' id='word_1_670' title='bbox 1366 2091 1569 2128; x_wconf 81' lang='grc' dir='ltr'>προπαρετέθη,</span> <span class='ocrx_word' id='word_1_671' title='bbox 1585 2091 1625 2117; x_wconf 78' lang='grc' dir='ltr'>ὃτι</span> <span class='ocrx_word' id='word_1_672' title='bbox 1640 2091 1669 2117; x_wconf 80' lang='grc' dir='ltr'><strong>ὲν</strong></span> <span class='ocrx_word' id='word_1_673' title='bbox 1688 2090 1728 2126; x_wconf 83' lang='grc' dir='ltr'>τῷ</span> <span class='ocrx_word' id='word_1_674' title='bbox 1747 2089 1818 2127; x_wconf 78' lang='grc' dir='ltr'>Θεῷ</span> 
     </span>
    </p>
   </div>
   <div class='ocr_carea' id='block_1_99' title="bbox 1019 2137 1817 2175">
    <p class='ocr_par' dir='ltr' id='par_1_99' title="bbox 1019 2137 1817 2175">
     <span class='ocr_line' id='line_1_99' title="bbox 1019 2137 1817 2175; baseline -0.005 -7"><span class='ocrx_word' id='word_1_675' title='bbox 1019 2142 1093 2168; x_wconf 85' lang='grc' dir='ltr'>πᾶσα</span> <span class='ocrx_word' id='word_1_676' title='bbox 1107 2140 1208 2175; x_wconf 85' lang='grc' dir='ltr'>γνῶσις</span> <span class='ocrx_word' id='word_1_677' title='bbox 1221 2140 1310 2175; x_wconf 85' lang='grc' dir='ltr'>ἀργεῖ,</span> <span class='ocrx_word' id='word_1_678' title='bbox 1329 2139 1376 2165; x_wconf 74' lang='grc' dir='ltr'>καὶ</span> <span class='ocrx_word' id='word_1_679' title='bbox 1402 2138 1477 2170; x_wconf 83' lang='grc' dir='ltr'><strong>τέλος</strong></span> <span class='ocrx_word' id='word_1_680' title='bbox 1492 2137 1546 2173; x_wconf 77' lang='grc' dir='ltr'>ἔχει</span> <span class='ocrx_word' id='word_1_681' title='bbox 1557 2137 1648 2172; x_wconf 79' lang='grc' dir='ltr'>πάσης</span> <span class='ocrx_word' id='word_1_682' title='bbox 1662 2137 1817 2172; x_wconf 76' lang='grc' dir='ltr'>κινήσεως,</span> 
     </span>
    </p>
   </div>
   <div class='ocr_carea' id='block_1_100' title="bbox 1018 2181 1818 2219">
    <p class='ocr_par' dir='ltr' id='par_1_100' title="bbox 1018 2181 1818 2219">
     <span class='ocr_line' id='line_1_100' title="bbox 1018 2181 1818 2219; baseline -0.005 -8"><span class='ocrx_word' id='word_1_683' title='bbox 1018 2184 1063 2212; x_wconf 86' lang='grc' dir='ltr'><strong>διὰ</strong></span> <span class='ocrx_word' id='word_1_684' title='bbox 1078 2185 1109 2211; x_wconf 82' lang='grc' dir='ltr'>τὸ</span> <span class='ocrx_word' id='word_1_685' title='bbox 1122 2185 1171 2219; x_wconf 88' lang='grc' dir='ltr'>τῆς</span> <span class='ocrx_word' id='word_1_686' title='bbox 1189 2183 1264 2215; x_wconf 83' lang='grc' dir='ltr'>θείας</span> <span class='ocrx_word' id='word_1_687' title='bbox 1280 2182 1387 2218; x_wconf 82' lang='grc' dir='ltr'>φύσεως</span> <span class='ocrx_word' id='word_1_688' title='bbox 1404 2182 1606 2218; x_wconf 84' lang='grc' dir='ltr'>ἀκατάληπτον,</span> <span class='ocrx_word' id='word_1_689' title='bbox 1621 2182 1689 2217; x_wconf 81' lang='grc' dir='ltr'>ὅπερ</span> <span class='ocrx_word' id='word_1_690' title='bbox 1703 2181 1818 2214; x_wconf 81' lang='grc' dir='ltr'>ἀῖδίως,</span> 
     </span>
    </p>
   </div>
   <div class='ocr_carea' id='block_1_101' title="bbox 1020 2227 1818 2266">
    <p class='ocr_par' dir='ltr' id='par_1_101' title="bbox 1020 2227 1818 2266">
     <span class='ocr_line' id='line_1_101' title="bbox 1020 2227 1818 2266; baseline -0.006 -8"><span class='ocrx_word' id='word_1_691' title='bbox 1020 2232 1067 2259; x_wconf 75' lang='grc' dir='ltr'>καὶ</span> <span class='ocrx_word' id='word_1_692' title='bbox 1080 2231 1130 2258; x_wconf 83' lang='grc' dir='ltr'><strong>οὐκ</strong></span> <span class='ocrx_word' id='word_1_693' title='bbox 1146 2231 1175 2257; x_wconf 79' lang='grc' dir='ltr'>ἐν</span> <span class='ocrx_word' id='word_1_694' title='bbox 1189 2229 1278 2266; x_wconf 83' lang='grc' dir='ltr'>χρόνῳ</span> <span class='ocrx_word' id='word_1_695' title='bbox 1304 2229 1368 2265; x_wconf 80' lang='grc' dir='ltr'>περὶ</span> <span class='ocrx_word' id='word_1_696' title='bbox 1389 2229 1474 2264; x_wconf 85' lang='grc' dir='ltr'>αὐτὴν</span> <span class='ocrx_word' id='word_1_697' title='bbox 1493 2228 1645 2264; x_wconf 82' lang='grc' dir='ltr'>θεωρεῖται·</span> <span class='ocrx_word' id='word_1_698' title='bbox 1661 2228 1678 2263; x_wconf 81' lang='grc' dir='ltr'><strong>ἢ</strong></span> <span class='ocrx_word' id='word_1_699' title='bbox 1705 2227 1818 2263; x_wconf 82' lang='grc' dir='ltr'>μᾶλλον</span> 
     </span>
    </p>
   </div>
   <div class='ocr_carea' id='block_1_102' title="bbox 1020 2273 1820 2313">
    <p class='ocr_par' dir='ltr' id='par_1_102' title="bbox 1020 2273 1820 2313">
     <span class='ocr_line' id='line_1_102' title="bbox 1020 2273 1820 2313; baseline -0.005 -9"><span class='ocrx_word' id='word_1_700' title='bbox 1020 2277 1106 2313; x_wconf 76' lang='grc' dir='ltr'>πέρας</span> <span class='ocrx_word' id='word_1_701' title='bbox 1120 2276 1167 2303; x_wconf 79' lang='grc' dir='ltr'>καὶ</span> <span class='ocrx_word' id='word_1_702' title='bbox 1195 2275 1414 2311; x_wconf 76' lang='grc' dir='ltr'>ἀποπεράτωσις,</span> <span class='ocrx_word' id='word_1_703' title='bbox 1443 2275 1502 2310; x_wconf 69' lang='grc' dir='ltr'>ἢτοι</span> <span class='ocrx_word' id='word_1_704' title='bbox 1527 2274 1558 2301; x_wconf 84' lang='grc' dir='ltr'><strong>τὺ</strong></span> <span class='ocrx_word' id='word_1_705' title='bbox 1582 2274 1660 2305; x_wconf 80' lang='grc' dir='ltr'>τέλος</span> <span class='ocrx_word' id='word_1_706' title='bbox 1688 2273 1820 2311; x_wconf 75' lang='grc' dir='ltr'>ἑκάστης</span> 
     </span>
    </p>
   </div>
   <div class='ocr_carea' id='block_1_103' title="bbox 1019 2319 1820 2357">
    <p class='ocr_par' dir='ltr' id='par_1_103' title="bbox 1019 2319 1820 2357">
     <span class='ocr_line' id='line_1_103' title="bbox 1019 2319 1820 2357; baseline -0.002 -7"><span class='ocrx_word' id='word_1_707' title='bbox 1019 2322 1163 2354; x_wconf 84' lang='grc' dir='ltr'>οὐσιώδους</span> <span class='ocrx_word' id='word_1_708' title='bbox 1178 2321 1314 2357; x_wconf 79' lang='grc' dir='ltr'>γνώσεως.</span> <span class='ocrx_word' id='word_1_709' title='bbox 1335 2319 1420 2349; x_wconf 77' lang='grc' dir='ltr'>Δῦταί</span> <span class='ocrx_word' id='word_1_710' title='bbox 1443 2322 1510 2348; x_wconf 83' lang='grc' dir='ltr'>εἰσιν</span> <span class='ocrx_word' id='word_1_711' title='bbox 1524 2321 1552 2347; x_wconf 88' lang='grc' dir='ltr'>αἱ</span> <span class='ocrx_word' id='word_1_712' title='bbox 1566 2321 1656 2347; x_wconf 74' lang='grc' dir='ltr'>οὐσίαι</span> <span class='ocrx_word' id='word_1_713' title='bbox 1670 2321 1716 2347; x_wconf 83' lang='grc' dir='ltr'>καὶ</span> <span class='ocrx_word' id='word_1_714' title='bbox 1731 2320 1820 2348; x_wconf 82' lang='grc' dir='ltr'>δυνά-</span> 
     </span>
    </p>
   </div>
   <div class='ocr_carea' id='block_1_104' title="bbox 1022 2367 1821 2405">
    <p class='ocr_par' dir='ltr' id='par_1_104' title="bbox 1022 2367 1821 2405">
     <span class='ocr_line' id='line_1_104' title="bbox 1022 2367 1821 2405; baseline -0.001 -9"><span class='ocrx_word' id='word_1_715' title='bbox 1022 2378 1092 2405; x_wconf 86' lang='grc' dir='ltr'>μεις,</span> <span class='ocrx_word' id='word_1_716' title='bbox 1112 2368 1175 2404; x_wconf 70' lang='grc' dir='ltr'>περὶ</span> <span class='ocrx_word' id='word_1_717' title='bbox 1186 2368 1219 2400; x_wconf 82' lang='grc' dir='ltr'>ἃς</span> <span class='ocrx_word' id='word_1_718' title='bbox 1239 2368 1267 2395; x_wconf 83' lang='grc' dir='ltr'><strong>αί</strong></span> <span class='ocrx_word' id='word_1_719' title='bbox 1280 2367 1405 2402; x_wconf 82' lang='grc' dir='ltr'>γνώσεις,</span> <span class='ocrx_word' id='word_1_720' title='bbox 1423 2367 1533 2399; x_wconf 76' lang='grc' dir='ltr'>ἅστινας</span> <span class='ocrx_word' id='word_1_721' title='bbox 1551 2367 1642 2398; x_wconf 83' lang='grc' dir='ltr'>οὐσίας</span> <span class='ocrx_word' id='word_1_722' title='bbox 1665 2367 1711 2394; x_wconf 72' lang='grc' dir='ltr'><strong>καὶ</strong></span> <span class='ocrx_word' id='word_1_723' title='bbox 1724 2367 1821 2395; x_wconf 79' lang='grc' dir='ltr'>δυνά-</span> 
     </span>
    </p>
   </div>
   <div class='ocr_carea' id='block_1_105' title="bbox 1022 2412 1820 2451">
    <p class='ocr_par' dir='ltr' id='par_1_105' title="bbox 1022 2412 1820 2451">
     <span class='ocr_line' id='line_1_105' title="bbox 1022 2412 1820 2451; baseline -0.001 -9"><span class='ocrx_word' id='word_1_724' title='bbox 1022 2424 1082 2451; x_wconf 87' lang='grc' dir='ltr'>μεις</span> <span class='ocrx_word' id='word_1_725' title='bbox 1097 2415 1186 2446; x_wconf 79' lang='grc' dir='ltr'>πάσας</span> <span class='ocrx_word' id='word_1_726' title='bbox 1205 2414 1263 2450; x_wconf 75' lang='grc' dir='ltr'>ἅμα</span> <span class='ocrx_word' id='word_1_727' title='bbox 1275 2415 1322 2441; x_wconf 81' lang='grc' dir='ltr'>καὶ</span> <span class='ocrx_word' id='word_1_728' title='bbox 1340 2415 1391 2441; x_wconf 76' lang='grc' dir='ltr'><strong>οὐκ</strong></span> <span class='ocrx_word' id='word_1_729' title='bbox 1412 2414 1464 2440; x_wconf 81' lang='grc' dir='ltr'><strong>ἀνὰ</strong></span> <span class='ocrx_word' id='word_1_730' title='bbox 1488 2414 1579 2450; x_wconf 87' lang='grc' dir='ltr'>μέρος,</span> <span class='ocrx_word' id='word_1_731' title='bbox 1609 2413 1676 2440; x_wconf 80' lang='grc' dir='ltr'>ἀλλὰ</span> <span class='ocrx_word' id='word_1_732' title='bbox 1701 2412 1820 2449; x_wconf 79' lang='grc' dir='ltr'>ἀθρόως</span> 
     </span>
    </p>
   </div>
   <div class='ocr_carea' id='block_1_106' title="bbox 1021 2459 1818 2497">
    <p class='ocr_par' dir='ltr' id='par_1_106' title="bbox 1021 2459 1818 2497">
     <span class='ocr_line' id='line_1_106' title="bbox 1021 2459 1818 2497; baseline -0.003 -10"><span class='ocrx_word' id='word_1_733' title='bbox 1021 2462 1049 2487; x_wconf 82' lang='grc' dir='ltr'><strong>ὲν</strong></span> <span class='ocrx_word' id='word_1_734' title='bbox 1063 2460 1102 2496; x_wconf 86' lang='grc' dir='ltr'>τῷ</span> <span class='ocrx_word' id='word_1_735' title='bbox 1116 2460 1175 2497; x_wconf 83' lang='grc' dir='ltr'><strong>Θεῷ</strong></span> <span class='ocrx_word' id='word_1_736' title='bbox 1203 2460 1405 2496; x_wconf 76' lang='grc' dir='ltr'>προϋφεστάναι</span> <span class='ocrx_word' id='word_1_737' title='bbox 1434 2461 1500 2496; x_wconf 72' lang='grc' dir='ltr'>φησι</span> <span class='ocrx_word' id='word_1_738' title='bbox 1530 2460 1601 2486; x_wconf 86' lang='grc' dir='ltr'>κατὰ</span> <span class='ocrx_word' id='word_1_739' title='bbox 1623 2459 1668 2486; x_wconf 83' lang='grc' dir='ltr'>τὸν</span> <span class='ocrx_word' id='word_1_740' title='bbox 1688 2459 1818 2495; x_wconf 60' lang='grc' dir='ltr'>ἄρρητον</span> 
     </span>
    </p>
   </div>
   <div class='ocr_carea' id='block_1_107' title="bbox 1020 2505 1813 2543">
    <p class='ocr_par' dir='ltr' id='par_1_107' title="bbox 1020 2505 1813 2543">
     <span class='ocr_line' id='line_1_107' title="bbox 1020 2505 1813 2543; baseline 0 -10"><span class='ocrx_word' id='word_1_741' title='bbox 1020 2507 1069 2543; x_wconf 84' lang='grc' dir='ltr'>τῆς</span> <span class='ocrx_word' id='word_1_742' title='bbox 1099 2506 1278 2542; x_wconf 88' lang='grc' dir='ltr'>προγνώσεως</span> <span class='ocrx_word' id='word_1_743' title='bbox 1293 2506 1316 2522; x_wconf 81' lang='grc'><strong>⁷⁵</strong></span> <span class='ocrx_word' id='word_1_744' title='bbox 1344 2506 1426 2533; x_wconf 83' lang='grc' dir='ltr'>αὐτοῦ</span> <span class='ocrx_word' id='word_1_745' title='bbox 1460 2505 1557 2540; x_wconf 83' lang='grc' dir='ltr'>λόγον,</span> <span class='ocrx_word' id='word_1_746' title='bbox 1584 2506 1664 2532; x_wconf 85' lang='grc' dir='ltr'>εἰδότι</span> <span class='ocrx_word' id='word_1_747' title='bbox 1694 2505 1813 2533; x_wconf 60' lang='grc' dir='ltr'>ἕκαστον</span> 
     </span>
    </p>
   </div>
   <div class='ocr_carea' id='block_1_108' title="bbox 1021 2551 1805 2589">
    <p class='ocr_par' dir='ltr' id='par_1_108' title="bbox 1021 2551 1805 2589">
     <span class='ocr_line' id='line_1_108' title="bbox 1021 2551 1805 2589; baseline -0.001 -9"><span class='ocrx_word' id='word_1_748' title='bbox 1021 2553 1074 2580; x_wconf 84' lang='grc' dir='ltr'>τῶν</span> <span class='ocrx_word' id='word_1_749' title='bbox 1089 2553 1158 2589; x_wconf 78' lang='grc' dir='ltr'>πρὸς</span> <span class='ocrx_word' id='word_1_750' title='bbox 1172 2554 1277 2588; x_wconf 83' lang='grc' dir='ltr'>γένεσιν</span> <span class='ocrx_word' id='word_1_751' title='bbox 1305 2553 1513 2588; x_wconf 84' lang='grc' dir='ltr'>παραγομένων,</span> <span class='ocrx_word' id='word_1_752' title='bbox 1530 2553 1604 2584; x_wconf 83' lang='grc' dir='ltr'>ὅπως</span> <span class='ocrx_word' id='word_1_753' title='bbox 1632 2551 1686 2584; x_wconf 71' lang='grc' dir='ltr'>ἕξει</span> <span class='ocrx_word' id='word_1_754' title='bbox 1701 2551 1805 2586; x_wconf 77' lang='grc' dir='ltr'>φύσεω</span> 
     </span>
    </p>
   </div>
   <div class='ocr_carea' id='block_1_109' title="bbox 1022 2595 1818 2635">
    <p class='ocr_par' dir='ltr' id='par_1_109' title="bbox 1022 2595 1818 2635">
     <span class='ocr_line' id='line_1_109' title="bbox 1022 2595 1818 2635; baseline -0.004 -8"><span class='ocrx_word' id='word_1_755' title='bbox 1022 2600 1068 2627; x_wconf 74' lang='grc' dir='ltr'>καὶ</span> <span class='ocrx_word' id='word_1_756' title='bbox 1081 2598 1235 2635; x_wconf 78' lang='grc' dir='ltr'>δυνάμεως·</span> <span class='ocrx_word' id='word_1_757' title='bbox 1253 2596 1284 2626; x_wconf 76' lang='grc' dir='ltr'>οὗ</span> <span class='ocrx_word' id='word_1_758' title='bbox 1294 2601 1311 2635; x_wconf 82' lang='grc' dir='ltr'>ἡ</span> <span class='ocrx_word' id='word_1_759' title='bbox 1334 2599 1412 2625; x_wconf 81' lang='grc' dir='ltr'>οὐσία</span> <span class='ocrx_word' id='word_1_760' title='bbox 1426 2598 1586 2634; x_wconf 85' lang='grc' dir='ltr'>ὺπερούσιός</span> <span class='ocrx_word' id='word_1_761' title='bbox 1599 2607 1629 2625; x_wconf 83' lang='grc' dir='ltr'><strong>τε</strong></span> <span class='ocrx_word' id='word_1_762' title='bbox 1643 2597 1690 2625; x_wconf 79' lang='grc' dir='ltr'>καὶ</span> <span class='ocrx_word' id='word_1_763' title='bbox 1723 2595 1818 2631; x_wconf 65' lang='grc' dir='ltr'>ὑπερη</span> 
     </span>
    </p>
   </div>
   <div class='ocr_carea' id='block_1_110' title="bbox 1019 2642 1814 2680">
    <p class='ocr_par' dir='ltr' id='par_1_110' title="bbox 1019 2642 1814 2680">
     <span class='ocr_line' id='line_1_110' title="bbox 1019 2642 1814 2680; baseline -0.004 -8"><span class='ocrx_word' id='word_1_764' title='bbox 1019 2643 1163 2678; x_wconf 82' lang='grc' dir='ltr'>ἀγνωστος.</span> <span class='ocrx_word' id='word_1_765' title='bbox 1173 2645 1271 2672; x_wconf 79' lang='grc' dir='ltr'>’ἰστέον</span> <span class='ocrx_word' id='word_1_766' title='bbox 1285 2645 1323 2678; x_wconf 82' lang='grc' dir='ltr'>δὲ,</span> <span class='ocrx_word' id='word_1_767' title='bbox 1338 2645 1380 2672; x_wconf 81' lang='grc' dir='ltr'>ὅτι</span> <span class='ocrx_word' id='word_1_768' title='bbox 1393 2644 1486 2680; x_wconf 73' lang='grc' dir='ltr'>ἕτερον</span> <span class='ocrx_word' id='word_1_769' title='bbox 1503 2643 1580 2670; x_wconf 85' lang='grc' dir='ltr'>οὐσία</span> <span class='ocrx_word' id='word_1_770' title='bbox 1592 2644 1640 2671; x_wconf 66' lang='grc' dir='ltr'>καὶ</span> <span class='ocrx_word' id='word_1_771' title='bbox 1656 2643 1750 2679; x_wconf 72' lang='grc' dir='ltr'>ἕτερον</span> <span class='ocrx_word' id='word_1_772' title='bbox 1765 2642 1814 2672; x_wconf 73' lang='grc' dir='ltr'><strong>δύ-</strong></span> 
     </span>
    </p>
   </div>
   <div class='ocr_carea' id='block_1_111' title="bbox 659 2800 1347 2831">
    <p class='ocr_par' dir='ltr' id='par_1_111' title="bbox 659 2800 1347 2831">
     <span class='ocr_line' id='line_1_111' title="bbox 659 2800 1347 2831; baseline -0.004 -1"><span class='ocrx_word' id='word_1_773' title='bbox 659 2802 778 2830; x_wconf 58' lang='grc' dir='ltr'>νΑιιιΑΕ</span> <span class='ocrx_word' id='word_1_774' title='bbox 796 2801 991 2831; x_wconf 80' lang='lat' dir='ltr'><strong>LECTIONES</strong></span> <span class='ocrx_word' id='word_1_775' title='bbox 1009 2801 1053 2829; x_wconf 82' lang='lat' dir='ltr'><strong>ET</strong></span> <span class='ocrx_word' id='word_1_776' title='bbox 1071 2800 1347 2830; x_wconf 58' lang='lat' dir='ltr'><strong>CORRECTIONES.</strong></span> 
     </span>
    </p>
   </div>
   <div class='ocr_carea' id='block_1_112' title="bbox 212 2869 967 2909">
    <p class='ocr_par' dir='ltr' id='par_1_112' title="bbox 212 2871 958 2909">
     <span class='ocr_line' id='line_1_112' title="bbox 212 2871 958 2909; baseline -0.007 -8"><span class='ocrx_word' id='word_1_777' title='bbox 212 2874 236 2890; x_wconf 70' lang='grc' dir='ltr'>’ί</span> <span class='ocrx_word' id='word_1_778' title='bbox 246 2875 326 2909; x_wconf 74' lang='grc' dir='ltr'>ἕτερα</span> <span class='ocrx_word' id='word_1_779' title='bbox 380 2874 403 2890; x_wconf 85' lang='grc'>⁷³</span> <span class='ocrx_word' id='word_1_780' title='bbox 421 2874 476 2901; x_wconf 82' lang='grc' dir='ltr'>καί.</span> <span class='ocrx_word' id='word_1_781' title='bbox 510 2873 532 2888; x_wconf 71' lang='grc'><strong>⁷⁸</strong></span> <span class='ocrx_word' id='word_1_782' title='bbox 547 2872 667 2901; x_wconf 67' lang='lat' dir='ltr'><strong>Platonis</strong></span> <span class='ocrx_word' id='word_1_783' title='bbox 685 2873 710 2900; x_wconf 75' lang='lat' dir='ltr'><strong>in</strong></span> <span class='ocrx_word' id='word_1_784' title='bbox 730 2872 840 2899; x_wconf 74' lang='lat' dir='ltr'><strong>Tinueo.</strong></span> <span class='ocrx_word' id='word_1_785' title='bbox 879 2871 903 2887; x_wconf 84' lang='lat'><strong><em>&quot;</em></strong></span> <span class='ocrx_word' id='word_1_786' title='bbox 915 2879 958 2906; x_wconf 84' lang='grc' dir='ltr'>γρ.</span> 
     </span>
    </p>
   </div>
   <div class='ocr_carea' id='block_1_113' title="bbox 1024 2869 1102 2909">
    <p class='ocr_par' dir='ltr' id='par_1_113' title="bbox 1024 2878 1102 2902">
     <span class='ocr_line' id='line_1_113' title="bbox 1024 2878 1102 2902; baseline 0 -6"><span class='ocrx_word' id='word_1_787' title='bbox 1024 2878 1102 2902; x_wconf 72' lang='lat' dir='ltr'><strong>mw;</strong></span> 
     </span>
    </p>
   </div>
  </div>
