1923 3064
97 192 139 219 201
449 189 476 217 S.
495 188 617 216 MAXIM
635 187 783 216 SCHOLIA
801 187 832 214 IN
854 187 919 215 LIB.
938 185 984 214 DE
1000 184 1127 214 DlVlNlS
1146 184 1344 213 NOMINIBUS.

1668 183 1723 212 202

99 256 170 284 σιιμις
180 257 187 263 ·
206 248 224 283 ἡ
241 247 290 284 μὲν
301 247 356 283 γὰρ
368 247 422 274 τῶν
436 245 495 273 καθ’
509 245 593 272 ἑαυτὰ
618 243 780 280 ὑφεστώτων
790 252 796 258 ·
813 244 830 279 ἡ
845 244 884 276 δὲ,

939 247 964 271 et
971 241 1166 278 cognitionem.
1175 240 1322 268 Sciendum
1329 247 1410 275 porro
1421 239 1495 267 aliud
1502 247 1563 267 esse
1575 241 1723 268 essentiam

98 295 143 322 τών
157 295 186 322 ὲν
206 294 292 330 ἑτέρῳ
311 294 341 320 τὸ
355 292 423 320 εἶναι
439 292 564 328 ἐχόντων.

129 428 164 456 El
185 426 238 462 γὰρ
251 427 282 454 αἱ
295 425 430 462 γνώσεις.
453 424 633 461 Ἐπεξήγησις
646 423 700 451 τῶν
719 423 880 460 εἰρημένων.

98 474 192 505 Καλῶς
207 473 235 500 δὲ
253 471 345 500 εἶπεν·
361 474 386 499 εί
407 472 461 508 γὰρ
476 472 505 499 αἱ
525 471 640 506 γνώσεις
651 471 714 508 περὶ
727 470 777 503 τὰς
789 470 883 503 οὐσίας

98 520 189 549 καὶτὰ
200 519 265 547 ὅντα
279 519 358 552 εἰσὶν,
382 520 397 546 ὁ
423 519 490 552 Θεὸς
503 519 531 545 δὲ
546 518 607 545 οὕτε
627 519 657 544 ὲν
679 517 758 554 οὐσίᾳ
779 517 842 545 οὔτε
856 526 883 544 τι

97 567 148 594 τῶν
163 566 247 594 ὅντων
272 566 357 598 ἐστὶν,
390 565 504 597 εἰκότως
527 565 575 592 καὶ
601 564 728 599 γνώσεως
753 563 883 591 ὲπέκεινά

97 615 179 641 ἐστιν.

130 701 144 737 §
160 700 192 728 ν.
211 701 284 728 οὔτε
297 701 458 735 φαντασία.
477 700 590 736 Ἔτερόν
603 701 662 727 ἐστι
676 699 819 735 φαντασία,
837 699 884 726 καὶ

97 747 186 783 ἕτερον
200 747 301 782 νόησις,
317 747 375 782 ἦτοι
389 746 492 782 νόημα·
509 746 563 773 ἀπό
577 754 606 773 τε
624 746 678 782 γὰρ
693 745 826 781 διαφόρων
838 745 884 772 δυ-

96 793 203 830 νάμεων
218 793 349 827 γίνονται,
372 793 420 820 καὶ
437 793 549 829 ἰδιότητι
569 792 718 828 κινήσεως·
735 792 752 827 ἡ
769 791 818 827 μὲν
829 791 884 827 γὰρ

96 840 186 876 νόησις
215 839 342 876 ἐνέργειά
364 839 423 866 ἐστι
444 839 492 866 καὶ
519 839 646 874 ποίησις’
666 838 726 874 ἠδὲ
748 837 883 872 φαντασία

95 886 179 918 πάθος
194 887 241 913 καὶ
266 886 388 917 τύπωσις
411 885 595 921 ἁναγγελτικὴ
624 883 753 921 αἰσθητοῦ
768 892 850 917 τινος,
866 883 883 919 ἢ

933 293 960 316 et
987 288 1059 316 aliud
1087 287 1237 319 virtutem;
1255 287 1299 313 illa
1323 285 1396 313 enim
1423 289 1466 312 est
1489 293 1584 312 eorum
1599 293 1660 320 quae
1676 294 1724 321 per

934 342 963 362 se
986 333 1159 365 subsistunt,
1196 333 1253 359 haac
1288 339 1353 360 vero
1377 338 1472 359 eorum
1501 338 1562 366 qua
1592 331 1653 359 aliis
1681 333 1720 360 in-

934 385 1007 408 sunt.

969 426 1074 454 Etenim
1089 434 1148 452 cum
1163 416 1292 452 notiones.
1309 424 1452 451 Enarratio
1466 431 1561 452 eorum
1576 431 1636 459 quae
1651 424 1723 452 dicta

933 476 1009 501 sunt.
1032 471 1115 499 Recte
1129 475 1218 498 autem
1233 470 1301 497 dixit
1316 478 1322 495 :
1340 470 1361 498 si
1377 470 1448 497 enim
1465 470 1638 505 cognitiones
1649 471 1724 498 circa

933 518 1070 547 essentias
1083 522 1111 545 et
1126 525 1171 545 res
1190 517 1353 545 exsistentes
1369 520 1530 549 versantur,
1560 515 1632 544 Deus
1659 525 1724 545 vero

933 573 1022 600 neque
1046 565 1081 593 sit
1098 564 1126 592 in
1139 564 1269 596 essentia,
1295 570 1384 598 neque
1402 562 1476 590 aliud
1491 570 1585 590 eorum
1603 571 1664 598 quae
1675 572 1724 592 ex-

933 611 1046 644 sistunt,
1067 609 1247 646 probabiliter
1263 609 1345 637 etiam
1375 616 1484 636 omnem
1500 613 1612 644 superat
1627 610 1723 645 cogni-

933 656 1048 684 tionem.

973 702 988 738 ᾗ
1013 702 1046 730 ν.
1064 701 1156 737 Neque
1183 701 1350 737 imaginatio.
1372 700 1452 728 Aliud
1466 706 1509 729 est
1522 701 1681 736 imaginalio
1698 706 1725 730 et

934 749 1008 777 aliud
1019 749 1140 785 cognitio
1164 756 1213 777 seu
1225 748 1371 776 consilium
1389 756 1395 774 :
1413 755 1429 774 a
1447 747 1564 775 diversis
1583 749 1655 775 enim
1669 749 1725 776 vir~

935 795 1039 823 tutibus
1057 795 1135 827 ﬁunt,
1152 795 1235 823 etiam
1254 794 1420 830 proprietate
1435 794 1575 822 motionis.
1593 794 1661 823 Nam
1678 804 1722 823 co-

934 843 1029 878 gitatio
1038 846 1082 870 est
1095 841 1215 870 efﬁcacia
1231 846 1258 869 et
1272 841 1412 877 operatio;
1434 841 1593 877 imaginatio
1609 850 1673 870 vero
1682 847 1725 872 est

935 888 1028 923 passio
1046 891 1074 916 et
1091 887 1217 923 ﬁguratio
1231 887 1398 915 enuntiativa
1414 888 1524 916 sensilis
1536 889 1663 924 alicujus,
1678 895 1723 917 aut

95 931 131 964 ὡς
154 932 284 968 αἰσθητοῦ
299 940 384 964 τινος·
410 931 458 958 καὶ
472 932 489 968 ὴ
506 931 554 967 μὲν
579 930 704 967 αἴσθησις
719 929 884 965 ἀντιλαμϐά-

939 936 1064 968 tanquam
1080 933 1189 961 sensilis
1202 932 1338 968 alicujus;
1354 937 1380 960 et
1396 940 1494 961 sensus
1504 934 1613 968 quidem
1629 943 1724 970 appre-

94 988 169 1006 νεται
195 979 249 1006 τῶν
273 979 358 1006 ὅντων
380 978 451 1006 κατὰ
471 977 572 1014 ἀθρόαν
589 977 742 1014 μόρφωσιν
758 977 772 1003 ὁ
784 975 883 1008 δὲνοῦς

94 1025 261 1060 ἐφάπτεται,
290 1024 429 1052 τουτέστιν
460 1023 691 1059 ἀντιλαμϐάνεται
718 1023 772 1051 τῶν
798 1022 883 1049 ὄντων

93 1072 180 1108 ἑτέρῳ
194 1072 297 1107 τρόπῳ,
312 1071 360 1098 καὶ
388 1071 438 1106 οὐχ
457 1071 505 1106 οἴῳ
526 1069 543 1104 ἡ
568 1069 708 1106 αἴσθησις,
737 1069 805 1105 Περὶ
835 1069 883 1104 μὲν

94 1115 139 1144 οὖν
154 1118 185 1144 τὺ
204 1117 358 1153 σωματικὸν
378 1117 394 1151 ἢ
423 1115 453 1143 τδ
475 1116 669 1151 πνευματικὸν,
693 1115 710 1150 ἢ
738 1115 767 1142 ὲν
781 1113 821 1150 τῷ
834 1114 884 1146 τὰς

94 1164 234 1200 αἰσθήσεις
247 1162 316 1192 εἶναι
339 1164 386 1191 καὶ
414 1162 509 1199 πρώην
536 1162 651 1199 ἔφημεν,
678 1162 710 1190 τὺ
733 1160 884 1198 παθητικὸν

92 1212 140 1238 καὶ
164 1211 335 1247 μορφωτικὸν
360 1211 418 1237 ἐστι
440 1210 554 1246 κίνημα,
581 1209 613 1236 τὸ
638 1209 667 1236 δὲ
685 1208 806 1245 κριτικὸν
837 1208 884 1234 καὶ

91 1257 296 1294 ἀντιληπτικὺν,
312 1259 345 1293 τῇ
361 1257 433 1292 ψυχῇ
448 1258 495 1283 καὶ
513 1255 553 1292 τῷ
568 1255 606 1291 νῷ
619 1255 718 1283 δοτέον.
738 1253 823 1282 Τοῦτο
837 1251 882 1280 οὖν

91 1303 131 1339 τῷ
154 1304 205 1339 τῆς
231 1303 320 1339 ψυχῆς
346 1301 533 1338 ἀντιληπτικῷ
568 1302 615 1328 καὶ
643 1300 674 1329 τὺ
701 1299 883 1335 φανταστικὸν

92 1349 249 1378 ὑτῑοστεῖλαι
262 1349 318 1376 δεῖ”
335 1349 479 1385 διαιρεῖται
493 1347 548 1384 γὰρ
571 1347 594 1363 ¹¹⁶
616 1348 633 1384 ἡ
651 1345 819 1382 φανταστικὴ
844 1345 884 1376 είς

91 1396 167 1432 τρεῖς
184 1396 283 1432 μοίρας
293 1404 300 1411 ·
315 1394 427 1431 πρώτην
442 1394 492 1430 μὲν
507 1395 547 1425 είς
563 1393 613 1430 τὴν
639 1392 694 1420 τῶν
715 1390 883 1427 ἀντιλήψεων

91 1441 275 1477 είκονιστικὴν
291 1441 359 1477 πρὸς
371 1440 406 1467 τὰ
432 1440 560 1467 ποιοῦντα
585 1438 717 1476 αἰσθητὴν
744 1437 794 1475 τὴν
810 1437 884 1464 ἀντί-

90 1487 172 1522 ληψιν
182 1496 189 1503 ·
207 1487 337 1523 δευτέραν
351 1487 381 1513 δὲ
394 1487 444 1522 τὴν
474 1487 507 1513 ὲκ
533 1486 588 1512 τῶν
604 1485 738 1521 μενόντων
766 1483 883 1518 ἐγκατα-

89 1534 253 1570 λειμμάτων
265 1534 319 1561 ἀπὸ
332 1533 434 1560 τούτων
458 1531 678 1569 ὰνατυπωτικὴν,
711 1530 748 1566 μὴ
770 1529 883 1566 ἔχουσαν

90 1580 291 1616 ὲρηρεισμένας
305 1580 350 1606 ἐπί
372 1588 399 1606 τι
413 1579 463 1611 τὰς
490 1578 607 1610 εἰκόνας,
625 1578 659 1613 ἣν
675 1577 722 1604 καὶ
735 1576 807 1608 ἰδίως
821 1584 884 1610 φαν-

88 1628 224 1663 ταστικὴν
255 1626 384 1655 καλοῦσι·
408 1625 503 1662 τρίτην
537 1625 567 1652 ὲν
633 1625 708 1653 πᾶσα
734 1622 814 1659 ἡδονὴ
835 1622 882 1649 τοῦ

89 1673 161 1700 κατὰ
176 1673 328 1708 φαντασίαν
353 1671 493 1703 δοκοῦντος
506 1669 620 1706 ἀγαθοῦ,
636 1670 652 1706 ἢ
672 1669 812 1701 δοκοῦντος
834 1677 883 1696 κα-

91 1719 151 1752 κοῦ,
171 1718 246 1746 κατὰ
258 1718 346 1754 λύπην
374 1718 542 1744 συνίσταται.
559 1716 679 1752 Οὐδεμία
693 1715 793 1747 τοίνυν,
812 1714 883 1742 καθὰ

91 1765 211 1801 εἴρηται,
236 1763 368 1800 φαντασία
386 1763 477 1800 χώραν
503 1762 558 1799 ἔχει
586 1762 633 1789 ἐπὶ
660 1761 744 1789 Θεοῦ·
775 1761 882 1788 πάντων

90 1811 144 1847 γὰρ
159 1811 330 1844 ἁπαξαπλῶς
358 1811 427 1846 ὑπὲρ
450 1809 553 1836 ἔννοιάν
567 1809 626 1835 ἐστι
639 1808 687 1836 καὶ
702 1807 863 1843 ὑπέρκειται
873 1815 879 1821 '

90 1858 153 1892 δόξα
166 1858 196 1885 δέ
210 1858 286 1884 ἐστιν
308 1859 325 1892 ἡ
343 1858 376 1883 ὲκ
399 1856 446 1883 τοῦ
474 1855 637 1891 φαινομένου
652 1854 722 1881 κατὰ
745 1854 775 1880 τὸ
787 1852 882 1880 δοκοῦν

90 1905 179 1933 τοιάδε
193 1914 238 1937 τις
251 1904 393 1940 ὑπόληψις.

125 1996 203 2023 οὔτε
217 1994 329 2030 ἐπαφή.
364 1994 487 2030 Ἑπαφὴν
507 1992 555 2020 νῦν
570 2000 636 2028 φησι
653 1992 702 2027 τὴν
719 1989 816 2026 νοερὰν
831 1998 882 2017 κα-

90 2040 226 2076 τάληψιν·
252 2041 298 2068 καὶ
325 2040 380 2076 γὰρ
398 2041 454 2071 τοῖς
481 2039 586 2074 νοητοῖς
604 2038 651 2064 καὶ
665 2037 758 2069 ἀΰλοις
781 2036 820 2072 τῷ
845 2035 884 2070 νῷ

90 2087 250 2123 ὲπιστητῶς
273 2086 473 2117 ἐπιὸάλλοντες,
488 2084 619 2120 δοκοῦμεν
642 2083 736 2119 ὥσπερ
750 2081 884 2109 ἅπτεσθαι.

90 2133 193 2166 αὐτῶν,
211 2133 261 2160 καὶ
284 2133 328 2160 διὰ
340 2132 388 2159 τοῦ
401 2131 447 2158 νοῦ
459 2130 633 2158 αἰσθάνεσθαι
656 2129 737 2157 ὁποῖά
751 2129 829 2160 εἰσιν,
845 2127 884 2159 ὡς

91 2180 138 2207 καὶ
152 2179 199 2207 διὰ
217 2179 268 2215 τῆς
280 2179 353 2214 ἁφῆς
373 2178 428 2205 τῶν
449 2176 585 2206 αἰσθητῶν
595 2185 601 2191 ·
617 2176 664 2202 ἐπὶ
688 2175 717 2202 δὲ
740 2174 807 2201 Θεοῦ
822 2173 884 2202 οὐδὲ

90 2226 192 2262 νοερῶς
204 2224 393 2260 ὲφαπτόμεθα.

132 2271 280 2305 Ἀκλήτου
309 2271 359 2298 καὶ
392 2271 599 2304 ὑπερωνύμου.
629 2268 770 2320 Ἀκλήτου,
900 2291 923 2320 D

90 2319 152 2346 ἀντὶ
166 2318 230 2350 τοῦ,
249 2318 286 2353 μὴ
314 2316 481 2352 καλουμένου
505 2316 559 2342 τιν).
581 2314 765 2350 γνωρίσματι·
788 2312 884 2346 Αὐτὸς

89 2365 147 2399 γὰρ
161 2364 253 2392 καλεῖ
264 2364 299 2391 τὰ
308 2363 351 2399 μὴ
367 2363 449 2395 Mra,
464 2363 504 2395 ὡς
518 2362 600 2393 ὄντα,
616 2361 653 2393 ὡς
666 2360 712 2387 τὸν
726 2360 817 2395 Κῦρον
831 2358 885 2394 πρὸ

89 2411 231 2438 τοσούτων
244 2410 322 2442 ἐτῶν,
337 2410 384 2437 καὶ
403 2409 448 2436 τὸν
477 2408 592 2435 Ἰωσίαν.

134 2457 213 2485 Ἀλλ’
228 2457 311 2491 ὅπερ.
334 2457 459 2491 Ζητεῐται
477 2456 492 2482 ὁ
523 2455 593 2489 Περὶ
622 2451 798 2488 θεολογικῆς
814 2451 886 2478 ὑπο-

90 2503 256 2536 τυπώσεως
269 2502 356 2537 λόγος.

129 2549 191 2584 Τὴν
203 2549 340 2584 ὀμόθεον.
363 2549 497 2583 ὀμόθεον
511 2547 569 2579 πῶς
593 2546 666 2581 λέγει
681 2542 731 2578 τὴν
747 2545 883 2580 παναγίαν

91 2595 207 2631 Τριὰδα.

133 2641 378 2677 Ἀττελοπρεπετς
401 2641 532 2673 ἐνώσεις.
554 2638 646 2666 Εἰπὼν
670 2638 734 2674 περκ¹
748 2637 795 2664 τοῦ
805 2636 884 2668 Θεοῦ,

92 2689 132 2715 ὅτι
155 2687 318 2724 ἀνεννόητος
345 2688 412 2723 ἡμῖν
440 2687 498 2713 ἐστι
525 2686 572 2713 καὶ
598 2684 760 2720 ἄφθεγκτος,
791 2684 823 2710 ὲκ
836 2682 883 2709 τοῦ

93 2734 238 2765 ἐλάττονος
251 2733 342 2760 λοιπὸν
365 2733 396 2760 τὸ
411 2733 475 2768 περὶ
496 2731 563 2759 Θεοῦ
592 2730 760 2765 συνίστησιν·
777 2730 802 2755 εἰ
830 2728 885 2765 γὰρ

147 2812 160 2831 τι
183 2811 263 2838 Rom.
281 2820 316 2846 tv,
336 2812 376 2839 l7.

933 980 1029 1007 hendit
1043 987 1088 1007 res
1112 979 1262 1007 secundum
1292 978 1481 1006 formationem
1511 979 1539 1006 in
1561 989 1645 1008 unum
1661 989 1725 1008 coa-

933 1030 1024 1059 ctam;
1053 1034 1132 1054 tnens
1147 1033 1212 1053 vero
1238 1026 1356 1060 attingit.
1373 1025 1400 1052 id
1420 1030 1463 1053 est
1487 1026 1667 1061 apprehendit
1680 1035 1725 1056 res

934 1071 988 1099 alio
1003 1072 1095 1105 modo,
1110 1075 1138 1100 et
1149 1079 1203 1099 non
1222 1071 1295 1099 sicut
1316 1078 1426 1099 sensus.
1453 1070 1533 1099 Circa
1562 1079 1725 1109 corporeum

933 1117 1043 1155 quidem
1056 1122 1084 1146 et
1106 1118 1238 1153 spiritale,
1263 1121 1312 1144 aut
1336 1117 1364 1144 in
1378 1125 1434 1152 quo
1462 1124 1560 1145 sensus
1573 1125 1636 1146 esse
1653 1119 1726 1153 jam-

934 1163 1038 1191 dudum
1058 1163 1190 1196 diximus,
1205 1163 1346 1199 passibilis
1357 1169 1385 1191 et
1400 1163 1552 1191 formabilis
1566 1169 1608 1192 est
1623 1166 1723 1198 motio;

933 1209 1002 1237 illud
1026 1213 1129 1243 autem,
1145 1209 1219 1245 quod
1235 1209 1290 1236 vim
1315 1209 1459 1244 judicandi
1473 1212 1501 1237 et
1515 1211 1663 1245 recipiendi
1681 1212 1724 1238 ha-

933 1256 992 1289 bet,
1004 1256 1103 1284 animae
1128 1256 1206 1291 102
1221 1260 1249 1284 et
1276 1256 1360 1283 menti
1378 1255 1582 1284 concedendum
1595 1261 1648 1285 est.
1668 1256 1725 1285 [loc

934 1301 1017 1337 igitur
1045 1306 1073 1329 et
1100 1301 1307 1336 imaginativum
1337 1301 1372 1329 ad
1398 1301 1526 1329 virtutem
1556 1303 1726 1339 suscipiendi

934 1348 1033 1376 anima:
1047 1348 1210 1376 contrahere
1236 1352 1362 1383 oportet;
1393 1348 1525 1376 dividitur
1536 1349 1609 1377 enim
1624 1350 1724 1386 imagi-

933 1394 1017 1422 nandi
1032 1393 1150 1422 facultas
1161 1395 1188 1422 in
1203 1399 1260 1422 tres
1277 1399 1390 1430 partes:
1415 1395 1532 1430 primam
1554 1396 1676 1431 quidem,
1697 1397 1726 1424 itt
1764 1430 1766 1435 ι

933 1448 994 1468 eam
1008 1448 1068 1476 quae
1096 1441 1284 1476 receptionum
1307 1441 1440 1477 imagines
1461 1441 1560 1469 format
1574 1442 1600 1469 in
1616 1442 1650 1471 iis
1665 1451 1726 1478 quae

934 1487 1063 1515 sensilem
1096 1487 1217 1516 etllciunt
1246 1487 1449 1522 receptionem;
1479 1488 1629 1516 secundam
1647 1497 1723 1522 vero,

933 1540 993 1560 eam
1018 1540 1079 1568 quae
1102 1540 1136 1560 ex
1150 1532 1272 1568 reliquiis
1282 1531 1360 1561 abiis
1374 1534 1549 1561 manentibus
1572 1534 1725 1563 reformare

934 1579 1017 1613 valet,
1029 1587 1084 1607 non
1104 1579 1209 1609 habens
1224 1578 1326 1607 solidas
1343 1579 1370 1606 in
1382 1578 1474 1614 aliquo
1489 1579 1631 1615 imagines,
1643 1588 1726 1616 quam

934 1626 1045 1662 proprie
1061 1626 1266 1662 imaginativam
1282 1629 1398 1659 vocant;
1427 1625 1548 1658 tertiam,
1566 1625 1593 1653 in
1607 1634 1660 1661 qua
1677 1634 1726 1654 vo—

933 1673 1025 1708 luptas
1040 1673 1131 1702 omnis
1145 1673 1206 1707 ejus
1221 1672 1294 1707 quod
1321 1671 1472 1700 secundum
1501 1672 1725 1707 imaginationem

933 1719 1035 1747 bonum
1050 1718 1170 1750 videtur,
1195 1724 1242 1745 aut
1267 1718 1340 1753 quod
1364 1717 1514 1746 secundum
1529 1718 1651 1746 dolorem
1664 1727 1725 1746 ma-

932 1765 989 1793 lum
1003 1769 1142 1798 censetur,
1163 1764 1307 1798 consistit;
1333 1764 1407 1791 nulla
1423 1764 1516 1800 igitur,
1529 1764 1601 1791 sicut
1620 1765 1725 1793 dictum

933 1814 986 1843 est,
1001 1811 1160 1846 imaginatio
1182 1811 1271 1838 locum
1290 1810 1318 1837 in
1334 1809 1389 1838 Deo
1406 1809 1504 1844 habet;
1521 1814 1564 1838 est
1575 1811 1648 1838 enim
1663 1818 1724 1838 om--

933 1857 1000 1885 nino
1019 1864 1104 1892 supra
1119 1856 1243 1884 omnium
1255 1856 1457 1891 cogitationem,
1475 1862 1501 1883 et
1526 1858 1723 1892 supereminet;

933 1904 1025 1939 opinio
1040 1907 1130 1932 autem
1140 1908 1181 1931 est
1190 1904 1252 1931 talis
1265 1911 1298 1931 ex
1313 1903 1446 1938 probabili
1461 1904 1612 1932 secundum
1628 1905 1726 1933 existi-

933 1950 1080 1979 mationem
1097 1950 1266 1985 conjectura.

970 1996 1060 2031 Neque
1072 2001 1169 2024 tactus.
1187 1995 1301 2023 Tactum
1318 1996 1399 2024 modo
1420 1997 1538 2032 appellat
1551 1997 1726 2025 intellectua-

934 2042 986 2070 lem
997 2042 1268 2078 comprehensionem
1281 2052 1287 2069 :
1302 2050 1365 2069 nam
1392 2046 1483 2070 tuente
1509 2043 1726 2078 intelligibilihus

934 2091 961 2116 et
990 2088 1218 2115 immaterialibus
1249 2087 1456 2120 incumbentes,
1479 2087 1603 2115 videntur
1631 2088 1724 2122 aliquo

934 2133 1016 2163 modo
1029 2134 1088 2170 ipsa
1115 2137 1227 2169 tangere
1251 2138 1278 2161 et
1300 2141 1348 2168 per
1373 2138 1489 2160 metttcnt
1515 2133 1618 2160 sentire
1632 2134 1725 2170 qualia

937 2181 1007 2213 sint,
1029 2180 1101 2206 sicut
1117 2187 1165 2215 per
1181 2183 1338 2208 contactum
1355 2179 1509 2211 sensilium,
1531 2179 1558 2206 in
1582 2178 1637 2206 Deo
1653 2179 1684 2215 [ἱ.
1699 2188 1723 2209 e.

934 2225 1030 2262 Deum]
1048 2229 1138 2253 autem
1158 2233 1192 2254 ne
1206 2225 1314 2261 quidem
1331 2229 1421 2253 mente
1435 2225 1633 2260 contingimus.

971 2271 1033 2299 Sine
1048 2271 1151 2298 nomine
1165 2275 1190 2298 et
1204 2279 1285 2306 supra
1301 2271 1475 2298 nomen.Sine
1492 2271 1613 2301 nomine,
1625 2271 1722 2306 inquit.

937 2322 997 2350 pro,
1013 2314 1083 2342 Deus
1100 2314 1174 2341 nttlla
1188 2315 1299 2342 notione
1318 2315 1484 2350 appellatur:
1497 2315 1556 2349 Ipse
1566 2316 1635 2342 enim
1646 2323 1722 2343 vocat

937 2368 968 2387 ea
979 2368 1037 2394 quae
1050 2368 1102 2386 non
1117 2364 1187 2391 sunt,
1205 2365 1330 2394 tanquam
1345 2368 1376 2386 ea
1389 2368 1446 2395 qua:
1466 2364 1527 2387 sunt
1545 2359 1572 2393 ἀ,
1587 2360 1658 2388 sicut
1671 2361 1725 2396 Cy-

938 2414 998 2434 rum
1015 2409 1090 2433 tanto
1108 2410 1170 2433 ante
1183 2410 1315 2441 tempore,
1331 2410 1357 2432 et
1370 2406 1485 2434 Josiam.

975 2451 1026 2480 Sed
1044 2456 1082 2479 ut.
1111 2451 1287 2480 Desideratur
1314 2453 1383 2481 liber
1409 2452 1447 2479 De
1469 2452 1614 2488 theologica
1642 2453 1725 2489 hypo-

939 2498 1032 2534 typasi.

972 2543 1059 2572 Simul
1075 2543 1168 2571 Deum.
1184 2543 1327 2577 Quomodo
1351 2547 1432 2573 voeel
1446 2545 1649 2573 sanctissimam
1667 2546 1725 2573 Tn-

937 2591 1046 2618 nitatem
1057 2590 1220 2619 una-Deum.

974 2637 1176 2672 Conjunctiones
1206 2645 1265 2673 qum
1291 2637 1390 2673 angelis
1417 2639 1582 2666 conveniunt.
1605 2638 1674 2665 Cum
1691 2638 1725 2665 de

938 2683 994 2711 Deo
1008 2684 1134 2718 dixisset,
1157 2692 1220 2712 eum
1251 2684 1331 2712 nobis
1362 2692 1424 2712 esse
1444 2683 1683 2720 inconceptibilent
1698 2689 1724 2710 et

937 2730 1115 2761 iuetlabilem.
1155 2738 1169 2758 a
1197 2732 1296 2759 minori
1312 2735 1408 2767 postea
1432 2731 1549 2759 deducto
1563 2734 1724 2766 argumento

572 2861 688 2890 VARUS
706 2857 897 2887 [.ECTIONES
915 2857 959 2886 ΕΤ
972 2858 1194 2892 ,CORRECTION
1197 2861 1238 2888 ES

120 2933 205 2963 ⁷⁸6έ.

196 2981 334 3012 Pauca.
352 2980 410 3012 Gn.
429 2982 471 3016 ιν
