1926 3062
210 168 263 198 2υῦ

598 164 768 196 APPENDIX
785 167 830 195 AD
851 165 965 195 OPERA
982 167 1010 196 S.
1028 163 1177 195 DIONYSII
1195 164 1437 195 AREOPAGlT/E.

1778 167 1825 194 2οδ

209 231 353 258 contlrmat
381 229 406 256 id
423 227 496 264 quod
509 228 543 255 de
558 227 613 256 Deo
628 228 750 260 dixerat;
778 227 801 253 si
821 227 893 254 enim
915 226 993 254 nobis

1048 226 1079 252 τὰ
1103 226 1166 261 περὶ
1182 226 1234 252 τῶν
1248 225 1370 259 ἀγγέλων
1384 226 1450 260 ἡμῖν
1475 224 1602 259 ἄγνωστά
1617 224 1686 255 ἐστι,
1714 223 1740 249 τί
1768 226 1826 260 περὶ

211 277 302 312 ignota
317 279 382 303 sunt
395 282 456 310 qua:
469 274 573 309 angelis
588 274 708 308 propria,
721 273 785 308 quid
801 272 833 299 de
846 272 900 299 Deo
912 273 996 299 ratio-

210 321 380 349 cinandum?
393 321 464 348 Dixit
477 328 542 356 ergo
557 320 698 355 angelicas
713 320 896 353 operationcs,
914 326 996 353 quas-

212 369 273 396 dam
297 376 358 395 esse
372 367 520 395 eﬂusiones
534 366 633 393 divinae
659 365 808 398 bonitatis;
827 373 874 399 per
901 364 996 390 ἐπιϐο-

211 415 260 450 λήν
274 419 363 442 autem
381 413 584 449 intelligendum
609 416 661 443 est,
683 411 830 438 motionem
858 410 995 438 indivisim

211 461 326 489 divisam
350 460 378 486 in
394 467 484 487 rerum
516 459 711 494 productarum
729 457 872 489 unitatem,
903 457 931 483 id
953 460 996 484 est

211 507 238 534 in
253 506 469 541 uniuscujusque
493 504 703 539 intelligibilium
719 503 935 539 productionem.
950 501 996 529 Li-

210 557 254 580 cet
269 560 350 587 porro
373 552 418 579 hic
430 552 511 579 etiam
540 551 703 586 intelligere,
729 550 825 577 modos
842 550 995 576 unitionum

211 607 273 626 cum
291 598 354 632 Deo,
381 602 513 633 quantum
542 597 669 624 convenit
699 596 810 630 angelos
835 594 889 622 Deo
911 595 994 626 uniri,

210 645 360 673 secundum
377 652 458 680 quam
471 651 532 671 cum
545 643 599 671 Deo
624 643 762 673 unionem,
775 646 821 668 aut
834 641 996 668 incumbunt

207 690 287 725 juxta
317 690 455 724 propriam
480 688 642 724 dignitatem
667 687 766 715 divina:
791 686 919 718 bonitati,
949 690 996 713 aut

209 735 364 771 suscipiunt
377 735 411 762 ab
427 735 487 770 ipso
500 734 630 762 bonitatis
644 733 704 768 ejus
728 732 937 763 revelationem;
955 735 991 758 at-

208 789 262 817 que
275 781 312 808 ita
327 779 520 816 comprehendi
536 784 683 814 nequeunt,
700 785 754 805 non
770 778 858 804 solum
874 785 889 803 a
904 777 993 807 nobis,

209 834 304 855 verum
325 834 415 861 neque
439 825 475 853 ab
492 825 671 853 inferioribus
688 823 809 859 angelis;
834 823 881 850 sed
899 830 913 849 a
930 823 995 851 solis

209 873 346 908 supremis
375 872 479 908 angelis
507 875 728 907 cognoscuntur,
757 874 886 904 tanquam
917 870 995 905 103

1046 272 1092 298 τοῦ
1108 272 1175 299 Θεοῦ
1200 272 1353 306 λογιστέον;
1382 271 1464 306 φησὶν
1487 268 1544 302 οὖν,
1571 269 1612 296 ὅτι
1635 271 1663 296 αἱ
1691 271 1827 305 ἀγγελικαὶ

1046 318 1231 354 δημιουργίαι,
1247 316 1290 345 οἷά
1307 319 1378 350 τινές
1400 319 1468 344 εἰσιν
1493 317 1616 344 ἐπιϐολαὶ
1631 318 1680 353 τῆς
1702 319 1747 345 τοῦ
1765 319 1826 347 Θεοῦ

1046 365 1228 400 ἀγαθότητος·
1245 365 1372 401 ἐπιϐολὴν
1387 365 1417 391 δὲ
1432 365 1551 400 νοητέον,
1568 365 1617 400 τὴν
1632 365 1672 396 εἰς
1687 365 1717 391 τὸ
1732 365 1788 392 καθ’
1801 366 1827 392 ἒν

1045 411 1099 438 τῶν
1128 411 1324 448 παραγομένων
1343 411 1524 448 μεριζομένην
1543 411 1653 447 ἀμερῶς
1675 412 1780 447 κίνησιν
1795 411 1827 446 ⁷⁷,

1045 458 1183 484 τουτέστιν
1200 459 1239 489 εἰς
1252 458 1301 493 τὴν
1317 458 1430 484 ἑκάστου
1446 457 1500 484 τῶν
1527 458 1628 493 νοητῶν
1654 459 1827 494 παραγωγήν.

1047 503 1161 530 Δυνατὸν
1175 503 1202 530 δὲ
1214 504 1261 530 καὶ⁹
1273 502 1345 530 οὕτω
1363 504 1469 538 νοῆσαι,
1485 504 1526 530 ὅτι
1541 505 1565 530 οἱ
1586 503 1683 539 τρόποι
1696 504 1750 530 τῶν
1767 503 1830 540 πρὸς

1046 549 1111 576 Θεὸν
1128 549 1260 581 ἐνώσεων,
1292 549 1407 576 καθόσον
1435 549 1537 585 πρέπει
1562 549 1695 584 ἀγγέλους
1709 549 1829 577 ἑνοῦσθαι

1045 594 1114 630 Θεῷ,
1131 595 1191 622 καθ’
1206 595 1239 630 ἣν
1254 596 1321 630 πρὸς
1334 596 1399 622 Θεὸν
1415 595 1521 627 ἕνωσιν,
1542 596 1558 632 ἢ
1575 596 1747 622 ἐπιϐάλλουσι
1760 596 1827 623 κατὰ

1046 640 1093 676 τὴν
1107 640 1208 667 οἰκείαν
1233 641 1310 674 ἀξίαν
1337 643 1371 677 τῇ
1396 641 1540 677 ἀγαθότητι
1564 641 1611 668 τοῦ
1631 642 1708 675 Θεοῦ,
1736 643 1752 678 ῆ
1775 651 1824 669 πα-

1048 687 1202 722 ραδέχονται
1221 688 1286 723 παρ’
1301 687 1382 714 αὐτοῦ
1405 688 1456 722 τῆς
1481 688 1648 724 ἀγαοότητος
1671 688 1754 715 αὑτοῦ
1782 690 1829 724 τὴν

1045 732 1230 767 ἀποκάλυψιν·
1253 734 1299 760 καὶ
1318 733 1405 766 οὕτως
1428 735 1614 770 ἀκατάληπτοί
1643 737 1711 762 εἰσιν
1734 736 1764 762 οὐ
1783 736 1830 772 μό-

1045 787 1089 805 νον
1113 779 1186 814 ἡμῖν,
1205 779 1272 806 ἀλλά
1297 780 1344 807 καὶ
1366 782 1421 812 τοῖς
1441 782 1605 817 κατωτέροις
1625 783 1766 816 ἀγγέλοις·
1784 783 1830 818 μό-

1045 833 1101 856 νοις
1128 825 1156 851 δὲ
1183 826 1238 856 τοῖς
1263 826 1391 852 ἀνωτάτω
1420 826 1546 861 ἀγγέλοις
1573 828 1761 862 γινώσκονται,
1785 829 1831 856 ἅτε

1045 870 1206 906 ἠξιωμένοις
1219 871 1264 897 τὸν
1278 872 1422 907 εἰρημένον
1436 872 1536 908 τρόπον
1564 873 1617 900 τῶν
1635 874 1767 901 ένὼσεων.
1788 875 1833 901 Ἑν

209 919 298 954 dignis
316 918 390 945 dicto
408 917 563 944 unitionum
590 917 681 944 modo.
707 915 736 943 In
756 916 824 943 libro
840 919 931 943 autem
956 916 993 943 De

1048 917 1074 943 δὲ
1090 916 1128 951 τῷ
1143 918 1211 951 Περὶ
1226 917 1281 951 τῆς
1298 919 1439 952 οὐρανίας
1458 920 1608 954 Ιεραρχίας
1622 920 1693 956 λόγῳ
1708 921 1774 957 φησὶ
1787 922 1833 948 καὶ

208 965 307 992 caelesti
334 963 482 991 hierarchia
513 963 652 998 angelicas
678 970 786 997 quoque
812 961 924 990 ordines
952 970 995 989 re-

208 1015 310 1039 censet.

245 1057 325 1084 llisce
349 1056 499 1091 deiformes.
524 1055 576 1082 Per
603 1060 707 1082 mentes
740 1054 902 1086 deisimiles,
925 1062 994 1089 quas

209 1102 363 1138 angelorum
395 1102 542 1128 imitatione
567 1101 615 1132 ait,
642 1105 776 1135 quantum
803 1100 912 1135 assequi
931 1107 994 1135 pos-

209 1153 275 1176 sunt
291 1148 353 1175 duci
366 1148 393 1174 in
409 1147 559 1175 unitionem
584 1150 740 1174 sanctarum
764 1147 906 1178 virtutum,
925 1154 994 1181 quas

208 1196 325 1223 virtutes
347 1198 427 1221 antea
458 1193 566 1221 vocavit
591 1193 719 1227 angelos;
745 1191 915 1226 intelligendi
931 1195 994 1219 sunt

208 1240 594 1276 theologinostri,prophetze.
613 1239 735 1273 inquam,
751 1246 778 1266 et
793 1238 925 1273 apestoli;
939 1246 994 1265 non

209 1295 271 1315 esse
283 1294 348 1314 vero
368 1286 402 1313 de
421 1286 524 1320 angelis
539 1285 740 1319 conjiciendum
767 1284 884 1311 maxime
901 1291 935 1311 ex
952 1284 995 1311 di-

209 1333 300 1360 ctione
327 1330 554 1366 ἀγγελομιμήτως
580 1333 662 1365 patet.
691 1330 811 1364 Angelus
837 1330 911 1356 enim
939 1337 994 1356 non

208 1378 332 1405 imitatur
345 1377 487 1413 angelum;
512 1376 565 1404 sed
581 1377 604 1404 is
626 1376 673 1410 qui
696 1375 808 1403 inferior
821 1379 872 1402 est.
886 1375 993 1403 Vocans

208 1428 300 1451 autem
319 1423 461 1458 theologos
494 1427 603 1454 mentes,
633 1422 701 1449 dixit
729 1429 775 1449 eos
811 1429 860 1456 pro
891 1421 994 1449 viribus

207 1469 360 1505 pertingere
383 1468 417 1495 ad
441 1469 552 1503 angelos
570 1468 722 1495 imitantem
745 1475 806 1494 cum
823 1466 877 1494 Deo
893 1467 994 1494 unitio-

207 1523 282 1549 nem,
296 1516 343 1550 qui
359 1522 407 1550 per
421 1514 602 1542 cessatiOnem
620 1513 710 1541 omnis
730 1513 874 1540 mundana:
903 1513 988 1540 eﬁica-

208 1561 257 1588 cia:
268 1561 304 1588 dii
318 1560 436 1588 evadunt
448 1569 455 1594 ;
473 1561 501 1587 in
513 1559 728 1595 intelligibilibus
743 1559 815 1586 enim
829 1564 920 1586 motus
934 1567 994 1586 om-

207 1608 251 1636 nis
265 1611 292 1635 et
306 1607 425 1634 eﬂicacia
454 1606 555 1639 omnis,
585 1609 612 1633 et
636 1605 713 1640 quies
739 1605 828 1633 omnis
849 1605 994 1634 ellicaciter

206 1654 325 1684 exsistit,
343 1658 425 1689 atque
455 1653 489 1680 ad
511 1651 707 1688 perfectionem
725 1659 810 1679 unum
833 1651 993 1680 eﬂicientem

207 1707 290 1727 manu
309 1700 403 1732 ducit;
420 1707 466 1726 seu
481 1698 509 1725 in
524 1698 631 1725 aeternis
645 1702 672 1725 et
684 1698 852 1732 incorpore-is
875 1698 954 1732 quies
968 1701 995 1725 ct

207 1746 392 1781 tranquillitas
423 1749 506 1781 atque
533 1744 658 1773 clﬁcaciae
674 1744 792 1772 cessatio
817 1745 993 1777 exsistenles,

207 1792 315 1826 operari
331 1791 482 1819 secundum
497 1794 623 1817 naturam
655 1789 770 1823 faciunt,
786 1789 857 1825 quod
874 1790 994 1825 disponit

209 1836 243 1863 ad
267 1836 462 1863 vacuitatema
477 1835 575 1864 turbis.
610 1839 636 1863 et
661 1835 856 1871 perfectionem
881 1835 908 1862 in
933 1835 995 1862 uni~

208 1886 274 1909 tale.

243 1927 435 1955 Cessatianem.
468 1926 638 1962 lmpossibile
650 1927 724 1956 enim
739 1931 781 1955 est
795 1927 866 1954 uniri
881 1925 947 1959 Deo,
968 1931 995 1954 et

207 1973 294 2001 Deum
312 1973 403 2008 aliquo
415 1972 497 2000 modo
511 1980 583 2005 esse,
600 1972 656 2000 nisi
679 1980 694 1999 a
719 1972 906 2000 malerialibus
929 1980 995 2008 ope-

207 2020 362 2048 rationibus
379 2023 513 2051 cessetur,
532 2022 589 2046 tum
606 2020 634 2046 in
654 2026 748 2052 sensu,
764 2023 820 2046 tum
847 2019 876 2046 in
892 2022 992 2047 mente.

244 2107 341 2135 Rerum
356 2107 500 2135 ablatione.
515 2108 687 2135 Ablationem
702 2108 826 2135 omnium
840 2115 931 2135 rerum
945 2115 995 2136 vo-

208 2159 263 2187 cat,
278 2162 339 2182 cum
370 2162 462 2181 rerum
491 2154 565 2180 nulla
596 2153 717 2180 divinam
734 2158 859 2181 naturam
885 2162 995 2190 compa-

208 2209 287 2233 rare;
313 2200 359 2228 sed
377 2199 455 2231 dicit,
482 2207 570 2235 neque
592 2207 653 2227 esse
679 2207 795 2234 corpus,
812 2207 901 2235 neque
918 2200 996 2228 habi-

209 2252 276 2275 tum.
292 2254 381 2281 neque
394 2247 534 2276 virtutem.
547 2250 574 2274 et
589 2246 693 2281 reliqua
706 2246 809 2280 omnia,
823 2247 894 2274 sicut
911 2246 939 2273 in
950 2254 994 2275 se-

208 2291 354 2326 quentibus
371 2291 544 2326 signiﬁcavit.

244 2336 305 2371 Ipse
319 2345 377 2364 vero
400 2337 474 2364 nihil.
490 2337 574 2365 Deum
605 2338 673 2365 nihil
688 2346 758 2370 esse.
784 2338 822 2365 ita
838 2338 992 2374 intelligen—

207 2383 272 2410 dum
286 2386 339 2416 est,
360 2387 389 2410 ut
413 2383 481 2410 nihil
509 2383 544 2411 sit
570 2391 663 2411 eorum
690 2392 751 2418 quae
776 2388 854 2418 sunt;
882 2389 994 2419 superat

208 2428 279 2455 enim
305 2429 397 2456 omnia
421 2437 482 2464 qua:
509 2433 584 2461 sunt,
617 2437 681 2456 cum
711 2430 746 2458 sit
762 2430 885 2457 omnium
901 2438 992 2458 rerum

207 2482 307 2508 causa;
323 2475 384 2502 ideo
407 2474 479 2504 Deus
493 2480 520 2502 et
535 2475 636 2510 ubique
657 2480 684 2503 et
714 2476 809 2503 nullibi
825 2484 886 2504 esse
900 2476 935 2503 ab
960 2477 993 2504 iis

208 2520 254 2555 qui
268 2521 302 2548 de
313 2520 369 2548 Deo
389 2525 474 2556 agunt
502 2521 620 2555 dicitur;
655 2522 784 2556 quoniam
816 2522 899 2557 igitur
924 2530 992 2550 nus-

207 2574 299 2601 quam,
315 2567 408 2594 omnia
423 2567 532 2602 quidem
545 2575 593 2602 per
608 2567 697 2602 ipsum
711 2572 738 2594 et
753 2568 780 2594 in
795 2567 866 2602 ipso,
896 2573 925 2595 ut
945 2569 992 2604 qui

209 2621 262 2640 non
279 2614 314 2641 sit
329 2614 479 2648 quidquam
493 2613 865 2649 universorum.Rursusque
878 2614 906 2641 in
920 2615 990 2650 ipso,

209 2665 236 2686 nt
249 2660 294 2694 qui
311 2659 412 2694 ubique
430 2659 482 2692 sit;
504 2662 601 2685 caetera
630 2666 696 2685 vero
721 2658 811 2685 omnia
829 2659 990 2694 peripsum,

207 2706 270 2740 quia
298 2706 356 2741 ipse
384 2713 530 2740 nusquam,
547 2709 574 2731 et
589 2704 715 2732 universa
727 2705 836 2740 quidem
863 2707 989 2740 complet,

1045 962 1095 994 τὰς
1107 962 1197 995 τάξεις
1209 963 1258 995 τὰς
1274 964 1431 999 ἀγγελικάς.

1083 1052 1206 1086 Ταύταις
1219 1054 1247 1079 οἱ
1267 1053 1415 1086 θεοειδεῖς.
1440 1054 1509 1086 Τοὺς
1537 1054 1662 1086 θεοειδεῖς
1685 1055 1756 1088 νόας,
1785 1056 1834 1089 οὓς

1044 1097 1285 1132 ἀγγελομιμήτως
1308 1100 1387 1135 φησι,
1413 1100 1473 1126 καθ’
1500 1100 1562 1127 ὅσον
1593 1101 1763 1136 ἐφικνοῦνται
1792 1105 1833 1136 εις

1044 1145 1140 1171 ἕνωσιν
1155 1145 1269 1179 ἄγεσθαι
1296 1146 1349 1172 τῶν
1375 1147 1460 1181 ἁγίων
1485 1147 1635 1183 δυνάμεων,
1653 1147 1686 1179 ἃς
1703 1148 1834 1184 δυνάμεις

1044 1191 1175 1226 ἀγγέλους
1200 1194 1330 1228 προεῖπε·
1355 1193 1418 1225 τοὺς
1441 1193 1501 1220 καθ’
1516 1194 1589 1229 ἡμᾶς
1613 1194 1752 1229 θεολόγους
1771 1204 1833 1231 νοη-

1043 1237 1103 1264 τέον
1118 1237 1151 1270 ",
1168 1239 1310 1274 προφήτας
1324 1239 1355 1266 τέ
1369 1248 1438 1275 φημι
1454 1240 1500 1266 καὶ
1520 1240 1685 1272 ἀποστόλους
1696 1249 1703 1256 ·
1732 1241 1762 1268 οὐ
1776 1241 1834 1278 γὰρ

1043 1283 1075 1318 δὴ
1091 1284 1258 1319 ὑποληπτέον
1273 1285 1413 1319 ἀγγέλους,
1431 1285 1546 1321 μάλιστα
1562 1287 1593 1313 ἐκ
1615 1286 1662 1314 τοῦ
1678 1288 1831 1324 (irruam-

1041 1329 1152 1363 μήτως,
1168 1332 1253 1358 εἰπεῖν
1266 1339 1272 1346 ·
1294 1332 1407 1365 ἄγγελος
1431 1332 1485 1368 γὰρ
1505 1333 1617 1367 ἄγγελον
1636 1334 1666 1360 οὺ
1696 1337 1832 1370 μιμεῖται,

1044 1375 1100 1402 ἀλλ’
1112 1377 1125 1402 ὁ
1137 1376 1254 1403 ἐλάττων
1265 1386 1271 1392 ·
1288 1378 1361 1411 νόας
1376 1378 1409 1405 δὲ
1426 1378 1515 1405 καλῶν
1537 1381 1599 1412 τοὺς
1612 1380 1762 1415 θεολόγους,
1780 1382 1834 1418 τῆς

1044 1422 1263 1459 ἀγγελομιμήτου
1280 1423 1401 1456 ὲνώσεως
1425 1425 1493 1461 ’πρὸς
1507 1426 1572 1452 Θεὸν
1601 1427 1699 1458 αὐτοὺς
1715 1427 1766 1463 ἔφη
1777 1429 1835 1463 ἐφι-

1044 1468 1173 1501 κνεῖσθαι,
1190 1469 1228 1501 ὠς
1243 1470 1365 1503 δυνατὸν,
1390 1471 1460 1498 κατὰ
1483 1472 1639 1499 ἀπόπαυσιν
1655 1473 1744 1509 πάσης
1755 1475 1834 1510 ἐνερ-

1044 1514 1120 1548 γείας
1135 1516 1269 1551 κοσμικῆς
1279 1516 1475 1552 ἐκθεουμένους
1487 1527 1493 1532 ·
1509 1519 1555 1544 ἐπὶ
1570 1518 1624 1554 γὰρ
1652 1519 1706 1545 τῶν
1731 1521 1835 1555 νοερῶν

1044 1561 1098 1587 πᾶν
1115 1561 1218 1597 κίνημα
1240 1563 1288 1589 καὶ
1303 1564 1377 1590 πᾶσα
1408 1564 1542 1600 ἐνέργεια,
1558 1566 1605 1591 καὶ
1629 1566 1702 1591 πᾶσα
1729 1566 1836 1602 ἠρεμία

1006 1593 1028 1621 C
1044 1607 1163 1643 ἐνεργῶς
1172 1593 1246 1640 Em,
1274 1609 1321 1635 καὶ
1344 1609 1412 1644 πρὸς
1433 1593 1587 1646 τελειότητα
1601 1611 1720 1637 ἑνοποιὸν
1739 1593 1836 1648 instipu-

1043 1652 1182 1686 γωγοῦσα,
1199 1655 1255 1687 εἴγε
1277 1655 1306 1681 ὲν
1322 1657 1379 1686 τοῖς
1411 1656 1529 1688 αἰωνίοις
1552 1657 1598 1683 καὶ
1623 1657 1779 1692 ἀσωμάτοις
1806 1660 1836 1685 αἱ

1043 1695 1120 1724 οὖσαι
1144 1699 1257 1734 ἠρεμίαι
1285 1701 1332 1727 καὶ
1359 1702 1479 1736 ἡσυχίαι,
1505 1703 1552 1728 καὶ
1572 1702 1625 1729 τῶν
1645 1703 1789 1739 ἐνεργειῶν
1805 1705 1836 1731 αἱ

1043 1744 1220 1778 ἀποπαύσεις,
1233 1747 1263 1773 τὸ
1277 1747 1347 1773 κατὰ
1362 1748 1441 1782 φύσιν
1458 1748 1585 1783 πράττειν
1611 1750 1741 1782 ποιοῦσιν,
1765 1751 1837 1786 ὅπερ

1044 1790 1102 1817 ἐστῖ
1116 1791 1166 1826 τῆς
1188 1793 1335 1828 ἀοχλησίας
1349 1794 1371 1810 ⁷⁹
1387 1795 1433 1820 καὶ
1444 1794 1610 1830 τελειότητος
1621 1796 1661 1827 εἰς
1672 1796 1751 1822 ἑνάδα
1766 1797 1838 1831 πρό-

1045 1836 1128 1869 ξενον,

1086 1917 1276 1944 Ἁπόπαυσιν.
1310 1918 1450 1945 Ἀδύνατον
1473 1919 1527 1955 γὰρ
1549 1920 1680 1955 ἐνωθῆναι
1699 1920 1769 1956 Θεῷ,
1786 1923 1839 1950 καὶ⁷

1044 1963 1109 1990 Θεὸν
1122 1965 1221 2000 τρόπον
1235 1964 1296 1991 τινὰ
1309 1965 1444 1999 γενέσθαι,
1460 1967 1484 1992 εἰ
1509 1967 1545 2002 μὴ
1572 1967 1705 1994 παύσεταί
1719 1977 1760 2000 τις
1779 1969 1839 1996 τῶν

1045 2010 1143 2037 ὑλικῶν
1158 2011 1301 2046 ἐνεργειῶν
1319 2011 1389 2038 κατὰ
1413 2020 1443 2038 τε
1472 2012 1596 2048 αἴσθησιν
1623 2014 1669 2041 καὶ
1692 2014 1763 2042 κατά
1776 2015 1841 2043 διά.-

1044 2065 1127 2083 νοιαν.

1082 2102 1143 2129 Τῶν
1180 2103 1274 2129 ὄντων
1306 2102 1498 2139 ἀφαιρέσεως.
1535 2106 1689 2142 Ἀφαίρεσιν
1723 2107 1840 2137 πάντων

1043 2147 1098 2175 τῶν
1113 2149 1196 2176 ὄντων
1220 2150 1297 2176 καλεῖ
1324 2151 1354 2177 τὸ
1370 2151 1439 2186 πρὸς
1458 2151 1539 2187 μηδὲν
1565 2153 1619 2179 τῶν
1643 2152 1727 2180 ὄντων
1741 2160 1840 2190 παρα-

1045 2195 1151 2223 ϐάλλειν
1182 2196 1212 2222 τὸ
1234 2196 1316 2228 θεῖον,
1338 2197 1405 2224 ἀλλά
1432 2197 1515 2232 λέγει,
1539 2199 1580 2224 ὅτι
1611 2199 1640 2225 οὺ
1668 2199 1764 2234 σῶμα,
1782 2200 1841 2236 οὐχ

1009 2265 1032 2293 D
1046 2241 1111 2276 ἕξις,
1128 2243 1158 2269 οὑ
1173 2243 1297 2278 δύναμις,
1313 2243 1360 2271 καὶ
1383 2244 1418 2270 τὰ
1447 2244 1528 2271 λοιπά
1553 2245 1653 2277 πάντα,
1669 2245 1760 2278 καθὼς
1789 2247 1842 2274 διὰ

1000 2289 1028 2301 “”
1045 2289 1098 2315 τῶν
1113 2289 1175 2324 ἑξῆς
1193 2290 1337 2325 ἐσήμανεν.

1080 2336 1158 2363 Αὐτὸ
1182 2335 1216 2362 δὲ
1231 2335 1331 2362 οὐδέν.
1358 2336 1394 2362 Τὸ
1416 2336 1490 2363 οὐδὲν
1520 2335 1587 2363 εἶναι
1611 2337 1657 2364 τὸν
1677 2338 1742 2364 Θεὸν
1761 2338 1845 2366 οὕτω

1046 2382 1165 2418 νοητέον,
1191 2382 1228 2414 ὡς
1250 2382 1304 2409 τῶν
1333 2382 1417 2410 ὄντων
1443 2383 1525 2418 μηδὲν
1551 2384 1630 2410 ὄντα·
1648 2385 1717 2420 ὑπὲρ
1731 2385 1787 2421 γὰρ
1802 2387 1846 2414 τὰ

1044 2428 1110 2454 ὅντα
1123 2429 1137 2454 ὁ
1150 2428 1235 2459 αἴτιος
1249 2428 1302 2455 τῶν
1318 2428 1417 2456 ὄντων·
1431 2429 1491 2456 ὅθεν
1511 2430 1525 2455 ὁ
1553 2430 1619 2462 Θεὸς
1637 2432 1683 2458 καὶ
1694 2435 1845 2468 πανταχοῦ

1047 2474 1093 2500 καὶ
1106 2473 1223 2509 οὐδαμοῦ
1242 2474 1415 2509 Θεολογεῐται·
1432 2476 1493 2502 ἐπεὶ
1521 2477 1585 2510 γοῦν
1613 2478 1728 2513 οὐδαμοῦ
1753 2481 1819 2507 ἐστι
1834 2497 1845 2513 -,

1046 2519 1135 2546 πάντα
1152 2520 1200 2555 μὲν
1227 2520 1260 2546 δι’
1273 2521 1355 2547 αὑτοῦ
1371 2522 1404 2554 ⁸ο,
1424 2522 1470 2548 καὶ
1496 2522 1524 2548 ὲν
1545 2523 1629 2558 αὐτῷ,
1659 2525 1697 2556 ὡς
1721 2525 1758 2560 μὴ
1776 2526 1849 2554 ὄντι

1048 2566 1130 2601 μηδὲν
1144 2565 1197 2593 τῶν
1213 2567 1329 2594 πάντωψ
1347 2568 1393 2594 καὶ
1407 2568 1435 2594 ἐν
1458 2568 1532 2604 αὐτῷ
1555 2570 1646 2603 πάλιν,
1671 2570 1709 2602 ὡς
1729 2580 1849 2600 παντα-

1045 2611 1094 2646 χοῦ
1119 2612 1185 2644 ὅντι,
1200 2612 1281 2648 ἔτερα
1295 2613 1322 2639 δὲ
1336 2613 1369 2639 δι’
1382 2614 1463 2640 αὑτοῦ
1477 2614 1511 2641 τὰ
1527 2615 1624 2649 πάντα,
1642 2616 1682 2642 ὅτι
1696 2617 1779 2649 αὐτὸς
1797 2620 1851 2646 οὑ-

1045 2658 1131 2694 δαμοῦ
1143 2668 1149 2674 ·
1166 2660 1212 2686 καὶ
1237 2659 1335 2695 πληροῖ
1349 2660 1397 2695 μὲν
1410 2660 1444 2686 τὰ
1456 2661 1554 2694 πάντα,
1572 2661 1610 2693 ὡς
1625 2663 1763 2697 πανταχοῦ
1780 2663 1847 2697 ὢν,

1046 2707 1115 2733 κατὰ
1126 2707 1172 2733 τὸν
1186 2707 1328 2742 προφήτην
1338 2715 1344 2721 α
1360 2707 1479 2743 οὐδαμοῦ
1493 2708 1522 2735 δέ
1538 2709 1594 2735 ἐστι
1611 2709 1670 2736 καθ’
1681 2709 1775 2745 ἕτερον
1793 2711 1854 2738 λέ..

686 2806 804 2834 VARUS
821 2806 1016 2836 LECTIONES
1031 2806 1076 2834 ET
1092 2807 1367 2835 CORRECTIONES.

237 2894 261 2912 "
279 2893 386 2929 Scribe,
404 2902 438 2923 ex
453 2893 633 2931 Pachymere,
651 2894 770 2931 θέλησιν,
787 2895 959 2924 voluntatem.
981 2936 990 2939 _

1048 2894 1271 2930 ζρ,ὗποληπτέον.
1304 2895 1327 2911 ⁷⁸
1338 2902 1384 2930 γρ.
1403 2893 1606 2931 ἁνενοχλησίας.
1639 2895 1662 2912 ⁸ο
1677 2903 1722 2931 γρ.
1732 2896 1858 2937 αὐτόν.Δ
