1926 3062
132 165 184 192 ξοδ

482 161 510 188 S.
531 159 654 189 MAXIMI
673 158 819 187 SCHOLIA
837 158 868 185 IN
887 170 891 183 τ
911 160 952 189 lB.
974 159 1017 187 DE
1033 159 1158 188 DlVlNlS
1175 158 1375 187 NOMINIBUS.

1700 157 1753 184 206

132 228 228 255 γονται
247 220 283 247 Ἢ
302 218 386 251 ποῖος
404 219 494 252 τόπος
518 218 572 252 τῆς
595 216 808 249 καταπαύσεώς
838 224 915 250 μους

984 222 1002 245 It
1017 217 1064 253 qui
1080 217 1179 251 ubique
1191 216 1236 247 sit,
1251 217 1400 244 secundum
1417 215 1594 250 prophetam;
1622 221 1755 249 nusquam

134 268 157 293 εί
170 266 225 302 γὰρ
243 265 321 300 μόνον
343 262 376 300 ἦν
393 264 541 300 πανταχοῦ,
572 264 652 295 αὐτὸς
672 264 704 290 ἂν
720 261 753 299 ἦν
778 262 812 289 τὰ
827 262 915 289 πάντα

134 312 181 340 καὶ
194 312 222 340 ὲν
238 311 303 337 πᾶσι
317 311 450 340 τοπικῶς·
468 310 553 342 οὕτως
565 310 612 336 οὖν
627 310 673 336 καὶ
687 309 774 342 οὐδὲν,
790 310 828 340 ὡς
845 308 917 344 ὑπὲρ

134 358 169 384 τὰ
181 357 254 384 ὄντα.
489 362 491 364 ·
928 376 933 398 l

929 405 933 426 ξ
973 401 1069 428 caliter
1091 410 1098 428 ;

177 494 253 520 Ἀλλ’
269 493 308 525 ὡς
325 492 424 526 πάσης
447 492 544 524 ἕξεως.
563 491 638 523 ’Ἐξις
667 491 714 526 μέν
730 492 786 517 ἐστι
802 490 920 522 διάθεσις

138 540 269 575 εμμονος·
294 538 399 575 κίνησις
417 538 446 564 δέ
467 539 524 564 ἐστι
538 538 568 564 τὺ
583 536 862 572 ἁντιδιαστελλόμενον
885 537 918 571 τῇ

137 585 250 621 ἠρεμίᾳ,
271 584 339 619 μετὰ
354 584 457 610 πολλῶν
472 583 626 618 τιθέμενον
655 583 712 618 ζωὴ
735 582 763 608 δὲ
785 582 815 608 τὸ
835 581 921 608 ταῦτα

138 631 257 657 δεικνύον
272 629 382 664 ἐνεργά·
409 629 541 664 φαντασία
556 629 583 655 δὲ
596 629 625 654 τὸ
647 629 675 654 ἐν
703 628 806 663 διανοίᾳ
822 629 922 654 ἀνατυ-

139 677 256 704 πωτικόν
267 685 273 690 ·
299 676 360 709 δόξα
373 675 401 702 δὲ
415 674 678 711 πεπληροφορημὲνη
699 674 832 709 ὑπόληψις
842 683 848 689 ·
865 674 923 701 δια-

140 722 216 758 φέρει
231 722 258 748 δὲ
272 722 362 757 νόησις
372 722 497 753 διανοίας,
513 722 553 747 ὅτι
567 721 597 747 τὸ
625 721 674 756 μὲν
700 720 772 747 ἔστιν
803 721 849 747 ἐπὶ
876 720 923 746 τοῦ

140 767 308 802 διανοητικοῦ
332 768 381 802 τῆς
393 766 498 802 ψυχῆς,
520 767 549 793 τὺ
568 767 597 793 δὲ
612 767 660 802 τὴν
686 766 732 792 τοῦ
756 767 924 802 διανοητικοῦ

142 813 247 849 κίνησιν
259 813 341 848 δηλοῖ.
360 813 453 840 Ταῦτα
465 813 492 840 δὲ
508 813 597 839 πάντα
616 813 663 839 καλ¹
677 812 711 839 τὰ
725 812 791 839 ἄλλα
804 814 854 839 ὅσα
869 813 930 839 τού.

141 866 197 889 τοις
211 857 432 891 συγκατείλεκται
446 857 496 883 οὑκ
509 857 587 882 οὐσία
617 857 700 887 ἐστὶν,
722 856 788 883 ἀλλὰ
806 857 870 892 περὶ
883 857 927 883 οὒ-

972 271 1038 292 vero
1066 267 1118 295 est,
1143 263 1292 290 secundum
1320 262 1402 289 alium
1436 261 1591 288 dicentem:
1621 259 1674 286 Aut
1700 261 1756 295 quis

973 309 1044 336 locus
1068 307 1235 343 requietionis
1261 316 1324 334 mea:
1342 308 1380 334 e?
1402 306 1431 334 Si
1459 307 1531 334 enim
1561 310 1666 333 tantum
1683 309 1757 332 esset

973 355 1084 389 ubique,
1092 354 1148 389 ipse
1163 353 1286 388 profecto
1296 357 1369 381 esset
1383 353 1475 380 omnia
1489 357 1515 380 et
1531 353 1558 379 in
1573 352 1700 379 omnibus
1716 352 1756 378 lo-

1129 400 1170 427 sic
1197 400 1280 435 igitur
1306 404 1332 426 et
1358 399 1441 431 nihil,
1478 402 1508 425 ut
1538 406 1620 433 supra
1645 405 1677 424 ca
1697 405 1757 433 qui:

974 451 1049 475 sunt.

1011 494 1147 528 Tanquam
1166 493 1196 520 ab
1212 493 1283 519 οηιηὶ
1313 492 1413 518 habitu.
1444 490 1559 519 Habitus
1579 491 1688 526 quidem
1716 494 1759 518 est

976 539 1094 574 qualitas
1108 540 1261 567 immanens
1275 547 1282 571 ;
1309 542 1398 565 motus
1415 542 1503 564 autem
1528 542 1567 564 est
1587 537 1657 572 quod
1671 544 1757 572 oppo-

976 585 1051 611 nitur
1066 584 1160 619 quieti,
1179 592 1239 618 qua
1255 583 1390 618 oppositio
1405 583 1432 609 in
1447 582 1539 609 multis
1565 582 1644 618 105,
1667 583 1759 610 consi-

977 630 1024 658 stit
1038 639 1044 657 :
1061 630 1115 657 vita
1134 633 1224 657 autem
1240 629 1368 660 ostendit,
1393 629 1449 656 haec
1464 636 1525 655 esse
1537 628 1673 661 ellicacia;
1689 629 1759 655 imas

977 675 1079 710 ginatio
1095 682 1158 702 vero
1169 679 1210 702 est
1237 675 1262 701 id
1289 673 1361 708 quod
1378 674 1405 700 in
1431 672 1568 699 intellectu
1588 672 1686 699 format
1698 680 1760 707 spe-

978 721 1045 753 cies,
1059 721 1151 756 opinio
1165 724 1254 747 autem
1273 723 1314 746 est
1332 724 1460 754 persuasa
1485 718 1650 752 conjectura.
1667 717 1761 745 Dill‘ert

979 775 1061 804 porro
1077 768 1224 794 intellectio
1236 767 1269 794 ab
1284 767 1431 798 intellectu,
1444 765 1506 800 quia
1528 765 1573 791 hic
1586 771 1627 792 est
1642 765 1668 791 in
1681 765 1761 792 famil-

980 817 1035 841 tate
1052 813 1217 848 intelligendi
1233 813 1340 842 animaI.
1357 809 1402 838 illa
1417 816 1505 838 autem
1522 815 1624 838 motum
1648 809 1762 837 faculta-

982 857 1017 883 tis
1042 855 1207 890 intelligendi
1236 855 1366 883 declarat.
1397 854 1457 881 Haec
1487 858 1576 881 autem
1602 855 1710 886 omnia,
1735 858 1761 881 et

143 904 203 930 σίαν
226 904 336 939 ὁρᾶται·
372 903 432 930 ὅθεν
470 904 517 930 καὶ
538 903 634 929 διεῖλεν
670 903 753 938 αὐτὴν
785 903 838 930 ἀπὸ
866 903 926 930 τοὺ-

984 907 1099 936 quaequae
1116 901 1159 928 his
1174 904 1351 928 annumerata
1380 903 1454 930 sunt,
1485 906 1539 926 non
1556 903 1618 925 sunt
1633 898 1760 928 essentia.

142 958 197 976 των
200 970 207 976 .

183 1033 239 1067 Τῆς
263 1034 401 1068 θεαρχίαης
422 1034 574 1066 πρόνοιαν.
597 1034 643 1060 Ἐκ
657 1034 757 1060 τούτων
777 1035 804 1060 αἱ
819 1034 926 1069 ἀνόητοι

144 1079 216 1111 δόξαι
231 1079 370 1106 ἐκλύονται
383 1079 437 1105 τῶν
450 1079 641 1114 τολμησάντων
656 1080 742 1114 λέγειν
760 1080 790 1106 τὸ
800 1080 929 1116 δημιουρ-

143 1125 222 1158 ’τικὸν
245 1124 324 1159 φύσει
338 1125 390 1151 τινὶ
403 1125 502 1151 ἐνεῖναι
515 1125 553 1159 τῷ
576 1125 641 1160 Θεῷ.
672 1125 711 1159 ᾡς
728 1128 776 1154 καὶ
789 1129 844 1160 τοῖς
860 1128 928 1164 ἀρα-

143 1167 230 1201 χνίοις
243 1170 273 1196 τὸ
288 1170 425 1204 ὑφαίνειν·
444 1171 510 1206 φησὶ
526 1172 579 1208 γὰρ
605 1172 647 1199 διὰ
665 1173 747 1208 μόνην
774 1173 928 1209 ἁγαοότητα

146 1217 178 1243 τὸ
190 1218 243 1243 πᾶν
256 1218 426 1252 παραγαγεῖν
441 1217 486 1244 τὸν
509 1217 573 1243 Θεόν
583 1226 590 1232 ⁸
606 1217 646 1244 διδ
660 1218 706 1244 καὶ
722 1218 820 1250 πάντες
833 1220 858 1245 οἱ
875 1219 928 1245 θεοα

145 1261 219 1296 λόγοι
242 1264 273 1289 ἐκ
290 1264 338 1298 μὲν
355 1263 408 1289 τῶν
429 1262 510 1289 αὑτοῦ
524 1262 570 1289 τοῦ
591 1263 668 1296 Θεοῦ,
684 1264 821 1291 τουτέστιν
832 1265 863 1290 ἐκ
878 1262 929 1298 τῆς

145 1308 238 1339 οὐσίας
250 1307 331 1334 αὺτοῦ
346 1309 375 1334 οὐ
386 1308 518 1343 τολμῶσιν
533 1309 625 1341 ὑμνεῖν
636 1308 724 1334 αὐτόν·
744 1308 932 1343 ἁνεπίγνωστα

145 1353 216 1389 τάρ-
242 1353 297 1380 ὰλλ’
313 1355 345 1380 ἐκ
365 1354 415 1387 τῆς
444 1355 484 1386 εἰς
509 1353 544 1380 τὰ
568 1353 620 1387 ἔξω
653 1354 776 1390 προόδου,
794 1355 854 1390 ἥτις
871 1354 931 1381 ἐστὶ

147 1400 269 1435 πρόνοια,
298 1399 333 1426 τὰ
359 1400 482 1431 ainant,
511 1399 632 1426 τουτέστι
646 1400 680 1426 τὰ
701 1400 730 1431 ἐξ
744 1400 830 1426 αἰτίου
847 1400 928 1426 αὐτοῦ

149 1445 293 1476 συστάντα,
308 1445 356 1481 τὴν
382 1445 445 1481 περὶ
473 1445 507 1471 τὰ
530 1445 618 1472 πάντα
644 1446 771 1480 πρόνοιαν
790 1446 836 1472 τοῦ
863 1445 928 1471 Θεοῦ

148 1491 339 1526 ὑμνολογοῦσι·
369 1491 403 1517 τὰ
433 1491 487 1526 γὰρ
517 1491 604 1518 πάντα
631 1492 682 1526 τῆς
707 1491 780 1522 θείας
803 1491 930 1526 προνοίας

148 1537 263 1570 ἐφίεται,
279 1537 311 1563 δι’
328 1534 361 1572 ἧς
375 1537 422 1563 καὶ
438 1537 554 1572 ὑπάρχει
570 1538 616 1563 καὶ
632 1537 800 1568 συνίσταται,
816 1537 882 1563 ἀλλὰ
896 1537 930 1563 τὰ

151 1583 199 1617 μὲν
223 1582 302 1618 νοερὰ
317 1571 364 1609 καὶ
378 1582 473 1616 λογικὰ
487 1582 656 1616 γνωπικῶς·
672 1581 752 1616 νοερὰ
768 1582 796 1608 δὲ
811 1581 928 1615 λέγεται,
945 1571 966 1599 C

149 1628 199 1654 ὅσα
212 1628 255 1654 διὰ
269 1628 299 1654 τὸ
313 1627 374 1659 νοῦς
391 1626 469 1659 εἶναι,
499 1629 553 1654 νοεῖ
567 1627 600 1653 τὰ
623 1627 807 1662 ὑπερκείμενα
830 1627 928 1662 νοητά’

149 1673 243 1708 νοητὸν
257 1674 311 1709 γάρ
325 1675 382 1699 ἐστι
395 1674 426 1699 τὸ
440 1673 592 1708 νοούμενον,
607 1673 674 1708 ὅπερ
697 1673 744 1700 καὶ
765 1674 850 1708 τροφή
873 1673 931 1699 ἐστι

148 1718 196 1752 τοῦ
211 1719 303 1754 νοεροῦ
317 1719 376 1745 ἀντὶ
390 1718 484 1745 τούτου
513 1719 644 1750 νοοῦντος.
662 1719 731 1744 Ὅσα
746 1717 792 1745 οὖν
817 1719 887 1746 κατὰ
903 1719 932 1745 τὸ

150 1764 230 1801 νοερὰ
249 1763 316 1791 εῖναι
331 1764 378 1791 ἅτε
394 1765 456 1796 νοῦς
470 1766 534 1796 νοεῖ,
560 1763 645 1790 ταῦτα
660 1764 754 1798 λογικὰ
770 1764 845 1795 ὄντα,
860 1772 930 1798 γνω-

150 1810 250 1841 πικῶς
265 1810 442 1836 ἐπιϐάλλοντα
458 1811 490 1845 τῇ
504 1810 550 1836 τοῦ
565 1809 631 1835 Θεοῦ
654 1810 776 1844 προνοίᾳ,
795 1809 931 1843 ἀναλόγως

149 1856 256 1891 ἐφίεται
271 1856 318 1882 τοῦ
332 1856 413 1882 Θεοῦ·
444 1856 493 1882 ὅσα
508 1856 536 1882 δὲ
551 1855 703 1890 ὑποϐέϐηκε
720 1855 754 1881 τὰ
767 1855 856 1891 νοερὰ,
885 1856 931 1882 καί

150 1903 203 1928 ιισι
219 1902 291 1936 ψυχὴ
305 1901 458 1937 αἰσθητικὴ,
488 1901 587 1936 Θηρίων
604 1901 675 1934 λέγω
685 1902 731 1927 καὶ
754 1901 871 1933 πάντων,
885 1902 934 1936 ἑμ-

149 1947 242 1982 ψύχων
259 1948 307 1982 μὲν
335 1947 476 1981 σωμάτων,
491 1947 594 1981 ἀλόγων
606 1947 634 1973 δὲ
644 1966 651 1978 ,
664 1943 700 1973 ὧν
717 1948 732 1982 ἡ
748 1947 820 1982 ψυχὴ
835 1948 866 1972 ὲκ
880 1947 933 1972 τῶν

151 1993 290 2027 στοιχείων
300 1993 345 2019 καὶ
359 1992 406 2019 τοῦ
421 1993 512 2019 ἐνύλου
530 1993 614 2027 πυρὸς
632 1991 796 2022 συνεστῶσα,
813 1993 842 2018 ὲν
856 1992 933 2018 πνεύ-

152 2047 216 2073 ματι
230 2037 314 2073 ὲνύλῳ
325 2038 380 2073 ἔχει
397 2039 426 2064 τὸ
440 2036 517 2065 εἶναι’
535 2038 630 2069 ταῦτα,
641 2038 720 2073 μόνον
734 2038 766 2064 ἐκ
777 2038 825 2073 τῆς
839 2037 933 2072 αἰσθή-

151 2090 220 2113 σεως
235 2082 448 2117 συνελαυνόμενα
462 2084 501 2114 είς
512 2083 542 2109 τὸ
556 2084 648 2117 πεινῇν
662 2083 708 2108 καὶ
722 2082 812 2117 διψῇν,
829 2082 932 2116 ἐφίεται

150 2128 262 2159 εἰκότως
278 2128 412 2164 αἰσθητῶς
440 2128 488 2154 τοῦ
517 2128 705 2163 χορηγοῦντος,
721 2129 758 2159 ὡς
772 2128 817 2154 τό·
833 2128 934 2156 Πάντα

150 2173 226 2207 πρὸς
242 2173 278 2200 σὲ
297 2173 486 2207 προσδοκῶσι
502 2174 553 2200 τοῦ
567 2173 670 2200 δοῦναι
687 2173 744 2208 τὴν
757 2174 871 2208 τροφὴν
885 2176 935 2201 αὺ-

150 2219 210 2246 τῶν
228 2221 270 2252 εἰς
282 2220 432 2254 εὔκαιρον·
453 2221 498 2246 καὶ
522 2220 632 2247 τοιαῦτα
643 2220 726 2246 πολλὰ
743 2221 788 2247 καὶ
809 2220 886 2256 παρὰ
896 2220 935 2256 τῷ
951 2236 973 2265 D

157 2265 218 2292 Ἰὼϐ
230 2266 276 2292 καὶ
291 2266 328 2300 τῷ
343 2266 422 2292 Δαυὶδ
436 2267 569 2301 εὑρήσεις.
582 2267 635 2292 Καὶ
649 2266 682 2292 τὰ
699 2266 764 2293 ἄλλα
780 2267 870 2301 μέντοι
884 2267 934 2294 ὅσα

149 2310 200 2346 τὴν
217 2311 332 2346 φυτικὴν
344 2312 403 2346 ἦτοι
417 2311 532 2346 ζωτικὴν
551 2312 633 2347 μόνην
658 2312 827 2347 ἀναισθήτως
843 2321 871 2338 τε
888 2313 935 2340 καὶ

149 2356 261 2391 ἁψύχως
275 2356 329 2390 ἔχει
345 2356 460 2391 κίνησιν,
476 2357 513 2387 ὡς
526 2357 560 2383 τὰ
576 2357 648 2391 φυτὰ
662 2356 748 2383 πάντα
763 2358 809 2384 καὶ
826 2357 934 2393 βοτάναι

150 2403 247 2433 πᾶσαι,
263 2402 340 2428 ἆτινα
359 2403 405 2428 καὶ¹
431 2402 543 2434 ζωτικὸν
569 2402 675 2438 πνεῦμα
700 2403 778 2438 μόνον
804 2403 934 2430 συνιστῶν

150 2447 253 2482 ἔχουσι,
278 2447 327 2482 τὴν
342 2448 444 2473 ἑαυτῶν
466 2448 558 2474 οὐσίαν
586 2449 650 2475 ἄνευ
669 2449 831 2484 αἰσθήσεως,
847 2449 885 2480 ὼς
901 2449 935 2475 τὰ

150 2494 247 2529 δένδίρα
262 2493 360 2525 πάντα,
374 2494 411 2525 ὡς
427 2494 543 2529 εἴρηται,
575 2494 621 2520 καὶ
636 2495 670 2520 τὰ
696 2495 807 2522 τοιαῦτα
821 2495 890 2522 κατὰ
904 2496 934 2522 τὸ

151 2539 382 2575 ἀποξηραίνεσθαι
395 2539 442 2565 τοῦ
457 2539 570 2574 φυτικοῦ
586 2539 738 2574 πνεύματος
754 2541 930 2576 στερούμενα,

151 2583 229 2613 δι’οῦ
253 2585 388 2611 κινοῦνται
417 2585 484 2621 πρὸς
519 2585 602 2620 αὗξην
628 2586 674 2612 καὶ
701 2586 860 2613 εὺοὰλειαν·
889 2587 932 2614 διὰ

154 2631 229 2657 τοῦτο
243 2631 317 2657 δοκεῖ
339 2631 386 2657 καὶ
399 2630 485 2657 ταῦτα
507 2631 627 2665 ἐφίεσθαι
641 2631 691 2666 τῆς
706 2632 778 2663 Θείας
795 2634 932 2668 προνοίας,

155 2673 225 2711 ἱφ¹ᾧ
252 2677 298 2703 καὶ
327 2677 484 2703 συνεστάναι
513 2677 560 2703 καὶ
587 2677 761 2704 ἁνθεῖν·ὂθεν
776 2679 823 2705 καὶ
848 2680 933 2706 ταῦτα

156 2722 392 2757 παραλαμϐάνεται
408 2723 436 2748 ἐν
450 2722 488 2757 τῷ
500 2726 562 2759 ρμη¹
580 2723 687 2758 ψαλμῷ,
704 2725 787 2750 αἰνεῖν
802 2725 846 2750 τὸν
857 2725 932 2757 Θεὸν,

157 2769 195 2796 διὰ
208 2770 256 2803 τῆς
270 2767 351 2794 αὑτοῦ
367 2769 528 2800 συστάσεως.
539 2769 653 2803 Μετέχει
669 2768 714 2796 οὖν
730 2770 870 2797 καὶταῦτα
886 2771 935 2806 τῆς

199 2865 210 2879 ε
228 2858 280 2886 Isa.
298 2864 371 2887 vat.
392 2858 423 2887 l:
439 2857 499 2885 Act.
514 2863 561 2888 vn,
577 2855 620 2884 49.
636 2856 668 2901 7'
683 2857 754 2888 Psal.
767 2868 824 2890 cm.
840 2863 884 2891 27.

981 946 1028 973 sed
1052 947 1124 973 circa
1142 946 1288 973 essentiam
1303 945 1444 978 Videntur;
1472 945 1533 972 ideo
1554 952 1661 979 quoque
1675 944 1762 971 abhis

980 992 1127 1018 essentiam
1145 991 1278 1018 distinxit.

1016 1037 1133 1064 Summa:
1165 1036 1274 1063 deilalis
1297 1036 1468 1070 providentia.
1496 1035 1534 1062 Ex
1562 1035 1604 1062 his
1621 1035 1763 1063 solvuntur

981 1083 1072 1110 stultae
1099 1082 1279 1118 quorumdam
1308 1082 1448 1116 opiniones
1471 1081 1628 1108 audentium
1661 1081 1762 1113 dicere.

981 1127 1137 1155 facultatem
1152 1128 1263 1154 creandi
1290 1135 1338 1162 per
1358 1130 1483 1154 naturam
1502 1126 1647 1161 quamdam
1674 1127 1764 1153 inesse

982 1173 1047 1206 Deo,
1065 1174 1136 1200 sicut
1164 1173 1273 1200 araneis
1299 1177 1407 1206 texere;
1436 1173 1502 1200 dicit
1530 1172 1602 1199 enim
1617 1179 1666 1206 per
1678 1171 1764 1198 solam

981 1219 1143 1252 bonitatem,
1159 1219 1243 1246 Deum
1257 1222 1354 1246 cuncta
1383 1219 1533 1253 producere
1547 1227 1553 1244 :
1571 1217 1631 1244 ideo
1647 1217 1764 1251 theologi

982 1273 1076 1293 omnes
1092 1272 1123 1292 ex
1151 1266 1236 1292 rebus
1258 1273 1317 1300 qua:
1334 1264 1381 1292 Dei
1396 1269 1476 1296 sunt,
1502 1264 1529 1291 id
1544 1267 1586 1291 est
1601 1272 1631 1290 ex
1645 1263 1704 1298 ejus
1721 1271 1765 1290 es-

983 1312 1084 1344 sentia,
1101 1319 1155 1338 non
1182 1312 1282 1338 audent
1306 1312 1393 1346 ipsum
1421 1310 1548 1342 laudare,
1576 1311 1673 1344 ignotae
1692 1310 1765 1337 enim

983 1361 1057 1388 sunt,
1071 1356 1117 1383 sed
1134 1364 1166 1383 ex
1182 1357 1241 1391 ejus
1267 1363 1397 1391 processu
1427 1356 1460 1382 ad
1477 1359 1564 1388 extra,
1584 1355 1631 1389 qui
1646 1359 1687 1381 est.
1702 1362 1766 1389 pro-

982 1402 1112 1434 videntia,
1137 1402 1258 1437 effectus,
1287 1402 1314 1429 id
1333 1405 1375 1429 est
1405 1409 1465 1436 qua:
1492 1409 1524 1429 eo
1539 1405 1650 1428 auctore
1675 1401 1765 1428 consi-

983 1452 1069 1480 stunt,
1095 1447 1142 1475 Dei
1167 1449 1240 1475 circa
1271 1448 1362 1474 omnia
1381 1448 1576 1482 providentiam
1606 1447 1753 1481 praedicant

983 1492 1079 1521 Omnia
1095 1493 1230 1528 siquidem
1253 1493 1371 1520 divinam
1400 1493 1597 1527 providentiam
1623 1496 1763 1526 appetunt,

983 1547 1128 1574 perquam
1155 1544 1218 1567 sunt
1243 1543 1270 1566 et
1294 1539 1458 1569 consistunt,
1484 1537 1661 1571 intelligentia
1683 1540 1709 1563 et
1722 1544 1766 1563 ra-

983 1586 1107 1618 tionalia,
1128 1593 1175 1619 per
1186 1584 1366 1619 cognitionem
1382 1593 1389 1616 -,
1405 1583 1579 1617 intelligentia
1595 1589 1658 1609 vero
1669 1582 1766 1609 dicun—

983 1634 1028 1657 tur
1036 1638 1105 1665 quae,
1114 1630 1216 1657 idcirco
1224 1629 1296 1664 quod
1307 1633 1411 1656 mentes
1420 1630 1485 1659 sint,
1497 1627 1675 1662 intelligibilia
1684 1635 1766 1661 supra

986 1684 1016 1703 se
1029 1676 1286 1710 positaintelligunt;
1297 1674 1464 1709 inlelligibile
1476 1674 1547 1700 enim
1559 1673 1678 1708 estquod
1689 1671 1766 1700 intel-

986 1722 1087 1757 ligitur,
1096 1721 1168 1756 quod
1176 1722 1256 1748 etiam
1264 1725 1305 1748 est
1316 1721 1394 1747 cibus
1407 1719 1499 1755 νοεροῦ
1507 1719 1704 1755 (intelligentis)
1718 1727 1766 1754 pro

984 1768 1031 1794 τοῦ
1044 1768 1175 1799 νοοῦντος.
1192 1767 1256 1800 Qua:
1272 1767 1365 1802 igitur,
1383 1767 1446 1800 quia
1462 1766 1638 1801 intelligentia
1650 1769 1723 1797 sunt,
1737 1768 1766 1792 ut

986 1819 1090 1841 mentes
1107 1813 1266 1848 intelligunt,
1286 1812 1389 1845 eadem,
1406 1819 1466 1838 cum
1480 1811 1535 1839 sint.
1549 1811 1702 1843 rationalia,
1718 1818 1767 1845 per

986 1859 1167 1894 cognitionem
1183 1859 1281 1886 divinae
1309 1857 1487 1892 pr0vi.lcntiae
1502 1857 1677 1891 intelligentia
1703 1864 1765 1883 cum

986 1905 1162 1939 proportione
1180 1903 1263 1930 Deum
1285 1906 1438 1938 appetunt:
1463 1910 1522 1937 qua:
1547 1909 1610 1929 vero
1638 1901 1767 1928 inferior-3

987 1954 1050 1977 sunt
1066 1950 1292 1984 intelligentibus,
1313 1953 1339 1976 et
1356 1952 1419 1976 sunt
1444 1949 1534 1974 anima
1560 1947 1679 1974 sensilis.
1698 1946 1767 1973 fera—

985 2003 1057 2028 rum,
1074 1996 1192 2030 inquam,
1210 1999 1290 2029 atque
1315 1994 1435 2022 omnium
1462 1993 1641 2020 animatorum
1660 1991 1767 2026 quidem

986 2049 1131 2077 corporum
1161 2041 1206 2068 sed
1237 2040 1449 2070 irrationalium,
1465 2046 1581 2073 quorum
1604 2039 1692 2064 anima
1710 2037 1766 2064 ele-

986 2087 1085 2114 mentis
1100 2091 1127 2114 ct
1155 2086 1273 2113 naturali
1303 2086 1364 2121 igne
1378 2089 1496 2116 constat,
1514 2085 1542 2111 in
1572 2084 1668 2118 spiritu
1685 2087 1762 2110 male

986 2132 1046 2159 riali
1062 2132 1164 2158 habent
1178 2139 1253 2164 esse;
1285 2131 1342 2158 hate
1363 2130 1451 2157 solum
1477 2138 1510 2156 ex
1527 2137 1607 2157 sensu
1628 2128 1768 2162 compulsa

987 2178 1020 2205 ad
1037 2178 1212 2206 esuriendum
1241 2181 1267 2204 et
1294 2177 1459 2209 sitiendum,
1484 2175 1581 2202 merito
1612 2174 1769 2201 desiderant

988 2223 1081 2250 sensili
1099 2222 1180 2250 modo
1194 2229 1254 2249 eum
1274 2222 1319 2256 qui
1338 2222 1463 2256 prmbeat,
1479 2225 1509 2247 ut
1526 2220 1591 2246 illud
1611 2219 1766 2253 Scriptum:

989 2269 1085 2296 Omnia
1112 2277 1127 2295 a
1151 2273 1174 2295 te
1198 2272 1346 2302 exspectant
1360 2273 1387 2293 ut
1408 2267 1452 2293 des
1474 2258 1528 2292 iilis
1544 2274 1630 2292 escam
1652 2266 1769 2299 ipsorum

988 2315 1016 2340 in
1032 2319 1144 2348 tempore
1157 2318 1303 2348 opportuno
1313 2313 1336 2339 ί.
1353 2312 1457 2338 Similia
1474 2318 1580 2346 quoque
1592 2311 1676 2337 multa
1692 2318 1770 2344 repe-

988 2361 1043 2388 ries
1068 2360 1095 2387 in
1113 2359 1163 2387 Job
1177 2363 1204 2386 et
1220 2359 1329 2386 Davidc.
1355 2358 1439 2385 Porro
1465 2350 1517 2384 alia
1531 2364 1590 2392 qua:
1607 2356 1692 2384 solam
1708 2364 1768 2383 cre-

987 2405 1081 2432 scendi
1099 2413 1147 2433 seu
1163 2404 1270 2431 vivendi
1287 2403 1438 2430 eliectivam
1454 2402 1512 2429 sine
1532 2409 1614 2428 sensu
1638 2405 1664 2427 et
1679 2400 1769 2427 anima

987 2451 1133 2478 motionem
1160 2450 1271 2481 habent,
1300 2449 1371 2476 sicut
1403 2448 1501 2483 plantae
1523 2454 1617 2474 omnes
1630 2450 1656 2472 et
1679 2446 1770 2474 herba:

988 2497 1137 2527 universae,
1160 2503 1220 2530 quae
1240 2495 1349 2522 vitalem
1370 2494 1495 2528 spiritum
1514 2493 1601 2520 solum
1616 2492 1770 2519 consisten-

988 2546 1041 2569 tem
1057 2543 1165 2573 habent,
1179 2549 1256 2568 suam
1271 2540 1416 2568 essentiam
1432 2540 1491 2566 sine
1504 2547 1596 2570 sensu,
1613 2544 1642 2564 ut
1658 2538 1769 2565 arbores

989 2596 1093 2619 omnes,
1110 2588 1180 2615 sicut
1195 2586 1297 2613 dictum
1313 2590 1374 2617 est,
1407 2590 1434 2612 et
1462 2585 1562 2612 similia
1576 2604 1583 2615 ,
1613 2591 1676 2610 cum
1704 2589 1770 2609 exa-

988 2638 1112 2665 rescant,
1128 2632 1279 2667 vegetativo
1295 2631 1437 2666 privamur
1451 2630 1559 2664 spiritu,
1571 2636 1619 2664 per
1640 2635 1719 2662 quem
1734 2626 1768 2653 ad

989 2680 1169 2706 accrctionem
1194 2683 1221 2705 et
1248 2676 1472 2712 germinationem
1488 2675 1682 2710 impelluntur;
1708 2672 1771 2700 ideo

988 2725 1046 2752 haec
1061 2731 1169 2759 quoque
1185 2723 1311 2750 videntur
1329 2722 1405 2756 105
1421 2721 1540 2748 divinam
1571 2717 1768 2753 providentiam

989 2776 1122 2806 expetere,
1139 2772 1168 2797 ut
1183 2769 1337 2797 consistant
1351 2771 1377 2796 et
1394 2768 1518 2800 ﬂoreant,
1531 2764 1602 2792 unde
1613 2763 1694 2791 etiam
1709 2763 1768 2790 haec
