1923 3064
155 185 210 213 :07

585 180 749 209 APPENDIX
767 180 811 207 AD
829 179 944 208 OPERA
962 179 991 207 S.
1009 177 1158 213 DlONYSll
1184 177 1430 206 AREOPAGITAE.

1739 177 1790 209 908

157 245 337 270 assumuntur
353 242 380 269 in
395 241 504 269 Psalmo
521 248 624 268 cnvru
635 260 642 271 ,
660 238 693 265 ad
721 238 807 266 Deam
836 237 948 264 laudan-

1007 237 1107 271 izpc'tsou
1129 238 1269 273 προνοίας,
1284 237 1352 264 ἀλλὰ
1368 237 1438 264 κατὰ
1465 237 1544 272 μόνον
1558 237 1589 264 τὸ
1604 237 1664 274 ζῇν,
1695 239 1719 265 ει
1747 239 1792 266 καὶ

162 288 228 315 dum
246 292 360 324 propter
371 288 493 323 ipsorum
518 285 734 314 consistentiam.
765 284 854 319 Atque
866 285 950 311 etiam

160 333 219 360 haec
234 332 403 368 participant
419 332 584 360 ineﬂ'abilem
613 329 813 366 providentiam
827 351 835 362 ,
856 329 904 357 sed
924 329 952 356 in

159 379 219 407 solo
232 379 335 412 vivere,
352 378 405 406 etsi
422 379 482 406 sine
499 377 590 405 anima
606 380 633 404 et
658 383 741 404 sensu
757 379 784 403 et
801 375 952 402 secundum

159 425 327 452 habitualem
342 423 532 460 aptitudinem,
549 430 610 458 qua!
638 425 681 449 est
696 421 850 458 proprietas
866 421 953 448 virtu-

158 471 206 498 tis.
224 470 342 498 Habitus
369 470 442 497 enim
468 469 570 497 dicitur
586 467 704 503 qualitas
729 467 894 499 immanens,
909 473 953 494 se-

159 516 281 544 cundum
294 523 377 551 quam
399 515 570 543 aﬂ‘ectionem
583 518 610 541 et
627 513 755 540 virtutem
776 512 879 548 aliquid
908 512 951 539 di-

158 563 233 591 citur
247 563 344 598 quale;
359 562 439 597 juxta
454 562 527 588 hunc
549 560 634 596 igitur
660 552 794 591 habitum,
811 558 875 586 vita:
901 565 953 585 na-

158 608 257 636 turalis
271 607 305 635 ad
321 608 503 635 accretionem
517 611 622 633 tantum
630 609 656 633 et
665 606 813 633 motionem
821 604 951 632 substan-

1003 283 1114 319 ὰψύχως
1131 284 1178 310 καὶ
1193 283 1373 319 ἀναισθήτως,
1398 285 1445 310 καὶ
1460 284 1532 311 κατὰ
1545 284 1595 320 τὴν
1610 285 1722 321 ὲκτικὴν
1735 286 1792 314 ἐπι-

1003 329 1172 365 τηδειότητα,
1187 330 1248 365 ἥτις
1275 329 1349 356 ἐστὶν
1379 329 1477 366 ἰδιότης
1502 330 1552 366 τῆς
1563 330 1716 366 δυνάμεως·
1739 332 1792 364 ἕξις

1003 376 1058 410 γὰρ
1073 375 1181 410 λέγεται
1196 376 1213 411 ή
1228 375 1345 411 ἕμμονος
1359 377 1479 413 ποιότης,
1495 377 1555 404 καθ’
1567 377 1600 412 ἣν
1613 377 1733 405 διάθεσιν
1747 379 1797 406 atat!

1004 422 1118 458 δύναμιν
1132 422 1210 449 ποιόν
1225 431 1252 449 τι
1267 422 1375 456 λέγεται
1384 430 1391 438 ο
1416 423 1487 449 κατὰ
1499 422 1601 458 ταύτην
1615 421 1662 450 οὖν
1677 424 1725 459 τὴν
1739 424 1793 456 ἕξιν

1003 469 1054 504 τῆς
1069 469 1186 504 φυτικῆς
1206 469 1279 504 ζωῆς
1300 470 1340 500 εις
1368 469 1482 505 αὗξησιν
1512 470 1559 496 καὶ
1585 470 1691 505 κίνησιν
1716 471 1792 506 μόνον

1004 515 1152 550 μετέχοντα
1177 514 1332 546 οὐσιοειδῶς
1353 523 1383 541 τε
1411 516 1459 542 καὶ
1477 515 1611 549 ἑκτικῶς,
1637 516 1748 552 ἀψύχως
1767 517 1793 544 δὲ

1001 561 1049 588 καὶ
1074 561 1255 597 ἀναισθήτως,
1275 561 1384 596 λέγεται
1398 561 1522 597 ἐφίεσθαι
1553 563 1603 598 τῆς
1624 563 1793 599 ἀγαθότητος

1001 606 1048 633 τοῦ
1063 606 1140 634 Θεοῦ.

157 655 259 683 tialiter
285 658 313 682 et
337 653 529 687 habitualiter,
553 652 601 681 sed
631 653 691 679 sine
713 651 804 678 anima
823 654 852 679 et
870 658 954 679 sensu
968 653 1171 689 participantia,
1189 654 1320 682 dicuntur
1342 654 1390 682 Dei
1406 654 1558 682 bonitatem
1579 655 1711 691 (divinam
1731 663 1793 691 pro-

157 701 319 737 videntiam)
336 699 503 728 desiderare.

196 747 374 784 lntettigentia
387 746 501 782 quidem.
519 745 700 781 lntelligeutia
712 745 833 781 quidem,
846 745 950 780 angeli-

156 802 218 823 cam
232 797 360 822 naturam
372 802 380 826 ;
391 793 536 820 rationalia
551 799 616 820 vero
631 792 780 819 humanam
796 790 863 819 dicit
879 798 887 816 :
905 790 951 817 his

156 845 247 869 autem
255 839 599 876 subjecta,irrationalem,
615 838 660 866 cui
673 838 774 867 sensile
787 840 894 865 tantum
909 837 951 864 in-

155 892 199 917 est
215 897 221 914 :
236 887 354 923 ideoque
380 886 518 922 αἰσθητῶς
535 886 615 919 dixit,
633 885 662 913 id
679 889 721 913 est
740 883 822 912 modo
837 883 949 916 sensili;

155 936 254 960 caetera
270 935 372 965 autem,
385 930 491 959 scilicet
505 930 615 965 plantae,
637 933 665 956 et
678 929 771 956 omnia
787 929 906 956 inanima
925 932 951 956 et

155 978 318 1011 immobilia,
342 978 399 1005 haec
411 976 521 1013 quidem
538 976 575 1004 ait
593 974 744 1004 secundum
759 975 870 1003 vitalem
890 982 950 1002 mo-

152 1025 269 1058 tionem,
299 1024 327 1052 id
349 1028 392 1052 est
418 1023 578 1051 nutritivam
599 1026 627 1050 et
649 1025 868 1055 accrescentem;
892 1021 951 1048 haec

154 1072 228 1100 enim
257 1071 340 1099 etiam
371 1071 400 1098 in
431 1070 533 1105 plantis
557 1069 669 1100 insunt;
698 1068 820 1096 inanima
847 1071 950 1101 autem,

154 1126 188 1146 eo
215 1117 289 1153 quod
310 1117 338 1144 in
362 1124 393 1144 se
417 1116 486 1152 ipsis
513 1115 633 1143 habeant
648 1114 773 1143 absolute
792 1122 878 1142 esse:
900 1115 951 1142 hoc

150 1164 292 1200 siquidem
308 1162 476 1191 essentiatem
490 1166 514 1189 et
528 1161 691 1188 habituatem
706 1160 886 1196 aptitudinem
903 1167 951 1188 vo-

152 1211 239 1238 cavit.

193 1255 228 1284 Ut
242 1261 379 1283 wternum.
395 1253 464 1282 Vide
477 1253 616 1289 quomodo
637 1254 782 1288 perspicue
796 1260 827 1280 ex
847 1251 949 1279 eli‘ecti-

155 1302 208 1330 bus
237 1305 265 1329 et
294 1300 440 1333 creaturis,
473 1307 632 1335 supremum
659 1298 783 1326 omnium
815 1297 948 1325 laudant:

152 1352 284 1376 aeternum
305 1346 587 1383 quidemdicunteum
606 1345 654 1381 qui
669 1345 771 1373 saecula
784 1344 901 1377 creavit;
924 1347 951 1372 et

155 1402 253 1430 reapse
266 1397 310 1422 es‘.
320 1393 472 1426 aeternitas,
491 1392 626 1427 siquidem
643 1392 702 1427 ipse
725 1394 767 1419 est
777 1391 801 1418 is
817 1391 863 1426 qui
878 1398 951 1418 sem.

154 1449 204 1477 per
216 1440 335 1473 exsistit,
354 1439 428 1467 unde
437 1443 465 1467 et
475 1438 615 1467 aeternitas
629 1438 802 1471 nominatur;
816 1441 948 1465 aeternum

153 1491 248 1514 autem
265 1490 318 1518 est,
345 1493 401 1513 non
421 1486 483 1521 ipsa
500 1484 651 1516 aeternitas,
665 1483 713 1512 sed
726 1482 799 1519 quod
811 1482 950 1510 aeternita-

154 1537 210 1560 tem
226 1532 374 1567 participat
393 1539 400 1558 :
418 1536 500 1566 atque
518 1531 604 1559 Isaias
617 1530 685 1557 dicit
703 1539 710 1557 ε
730 1529 798 1556 Deus
813 1529 950 1563 sempiter-

1037 745 1075 772 Τὰ
1088 744 1147 779 μὲν
1169 745 1268 779 γοερά.
1287 744 1377 780 Νοερὰ
1395 744 1445 780 μὲν
1465 745 1515 781 τὴν
1534 745 1681 783 ἀγγελικὴν
1698 747 1792 782 φύσιν⁹

999 790 1096 825 λογικὰ
1111 791 1140 818 δὲ
1158 791 1207 827 τὴν
1224 791 1398 827 ἀνθρωπίνην
1416 791 1498 827 φησι·
1516 791 1551 818 τὰ
1566 792 1594 818 δὲ
1606 793 1708 820 τούτων
1720 795 1795 829 ὑφει-

1002 837 1079 873 μένα,
1099 837 1148 873 τὴν
1162 837 1268 872 ἄλογον,
1286 834 1357 874 ᾗτινι
1385 837 1464 873 μόνον
1483 837 1515 864 τὸ
1535 838 1691 875 αἰσθητικὸν
1710 840 1794 876 πρόσ-

1001 891 1070 914 εστι,
1091 883 1132 910 διὸ
1156 883 1203 910 καὶ
1217 883 1366 918 αἰσθητῶς
1375 881 1446 916 εἶπε,
1460 885 1600 911 τουτέστιν
1613 885 1792 922 αἰσθητικῶς·

1001 929 1036 956 τὰ
1057 929 1085 956 δὲ
1106 929 1183 962 ἄλλα,
1206 930 1289 966 ἤγουν
1310 929 1345 956 τὰ
1366 938 1447 965 φυτα,
1465 931 1511 957 καὶ
1527 931 1576 957 ὅσα
1596 932 1685 966 πάντη
1704 932 1796 968 ἂψυλα

1002 976 1048 1002 καὶ
1060 976 1187 1011 ἀκίνητα,
1204 975 1238 1002 τὰ
1255 976 1305 1011 μέν
1323 985 1389 1012 φησι
1405 976 1476 1003 κατὰ
1486 977 1534 1012 τὴν
1550 977 1668 1013 ζωτικὴν
1677 977 1793 1014 κίνησιν,

1000 1023 1123 1050 τουτέστι
1134 1024 1182 1059 τὴν
1194 1023 1343 1059 θρεπτικὴν
1352 1033 1382 1051 τε
1397 1024 1444 1051 καὶ
1460 1024 1622 1061 αὐξητικὴν·
1640 1025 1727 1053 ταῦτα
1741 1026 1794 1062 γὰρ

1001 1067 1032 1103 δὴ
1049 1068 1078 1094 ὲν
1093 1069 1148 1099 τοῖς
1160 1069 1254 1102 φυτοῖς
1266 1068 1391 1104 πρόσεισι
1401 1077 1408 1084 ·
1429 1069 1464 1096 τὰ
1477 1070 1504 1096 δὲ
1518 1069 1609 1105 ἄψυχα
1627 1071 1655 1096 ὲν
1671 1070 1710 1106 τῷ
1724 1070 1794 1106 ἔχειν

1001 1112 1030 1139 ὲν
1046 1112 1151 1144 ἑαυτοῖς
1166 1112 1196 1139 τὸ
1212 1112 1280 1144 ῧλως
1299 1110 1369 1140 εἶναι
1379 1122 1385 1128 ·
1403 1113 1482 1140 τοῦτο
1496 1114 1550 1150 γὰρ
1567 1112 1644 1142 εἶπεν
1661 1113 1790 1149 οὐσιώὸη

999 1157 1050 1183 καὶ
1065 1156 1190 1191 ἐκτικὴν
1202 1157 1418 1194 ἐπιτηδειότητα.

1043 1259 1091 1292 Ὠς
1104 1258 1234 1286 αἰώνιον.
1254 1259 1324 1294 Ὅρα
1349 1258 1408 1291 πῶς
1430 1259 1524 1294 σαφῶς
1548 1260 1580 1286 ἐκ
1594 1260 1648 1286 τῶν
1666 1261 1794 1288 αἰτιατῶν

1001 1306 1048 1333 καὶ
1071 1305 1188 1332 κτιστῶν
1212 1305 1258 1332 τὸν
1281 1305 1408 1332 ἁπάντων
1429 1305 1565 1333 ἀνώτατον
1590 1306 1793 1342 ὑμνολογοῦσιν·

1000 1352 1121 1379 αἰώνιον
1139 1351 1188 1387 μέν
1199 1351 1221 1367 ⁸¹
1243 1361 1310 1387 φασι
1328 1352 1374 1379 τὸν
1391 1351 1445 1378 τῶν
1461 1352 1566 1379 alii)va
1583 1353 1708 1389 ποιητὴν,
1744 1359 1790 1385 καὶ

1000 1397 1040 1432 τῷ
1054 1397 1110 1424 ὄντι
1126 1396 1222 1429 αἰῶνα,
1244 1396 1300 1432 εἴγε
1324 1398 1338 1424 ὁ
1359 1397 1403 1424 ἀεὶ
1425 1396 1463 1424 ὢν
1478 1397 1560 1429 αὐτός
1575 1399 1659 1430 ἐστιν,
1673 1399 1734 1426 ὅθεν
1748 1399 1794 1426 καὶ

1001 1442 1067 1469 αἰὼν
1080 1442 1200 1477 λέγεται,
1217 1441 1325 1469 αἰώνιον
1334 1442 1363 1469 δέ
1377 1443 1451 1469 ἐστιν
1468 1442 1518 1468 οὐκ
1533 1442 1614 1474 αὐτὸς
1627 1443 1642 1469 ὁ
1657 1442 1734 1476 αἰὼν,
1744 1443 1794 1470 ἀλ-

1001 1488 1034 1516 λὰ
1046 1488 1077 1515 τὸ
1092 1488 1189 1520 αἰῶνος
1206 1487 1331 1523 μετέχον·
1343 1488 1390 1515 καὶ
1404 1487 1469 1522 γοῦν
1481 1496 1563 1524 φησιν
1579 1488 1593 1514 ό
1604 1487 1722 1519 Ἥσαῖας
1731 1496 1738 1503 ·
1761 1486 1794 1515 ’ὒ

1001 1535 1074 1567 Θεὸς
1085 1535 1101 1561 ό
1117 1533 1235 1567 αἰώνιος
1251 1535 1268 1560 ό
1283 1532 1514 1566 κατασκευάσας
1523 1533 1560 1560 τὰ
1574 1532 1650 1567 ἄκρα
1661 1532 1716 1567 τῆς
1725 1533 1791 1568 γῆς·

154 1587 204 1606 nus
232 1579 277 1615 qui
296 1578 394 1606 creavit
422 1577 546 1604 terminos
568 1582 646 1604 terra:
655 1577 678 1609 l3;
698 1575 770 1603 Deus
785 1578 875 1602 autem
895 1582 948 1602 non

1007 1582 1016 1607 5
1030 1580 1059 1607 δὲ
1075 1579 1141 1611 Θεὸς
1156 1579 1187 1606 οὺ
1203 1578 1330 1615 δεύτερός
1343 1580 1401 1606 ἐστι
1422 1579 1470 1605 τοῦ
1485 1579 1590 1612 αἰῶνος,
1603 1579 1646 1606 ἵνα
1663 1580 1710 1606 καὶ
1727 1587 1792 1615 μετ-

154 1629 197 1653 est
216 1624 355 1660 posterior
369 1623 531 1656 mternitate,
545 1626 575 1650 ut
590 1622 673 1650 etiam
689 1621 724 1650 de
739 1629 770 1649 ca
786 1621 948 1658 participet;

155 1671 204 1700 sed
220 1671 385 1700 saeculorum
401 1673 520 1698 creator.

193 1717 228 1745 Ut
249 1726 301 1745 non
317 1720 501 1744 senescentem.
520 1714 676 1743 Secundum
691 1714 759 1742 illud
775 1722 781 1740 ε
805 1714 845 1742 Τιι
861 1719 949 1741 autem

155 1764 226 1792 idem
243 1764 297 1798 ipse
312 1771 350 1795 es,
365 1767 390 1790 et
406 1763 469 1789 anni
485 1762 524 1789 tui
538 1769 590 1788 non
604 1761 725 1796 deﬁcient
737 1761 762 1788 λι.

194 1809 229 1837 Ut
242 1810 270 1837 in
287 1817 356 1836 aura
373 1809 455 1836 tenui.
471 1807 529 1835 Hoc
546 1812 600 1840 est,
616 1807 689 1842 quod
707 1807 809 1834 dicitur
825 1805 853 1832 in
872 1805 949 1833 libris

155 1856 272 1892 Regum,
298 1863 351 1882 non
378 1855 406 1882 in
423 1855 598 1881 commotione
623 1853 751 1881 Dominus
771 1854 793 1884 ί,
813 1859 903 1887 neque
920 1851 950 1879 in

155 1902 229 1930 nube
254 1900 342 1928 adfuit
364 1900 508 1932 Dominus,
527 1903 557 1927 ut
578 1900 737 1934 loqueretur
759 1897 834 1930 Eliaa,
862 1897 907 1925 sed
921 1898 949 1924 in

155 1947 234 1976 sibilo
249 1955 322 1975 aura:
338 1947 422 1979 tenui,
434 1950 514 1974 vocat
528 1945 660 1973 Dominus
676 1955 682 1973 :
699 1945 752 1972 hoc
764 1951 845 1980 porro
856 1947 949 1972 osten-

155 1994 206 2027 dit,
216 2001 278 2022 eum
286 1993 379 2021 dicere
388 1992 473 2020 Deum
485 1999 547 2020 esse
562 1999 672 2027 quoque
683 1991 711 2019 in
724 1997 851 2025 corpore,
859 1989 906 2025 qui
920 1989 949 2017 in

156 2039 285 2067 omnibus
297 2037 582 2074 incomprehensibilis
592 2041 651 2070 est;
665 2036 778 2071 spiritus
793 2034 865 2063 enim
877 2039 904 2063 et
914 2035 949 2064 ab

155 2085 285 2114 omnibus
296 2084 515 2113 communicatur
527 2087 554 2112 et
567 2087 609 2111 est
625 2083 652 2110 in
664 2082 802 2114 omnibus,
815 2089 904 2118 neque
914 2082 948 2109 ab

155 2132 213 2160 ullo
245 2131 505 2167 comprehenditur,
537 2130 609 2158 sicut
632 2129 714 2157 etiam
750 2128 883 2156 Dominus
911 2128 948 2155 ait

128 2191 129 2194 η
156 2178 185 2206 in
218 2177 375 2214 Evangeliis
413 2185 419 2203 :
448 2176 564 2212 Spiritus
589 2180 629 2203 est
657 2174 749 2207 Deus;
783 2179 808 2202 et
835 2183 878 2202 eos
904 2175 948 2209 qui

157 2225 272 2252 adorant
296 2232 374 2257 eum,
397 2224 425 2251 in
444 2223 540 2259 spiritu
568 2227 593 2250 et
625 2223 732 2250 ueritate
758 2227 857 2256 oportet
881 2221 946 2249 ado-

157 2279 217 2298 rare
229 2271 253 2298 Ιι.

194 2316 275 2351 106
295 2315 330 2342 Et
353 2317 458 2343 nomine
483 2323 582 2342 carere.
611 2314 735 2342 Nominis
754 2313 947 2349 privationem,

157 2362 222 2396 quia
246 2365 289 2390 est
307 2363 410 2394 omnia,
438 2365 465 2390 et
491 2361 559 2389 nihil
584 2365 627 2389 est
656 2368 750 2388 eorum
781 2367 842 2396 quae
868 2363 946 2387 sunt:

158 2407 208 2436 sed
230 2407 323 2435 omnia
347 2415 381 2435 ex
405 2408 466 2444 ipso
491 2411 566 2437 sunt.
592 2407 664 2435 sicut
684 2407 743 2442 ipse
766 2406 886 2441 seipsum
901 2413 948 2433 ex-

157 2453 242 2489 plicat
253 2453 274 2480 ι.

195 2498 230 2526 Ut
252 2499 394 2534 principio.
426 2498 566 2534 Principio
594 2499 716 2534 quidem,
741 2502 772 2525 ut
798 2497 870 2533 quod
889 2504 950 2524 esse

158 2545 296 2580 pmbeat;
309 2544 364 2572 ﬁne
386 2548 476 2572 autem
493 2549 522 2572 ut
536 2545 610 2580 quod
624 2545 653 2572 in
668 2552 730 2573 esse
742 2547 895 2572 conservet.

194 2633 292 2662 Omnia
302 2634 330 2660 in
344 2633 475 2660 omnibus.
508 2632 606 2660 Omnia
619 2636 710 2661 autem
723 2640 784 2668 quae
798 2635 872 2662 sunt,
885 2630 948 2665 quia

157 2686 191 2707 ex
205 2680 266 2715 ipso
276 2684 341 2708 sunt
357 2679 460 2707 omnia.

195 2766 272 2794 llsa.
292 2774 337 2798 ιι..
351 2766 396 2794 28.
435 2766 449 2786 ιι
463 2765 535 2795 Psal.
549 2773 587 2796 et.
603 2765 649 2794 28.

706 2766 714 2786 ί
732 2765 766 2792 ΙΙΙ
782 2764 848 2801 Reg.
867 2772 924 2795 xxx,
940 2764 983 2792 Η.

1002 1625 1053 1661 έχῃ
1069 1623 1162 1657 αὑτοῦ,
1173 1624 1231 1651 ἀλλ’
1247 1623 1353 1651 αἰώνων
1367 1625 1491 1660 ποιητής.

1041 1723 1089 1754 Ὠς
1110 1720 1218 1756 ἀγήρω.
1241 1719 1320 1747 Κατὰ
1334 1719 1378 1746 τό·
1397 1718 1438 1746 Σὺ
1453 1717 1488 1745 δὲ
1502 1719 1518 1745 ὁ
1531 1717 1622 1751 αὐτὸς
1637 1718 1673 1750 εἷ,
1691 1717 1739 1744 καὶ
1757 1717 1793 1744 τὰ

999 1767 1051 1801 ἐτη
1059 1766 1121 1793 σοῦ
1132 1767 1188 1792 οὐκ
1202 1765 1409 1799 ἐκλείψουσιν.

1041 1813 1090 1845 Ὡς
1115 1812 1149 1838 ἐν
1165 1811 1251 1845 αὔρᾳ.
1271 1810 1356 1837 Τοῦτό
1381 1811 1438 1836 ἐστι
1461 1809 1492 1836 τὸ
1506 1809 1648 1845 εἰρημένον
1664 1809 1692 1835 ὲν
1709 1808 1792 1834 Βασι-

999 1857 1094 1891 λειαις,
1107 1858 1148 1884 ὅτι
1164 1857 1234 1884 οὔτε
1244 1857 1279 1883 ἑν
1293 1856 1332 1888 τῷ
1346 1855 1608 1890 συσσεισμῷ,οῠτε
1621 1856 1649 1881 ὲν
1664 1856 1696 1890 τῇ
1711 1854 1792 1889 νεφέ-

999 1902 1034 1940 λῃ
1049 1902 1213 1938 παρεγένετο
1225 1903 1239 1928 ὁ
1254 1900 1354 1936 Κύριος
1362 1900 1475 1935 λαλῆσαι
1486 1900 1525 1934 τῲ
1541 1899 1631 1935 Ἠλίᾳ·
1647 1898 1727 1926 ἀλλὰ
1737 1907 1793 1933 φω-

999 1949 1040 1984 νῇ
1054 1949 1148 1983 αὔρας
1161 1947 1258 1982 λεπτῇ
1271 1947 1349 1974 καλεῖ
1361 1948 1375 1974 ὁ
1389 1947 1490 1983 Κύριος
1499 1954 1506 1961 ·
1523 1945 1602 1972 τοῦτο
1612 1945 1640 1972 δὲ
1654 1945 1738 1980 δηλοῖ,
1750 1946 1794 1972 ὅτι

1000 1997 1047 2024 καὶ
1062 1997 1091 2022 ὲν
1109 1995 1214 2031 σώματί
1232 2003 1313 2030 φησιν
1327 1992 1396 2020 εἶναι
1412 1992 1458 2019 τὸν
1468 1992 1544 2024 Θεὸν,
1559 1992 1604 2019 τὸν
1620 1993 1649 2019 ὲν
1663 1993 1718 2023 τοῖς
1735 1992 1792 2018 πᾶ-

999 2052 1041 2070 σιν
1054 2041 1249 2078 ἀπερίληπτον·
1266 2042 1283 2076 ἡ
1296 2040 1350 2076 γὰρ
1366 2039 1434 2076 πνοὴ
1450 2039 1497 2066 καὶ
1509 2038 1585 2074 παρὰ
1599 2039 1707 2065 πάντων
1725 2047 1792 2073 μετ-η

999 2089 1100 2124 έχεται,
1118 2089 1165 2115 καὶ
1183 2089 1211 2114 ὲν
1227 2087 1309 2114 πᾶσιν
1329 2087 1396 2117 ἐστι,
1412 2087 1460 2113 καὶ
1475 2086 1539 2121 παρ’
1554 2084 1660 2117 οὐδενὸς
1676 2085 1792 2121 ἐμπερι-

999 2134 1177 2170 λαμϐάνεται,
1196 2133 1234 2165 ὡς
1255 2133 1302 2160 καὶ
1316 2133 1345 2158 ὲν
1362 2131 1537 2166 Εὑαγγελίοις
1552 2131 1632 2166 φησὶν
1648 2131 1663 2157 ὀ
1673 2130 1789 2166 Κύριοςε

998 2179 1121 2214 Πνεῦμα
1137 2179 1154 2206 ὁ
1171 2177 1253 2211 Θεὸς,
1268 2177 1317 2204 καὶ
1338 2176 1407 2209 τοὺς
1426 2175 1673 2211 προσκυνοῦντας
1697 2175 1792 2202 αὑτὸν

999 2225 1034 2252 ὲν
1047 2225 1191 2259 πνεύματι
1206 2223 1255 2250 καὶ
1269 2223 1394 2257 ἀληθείᾳ
1408 2222 1456 2249 δεῖ
1468 2221 1660 2257 προσκυνεῖν.

1035 2311 1091 2339 Καὶ
1103 2312 1136 2339 τὸ
1151 2310 1318 2344 ἀνώνυμον.
1344 2309 1495 2345 ’Δνώνυμον
1509 2308 1553 2335 διὰ
1566 2308 1596 2334 τὸ
1616 2308 1703 2334 πάντα
1720 2305 1791 2335 εἶναι

1000 2359 1046 2385 καὶ
1065 2358 1146 2394 μηδὲν
1161 2357 1215 2384 τῶν
1229 2356 1313 2383 ὄντων
1330 2353 1409 2388 εἶναι,
1427 2356 1495 2383 ἀλλὰ
1507 2356 1594 2382 πάντα
1609 2355 1638 2388 ἐξ
1653 2355 1735 2381 αὐτοῦ
1750 2353 1790 2381 εἷ-

999 2412 1053 2436 ναι,
1066 2404 1104 2435 ὡς
1120 2403 1201 2435 αὐτὸς
1215 2403 1310 2430 ἑαυτὸν
1325 2402 1470 2437 ἐξηγεῖται.

1043 2491 1090 2524 Ὠς
1115 2490 1221 2526 ἀρχῆς.
1256 2491 1354 2527 Ἀρχῆς
1383 2490 1442 2525 μὲν,
1478 2489 1515 2520 ὠς
1544 2488 1574 2515 τὸ
1601 2485 1670 2514 εἶναι
1699 2495 1789 2521 παρα-

1001 2536 1135 2572 σχομένης
1151 2544 1157 2550 ”
1187 2536 1304 2571 πέρατος
1332 2535 1376 2568 δὲ,
1407 2535 1445 2566 ὡς
1474 2535 1502 2560 ὲν
1533 2533 1572 2569 τῷ
1607 2530 1676 2559 εἷναι
1722 2540 1789 2559 συν-

1001 2582 1126 2619 εχούσης.

1037 2628 1075 2656 Τὰ
1087 2628 1185 2655 πάντα
1200 2627 1235 2654 ὲν
1251 2626 1337 2655 πᾶσι.
1353 2627 1446 2653 Πάντα
1458 2626 1487 2652 δὲ
1505 2625 1540 2652 τὰ
1555 2625 1631 2657 ὄντα,
1653 2623 1698 2650 διὰ
1713 2622 1744 2650 τὺ
1756 2621 1790 2656 ἐξ

999 2674 1082 2702 αὐτοῦ
1095 2672 1164 2700 εἶναι
1179 2673 1215 2700 τὰ
1231 2673 1328 2700 πάντα.

1034 2763 1047 2782 ι
1061 2763 1141 2791 Joan.
1157 2771 1195 2795 IV,
1209 2762 1255 2791 24.
1310 2761 1318 2780 ι
1351 2761 1374 2789 ll
1388 2761 1452 2789 Cor.
1473 2769 1498 2795 v,
1514 2759 1558 2788 18.

637 2854 752 2885 νΑΒιλΕ
769 2852 961 2884 LECTIONES
977 2852 1021 2880 ET
1038 2851 1313 2881 CORRECTIONES.
1332 2880 1335 2883 .

198 2921 220 2938 "
235 2929 282 2958 γρ·
300 2922 363 2960 γάρι
