1923 3064
143 214 196 243 209

535 214 563 243 S.
584 213 709 241 MAXIMI
729 213 877 242 SCIIOLIA
898 213 930 241 IN
949 213 1013 241 LIB.
1031 213 1074 240 DE
1093 212 1218 240 DIVINIS
1235 211 1433 241 NOMINIBUS.

1736 213 1790 241 210

179 273 235 301 Καὶ
250 273 346 301 ἑστία.
369 273 477 300 Ἑστίαν
487 273 568 300 αὑτὸν
585 273 692 300 πάντων
703 273 766 309 ἔφη,
781 273 819 305 ὡς
829 273 934 308 οἴκησιν

1028 271 1063 299 Ut
1076 272 1250 300 domicilium.
1268 271 1355 299 Vocat
1368 271 1459 307 ipsum
1473 271 1641 299 domicilium
1652 272 1783 305 omnium.

143 320 208 347 ὄντα
221 320 330 346 πάντων
345 319 400 346 τῶν
413 319 507 354 ἁγίων,
525 320 563 351 ὠς
585 320 666 352 αὐτὸς
684 321 698 347 ὁ
716 320 818 356 Κύριός
839 328 934 355 φησιν’

143 365 272 392 Μεινατε
283 365 319 392 ἐν
329 365 396 400 ἐμοί
402 374 408 380 ·
421 365 515 401 ὥσπερ
528 365 583 401 γὰρ
592 366 655 398 ναὸς
666 366 747 393 αὑτοῦ
757 367 851 402 ἐσμεν,
866 366 937 394 κατὰ

141 411 174 438 τό
184 419 191 426 ·
217 410 381 444 Ἐνοικήσω
395 411 430 438 ἐν
445 411 556 445 αὐτοῖς,
572 413 622 439 καὶ
632 413 874 448 ἐμπεριπατήσω·
891 412 937 440 οὖ-

142 464 183 482 τω
199 455 246 482 καὶ
257 456 338 487 αὐτὸς
353 454 427 488 οἶκος
441 456 519 492 ἡμῶν
533 458 591 483 ἐστι
601 466 607 472 ·
624 458 714 490 καλῶς
729 459 757 485 δὲ
773 458 854 490 εὐθὺς
885 457 937 482 ἐπ-

141 503 231 538 ήγαγε
239 505 269 531 τὸ
287 501 460 536 ἡνωμένως·
481 503 574 539 ἐπειδὴ
593 503 647 539 γὰρ
669 501 755 537 εἶπεν,
772 505 853 532 αὑτὸν
868 503 937 532 εἶναι

144 547 244 579 πάντα,
260 548 307 574 καὶ
321 549 349 574 ὲν
365 548 439 584 αὺτῷ
453 549 487 576 τὰ
497 550 595 583 πάντα,
607 551 650 578 ἵνα
667 551 704 587 μή
718 560 770 584 τις,
787 552 827 583 εἰς
843 551 937 579 σύνθε-

145 601 188 620 σιν
198 593 243 620 τὸν
260 593 321 620 νοῦν
337 594 512 629 καταγαγὼν,
526 596 638 623 ἐκπέσοι
653 597 703 632 τῆς
718 597 856 632 ἀληθείας,
873 598 939 625 ὑπο-

143 638 214 666 νοῶν
230 639 337 666 ἇπαντα
355 641 553 677 συμφορεῖσθαι
578 642 699 678 σωρηδὸν
721 643 750 669 ἐν
777 642 818 678 τῷ
835 643 905 678 Θεῷ,
920 643 938 678 ἢ

144 686 218 712 κατὰ
233 686 282 721 τὴν
301 685 425 713 σύνθεσιν
439 687 484 714 τὸν
500 687 566 714 Θεὸν
581 686 650 715 εἶναι
665 688 701 715 τὰ
715 689 814 722 πάντα,
833 689 939 724 ταχέως

144 731 313 767 ἐθεράπευσε
322 732 353 758 τὸ
360 733 541 768 άπεμφαῖνον,
552 733 638 761 εἰπὼν
648 734 939 769 ήνωμένα,’τουτὲστιν

144 777 175 803 ὲν
190 779 224 813 τῇ
238 778 327 814 οικείᾳ
341 779 423 812 ἐνάδι,
442 779 543 814 μᾶλλον
565 780 593 807 δὲ
614 781 684 817 ὑπὲρ
709 781 791 808 ἑνάδα
812 782 939 817 μείναντα

146 823 379 860 ὑπερηπλωμένον
397 825 508 862 ἀμερῶς
522 826 569 853 καὶ
579 826 687 862 ὰμιγῶς
707 829 763 859 τοῖς
779 825 854 855 οὖσιν
869 825 939 855 εῖναι

145 868 181 895 τὰ
190 870 278 896 πάντα
290 871 337 897 καὶ
352 872 382 897 ὲν
397 872 479 898 πᾶσιν
489 880 495 887 ·
510 872 579 899 ἀλλὰ
594 873 641 899 καὶ
655 873 792 908 ἀσχέτως
807 874 893 901 ἐστὶν
906 875 940 901 ἐν

146 913 252 946 πᾶσιν,
263 915 323 942 ἀντὶ
332 915 390 948 τοῦ,
407 916 451 943 ὑπ’
461 916 567 948 οὐδενὸς
580 918 770 953 κατεχόμενος,
781 919 797 954 ἢ
812 928 940 955 περιγρα-

147 960 264 995 φόμενος
276 961 448 996 σωματικῶς,
466 962 642 998 ὲξῃρημένως
652 963 681 989 δὲ
690 963 789 998 μᾶλλον
799 972 805 978 ·
824 963 876 996 ἔξω
886 965 940 1000 γάρ
957 956 977 984 Β

146 1005 206 1031 ἐστι
221 1004 275 1032 τῶν
290 1005 427 1038 ἁπάντων,
445 1005 564 1042 οὐδαμοῦ
575 1005 623 1040 ὣν,
640 1006 671 1039 ἐξ
681 1007 763 1033 αὐτοῦ
779 1007 886 1034 πάντων
901 1007 942 1034 6v-

145 1057 213 1081 των,
235 1051 282 1078 καὶ
302 1050 383 1082 αὐτὸς
404 1051 434 1077 ὲν
453 1051 554 1079 πᾶσιν⁸
572 1051 603 1084 ἐξ
620 1051 702 1078 αὐτοῦ
723 1051 778 1088 γὰρ
802 1052 837 1079 τὰ
853 1053 940 1080 πάντα

148 1096 309 1131 συνέστηκε.

183 1141 285 1169 Πάντα
294 1141 329 1168 δὲ
337 1142 451 1176 ἁπλῶς.
466 1143 610 1171 Τουτέστιν
624 1143 778 1176 ἀσυνθέτως
789 1153 796 1159 ·
813 1146 842 1172 ὲν
854 1145 942 1172 οὐδενὶ

148 1187 203 1223 γὰρ
212 1187 266 1214 τῶν
282 1187 367 1215 ὄντων
383 1188 511 1224 συνετέθη
527 1189 544 1225 ἢ
563 1190 727 1225 σωματικῶς
743 1190 844 1226 ἠνὼθη,
861 1191 886 1218 εἰ
903 1191 942 1228 μὴ

149 1233 179 1259 ὲν
192 1232 231 1268 τῷ
247 1233 336 1269 καιρῷ
352 1234 402 1270 τῆς
416 1236 580 1270 οἰκονομίας.

186 1279 278 1306 Θείων
302 1280 476 1315 φασμάτων.
506 1281 568 1308 Ὅτι
591 1282 722 1318 φάσματα
746 1282 824 1309 καλεῖ
844 1283 894 1314 τὰς
913 1284 942 1310 ἐν

151 1325 294 1361 συμόόλοις
310 1326 494 1362 ἀποκαλύψεις
506 1327 553 1354 τοῦ
564 1328 642 1361 Θεοῦ,
652 1329 700 1355 καὶ
712 1328 743 1355 τὺ
756 1329 814 1361 πῶς
823 1329 888 1356 αὐτὸ
897 1329 942 1356 λέ-

150 1379 205 1404 γει,
224 1372 386 1406 σημείωσαι.

194 1418 391 1452 Ἀνακτόροις.
422 1419 552 1455 ’Έλληνες
577 1420 716 1456 ἀνάκτορα
745 1421 859 1448 ἐκάλουν
888 1422 943 1449 τῶν

149 1464 216 1499 παρ’
226 1464 318 1495 αὐτοῖς
333 1463 401 1491 θεῶν
415 1464 450 1492 τὰ
464 1465 563 1501 τεμένη
573 1475 579 1481 ·
594 1467 720 1501 ἐμφαίνει
734 1464 781 1494 οὖν
795 1469 810 1494 ὁ
825 1467 902 1502 ἅγιος
915 1469 943 1495 ὲν

148 1509 256 1541 τούτοις
275 1509 305 1536 τὺ
325 1509 402 1545 παρὰ
423 1510 463 1546 τῷ
490 1511 604 1546 Ἡσαΐᾳ·
628 1511 701 1538 δοκεῖ
715 1512 769 1548 γὰρ
787 1513 816 1539 ὲν
835 1513 874 1548 τῷ
889 1513 944 1548 ναῷ

151 1554 332 1590 ὑπαγορεύειν
357 1555 437 1582 αὑτὸν
451 1556 602 1591 ἑωρακέναι
617 1557 666 1593 τὴν
682 1557 757 1584 θείαν
770 1558 878 1594 εκείνην
889 1557 945 1594 [δό-

149 1599 198 1632 ξαν
210 1600 269 1636 καὶ]
283 1600 355 1635 ὄψιν,
368 1601 417 1636 τὴν
431 1601 478 1628 τοῦ
498 1602 632 1638 σεραφίμ·
647 1602 682 1630 τὰ
699 1603 728 1630 δὲ
750 1603 815 1639 ἑξῆς
837 1605 943 1639 εῐρηται

148 1645 194 1671 διὰ
210 1645 259 1681 τὴν
275 1645 322 1672 τοῦ
342 1646 472 1683 Ἰεζεκιὴλ
487 1647 592 1685 ὅρασιν,
610 1648 659 1684 τὴν
678 1649 707 1676 ὲν
722 1649 871 1682 Βαϐυλῶνι,
894 1649 942 1677 καὶ

149 1690 249 1725 ἑτέρας
261 1691 339 1723 τινὰς
351 1691 479 1727 θεωρίας.

185 1736 242 1762 Kal
257 1736 379 1770 θώκους.
398 1738 525 1772 Θρόνους.

186 1782 360 1817 Συμϐολικῇ
376 1784 522 1819 θεολοτίᾳ.
534 1785 615 1812 Ἀλλο
639 1786 782 1822 σύνταγμα
803 1788 942 1824 ὑπισχνεῖ-

148 1836 196 1855 ται
210 1828 326 1863 γράφειν
336 1850 343 1862 ,
358 1830 427 1866 ὅπερ
444 1830 520 1857 καλεῖ
533 1831 724 1866 Συμϐολικὴν
738 1834 904 1868 θεολογίαν.

193 1875 225 1901 '0
248 1876 425 1910 ὶεραρχικός,
450 1877 606 1913 Σημείωσαι
627 1879 669 1905 ὅτι
698 1879 815 1914 μάλιστα
841 1880 942 1915 ἱερεῦσι

150 1920 254 1956 πρέπει
269 1921 382 1958 θεωρεῖν
396 1922 446 1958 τὴν
461 1922 535 1950 θείαν
545 1924 666 1960 Γραφήν.

188 1967 342 2001 Θεοειδεῖς.
365 1969 436 1996 Ἀντὶ
449 1969 496 1996 τοῦ
517 1970 682 2005 θεοφανεῖς.

187 2054 243 2081 Καὶ
260 2055 320 2082 ὦτα
332 2059 405 2090 ἱερά.
422 2054 492 2083 Ὦτα
504 2056 683 2086 διεντέλλεται
705 2059 766 2095 ίερὰ
787 2061 843 2092 τοῖς
855 2061 943 2096 ἁγίοις

151 2100 363 2136 παρατίθεσθαι,
377 2101 515 2129 τουτέστιν
528 2103 612 2140 ἀκοὴν
625 2103 723 2139 εὐσεϐῆ
739 2105 786 2132 καὶ
797 2105 877 2139 ἀξίαν
889 2106 944 2134 τῶν

150 2146 250 2180 ἁγίων.

195 2194 357 2228 Ἀμύστων.
384 2195 512 2222 Τουτέστι
536 2196 590 2223 τῶν
608 2197 737 2233 ἀμυήτων
750 2206 756 2213 ·
774 2198 814 2225 ὅτι
837 2199 851 2225 ὁ
876 2200 945 2234 μετὰ

149 2239 270 2274 γέλωτος
287 2241 334 2267 καὶ
350 2241 516 2276 ἐμπαιγμῶν
525 2242 579 2269 τῶν
590 2242 670 2270 θείων
683 2243 790 2271 ἀκούων
803 2243 911 2279 λογίων,
927 2245 944 2281 ἢ

149 2284 206 2312 τῶν
221 2286 286 2321 περὶ
299 2286 368 2313 αὐτὰ
378 2287 540 2322 ἑρμηνειῶν,
555 2288 593 2319 ὡς
607 2288 739 2324 θεομάχος
749 2290 880 2326 κρίνεται.
895 2291 942 2317 Τι-

151 2331 244 2367 μοθέῳ
264 2331 292 2358 δὲ
311 2332 412 2368 γράφει
428 2334 505 2360 καὶὸ
529 2333 698 2366 Ἀπόστολος,
715 2335 756 2362 ὃτι
779 2337 810 2363 οὐ
831 2336 872 2363 δεῖ
885 2338 943 2369 τοῖς

152 2377 192 2412 μὴ
220 2377 374 2413 δεχομένοις
403 2378 448 2405 τὸν
474 2378 552 2413 λόγον
575 2380 604 2407 ἐν
623 2380 735 2416 ἀληθείᾳ
766 2381 856 2408 λαλεῖν
880 2383 945 2418 περὶ

149 2423 290 2452 τοιούτων.

393 2482 447 2508 ΕῐΣ
465 2482 510 2509 ΤΟ
529 2483 655 2511 ΚΕΦΑΛ.
679 2484 720 2510 B'.

188 2526 241 2562 ξι.
262 2527 322 2562 Τὴν
333 2529 503 2564 θεαρχικήν.
526 2530 573 2556 Ἐκ
600 2530 646 2557 τοῦ
673 2531 819 2565 κεφαλαίου
846 2532 940 2559 τούτου

152 2573 272 2609 μάλιστα
291 2576 339 2602 καὶ
362 2575 494 2611 Ἀρειανοὶ
517 2577 564 2603 καὶ
588 2577 751 2612 Εὑνομιανοὶ
772 2578 803 2605 τὸ
819 2578 944 2614 ἀνόμοιον

152 2619 352 2654 πρεσὸεύοντες
371 2621 563 2656 πολεμοῦνται,
587 2623 634 2649 καὶ
654 2623 831 2659 Νεστοριανοὶ
850 2625 878 2651 δὲ
897 2625 944 2651 καὶ

158 2663 314 2699 Ἀκέφαλοι.
323 2665 489 2700 Θεαρχικὴν
501 2665 536 2693 δὲ
549 2666 572 2682 ⁸²
588 2666 666 2701 ὅλην
675 2667 806 2702 ὓπαρξιν
816 2677 881 2704 φησι
893 2669 944 2704 τῆς

191 2739 210 2754 ω
223 2733 304 2762 Joan.
321 2743 366 2767 xv,
380 2735 407 2763 Δ.
446 2734 495 2763 1³ΙΙ
515 2735 579 2764 Cor.
591 2744 630 2769 vl,
649 2736 694 2764 I6.

989 322 1017 346 ut
1034 318 1081 353 qui
1102 319 1138 346 sit
1160 321 1318 346 sanctorum
1336 317 1460 345 omnium
1477 317 1625 350 habitatio.
1635 318 1707 345 sicut
1723 318 1785 354 ipse

988 364 1122 393 Dominus
1137 364 1175 392 ait
1193 372 1200 390 :
1218 363 1323 391 Μαηειε
1336 364 1363 390 in
1375 368 1454 392 me“.
1467 363 1702 396 Quemadmodum
1712 364 1785 392 enim

987 412 1119 446 templum
1133 411 1221 447 ipsius
1232 419 1339 443 sumus,
1354 410 1433 446 juxta
1444 409 1511 437 illud
1522 418 1528 436 ε
1541 409 1700 437 Inhabitabo
1711 411 1738 437 in
1746 411 1787 445 ip-

987 459 1036 491 δίε,
1044 463 1069 486 et
1077 450 1249 485 ina'mbuiabo
1260 462 1273 477 η
1285 467 1292 490 ;
1307 458 1343 485 ita
1351 457 1434 485 etiam
1448 457 1507 492 ipse
1521 460 1564 485 est
1572 457 1670 484 domus
1679 460 1784 490 nostra;

988 509 1062 533 recte
1077 510 1167 532 autem
1184 504 1277 532 statim
1294 503 1438 538 subjunxit
1452 504 1543 535 unite;
1565 502 1785 539 quandoquidem

988 551 1060 578 enim
1077 551 1188 583 dixerit,
1206 551 1294 586 ipsum
1307 557 1369 577 esse
1382 549 1474 577 omnia
1485 553 1513 577 et
1522 549 1549 576 in
1565 549 1625 584 ipso
1635 549 1739 581 omnia,
1752 557 1787 576 ne

989 597 1088 632 aliquis
1106 602 1225 624 mentem
1246 597 1273 624 in
1293 595 1521 631 compositionem
1541 595 1676 623 inducens
1691 602 1706 622 a
1721 602 1786 622 vero

988 645 1137 677 excideret,
1145 644 1287 672 arbitrans
1297 643 1425 670 universa
1436 643 1584 670 acervatim
1596 642 1624 669 in
1631 641 1715 670 Deum
1723 649 1787 669 con-

989 689 1065 722 ferri,
1079 694 1125 717 aut
1137 689 1222 717 Deum
1238 689 1390 717 secundum
1400 688 1557 723 opinionem
1570 695 1633 716 esse
1645 686 1785 717 universa.

989 743 1053 764 mox
1060 735 1257 763 absurditatem
1266 734 1382 768 curavit,
1390 733 1506 761 dicendo
1513 734 1597 766 unite,
1604 733 1631 761 id
1638 737 1680 762 est
1687 733 1785 769 inpro-

990 782 1050 817 pria
1067 782 1183 810 unitate.
1198 781 1265 817 quin
1281 781 1373 817 potius
1387 788 1472 816 supra
1483 780 1615 808 unitatem
1630 783 1786 808 manentem

990 829 1157 864 explicatum
1169 828 1228 856 sine
1238 828 1373 856 divisione
1384 831 1411 855 et
1425 827 1552 855 mistione
1561 835 1623 855 cum
1632 827 1715 856 rebus
1724 834 1788 855 esse

990 876 1082 903 omnia
1095 880 1122 903 et
1137 876 1164 902 in
1176 875 1304 902 omnibus
1318 882 1324 899 ε
1338 881 1433 902 verum
1445 873 1527 901 etiam
1542 878 1580 901 est
1591 873 1646 900 sine
1658 873 1786 900 dolentia-

991 931 1022 949 ne
1039 922 1067 949 in
1084 921 1216 954 omnibus,
1229 928 1289 956 pro,
1305 927 1320 947 a
1334 920 1410 947 nullo
1425 919 1651 954 comprehensus,
1667 922 1714 946 aut
1728 919 1786 946 cir-

994 968 1182 1003 cumscriptus
1199 966 1396 1002 corporaliter;
1412 965 1512 993 eximie
1525 973 1591 993 vero
1607 965 1694 1001 magis
1715 974 1722 992 :
1745 969 1787 993 est

991 1016 1064 1044 enim
1084 1018 1161 1042 extra
1178 1013 1307 1041 universa
1321 1019 1457 1048 nusquam
1480 1011 1628 1044 exsistens,
1651 1019 1713 1039 cum
1729 1019 1788 1039 om-

990 1061 1036 1087 nia
1054 1067 1087 1087 ex
1101 1059 1163 1094 ipso
1177 1058 1233 1086 sint
1247 1062 1275 1085 et
1285 1057 1343 1092 ipse
1359 1057 1386 1084 in
1398 1055 1526 1084 omnibus
1544 1066 1549 1083 :
1566 1064 1598 1084 ex
1616 1056 1676 1091 ipso
1693 1056 1785 1091 siqui-

990 1106 1052 1134 dem
1069 1105 1199 1132 universa
1210 1103 1378 1131 consistunt.

1028 1152 1080 1180 Sed
1098 1151 1220 1178 universa
1236 1149 1401 1184 simpliciter.
1424 1146 1454 1175 Id
1473 1151 1515 1175 est
1531 1146 1590 1174 sine
1609 1147 1787 1182 compositio-

990 1207 1041 1232 ne;
1062 1206 1124 1225 cum
1152 1197 1229 1224 nulla
1248 1196 1321 1224 enim
1339 1203 1369 1222 re
1392 1193 1562 1229 compositus
1584 1193 1636 1220 fuit
1658 1197 1705 1220 aut
1724 1202 1772 1221 cor

991 1243 1123 1279 poraliter
1137 1242 1243 1273 unitus,
1259 1240 1314 1268 nisi
1331 1240 1360 1266 in
1372 1243 1495 1274 tempore
1511 1238 1719 1266 incarnationis.

1027 1289 1129 1317 Divinis
1140 1288 1214 1316 visis.
1229 1287 1295 1314 Visa
1306 1289 1388 1314 vocat
1399 1285 1580 1314 revelationes
1589 1283 1637 1312 Dei
1648 1285 1676 1312 in
1687 1284 1789 1320 signis;

991 1339 1056 1364 nota
1069 1335 1151 1363 etiam
1166 1333 1303 1370 quomodo
1321 1332 1389 1360 illud
1404 1331 1486 1359 dicat.

1029 1414 1063 1442 In
1078 1414 1163 1441 sacris
1184 1412 1299 1448 templis,
1321 1411 1369 1439 Gr.
1383 1410 1553 1446 ἀνακτόροις.
1567 1409 1689 1437 Gentiles
1704 1417 1786 1437 voca-

992 1460 1059 1488 bant
1081 1459 1218 1495 ἁνάκτορα
1245 1458 1359 1486 deorum
1384 1464 1497 1485 suorum
1517 1455 1640 1483 delubra.
1663 1454 1795 1482 Sanctus.

993 1506 1078 1541 igitur
1088 1506 1209 1533 declarat
1223 1505 1250 1532 in
1267 1504 1311 1532 his
1325 1503 1392 1531 illud
1404 1502 1497 1536 Isaiae;
1522 1502 1629 1529 vitietur
1647 1501 1719 1529 enim
1743 1502 1787 1528 iu-

993 1551 1140 1587 terpretari
1165 1551 1254 1585 ipsum
1273 1549 1376 1577 vidisse
1402 1549 1430 1575 in
1453 1547 1552 1582 templo
1571 1546 1695 1574 divinam
1712 1546 1790 1574 illam

995 1598 1122 1635 [gloriam
1134 1596 1172 1632 et]
1184 1597 1316 1624 visionem
1330 1594 1479 1630 serapbim.
1490 1592 1556 1626 Quae
1569 1596 1659 1620 autem
1671 1600 1796 1627 sequuti-7

961 1637 984 1667 ο
999 1648 1054 1676 tur,
1065 1644 1138 1671 dicta
1153 1645 1217 1670 sunt
1229 1645 1340 1677 propter
1353 1641 1484 1668 visionem
1497 1639 1647 1667 Ezechielis
1659 1639 1685 1666 in
1699 1639 1787 1675 Baby-

992 1690 1065 1722 lone,
1079 1692 1107 1716 et
1124 1687 1256 1723 quasdam
1269 1686 1337 1714 alias
1354 1685 1483 1713 visiones.

1027 1735 1061 1762 Et
1073 1737 1143 1766 sede,
1159 1732 1206 1761 Gr.
1221 1732 1268 1760 καὶ
1282 1730 1544 1761 θώκους.Τι]ι·οιιοε.

1029 1781 1182 1817 Symbolicu
1196 1779 1337 1814 theologia.
1349 1777 1488 1804 Promittit
1503 1783 1532 1804 se
1549 1775 1622 1803 aliud
1632 1783 1702 1811 opus
1717 1775 1789 1804 scri-

992 1833 1114 1865 pturum,
1127 1827 1200 1863 quod
1211 1829 1292 1854 vocat
1306 1823 1484 1860 Symbolicam
1495 1822 1664 1857 theologiam.

1029 1873 1228 1902 Hierarchicus.
1244 1871 1314 1899 Nota
1327 1870 1446 1898 maxime
1466 1868 1613 1896 convenire
1633 1867 1785 1896 sacerdoti-

992 1921 1045 1949 bus
1058 1920 1179 1948 divinam
1191 1917 1363 1952 Scripturam
1378 1914 1570 1950 contemplari.

1031 1965 1109 2001 107
1123 1964 1281 1999 Deiformes,
1296 1962 1344 1990 Gr.
1354 1961 1488 1992 θεοειδεῖς.
1501 1960 1555 1988 Pro
1566 1960 1717 1995 θεοφανετς,
1733 1960 1783 1995 qui

996 2013 1036 2040 dii
1051 2014 1194 2048 apparent.

1030 2058 1064 2085 Ει
1077 2065 1170 2085 sacras
1185 2064 1274 2084 aures.
1290 2054 1450 2090 Praecipitur
1465 2054 1569 2081 sanctis
1583 2057 1613 2081 ut
1628 2060 1722 2081 sacras
1738 2060 1788 2080 au-

994 2113 1040 2133 res
1055 2105 1227 2136 admoveant,
1247 2102 1276 2129 id
1289 2104 1332 2130 est
1355 2101 1522 2129 auditionem
1537 2099 1621 2135 piam,
1642 2103 1669 2127 et
1684 2099 1788 2127 sanctis

995 2152 1117 2188 dignam.

1031 2197 1223 2232 Profanorum,
1233 2194 1280 2222 Gr.
1293 2194 1432 2229 ἀμύστων,
1441 2192 1471 2220 Id
1480 2196 1522 2220 est
1532 2199 1586 2219 non
1598 2191 1766 2219 initiatorum
1778 2199 1785 2217 :

995 2251 1094 2278 nempe
1112 2243 1158 2278 qui
1179 2249 1243 2269 cum
1256 2241 1314 2268 risu
1338 2244 1366 2267 et
1388 2239 1505 2267 ludibrio
1520 2238 1629 2266 divinos
1646 2244 1786 2266 sermones

997 2291 1085 2323 audit,
1100 2294 1147 2316 aut
1158 2296 1254 2316 eorum
1268 2286 1518 2322 interpretationes,
1536 2289 1667 2319 tanquam
1689 2283 1788 2319 θεομά-

995 2335 1152 2374 χος(ἱ1081ἱ8
1173 2333 1232 2369 Dei)
1248 2333 1398 2368 iudicatur.
1419 2331 1520 2360 Scribit
1538 2335 1628 2359 autem
1646 2331 1789 2359 Timotheo

998 2381 1150 2419 apostolus,
1166 2387 1222 2407 non
1233 2387 1296 2407 esse
1305 2379 1495 2406 disserendum
1510 2378 1543 2406 de
1561 2378 1661 2407 talibus
1675 2386 1737 2406 cum
1754 2378 1793 2407 iis

996 2429 1044 2466 qui
1060 2427 1174 2456 verbum
1191 2427 1219 2454 in
1239 2425 1351 2453 veritate
1364 2432 1419 2452 non
1430 2425 1575 2460 recipiunt.

1293 2480 1327 2508 IN
1348 2480 1426 2508 CAP.
1449 2479 1481 2508 II.

1030 2530 1043 2567 §
1059 2529 1080 2558 I.
1101 2528 1232 2556 Divinam.
1245 2527 1284 2554 Ex
1298 2527 1350 2554 hoc
1370 2527 1460 2563 capite
1478 2527 1596 2555 maxime
1607 2535 1669 2554 cum
1683 2526 1787 2560 Ariani,

997 2581 1056 2604 tum
1076 2574 1308 2609 Eunomiani,qui
1323 2574 1534 2609 inaequalitatem
1547 2573 1586 2609 (in
1601 2572 1654 2600 SS.
1668 2573 1789 2600 Trinita-

996 2623 1035 2660 te)
1054 2625 1193 2655 asserunt,
1219 2625 1430 2657 oppugnantur;
1454 2625 1511 2648 tum
1525 2621 1607 2650 etiam
1630 2618 1791 2646 Nestoriani.

996 2674 1023 2697 et
1037 2668 1176 2704 Acephali.
1189 2667 1312 2695 Divinam
1336 2672 1423 2694 autem
1447 2672 1530 2694 totum
1549 2666 1731 2694 assistentium
1745 2665 1787 2694 di-

631 2793 750 2822 VARIAS
772 2793 966 2822 LECTIONES
983 2793 1027 2820 ET
1044 2788 1320 2821 CORRECTIONES.

190 2838 207 2879 ς
217 2846 263 2873 γρ.
276 2839 330 2872 Εἰς
337 2839 368 2866 τὸ
376 2840 542 2879 ῃεὲοοὶλαιον
548 2842 636 2879 τοῦτο
641 2841 675 2879 τὸ
680 2842 821 2879 δεύτερον
826 2841 952 2879 μάχεται
956 2841 1090 2879 μάλιστα
1096 2839 1170 2879 ἶτιᾶρί
1178 2839 1240 2872 τοῖς
1246 2839 1278 2866 τὸ
1286 2839 1665 2879 ἀτόμοιςηβρεσὸςερουσις,
1681 2840 1789 2879 Ἀρεία-

150 2873 218 2911 τοῖς
233 2882 318 2911 sum“!
335 2874 385 2901 καὶ
400 2873 598 2911 Εὑνομιανοῖς
613 2878 663 2904 καὶ
678 2873 928 2910 Μακεδονιὶγτᾶῖς,
942 2873 1056 2911 μεταξὺ
1072 2875 1106 2903 δὲ
1128 2873 1413 2911 Νεστοριανοῒςζχαζ
1427 2873 1610 2911 Ἀξοεφὰλοιᾳ
1629 2875 1734 2908 Θεαρχ.
1754 2874 1788 2901 In

152 2908 203 2934 hoc
219 2908 334 2947 secundo
350 2908 568 2947 copite_mhzime
583 2908 682 2947 pugnat
698 2921 758 2940 cum
775 2908 951 2940 omnibusriis
968 2912 1012 2946 qui
1029 2910 1236 2946 ἰηωφιαίίιαιειη
1253 2910 1292 2947 (in
1321 2909 1371 2947 SS.
1392 2909 1537 2947 Trinitate)
1562 2914 1698 2947 asserunt.»
1712 2917 1785 2947 nem-

152 2950 184 2977 pe
200 2951 260 2970 cum
276 2943 387 2973 Arionis
400 2966 407 2980 ,
426 2943 602 2975 Eunomianis
619 2943 649 2976 'et
678 2947 894 2976 Macedonmm's:
908 2943 1041 2975 interdum
1060 2943 1140 2974 etiam
1163 2953 1222 2972 cum
1247 2944 1416 2972 Nostorianis
1439 2948 1463 2971 et
1489 2943 1638 2979 Acephalis.
1664 2943 1786 2971 Divinum

156 2983 256 3013 autem,
272 2983 325 3008 etc.
