1923 3064
122 167 172 195 216

492 166 519 194 S.
539 166 663 195 MAXIM!
683 166 826 195 SCHOLIA
847 168 880 196 IN
898 167 961 194 LIB.
982 166 1026 194 DE
1043 165 1169 194 DlVlNlS
1189 165 1385 194 NOMINIBUS.

1687 165 1742 193 ⁸2ίῦ

122 214 233 248 θεότητα
257 213 395 249 σημαίνει,
410 213 531 240 τουτέστι
543 214 592 249 τὴν
608 214 686 248 ἁγίαν
702 214 724 240 Τ
727 215 817 249 ριάδα·
842 215 905 240 ὅταν

968 218 1010 245 :at,
1033 214 1058 240 id
1076 218 1116 240 est
1132 218 1253 240 sanctam
1268 213 1429 241 Trinitatem
1444 221 1449 238 :
1466 213 1575 248 quando
1593 218 1681 240 autem
1695 213 1738 238 di-

120 259 148 286 δὲ
162 260 198 294 φῇ
216 258 250 290 ⁸⁸,
280 259 317 285 τὰ
331 259 428 286 πάντα
441 259 477 286 δι’
489 259 581 286 αὐτοῦ
601 260 649 286 καὶ
665 261 708 292 εἰς
723 260 814 287 αὑτὸν
830 261 907 287 ἐκτι-

108 307 197 337 ’σται,
221 305 375 338 διεξοδικῶς
400 306 463 340 περὶ
495 305 549 332 τῶν
576 306 749 333 ὑποστάσεων
766 306 903 341 σημαίνει·

119 350 197 377 τοῦτο
207 351 261 386 γὰρ
272 352 311 382 εἰς
322 351 366 377 τὸν
378 351 570 387 δημιουργικὸν
580 351 657 385 λόγον
664 351 786 384 ἐδέξαντο
797 352 904 383 πάντες.

153 396 209 424 Καὶ
225 397 330 424 αὺτοῦ.
344 395 396 422 Τοῦ
404 397 491 431 Λόγου
509 397 639 433 δηλονότι.

154 441 340 475 Κοινωνικῶς
348 442 397 469 καὶ
410 443 577 476 ήνωμὲνως.
589 443 744 478 Σημείωσαι
760 443 800 470 ὅτι
814 451 908 470 κοινω-

109 487 202 519 ’νιιιῶς
215 488 316 523 ἥνωται
329 487 364 514 τὰ
378 488 429 523 τῆς
445 488 524 522 ἁγίας
536 488 658 524 Τριάδος.

113 537 117 549 ῖ
157 533 213 566 Τὰς
229 533 392 568 θεουργίας.
410 530 471 560 Οῗον
487 533 527 565 τὸ,
547 533 616 568 Ἐγὼ
628 533 663 560 ἐν
677 534 824 570 Πνεύματι
835 535 907 562 Θεοῦ

121 579 256 607 ἐκϐάλλω
272 580 308 607 τὰ
323 579 474 613 δαιμόνιαι
506 579 536 606 τὸ
564 579 654 612 σέϐας,
678 581 716 612 ὠς
738 580 784 606 τό·
808 573 908 614 Εἰξτὸ

121 625 206 660 ἅγιον
222 625 344 659 Πνεῦμα
357 623 616 658 βλασφημήσαντι
636 625 691 651 οὐκ
710 624 902 659 ἀφεθήσεταμ

119 671 150 698 τὺ
165 671 194 697 δὲ
207 671 259 698 τῶν
276 669 395 706 δωρεῶν,
410 670 468 705 ἦτοι
485 669 544 696 τῶν
553 669 752 704 χαρισμάτων,
767 671 796 697 ὲν
813 670 851 705 τῷ
867 669 912 697 λέ·

123 725 196 751 γειν·
224 716 367 751 Λήψεσθε
391 715 519 750 δύναμιν
538 716 717 749 ἐπελθόντος
746 716 798 743 τοῦ
823 717 911 751 ἁγίου

121 763 294 797 Πνεύματος
307 761 353 796 ἐφ’
371 760 458 796 ὑμᾶς.

159 807 219 841 Τὴν
244 807 384 841 πηγαίων.
408 806 520 842 Εἴρηται
547 807 576 833 ὲν
594 806 673 842 [τοῖς]
693 807 826 843 Ψαλμοῖς
846 807 910 834 Ὅτι

122 853 202 887 παρὰ
215 851 353 886 troia-71M
366 851 439 886 ζωῆς
449 871 456 883 ,
474 852 520 878 καὶ
535 853 564 878 ὲν
580 852 712 888 Ἰερεμία-
734 852 799 887 Ἐμὲ
808 853 911 888 ἐγκατ-

121 898 227 925 έλιπον
246 898 347 933 πηγὴν
364 897 473 930 ὕδατος
499 887 622 931 ζῶντος,
642 898 670 925 '0
686 887 732 925 οὖν
750 899 816 930 Θεὸς
828 887 910 933 λέγε·
926 887 945 914 Β

119 952 166 970 ται
176 942 269 978 πηγὴ,
287 940 330 970 οἷά
346 951 388 975 τις
405 944 494 979 μήτρα
505 943 551 970 καὶ
562 943 633 979 ἀρχὴ
650 944 696 970 καὶ
712 943 785 970 αἰτία
795 944 849 970 τῶν
859 952 909 978 φα-

120 989 221 1017 νέντων
236 990 284 1016 καὶ
298 988 483 1024 προελθόντων
497 989 537 1020 εἰς
548 989 641 1016 οὐσίαν
657 990 799 1017 ἁπάντων·
818 989 836 1016 ἃ
856 989 909 1025 γὰρ

121 1034 219 1060 καλεῖν
237 1033 348 1061 εἰώθασί
370 1042 441 1064 τινες
457 1032 597 1066 καθολικὰ,
622 1035 680 1070 ἦτοι
694 1034 770 1070 γένη,
785 1034 872 1070 ἢὸλα,
891 1034 908 1069 ἢ

121 1080 293 1116 περιέχοντα,
309 1079 355 1106 ἆτε
371 1079 555 1115 περιληπτικὰ
570 1079 624 1106 τῶν
642 1080 761 1116 μερικῶν
777 1079 806 1113 ἐξ
821 1079 910 1107 αὐτῶν

121 1126 254 1162 προόδων.
271 1125 357 1152 ταῦτα
373 1127 401 1152 αἰ
418 1127 488 1154 θεῖαι
507 1127 613 1162 Γραφαὶ
627 1127 746 1162 πηγαίαν
759 1126 847 1153 αἰτίαν
857 1135 908 1161 φα-

123 1171 149 1197 σί
158 1179 165 1186 ο
190 1171 234 1197 διὰ
251 1171 282 1197 τὺ
297 1171 489 1207 δημιουργικὸν
503 1172 592 1199 τοίνυν
603 1172 649 1199 καὶ
664 1172 839 1198 ἀνέκλειπτον
856 1171 910 1199 τῶν

121 1217 164 1244 διὰ
177 1218 225 1244 τοῦ
240 1218 396 1253 Πνεύματος
409 1219 609 1254 ὑφισταμένων,
627 1219 674 1245 καὶ
692 1219 734 1245 ὅτι
750 1219 779 1245 τὸ
798 1218 910 1254 Πνεῦμα

119 1263 151 1289 τὸ
168 1263 247 1298 ἆγιον
272 1264 320 1290 καὶ
338 1264 404 1290 αὐτὸ
421 1263 552 1300 [πάντων]
576 1264 630 1291 τῶν
656 1264 740 1290 ὅντων
761 1264 854 1296 αἴτιον,
873 1263 911 1294 ὡς

121 1309 167 1336 καὶ
179 1310 209 1336 ὲν
225 1311 258 1345 τῇ
272 1309 361 1344 Σοφίᾳ
377 1309 492 1345 εἴρηται,
511 1309 622 1341 εἰκότως
641 1310 687 1336 καὶ
705 1309 824 1345 πηγαίαν
845 1309 911 1335 αὐτὸ

121 1357 212 1382 αἰτίαν
233 1355 368 1390 θεολογεῖ·
385 1357 415 1384 τὸ
436 1357 463 1383 δὲ
478 1357 652 1384 ἀνέκλειπτον
670 1355 717 1382 τοῦ
736 1356 911 1392 δημιουργεῖν

119 1400 226 1427 ἐκεῖθεν
236 1401 330 1436 νόησον
342 1402 381 1432 εἰς
390 1401 420 1428 τό
428 1410 434 1416 ·
453 1402 484 1428 '0
493 1401 594 1435 Πατήρ
607 1410 666 1436 μου
681 1401 737 1434 ἕως
748 1401 814 1435 ἄρτι
825 1401 909 1435 ἐργά-

126 1448 216 1479 ζεται,
231 1446 310 1482 κάγὼ
325 1447 476 1482 ἐργάζομι
487 1456 494 1463 ·
511 1447 640 1479 ὡσαύτως
654 1447 701 1473 καὶ
713 1447 743 1473 τὺ
757 1447 869 1482 Πνεῦμα
883 1447 912 1473 τὸ

121 1492 209 1526 ἆγιον,
228 1494 276 1519 σὺν
286 1493 324 1529 τῷ
337 1493 424 1529 Πατρὶ
435 1493 483 1520 καὶ
497 1494 536 1528 τῷ
552 1493 608 1528 Υίῷ
622 1493 665 1519 ἀεὶ
679 1491 823 1528 ἐργάζεται
834 1492 913 1519 ἀνεκ-

119 1538 256 1570 λείπτως·
276 1539 383 1574 εῐρηται
402 1539 470 1575 γάρ·
495 1538 723 1571 Ἑξαποστελεῖς
741 1538 774 1565 τὸ
792 1537 913 1573 Πνεῦμά
925 1553 948 1584 c

120 1591 189 1618 σου,
203 1585 254 1611 καὶ
270 1585 493 1619 πεισθήσονται.

155 1674 225 1709 ﬁll.
252 1675 474 1710 Ἀδιαστρόφοις
496 1676 635 1709 ἐννοίαις.
666 1675 763 1706 Καλῶς
794 1673 855 1701 εἶπε
883 1674 914 1700 τὸ

120 1722 328 1758 ἀδιαστρόφοιςυ
344 1723 437 1759 ἐπειδὴ
457 1723 504 1749 καὶ
517 1724 540 1750 οι
555 1723 687 1758 αἱρετικοὶ
700 1722 913 1757 ἀναγινώσκουσι

121 1768 171 1801 τὰς
187 1769 208 1795 Γ
211 1769 316 1804 ραφὰς,
334 1771 381 1796 καὶ
397 1769 571 1805 ὲντρέφονται
588 1770 616 1796 ὲν
635 1769 745 1801 αὑταῖς,
770 1769 817 1796 καὶ
840 1769 914 1804 ὅμως

122 1814 333 1849 διαστρέφουσιν
349 1816 471 1848 ἑαυτούς.

158 1860 350 1893 Θεοπρεποῦς
363 1860 545 1895 διαιρέσεως.
561 1860 707 1896 Θεοπρεπῆ
722 1860 853 1895 διαίρεσιν
867 1860 914 1886 ἐπὶ

121 1904 171 1939 τῆς
186 1905 269 1939 ἁγίας
287 1906 402 1942 Τριάδος
421 1906 470 1942 τὴν
492 1906 556 1942 περὶ
571 1906 625 1933 τῶν
639 1906 814 1932 ὑποστάσεων
828 1905 913 1939 ἀσύγ-

122 1958 203 1985 χυτον
219 1950 270 1985 ἔφη
285 1950 401 1984 γνῶσιν*
418 1951 519 1977 καὶ-ὅτι
529 1951 560 1977 οὐ
574 1950 627 1986 χρὴ
645 1950 795 1986 φροντίζειν
812 1951 914 1977 πείθειν

121 1996 186 2027 τοὺς
202 1996 240 2031 μὴ
253 1995 413 2031 δεχομένους
423 1997 473 2032 τὴν
486 1996 559 2023 Θείαν
570 1996 690 2032 Γραφήν.
705 1996 741 2022 Τὸ
753 1995 807 2032 γὰρ
818 1996 914 2028 κοινῶς

123 2040 170 2066 ἐπὶ
189 2041 242 2075 τῆς
258 2041 336 2075 ἁγίας
354 2041 467 2076 Τριάδος
486 2041 619 2076 θεολογεῖν
636 2042 686 2068 οὐκ
708 2041 765 2068 ἐστι
785 2041 914 2077 σύγχυσιν

122 2085 245 2120 εἰσάγειν
258 2086 313 2113 τῶν
328 2088 513 2114 ὑποστάσεων.

165 2131 233 2159 Ἐπὶ
244 2132 301 2166 τὴν
311 2133 496 2168 θεολογικήν.
510 2133 673 2169 Θεολογικὴν
684 2134 839 2170 ἐπιστήμην
849 2134 911 2161 ἀνω-

122 2178 195 2213 τέρω
210 2179 275 2213 περὶ
289 2179 355 2205 Θεοῦ
370 2179 545 2214 διηγούμενος
553 2180 585 2212 9°,
601 2180 651 2206 οὐκ
665 2180 716 2216 ἔφη
731 2181 815 2216 αὐτὴν
823 2181 844 2196 ⁰¹
857 2182 915 2207 επι-

956 260 1003 292 cit,
1019 260 1107 286 omnia
1118 268 1163 294 per
1173 259 1291 292 ipsumet
1307 260 1334 286 in
1349 260 1405 294 ipso
1421 265 1521 292 creata,
1537 261 1571 287 de
1589 260 1741 288 subsisten-

957 306 1002 333 tiis
1029 305 1088 333 fuse
1115 305 1269 340 signiﬁcat;
1300 305 1353 332 hoc
1382 306 1455 333 enim
1481 313 1576 333 omnes
1600 305 1640 339 de.
1651 304 1741 333 Verbo

957 352 1068 380 creandi
1084 351 1185 378 virtute
1196 351 1310 386 praedito
1324 355 1497 386 acceperunt.

992 397 1027 424 Et
1038 398 1129 432 ipsius.
1151 397 1260 425 Scilicet
1275 396 1368 426 Verbi.

993 442 1216 471 Communicative
1226 448 1250 470 et
1262 443 1344 470 unite.
1361 442 1478 471 Adverte
1498 443 1630 470 attributa
1641 447 1743 471 sancta:

957 489 1099 517 Trinitatis
1109 489 1290 516 communiter
1303 489 1378 516 unita
1390 497 1461 517 esse.

991 535 1144 562 Divinitatis
1155 543 1256 570 operas.
1269 534 1358 563 Veluti
1369 535 1442 571 :Ego
1454 536 1482 562 in
1494 535 1596 570 Spiritu
1605 535 1652 563 Dei
1666 534 1743 570 ejicio

957 580 1089 608 daemonia
1102 584 1114 598 °
1128 589 1134 607 ε
1152 580 1365 613 venerationem,
1390 585 1419 608 ut
1436 588 1442 606 :
1457 580 1510 614 Qui
1527 580 1744 615 blasphemaverit

957 626 986 653 in
1006 626 1135 661 Spiritum
1156 631 1287 658 sanctum,
1305 634 1356 653 non
1372 627 1518 653 remittetur
1530 631 1543 651 P
1569 636 1575 652 :
1600 625 1631 652 τὸ
1646 625 1674 652 δὲ
1690 625 1745 651 τῶν

958 671 1076 707 δωρεῶν,
1091 680 1227 699 munerant
1238 679 1285 699 seu
1300 672 1507 703 charismatum,
1523 671 1586 698 dum
1601 671 1638 698 ait
1650 682 1656 698 ι
1669 671 1746 698 Acci-

958 717 1034 752 pietis
1045 718 1167 744 virtutem
1183 717 1299 752 Spiritus
1311 718 1397 744 sancti
1410 718 1436 744 in
1455 726 1499 744 vos
1510 723 1534 745 ιι.

995 805 1146 833 Fontanam
1166 813 1211 833 seu
1228 806 1423 833 scaturientem.
1439 804 1544 832 Dicitur
1561 805 1587 832 in
1605 803 1723 832 Psalmis
1737 811 1742 828 ε

962 851 1032 886 Quia
1050 852 1120 887 apud
1138 857 1161 879 te
1176 852 1234 887 fons
1252 853 1311 879 vita:
1324 857 1346 884 τ,
1368 851 1448 887 109
1463 855 1490 879 et
1505 852 1532 878 in
1547 849 1665 878 Ieremia
1679 859 1684 875 :
1703 849 1746 876 Me

960 897 1153 932 dereliquerunt
1167 897 1264 932 fontem
1279 906 1354 933 aquw
1366 897 1428 924 viva:
1442 903 1464 924 ιι.
1481 896 1552 924 Deus
1564 903 1630 931 ergo
1646 895 1748 923 dicitur

959 943 1029 978 fons,
1055 944 1138 971 veluti
1159 944 1258 970 matrix
1274 943 1364 978 aliqua
1383 948 1410 970 et
1432 943 1597 978 principium
1617 945 1644 970 et
1664 949 1748 970 causa

959 990 1080 1017 omnium
1087 997 1147 1025 quae
1155 993 1288 1025 apparent
1294 993 1320 1016 et
1329 989 1363 1016 ad
1374 988 1560 1016 exsistentiam
1570 987 1749 1023 progrediun-

960 1041 1024 1064 tur:
1039 1035 1172 1071 siquidem
1183 1043 1243 1071 quae
1259 1035 1341 1071 aliqui
1357 1035 1445 1062 solent
1460 1042 1559 1062 vocare
1568 1034 1745 1064 universalia,

960 1089 1008 1110 seu
1024 1089 1133 1117 genera,
1162 1082 1205 1109 vel
1227 1085 1295 1114 tota,
1316 1081 1359 1109 vel
1385 1080 1563 1114 cominentia,
1588 1079 1672 1107 veluti
1688 1087 1749 1114 qua:

960 1127 1179 1164 complectuntur
1197 1127 1324 1163 partiales
1339 1135 1372 1154 ex
1385 1127 1451 1162 ipsis
1467 1130 1625 1154 emanantes
1636 1132 1749 1161 proces-

961 1175 1064 1206 siones,
1079 1174 1137 1201 haec
1152 1174 1250 1202 divinae
1263 1173 1412 1209 Scriptura:
1426 1173 1564 1200 fontanam
1580 1179 1692 1199 causam
1707 1171 1749 1198 di-

961 1224 1044 1253 cunt;
1057 1227 1122 1256 ergo
1138 1228 1185 1255 per
1200 1219 1309 1248 creandi
1324 1219 1480 1247 facultatem
1494 1222 1519 1246 el
1538 1218 1687 1245 carcntiam
1701 1217 1750 1245 de-

961 1265 1049 1294 iectus
1061 1273 1155 1293 eorum
1169 1273 1228 1301 qua:
1238 1273 1287 1300 per
1295 1264 1427 1300 Spiritum
1443 1268 1568 1292 sanctum
1583 1264 1748 1296 subsistunt,

961 1315 988 1340 et
1002 1313 1091 1348 ipsum
1103 1320 1211 1348 quoque
1224 1311 1356 1346 Spiritum
1367 1315 1491 1338 sanctum
1500 1309 1645 1346 [omnium]
1658 1317 1750 1337 rerum

961 1366 1023 1386 esse
1037 1362 1187 1390 auctorem,
1201 1358 1273 1385 sicut
1285 1358 1312 1384 in
1323 1357 1464 1392 Sapientia
1478 1356 1591 1390 dicitur,
1600 1356 1751 1392 probabili-

961 1407 1004 1431 ter
1016 1404 1097 1432 etiam
1114 1404 1203 1439 ipsum
1219 1403 1360 1431 fontanam
1373 1411 1434 1431 esse
1449 1410 1571 1435 causam,
1593 1407 1624 1429 ut
1641 1402 1675 1430 de
1696 1401 1751 1429 Deo

962 1449 1091 1477 disserit:
1107 1449 1316 1485 perpetuitatem
1328 1457 1393 1476 vero
1408 1448 1522 1476 creandi
1546 1456 1579 1475 ex
1596 1455 1629 1476 eo
1648 1447 1751 1475 intelli-

963 1503 995 1531 ge
1011 1503 1018 1520 :
1032 1494 1114 1522 Pater
1131 1503 1203 1522 meus
1226 1503 1306 1530 usque
1329 1494 1406 1521 modo
1423 1499 1558 1528 operatur,
1574 1498 1599 1520 et
1623 1502 1669 1528 ego
1691 1501 1751 1528 ope-

964 1551 1008 1569 ror
1021 1542 1031 1560 ί
1051 1551 1057 1569 :
1076 1542 1201 1569 similiter
1222 1542 1304 1569 etiam
1319 1541 1438 1577 Spiritus
1453 1544 1575 1571 sanctus.
1592 1548 1654 1567 cum
1671 1539 1751 1566 Patre

963 1593 989 1615 et
1002 1587 1070 1616 Filio
1085 1596 1192 1623 semper
1203 1592 1348 1623 operatur;
1364 1587 1466 1614 dictum
1478 1591 1520 1615 est
1533 1586 1607 1614 enim
1621 1595 1626 1612 :
1639 1585 1759 1613 ΕηιὶηεδΔ

963 1634 1092 1669 Spiritum
1103 1640 1186 1666 tuum,
1199 1640 1223 1661 et
1239 1634 1399 1661 creabantur
1413 1639 1436 1660 υ.

1000 1680 1013 1716 §
1035 1681 1067 1708 ll.
1089 1680 1169 1707 Haud
1193 1680 1319 1715 perversis
1344 1679 1536 1714 intelligentit’s.
1559 1678 1643 1706 Recte
1667 1677 1749 1711 dixit,

963 1733 1018 1753 non
1030 1733 1175 1761 perversa;
1192 1725 1322 1760 quoniam
1339 1725 1459 1752 haeretici
1474 1724 1566 1759 legunt
1582 1723 1749 1758 Scripturas,

963 1775 991 1798 et
1004 1772 1033 1799 in
1048 1771 1116 1806 ipsis
1131 1771 1302 1805 educantur;
1322 1774 1441 1798 attamen
1459 1771 1565 1805 seipsos
1580 1774 1750 1805 pervertunt.

999 1848 1184 1876 Distinetiom's
1195 1848 1249 1876 Deo
1263 1849 1360 1884 dignae.
1376 1848 1490 1883 Dignam
1506 1847 1561 1875 Deo
1583 1847 1749 1875 divisionem

964 1895 993 1922 in
1007 1899 1103 1922 sancta
1123 1894 1268 1928 Trinitate,
1288 1902 1343 1922 non
1360 1893 1503 1921 confusam
1519 1893 1552 1920 de
1566 1893 1752 1920 subsistentiis

966 1941 1149 1976 cognitionem
1164 1940 1252 1974 dixit;
1271 1947 1360 1974 neque
1383 1939 1597 1967 incumbendum
1618 1947 1678 1967 esse
1690 1946 1752 1974 per—

966 1986 1114 2014 suadendis
1133 1986 1167 2015 iis
1182 1986 1228 2021 qui
1242 1985 1413 2021 Scripturam
1435 1985 1564 2019 rejiciunt
1576 1995 1582 2012 :
1596 1993 1660 2012 nam
1681 1992 1753 2012 com-

965 2033 1084 2061 muniter
1096 2033 1130 2061 de
1150 2036 1246 2060 sancta
1262 2032 1396 2059 Trinitate
1413 2035 1443 2059 ut
1455 2031 1511 2059 Deo
1531 2031 1616 2066 loqui,
1641 2031 1753 2058 minime

965 2084 1009 2107 est
1022 2086 1202 2115 personarum
1219 2078 1409 2106 confusionem
1426 2078 1566 2105 inducere.

1002 2125 1043 2151 Ad
1058 2125 1239 2160 theologicam.
1256 2123 1447 2158 Theologicam
1469 2122 1610 2150 scientiam
1628 2121 1754 2154 superius

966 2172 1000 2199 de
1010 2171 1065 2199 Deo
1082 2171 1232 2201 disserens,
1250 2177 1305 2197 non
1321 2169 1389 2196 dixit
1409 2169 1496 2203 ipsam
1512 2167 1653 2195 scientiam
1673 2176 1751 2196 esse-2

124 2212 234 2259 στῆμην
249 2212 317 2251 εἶναι
329 2233 335 2240 ·
359 2212 474 2252 mete;
500 2225 529 2252 δὲ
550 2225 585 2252 τὰ
603 2226 665 2261 περὶ
685 2212 822 2260 θεολογίας
853 2226 910 2252 ἐπι-

968 2218 1012 2245 hic
1034 2224 1098 2245 vero
1117 2216 1255 2243 disserens
1281 2215 1315 2242 de
1340 2214 1374 2241 iis
1391 2221 1451 2249 quae
1475 2220 1630 2240 sermonem
1651 2213 1685 2240 de
1698 2212 1755 2240 Deo

122 2270 234 2305 στήμην
251 2270 342 2306 φησιν.
362 2270 514 2307 Ἐπιστήμη
527 2271 556 2297 δέ
567 2273 626 2298 ἐστι
639 2271 702 2304 δόξα
711 2271 777 2306 ὀρθὴ
792 2270 914 2306 λογισμῷ

123 2313 232 2340 δεθεῖσα
243 2315 276 2346 ⁹¹,
291 2315 308 2350 ἣ
320 2315 397 2349 λόγος
409 2315 512 2351 ἀληθὴς
525 2316 570 2342 ἐπὶ
581 2316 698 2342 διάνοιαν
707 2316 913 2351 ἀμετάπτωτος,

124 2361 172 2387 καὶ
188 2362 204 2396 ή
224 2361 340 2397 ἀκριϐὴς
361 2361 462 2397 εἴδησις
482 2362 529 2389 τοῦ
547 2362 709 2398 πράγματος
725 2362 772 2389 καὶ
790 2362 911 2397 ἀπόφαν-

125 2414 183 2438 σις,
201 2403 232 2432 οὗ
252 2407 298 2433 καὶ
310 2407 417 2442 λέγεται
433 2409 587 2444 ἐπιστήμη,
603 2408 729 2443 ἀληθείας
736 2408 759 2424 ³³
774 2408 852 2442 λόγον
867 2409 915 2434 καὶ

118 2452 203 2484 δόξαν
223 2452 307 2488 ὀρθὴν
322 2454 527 2490 προϐαλλομένη
539 2474 546 2485 ,
565 2454 602 2490 μὴ
616 2454 731 2489 δεομένη
747 2454 797 2489 τῆς
813 2455 845 2480 ὲκ
862 2462 914 2480 πα-

125 2497 266 2532 ραθέσεως
279 2497 326 2524 τοῦ
342 2499 434 2533 ὁμοίου
452 2498 632 2533 βεϐαιώσεως.

163 2543 220 2576 Τὰς
237 2544 318 2576 θείας
338 2544 545 2579 ἐκφαντορίας.
569 2545 762 2580 Ἐκφαντορίας
783 2545 849 2580 φησὶ
866 2545 916 2576 τὰς

124 2587 160 2615 τὰ
176 2588 315 2624 μυστήρια
330 2590 508 2623 ὲκφαινούσας
522 2589 704 2621 διδασκαλίας.

168 2634 220 2661 Ἐν
238 2634 356 2667 ἑαυτοῖς
373 2635 560 2668 ἀπλήθυντα.
578 2636 639 2662 Ὅτι
656 2635 687 2661 οὐ
706 2635 745 2662 δεῖ
759 2634 914 2670 παρεξιέναι

126 2680 177 2716 τὴν
194 2680 269 2706 Θείαν
283 2681 394 2716 Γραφὴν
412 2683 441 2708 ὲν
457 2682 496 2717 τῷ
512 2682 654 2716 θεολογεῖν.

165 2763 178 2777 ⁰
191 2759 260 2786 Luc.
273 2767 312 2794 XI,
331 2763 376 2791 20.
416 2769 430 2790 P
443 2763 510 2790 Luc.
526 2770 576 2795 xu,
593 2762 635 2790 l0.
675 2767 688 2787 «ι
703 2761 761 2788 Act.
777 2769 795 2793 ι,
809 2761 834 2787 8.

130 2801 191 2827 cut,
205 2795 251 2822 50.

875 2765 885 2778 τ
901 2758 973 2786 Psal.
989 2766 1071 2789 xxxv,
1085 2755 1127 2782 10.

967 2264 1195 2298 complectuntur,
1212 2260 1355 2288 scientiam
1371 2259 1447 2287 dicit.
1459 2258 1506 2285 Est
1523 2262 1612 2285 autem
1627 2258 1752 2291 scientia,

965 2313 1040 2337 recta
1055 2308 1148 2344 opinio
1164 2306 1374 2334 ratiocinatione
1388 2306 1496 2337 vincta;
1515 2307 1563 2331 aut
1575 2312 1640 2332 vera
1663 2305 1691 2332 in
1711 2305 1754 2332 in-

964 2355 1075 2383 tellectu
1094 2354 1164 2381 ratio
1183 2351 1360 2380 immutabilis
1375 2355 1403 2378 et
1431 2354 1558 2378 accurata
1575 2350 1624 2378 rei-
1634 2350 1754 2385 cognitio

966 2406 994 2430 et
1007 2400 1215 2432 demonstratio,
1237 2398 1318 2433 cujus
1341 2398 1423 2425 etiam
1437 2396 1540 2424 dicitur
1559 2397 1686 2428 scientia,
1709 2405 1755 2424 ve-

966 2448 1058 2475 ritatis
1076 2446 1209 2473 rationem
1233 2448 1261 2472 et
1282 2447 1385 2471 rectam
1404 2443 1560 2477 opinionem
1585 2450 1753 2478 proponens,

967 2502 1023 2522 non
1039 2493 1163 2527 indigens
1178 2490 1317 2518 additione
1330 2489 1547 2516 conﬁrmationis
1560 2495 1574 2515 a
1589 2488 1682 2515 simili.

1003 2539 1115 2566 Divinas
1129 2537 1337 2572 explanationes.
1357 2535 1552 2570 Ἐκφαντορίας
1567 2537 1656 2566 vocat,
1672 2533 1755 2561 disci-

967 2587 1067 2618 plinam
1084 2593 1144 2620 quae
1162 2584 1288 2619 mysteria
1304 2583 1424 2618 exponit.

1005 2633 1036 2660 Ιη
1050 2633 1142 2666 seipsis
1158 2631 1213 2658 sine
1227 2629 1372 2656 auditione.
1389 2628 1448 2655 Non
1463 2635 1524 2655 esse
1541 2627 1635 2654 leviter
1655 2625 1754 2652 transi-

967 2679 1081 2715 gendam
1099 2678 1281 2712 Scripturam,
1293 2683 1357 2703 cum
1380 2682 1470 2702 sermo
1492 2673 1526 2702 de
1538 2673 1591 2700 Deo
1604 2672 1732 2700 habetur.

1653 2753 1666 2766 ιι
1679 2748 1752 2779 PsaL

1168 2759 1178 2772 '
1195 2753 1251 2781 Jer.
1265 2761 1296 2785 ιι,
1314 2752 1356 2780 l3.
1412 2751 1513 2779 ‘Joan.
1530 2758 1556 2782 v,
1573 2749 1616 2777 17.

609 2837 726 2865 VARI/El
747 2835 937 2864 LECTIONES
956 2835 1001 2864 ET
1017 2835 1293 2864 CORRECTIONES.

186 2898 208 2913 ”
226 2905 272 2932 γρ.
288 2897 364 2934 φησί,
407 2898 430 2914 ⁸ο
442 2906 486 2933 γρ.
500 2897 698 2932 διαλεγδμενος.
733 2897 753 2912 ⁹¹
772 2904 816 2930 γρ.
839 2895 928 2923 αὐτόν.
961 2897 984 2912 ν’
999 2903 1043 2931 γρ.
1063 2894 1178 2922 δοθεῖσα.
1213 2894 1234 2910 ⁸³
1254 2901 1298 2928 γρ.
1317 2890 1414 2927 ἀληθῆ.
