1926 3062
201 156 254 184 915

626 155 774 185 PPENDIX
792 156 837 184 AD
853 155 967 184 OPERA
992 155 1020 184 S.
1041 155 1192 184 DIONYSII
1211 155 1443 184 AREOPAGITAS

1770 154 1818 182 2N3

239 216 253 252 ᾗ
272 215 316 243 lll.
339 215 372 242 Et
388 225 446 251 qum
459 224 505 250 per
525 217 721 252 exsuperantia.
749 215 800 242 Per
825 215 989 243 ablationem

1077 216 1091 251 §
1109 217 1155 242 ill.
1176 216 1231 242 Καὶ
1245 215 1303 242 ὅσα
1316 216 1371 249 τῆς
1382 213 1573 250 ὑπεροχικῆς,
1589 214 1668 242 Κατὰ
1684 214 1819 250 ἀφαίρεσιν

202 266 292 290 mente
305 262 472 297 superiorem
488 262 582 290 laudes
594 262 640 289 Dei
655 261 801 298 praedicat:
816 270 849 289 ex
866 262 900 289 iis
913 261 986 289 enim

201 317 262 343 quin
286 309 313 335 in
331 309 390 344 ipso
407 309 517 336 minime
537 309 665 336 videntur
689 308 905 336 eminentissime
926 307 988 334 ado-

203 358 290 385 ratur,
309 355 391 381 veluti
412 359 441 380 nt
466 354 646 386 immortalis,
667 358 697 381 ut
722 353 943 385 interminabilis,
960 356 988 380 et

203 400 360 432 invisibilis,
375 405 401 428 et
418 400 497 435 110
522 400 626 428 nullius
649 399 784 435 indigens,
799 403 826 426 et
841 403 939 427 caetera
954 400 989 427 si-

203 447 276 474 milia
291 457 297 474 :
311 451 375 474 sunt
400 447 472 473 enim
492 446 550 473 haec
575 446 656 474 etiam
667 445 793 473 Trinitati
813 446 986 473 communia:

203 500 285 528 porro
307 501 394 519 causa:
413 489 543 520 rationem
564 492 688 520 habentia
703 496 767 520 sunt
783 499 844 528 qua:
867 492 895 519 in
911 499 989 519 crea-

203 539 277 566 tione
299 539 334 567 ab
350 539 410 574 ipso
427 543 605 571 emanarunt,
626 543 757 574 tanquam
779 539 899 566 universi
923 538 988 566 boni

204 589 325 617 auctore,
342 586 413 613 sicut
432 585 563 620 scriptum
579 590 630 618 est,
646 594 721 612 omne
737 585 834 612 bonum
854 584 910 619 ejus
920 593 986 612 esse.

238 631 340 659 Patris.
368 630 602 663 Subaudiendum,
623 639 723 659 nomen
745 631 817 666 quod
840 631 988 659 essentiam

204 680 326 712 superat,
343 677 414 704 sicut
430 677 456 703 in
470 675 559 708 Patre.
575 677 611 704 ita
635 677 663 704 in
677 676 746 704 Filio
761 680 788 704 et
804 675 907 712 Spiritu
923 683 983 703 san-

203 726 258 750 cto.
280 722 310 749 In
329 722 469 750 distinctis
485 728 575 750 autem
596 726 698 750 sancta:
713 721 866 754 Trinitatis,
884 720 990 748 scilicet

203 766 370 801 nominibus,
386 768 488 795 nullam
506 767 638 804 [omnino]
654 771 701 795 aut
715 775 776 795 esse
791 766 988 802 reciprocatio-

204 822 266 841 nem
289 818 336 841 aut
354 815 595 846 communionem;
621 821 709 848 neque
736 813 808 840 enim
827 812 907 839 Pater
926 812 990 839 reli-

203 861 279 895 giose
293 865 439 888 vocaretur
455 860 552 893 Filius,
574 868 624 888 nec
636 859 733 892 Filius,
747 859 827 886 Pater
843 866 850 885 :
864 859 990 894 idemque

204 906 374 934 sentiendum
394 906 427 934 de
439 905 542 941 Spiritu
557 910 662 933 sancto.

237 950 303 978 Jesu
319 951 461 979 secundum
482 960 539 978 nos.
566 951 646 983 Nota,
670 952 756 979 solius
769 950 815 978 Dei
827 949 907 978 Verbi
930 957 991 978 esse

203 998 428 1025 incarnationem.
452 996 568 1025 Prorsus
590 1001 679 1025 autem
700 998 787 1032 ipsam
800 996 876 1029 dicit,
895 1001 990 1023 contra

202 1043 538 1079 Apollinarium,constare
559 1043 726 1079 intelligente
748 1043 838 1070 anima
854 1047 881 1070 et
896 1046 991 1070 nostro

202 1098 333 1125 corpore;
363 1091 415 1118 hoc
444 1091 518 1118 enim
545 1090 665 1118 declarat
689 1090 716 1117 id
733 1090 806 1126 quod
833 1090 892 1126 ipse
912 1090 989 1122 dicit,

203 1136 263 1163 καθ’
277 1137 361 1173 ἡμᾶς,
377 1137 446 1164 sicut
461 1145 519 1170 nos,
535 1137 608 1173 quod
629 1137 711 1165 etiam
735 1137 848 1173 Eutychi
867 1136 992 1164 adversa-

203 1187 261 1216 t::r;
283 1188 378 1210 contra
392 1182 550 1211 Nestorium
570 1190 637 1210 vero
652 1188 694 1211 est
715 1183 788 1219 quod
809 1183 846 1210 ait
863 1190 870 1208 :
888 1181 990 1209 Immu-

203 1229 309 1256 tabilem
325 1229 389 1257 Jesu
414 1235 540 1265 tanquam
556 1229 605 1258 Dei
620 1231 733 1258 similem
750 1234 847 1258 nostra:
866 1231 991 1257 exsistan-

204 1276 279 1307 tiam,
296 1280 377 1311 atque
393 1276 465 1311 quod
484 1276 551 1303 dicit
568 1276 722 1304 essentiulia
742 1284 798 1304 esse
816 1275 989 1303 humanitatis

203 1323 340 1358 mysteria,
361 1322 477 1356 famem,
494 1323 694 1355 lassitudinem,
711 1331 794 1358 super
811 1330 897 1358 aquas
916 1322 991 1350 ince-

204 1369 279 1401 dere,
295 1369 453 1404 clausisque
474 1369 580 1397 i'orihus
601 1369 637 1396 ad
653 1369 802 1404 discipulos
831 1369 947 1404 ingredi,
963 1371 990 1396 et

205 1419 327 1442 mortuos
348 1416 479 1447 excitare,
492 1419 573 1451 atque
588 1415 674 1450 ipsam
691 1416 808 1450 denique
822 1415 988 1450 passionem,

205 1467 358 1497 mutemque
370 1461 479 1490 similia.

239 1507 436 1535 Subatantiaiia
453 1509 590 1544 mysteria.
605 1507 674 1535 Nota
687 1508 840 1535 essentialia
855 1508 882 1535 in
898 1508 988 1535 incar-

205 1555 316 1582 natione
336 1554 480 1590 usurpari;
505 1555 556 1582 hoc
573 1555 647 1582 enim
668 1554 719 1586 ait,
737 1554 864 1589 rejiciens
883 1554 988 1590 opinio-

204 1607 267 1626 nem
308 1598 382 1626 illam
411 1606 473 1633 qutx:
498 1599 638 1626 asserebat
666 1601 770 1625 tantum
800 1597 987 1633 imaginariam

203 1644 299 1672 fuisse.

240 1691 405 1718 Traditionis
422 1699 506 1718 sacra:
518 1696 648 1722 auctores,
661 1690 708 1718 Gr.
725 1689 892 1726 ίερομύσται.
909 1689 990 1725 Ἰερο-

205 1737 305 1772 μύσται
320 1737 450 1764 dicuntur
464 1737 510 1773 qui
528 1737 616 1765 sacris
632 1737 731 1764 initiati
747 1740 822 1765 sunt.

241 1783 359 1811 Occulta
375 1788 400 1810 et
419 1792 547 1818 nusquam
563 1783 730 1817 prodeuntes.
745 1781 874 1810 Occultas
890 1782 990 1809 unitio-

204 1837 254 1856 nes
275 1833 372 1861 vocat,
399 1829 692 1864 incotnpreliensibiles
706 1828 739 1856 de
754 1828 847 1856 divina
871 1828 991 1856 essentia

204 1874 375 1910 cognitiones
388 1884 394 1901 :
408 1875 500 1901 nullus
513 1874 587 1901 enim
599 1878 745 1910 cognoscet
757 1873 913 1910 aliquando,
925 1873 990 1909 quid

204 1921 240 1947 sit
255 1920 374 1947 essentia
390 1925 490 1947 sancta:
505 1919 657 1948 Trinitatis.

246 1965 447 1993 υἱειὶηειίοπει.
472 1965 668 1994 Distinctiones
686 1970 766 1994 vocat
786 1973 835 2001 per
855 1973 884 1994 se
905 1966 992 1994 subsi-

205 2014 309 2039 stentes
327 2011 482 2039 adorandas
499 2011 676 2039 exsistentias
692 2021 700 2040 :
722 2012 774 2039 hoc
788 2015 840 2045 est,
853 2010 913 2038 Filii
928 2011 990 2046 qui:

205 2056 267 2083 dem
289 2056 508 2091 inexplicabilem
531 2064 565 2084 ex
584 2056 664 2084 Patre
684 2057 876 2092 splendorem;
900 2055 989 2083 sancti

204 2111 270 2132 vero
299 2104 420 2140 Spiritus
445 2104 684 2139 inconceptibilem
713 2111 746 2132 ex
771 2103 852 2132 Patre
876 2111 990 2139 proces-

206 2151 322 2178 sionem.

241 2196 328 2231 Supra
342 2198 470 2224 unitatem
481 2197 672 2232 principialem.
691 2195 784 2224 Unitio
798 2204 880 2232 supra
894 2197 992 2224 unius-

1039 263 1108 298 ὑπὲρ
1124 262 1228 289 ἔννοιαν
1242 261 1424 296 δοξολογεῖται
1435 270 1442 276 ·
1460 262 1492 288 ὲκ
1508 261 1563 297 γὰρ
1577 261 1630 288 τῶν
1648 261 1686 296 μὴ
1708 261 1819 298 θεωρου-

1039 309 1126 344 μένων
1141 309 1206 345 napi.
1219 309 1300 336 αὐτὸν
1325 307 1603 344 ὑπερανασεὸηκότως
1624 309 1818 343 προσκυνεῖται,

1037 352 1092 382 οἷον
1104 354 1142 386 ὡς
1154 354 1296 387 ἀθάνατος,
1312 355 1350 386 ὡς
1371 354 1547 390 ἁτελεύτητος
1563 353 1611 381 καὶ
1629 354 1756 389 ἀόρατος,
1776 354 1820 381 καὶ

1037 401 1172 436 ἀνενδεὴς,
1181 401 1228 428 καὶ
1237 401 1286 428 ὅσα
1295 399 1406 427 τοιαῦτα
1414 409 1421 416 ·
1436 400 1512 427 κοινὰ
1524 400 1579 436 γὰρ
1592 400 1642 435 τῆς
1656 400 1767 436 Τριὰδος
1776 401 1820 426 καὶ

1037 446 1139 474 ταῦτα·
1150 447 1331 481 αιτιολογικὰ
1345 447 1373 473 δέ
1384 448 1452 473 εἰσιν
1463 447 1513 473 ὅσα
1527 447 1573 473 ἐπὶ
1586 447 1636 482 τὴν
1650 447 1737 473 κτίσιν
1745 446 1765 463 ⁸⁸
1778 446 1820 482 Ep-

1039 495 1118 530 ρευσε
1134 494 1199 528 παρ’
1212 492 1294 520 αὑτοῦ
1306 513 1313 526 ,
1336 493 1383 520 ave
1398 494 1483 520 αἰτίου
1502 492 1602 524 παντὸς
1615 492 1699 519 καλοῦ
1708 514 1715 525 ,
1730 492 1765 524 ὡς
1778 493 1820 527 γέ-

1038 547 1174 574 γραπται,
1186 539 1233 565 ¹ὅτι
1253 537 1314 565 πᾶν
1334 539 1400 566 ἐστι
1413 538 1508 565 καλὸν
1521 538 1625 565 αὑτοῦ.

1076 584 1109 612 Τὸ
1125 584 1178 611 τοῦ
1191 585 1315 618 Πατρός.
1333 583 1411 610 Κατὰ
1429 583 1519 611 κοινοῦ
1535 583 1586 620 [δὲ]
1601 584 1632 610 τὸ
1649 583 1818 619 ὑπερούσιον,

1038 630 1076 662 ὡς
1091 630 1138 657 ἐπὶ
1152 630 1198 657 τοῦ
1215 630 1331 667 Πατρὸς,
1355 629 1426 657 οὓτω
1455 630 1503 657 καὶ
1534 629 1592 666 [ἐπὶ
1616 629 1675 666 τοῦ]
1698 630 1760 657 Υἱοῦ
1776 630 1820 657 καὶ

1039 676 1097 712 [ἐπὶ
1111 676 1170 712 τοῦ]
1196 676 1273 711 ἁγίου
1301 675 1469 712 Πνεύματος.
1492 676 1554 703 Ἐπὶ
1570 676 1599 702 δὲ
1616 676 1670 702 τῶν
1689 676 1820 712 διακεκρι-

1041 722 1127 758 μένων
1145 723 1193 758 τῆς
1212 723 1292 757 ἁγίας
1308 722 1431 758 Τριάδος,
1454 720 1509 749 οἷον
1533 722 1682 757 ὀνομάτων,
1700 722 1821 758 οὐδεμίαν

1039 770 1121 805 φησὶν
1138 768 1231 806 [ὅλως]
1251 767 1321 796 εἶναι
1336 769 1516 805 ἀντιστροφὴν
1529 769 1545 803 ἢ
1564 768 1704 796 κοινωνίαν
1714 777 1720 783 ·
1736 769 1750 795 ὁ
1770 768 1821 804 γὰρ

1039 815 1134 851 Πατὴρ
1157 814 1207 842 οὐκ
1229 814 1262 842 ἂν
1281 814 1401 846 εὐσεϐῶς
1416 814 1526 850 κληθείη
1542 815 1622 846 Υίόςο
1645 814 1706 841 οὐδὲ
1728 815 1742 841 ὁ
1763 815 1822 846 Υἱὸς

1040 859 1143 896 Πατήρ·
1158 860 1189 887 τὸ
1199 860 1263 886 αὐτὸ
1279 859 1326 887 καὶ
1339 860 1385 886 ἐπὶ
1395 859 1418 876 ’⁵
1431 859 1478 886 τοῦ
1493 859 1569 894 ἁγίου
1582 859 1749 895 Πνεύματος.

1081 907 1114 934 Ἡ
1133 907 1196 934 καθ’
1213 905 1292 941 ἡμᾶς
1312 906 1424 940 Ἰησοῦ.
1444 906 1603 942 Σημείωσαι
1619 906 1660 932 ὃτι
1684 906 1763 942 μόνον
1777 905 1822 932 τοῦ

1039 952 1106 979 Θεοῦ
1124 952 1209 986 Λόγου
1223 952 1297 979 ἐστὶν
1309 953 1326 988 ἡ
1342 951 1555 988 ἐνανθρὼπησις,
1567 951 1688 986 Παντελῆ
1704 951 1732 978 δὲ
1741 951 1823 986 αὑτήν

1039 1006 1106 1034 φησι
1130 997 1201 1024 κατὰ
1225 997 1427 1033 ’Δτυολλναρίου,
1448 998 1486 1030 ὡς
1510 999 1542 1024 ἐκ
1564 997 1652 1032 ψυχῆς
1668 998 1762 1032 νοερᾶς
1780 997 1824 1023 καὶ

1040 1044 1172 1080 ἡμετέρου
1188 1043 1312 1080 σώματος
1321 1053 1328 1059 ·
1347 1043 1426 1070 τοῦτο
1440 1044 1493 1080 γὰρ
1506 1043 1581 1080 δηλοῖ
1596 1043 1626 1070 τὺ
1640 1043 1727 1070 εἰπεῖν
1747 1043 1825 1069 αὑτὸν

1039 1090 1102 1116 καθ’
1127 1089 1221 1124 ἡμᾶς·
1244 1090 1313 1126 ὅπερ
1336 1090 1394 1116 ἐστὶ
1418 1089 1464 1116 καὶ
1488 1088 1558 1116 κατὰ
1576 1087 1727 1123 Εὑτυχοῦς’
1755 1086 1825 1114 κατὰ

1039 1135 1186 1171 Νεπορίου
1201 1136 1246 1167 δὲ,
1260 1135 1301 1162 ὅτι
1316 1135 1396 1171 φησὶ,
1407 1134 1460 1162 τοῦ
1481 1134 1581 1168 Ἰησοῦ
1595 1133 1652 1167 τὴν
1665 1133 1826 1161 ἀναλλοίω-

1038 1190 1093 1208 τον
1109 1182 1149 1214 ὡς
1165 1181 1239 1208 Θεοῦ
1254 1182 1317 1208 καθ’
1332 1180 1410 1215 ’ἡμᾶς
1425 1180 1563 1216 ὕπαρξιν·
1581 1180 1628 1207 καὶ
1638 1179 1679 1206 ὅτι
1695 1178 1824 1213 οὐσιώδη

1040 1227 1106 1263 φησὶ
1119 1227 1156 1254 τὰ
1167 1227 1202 1254 ἐν
1213 1228 1250 1262 τῇ
1266 1227 1470 1261 ἀνθρωπότητι
1482 1229 1644 1261 μυστήρια,
1656 1225 1704 1261 τὴν
1715 1226 1824 1256 πεῖναν,

1039 1272 1084 1299 τδν
1099 1272 1193 1304 κόπον,
1209 1273 1256 1299 καὶ
1270 1272 1300 1298 τὸ
1311 1272 1358 1298 ἐπὶ
1376 1271 1473 1304 ὓδατος
1489 1271 1596 1307 βαδίσαι
1606 1292 1613 1304 ,
1629 1271 1676 1298 καὶ
1695 1271 1725 1297 τὸ
1739 1270 1823 1297 εἰσελ-

1040 1319 1095 1346 θεῖν
1111 1318 1165 1345 τῶν
1182 1317 1270 1354 θυρῶν
1292 1318 1492 1354 κεκλεισμένων
1511 1317 1580 1354 πρὸς
1600 1318 1662 1349 τοὺς
1685 1316 1824 1352 μαθητὰς,

1040 1366 1087 1393 καὶ
1101 1365 1131 1392 τὸ
1144 1365 1250 1400 ἐγεῖραι
1263 1365 1326 1397 τοὺς
1341 1365 1468 1400 νεκροὺς,
1485 1364 1531 1391 καὶ
1543 1364 1608 1391 αὐτὸ
1617 1363 1647 1390 τὸ
1662 1363 1762 1397 πάθος,
1777 1363 1826 1391 καὶ

1038 1411 1089 1439 ὅσα
1105 1411 1228 1438 τοιαῦτα.

1078 1511 1212 1545 οὐσιώδη
1233 1514 1394 1547 μυστήρια.
1419 1511 1573 1546 Σημείωσαι
1589 1511 1619 1537 τὸ
1633 1509 1763 1544 οὺσιώδη
1779 1509 1827 1536 ἐπὶ

1001 1571 1024 1602 c
1039 1559 1089 1594 τῆς
1107 1558 1284 1594 σαρκώσεως”
1299 1558 1378 1585 τοῦτο
1392 1557 1446 1594 γὰρ
1459 1558 1509 1594 ἔφη
1522 1579 1531 1591 ,
1546 1557 1684 1584 ὲκὸἁλλων
1695 1557 1744 1592 τὴν
1758 1556 1828 1583 κατὰ

1039 1605 1188 1639 φαντασίαν
1202 1604 1292 1638 δόξαν.

1075 1694 1271 1729 Παραδόσεως
1285 1695 1466 1729 ίερομύσται.
1488 1693 1657 1730 Ἰερομύσται
1671 1693 1793 1728 λέγονται
1804 1695 1830 1721 οι

1039 1741 1075 1768 τὰ
1092 1742 1154 1778 ίερὰ
1169 1741 1350 1777 μεμυημένοι.

1076 1788 1209 1822 Κρυφίας
1231 1788 1278 1814 καὶ
1303 1787 1545 1822 ἀνεκφοιτήτους.
1572 1787 1699 1822 Κρυφίας
1719 1787 1830 1818 ἐνώσεις

1041 1833 1108 1869 φησὶ
1121 1833 1171 1866 τὰς
1184 1834 1248 1870 περὶ
1268 1834 1318 1869 τῆς
1335 1833 1409 1865 θείας
1422 1833 1515 1865 οὐσίας
1531 1833 1741 1869 ἀκαταλήπτους
1760 1832 1831 1867 γνώ-

1042 1887 1114 1911 σεις·
1130 1879 1179 1914 τὴν
1198 1879 1291 1906 οὐσίαν
1307 1879 1390 1915 αὐτὴν
1408 1880 1457 1915 τῆς
1473 1879 1554 1914 ἁγίας
1570 1880 1699 1916 Τριὰδος,
1714 1880 1740 1906 τί
1755 1881 1843 1912 ἐστιν,

1041 1925 1128 1957 οὐδεὶς
1143 1925 1275 1959 γνώσεταί
1290 1933 1364 1952 ποτε.

1080 1971 1135 2004 Τὰς
1157 1971 1329 2004 διακρίσεις.
1350 1972 1504 2007 Διακρίσεις
1523 1972 1589 2007 φησὶ
1611 1973 1661 2003 τὰς
1681 1972 1831 1999 ὲνυποστά-

1043 2025 1104 2049 τους
1119 2017 1308 2054 προπυνητὰς
1322 2017 1468 2053 ὑπάρξεις,
1483 2018 1614 2051 τουτέστι,
1633 2017 1680 2044 τοῦ
1698 2019 1746 2054 μὲν
1764 2017 1832 2044 Υίοῦ

1043 2063 1089 2090 τὸν
1113 2064 1144 2090 ὲκ
1167 2063 1272 2098 Harpe;
1297 2063 1483 2099 ἁνέκῳραστον
1506 2064 1705 2099 ἁλιταυγασμόν⁸
1730 2064 1778 2091 τοῦ
1802 2065 1833 2091 δὲ

1042 2109 1123 2143 ἁγίου
1146 2108 1304 2144 Πνεύματος
1323 2109 1371 2144 τὴν
1388 2110 1419 2136 ὲκ
1439 2110 1544 2146 Πατρὸς
1567 2109 1726 2145 ἀνεννόητον
1746 2109 1833 2136 ἐκπό-

1045 2163 1145 2191 ρευσιν.

1085 2203 1120 2229 'I!
1141 2201 1217 2235 ὑπὲρ
1234 2201 1386 2236 ὲναρχίαν.
1407 2202 1440 2228 Ἠ
1455 2202 1525 2238 ὑπὲρ
1540 2201 1667 2237 ὲναρχίαν
1688 2201 1782 2237 ἑνότης
1800 2201 1834 2228 τὺ

206 2242 408 2277 principatum,
434 2243 571 2278 significat
593 2243 736 2270 divisionis
759 2243 941 2276 vacuitatem,
964 2247 989 2270 et

1049 2247 1115 2283 δπὲρ
1130 2248 1220 2274 πᾶσαν
1237 2248 1349 2282 ἑνότητα
1365 2248 1412 2274 καὶ
1427 2248 1565 2283 ἁπλότητα
1589 2249 1618 2274 ὲν
1637 2249 1693 2280 τοῖς
1707 2245 1766 2275 οὖσι
1779 2247 1834 2283 τῆς

206 2288 409 2323 simplicitatem
431 2290 530 2317 divina:
566 2293 670 2317 natura;
701 2294 874 2324 superantem
900 2297 991 2317 rerum

205 2335 327 2362 omnium
342 2336 474 2362 unitatem
488 2341 515 2362 et
530 2336 739 2371 simplicitatem.

241 2380 401 2416 Ine/rabilis,
419 2382 466 2409 Gr.
477 2383 507 2409 τὸ
522 2382 683 2417 ἄφθεγκτον.
698 2382 734 2408 Τὸ
750 2380 990 2416 ἁφθεγκτον,ᾳυοά

206 2427 260 2454 dici
283 2435 334 2454 non
360 2433 456 2463 potest,
476 2428 544 2455 dirit
573 2432 684 2463 propter
707 2428 855 2455 essentiam
881 2427 992 2454 nomine

207 2476 356 2501 carentem.
382 2473 468 2502 Porro
495 2476 565 2510 quod
586 2475 678 2502 multis
718 2472 803 2500 verbis
833 2473 992 2507 exprimitur

207 2518 286 2551 dixit,
308 2519 372 2554 quia
398 2520 592 2547 beneﬁciontm
617 2520 746 2548 varietate
768 2519 861 2546 multis
882 2518 998 2546 ailicitur

207 2566 375 2594 nominibus.

246 2612 323 2647 ιιι
340 2612 383 2640 Ea:
397 2614 468 2641 omni
483 2614 653 2641 intellectilis.
677 2613 820 2647 Quomodo
836 2614 946 2648 ignotus
966 2616 994 2640 et

207 2658 320 2686 omnino
346 2659 473 2695 cognitus
495 2659 578 2691 Deus,
605 2663 632 2687 et
655 2659 792 2694 quomodo
822 2659 994 2695 ignoratione

206 2703 268 2741 ejus
282 2705 465 2740 cognitionem
488 2713 688 2740 comparemus,
704 2705 859 2733 dicendum.
884 2704 994 2740 Ignora-

208 2748 283 2778 tioue
302 2751 375 2778 enim
391 2751 463 2779 Deus
481 2752 656 2785 cognoscitur
673 2760 679 2777 :
702 2752 898 2783 ignorationem
918 2759 993 2783 vero,

1045 2293 1120 2325 θείας
1139 2294 1246 2329 φύσεως
1259 2294 1362 2329 ἀμερές
1375 2302 1404 2320 τε
1422 2295 1468 2320 καὶ
1484 2293 1586 2321 ἁπλοῦν
1601 2293 1739 2330 σημαίνει.

1082 2383 1115 2410 Τὸ
1129 2383 1304 2418 ἄφθεγκτον.
1320 2384 1503 2418 Ἀφθετκτον
1514 2383 1557 2410 διὰ
1571 2383 1601 2410 τὺ
1610 2383 1836 2418 ἀκατονόμαστον

1042 2429 1091 2464 τῆς
1101 2429 1208 2461 οὐσίας·
1220 2429 1400 2463 πολύφωνον
1411 2429 1450 2462 δὲ,
1459 2430 1499 2456 ὅτι
1513 2431 1545 2465 τῇ
1557 2429 1677 2465 ποικιλίᾳ
1692 2428 1745 2455 τῶν
1757 2428 1842 2464 εὐερ-

1044 2475 1214 2510 γετουμένων
1229 2475 1260 2502 τὸ
1278 2475 1435 2510 πολύφωνον
1450 2475 1516 2510 ἔχει.

1084 2615 1117 2641 Τὸ
1132 2614 1312 2648 παννόητον.
1332 2613 1394 2645 Πῶς
1409 2614 1546 2647 ἄγνωστος
1565 2613 1612 2639 καὶ
1625 2613 1771 2648 παννὸητος
1780 2614 1806 2630 ³⁸
1823 2614 1840 2640 ὁ

1045 2661 1121 2692 Θεὸς,
1139 2660 1185 2686 καὶ
1201 2660 1259 2691 πῶς
1272 2661 1300 2686 ὲν
1315 2659 1437 2695 ἁγνωσίᾳ
1459 2659 1508 2694 τὴν
1528 2659 1591 2694 περὶ
1607 2659 1688 2685 αὑτοῦ
1703 2658 1840 2694 κτώμεθα

1046 2706 1155 2741 γνῶσιν,
1170 2707 1278 2743 ῥητέον·
1293 2706 1388 2742 ἀγνοίᾳ
1399 2705 1452 2741 γὰρ
1470 2706 1573 2739 γίνεται
1590 2705 1709 2740 γνωστὸς
1722 2706 1736 2731 ὀ
1751 2705 1841 2736 856;-

1047 2754 1155 2786 ἄγνοιαν
1172 2753 1219 2782 δὲ.
1247 2752 1282 2787 μὴ
1303 2753 1352 2780 τὴν
1371 2752 1415 2780 διὰ
1437 2752 1486 2787 τῆς
1502 2750 1621 2787 ἀμαθίας
1641 2751 1741 2788 λάὃῃς·
1763 2751 1842 2780 αὕτη

687 2841 804 2868 VARUE
823 2840 1013 2869 LECTIONES
1030 2840 1074 2867 ET
1091 2840 1368 2869 CORRECTIONES.

257 2903 280 2920 ”
297 2912 341 2939 γρ.
361 2906 401 2932 ὅτι
417 2905 466 2942 τὴν
484 2906 581 2934 κτίσιν.
641 2909 662 2924 ⁸³⁸
676 2917 720 2943 γρ.
736 2909 808 2944 περί.

859 2910 882 2924 π’
897 2917 940 2944 γρ.
959 2907 1038 2936 πάλιν
1056 2908 1154 2943 νοητός.
