1926 3062
128 180 158 208 SI
165 178 180 206 7

512 173 540 203 S.
559 172 683 202 MAXIIII
701 171 847 200 SCIIOLIA
862 170 895 198 IN
915 169 979 197 LIB.
1002 168 1045 195 DE
1061 165 1187 194 DIVINIS
1202 161 1398 193 NOMINIBUS.

1708 160 1761 186 ιιι

129 237 183 272 γάρ
198 234 293 266 σκότος
313 234 371 261 ἐστὶ
386 233 475 269 ψυχῆς
485 242 492 249 ·
509 234 576 269 μήτε
591 234 642 270 τὴν
657 233 845 268 γινώσκουσαν
855 254 862 266 ,
878 232 915 259 ὅτι

970 236 1024 257 non
1045 236 1105 257 eam
1123 234 1184 262 qua:
1205 234 1239 254 ex
1258 223 1393 260 imperitia
1415 221 1515 253 oritur,
1535 219 1656 255 accipias
1676 226 1682 244 :
1703 218 1761 245 haec

129 282 266 315 ἀγνοεῖται
277 281 291 307 ό
303 281 440 314 ἄγνωστος
450 288 458 295 ’
475 278 543 311 εἶδος
558 279 612 315 γὰρ
626 279 674 306 καὶ
684 279 755 315 αὑτὴ
772 286 919 314 γνωριστι-

129 327 191 354 κόν·
207 327 274 354 ἀλλὰ
284 327 343 353 κατ’
361 325 468 361 ἐκείνην
486 326 536 361 τὴν
550 325 660 360 ἄγνοιαν
672 324 836 360 γινώσκεται
851 333 920 359 γνω-

130 373 209 405 στὸς,
226 373 287 400 καθ’
300 373 334 408 ἣν
352 372 522 403 ἀπλωθέντες
538 372 609 407 ὑπὲρ
623 371 672 404 τὰς
682 372 803 407 νοήσεις,
818 371 921 402 αἵτινες

130 419 331 454 πληθυνόμεναι
353 419 557 450 σκεδάννυνται,
574 418 621 445 καὶ
637 416 715 450 αὖθις
732 417 921 453 συμπτύσσον-

129 474 193 497 ται,
209 465 259 492 οὐκ
277 463 355 491 οὖσαι
376 465 447 496 ἐνάς.
463 464 543 491 Ὅθεν
563 462 608 491 οὖν
633 465 723 491 πᾶσαν
742 464 834 500 νόησιν
856 463 921 499 περὶ

129 513 196 539 Θεὸν
216 511 400 547 ὑπερϐάντες,
421 510 502 538 άπλοῖ
514 511 646 546 γινόμεθα
658 531 665 542 ,
683 510 844 544 ἀγνοοῦντες
863 509 920 536 λοι-

130 559 180 585 πὸν
195 559 241 585 καὶ
259 558 436 594 ἀδιάκριτοι⁹⁷
454 557 579 592 μένοντες
594 557 637 583 διὰ
651 556 700 592 τὴν
717 555 785 592 πρὸς
799 555 848 591 τὴν
862 555 920 582 ἐνό-

129 613 199 640 τητα
223 605 332 636 στάσιν,
358 604 405 630 καὶ
432 603 547 639 βεϐαίως
573 603 690 634 ἑστῶτες
713 603 742 629 ὲν
762 603 794 638 τῇ
812 601 918 635 ὲνώσει,

129 651 281 686 ἀγνοοῦμεν
308 651 348 677 ὃτι
371 649 521 686 ἀγνοοῦμεν
544 650 578 682 ’⁸,
598 650 736 676 τουτέστιν
757 649 807 684 οὐχ
826 648 919 684 ἑτέρου

128 698 201 729 τινος
211 697 311 729 εἰδότες
321 698 354 729 ’³,
372 698 452 733 ἡμεῖς
469 697 507 728 ὼς
526 696 642 732 ἀμαθεῖς
656 695 821 731 ἀγνοοῦμεν,
840 694 920 721 δυνά-

131 752 205 779 μενοι
221 743 315 779 μαθεῖν
329 744 347 770 ἃ
360 743 429 775 τέως
439 743 589 778 ἀγνοοῦμεν
601 751 608 758 ·
621 742 688 769 ἀλλὰ
697 742 731 768 τά
741 740 816 777 παρὰ
830 741 921 776 πάσης

129 790 242 826 λογικῆς
256 790 371 822 κτίσεως
385 789 504 822 εὺσεΰῶς
516 789 684 825 ἀγνοούμενα
701 787 873 823 ἀγνοοῦντες“
890 788 920 814 ἐν

129 836 214 872 ταύτῃ
234 835 287 872 γὰρ
310 836 421 868 στάντες
442 837 475 872 τῇ
498 836 610 872 ἀγνοίᾳ,
635 833 704 866 εἶδος
723 833 854 870 γινόμεθα
872 833 919 860 τοῦ

130 883 183 919 πρὸ
200 883 308 910 πάντων
322 883 398 914 ὄντος
409 891 416 897 ·
434 882 564 914 ἐάσαντες
579 881 628 917 μὲν
644 881 733 908 πάντα
750 880 784 907 τά
801 880 858 914 εῖδη
873 879 920 906 καὶ

970 275 1043 304 enim
1061 273 1151 309 caligo
1164 276 1206 300 est
1227 271 1338 302 mentis,
1358 276 1447 304 neque
1470 270 1682 303 cognoscentem
1697 271 1761 291 eum

970 321 1092 356 ignorari
1115 319 1163 355 qui
1190 318 1304 345 minime
1325 314 1455 351 cognosci
1475 316 1582 349 potest;
1606 311 1667 346 ipsa
1685 309 1761 338 enim

970 372 1013 396 est
1029 367 1134 402 species
1150 363 1316 400 cognitionis
1337 372 1343 390 :
1360 369 1454 390 verum
1476 361 1522 388 illa
1543 358 1714 395 ignoratione
1736 356 1761 384 is

970 414 1017 450 qui
1039 412 1166 449 cognosci
1182 414 1289 447 potest,
1312 409 1496 444 cognoscitur,
1514 414 1562 442 per
1578 413 1660 441 quam
1676 411 1761 439 supra

971 459 1142 495 cognitiones
1169 457 1308 491 simplices
1331 455 1478 485 efﬁcimur,
1500 460 1562 488 quae
1584 452 1648 479 dum
1672 450 1762 477 multi-

971 506 1117 540 plicantur,
1133 502 1294 531 dividuntur
1310 501 1464 535 iterumque
1479 498 1685 533 conjunguntur
1697 503 1759 524 cum

971 561 1026 580 non
1053 553 1108 579 sint
1125 551 1227 578 unitas.
1253 548 1358 576 Idcirco
1373 547 1457 582 igitur
1471 553 1579 574 omnem
1594 544 1628 572 de
1643 543 1697 571 Deo
1713 550 1761 570 co-

970 599 1130 634 gitationem
1164 595 1392 623 transcendentes
1439 592 1577 627 simplices
1612 590 1758 622 efﬁcimur,

971 646 1128 680 ignorantes
1141 642 1241 670 deinde
1258 645 1284 668 et
1297 648 1352 668 non
1368 640 1555 667 discernentes
1574 641 1685 673 propter
1699 636 1761 663 uni-

969 692 1035 719 tatis
1064 694 1166 719 statum
1191 691 1394 724 permanentes,
1419 690 1446 714 et
1469 685 1583 712 ﬁrmiter
1611 685 1639 711 in
1657 683 1761 711 unitate

970 737 1165 767 consistentes,
1190 735 1349 770 ignoramus
1365 740 1416 760 nos
1439 732 1577 767 ignorare,
1592 730 1621 757 id
1633 734 1676 757 est
1692 729 1760 756 nihil

970 782 1044 810 aliud
1060 782 1187 814 scientes,
1203 788 1254 808 nos
1269 783 1300 807 ut
1326 779 1410 806 rudes
1434 778 1594 813 ignoramus
1604 797 1610 806 ,
1638 776 1760 804 valentes

969 837 1002 857 ea
1025 828 1132 856 discere
1150 834 1210 862 quae
1231 827 1374 861 hucusque
1399 825 1569 860 ignoramus,
1586 822 1633 850 sed
1648 830 1680 850 ea
1699 830 1761 857 quae

970 875 1006 903 ab
1038 875 1167 902 universa
1196 873 1304 900 ratione
1330 872 1443 907 praedita
1475 874 1601 898 creatura
1634 868 1760 903 religiose

128 915 179 960 τάς
190 929 309 964 νοήσεις,
330 929 359 955 ὲν
375 928 479 964 ἀφασίᾳ
492 928 520 954 δὲ
534 915 668 964 κρείττονι
684 927 773 962 πάσης
784 926 915 960 φθέγξεως

972 921 1154 956 ignorantur,
1180 919 1358 955 ignorantes;
1389 918 1417 944 in
1450 917 1502 944 hac
1535 915 1670 951 siquidem
1699 921 1761 949 per-

129 974 280 1009 ἱδρυμένοι,
297 974 337 1010 τῷ
353 975 420 1011 μηδὲ
435 974 513 1001 τοῦτο
527 973 682 1008 γινώσκειν,
696 973 736 1000 ὅτι
751 971 916 1007 ἀγνοοῦμεν·

129 1018 188 1047 εἷτα
205 1021 286 1047 πάλιν
300 1021 520 1057 ὑποστρέψαντες
534 1021 566 1047 ὲκ
582 1020 631 1056 τῆς
645 1020 674 1045 ὲν
690 1018 794 1054 ἀφασίᾳ
805 1019 837 1034 ¹⁰⁰
855 1027 918 1044 σιω-

130 1066 183 1101 πῆς
194 1086 200 1097 ,
216 1066 263 1093 καὶ
276 1067 330 1093 ἀπὸ
344 1067 395 1102 τῆς
412 1066 492 1101 σιγῆς
509 1067 548 1098 είς
564 1066 674 1100 φθεγξιν
691 1065 916 1097 καταϐαίνοντες,

130 1112 264 1144 συνιέντες
277 1113 318 1139 ὅτι
332 1113 493 1148 ἠγνοοῦμεν,
505 1113 678 1148 ἀφιστάμεθα
692 1112 783 1139 λοιπὸν
794 1112 840 1139 τοῦ
854 1112 918 1147 περὶ

127 1158 267 1191 ἀγνώστου
284 1158 383 1194 ζητεῖν.
405 1160 578 1193 Παννόητος
602 1159 630 1186 δὲ
652 1159 733 1185 πάλιν
753 1160 767 1185 ὸ
786 1158 866 1191 Θεὸς,
885 1158 917 1184 ὲκ

127 1204 182 1230 τῶν
198 1204 353 1239 φιλοδὼρων
375 1204 508 1240 προνοιῶν
527 1205 671 1240 νοούμενος
682 1225 689 1237 ,
712 1205 726 1231 ὃ
738 1213 764 1230 τι
780 1204 854 1236 ἐστὶ,
871 1204 917 1230 καὶ¹

127 1250 160 1276 ὲκ
178 1250 232 1276 τῶν
252 1250 517 1286 δημιουργημάτων·
545 1251 577 1277 ὲκ
598 1251 651 1277 τῶν
673 1251 740 1286 μὲν,
762 1251 803 1277 ὅτι
826 1253 916 1286 σωτήρ

127 1296 218 1322 ἐστιν·
233 1296 265 1323 ὲκ
276 1296 330 1323 τῶν
343 1297 371 1323 δὲ
383 1317 391 1329 ,
407 1297 631 1333 ὃτιδημιουργός.
647 1297 702 1323 Καὶ
716 1296 789 1323 θέσιν
804 1296 853 1332 μὲν
866 1297 916 1333 τὴν

127 1341 245 1377 ὓπαρξιν
254 1350 345 1379 φησιν,
359 1343 397 1375 ὡς
409 1343 438 1376 ἐξ
454 1343 540 1379 αὐτῆς
552 1343 602 1378 τῆς
615 1343 723 1370 πάντων
732 1342 814 1379 οὔσης
828 1342 916 1378 ὑπάρ-

128 1387 205 1420 ξεως.
221 1388 336 1423 Λέγουσι
351 1389 380 1415 δὲ
398 1389 446 1417 καὶ
461 1389 485 1415 ot
501 1389 641 1424 φιλόσοφοι
658 1388 731 1416 θέσιν
747 1389 781 1415 τά
796 1389 915 1416 ἐπιτιθέ-

128 1443 196 1470 μενα
212 1435 269 1471 είδη
285 1437 318 1471 τῇ
337 1435 405 1472 ὕλῃ·
422 1436 566 1472 ἀφαίρεσιν
581 1435 609 1462 δὲ
621 1456 628 1468 ,
648 1436 712 1462 ὃταν
730 1437 758 1463 αί
776 1436 916 1472 ποιότητες

126 1481 295 1517 ἀφαιρεθῶσι
307 1481 361 1508 τῶν
378 1482 455 1508 εἱδῶν
465 1491 471 1497 ·
487 1481 543 1509 οἷον
557 1482 610 1518 γῆς
622 1482 652 1509 τὸ
669 1482 738 1519 βαρὺ
750 1504 757 1516 ,
776 1482 872 1514 ὓδατος
885 1482 915 1509 τὸ

126 1526 219 1562 ὑγρόν.
243 1527 272 1554 Ὀ
288 1525 334 1554 οὖν
347 1528 428 1562 Θεὸς,
451 1529 465 1555 ό
487 1528 635 1555 καὶταῦτα
658 1528 914 1564 μετασχηματίζων,

127 1574 143 1608 ἠ
160 1573 268 1600 πάντων
283 1574 357 1605 θέσις
373 1575 421 1602 κα¹ι
438 1574 583 1610 ἀφαίρεσίς
598 1576 671 1601 ἐστι·
691 1575 764 1607 θέσις
782 1575 831 1611 μὲν
848 1575 915 1602 παν-

970 967 1100 995 sistentes
1125 965 1306 1001 ignoratione,
1334 964 1468 992 elﬁcimur
1499 963 1586 990 forma
1607 962 1667 997 ejus
1686 961 1761 996 quod

969 1017 1035 1041 ante
1059 1013 1151 1040 omnia
1183 1012 1303 1045 exsistit,
1328 1011 1496 1046 negligentes
1520 1009 1631 1045 quidem
1657 1007 1760 1034 formas

969 1066 1075 1091 omnes,
1095 1059 1121 1085 in
1138 1058 1248 1086 silentio
1270 1061 1361 1084 autem
1385 1063 1513 1084 sermone
1535 1053 1611 1081 omni
1627 1057 1761 1089 praestan-

968 1105 1033 1132 tiori
1066 1104 1278 1136 constituimur,
1308 1102 1452 1132 nimirum,
1476 1108 1566 1135 neque
1585 1099 1637 1126 hoc
1656 1106 1760 1134 cogno-

969 1158 1056 1182 scere,
1081 1150 1154 1186 quod
1178 1150 1348 1185 ignoramus,
1373 1151 1468 1183 postea
1494 1154 1593 1174 rursus
1625 1152 1641 1172 a
1664 1149 1760 1172 mutuo

968 1195 1078 1222 silentio
1093 1193 1232 1227 conversi,
1254 1197 1282 1221 et
1304 1200 1320 1220 a
1338 1191 1526 1220 taciturnitate
1549 1191 1583 1218 ad
1606 1197 1760 1218 sermonem

969 1237 1179 1270 descendentes,
1195 1237 1260 1265 dum
1275 1237 1454 1272 intelligimus
1473 1243 1524 1263 nos
1538 1235 1676 1271 ignorare,
1693 1235 1759 1263 abs-

966 1285 1086 1313 tinemus
1107 1289 1203 1320 postea
1222 1284 1255 1311 ab
1277 1283 1337 1319 ejus
1359 1283 1433 1318 quod
1450 1282 1578 1318 cognosci
1602 1282 1697 1316 nequit
1714 1281 1759 1308 in-

966 1330 1127 1365 quisitione.
1152 1329 1261 1357 Rursus
1282 1336 1348 1356 vero
1363 1328 1435 1356 Deus
1456 1328 1562 1354 omnino
1583 1326 1757 1362 intelligibilis

966 1375 1077 1408 dicitur,
1090 1376 1154 1411 quia
1166 1384 1199 1403 ex
1213 1376 1317 1403 liberali
1330 1374 1500 1410 providentia
1516 1377 1543 1402 et
1553 1373 1758 1409 operationibus

967 1423 1136 1457 agnoscitur,
1151 1422 1217 1457 quid
1233 1422 1286 1456 sit;
1303 1429 1338 1450 ex
1354 1422 1401 1448 illa
1415 1421 1538 1456 quidem,
1558 1428 1619 1448 esse
1637 1424 1758 1447 servato-

966 1477 1035 1501 rem,
1049 1477 1082 1496 ex
1099 1469 1141 1496 his
1154 1472 1255 1502 autem,
1271 1476 1333 1496 esse
1354 1473 1519 1495 creatorem.
1539 1466 1573 1493 Et
1594 1466 1759 1501 positionem

966 1523 1014 1543 seu
1030 1515 1249 1546 atﬁrmationem,
1264 1513 1455 1542 exsistentiatn
1473 1515 1562 1542 vocat,
1579 1511 1643 1546 quia
1662 1510 1696 1538 ab
1713 1510 1760 1537 illa

966 1562 1088 1589 omnium
1110 1561 1240 1596 procedat
1258 1560 1439 1592 exsistentia;
1463 1558 1558 1586 dicunt
1572 1565 1654 1593 porro
1668 1557 1759 1592 philo-

125 1627 190 1651 των,
206 1620 244 1652 ὡς
258 1620 292 1647 τὰ
317 1621 406 1647 πάντα
426 1603 483 1653 Bst;
506 1603 552 1648 καὶ
573 1622 702 1657 ποιήσας,
720 1603 767 1649 καλ.
782 1603 914 1658 ¹ἱδρῦσθαι

966 1607 1046 1643 soplii
1062 1608 1227 1643 positionem
1243 1606 1346 1634 formas
1357 1613 1418 1641 qua
1432 1604 1554 1632 materiae
1570 1603 1758 1639 imponuntur;

126 1665 344 1700 παρασκευάζων
353 1673 360 1680 ·
376 1666 405 1692 ὲν
415 1665 489 1700 αὑτῷ
498 1665 552 1700 γὰρ
563 1665 598 1692 τά
609 1666 716 1692 ἅπαντα
732 1666 895 1702 συνέστηκεν
905 1675 911 1681 ·

125 1709 271 1745 ἀφαίρεσις
284 1710 313 1736 δὲ
332 1710 440 1737 πάντων
455 1711 540 1742 ἐστὶν,
560 1710 598 1742 ὡς
618 1711 665 1737 καὶ
676 1711 726 1747 τὴν
741 1711 814 1738 Θέσιν
830 1711 914 1748 αὐτὴν

126 1755 191 1792 [τῶν
204 1756 299 1792 ὄντων]
314 1757 361 1783 καὶ
371 1756 421 1792 τὴν
432 1756 541 1792 ποίησιν
555 1757 781 1793 μεταρῤυθμίζων
806 1759 851 1784 καὶ
868 1766 916 1793 με-

125 1802 316 1834 τασκευάζων,
337 1803 384 1830 καὶ
408 1803 534 1839 ἀφαιρῶν
556 1805 588 1831 ἐκ
612 1804 666 1832 τῶν
695 1804 858 1840 τεθειμένων
880 1805 915 1832 τὰ

125 1848 197 1875 κατά
210 1848 290 1883 φύσιν
300 1857 306 1864 ·
321 1850 345 1875 εί
363 1849 417 1886 γὰρ
431 1850 600 1885 ὁμολογεῖται
611 1853 619 1866 ¹
635 1850 670 1877 τά
685 1851 714 1877 ὲν
727 1850 833 1885 γενέσει
847 1850 915 1877 πάν-

124 1902 178 1926 τως
199 1895 246 1921 καὶ
268 1895 459 1931 φθείρεσθαιί·
479 1896 559 1928 αὐτὸς
575 1897 603 1924 δὲ
624 1897 730 1932 πλούτῳ
749 1897 915 1933 άγαθότητος

125 1939 179 1966 τῶν
197 1940 246 1976 μὲν
260 1940 349 1967 ἀνεῖλε
362 1942 409 1968 καὶ
421 1941 452 1968 τδ
468 1941 597 1978 φθαρτὸν,
614 1943 652 1974 ὡς
666 1942 789 1978 ἀγγέλων
803 1943 849 1970 καὶ
861 1943 914 1978 ψυ-

125 1985 193 2020 χῶν·
209 1985 264 2012 τῶν
278 1986 306 2012 δὲ
319 1987 350 2012 τὺ
364 1986 482 2023 φθαρτὸν
498 1988 538 2019 εἰς
551 1987 720 2024 ἀφθαρσίαν,
738 1987 786 2014 καὶ
805 1987 835 2014 τὸ
850 1987 914 2024 θνη-

124 2032 171 2058 τὺν
187 2031 227 2063 είς
248 2031 395 2058 ἀθανασίαν
412 2033 540 2068 μετάγει,
555 2033 593 2065 ὡς
611 2033 646 2060 τὰ
663 2032 776 2068 σώματα
791 2032 869 2068 ἡμῶν
885 2034 914 2060 ὲν

124 2078 158 2112 τῇ
170 2077 317 2104 ἀναστάσει
328 2087 333 2093 ·
347 2078 425 2113 δῆλον
434 2078 471 2110 ὡς
482 2078 562 2110 αὐτὸς
573 2078 660 2105 ταῦτα
674 2079 740 2114 ἡμῖν
749 2078 760 2094 ³
773 2078 912 2114 ὑπάρχων,

124 2123 206 2155 αὐτὸς
223 2124 271 2150 καὶ
289 2123 360 2160 ὑπὲρ
374 2124 448 2151 Θέσιν
462 2125 521 2154 ἐστὶ
534 2125 581 2151 καὶ
601 2124 755 2160 ἀφαίρεσιν,
771 2125 818 2152 καὶ
834 2124 914 2160 θεμέ-

124 2168 180 2200 λιος
195 2170 242 2196 καὶ
259 2169 321 2204 ῥίζα
334 2169 441 2196 πάντων
456 2169 503 2202 ὢν,
520 2171 551 2197 οὐ
565 2170 685 2202 τοπικῶς
696 2190 703 2202 ,
719 2170 787 2197 ἀλλά
799 2170 870 2197 κατά
883 2169 914 2196 τὸ

124 2216 224 2242 αἴτιον·
249 2215 309 2242 οὒτε
333 2216 478 2252 ἀφαίρεσις
499 2217 578 2248 αὐτὸς
599 2216 652 2248 ὢν,
676 2212 714 2243 ὧν
734 2216 813 2248 αὐτὸς
837 2215 911 2251 ἔχει·

124 2261 190 2288 αὐτὸ
204 2261 259 2297 γὰρ
272 2261 406 2288 ἀθάνατον
422 2261 503 2294 αὐτὸς
516 2261 582 2297 ἔχει.
591 2262 628 2288 Τὸ
638 2261 692 2297 γάρ
708 2261 852 2294 ἀθάνατον,
867 2261 913 2288 καὶ

124 2307 326 2343 ἀκατάληπτον,
344 2308 391 2334 καὶ
405 2307 552 2342 ἄγνωστον,
570 2308 617 2334 καὶ
625 2308 676 2335 ὅσα
694 2307 823 2340 τοιαῦτα,
840 2306 911 2342 ἔχει,

123 2354 173 2389 οὐχ
192 2354 230 2385 ὡς
247 2353 283 2390 μὴ
300 2350 340 2380 ὢν
355 2354 386 2380 τδ
400 2354 534 2381 ἐναντίον·
550 2354 617 2381 ἀλλά
633 2354 703 2381 κατὰ
719 2354 838 2389 ἰδιότητά
852 2362 913 2380 τινα

124 2402 207 2428 πᾶσιν
227 2401 346 2436 ἄρρητον
364 2401 411 2427 καὶ
433 2400 622 2436 ἀνεπινόητον·
640 2400 771 2436 ἐξῄρηται
789 2399 844 2436 γὰρ
858 2399 914 2426 τῶν

123 2448 260 2480 ἁπάντων,
280 2447 318 2479 ὡς
330 2447 506 2484 ἀφῃρημένος
515 2447 568 2473 τῶν
579 2447 674 2480 ὄντων,
691 2447 738 2474 καὶ
750 2447 796 2474 ὑπ’
806 2445 913 2478 οὐδενὸς

122 2493 267 2528 νοούμενος
280 2493 334 2520 τῶν
351 2495 380 2520 ὲν
401 2494 565 2530 δημιουργίᾳ
584 2494 600 2529 ἢ
621 2493 911 2530 καταλαμϐανόμενος,

122 2540 161 2571 ὡς
175 2540 256 2572 αὐτὸς
271 2540 368 2567 ἑαυτὸν
384 2540 510 2576 ἀρπάσας
526 2540 570 2566 διὰ
583 2540 634 2575 τῆς
648 2540 775 2575 ἀπειρίας
786 2548 793 2555 ⁸
813 2540 843 2566 οὐ
859 2539 913 2575 γάρ

122 2587 196 2613 ἐστιν
206 2586 287 2614 αὑτοῦ
299 2587 394 2622 πέρας.
407 2587 562 2623 Σημείωσαι
572 2586 601 2613 δὲ
611 2586 642 2612 τὺ
653 2587 681 2613 ὲν
691 2586 818 2622 ἀλλήλαις
831 2583 911 2618 εἶναι,

122 2633 195 2660 κατά
210 2641 272 2660 τινα
292 2633 374 2669 μονὴν
389 2633 436 2660 καὶ
452 2633 555 2668 ἵδρυσιν
570 2632 620 2664 τάς
634 2632 709 2664 θείας
731 2631 894 2664 ὑποστάσεις
904 2651 911 2665 ,

121 2679 161 2710 ὡς
174 2679 206 2706 τό
217 2687 223 2694 ·
247 2678 318 2715 Ἐγὼ
330 2679 365 2706 ἐν
379 2679 419 2712 τῷ
438 2679 546 2713 Πατρί,
565 2679 613 2705 καὶ
633 2680 649 2705 ό
666 2678 769 2712 Πατὴρ
777 2679 816 2705 ἐν
829 2677 894 2712 ἐμοί
902 2686 908 2693 ·

929 2289 951 2316 D

966 1654 1133 1682 ablationem
1153 1657 1245 1680 autem
1266 1660 1314 1681 seu
1337 1652 1509 1688 negationem
1524 1671 1531 1684 ,
1548 1649 1658 1685 quando
1671 1649 1760 1684 quali-

965 1703 1035 1727 tates
1055 1707 1070 1726 a
1088 1699 1184 1727 formis
1210 1698 1385 1730 auferuntur,
1401 1697 1486 1725 veluti
1515 1704 1529 1723 a
1550 1701 1623 1724 terra
1639 1697 1760 1732 gravita-

965 1749 1030 1778 tem,
1052 1746 1087 1773 ab
1106 1753 1177 1780 aqua
1204 1745 1407 1773 humiditatem.
1431 1743 1503 1771 Deus
1529 1743 1612 1779 igitur
1634 1743 1683 1778 qui
1701 1742 1759 1770 haec

965 1793 1057 1820 omnia
1078 1791 1270 1824 transformat,
1285 1791 1408 1818 omnium
1425 1794 1468 1818 est
1482 1790 1583 1825 positio
1597 1793 1625 1816 et
1640 1788 1756 1816 ablatio:

965 1840 1088 1868 omnium
1111 1838 1222 1874 quidem
1247 1837 1366 1873 positio,
1390 1840 1419 1864 ut
1439 1836 1486 1871 qui
1511 1835 1602 1863 omnia
1628 1835 1705 1870 ponit
1731 1837 1760 1861 et

965 1886 1040 1918 facit,
1065 1888 1147 1921 atque
1169 1889 1199 1912 ut
1220 1884 1374 1912 consistant
1395 1882 1534 1918 disponit;
1560 1882 1586 1909 in
1605 1882 1665 1916 ipso
1683 1881 1758 1908 enim

964 1932 1057 1960 omnia
1079 1932 1248 1959 consistunt.
1273 1929 1321 1957 Est
1342 1933 1433 1957 autem
1453 1929 1575 1956 omnium
1595 1927 1708 1959 ablatio,
1728 1930 1758 1954 ut

964 1979 1011 2014 qui
1024 1978 1285 2014 positionemipsam
1307 1975 1424 2013 [rerum]
1446 1980 1474 2003 et
1497 1975 1664 2003 creationem
1680 1981 1757 2001 com-

965 2026 1041 2061 ponit
1057 2030 1084 2053 et
1100 2024 1258 2056 concinnat,
1276 2027 1358 2058 atque
1370 2030 1403 2050 ex
1421 2022 1518 2058 positis
1532 2029 1563 2048 ea
1577 2028 1638 2056 qua:
1652 2023 1759 2048 naturae

964 2075 1028 2099 sunt
1043 2071 1153 2106 propria
1163 2069 1268 2104 aufert;
1286 2070 1309 2097 si
1327 2069 1399 2097 enim
1414 2076 1465 2104 pro
1478 2068 1606 2095 confesso
1626 2066 1755 2098 habetur,

963 2125 997 2146 ea
1017 2125 1078 2154 qua:
1094 2120 1261 2153 generantur
1288 2122 1402 2150 prorsus
1421 2113 1503 2141 etiam
1524 2112 1679 2147 corrumpi;
1697 2112 1757 2146 ipse

964 2168 1057 2192 autem
1080 2163 1249 2190 abundantia
1261 2161 1392 2189 bonitatis
1406 2160 1515 2187 illorum
1530 2158 1641 2194 quidem
1655 2165 1755 2184 corru-

964 2211 1085 2247 ptionem
1126 2210 1205 2245 112
1231 2208 1394 2239 abstulerit,
1420 2206 1506 2234 veluti
1534 2205 1569 2232 ab
1597 2204 1701 2240 angelis
1728 2207 1756 2232 et

965 2258 1128 2290 animabus;
1152 2257 1251 2283 horum
1269 2263 1335 2282 vero
1355 2253 1561 2289 corruptionem
1584 2252 1612 2279 in
1629 2252 1756 2279 incorru-

965 2305 1086 2341 ptionem
1102 2303 1238 2334 traducat,
1260 2301 1333 2329 sicut
1353 2307 1469 2335 corpora
1491 2303 1586 2327 nostra
1609 2298 1636 2326 in
1661 2305 1756 2326 resur—

963 2352 1102 2384 rectione;
1126 2349 1305 2377 manifestum
1325 2351 1367 2375 est
1381 2346 1455 2382 quod
1476 2346 1534 2381 ipse
1549 2345 1644 2373 eadem
1664 2344 1759 2371 nobisq

964 2406 1026 2427 cum
1043 2398 1190 2429 exsistens,
1212 2396 1248 2423 sit
1266 2398 1293 2423 et
1310 2401 1394 2430 supra
1409 2393 1574 2429 positionem
1597 2395 1625 2419 et
1639 2391 1756 2419 ablatio-

963 2453 1037 2477 nem,
1057 2451 1120 2472 cum
1143 2441 1352 2470 fundamentum
1378 2440 1430 2472 sit,
1455 2439 1634 2473 omniumque
1659 2437 1752 2471 radix;

964 2500 1019 2520 non
1032 2494 1165 2527 quantum
1184 2488 1218 2516 ad
1238 2489 1340 2520 locum,
1355 2487 1404 2516 sed
1421 2490 1451 2514 ut
1466 2493 1565 2519 causa;
1590 2492 1680 2520 neque
1696 2484 1757 2518 ipse

964 2542 1007 2566 est
1027 2537 1130 2565 ablatio
1151 2543 1246 2563 eorum
1260 2542 1323 2570 qua
1337 2533 1429 2566 habet,
1447 2534 1535 2568 ipsam
1552 2532 1625 2559 enim
1641 2531 1754 2558 immor-

963 2585 1093 2612 talitatem
1109 2583 1168 2618 ipse
1184 2582 1276 2609 habet.
1299 2580 1369 2608 Illud
1381 2580 1454 2608 enim
1468 2578 1543 2614 quod
1561 2577 1630 2605 mori
1645 2575 1751 2610 nequit,

964 2608 1093 2612 """""""'
1110 2608 1166 2618 'r"
1185 2608 1198 2609 η
1222 2608 1249 2609 νίν
1271 2608 1275 2609 ⁷
1478 2608 1485 2614 ι
1691 2608 1698 2610 ε

962 2639 1051 2666 neque
1061 2629 1266 2666 comprehendi,
1280 2636 1369 2664 neque
1382 2626 1522 2663 cognosci,
1535 2625 1642 2659 aliaque
1653 2608 1758 2650 similiaI

963 2678 1064 2710 habet,
1088 2684 1144 2704 non
1167 2675 1241 2712 quod
1268 2683 1323 2703 non
1347 2675 1383 2703 sit
1402 2673 1584 2702 contrarium,
1603 2669 1650 2698 sed
1671 2669 1752 2704 juxta

601 2797 718 2826 VARIJE
739 2797 932 2826 LEGTIONES
949 2797 993 2825 ET
1009 2796 1287 2826 CORRECTIONES.

152 2900 175 2916 ’⁷
184 2899 392 2935 γρ.νομίζοντες
399 2899 600 2935 κατειληφέναι,
612 2901 658 2927 καὶ
670 2900 854 2933 ἀδι,ριι1αη1ε.ς
868 2907 915 2925 verr

966 2906 988 2935 λς
1003 2896 1148 2935 intelligere
1161 2902 1255 2924 etnon.
1283 2896 1306 2913 ’⁸
1315 2903 1360 2931 γρ.
1373 2894 1515 2923 κατέλαϐε.
1549 2894 1622 2928 ’¹γρ.
1635 2893 1746 2925 είδότος.

122 2933 210 2970 ¹⁴¹⁰γρῖ
230 2933 375 2972 ἀφθαρσίᾳ.
411 2936 475 2971 ¹γρ.
491 2933 673 2972 ὡμολόγηται.
707 2938 716 2952 ²
731 2944 774 2971 γρ.
796 2934 943 2970 φθείρεται.
978 2934 988 2950 ³
1005 2933 1146 2969 γρ.ἡμῶν.
