1923 3064
158 161 212 188 2m
528 188 531 191 ,
568 158 739 187 APPENDIX
756 157 801 185 AD
818 154 932 183 OPERA
950 153 979 182 S.
997 152 1148 181 DIONYSII
1164 151 1406 180 AREOPAGITE.
1743 151 1796 182 2‘30

158 219 355 254 proprietatem
372 217 519 254 quamdam
534 219 664 246 omnibus
677 216 853 247 ineﬂ‘abilem,
871 221 951 250 pror-

1012 211 1074 238 ›ὖτω
1090 213 1137 238 καὶ
1159 212 1223 247 περὶ
1246 211 1292 237 τοῦ
1318 211 1395 245 ἁγίου
1421 211 1580 246 Πνεύματος
1598 211 1612 239 ὁ
1636 208 1796 242 Ἀπόστολος

159 272 264 299 susque
302 264 562 300 inconceptibilem;
589 268 731 299 exemptus
756 261 829 289 enim
855 263 897 287 est
919 259 952 286 ab
1005 258 1107 293 λέγειδ.

159 311 298 342 omnibus.
317 314 446 346 tanquam
464 318 478 337 a
493 310 573 337 rebus
591 309 708 341 ablatus,
727 314 815 342 neque
839 307 873 333 ab
884 305 940 332 ulla
952 309 1079 346 creatura
1097 304 1252 331 intellectus
1263 308 1309 330 aut
1323 303 1550 339 comprehensus,
1563 308 1592 331 ut
1607 303 1654 338 qui
1674 303 1795 338 seipsum

160 365 209 393 per
223 357 384 384 infinitatem
406 357 511 392 capiat,
530 363 619 390 neque
646 355 717 382 enim
738 354 799 389 ejus
814 356 857 380 est
871 351 1017 379 terminus.
1030 350 1100 377 Nota
1111 355 1201 377 autem
1218 351 1245 377 in
1259 358 1288 377 se
1300 351 1416 377 invicem
1428 358 1506 382 esse,
1520 358 1568 385 per
1585 350 1696 377 modum
1710 350 1797 376 alicu-

161 403 205 438 jus
219 403 290 430 situs
305 407 331 430 et
348 402 538 435 habitationis,
557 402 664 429 divinas
680 407 824 436 personas,
841 403 870 426 ut
887 397 966 429 illud,
986 397 1041 430 Ego
1057 398 1084 424 in
1099 397 1191 429 Patre,
1209 402 1233 424 et
1249 397 1332 424 Pater
1350 397 1376 424 in
1394 405 1434 424 me
1445 402 1458 416 ν
1478 398 1533 424 :ita
1548 397 1630 425 etiam
1644 396 1678 424 de
1693 395 1796 432 Spiritu

160 453 257 477 sancto
269 450 415 484 Apostolus
431 448 506 475 dicit.

197 496 289 532 [Sicut
308 496 410 522 lumina
433 494 595 529 lampadum.
629 494 736 528 Integra
761 501 839 520 mens
863 492 950 519 sancti

160 542 252 570 Patris
271 541 304 568 ad
324 541 396 568 hunc
412 540 521 568 modum
543 549 572 568 se
587 540 678 568 habet.
699 539 858 574 Exemplum
875 538 951 573 ponit

161 588 195 616 de
211 591 306 615 sancta
319 586 460 614 Trinitate.
478 585 726 619 Quemadmodum,
742 584 839 619 inquit,
857 584 879 610 si
895 587 951 611 tres

162 634 298 664 lucernae,
315 636 362 659 aut
382 632 502 659 candelae
526 638 580 658 una
596 631 651 658 sint
669 631 696 657 in
722 630 833 665 templo,
855 630 898 657 vel
924 629 950 656 in

161 679 253 710 domo,
272 679 329 706 suis
346 678 455 714 quidem
481 678 674 713 liypostasibus
699 680 881 704 secernuntur
903 684 951 703 seu

161 725 370 760 distinguuntur
391 725 426 751 ab
448 724 585 757 invicem;
605 730 776 758 unaquaeque
802 722 876 749 enim
899 721 952 748 alia

161 772 274 798 lucerna
294 775 335 798 est
357 780 365 798 :
386 774 506 798 attamen
527 773 660 804 quantum
683 768 717 795 ad
733 769 834 800 lumen,
849 767 952 794 unitam

1043 489 1192 526 [Καθάπερ
1210 490 1292 525 φῶτα
1308 491 1499 526 λαμπτήρων.
1530 491 1610 523 ’Ὀλος
1631 492 1645 518 ὁ
1669 492 1730 524 νοῦς
1749 490 1798 519 τοῦ

1004 536 1112 572 Πατρὸς
1125 536 1219 563 τοῦτον
1242 536 1298 572 ἔχει
1318 536 1364 563 τὸν
1387 537 1498 571 τρόπον.
1521 537 1700 573 Παράδειγμα
1722 536 1798 565 εἶπεν

1005 583 1050 609 ἐπὶ
1068 583 1116 619 τῆς
1132 583 1211 617 ἁγίας
1229 583 1352 619 Τριάδος,
1365 583 1458 619 ὥσπερ
1475 583 1559 619 τριῶν
1575 593 1655 610 τινων
1679 584 1796 620 λύχνων,

1006 630 1097 665 φησιν,
1115 630 1131 665 ἤ
1147 630 1239 665 κηρῶν
1255 630 1386 665 ἡμμένων
1409 630 1437 656 ἔν
1457 639 1510 656 τινι
1534 630 1589 666 ναῷ
1605 630 1621 666 ἦ
1638 630 1705 666 οῐκῳ
1716 652 1724 663 ,
1741 633 1800 664 ταῖς

1007 675 1057 710 μὲν
1074 675 1238 702 ὑποστάσεσι
1249 676 1475 711 διακεκριμένων,
1488 676 1571 711 ἡγουν
1591 677 1800 713 κεχωρισμένων

1006 722 1141 758 ἀλλήλων·
1172 722 1251 754 ἄλλος
1261 722 1315 758 γὰρ
1332 722 1379 748 κα)⁵
1390 722 1468 754 ἄλλος
1481 722 1577 758 λύχνος
1588 723 1662 749 ἐστὶν
1676 722 1767 754 ίδικῶς
1786 724 1801 750 ὁ

1006 769 1115 800 καθείς·
1136 768 1175 804 τῷ
1190 768 1218 794 δὲ
1235 769 1304 802 φωτὶ
1319 769 1461 804 ἡνωμένην
1476 768 1567 804 ἔχουσι
1586 769 1633 796 καὶ
1650 769 1800 805 ἀχώριστον

161 821 242 852 atque
258 816 402 844 indivisam
419 816 520 842 habent
533 818 639 842 naturae
653 818 679 842 et
691 813 859 849 operationis
877 820 953 840 com-

1012 815 1056 851 τὴν
1077 814 1219 841 κοινωνίαν
1237 815 1286 850 τῆς
1313 814 1420 849 φύσεως
1441 815 1486 841 καὶ
1506 815 1555 850 τῆς
1577 815 1731 850 ὲνεργείας”
1754 815 1802 842 καὶ

161 863 390 895 municationem;
417 861 485 889 adeo
495 866 524 889 ut
538 869 618 889 nemo
633 861 791 888 discernere
806 860 906 891 valeat,
923 866 955 886 ac

161 909 265 941 dicere,
288 909 425 944 quodnam
447 909 542 944 hujus,
567 908 676 943 quodve
699 907 813 934 alterius
836 906 955 933 lucernae

162 955 198 982 sit
215 955 316 982 lumen.
333 954 382 982 His
394 955 487 986 dictis,
503 962 517 981 a
528 953 662 981 Trinitate
674 953 708 981 ad
721 953 954 988 dispensationem

161 1007 316 1026 sermonem
346 999 494 1032 transfert,
521 1003 548 1026 et
568 1007 708 1035 egressum
732 999 817 1026 divini
839 997 920 1025 Verbi
939 1006 955 1024 a

161 1044 253 1076 Patre,
265 1045 343 1079 juxta
367 1045 428 1079 ejus
446 1052 552 1076 vocem,
564 1052 624 1079 qua:
648 1043 738 1071 dixit:
759 1043 780 1070 Α
797 1043 878 1070 Patre
898 1052 955 1071 meo

160 1091 244 1123 exivi,
260 1096 284 1118 et
301 1091 334 1117 ad
347 1090 457 1118 Patrem
480 1099 567 1117 meum
586 1090 652 1117 vado
673 1095 697 1123 ι,
721 1090 844 1117 declarat
856 1110 863 1121 .
890 1090 954 1118 sub-

161 1137 243 1165 dens:
256 1137 308 1164 Sed
319 1142 344 1164 et
357 1138 380 1164 si
392 1137 450 1173 quis
466 1145 546 1164 uuam
559 1137 708 1172 lampadem
724 1137 818 1164 educat
834 1145 848 1164 e
862 1137 952 1168 domo,

162 1184 244 1211 simul
266 1184 347 1211 exibit
369 1188 394 1211 et
416 1188 499 1211 totum
519 1185 656 1219 proprium
680 1183 736 1216 ejus
764 1183 861 1215 lumen,
888 1183 955 1210 nihil

162 1237 319 1258 cancrorum
337 1230 469 1257 luminum
491 1231 518 1257 in
536 1239 563 1258 se
580 1231 639 1266 ipsa
651 1229 731 1257 simul
745 1229 861 1261 trahens,
874 1238 955 1264 neque

162 1277 264 1312 aliquid
293 1278 336 1304 sui
356 1278 411 1304 illis
430 1277 588 1312 relinquens.
614 1276 736 1304 Veniens
765 1276 838 1303 enim
866 1275 955 1304 Filius

161 1332 196 1351 ex
210 1323 290 1351 Patre
314 1324 341 1350 iri
363 1323 506 1354 mundum,
530 1331 618 1358 neque
639 1323 761 1354 Patrem,
787 1330 876 1357 neque
893 1322 955 1357 Spi-

163 1369 245 1395 ritum
263 1369 289 1396 in
304 1377 334 1396 se
351 1369 411 1404 ipso
427 1369 509 1396 simul
523 1368 620 1400 duxit,
642 1376 731 1404 neque
745 1368 885 1403 quidpiam
904 1368 957 1395 sibi

164 1413 308 1448 proprium
335 1413 478 1448 egrediens
502 1413 556 1441 illis
581 1413 711 1448 reliquit;
737 1413 786 1440 sed
807 1413 955 1440 indivisam

163 1467 221 1488 sua:
240 1460 327 1495 ipsius
342 1459 493 1487 mansionis
509 1460 696 1494 egressionem
708 1458 796 1495 fecit.]

1005 861 1092 893 οὐδεὶς
1108 861 1219 888 δύναται
1239 862 1268 887 ὲν
1281 861 1320 896 τῷ
1335 860 1402 897 οἴκῳ
1419 862 1449 887 ὲν
1463 861 1501 896 τῷ
1518 861 1580 897 ἀέρι
1596 861 1678 888 αὑτοῦ
1695 862 1804 897 διακρί-

1006 917 1049 935 ναι
1067 908 1114 934 καὶ
1128 908 1225 939 εἰπεῖν,
1242 909 1319 934 ποῖον
1336 908 1385 943 μέν
1397 909 1453 934 ἐστι
1468 907 1526 942 φῶς
1540 908 1617 934 τοῦδε
1629 908 1675 935 τοῦ
1688 908 1798 944 λύχνου,

1007 955 1082 981 ποῖον
1094 953 1122 980 δὲ
1136 953 1183 981 τοῦ
1199 954 1303 989 ἐτέρου.
1319 954 1411 980 Ταῦτα
1422 953 1516 986 εἰπὼν,
1531 954 1690 990 μετέρχεται
1704 954 1799 981 λοιπὸν

1006 1000 1039 1028 ἐκ
1055 1000 1101 1026 τοῦ
1121 999 1260 1036 τριαδικοῦ
1284 1001 1324 1032 είς
1339 1000 1384 1026 τὸν
1399 1000 1448 1036 τῆς
1472 1000 1626 1036 οἰκονομίας
1646 1001 1734 1035 λόγον,
1755 1001 1804 1028 καὶ

1006 1046 1055 1081 τὴν
1071 1045 1176 1078 ἔνδοξον
1201 1045 1289 1079 ἔξοδον
1311 1046 1358 1072 τοῦ
1383 1046 1450 1072 Θεοῦ
1467 1046 1554 1080 Λόγου
1575 1047 1624 1082 τὴν
1644 1047 1676 1073 ὲκ
1694 1047 1803 1082 Πατρὸς

1006 1092 1077 1119 κατὰ
1093 1093 1142 1128 τὴν
1157 1092 1239 1119 αὑτοῦ
1255 1093 1346 1128 φωνὴν
1360 1093 1409 1128 τὴν
1429 1093 1596 1127 φάσκουσαν,
1614 1093 1665 1125 ὅτι,
1682 1093 1732 1120 Ἐκ
1747 1093 1802 1121 ¹δοῦ

1006 1139 1121 1172 Πατρός
1134 1148 1194 1173 μου
1214 1138 1272 1174 ἐγὼ
1290 1139 1431 1173 ἐξῆλθον,
1454 1139 1504 1166 καὶ
1525 1139 1599 1173 πρὸς
1620 1139 1673 1166 τὸν
1685 1139 1802 1173 Πατέρα

1004 1194 1063 1220 μου
1083 1184 1201 1219 ὑπάγω,
1225 1185 1367 1220 σαφηνίζει
1384 1185 1455 1212 καθὰ
1474 1193 1573 1221 φησιν·
1599 1185 1678 1212 Ἀλλ’
1701 1187 1727 1212 ει
1752 1185 1802 1212 καὶ

1007 1230 1059 1257 τὸν
1072 1231 1125 1257 ἕνα
1138 1240 1183 1264 τις
1197 1230 1255 1257 τῶν
1268 1231 1393 1265 πυρσῶν
1413 1230 1559 1266 ὐπεξάγοι
1573 1231 1627 1258 τοῦ
1643 1231 1802 1266 δωματίου,

1010 1277 1263 1309 συν-εξελεύσεται
1283 1277 1332 1304 καὶ
1347 1277 1380 1304 τὸ
1401 1277 1511 1304 οἰκεῖον
1529 1277 1610 1305 ἅπαν
1623 1277 1696 1312 φῶς,
1712 1276 1804 1304 οὐδὲν

1009 1323 1065 1356 τῆς
1084 1323 1142 1349 τῶν
1156 1323 1264 1356 ἑτέρων
1278 1323 1383 1358 φώτων
1396 1323 1431 1349 ἐν
1451 1323 1546 1356 ἑαυτῷ
1573 1322 1804 1358 συνεπισπώμε-

1008 1377 1065 1395 νον
1091 1369 1301 1403 λαμπηδόνος,
1319 1369 1339 1404 ἢ
1361 1369 1393 1396 τὸ
1409 1370 1517 1396 ἑαυτοῦ
1536 1369 1598 1402 τοῖς
1618 1369 1729 1403 ἑτέροις
1750 1377 1803 1395 κα-

1010 1414 1161 1442 ταλεῖπον.
1195 1414 1295 1442 Ἐλθὼν
1333 1414 1388 1450 γὰρ
1418 1416 1432 1442 ὁ
1462 1415 1526 1447 Υἱὸς
1555 1417 1587 1442 ἐκ
1623 1415 1672 1442 τοῦ
1697 1416 1804 1451 Πατρὺς

1009 1461 1057 1487 καὶ
1073 1460 1244 1496 ἐπιδημήσας
1263 1461 1293 1487 ὲν
1314 1460 1352 1496 τῷ
1370 1460 1465 1496 κόσμῳ
1485 1461 1544 1487 οὐδὲ
1564 1461 1610 1487 τὸν
1629 1461 1739 1496 Πατέρα
1756 1460 1805 1487 καὶ

161 1506 193 1533 τὺ
211 1506 323 1541 Πνεῦμα
344 1507 495 1542 συνήγαγεν
515 1507 544 1534 ὲν
561 1506 650 1541 ἑαυτῷ
661 1526 668 1538 ,
686 1506 747 1532 οὐδὲ
770 1506 823 1542 μὴν
836 1505 890 1533 τῶν
914 1506 1022 1533 οἰκείων
1038 1516 1064 1533 τι
1079 1506 1194 1540 ἐξελθὼν
1213 1507 1326 1540 ἐκείνοις
1341 1507 1498 1539 κατέλιπεν,
1516 1507 1572 1534 ἀλλ’
1589 1508 1740 1543 ἀδιαίρετον
1754 1508 1805 1543 τῆς

163 1553 260 1582 ιαυτοῦ
286 1553 371 1588 μονῆς
396 1554 542 1589 ἐποιήσατο
566 1554 616 1588 τὴν
639 1552 751 1588 ἕξοδον.]

199 1600 288 1633 Quare
299 1607 376 1634 super
387 1599 589 1626 substantialem
605 1599 690 1626 illam.
707 1599 850 1626 Unitiones
862 1606 960 1633 corpo-

1049 1598 1146 1626 ’Ὅπου
1158 1608 1192 1634 γε
1209 1599 1258 1626 καὶ
1273 1599 1330 1633 τὴν
1344 1600 1537 1633 ὑπερούσιον.
1553 1600 1586 1625 Αἱ
1599 1599 1654 1625 τῶν
1671 1599 1805 1634 σωμάτων

162 1655 223 1674 rum
230 1655 325 1674 eorum
331 1655 402 1682 quae.
412 1647 587 1674 utelementis
593 1647 757 1679 constantia,
764 1650 791 1674 et
797 1647 849 1673 alia
857 1647 956 1676 ratione

1013 1645 1124 1678 ὲνώσεις
1136 1665 1143 1678 ,
1159 1646 1215 1673 τῶν
1231 1655 1261 1672 τε
1279 1646 1456 1681 στοιχειωδῶς
1472 1646 1675 1682 θεωρουμένων,
1689 1646 1736 1680 καὶ
1749 1646 1805 1672 τῶν

164 1694 296 1728 permista
311 1693 534 1725 considerantur,
551 1701 583 1721 ex
596 1694 697 1720 virtute
711 1697 738 1720 et.
750 1692 881 1727 qualitate
897 1700 959 1719 mu-

164 1739 295 1766 tationem
308 1739 419 1770 habent,
433 1742 460 1766 et
469 1739 573 1773 aliquid
589 1738 663 1765 aliud
677 1738 844 1773 simplicium
854 1741 960 1765 naturae

165 1785 335 1812 contrarium
359 1785 456 1812 horum
474 1785 563 1812 unitio
590 1785 712 1820 perficit;
731 1785 856 1812 similiter
873 1785 959 1812 facul-

165 1834 234 1858 tates
249 1830 347 1857 animm
361 1829 476 1857 diversae
490 1829 618 1857 videntur
634 1838 683 1865 pro
700 1834 792 1857 motus
807 1830 848 1857 sui
860 1829 960 1857 discri-

165 1878 249 1904 mine.
272 1875 404 1911 Equidem
419 1876 579 1911 angelorum
597 1884 659 1903 cum
679 1875 780 1904 divinis
799 1876 960 1903 illustratio-

166 1923 248 1950 nihus
263 1922 415 1952 unitiones,
436 1921 559 1949 vicissim
579 1925 606 1947 et
621 1921 816 1949 convenienter
840 1921 958 1956 propriis

166 1968 310 1996 ordinibus
327 1967 448 1996 habent:
469 1967 600 1995 divinitas
613 1971 705 1994 autem
722 1971 824 1994 sanctae
839 1967 960 1995 Trinita-

166 2014 214 2045 tis,
231 2013 310 2048 113
326 2017 353 2040 et
364 2012 499 2048 quidquid
520 2013 581 2048 ejus
594 2017 646 2045 est,
660 2013 736 2040 nullo
750 2013 887 2042 dictorum
903 2014 961 2042 dis-

167 2063 242 2087 secta
260 2064 308 2086 aut
328 2067 342 2086 a
361 2067 390 2087 se
407 2059 527 2092 diversa,
544 2060 642 2087 merito
657 2063 787 2087 censetur
800 2067 862 2088 esse
876 2067 959 2096 Supra

166 2106 285 2133 uniones
302 2106 381 2134 istas.

205 2152 241 2179 Et
262 2153 456 2187 supercwlestia
485 2152 641 2180 luminaria.
667 2151 738 2179 Nota
762 2160 825 2180 eum
853 2153 961 2181 animas

168 2198 370 2234 universasque
392 2202 509 2230 mentes.
533 2199 674 2233 superiora
694 2198 771 2226 caelis
789 2199 893 2227 lumina
912 2207 961 2227 vo-

168 2253 242 2276 care,
265 2249 348 2280 atque
370 2245 472 2276 dicere,
495 2244 546 2272 has
569 2252 666 2272 omnes
682 2245 807 2273 viventes
827 2246 960 2274 essentias

169 2290 252 2322 uniri,
269 2291 499 2326 quemadmodum
518 2290 622 2318 dictum
636 2296 679 2319 est
696 2292 724 2318 in
740 2292 865 2326 exemplo
886 2293 958 2318 mul-

168 2339 258 2362 torum
281 2337 309 2362 in
333 2337 414 2364 domo
430 2336 524 2364 eadem
551 2336 685 2363 luminum
709 2337 762 2364 sibi
781 2342 876 2364 mutuo
899 2338 959 2366 sine

169 2382 297 2409 mistione
318 2386 345 2409 et
360 2382 522 2410 confusione
536 2383 686 2414 unitorum,
703 2390 765 2410 cum
787 2384 842 2410 sint
859 2383 905 2411 Dei
921 2385 958 2411 si-

169 2428 258 2458 miles,
273 2431 301 2453 et
315 2436 365 2462 pro
381 2432 461 2463 captu
475 2436 525 2456 suo
543 2429 728 2456 unitissimam
745 2428 792 2456 Dei
808 2430 957 2457 unitionem

169 2473 335 2509 participem
349 2483 355 2500 :
371 2481 450 2507 quas,
463 2474 725 2507 scilicetnuitiones,
737 2475 897 2510 incorporea
910 2475 958 2502 ha-

171 2521 245 2551 bent,
264 2527 325 2554 quaa
344 2519 426 2546 etiam
448 2527 477 2547 se
499 2524 593 2547 mutuo
615 2520 675 2548 sine
691 2519 853 2547 confusione
876 2527 959 2554 pene—

171 2572 256 2595 ιΓῖΙΙΙῑ.

207 2612 442 2648 Superessrntialis
464 2612 536 2638 illius
555 2611 787 2646 Deifccundilatis.
808 2611 878 2639 Nota
897 2619 960 2639 eum

172 2668 270 2687 vocare
289 2659 409 2689 Patrem,
437 2658 694 2692 supercsscntialcm
716 2657 959 2685 Deifccunditatcm

172 2711 199 2733 et
215 2706 326 2737 fontem,
340 2712 428 2739 neque
443 2704 499 2731 hanc
515 2704 626 2731 nomina
641 2711 703 2731 esse
716 2705 866 2738 reciproca.

225 2770 240 2785 ν
253 2764 332 2792 Joan.
349 2771 377 2795 Χ,
394 2763 438 2790 58.
479 2769 492 2783 ι
508 2763 587 2790 Joan.
602 2771 657 2796 xvi,
670 2762 715 2790 28.

1011 1692 1098 1724 ἄλλως
1119 1701 1178 1724 πως
1205 1693 1388 1728 μιγνυμένων,
1413 1692 1543 1728 δυνάμεσι
1565 1693 1612 1719 καὶ
1635 1692 1757 1728 ποιότησι
1775 1692 1806 1718 τὸ

1013 1737 1240 1773 παρηλλαγμένον
1258 1738 1349 1773 ἔχουσι
1361 1758 1368 1770 ,
1382 1738 1429 1765 καὶ
1445 1738 1538 1774 ⁹ἐτερόν
1553 1747 1579 1765 τι
1597 1738 1673 1774 παρὰ
1686 1738 1734 1774 τὴν
1750 1738 1804 1764 τῶν

1010 1785 1104 1811 ἁπλῶν
1120 1785 1201 1820 φύσιν
1222 1786 1238 1820 ἠ
1259 1785 1361 1812 τούτων
1385 1785 1481 1817 ἓνωσις
1501 1785 1645 1812 ἀποτελεῖ·
1673 1784 1804 1817 ὡσαύτως

1010 1831 1057 1857 καὶ
1072 1831 1187 1866 ψυχικαὶ
1196 1831 1324 1866 δυνάμεις
1338 1831 1369 1858 τὸ
1385 1831 1534 1866 ἑτεροειδὲς
1551 1831 1622 1858 κατὰ
1635 1830 1683 1865 τὴν
1698 1831 1806 1866 κίνησιν

1009 1876 1135 1913 διάφορον
1158 1877 1262 1912 ἔχουσι·
1279 1878 1326 1904 καὶ
1346 1877 1400 1913 μὴν
1416 1877 1462 1904 καὶ
1478 1878 1505 1904 αἱ
1520 1876 1574 1903 τῶν
1590 1877 1713 1911 ἀγγέλων
1736 1877 1806 1912 πρὸς

1009 1923 1059 1954 τὰς
1074 1923 1148 1954 θείας
1165 1923 1313 1959 ὲλλάμψεις
1329 1924 1456 1958 ἑνότητες
1474 1923 1503 1949 τὸ
1519 1922 1570 1949 ἀνὰ
1587 1923 1667 1958 μέρος
1678 1923 1724 1949 καὶ
1738 1923 1806 1950 ἀνά-

1010 1969 1087 2003 λογον
1101 1971 1159 2001 ταῖς
1173 1970 1286 2001 οἰκείαις
1299 1968 1406 2001 τάξεσιν
1421 1969 1529 2004 ἔχουσιν
1539 1977 1546 1984 ·
1564 1969 1581 2004 ἡ
1599 1968 1628 1995 δὲ
1644 1969 1673 1994 ὲν
1690 1970 1723 2004 τῇ
1739 1969 1807 2004 ἁγίᾳ

1010 2015 1105 2052 Τριάδι
1121 2015 1216 2051 Θεότης
1227 2036 1234 2048 ,
1250 2016 1297 2042 καὶ
1314 2016 1364 2042 ὅσα
1382 2015 1500 2050 ταύτης,
1516 2015 1603 2041 οὐδενὶ
1618 2014 1673 2041 τῶν
1690 2015 1806 2051 εἰρημέ-

1010 2071 1063 2088 νων
1088 2062 1289 2097 διακοπτομένη
1315 2062 1332 2096 ἢ
1357 2061 1457 2096 ἑαυτῆς
1481 2061 1666 2096 διαφέρουσα,
1693 2061 1806 2093 εἰκότως

1010 2107 1082 2143 ὑπὲρ
1092 2108 1192 2139 ταύτας
1205 2107 1254 2139 τὰς
1269 2107 1378 2139 ἐνώσεις
1395 2105 1464 2134 εἶναι
1484 2106 1624 2138 δοξάζεται
1635 2107 1656 2133 ⁵.

1045 2154 1100 2181 Kal
1114 2154 1313 2189 ὐπερουράνια
1333 2153 1424 2189 φῶτα.
1448 2153 1603 2189 Σημείωσαι
1624 2154 1664 2180 ὅτι
1686 2154 1733 2180 καὶ
1754 2153 1806 2186 τὰς

1009 2201 1098 2237 ψυχὰς
1113 2201 1235 2232 καὶτοὺς
1249 2201 1312 2232 νόας
1325 2201 1448 2232 ἅπαντας
1463 2201 1647 2237 ὑπερουράνια
1663 2200 1739 2235 φῶτα
1755 2208 1800 2226 κα-

1010 2248 1065 2274 λεῖ·
1079 2248 1125 2274 καί
1145 2256 1226 2283 φησιν
1244 2247 1368 2273 ὲνοῦσθαι
1385 2247 1435 2278 τὰς
1458 2247 1580 2280 ζωούσας
1595 2248 1605 2263 ⁸
1628 2247 1721 2278 οὐσίας
1737 2245 1804 2272 ταύ-

1011 2302 1060 2325 τας
1080 2293 1196 2325 ἁπάσας,
1220 2292 1258 2324 ὡς
1282 2292 1388 2328 εἴρηται
1415 2294 1443 2320 ἐν
1463 2293 1502 2328 τῷ
1524 2292 1724 2328 παραδείγματι
1749 2291 1805 2319 τῶν

1011 2340 1040 2366 ὲν
1054 2338 1121 2374 οἴκῳ
1137 2340 1189 2365 τινὶ
1205 2338 1308 2365 πολλῶν
1325 2338 1493 2374 λαμπτήρων
1513 2338 1637 2374 ἀλλήλοις
1651 2338 1758 2373 ἀμιγῶς
1774 2347 1804 2368 τε

1011 2385 1058 2411 κα)⁵
1083 2385 1243 2420 ἀσυγχύτως
1268 2385 1429 2420 ὲνουμένων,
1454 2385 1580 2416 θεοειδεῖς
1595 2393 1625 2411 τε
1648 2384 1730 2416 οὔσας
1756 2385 1805 2412 καὶ

1013 2431 1178 2466 μετεχούσας
1193 2431 1332 2465 ἀναλόγως
1348 2432 1458 2461 ἑαυταῖς
1474 2431 1524 2467 τῆς
1539 2430 1585 2457 τοῦ
1607 2430 1674 2457 Θεοῦ
1699 2429 1804 2466 ὑπερη-

1010 2477 1134 2513 νωμένης
1150 2476 1284 2509 ἑνώσεως·
1302 2478 1422 2510 ἅστινας,
1438 2477 1548 2509 ἐνώσεις
1563 2477 1691 2512 δηλονότι,
1709 2477 1755 2503 ἐπὶ
1771 2476 1806 2504 τὰ

1012 2521 1154 2557 ἀσώματα,
1173 2522 1190 2549 ἃ
1210 2523 1257 2550 καὶ
1272 2523 1305 2550 δι’
1324 2523 1444 2559 ἀλλήλων
1462 2523 1621 2559 ἁσυγχύτως
1638 2523 1734 2557 χωρεῖ.

1056 2612 1253 2647 ’Υπερουσίου
1273 2614 1434 2649 θεογονίας.
1456 2613 1610 2649 Σημείωσαι
1627 2612 1668 2638 ὅτι
1685 2610 1805 2645 ὑπερθύ-

1014 2667 1070 2685 σιον
1087 2659 1223 2693 Θεογονίαν
1236 2660 1283 2686 καὶ
1298 2660 1388 2695 πηγὴν
1403 2660 1448 2686 τὸν
1464 2659 1573 2694 Πατέρα
1588 2657 1681 2684 καλεῖ”
1701 2656 1748 2684 καὶ
1763 2656 1806 2683 ὅτι

1014 2706 1064 2732 οὐκ
1080 2706 1252 2742 ἀντιστρέφει
1268 2706 1302 2733 τὰ
1315 2706 1442 2742 ὀνόματα.

656 2818 774 2847 νΑῐιιίΕ
794 2816 987 2846 LECTIONES
1006 2816 1050 2845 ET
1071 2817 1348 2847 CORRECTIONES.

225 2891 236 2906 ⁵
249 2898 293 2925 γρ.
312 2890 402 2926 φησίν.
452 2891 461 2906 ⁵
475 2899 518 2927 γρ.
534 2890 682 2926 νομίζεται.
732 2890 742 2906 ⁸
756 2897 800 2925 γρ.
819 2888 917 2921 ζώσας.
