1926 3062
96 172 172 204 ’221

481 176 511 207 s.
528 175 654 207 maxmt
680 178 824 207 SCHOLIA
844 181 876 209 IN
896 183 946 211 LIB
980 177 1022 205 DE
1041 179 1166 209 DIVINIb
1184 182 1381 211 NOMINIBUS.

1662 171 1717 215 2-2:

164 233 299 266 Ἐνὼσεις
312 234 407 261 τε’καί
422 236 592 271 ΰιακρισεις.
610 239 649 265 Τὰ
668 238 730 275 περὶ
751 239 800 276 τῆς
816 242 892 277 ἀφρά

985 236 1121 265 Unitiones
1136 243 1159 266 et
1173 239 1363 267 distinctiones.
1373 239 1507 276 Loquttur
1518 243 1600 271 modo
1612 244 1644 271 de
1654 252 1718 279 pro-

123 285 185 304 στου
202 278 314 313 Τριάδος
333 280 411 316 μέχρι
430 280 514 316 τριῶν
535 283 708 310 ὑποστάσεων
729 286 838 321 προόδου
856 287 902 314 νῦν

122 322 248 356 θεαλογεί,
264 324 357 359 ὅτιπερ
371 326 384 351 ὁ
395 324 460 357 Θεὸς
475 327 523 353 καὶ
536 327 639 363 Πατὴρ,
651 329 770 364 κινηθεὶς
783 331 904 366 ἀχρόνως

92 385 96 388 ν
122 367 168 393 καὶ
179 368 364 403 ὰγαπητικῶς,
376 371 508 406 προῆλθεν
521 372 561 404 είς
573 373 707 409 διάκρισιν
719 375 900 410 ὑποστάσεων,

121 411 232 447 ἀμερώς
247 421 275 438 τε
288 413 334 439 καὶ
349 414 488 448 ἀμειώτως
504 415 599 450 μείνας
612 417 640 442 έν
651 418 683 452 τῇ
699 418 785 453 οίκείᾳ
797 418 902 454 όλότητι

122 455 326 490 ὑπερηνωμένος
337 457 382 483 καὶ
396 458 635 493 ὑπερηπλωμένος,
649 460 695 486 τοῦ
706 462 805 488 οίκείου
814 462 903 489 ἀπαυ-

120 501 258 536 γάσματος
265 502 303 532 είς
311 502 425 538 ὓπαρξιν
434 504 621 539 προελθόντος,
633 506 670 537 ὡς
686 507 787 539 εἰκόνος
801 507 900 544 ζώσης,

120 546 217 572 καὶτοῦ
227 547 356 581 παναγίου
364 549 431 574 Πνεύ
436 558 517 584 ματος
524 551 716 585 προσκυνητῶς
722 552 767 578 καὶ
775 553 825 579 ὐπε
829 562 903 589 ραεν-

118 591 190 623 νάως
200 592 411 628 ἐκπορευομένου
425 595 456 620 ἐκ
472 594 518 621 τοῦ
530 595 645 630 Πατρὸς,
655 596 692 626 ὡς
710 600 901 632 μυπαγωγεῖό

120 638 220 673 Κύριος
230 647 237 653 ·
254 639 400 674 ἀγαθότητι
416 640 444 666 δὲ
459 640 612 676 ἐπληθύνθη
629 642 675 669 ἐπὶ
690 643 900 677 τρισυπόστατον

120 682 247 718 θεαρχίαν
268 685 374 720 ἡαξτία
399 685 505 712 πάντων
529 687 575 712 καὶ
601 688 684 722 πηγή.
706 687 797 714 Ταῦτα
817 689 863 715 καὶ
885 691 900 717 ό

120 728 241 763 θεολόγος
257 730 401 766 Γρηγόριος
419 732 447 757 ὲν
467 733 522 762 τοῖς
543 733 625 758 Κατὰ
645 733 792 767 Εὑνομίου
813 734 900 769 λόγοις

119 775 210 809 φησίν.
225 776 300 801 Ἐστι
315 776 400 802 δὲκαὶ
414 776 484 803 κατὰ
499 776 576 803 ἄλλον
591 777 668 811 λόγον
685 778 744 804 θεία
755 778 897 815 διάκρισις,

118 820 135 855 ἡ
154 820 197 846 διὰ
213 820 312 855 πλῆθος
334 821 500 857 ἀγαθότητος
518 822 632 857 πρόοδος
654 823 699 849 τοῦ
714 823 779 850 Θεοῦ
796 826 835 856 είς
850 825 899 861 τὴν

118 864 282 892 πολυείδειαν
295 866 344 900 τῆς
359 866 536 902 δημιουργίας
550 868 559 882 ⁷
576 868 624 902 τῆς
643 868 758 903 ἀοράτου
773 870 818 895 καὶ
831 870 896 905 ὁρα-

116 911 175 945 τῆς.
192 911 286 937 Κοιναὶ
300 911 327 937 δέ
343 913 394 938 είσι
408 913 457 947 τῆς
470 914 682 947 τρισυποστάτου
700 915 746 940 καὶ
761 914 897 951 διακεκρι-

119 956 201 991 μένης
220 957 309 988 ὲνάδος
325 958 351 984 αἱ
368 958 559 993 δημιουργικαὶ
582 958 704 992 πρόνοιαί
717 967 746 985 τε
765 960 810 985 καὶ
830 960 883 994 ἀγα

118 1001 241 1037 θότητες·
262 1004 277 1037 ὴ
300 1003 354 1038 γὰρ
377 1003 541 1038 παμϐασιλὶς
557 1004 640 1039 Τριὰς
664 1005 692 1030 ὲν
721 1004 825 1039 μεθέξει
843 1006 896 1032 τῶν

116 1046 269 1082 δυναμένων
288 1049 298 1064 ⁸
319 1049 438 1083 μετέχειν
454 1049 556 1082 γίνεται
570 1049 690 1083 ἀσχέτως
711 1058 739 1076 τε
755 1050 799 1076 καὶ
815 1050 898 1085 ἀμεθ-

117 1091 217 1123 έκτως·
242 1093 338 1119 ταύτὸν
356 1093 410 1129 γὰρ
432 1094 505 1129 δηλοῖ
524 1094 667 1130 ἑκάτερον·
687 1095 826 1130 μετέχεται
842 1095 897 1132 γὰρ

115 1137 130 1163 ό
145 1137 208 1168 Θεὸς
230 1137 348 1172 ἀσχέτως
370 1139 400 1164 οὐ
423 1139 599 1173 κατεχόμενος
620 1140 648 1165 έν
662 1139 745 1174 ,τόπῳ
760 1139 799 1174 τῷ
816 1140 895 1175 μετέ-

116 1191 200 1216 χοντι,
217 1183 276 1208 οὐδὲ
291 1183 424 1218 αἰσθητῶς
439 1185 623 1219 μετεχόμενος,
640 1185 697 1210 ἀλλ’
711 1185 769 1216 ὂλος
784 1186 812 1211 ὲν
830 1194 894 1221 μετ-

115 1229 163 1262 οχῇ
174 1228 287 1254 ἑκάστου
302 1228 338 1254 ὢν
354 1230 398 1255 καὶ
409 1229 574 1264 ἐξῃρημένος
593 1229 645 1256 τῶν
655 1230 788 1256 ἁπάντων
799 1230 894 1267 ὥσπερ

115 1274 207 1308 φωνῆς
231 1274 349 1309 μεγάλης
371 1275 516 1309 γενομένης
544 1274 661 1306 ἅπαντες
690 1275 844 1310 μετέχουσιν
868 1276 892 1303 οἱ

115 1319 246 1354 παρόντες
267 1320 336 1345 κατὰ
349 1320 397 1355 τὴν
422 1320 523 1346 οἰκείαν
539 1320 660 1354 δύναμιν,
678 1320 725 1346 καὶ
746 1320 825 1356 ἀνὴρ,
845 1321 892 1348 καὶ

113 1363 218 1398 νήπιον,
235 1364 280 1390 καὶ
296 1364 395 1398 ἄλογα·
413 1364 468 1390 ἀλλ’
485 1365 508 1390 οἱ
526 1365 574 1399 μὲν
595 1365 845 1400 ἐρρωμενέστερον,
869 1365 894 1392 οἱ

112 1409 142 1435 δὲ
156 1409 346 1444 ἀμυδρότερον,
364 1409 431 1444 πρὸς
445 1410 551 1444 τὴνξτῆς
568 1410 730 1445 ἀκουστικῆς
746 1409 893 1445 ἐνέργειαν,

113 1454 160 1480 καὶ
176 1453 232 1480 ἔστι
249 1454 363 1490 μεθεκτὴ
377 1455 393 1486 ἡ
409 1453 497 1489 φωνὴ,
513 1455 559 1481 καὶ
575 1455 616 1490 ἐφ’
632 1456 730 1491 ἑαυτῆς
745 1455 894 1491 ἀμέθεκτος

113 1498 237 1533 μείνασα.

947 284 1070 310 cessionc
1083 284 1226 312 inelTabilis
1233 285 1374 314 Trinitatis
1381 287 1412 314 ad
1424 293 1478 315 tres
1490 296 1632 323 personas,
1644 290 1717 325 quod

946 327 996 355 etsi
1008 327 1079 355 Deus
1091 334 1117 355 et
1129 328 1208 356 Pater
1226 330 1285 357 sine
1301 335 1422 366 tempore
1440 337 1542 367 motus,
1562 339 1588 362 et
1605 340 1715 370 propter

943 375 999 401 vim
1012 375 1113 402 amoris
1126 376 1152 403 in
1167 376 1368 404 distinctionem
1382 386 1559 413 personarum
1573 382 1717 416 processit,

946 421 1005 448 sine
1016 421 1149 448 divisione
1160 425 1186 448 et
1197 421 1378 450 diminutione
1390 431 1554 458 permanens
1567 425 1593 452 in
1609 427 1717 461 propria

946 465 1080 493 totalitate
1101 473 1184 500 supra
1205 466 1317 494 modum
1334 468 1437 502 unitus,
1453 475 1480 496 ct
1496 477 1579 504 supra
1601 471 1712 498 modum

944 511 1077 545 simplex,
1097 512 1210 546 proprio
1229 512 1373 547 splendore
1393 513 1420 540 in
1443 515 1631 542 exsistcntlam
1652 524 1716 551 pro-

943 557 1051 589 deunte,
1073 564 1103 585 ut
1113 559 1160 593 qui
1181 559 1217 586 sit
1233 559 1294 586 viva
1310 559 1410 595 imago,
1424 565 1450 587 et
1467 562 1641 590 sanctissimo
1654 563 1716 598 Spi-

942 603 996 631 ritu
1012 611 1073 631 cum
1089 603 1260 636 adcretione,
1276 605 1350 632 etab
1367 611 1470 632 aeterno
1488 614 1502 633 a
1518 606 1598 634 Patre
1617 616 1713 643 proce-

942 649 1031 682 dente,
1050 650 1121 677 sicut
1135 650 1214 678 docet
1231 649 1380 684 Dominus;
1396 651 1516 679 bonitate
1536 658 1626 680 autem
1643 655 1714 681 mul-

941 696 1080 731 tiplicatus
1105 696 1155 724 fuit
1178 697 1205 723 in
1230 697 1381 724 divinitatis
1405 698 1570 733 principium
1583 699 1609 726 in
1624 699 1714 727 tribus

941 741 1093 768 consistens
1107 741 1243 776 personis,
1260 742 1305 776 qui
1320 749 1402 769 causa
1420 743 1475 775 est,’
1486 747 1512 770 et
1529 742 1590 770 fons
1602 744 1712 771 univer-

940 793 1045 813 sorum.
1065 785 1129 814 Haec
1148 787 1230 814 etiam
1250 786 1399 822 Gregorius
1424 788 1566 823 theologus
1587 789 1612 815 in
1632 789 1709 817 libris

940 832 1038 859 Contra
1069 832 1232 860 Eunomium
1264 834 1341 860 dicit.
1362 833 1406 861 Fit
1436 837 1526 861 autem
1556 835 1607 861 alia
1639 842 1710 870 quo-

939 887 992 915 que
1012 880 1117 907 ratione
1135 880 1227 907 divina
1247 879 1398 912 distinctio,
1416 888 1578 916 progressus
1598 880 1644 907 Dci
1665 888 1712 915 per

939 926 1068 954 bonitatis
1080 926 1277 954 abundantiam
1296 927 1323 953 in
1342 928 1432 954 varias
1445 927 1550 962 species
1566 926 1710 954 invisibilis

938 975 1019 1007 atque
1031 972 1147 999 visibilis
1164 977 1313 1005 creaturae;
1326 980 1486 1000 communes
1501 978 1590 1000 autem
1607 977 1669 999 sunt
1683 972 1711 999 in

938 1018 1026 1046 tribus
1042 1018 1226 1046 subsistentiis
1237 1021 1264 1045 et
1275 1018 1450 1046 consistentis
1461 1023 1488 1045 et
1504 1018 1639 1045 distincta:
1653 1018 1712 1044 uni-

938 1062 1011 1095 tatis,
1029 1063 1081 1090 illaa
1096 1071 1157 1098 qua:
1172 1063 1205 1090 ad
1217 1063 1383 1091 creationem
1400 1067 1522 1098 spectant
1534 1063 1712 1098 providentiae

937 1113 963 1136 ct
975 1109 1120 1136 bonitates.
1148 1107 1276 1136 Omnium
1294 1109 1366 1135 enim
1389 1109 1481 1143 regina
1507 1108 1629 1137 Trinitas
1651 1110 1711 1138 sine

945 1145 1099 1172 detentionc
1109 1149 1136 1173 et
1153 1147 1399 1176 communicatione
1412 1150 1445 1176 ab
1466 1150 1501 1177 iis
1515 1150 1562 1185 qui
1585 1158 1644 1177 eam
1659 1159 1722 1185 par—

944 1189 1057 1223 ticipare
1072 1191 1178 1225 valent;
1190 1191 1260 1219 idem
1273 1194 1344 1219 enim
1355 1194 1475 1222 declarat
1486 1198 1640 1230 utrumque.
1654 1195 1718 1222 Nam

944 1235 1122 1270 participatur
1138 1236 1208 1265 Deus
1229 1239 1286 1265 sine
1301 1239 1455 1267 detentione
1478 1241 1588 1268 minime
1602 1248 1722 1276 compre-

943 1278 1045 1308 hensus
1059 1281 1086 1308 in
1102 1282 1162 1309 loco
1177 1284 1366 1318 participante,
1382 1293 1468 1320 neque
1480 1287 1646 1314 sensibiliter
1657 1294 1716 1321 par-

942 1325 1089 1360 ticipatus;
1117 1328 1164 1355 sed
1190 1333 1273 1361 totus,
1298 1330 1325 1357 in
1355 1332 1488 1366 cujusque
1513 1333 1720 1367 participatione

943 1371 1090 1404 exsistens,
1113 1376 1140 1399 et
1161 1373 1194 1400 ab
1212 1375 1340 1402 omnibus
1362 1382 1502 1411 exemptus
1520 1387 1526 1404 :
1546 1377 1615 1404 sicut
1633 1377 1719 1404 valida

942 1422 1008 1443 voce
1022 1418 1138 1444 excitata
1152 1426 1246 1446 omnes
1261 1425 1407 1454 praesentes
1419 1421 1497 1456 juxta
1512 1423 1648 1456 propriam
1663 1422 1720 1448 vir-

942 1463 1024 1488 tutent
1034 1462 1093 1496 ejus
1104 1463 1250 1499 participes
1261 1469 1335 1496 sunt,
1348 1469 1375 1492 et
1385 1466 1436 1497 vir,
1449 1471 1475 1493 et
1485 1467 1575 1494 infans
1586 1471 1612 1493 et
1622 1467 1718 1499 bruta;

941 1507 988 1532 sed
1005 1507 1043 1533 illi
1059 1509 1166 1542 quidem
1184 1510 1290 1543 fortius,
1305 1511 1349 1538 isti
1362 1519 1425 1538 vero
1436 1512 1562 1545 debilius,
1572 1513 1720 1540 secundum

107 1540 250 1571 facultatis
282 1544 407 1571 audiendi
438 1544 594 1578 eﬂicaciam,
627 1549 707 1580 atque
735 1547 813 1583 114
841 1540 1075 1581 communicabilis
1094 1559 1135 1582 est
1156 1563 1218 1588 vox,
1241 1561 1268 1583 et
1284 1557 1311 1583 in
1332 1565 1360 1584 se
1380 1557 1438 1592 ipsa
1458 1556 1722 1585 incommunicahilis

111 1591 235 1616 lianens.

155 1631 205 1660 Ἐκ
219 1634 277 1660 τῶν
288 1634 423 1668 μετοχῶν
436 1636 484 1662 καὶ
500 1636 558 1662 τῶν
574 1638 766 1671 μετεχόντων.
783 1639 819 1665 To
833 1641 891 1665 κατ’

978 1640 1021 1667 Ex
1042 1643 1287 1676 participationibua
1321 1649 1345 1670 et
1375 1634 1558 1679 participibus.
1587 1645 1721 1674 Divinitas

108 1679 204 1704 οὐσίαν
220 1680 267 1713 μὲν
281 1681 297 1714 ὴ
311 1680 409 1715 Θεότης
423 1682 452 1707 οὺ
469 1682 616 1716 μετέχεται,
628 1682 687 1708 οὔτε
701 1685 798 1709 νοεῖται
810 1692 815 1698 -
828 1684 892 1718 μεθ-

108 1724 177 1759 εκτὴ
199 1723 227 1750 δέ
249 1725 321 1752 ἐστιν
337 1726 366 1752 ὲν
380 1725 418 1760 τῷ
433 1726 462 1758 ἐξ
477 1727 560 1762 αὐτῆς
582 1727 650 1754 εἶναι
669 1728 702 1755 τὰ
718 1729 821 1760 πάντα,
847 1730 892 1756 καὶ

109 1769 158 1795 ὑπ’
175 1770 260 1805 αὐτῆς
276 1771 432 1806 συνέχεσθαι
446 1773 486 1803 εὶς
500 1772 530 1798 τὸ
543 1771 622 1801 εἶναι.

151 1869 203 1897 Ἐν
217 1870 332 1903 ἑκάστῳ
358 1871 416 1897 τῶν
429 1871 651 1906 ἑκτυπωμίὶτων.
673 1875 890 1910 Παραδειγματι-

108 1914 166 1946 κῶς
178 1923 244 1950 φησι
260 1916 318 1947 πῶς
331 1917 487 1951 ἀμεοέκτως
502 1918 641 1953 μετέχεται
656 1920 670 1945 ὁ
686 1920 760 1951 Θεός.

145 1960 160 1996 §
179 1961 221 1988 Vl.
235 1963 294 1988 οὐκ
307 1962 391 1988 ἔστιν
405 1963 423 1996 ἡ
438 1964 575 1997 σφραγίς.
595 1964 739 1996 Ἀντίθεσις
755 1966 801 1992 καὶ
815 1965 890 1997 λύσις

107 2007 141 2033 ἐκ
156 2007 203 2032 τοῦ
220 2007 436 2042 παραδείγματος
451 2008 501 2042 τῆς
517 2010 669 2043 σφραγῖδος.

150 2052 381 2086 Ἀπομόργματα.
409 2053 618 2088 Ἀπομόργματα
634 2054 747 2081 ἐνταῦθα
760 2055 794 2082 τὰ
809 2056 888 2082 ἐκτυ-

106 2097 227 2132 κώματα
242 2097 323 2131 λέγει.

142 2142 200 2168 Καὶ
211 2141 286 2176 μήτε
301 2143 455 2169 ἀντίτυπα.
478 2143 520 2174 Ὡς
540 2143 606 2170 λίθοι
623 2145 669 2171 καὶ
685 2145 759 2177 ξύλα,
776 2145 792 2180 ἢ
808 2146 887 2172 πάλιν

105 2187 141 2214 τὰ
163 2188 214 2222 τῆς
241 2188 326 2223 ὑγρᾶς
346 2188 452 2220 οὐσίας,
470 2186 507 2216 ὧν
526 2190 600 2216 οὐδὲν
616 2190 767 2225 ἐπιδέχεται
781 2191 828 2227 τὴν
855 2193 887 2219 ἐκ

104 2233 250 2260 δακτυλίου
266 2234 409 2269 σφραγῖδα.

140 2279 323 2312 Διακέκριται
343 2279 385 2305 δέ.
407 2279 559 2314 Σημείωσαι
588 2281 628 2306 ὅτι
649 2281 816 2316 διακέκριται
836 2281 885 2316 τῆς

943 1686 1050 1719 quidem
1071 1688 1218 1715 secundum
1232 1689 1376 1716 essentiam
1390 1698 1478 1724 neque
1491 1692 1718 1726 communicatur,

943 1738 1030 1765 neque
1050 1732 1227 1767 intelligitur;
1248 1735 1484 1763 communicabilis
1501 1744 1564 1763 vero
1579 1741 1631 1770 est,
1651 1746 1720 1772 qua-

941 1779 1022 1803 tenus
1035 1777 1125 1804 omnia
1141 1786 1174 1805 ex
1195 1779 1254 1813 ipsa
1278 1784 1352 1813 sunt,
1374 1785 1401 1808 et
1415 1781 1448 1808 ab
1467 1782 1526 1816 ipsa
1542 1783 1570 1809 in
1586 1791 1636 1810 suo
1658 1792 1719 1812 esse

940 1829 990 1848 con
995 1822 1123 1851 tinentur.

975 1867 1007 1894 In
1018 1877 1171 1904 unaquaque
1184 1872 1356 1904 expression.
1369 1871 1497 1908 Exemplo
1508 1874 1637 1908 declarat,
1650 1883 1719 1911 quo-

937 1913 1019 1940 modo
1034 1914 1104 1942 Deus
1119 1916 1176 1943 sine
1190 1917 1398 1952 participatione
1414 1919 1601 1954 participctur.

973 1959 986 1994 §
1003 1959 1046 1987 Vl.
1067 1960 1128 1987 Non
1153 1966 1191 1988 est
1206 1962 1333 1996 sigillum.
1358 1963 1498 1998 Oppositio
1521 1968 1548 1992 et
1563 1966 1663 1993 solutio
1684 1974 1718 1995 cx

938 2006 1059 2039 exemplo
1074 2007 1176 2041 sigilliJ

972 2050 1093 2085 Eﬂigies,
1117 2052 1163 2080 Gr.
1187 2053 1395 2089 ἀπομόργματα.
1429 2055 1642 2091 Ἀπομόργματα
1667 2058 1718 2085 hoc

936 2095 996 2123 loco
1009 2101 1087 2123 vocat
1101 2099 1302 2131 expressiones.

972 2141 1026 2168 Nec
1040 2142 1205 2170 reluctantia.
1221 2143 1306 2170 Veluti
1319 2144 1421 2179 lapides
1434 2149 1460 2172 ct
1475 2146 1557 2180 ligna,
1571 2150 1617 2173 aut
1627 2155 1641 2174 e
1651 2154 1718 2174 con-

935 2187 1020 2213 trario
1040 2195 1098 2221 qum
1113 2192 1177 2215 sunt
1192 2188 1271 2214 ﬂuxae
1286 2189 1457 2223 substantiae,
1472 2199 1587 2225 quorum
1612 2192 1716 2219 nullum

935 2230 1053 2258 admittit
1071 2233 1163 2259 annuli
1178 2233 1307 2268 sigillum.

970 2275 1127 2303 Distinctum
1156 2283 1194 2304 est
1218 2283 1314 2306 autem.
1339 2278 1409 2306 Nota
1434 2280 1589 2308 distinctam
1614 2289 1716 2310 esse-a

104 2325 187 2358 ἁγίας
201 2324 313 2359 Τριάδος
328 2326 345 2360 ἡ
359 2325 559 2360 ὲνανθρώπησις
573 2326 618 2352 τοῦ
629 2327 714 2360 Λόγου
728 2328 824 2359 ὑλικῶς
839 2329 884 2354 καὶ

944 2326 1030 2349 sancta
1046 2322 1179 2351 Trinitate
1197 2325 1308 2351 omnino
1323 2328 1350 2352 et
1365 2333 1428 2353 vere
1441 2325 1523 2353 Verbi
1547 2327 1714 2355 incarnatio-

103 2368 222 2403 ἀληθῶς.

143 2415 178 2441 Τὸ
195 2415 257 2440 καθ’
381 2415 510 2441 Ἐνταῦοα
525 2417 586 2452 περὶ
599 2416 649 2450 τῆς
663 2417 816 2452 οἰκονομίας
830 2417 883 2443 πά-

101 2460 144 2486 λιν
169 2459 312 2491 διαλαϐὼν,
342 2460 380 2495 τῷ
402 2459 461 2495 Θεῷ
489 2461 567 2495 Λόγῳ
594 2461 692 2496 ταύτην
721 2462 882 2497 προσάπτει,

104 2505 174 2540 μήτε
191 2504 295 2539 Πατρὸς
311 2505 376 2539 μήτε
392 2504 438 2530 τοῦ
453 2505 528 2542 ἁγίου
539 2505 693 2540 Πνεύματος
707 2507 881 2543 ὲπικοινωνη-

103 2550 220 2580 σάντων,
239 2549 306 2584 πλὴν
323 2549 392 2576 κατὰ
408 2549 502 2585 βουλὴν
519 2551 609 2586 μόνην.
626 2552 779 2586 Σημείωσαι
793 2553 820 2579 δὲ
834 2554 883 2589 τὴν

102 2595 207 2631 ἀκριϐῆ
232 2595 281 2630 τῆς
308 2595 460 2630 οἰκονομίας
484 2595 616 2631 διήγησιν,
635 2596 698 2632 [ὅτι]
728 2598 842 2634 οὺσιώθη
871 2600 885 2625 ὁ

103 2639 267 2675 ὑπερούσιος
283 2640 347 2671 Θεὸς
363 2640 447 2674 Λόγος
465 2640 656 2672 ἁναλλοιώτως,
673 2642 732 2668 ἐπεὶ
750 2643 885 2678 μεμένηκε

103 2685 181 2717 Θεὸς,
198 2685 245 2712 καὶ
260 2685 374 2720 οὐσιὼθη
389 2686 448 2712 καθ’
464 2687 536 2720 ἡμᾶς
553 2685 581 2718 ἐξ
598 2686 673 2720 ἡμῶν
688 2687 792 2719 ὑλικῶς,
809 2696 887 2714 τουτ-

104 2731 173 2762 έστι,
191 2730 270 2765 σῶμα
291 2729 337 2756 καὶ
364 2730 453 2764 ψυχὴν
466 2729 574 2764 λογικὴν
591 2729 659 2755 κατὰ
674 2730 797 2765 ἀλήθειαν
809 2731 888 2766 ἐσχη-

104 2776 161 2808 κώς
173 2785 180 2792 ·
199 2776 247 2802 καὶ
267 2776 307 2802 ὅτι
321 2776 335 2801 ὁ
354 2775 419 2806 Θεὸς
435 2771 520 2808 Λόγος
540 2775 612 2800 ἐστὶν
629 2774 700 2810 [κατ’
720 2775 858 2811 ἀλήθειαν]
872 2777 886 2802 ό

938 2375 1009 2394 nem.

970 2411 1073 2439 Nostri.
1100 2412 1156 2440 Hoc
1179 2413 1240 2440 loco
1264 2414 1362 2441 iterum
1384 2415 1417 2443 de
1434 2416 1636 2450 dispensatione
1658 2422 1716 2446 tra-

935 2461 1022 2489 ctans,
1044 2458 1094 2484 soli
1109 2458 1163 2486 Deo
1179 2459 1268 2486 Verbo
1283 2461 1415 2492 attribuit,
1437 2461 1496 2489 sine
1514 2463 1569 2489 ulla
1584 2462 1671 2491 Patris
1688 2469 1715 2491 et

937 2502 1053 2537 Spiritus
1066 2504 1152 2530 sancti
1167 2505 1425 2538 communicatione,
1439 2507 1491 2534 nisi
1507 2515 1556 2543 per
1571 2509 1655 2536 solam
1666 2516 1716 2536 vo-

934 2548 1075 2576 luntatem.
1086 2548 1154 2575 Nota
1167 2557 1228 2576 vero
1241 2555 1395 2577 accuratam
1408 2552 1620 2586 dispensationis
1633 2562 1714 2581 enar-

935 2594 1077 2626 rationem,
1107 2593 1190 2621 Dcum
1216 2593 1344 2627 Verbum,
1370 2597 1442 2631 quod
1471 2606 1577 2625 omnem
1605 2602 1714 2633 superat

936 2639 1092 2671 essentiam,
1111 2640 1169 2667 sine
1187 2641 1239 2667 ulla
1264 2642 1413 2669 mutatione
1435 2643 1613 2671 substantiam
1636 2651 1714 2670 acce-

935 2685 1024 2719 pisse;
1044 2686 1169 2720 quoniam
1195 2687 1344 2720 permansit
1364 2687 1446 2720 Deus,
1464 2694 1490 2715 et
1510 2689 1590 2716 sicuti
1609 2695 1658 2715 nos
1680 2696 1712 2715 ex

936 2731 1014 2758 nobis
1028 2731 1207 2758 substantiam
1223 2733 1335 2758 omnino
1349 2734 1463 2767 accepit,
1477 2733 1503 2760 id
1516 2738 1557 2761 est
1571 2741 1672 2767 corpus
1688 2739 1714 2761 et

937 2777 1054 2803 animam
1067 2777 1227 2804 rationalem
1242 2785 1305 2805 vere
1324 2777 1428 2812 habuit,
1448 2783 1475 2807 et
1489 2779 1573 2807 Deum
1593 2778 1713 2806 Verbum

574 2835 690 2863 VARUS
707 2836 895 2864 LECTIONES
911 2836 954 2863 ET
971 2835 1240 2865 CORRECTIONES.

136 2893 146 2909 ⁷
164 2900 212 2928 γρ.
232 2893 381 2921 πολυειδίαν
397 2895 450 2922 τῶν
466 2895 717 2932 δημιουργημάτων.
751 2898 760 2912 ⁸
777 2906 819 2933 γρλ
837 2898 983 2933 δυνάμεων.
