1926 3062
204 157 257 186 αρε

612 159 785 187 APPENDIX
802 159 847 186 AD
863 158 978 187 OPERA
993 158 1021 186 S.
1039 158 1187 187 DlONYSll
1205 158 1445 188 AREOPAGITIE.

1791 157 1841 186 224

207 214 293 252 [vere]
309 223 371 244 esse
385 224 447 244 eum
465 216 512 252 qui
531 224 630 252 passus
644 222 696 250 est,
714 217 820 245 scilicet
835 224 928 249 carne,
946 217 997 244 hu-

1057 215 1157 248 παθὼν,
1179 216 1298 253 δηλονότι
1322 217 1419 252 σαρκί·
1446 217 1493 244 καὶ
1515 217 1557 244 ὅτι
1577 215 1737 252 άνθρωπικὴ
1757 217 1840 243 αὺτοῦ

206 269 373 297 manamque
391 262 480 298 ipsius
497 263 618 290 divinam
642 264 830 298 operationem
849 263 943 290 vocari
967 271 1000 290 ea

207 308 300 334 omnia
312 316 372 343 quze
386 308 413 336 in
431 309 639 344 dispensatione
654 317 702 336 seu
719 309 909 336 incarnatione
924 309 999 336 acci-

207 354 316 386 derunt,
335 362 423 390 neque
442 355 550 382 Patrem
567 363 655 389 neque
678 354 810 389 Spiritum
825 359 950 382 sanctum
973 355 1000 382 in

208 400 251 428 bis
270 401 372 436 aliquid
390 401 578 436 participasse,
601 401 654 428 nisi
676 401 847 436 beneplacito
861 405 888 429 et
904 402 1001 428 volun-

209 449 263 474 tate
281 448 487 478 incarnationis,
504 451 585 482 atque
601 455 654 474 uua
672 455 735 474 cum
753 447 808 475 Deo
825 446 893 475 Filio
908 448 1000 475 divina

208 492 285 528 signa
314 493 463 528 operando.
492 492 560 519 Nota
586 501 651 520 vero
676 493 733 520 inec
763 494 880 521 maxime
905 498 1000 521 contra

207 538 396 572 Nestorianos,
406 545 432 567 et
447 540 613 574 Accphalos,
630 544 712 575 atque
729 539 946 568 Phantasiastas.

244 585 404 612 Distinclum
421 591 469 613 est.
488 585 545 613 Hoc
559 590 600 614 est
622 592 758 614 secretum
778 594 792 614 a
815 586 959 615 Trinitatis
973 591 1001 616 et

209 630 322 659 Deitatis
338 632 442 659 ratione
458 632 536 664 illud,
552 632 625 667 quod
641 637 751 667 propter
774 640 825 660 nos
855 637 883 661 et
901 641 935 661 ex
951 641 1000 661 no-

208 678 250 705 bis
263 685 374 705 carnem
389 679 584 712 assumpserit,
606 686 654 706 seu
674 679 858 714 susceptionis
873 680 1001 707 humani-

207 724 271 751 tatis
285 728 396 756 nostrae,
410 728 491 759 atque
502 724 702 752 incarnationis
714 725 816 753 Christi
831 727 916 760 ratio;
930 727 1001 754 sicut

207 774 234 798 et
249 770 320 805 quod
339 770 434 797 fecerit
446 775 473 797 et
486 778 584 805 passus
601 770 682 798 fuerit
704 779 765 806 quae
778 771 904 800 humanae
914 772 1000 808 ipsius

207 817 437 844 considerationis
453 817 570 845 maxime
584 818 695 852 propria
710 821 784 845 sunt.
796 817 910 853 Propria
935 827 1000 847 vero

207 867 234 890 et
249 862 399 898 singularia
416 863 493 894 dicit,
524 863 575 890 hoc
588 867 630 890 est
645 871 711 899 pura
728 868 754 891 et
770 865 880 891 innoxia
896 869 1001 893 natura:

207 897 334 936 humana:
349 909 455 943 ipsius:
469 909 624 944 cujusmodi
637 897 700 937 sunt
717 910 858 942 nativitas,
874 910 999 942 infantia,
1017 897 1038 924 Β

207 955 415 987 incrementum,
440 955 511 986 sitis,
536 955 623 987 labor,
647 955 771 988 tristitia,
799 956 936 992 lacryma.
957 964 1001 984 sa-

207 1001 270 1032 liva,
288 1001 411 1036 sanguis,
433 1001 528 1032 sudor,
550 1003 701 1036 corruptio,
727 1002 829 1034 ﬂuxus,
845 1002 1001 1030 voluntaria

206 1046 392 1078 mortiﬁcatio,
406 1047 482 1074 vocis
497 1047 625 1081 privatio,
643 1047 803 1082 impotentia
819 1056 848 1076 se
862 1049 1000 1081 movendi,

206 1095 234 1119 et
249 1093 359 1120 similia.
382 1092 447 1120 llaec
458 1093 532 1120 enim
549 1094 624 1120 nulla
638 1094 745 1122 ratione
758 1093 840 1122 Pater
865 1099 891 1122 et
914 1094 1001 1130 Spiri-

207 1142 252 1166 tus
277 1143 390 1166 sanctus
416 1139 595 1174 participant,
622 1140 676 1168 nisi
699 1141 761 1176 quis
797 1140 870 1168 dicat
894 1142 1001 1170 ratione

208 1185 415 1219 approbationis
437 1189 464 1212 et
479 1192 643 1213 consensus.

243 1230 321 1266 115
339 1230 391 1264 Qui
406 1231 580 1259 immutabilis
602 1237 670 1260 erat.
684 1232 827 1265 Quomodo
843 1233 916 1261 dicat
934 1233 1001 1261 Ver-

206 1275 271 1303 bum
286 1284 410 1311 passum,
429 1282 458 1304 ut
481 1277 547 1305 illud
563 1286 569 1304 :
591 1277 688 1305 Manus
709 1283 807 1306 nostra!
824 1284 1001 1307 contrectare-

207 1326 269 1348 runt
293 1321 325 1348 de
345 1321 428 1348 Verbo
443 1323 535 1355 vita”,
551 1324 739 1358 exposuimus.

242 1365 255 1401 §
272 1365 328 1393 Vll.
351 1366 399 1393 His
421 1372 508 1393 autem
524 1367 605 1394 veluti
621 1369 750 1404 mysticis,
774 1369 855 1397 Juxta
871 1371 999 1398 virtutem

206 1411 414 1440 inexsistentem
432 1413 494 1447 pani
508 1417 535 1440 et
556 1414 647 1442 calici.

241 1457 332 1492 Supra
348 1458 497 1486 inlellectus
513 1461 701 1494 operationem.
719 1461 889 1490 intellectum
904 1471 999 1491 eorum

205 1512 267 1539 qua:
287 1504 320 1532 de
334 1504 389 1532 Deo
402 1506 542 1538 dicuntur,
559 1514 637 1534 sacra
652 1507 763 1542 quidem
779 1517 857 1537 mens
868 1509 999 1544 explicat,

1053 262 1111 290 ἐστι
1137 263 1265 299 θεουργία
1286 264 1375 290 πάντα
1395 264 1431 290 τὰ
1452 265 1482 290 ἐν
1504 265 1537 299 τῇ
1558 263 1715 299 οἰκονομίᾳ·
1740 264 1788 290 καὶ
1801 263 1842 291 ὅτι

1051 309 1102 336 οὐχ
1120 309 1297 345 ἐκοινώνησεν
1312 311 1352 342 είς
1365 310 1451 337 ταῦτα
1464 311 1478 337 ὁ
1494 310 1598 346 Πατὴρ,
1614 309 1674 336 οὔτε
1688 309 1718 336 τὸ
1730 309 1840 345 Πνεῦμα

1050 355 1081 382 τὸ
1098 356 1184 390 ἆγιον,
1202 357 1226 382 εί
1243 356 1279 391 μὴ
1294 357 1327 391 τῇ
1353 356 1462 391 εὐδοκία
1478 357 1525 382 καὶ
1540 355 1664 392 βουλήσει
1679 356 1690 371 ⁹
1710 356 1760 391 τῆς
1776 364 1842 392 σαρ-

1052 401 1173 432 κώσεως,
1191 402 1237 428 καὶ
1253 403 1292 433 είς
1306 402 1337 428 τὸ
1354 402 1568 438 συνεργάζεσθαι
1590 402 1629 437 τῷ
1645 402 1703 437 Υίῷ
1717 402 1777 437 Θεῷ
1792 401 1841 434 τὰς

1052 447 1223 484 θεοσημείας.
1242 448 1398 484 Σημείωσαι
1421 449 1449 475 δέ
1464 449 1550 475 ταῦτα
1566 448 1682 484 μάλιστα
1703 449 1774 476 κατὰ
1791 448 1842 476 Νε-

1052 493 1200 529 στοριανῶν
1217 496 1263 521 καὶ
1284 494 1440 529 ’Δκεφάλων
1455 495 1502 521 καὶ
1520 495 1737 522 Φαντασιαοτῶν.

1093 584 1285 619 Διακέχριται.
1310 584 1388 611 Τοῦτ’
1404 584 1462 611 ἐστι
1483 584 1656 620 κεχωρῆσθαι
1674 583 1721 610 τοῦ
1739 585 1842 619 τριαδι-

1052 630 1101 657 κοῦ
1115 631 1163 657 καὶ
1178 630 1333 665 θεολογικοῦ
1349 631 1428 665 λόγου
1441 631 1472 657 τὸ
1487 631 1547 658 καθ’
1564 631 1638 666 ἡμᾶς
1653 630 1682 664 ἐξ
1698 630 1775 666 ήμῶν
1788 630 1843 657 ὀλι-

1052 676 1108 708 κῶς
1119 677 1165 703 καὶ
1178 677 1286 712 ἀληθῶς
1297 677 1481 712 σαρκωθῆναι,
1505 677 1577 704 τοῦτ’
1593 677 1667 703 ἔστιν
1679 678 1693 704 ὁ
1706 677 1755 712 τῆς
1766 678 1842 703 ἐναν-

1051 723 1220 759 θρωπήσεως
1240 723 1288 750 καὶ
1310 723 1474 759 σαρκώσεως
1488 722 1536 749 τοῦ
1553 723 1671 758 Χριστοῦ
1688 723 1776 757 λόγος,
1795 723 1843 750 καὶ

1051 769 1147 805 δρᾶσαι
1168 770 1214 796 καὶ
1230 769 1326 796 παθεῖν
1346 770 1395 796 ὅσα
1421 769 1471 804 τῆς
1486 769 1662 804 ἀνθωπικῆς
1675 768 1757 795 αὑτοῦ
1776 768 1842 795 θεω-

1053 816 1113 852 ρίας
1127 816 1202 842 ἐστὶν
1220 816 1344 852 ἔκκριτα.
1366 815 1547 851 Ἀδιατήρητά
1562 823 1628 850 φησι
1645 815 1692 841 καὶ
1705 813 1842 850 ἐξαίρετα,

1051 861 1124 888 τοῦτ’
1147 861 1203 888 ἔστι
1224 861 1334 898 καθαρὰ
1353 862 1401 889 καὶ
1423 861 1572 896 ἀδιάϐλητα
1594 861 1644 896 τῆς
1668 860 1843 896 ἀνθρωπίνης

1052 907 1136 934 αὑτοῦ
1151 908 1273 942 φύσεως·
1297 907 1377 934 ἅτινά
1394 908 1451 934 ἐστι
1462 907 1550 939 τόκος,
1566 907 1706 943 νηπιότης,
1719 907 1841 942 αῦξησις,

1051 954 1125 989 δίψα,
1140 954 1232 986 κόπος,
1250 954 1333 990 λύπη,
1348 953 1475 990 δάκρυον,
1495 953 1618 985 πτύελος,
1635 951 1714 989 αἷμα,
1734 954 1843 989 τρῆσις,

1052 1001 1149 1036 φθορὰ,
1171 1001 1258 1037 ῥύσις,
1275 1000 1398 1032 ἑκούσιος
1414 999 1557 1036 νέκρωσις,
1578 1000 1722 1035 ἀφθεγξία,
1747 1001 1843 1036 ἀκινη-

1053 1045 1107 1078 σὶα,
1133 1047 1180 1072 καὶ
1203 1046 1238 1072 τά
1265 1046 1354 1081 ὅμοια.
1378 1045 1490 1076 Τούτοις
1510 1045 1564 1081 γὰρ
1587 1045 1602 1071 ὁ
1622 1045 1717 1081 Πατὴρ
1740 1046 1787 1072 καὶ
1812 1045 1844 1072 τὸ

1052 1091 1164 1126 Πνεῦμα
1183 1092 1243 1118 κατ’
1256 1091 1349 1118 οὐδένα
1368 1091 1468 1126 τρόπον
1491 1090 1508 1126 ἢ
1531 1090 1609 1124 λόγον
1629 1090 1841 1126 κεκοινώνηκεν·

1051 1137 1075 1163 εί
1095 1137 1131 1172 μή
1147 1145 1190 1168 τις
1203 1135 1269 1171 φαίη
1285 1136 1345 1162 κατ’
1359 1136 1483 1163 εὐδοκίαν
1496 1144 1526 1162 τε
1541 1136 1589 1162 καὶ
1598 1135 1734 1172 βούλησιν.

1085 1228 1221 1262 Γεγονὼς
1234 1228 1251 1254 ό
1262 1227 1471 1260 ἀναλλοίωτος.
1481 1226 1544 1258 Πῶς
1552 1226 1625 1261 λέγει
1637 1226 1683 1253 τὸν
1696 1226 1782 1260 Λόγον
1790 1235 1843 1252 πα-

1051 1271 1125 1304 θεῖν,
1150 1273 1189 1304 ὼς
1211 1273 1258 1299 καὶ
1282 1272 1323 1304 τὸ,
1352 1274 1387 1299 Al
1408 1272 1506 1307 χεῖρες
1529 1271 1615 1306 ἡμῶν
1637 1271 1845 1306 ἐψηλάφησαν

1051 1317 1118 1351 περὶ
1131 1318 1184 1344 τοῦ
1198 1318 1295 1352 Λόγου
1314 1317 1369 1352 τῆς
1385 1317 1471 1352 ζωῆς,
1489 1317 1646 1353 ἐξεθέμεθα.

1088 1362 1102 1398 §
1118 1361 1174 1390 Vll.
1197 1363 1261 1396 Τοῖς
1276 1362 1311 1390 δὲ
1323 1363 1364 1396 ὡς
1381 1363 1550 1398 μυστικοῖς.
1571 1363 1650 1390 Κατά
1664 1363 1712 1399 τὴν
1728 1363 1843 1400 δύναμιν

1050 1408 1099 1444 τὴν
1113 1409 1319 1445 ἐνυπάρχουσαν
1333 1410 1362 1436 ἐν
1376 1409 1415 1445 τῷ
1430 1409 1504 1444 ἄρτῳ
1519 1409 1566 1436 καὶ
1580 1409 1619 1445 τῷ
1636 1410 1768 1446 ποτηρίῳ.

1092 1454 1181 1488 ’Υπὲρ
1201 1455 1310 1489 γοερὰν
1331 1453 1492 1490 ἐνέργειαν.
1512 1455 1572 1481 Τῶν
1591 1455 1656 1490 περὶ
1673 1455 1740 1482 Θεοῦ
1763 1456 1842 1490 λεγο-

1052 1500 1140 1536 μένων
1164 1500 1212 1536 τὴν
1235 1500 1354 1527 διάνοιαν
1374 1501 1422 1536 μὲν
1442 1500 1609 1527 ἀναπτύσσει
1633 1502 1648 1527 ό
1673 1501 1744 1536 ἱερὸς
1767 1501 1842 1534 νοῦς,

207 1560 255 1580 seu
272 1553 467 1588 interpretatur
482 1553 527 1580 illa
542 1561 620 1581 mens
634 1562 695 1588 qua:
708 1555 821 1582 omnino
835 1555 936 1584 divinis
950 1563 998 1583 va-

1057 1546 1134 1582 ῆγουν
1147 1546 1291 1582 ἐρμηνεύει
1308 1547 1322 1572 ό
1334 1547 1390 1577 τοῖς
1405 1545 1486 1578 θείοις
1499 1545 1585 1572 διόλου
1603 1546 1842 1581 ἐνασχολούμενος,

207 1603 262 1630 cat,
278 1602 304 1626 et
319 1607 408 1634 neque
420 1607 434 1625 a
451 1600 628 1628 terrestribus
642 1604 669 1628 et
683 1601 860 1636 passionibus
872 1602 999 1630 obnoxiis

207 1645 400 1680 perturbatur;
420 1646 488 1680 ipsis
504 1653 570 1673 vero
591 1645 693 1674 diviuis
715 1655 769 1674 non
788 1648 869 1676 aliter
892 1648 1000 1676 incun-

207 1691 266 1722 bit,
291 1698 372 1726 quam
398 1699 447 1726 per
463 1692 645 1720 cessationem
666 1694 755 1721 omnis
773 1699 874 1727 motus,
896 1696 943 1730 qui
966 1695 1000 1722 ad

207 1737 413 1772 intelligendum
435 1746 479 1765 res
504 1738 589 1772 facit;
618 1739 670 1768 hoc
686 1740 758 1768 enim
781 1740 902 1769 declarat
926 1742 999 1777 quod

207 1782 277 1809 dixit
291 1791 373 1816 supra
395 1783 583 1818 intelligantur:
599 1785 754 1819 efﬁcaciam,
778 1786 806 1813 id
826 1790 868 1814 est
890 1786 1000 1822 quando

208 1827 329 1862 undique
341 1827 386 1855 Dei
403 1828 731 1864 incomprehensibilitate
742 1832 996 1868 comprehenditur,

209 1879 267 1901 tum
282 1873 437 1907 assequitur
454 1874 527 1908 quod
544 1875 694 1909 quaerebat.

246 1918 316 1946 Solis
332 1919 590 1953 participationibus.
604 1920 882 1950 Prmsubaudiendum
896 1926 939 1951 est
952 1932 1000 1951 no—

210 1964 292 1991 mina.
323 1964 555 2000 Participationes
583 1970 674 1994 autem
699 1972 780 1994 vocat
810 1968 1000 2002 prmbitionem

209 2017 304 2037 eorum
321 2019 381 2046 qua:
396 2012 592 2048 participamus
611 2013 645 2040 ab
660 2014 720 2048 ipso
733 2013 789 2041 Deo
803 2014 913 2042 factam.

245 2055 392 2085 Arcanum.
416 2057 485 2084 lllud
507 2067 606 2086 nomen
630 2059 701 2088 Deus
716 2068 770 2087 non
786 2061 941 2096 signiﬁcare
955 2070 1000 2090 es-

212 2103 339 2135 sentiam,
348 2111 436 2138 neque
451 2104 516 2139 quid
532 2105 662 2140 sitDeus;
680 2105 727 2133 sed
736 2106 846 2141 aliquod
854 2107 882 2134 in
893 2115 943 2135 nos
953 2108 1000 2135 be-

212 2148 355 2183 neﬁcium;
372 2152 454 2184 atque
461 2157 511 2178 nos
528 2158 560 2178 cx
571 2150 819 2179 communicatione
829 2159 924 2179 eorum
939 2160 1000 2188 qua:

210 2194 291 2222 nobis
315 2202 330 2221 a
347 2194 402 2223 Deo
425 2196 574 2230 donantur,
594 2197 794 2232 appellationes
810 2197 857 2225 Dei
883 2198 995 2233 ﬁngere.

1051 1593 1098 1620 καὶ
1111 1594 1167 1624 τοῖς
1177 1593 1280 1628 γηῖνοις
1289 1594 1336 1619 καὶ
1350 1592 1500 1628 ἐμπαθέσιν
1515 1592 1718 1624 άνεπιθολὼτως
1736 1592 1822 1627 μένων
1832 1602 1839 1608 '

1050 1640 1142 1670 αὐτοῖς
1161 1639 1190 1666 δὲ
1206 1640 1262 1671 τοῖς
1280 1639 1362 1670 θείοις
1381 1639 1431 1665 οὐκ
1454 1638 1541 1670 ἄλλως
1564 1638 1704 1665 ἐπιϐάλλει
1725 1638 1742 1674 ἢ
1770 1638 1842 1665 κατὰ

1050 1685 1204 1712 ἀπόπτωσιν
1230 1685 1321 1720 πάσης
1347 1685 1480 1720 κινήσεως
1508 1684 1636 1719 νοητικῆς
1660 1684 1714 1711 τῶν
1738 1684 1841 1712 ὄντων⁸

1049 1731 1128 1758 τοῦτο
1141 1731 1196 1767 γὰρ
1216 1731 1292 1767 δηλοῖ
1311 1731 1341 1757 τὸ
1357 1730 1432 1765 ὑπὲρ
1447 1731 1555 1764 γοερὰν
1573 1730 1725 1764 ἐνέργειαν
1742 1731 1842 1762 εἰπεῖν,

1049 1778 1186 1804 τουτέστιν
1205 1778 1269 1804 ὃταν
1289 1777 1328 1813 τῷ
1352 1776 1536 1812 ἀκαταλήπτῳ
1556 1776 1603 1803 τοῦ
1619 1776 1686 1803 Θεοῦ
1707 1776 1842 1804 πάντοθεν

1051 1825 1208 1861 περισχεθῇ.
1223 1824 1284 1851 τότε
1300 1824 1503 1859 καταλαμϐάνει
1520 1824 1550 1850 τὸ
1567 1822 1740 1859 ζητούμενον.

1089 1914 1154 1947 Ταῖς
1158 1913 1298 1949 μετοχιῆς
1302 1914 1418 1948 μόναις.
1430 1911 1690 1948 Προσυπακουστέον
1697 1911 1840 1946 ὀνόματα.

1048 1960 1175 1995 Μετοχάς
1190 1960 1218 1986 δέ
1235 1968 1327 1995 φησιν,
1349 1956 1386 1986 ὧν
1409 1959 1558 1994 μετέχομεν
1573 1958 1622 1994 τὴν
1639 1957 1668 1991 ἐξ
1691 1957 1774 1984 αὐτοῦ
1790 1957 1840 1984 τοῦ

1050 2006 1116 2033 Θεοῦ
1133 2007 1264 2042 παροχήν.

1084 2054 1281 2088 Κρυεριότητα.
1299 2053 1359 2080 Ὅτι
1375 2053 1422 2079 καὶ
1434 2052 1464 2079 τὸ
1483 2051 1549 2084 Θεὸς
1562 2051 1648 2087 ὄνομα
1660 2052 1692 2078 οὐ
1706 2050 1782 2087 δηλοῖ
1795 2051 1842 2077 οὑ-

1051 2100 1123 2132 σίαν,
1139 2099 1200 2126 οὐδὲ
1222 2099 1248 2125 τί
1264 2100 1338 2126 ἐστιν
1351 2099 1366 2125 ὁ
1380 2098 1455 2130 Θεὸς,
1475 2098 1531 2125 ἀλλ’
1548 2098 1708 2134 εὐεργεσίαν
1723 2097 1784 2124 τινὰ
1800 2099 1843 2129 εἰς

1050 2147 1140 2182 ἡμᾶς’
1158 2146 1205 2172 καὶ
1225 2146 1266 2172 ὅτι
1285 2145 1318 2171 ἐκ
1338 2144 1391 2171 τῶν
1409 2144 1529 2180 μετοχῶν
1551 2144 1606 2171 τῶν
1630 2144 1683 2171 ὑπὸ
1700 2144 1747 2171 τοῦ
1770 2144 1844 2171 Θεοῦ

1048 2192 1227 2228 δωρουμένων
1252 2193 1327 2227 ἡμῖν,
1354 2191 1401 2218 καὶ
1427 2190 1477 2222 τὰς
1501 2191 1566 2227 περὶ
1589 2191 1657 2217 Θεοῦ
1691 2191 1842 2226 ὀνομασίας

209 2240 279 2273 Quid
295 2249 377 2276 porro
391 2242 427 2270 sit
443 2243 525 2277 Deus,
542 2244 662 2279 cogitare
675 2248 758 2279 queat
771 2244 880 2277 nullus;
896 2245 996 2272 etenim

1057 2238 1199 2273 ποιούμεθα
1212 2247 1218 2253 ·
1239 2238 1270 2264 τὸ
1285 2237 1314 2264 δέ
1329 2237 1355 2264 τί
1377 2238 1450 2264 ἐστιν
1466 2238 1480 2263 ό
1496 2237 1572 2268 Θεὸς,
1591 2236 1674 2264 πᾶσίν
1689 2238 1762 2263 ἐστιν
1778 2237 1843 2263 ἀνε-

210 2284 301 2312 divina
314 2287 474 2314 exsistentia
496 2287 534 2314 ita
548 2288 628 2324 digne
647 2289 848 2324 aliquantulum
870 2289 995 2318 laudabi-

209 2335 265 2362 tur,
281 2333 391 2366 quando
414 2334 448 2361 ab
463 2333 582 2361 ellicacia
597 2335 671 2362 omni
687 2335 858 2363 validissima
873 2339 900 2363 et
918 2337 999 2364 intel-

211 2377 310 2412 libente
326 2387 438 2413 prorsus
456 2388 471 2407 a
493 2381 572 2408 nobis
587 2381 724 2414 absoluta,
747 2382 880 2417 suscipiet
895 2390 946 2410 nos
969 2383 997 2410 in

210 2429 307 2451 sancto
325 2425 444 2457 silentio,
459 2431 577 2454 mentem
597 2427 630 2455 iis
645 2435 706 2462 quae
722 2428 799 2456 illinc
821 2429 998 2464 egrediuntur

210 2469 291 2497 donis
301 2470 461 2505 adjicientcs
478 2480 484 2498 :
498 2473 639 2501 voluntate
654 2474 787 2509 siquidem
800 2483 845 2502 res
857 2475 996 2510 producit,

210 2516 291 2544 nobis
305 2516 419 2545 ﬁrmiter
433 2518 461 2545 in
475 2519 574 2546 mentis
586 2524 687 2548 nostra:
698 2521 859 2549 confusione
872 2524 998 2555 perstan-

210 2563 295 2593 tibus,
324 2571 406 2598 quam
432 2564 513 2600 paulo
539 2569 604 2593 ante
628 2567 746 2600 vocavit,
773 2567 947 2603 cognitionem
969 2567 998 2594 in

211 2609 371 2644 ignorantia.

247 2655 361 2684 Rursum
376 2655 481 2692 quidem
502 2665 559 2685 esse
580 2658 708 2694 originem
729 2667 775 2687 seu.
794 2658 905 2694 fontem.
928 2658 997 2687 Nota

250 2729 262 2749 γ
279 2724 382 2753 Hom.
398 2725 455 2761 1,1.

1050 2285 1191 2320 πινόητον·
1210 2284 1257 2311 καὶ
1270 2283 1324 2320 γὰρ
1343 2285 1360 2319 ὴ
1375 2283 1435 2310 θεία
1449 2283 1576 2319 ὖπαρξις,
1591 2282 1677 2315 οὕτως
1691 2282 1774 2316 ἀξίως
1790 2291 1843 2309 πο-

1050 2331 1104 2363 σῶς
1131 2331 1326 2367 ὑμνηθήσεται,
1355 2330 1399 2356 ὅτε
1426 2330 1516 2364 πάθης
1542 2329 1690 2364 ἐνεργείας,
1719 2330 1766 2356 καὶ
1788 2329 1843 2365 τῆς

1049 2378 1282 2413 δραστικωτάτης,
1298 2377 1393 2412 νοερᾶς
1406 2376 1443 2408 δὲ,
1462 2376 1570 2407 πάντως
1587 2376 1631 2410 ὑφ’
1646 2375 1723 2411 ἡμῶν
1738 2376 1844 2402 ἀπολυ-

1051 2424 1139 2457 θεῖσα,
1161 2424 1266 2456 segem
1281 2424 1355 2458 ἡμᾶς
1376 2422 1419 2449 διὰ
1435 2422 1515 2457 σιγῆς
1534 2422 1623 2457 ἁγίας,
1646 2421 1843 2454 ἐπιϐάλλοντας

1049 2474 1110 2504 ταῖς
1124 2472 1228 2498 ἐκεῖθεν
1241 2469 1421 2505 ἐκφοιτώσαις
1434 2470 1548 2505 δωρεαῖς
1558 2478 1564 2484 ·
1584 2469 1714 2504 θελήματι
1735 2468 1790 2504 γὰρ
1805 2469 1842 2496 τὰ

1048 2518 1113 2546 ὄντα
1124 2517 1252 2553 παράγει,
1269 2517 1388 2544 στάντων
1402 2515 1479 2552 ἡμῶν
1495 2515 1609 2550 βεϐαίως
1623 2515 1651 2541 ἐν
1664 2515 1698 2549 τῇ
1713 2513 1760 2540 τοῦ
1771 2515 1844 2550 ἡμε-

1049 2566 1128 2602 τέρου
1146 2563 1191 2591 νοῦ
1208 2563 1374 2600 ἀδιακρισίᾳ,
1398 2562 1431 2598 ἢν
1451 2562 1564 2589 ἐκάλεσε
1580 2561 1633 2597 πρὸ
1650 2560 1748 2597 μικροῦ
1765 2560 1844 2596 γνῶ-

1049 2621 1101 2640 σιν
1113 2612 1148 2639 ἐν
1161 2612 1304 2647 ἀγνωσίᾳ.

1084 2657 1192 2690 Πάλιν,
1209 2657 1254 2684 ὅτι
1266 2656 1324 2692 μέν
1337 2656 1403 2683 ἐστι
1417 2654 1538 2690 run-ala.
1556 2653 1710 2690 Σημείωσαι
1732 2652 1768 2680 τὰ
1792 2662 1847 2681 σε-

690 2803 808 2834 γΑωιε
825 2805 1021 2836 LECTIONES
1039 2805 1084 2835 ET
1101 2802 1377 2836 COBKECTIONES.

255 2887 264 2902 ³
280 2896 323 2924 γρ.
340 2890 379 2920 εἰς
393 2888 441 2925 τὴν
450 2886 572 2916 εὐδοκίαν
589 2886 634 2913 καὶ
651 2885 786 2923 βούλησιν.
