1926 3062
89 156 142 184 225

478 154 505 182 S.
527 153 653 182 MAXIMI
672 152 819 182 SCHOLIA
836 152 869 181 IN
887 151 950 180 LIB.
970 152 1014 180 DE
1031 152 1154 182 DIVINIS
1170 149 1368 185 NOMINIBUS;

1668 155 1723 187 226

89 211 192 248 σάσμια
215 211 263 239 καὶ
279 210 381 248 φρικτὰ
400 211 447 238 ὲπὶ
462 211 512 246 τῆς
529 211 664 247 ἀχράντου
688 211 803 247 Τριάδος
824 210 877 237 ὀνό-

935 210 1090 237 veneranda
1112 215 1140 238 et
1162 211 1299 239 horrenda
1327 212 1484 247 purissima:
1505 212 1649 243 Trinitatis
1673 224 1726 244 no-

91 268 171 296 ματα,
188 259 230 285 ὅτι
246 258 351 294 πηγαῖα
364 257 457 293 θεότης
472 258 486 283 ὁ
500 257 597 293 Πατήρ
607 265 613 272 ·
631 258 646 283 ὁ
661 257 689 283 δὲ
706 257 769 289 Υίος
783 257 830 284 καὶ
846 257 877 284 τὸ

88 305 200 341 Πνεῦμα
213 305 244 332 τὸ
258 305 334 338 ἅγιον
350 304 458 339 βλαστοί
467 305 520 330 εἰσι
533 304 582 340 τῆς
596 303 720 338 θεογόνου
734 303 876 340 Θεότητος,

87 352 209 379 ⁶τουτέστι
223 351 270 378 τοῦ
283 351 398 387 Πατρὸς,
414 351 561 385 θεόφυτοι,
576 350 626 377 καὶ
637 350 723 384 ἄνθη,
736 350 784 377 καὶ
796 350 878 385 φῶτα

86 398 263 431 ὺπερούσια.
281 396 388 424 Μᾶλλον
404 396 432 423 δὲ
456 395 586 431 βλαστοὺς
602 396 684 432 φησὶν
706 395 832 432 είρῆσθαι
848 397 877 422 ὲν

87 445 121 480 τῇ
136 442 231 478 Γραφῇ
255 442 309 470 ἀπὸ
330 442 380 478 τῆς
400 442 452 469 τῶν
471 442 568 468 ὲλαιῶν
590 441 723 473 ὀπτασίας
743 441 878 477 Ζαχαρίου

86 489 135 516 τοῦ
149 489 292 516 ἑνδεκάτου
306 488 359 515 τῶν
373 488 529 524 προφητῶψ
545 488 598 514 δύο
610 486 665 523 γὰρ
679 487 811 520 κλάδους
824 486 879 521 τῆς

87 536 192 568 ἐλαίας
200 536 281 570 φασὶν
289 535 313 561 οἱ
327 534 540 570 Ἐϐδομήχοντα·
552 535 576 560 oi
588 533 615 560 δὲ
626 533 699 561 ἄλλοι
714 533 879 569 ὲρμηνευταὶ

86 581 223 616 στάχυας
240 580 289 608 καὶ
306 581 478 613 βλαστούς·
496 579 578 615 φῶτα
600 579 638 611 δὲ,
655 579 684 606 ὲν
705 576 746 610 οἷς
762 578 877 614 εἴρηται,

87 628 203 662 Πατρὸς
214 628 273 655 τῶν
283 628 388 663 φώτων
402 627 449 654 καὶ
463 625 528 659 Φῶς
542 626 576 652 ὲκ
588 626 694 660 φωτός.
706 626 837 660 Πατριὰν
851 626 880 652 δὲ

86 675 160 710 λέγει
170 675 219 712 τὴν
235 675 316 702 οἱονεὶ
332 675 513 708 πατρότητα.
533 672 672 708 Ἐπιφέρει
683 671 748 706 γοῦν
759 672 861 705 υὶότης
870 679 877 686 ⁸

87 722 135 748 καὶ
151 721 216 756 γοῦν
231 729 313 756 φησιν
329 721 343 747 ὁ
365 719 534 751 Ἀπόστολος-
556 719 606 752 Ἐξ
623 719 658 746 οὗ
673 717 758 745 πᾶσα
773 718 880 752 πατριὰ

86 768 122 794 ἐν
136 766 253 802 οὐρανῷ
270 768 320 795 καὶ
338 767 388 794 ἐπὶ
401 766 458 801 τῆς
479 765 664 801 ὀνομάζεται·
686 766 717 792 τὺ
737 765 792 801 γὰρ
811 763 880 793 εἷναί

86 823 117 840 τε
133 813 254 850 πατέρας
269 814 316 841 καὶ
331 814 406 845 υἱοὺς
421 812 601 848 ὀνομάζεσθαι
618 811 722 839 ἄνωθεν
738 811 878 848 ἕρῤευσεν,

85 860 120 887 ὲκ
132 859 180 887 τοῦ
191 860 298 895 Πατρὸς
316 860 364 895 μὲν
380 859 459 895 φύσει
474 859 521 886 τοῦ
537 858 603 886 Υἱοῦ
623 859 714 890 ὄντος·
731 858 837 894 [ἰατρὸς
852 858 880 885 δὲ

88 906 198 933 πάντων
219 894 422 942 δημιουργικῶς
446 906 493 933 καὶ
517 904 730 937 διδασκαλικῶς·
748 905 808 931 ὅθεν
833 904 880 931 καὶ
896 894 917 924 Β

88 951 229 988 ἀσώματοι
242 953 289 979 καὶ
304 953 393 988 νοητοὶ
411 951 479 979 θεῶν
493 952 609 987 πατέρες
627 951 674 979 καὶ
688 951 741 978 υἱοὶ
755 951 880 978 διδασκα-

87 998 171 1030 λικῶς
194 999 241 1025 καὶ
261 999 467 1034 ὑπερκειμένως
482 999 512 1024 ὲν
535 997 660 1032 ἀγγέλοις
685 998 731 1025 καὶ
754 997 877 1030 δικαίοις,

85 1045 125 1077 ὡς
137 1045 185 1072 καὶ
200 1046 214 1072 ὁ
235 1045 395 1076 Ἀπόστολος
409 1045 491 1080 δηλοῖ,
508 1045 617 1071 πάντων
630 1044 684 1071 τῶν
696 1044 820 1080 πατέρων
830 1045 879 1080 ἅρ-

86 1100 180 1127 χοντος
200 1091 248 1118 τοῦ
272 1091 374 1127 κυρίώς
399 1091 516 1127 Πατρὺς,
534 1091 582 1118 ἅτε
607 1092 653 1117 καὶ
676 1091 725 1126 τὴν
751 1090 878 1126 τοιαύτην

88 1137 196 1173 μέθεξιν
209 1137 310 1169 δόντος,
328 1138 375 1164 καὶ
390 1137 498 1164 πάντων
517 1137 571 1164 τῶν
591 1137 656 1164 υἰῶν
679 1137 809 1173 ἄρχοντος
831 1136 878 1164 τοῦ

87 1183 164 1215 Υἰοῦ,
181 1184 229 1210 ἅτε
244 1184 291 1210 καὶ
302 1183 384 1210 αὑτοῦ
399 1183 530 1219 μεθεκτοῦ
545 1184 573 1210 ὲν
587 1183 673 1218 τούτῳ
687 1183 828 1219 γινομένου
846 1184 877 1216 ¹⁰,

86 1230 126 1262 ὡς
141 1230 223 1261 αὑτός
245 1239 327 1266 φησιν
338 1238 344 1245 ·
369 1229 561 1265 Ἐφανέρωσά
580 1238 638 1257 σου
657 1230 689 1257 τὸ
705 1230 798 1265 ὄνομα
817 1231 878 1263 τοῖς

84 1276 268 1310 ἀνθρώποις·
290 1276 331 1303 ὃτι
348 1276 469 1303 καλεῖται
486 1277 580 1312 Πατὴρ
603 1278 617 1303 ὁ
633 1276 713 1303 αὐτὸν
733 1276 801 1312 ἔχων
815 1277 878 1304 Υἱὺν

86 1321 133 1348 τὸν
147 1321 233 1349 ταῦτα
247 1322 367 1350 εἰπόντα.

125 1459 189 1492 Τοῖς
199 1459 349 1492 αἱτιατοῖς.
363 1458 478 1485 Αἰτιατά
488 1459 546 1485 ἐστι
561 1459 650 1486 πάντα
659 1459 693 1485 τὰ
705 1459 878 1495 παραχθέντα

84 1506 127 1537 εἰς
142 1506 241 1538 κτίσιν,
266 1504 321 1531 εἴτε
338 1505 366 1531 ὲν
382 1504 499 1541 οὐρανῷ,
518 1505 574 1531 εἴτε
590 1505 636 1531 ἐπὶ
659 1505 710 1540 γῆς
722 1513 728 1519 ·
755 1505 828 1532 αἴτια
849 1506 878 1532 δὲ

84 1551 120 1578 τὰ
132 1552 277 1588 ὑπερόντα,
290 1551 427 1578 τουτέστιν
440 1552 468 1578 αἱ
480 1553 554 1587 τρεῖς
568 1551 731 1583 ὑποστάσεις
741 1552 789 1587 τῆς
799 1551 879 1586 ἁγίας
892 1569 913 1598 c

84 1598 210 1633 Τριάδος.
229 1598 364 1634 Πρόδηλον
384 1596 430 1624 οὖν
452 1598 492 1625 ὅτι
504 1598 617 1633 οὐδεμία
630 1598 762 1634 ἐμφέρεια
775 1598 877 1625 τούτων

83 1644 155 1679 πρὸς
175 1644 286 1680 ἄλληλα,
313 1644 407 1671 αἰτίων
423 1644 490 1679 φησὶ
513 1644 558 1670 καὶ
575 1644 711 1671 αἰτιατῶν.
735 1644 833 1676 Καλῶς
849 1644 877 1671 δὲ

83 1690 241 1726 προσέθηκε
257 1691 288 1717 τὸ
304 1689 517 1725 ἐνδεχομένας·
538 1690 568 1716 οὐ
583 1689 637 1725 γὰρ
654 1689 772 1722 ἁπάσας.

121 1735 178 1763 Kal
186 1735 239 1770 ζῆν
250 1736 330 1769 εἴτις
338 1736 420 1771 φαίη.
432 1736 650 1769 ’Ὸτιπερισσῶς
664 1735 713 1763 καὶ
726 1736 878 1769 οὺσιωδῶς

82 1783 267 1817 προσένεστι
280 1783 316 1810 τὰ
328 1782 386 1809 τῶν
400 1781 538 1809 αἱτιατῶν
553 1782 615 1814 τοῖς
626 1782 740 1814 αἰτίοις.
751 1782 830 1808 Ὥστε
847 1783 876 1808 οὺ

84 1829 177 1861 καλῶς
188 1830 302 1865 λέγομεν
310 1829 359 1865 ζῇν
367 1829 414 1855 καὶ
422 1827 585 1863 φωτίζεσθαι
592 1829 622 1854 τὸ
628 1827 698 1854 θεῖον
708 1837 714 1842 ·
730 1828 809 1855 τοῦτο
823 1829 877 1865 γὰρ

82 1877 133 1904 τοῦ
140 1876 189 1912 ζῇν
196 1877 268 1912 ἡμᾶς
274 1876 322 1902 καὶ
329 1874 492 1910 φωτίζεσθαι
499 1874 594 1901 αἴτιον·
603 1874 737 1905 οὺσιωδῶς
745 1872 790 1900 οὖν
797 1883 878 1910 προσ-

82 1923 175 1951 ένεστι
195 1923 234 1958 τῷ
255 1922 329 1957 θείῳ,
347 1922 419 1957 ἅπερ
440 1921 505 1956 ἡμῖν
521 1920 592 1947 κατὰ
609 1921 689 1956 χάριν
701 1929 708 1936 ο
726 1920 806 1947 τοῦτο
820 1921 876 1958 γὰρ

83 1970 214 2006 σημαίνει
229 1969 260 1996 τὸ
276 1968 351 1995 κατὰ
362 1968 499 2003 μέθεξιν·
513 1967 586 2002 λέγει
602 1967 656 2003 γὰρ
672 1969 686 1994 ὁ
708 1967 875 1999 Ἀπόστολοςο

82 2015 187 2050 Χάριτι
198 2014 269 2042 ἐστὲ
282 2013 479 2048 σεσωσμένοι,
493 2014 539 2040 καὶ
554 2015 633 2049 ἡμεῖς
651 2013 700 2049 μὲν
712 2014 877 2049 σεσωσμένοι

82 2061 236 2097 λεγόμεθα·
254 2061 334 2092 αὐτὸς
350 2060 378 2087 δὲ
394 2060 472 2095 ήμῶν
489 2060 584 2096 Σωτήρ
606 2061 672 2086 ἐστι.
697 2061 751 2087 Καὶ
775 2060 855 2087 πάλιν
867 2069 874 2076 ·

90 2108 164 2135 Ἀπὸ
181 2108 237 2143 τὰρ
255 2107 309 2134 τοῦ
330 2106 525 2142 πληρώματος
543 2107 637 2134 αὑτοῦ
660 2107 746 2142 ἡμεῖς
766 2107 877 2140 πάντες

79 2154 242 2188 ἐλάϐομεν.

121 2245 136 2281 5
151 2244 198 2272 IX.
219 2245 313 2273 Ἀλλὰ
325 2245 374 2272 καί
391 2245 423 2272 τὸ
437 2246 539 2279 πάσης
558 2246 723 2281 θεολογίας.
740 2247 800 2273 ’Ότι
816 2246 874 2273 θεο-
891 2251 912 2278 D

79 2291 177 2326 λογίαν
193 2291 270 2318 καλεῖ
281 2291 315 2318 τὰ
330 2291 420 2328 [περὶ]
437 2292 487 2327 τῆς
507 2292 738 2328 ὲνανθρωπήσεως
750 2301 756 2307 ·
773 2293 820 2319 καὶ
834 2293 874 2319 ὅτι

79 2339 144 2366 καθ’
163 2339 236 2374 ἡμᾶς
254 2338 431 2365 θεοπλαστίαν
447 2339 514 2374 φησὶ
529 2338 577 2374 τὴν
593 2338 640 2365 τοῦ
659 2338 761 2374 Κυρίου
785 2338 873 2374 Ἰησοῦ

79 2385 231 2421 σάρκωσιν.
243 2384 335 2411 Ταῦτα
351 2384 420 2411 κατὰ
435 2384 622 2420 Νεστοριανῶν
641 2384 766 2419 μάλιστα,
781 2385 812 2411 τὸ
825 2385 872 2411 ἁν-

78 2431 183 2468 δρικῶς
196 2432 276 2458 αὑτὸν
292 2431 453 2467 οὐσιωθῆναι
476 2431 578 2465 λέγειν·
597 2431 648 2466 ὅρα
667 2431 694 2457 δὲ
713 2431 754 2457 ὅτι
769 2431 802 2457 ὲκ
818 2431 872 2457 τῶν

79 2477 254 2514 παρθενικῶν
268 2478 389 2513 αἱμάτων
400 2477 466 2514 φησὶ
478 2478 508 2504 τὸ
518 2477 596 2513 σῶμα
605 2477 652 2504 τοῦ
665 2477 766 2513 Κυρίου
783 2477 871 2514 Ἰησοῦ

77 2524 284 2559 διαπλασθῆναι·
304 2525 459 2560 Σημείωσαι
476 2524 514 2556 δε,
537 2524 594 2556 πῶς
618 2532 694 2560 φησι,
717 2523 870 2560 πρεσϐυτά-

76 2580 145 2603 τους
159 2571 290 2605 ἀγγέλους
305 2569 375 2598 εῖναὶ
398 2580 483 2603 τινας,
501 2571 548 2597 καὶ
570 2570 676 2606 πρῶτον
701 2570 790 2597 αὐτῶν
811 2579 869 2598 τινα

77 2615 161 2643 εἶναι.
174 2617 256 2651 Λέγει
269 2617 297 2644 δὲ
309 2617 509 2652 πρεσϐυτέρους
524 2617 654 2651 ἀγγέλους
671 2618 685 2643 ὁ
697 2617 766 2648 θεῖος
782 2616 872 2643 Ἰωάν-

76 2673 129 2700 νης
145 2665 175 2691 ὲν
189 2665 223 2700 τῇ
244 2663 434 2699 “Αποκαλὺψει·
447 2664 492 2690 καὶ
505 2663 575 2691 ἑπτὰ
586 2661 661 2690 ἐἶναι
670 2664 732 2695 τοὺς
746 2663 871 2699 πρώτους

116 2745 129 2760 ι
145 2739 245 2776 Ephes.
259 2748 301 2772 in,
319 2740 363 2768 15.
397 2746 410 2760 ι
425 2739 505 2768 Joan.
518 2747 586 2772 xvn,
603 2740 630 2768 6.
669 2740 683 2760 Β
699 2740 798 2775 Epltes.
819 2749 850 2774 ιι,
867 2741 894 2769 8.

930 255 1015 282 mina.
1032 255 1142 283 Patrem
1163 265 1225 285 esse
1247 257 1387 285 fontanam
1408 258 1600 294 divinitatem;
1623 261 1723 291 Filium

929 309 994 329 vero
1022 306 1049 329 et
1071 301 1202 338 Spiritum
1227 308 1354 332 sanctum
1380 304 1503 333 fecundae
1523 306 1638 336 Deitatis
1662 317 1725 338 esse

929 348 1110 383 germina,-id
1124 352 1166 376 est
1180 348 1282 382 Patris,
1297 359 1313 377 a
1331 350 1386 378 Deo
1401 352 1541 386 producta,
1554 357 1578 380 et
1595 353 1676 388 ﬂores
1690 362 1726 381 at:

928 393 1031 421 lumina
1049 403 1108 430 qua
1129 397 1244 423 essentia
1259 398 1397 431 superiora
1416 402 1488 426 sunt.
1507 399 1552 426 Ait
1568 405 1658 427 autem
1673 409 1724 436 po-

930 440 986 468 tius
995 440 1137 476 βλαστούς,
1149 443 1279 477 germina,
1291 443 1396 470 dictum
1411 452 1472 472 esse
1485 444 1512 471 in
1527 444 1722 481 Scriptura,ex

930 486 1038 515 visione
1050 488 1185 515 olivarum
1204 488 1345 517 Zachariae
1360 491 1555 525 propltelarutn
1569 492 1726 527 undecimi;

930 531 1106 569 Septuaginta
1127 535 1199 562 enim
1215 534 1312 562 dicunt
1331 536 1377 562 δύο
1400 536 1511 569 κλάδους
1523 557 1530 569 ,
1546 537 1612 565 duos
1638 546 1727 566 ramos

930 578 1006 606 oliva:
1020 587 1031 607 :
1051 580 1098 607 alii
1112 588 1177 608 vero
1199 581 1362 616 interpretes
1379 583 1497 618 στάχυας
1513 584 1561 610 καὶ
1583 584 1726 619 βλαστούς,

930 625 1017 659 spicas
1032 629 1057 652 et
1074 626 1195 660 germina
1214 634 1223 653 .'
1240 626 1341 654 lumina
1357 635 1423 655 vero
1448 629 1476 655 in
1499 630 1600 664 quibus
1620 631 1725 658 dictum

930 675 983 703 est,
1000 670 1092 698 Patris
1112 673 1252 705 luminum,
1269 677 1296 700 et
1312 673 1399 701 lumen
1421 682 1453 701 ea:
1468 674 1576 703 lumine.
1601 676 1727 712 Πατριάν

930 725 997 745 vero
1012 717 1078 745 dicit
1093 718 1144 754 τὴν
1160 719 1329 754 πατρὸτητα,
1349 719 1455 747 scilicet
1468 722 1664 754 paternilatem.
1680 722 1728 750 Af-

932 764 984 792 l'ert
993 765 1074 800 igitur
1087 765 1190 800 υἱότης,
1201 766 1252 800 ﬁlii
1267 767 1416 798 rationem;
1430 768 1556 802 equidem
1569 768 1729 802 aitAposto-

931 810 998 839 ius:
1026 810 1067 838 Ea:
1088 819 1138 846 quo
1162 812 1247 839 omnis
1269 813 1418 846 paternitas
1442 813 1470 840 in
1490 812 1555 840 caelo
1570 818 1594 840 et
1612 814 1640 840 in
1658 818 1728 841 terra

932 858 1087 885 nominatur
1105 863 1135 885 l:
1156 858 1236 893 116
1251 862 1343 892 patres
1361 859 1434 886 enim
1457 867 1530 891 esse.
1549 863 1576 887 et
1592 860 1662 888 tilios
1677 868 1729 888 no-

932 905 1042 936 minari,
1068 912 1186 940 superne
1205 905 1333 940 deﬂuxit;
1359 906 1424 941 quia
1437 913 1500 934 vere
1519 905 1606 934 Filius
1626 911 1668 935 est
1692 916 1726 935 ex

932 950 1033 984 I’atre,
1059 952 1106 986 qui
1125 953 1248 979 omnium
1273 956 1315 979 est
1341 951 1424 979 Pater
1447 952 1483 979 ob
1506 953 1674 980 creationem
1700 960 1728 981 et

931 996 1101 1031 doctrinam;
1114 998 1186 1025 unde
1202 997 1357 1033 incorporei
1369 1001 1397 1025 et
1410 998 1598 1033 intelligibiles
1611 998 1726 1028 deorum

929 1047 1021 1079 patres
1036 1048 1117 1079 atque
1136 1044 1185 1072 ﬁlii
1214 1048 1412 1080 praeceptorum
1426 1052 1502 1072 more
1513 1048 1540 1072 et
1565 1046 1729 1074 excellenter

931 1090 958 1117 in
974 1090 1078 1126 angelis
1093 1094 1120 1118 et
1133 1090 1228 1126 justis,
1248 1090 1320 1119 sicut
1332 1091 1415 1118 etiam
1430 1090 1579 1126 Apostolus
1595 1091 1726 1127 declarat,

930 1136 976 1163 illo
988 1137 1114 1172 patribus
1128 1136 1256 1164 onmibus
1270 1137 1436 1172 principium
1455 1137 1537 1164 dante
1550 1137 1598 1171 qui
1615 1140 1727 1174 proprie

929 1185 972 1210 est
991 1181 1084 1215 Pater,
1100 1182 1173 1209 sicut
1189 1182 1212 1210 is
1228 1183 1274 1218 qui
1285 1183 1366 1210 talem
1381 1186 1657 1214 communicationem
1669 1186 1726 1213 lar-

929 1229 1018 1264 gitur,
1047 1235 1080 1255 ac
1111 1228 1241 1256 omnibus
1261 1227 1325 1256 ﬁliis
1348 1228 1418 1257 Filio
1441 1232 1610 1268 principium
1631 1233 1725 1264 dante.

929 1276 1002 1303 sicut
1017 1275 1078 1310 ipso
1086 1275 1169 1302 etiam
1183 1275 1210 1302 in
1222 1275 1276 1304 hoc
1287 1276 1481 1311 participante,
1494 1280 1725 1314 quemadmodum

930 1323 989 1357 ipse
1014 1321 1052 1348 ait
1074 1329 1080 1347 :
1108 1321 1282 1356 Manifestavi
1305 1331 1399 1350 nomen
1426 1328 1500 1351 tuum
1522 1324 1674 1353 hominibus
1694 1332 1724 1354 ιε

929 1367 1002 1402 quod
1028 1371 1142 1395 vocetur
1163 1367 1244 1395 Pater
1269 1367 1293 1395 is
1318 1368 1366 1403 qui
1389 1367 1489 1396 Filium
1515 1370 1573 1397 limo
1604 1371 1725 1398 locutum

930 1413 1020 1441 habet.

965 1460 1121 1494 E/fectibm.
1132 1461 1247 1498 Effectus
1254 1465 1322 1490 sunt
1336 1462 1429 1490 omnia
1450 1463 1478 1490 in
1503 1463 1645 1491 creatione
1659 1472 1721 1499 pro-

930 1506 1024 1539 ducta,
1044 1515 1092 1535 seu
1109 1507 1138 1534 in
1151 1508 1231 1540 cmlo,
1248 1516 1296 1536 seu
1318 1509 1347 1536 in
1368 1511 1453 1537 terra.
1470 1510 1567 1537 Causa:
1583 1517 1647 1537 vero
1662 1513 1727 1537 sunt

930 1553 977 1581 illa
991 1561 1052 1589 quae
1065 1554 1218 1582 eminenter
1231 1555 1377 1588 exsistunt;
1397 1554 1422 1582 id
1447 1559 1490 1583 est
1518 1559 1574 1583 tres
1598 1555 1727 1583 Personas

929 1604 1030 1628 sanctae
1038 1600 1190 1628 Trinitatis.
1201 1599 1380 1635 Perspicuum
1392 1601 1475 1636 igitur
1486 1602 1589 1628 nullam
1606 1609 1668 1629 esse
1676 1602 1727 1629 ho-

928 1653 989 1673 rum
999 1647 1069 1674 inter
1075 1655 1105 1674 se
1115 1647 1334 1679 similitudinem,
1343 1655 1501 1679 causarum,
1515 1648 1611 1682 inquit,
1624 1651 1651 1675 et
1661 1648 1726 1676 elI'e-

927 1697 1032 1720 ctuum.
1045 1692 1129 1721 Recte
1139 1697 1230 1720 autem
1245 1694 1371 1729 apposuit
1383 1693 1571 1729 ὲνδεχομένας,
1583 1702 1648 1728 quas
1664 1702 1725 1728 pos-

929 1744 991 1766 sunt
1002 1747 1012 1765 :
1026 1747 1115 1774 neque
1126 1739 1199 1766 enim
1212 1747 1306 1767 omnes
1323 1747 1352 1767 se
1369 1739 1492 1767 referunt
1508 1740 1651 1775 imagines.

964 1784 999 1812 Et
1011 1786 1094 1812 vivere
1105 1785 1129 1812 εἰ
1138 1785 1196 1820 quis
1211 1785 1318 1812 dixerit.
1332 1785 1410 1819 Quod
1425 1785 1590 1814 abundanter
1600 1792 1624 1814 et
1636 1796 1725 1814 essen-

929 1832 1028 1858 tialiter
1038 1839 1070 1858 ea
1085 1840 1143 1866 qua:
1154 1837 1214 1858 sunt
1225 1832 1364 1866 affectuum
1374 1836 1434 1859 ante
1450 1833 1606 1860 inexsistaut
1619 1834 1724 1861 causis:

928 1877 989 1905 ideo
996 1885 1050 1905 non
1064 1877 1256 1905 benedicimus
1262 1878 1432 1906 divinitatem
1441 1880 1531 1906 vivere
1539 1883 1566 1906 et
1574 1879 1704 1907 illustrari
1716 1890 1722 1907 :

928 1923 986 1952 haec
993 1924 1065 1952 enim
1072 1924 1152 1953 nobis
1163 1931 1246 1952 causa
1254 1928 1296 1952 est
1303 1925 1412 1953 vivendi
1419 1930 1445 1953 et
1452 1926 1619 1960 illustrandi;
1628 1933 1723 1954 essen-

928 1970 1029 1998 tialiter
1036 1970 1117 2006 igitur
1126 1975 1189 1998 ante
1198 1970 1291 1998 insunt
1297 1961 1444 2004 divinitati,
1452 1979 1512 2007 qua:
1521 1972 1600 1999 nobis
1606 1980 1654 2007 per
1660 1980 1724 2008 gra—

927 2016 993 2043 tiam
1012 2026 1018 2044 :
1036 2016 1089 2044 hoc
1102 2017 1174 2044 enim
1186 2017 1323 2053 signiﬁcat
1333 2025 1379 2052 per
1392 2018 1635 2052 participationem,
1651 2018 1719 2046 dicit

927 2063 1001 2091 enim
1013 2064 1178 2099 Apostolus:
1194 2063 1290 2091 Gratia
1300 2064 1398 2091 saluati
1411 2065 1473 2091 estis
1482 2064 1506 2097 δ,
1515 2067 1598 2091 etnos
1612 2064 1722 2099 quidem

928 2110 1024 2138 salvati
1048 2111 1182 2144 dicimur;
1206 2111 1267 2146 ipse
1287 2114 1380 2138 autem
1405 2109 1536 2138 Servator
1555 2115 1649 2137 noster
1668 2114 1720 2138 est.

927 2156 1094 2191 lterumque,
1109 2165 1172 2184 nam
1182 2164 1215 2184 ea:
1227 2157 1391 2192 plenitudine
1405 2156 1462 2191 ejus
1478 2164 1525 2183 nos
1542 2164 1631 2183 omnes
1647 2163 1722 2183 acce-

927 2203 1014 2236 pimus
1030 2208 1054 2230 ε.

963 2248 977 2284 §
992 2247 1038 2275 IX.
1059 2248 1131 2281 Quin
1145 2249 1226 2276 etiam
1241 2248 1269 2276 id
1280 2247 1349 2284 quod
1368 2252 1406 2276 est
1421 2249 1551 2276 universw
1572 2248 1720 2284 tlwologia'.

928 2293 1104 2330 Theologiam
1128 2299 1208 2322 vocat
1230 2302 1291 2329 quae
1308 2295 1561 2322 inhumanationem
1584 2299 1719 2330 tangunt;

926 2344 992 2367 nota
1008 2340 1133 2375 insuper,
1156 2348 1218 2368 eum
1233 2348 1335 2368 vocare
1360 2348 1393 2367 ex
1415 2344 1514 2367 natura
1539 2346 1635 2368 nostra
1656 2340 1719 2369 Dei-

924 2386 1063 2413 ﬁrtionem
1084 2385 1193 2413 Domini
1205 2385 1270 2414 Jesu
1284 2387 1511 2414 incarnationem.
1526 2386 1588 2414 Hanc
1603 2388 1720 2415 maxime

924 2437 1022 2460 contra
1036 2432 1214 2460 Nestorianos
1231 2431 1333 2465 dicere.
1350 2433 1438 2468 ipsum
1459 2437 1487 2460 ut
1503 2433 1638 2460 hominem
1654 2434 1720 2460 sub-

924 2479 1055 2506 stantiam
1081 2479 1223 2514 accepisse
1244 2489 1250 2506 :
1274 2479 1399 2512 observa,
1424 2488 1486 2507 etim
1507 2479 1599 2508 dicere
1618 2489 1719 2516 tmpus

916 2525 1031 2553 Domini
1056 2525 1134 2558 Jesu,
1161 2533 1196 2553 ex
1227 2525 1350 2561 virgineo
1373 2526 1547 2554 ell'ortnatum
1573 2530 1717 2561 sanguine.

922 2571 991 2599 Nota
1005 2579 1096 2607 porro,
1113 2572 1251 2607 quomodo
1266 2572 1340 2599 dicat
1355 2580 1361 2597 :
1381 2573 1514 2607 quosdam
1531 2581 1591 2600 esse
1607 2575 1718 2607 allgt’lus

922 2618 1118 2654 dignissimos,
1145 2619 1319 2654 primumque
1342 2619 1451 2647 illorum
1475 2620 1620 2654 quemdam
1644 2627 1715 2646 esse.

923 2664 1057 2693 Recenset
1072 2669 1163 2693 autem
1178 2665 1289 2693 divinus
1304 2665 1426 2693 Joannes
1446 2665 1474 2692 in
1490 2664 1654 2700 Apocalypsi
1675 2663 1714 2690 div

951 2747 962 2761 ε
977 2741 1058 2770 Joan.
1076 2750 1096 2775 ι,
1114 2742 1159 2770 16.

544 2827 664 2855 VARI/ﬁ
689 2827 883 2856 LECTIONES
901 2828 947 2856 ET
973 2828 1252 2858 CORRECTIONES.

163 2900 192 2938 f’
209 2908 254 2935 γρ.
272 2900 349 2928 αὐτοὶ
363 2900 489 2936 μεθεκτοὶ
503 2902 535 2928 ἐκ
550 2901 646 2928 τούτου
663 2901 814 2937 γενόμενοι.
