1926 3062
219 153 273 180 227

635 153 803 182 ΔΡΡΕΝΒΙΧ
820 153 865 180 AD
880 152 993 182 OPERA
1010 153 1038 181 S.
1056 154 1204 182 DlONYSll
1220 154 1461 184 AREOPAGITIE.

1784 158 1830 187 εει

221 209 367 245 gnissimos
381 209 507 245 angelos,
528 214 555 238 et
569 213 670 245 septem
685 218 746 238 esse
764 210 866 244 primos
888 210 1001 244 legimus

1054 210 1081 236 ἐν
1097 210 1135 244 τῷ
1151 210 1243 245 Τωϐία
1255 209 1420 244 ἀνέγνωμεν,
1436 210 1482 236 καὶ
1498 209 1572 246 παρὰ
1586 210 1724 246 Κλήμεντι
1745 211 1834 246 βιϐλίῳ

222 256 250 282 iu
264 255 358 287 Tobia,
374 260 454 290 atque
469 257 539 291 apud
553 255 719 284 Clementem
737 256 806 282 libro
826 256 922 288 quinto
946 255 1003 291 Hy-

221 306 387 335 potyposeon.
401 300 475 328 Solet
487 306 577 329 autem
590 301 764 335 dignissimos
774 302 885 336 angelos
896 309 1005 334 vocare,

222 353 365 380 supremos
386 350 441 374 tres
456 346 576 378 ordines,
593 347 718 378 thronos,
740 346 888 380 seraphin],
904 347 1003 374 cheru-

223 392 289 424 bim,
305 392 377 420 sicut
398 392 520 419 declarat
541 391 698 427 frequenter
715 392 743 418 in
761 392 832 418 libro
847 391 886 418 De
907 392 1005 418 cazlesri

222 437 383 469 hieran/tia;
407 437 473 464 dicit
499 441 588 464 autem
615 437 665 464 hoc
687 438 758 470 loco,
779 445 867 472 neque
885 437 1004 472 primum

223 483 378 518 angelorum
400 483 478 518 117
502 482 610 517 assequi
633 490 714 520 posse
737 483 847 510 modum
876 483 1003 510 inhuma-

222 528 350 556 nationis.

261 573 293 600 Et
313 572 344 599 ab
356 573 464 607 inclyta.
480 573 527 600 Gr.
543 573 636 608 καὶτῷ
653 573 758 609 κλεινῷ.
774 573 908 602 Glorioso.

257 618 428 652 Prwccptore.
461 617 653 653 Prmeeptorem
685 620 847 654 proprium,
879 623 1003 648 sanctum

222 663 395 691 Hierotbeum
412 665 543 697 insinuat,
561 666 632 692 sicut
649 673 708 692 mox
719 665 838 692 declarat
854 666 1003 700 :siquidem

222 716 282 745 post
297 715 420 738 sanctum
433 710 546 738 Paulum
561 711 594 738 ab
609 711 660 738 hoc
676 711 784 745 adjutus
801 716 856 744 est;
874 712 940 739 dicit
955 720 1004 739 au-

223 760 275 783 tclu
291 757 362 791 quod
380 756 506 784 fortassis
522 761 650 791 expertus
667 757 711 784 ille
724 758 826 789 divina,
839 758 875 784 ita
892 758 1005 792 inspira-

223 807 265 829 tus
282 803 331 835 sit;
344 802 408 837 quid
422 810 503 838 porro
517 803 552 830 sit
563 811 614 829 non
623 807 724 829 tantum
737 803 852 835 edoctus,
868 804 912 830 sed
925 805 1004 831 etiam

221 852 353 882 expertus,
368 847 468 874 dicitur
487 848 594 883 quidem
606 849 633 876 in
645 849 765 883 Epistola
780 849 813 875 ad
830 849 957 876 Hebraeos
967 849 980 868 ἀ
994 859 1000 877 :

222 893 320 920 Didicit
332 902 363 921 em
374 895 411 921 eis
426 903 483 929 quw
491 903 584 929 passus
595 900 633 922 est
642 895 824 922 obedientiam.
837 895 860 922 ls
871 896 943 922 enim
955 896 1000 930 qui

221 940 334 974 patitur,
346 940 512 975 experientia
533 941 604 975 capit
626 940 697 975 quod
720 941 842 972 docetur,
860 942 942 968 veluti
956 942 1002 976 qui

221 985 389 1017 verberatur,
406 986 503 1013 melius
511 994 543 1013 eo
555 986 602 1021 qui
614 990 718 1012 tantum
733 986 836 1013 audivit
850 996 855 1013 ε
872 994 926 1013 non
946 995 1003 1014 me-

222 1032 274 1060 lius
287 1040 328 1064 eo,
344 1033 390 1067 qui
406 1032 552 1067 aliquando
566 1032 724 1059 verberatus
740 1032 799 1063 fuit,
813 1032 874 1066 quis
888 1032 949 1059 talis
964 1033 1003 1059 la-

222 1078 273 1105 bor
285 1079 331 1109 sit.
356 1078 506 1113 cognoscit,
528 1078 666 1112 multoque
684 1078 769 1112 magis
785 1081 1000 1113 reprmseutarct,

221 1123 310 1158 qualis
333 1124 367 1150 sit
385 1123 478 1156 dolor;
495 1124 532 1150 ita
547 1131 654 1158 quoque
673 1123 719 1158 qui
741 1131 789 1158 per
810 1123 1001 1150 revelationem

222 1168 344 1199 docetur.
358 1169 448 1195 divina
473 1169 593 1196 divinius
610 1169 846 1204 interpretabitur;
863 1169 915 1204 pati
939 1177 1002 1196 vero

221 1214 322 1245 divina,
338 1214 390 1240 tale
404 1217 461 1247 est;
478 1214 545 1240 dixit
559 1214 705 1249 Apostolus
720 1223 725 1241 :
744 1214 901 1248 Consepulti
917 1214 1002 1241 simus

220 1258 339 1292 Christo,
352 1263 381 1285 ut
393 1267 454 1286 cum
478 1259 523 1286 illo
534 1267 707 1294 resurgamus
724 1265 751 1287 et
766 1267 962 1294 conregnemus
977 1265 1000 1290 ες

220 1304 265 1339 qui
281 1308 369 1332 autem
383 1305 501 1339 seipsum
521 1313 684 1340 carnemque
704 1313 782 1333 suam
803 1305 936 1340 cruciﬁgit
949 1325 956 1338 ,
978 1305 1002 1332 is

220 1344 345 1383 stigmata
359 1348 459 1377 Christi
474 1350 502 1376 in
517 1350 627 1385 proprio
642 1358 756 1385 corpore
768 1348 933 1377 circumfert.
948 1348 1002 1376 Me-

220 1393 273 1420 rito
289 1393 373 1428 igitur
387 1395 468 1422 etiam
487 1400 634 1431 conregnat
656 1396 781 1427 Christo,
803 1396 937 1429 audetque
960 1395 1003 1423 di-

220 1438 283 1465 vina
299 1439 358 1473 ejus
373 1440 499 1475 mysteria
520 1441 706 1476 contemplari,
724 1441 832 1476 quando
844 1446 870 1468 et
891 1446 1002 1470 sanctus

220 1484 383 1513 Hierotheus
390 1485 489 1513 dicitur
498 1494 552 1513 non
559 1487 645 1513 solum
655 1487 794 1519 didicisse,
802 1488 849 1515 sed
855 1489 935 1515 etiam
943 1496 1003 1524 pas-

1054 259 1074 282 ε¹
1089 256 1143 282 τῶν
1163 255 1404 282 Ὺποτυπώσεων.
1430 256 1633 291 Πρεσϐυτάτους
1658 257 1685 282 δὲ
1707 255 1830 291 ἀγγέλους

1053 301 1132 328 εἴωθε
1157 301 1258 332 καλεῖν,
1283 301 1333 332 τὰς
1358 301 1486 327 ἀνωτάτω
1502 302 1575 336 τρεῖς
1599 301 1699 334 τάξεις,
1718 302 1836 337 θρόνους,

1055 347 1183 382 σεραφὶμ,
1200 346 1339 382 χερουϐὶμ.
1355 346 1392 378 ὼς
1405 346 1478 381 δηλοί
1493 347 1522 372 ἐν
1538 346 1575 379 τῷ
1592 347 1661 381 Περὶ
1677 347 1732 381 τῆς
1752 349 1837 384 οὐρα,

1053 392 1120 424 νίας
1141 392 1290 426 Ιεραρχίας
1311 391 1382 426 λόγῳ
1399 391 1544 424 πολλάκις·
1571 393 1637 427 φησὶ
1657 392 1686 419 δὲ
1710 393 1831 421 ἐνταῦθα.

1055 439 1123 474 μήτε
1144 439 1182 474 τῷ
1204 438 1347 473 πρωτίστῳ
1366 438 1419 464 τῶν
1436 438 1556 473 ἀγγέλων
1578 439 1685 471 ἐφικτὸν
1708 437 1776 466 εἶναι
1791 440 1836 466 τὸν

1053 484 1152 520 τρόπον
1165 484 1214 519 τῆς
1231 483 1469 520 ὲνανθρωπήσεως.

1088 573 1142 599 Καὶ
1152 572 1192 605 τῷ
1208 572 1324 606 κλεινῷ.
1347 573 1469 607 Ἐνδόξῳ.

1087 619 1280 653 Καθηγεμόνι.
1292 618 1401 654 Καοηγε
1406 619 1472 653 μόνα
1483 619 1590 650 οἰκεῖον,
1606 617 1651 644 τὸν
1662 618 1738 652 ἅγιον
1753 619 1772 634 ²¹
1788 618 1832 644 Ἰεν

1055 664 1145 700 ρὸθεον
1167 664 1331 697 αἰνίττεται,
1356 663 1393 695 ὠς
1413 655 1493 695 εὐθὺς
1509 663 1603 698 Δδηλοῖ·
1628 663 1695 698 μετὰ
1717 663 1771 699 γὰρ
1791 663 1834 690 τδν

1054 710 1157 737 Παῦλον
1172 711 1204 736 ὲκ
1217 709 1311 736 τούτου
1335 709 1475 745 ὠφελήθη·
1498 709 1570 743 λέγει
1592 710 1619 736 δὲ
1641 711 1680 736 Em
1701 709 1765 741 ἴσως
1783 719 1828 736 πα-

1054 756 1107 783 οὼν
1122 756 1155 782 τὰ
1171 756 1230 782 Θεῖα
1244 757 1354 788 ἐκεῖνος,
1372 755 1456 786 οὕτως
1475 755 1653 791 ὲνεπνεύσθη·
1673 756 1699 781 τί
1717 755 1745 781 δέ
1765 756 1834 782 ἐστιν

1054 803 1089 829 οὐ
1097 803 1191 836 μόνον
1203 802 1315 836 μαθὼν,
1329 802 1408 828 ἀλλὰ
1424 802 1470 827 καὶ
1487 799 1593 832 παθὼν,
1610 801 1714 837 εἴρηται
1729 801 1776 836 μὲν
1790 799 1834 828 οὖν

1054 849 1100 875 καὶ
1107 849 1133 874 ἐν
1139 849 1171 883 τῇ
1179 847 1245 884 πρὸς
1253 847 1402 883 Ἐϐραίους·
1410 848 1517 881 Ἔμαθε
1524 847 1576 881 γὰρ
1585 847 1633 880 ἀφ’
1639 846 1681 873 ὧν
1685 847 1774 876 ἔπαθε
1780 846 1833 880 τὴν

1052 893 1198 926 ὑπακοήν.
1220 893 1247 920 Ὁ
1260 892 1314 928 γὰρ
1331 892 1423 919 παθὼν
1434 892 1514 928 πείρᾳ
1529 892 1659 927 λαμϐάνει
1676 892 1706 918 τὸ
1717 891 1825 918 διδασκό

1053 947 1132 974 μενον
1152 940 1184 970 ¹¹,
1201 937 1256 966 οἷον
1270 940 1283 965 ό
1299 940 1464 974 τυπτόμενος
1481 938 1578 973 μᾶλλον
1600 938 1645 964 τοῦ
1661 938 1738 973 μόνον
1754 938 1834 964 ἀκού-

1053 993 1160 1017 σαντος·
1177 985 1206 1012 οὑ
1227 985 1279 1021 μὴν
1296 986 1343 1011 καὶ
1352 985 1532 1020 τυπτηθέντος
1547 985 1568 1000 ¹³
1583 985 1657 1015 ποτὲ,
1668 983 1709 1015 τίς
1722 985 1736 1010 ὁ
1748 984 1835 1010 τοιοῦ-

1051 1040 1096 1063 τος
1114 1031 1194 1063 πόνος
1215 1031 1360 1066 γινώσκει,
1385 1031 1432 1057 καὶ
1453 1030 1550 1066 μᾶλλον
1571 1030 1603 1057 ἂν
1628 1030 1834 1066 παραστήσειεν,

1051 1077 1141 1104 ὁποῖόν
1161 1078 1218 1103 ἐστι
1235 1078 1265 1103 τὸ
1289 1077 1387 1111 ἄλγος·
1412 1076 1482 1102 οὕτω
1497 1077 1543 1102 καί¹
1562 1077 1576 1102 ὁ
1593 1076 1625 1102 δι’
1642 1076 1836 1110 ἀποκαλύψεως

1054 1123 1212 1158 μυούμενος,
1229 1123 1361 1158 θειότερον
1377 1121 1538 1157 ἑρμηνεύσει
1553 1121 1587 1148 τὰ
1606 1121 1674 1148 Θεῖα.
1690 1121 1726 1147 Τὸ
1741 1122 1768 1148 δὲ
1783 1130 1832 1148 πα-

1052 1167 1106 1194 θεῖν
1128 1168 1162 1194 τὰ
1177 1168 1235 1194 θεῖα
1249 1168 1368 1194 τοιοῦτόν
1389 1169 1477 1193 ἐστιν·
1497 1167 1602 1203 εἴρηται
1618 1167 1657 1202 τῷ
1676 1167 1836 1203 Ἀποστόλῳ·

1052 1214 1234 1249 Συπαφῶμεν
1248 1214 1286 1248 τῷ
1300 1214 1419 1249 Χριστῷ,
1435 1214 1478 1239 ἴνα
1488 1213 1534 1239 καὶ
1545 1213 1750 1248 συναναστῶμεν
1764 1213 1837 1248 αὑτῷ

1052 1260 1098 1286 καὶ
1115 1259 1388 1294 συμϐασιλεύσωμεν·
1404 1260 1418 1285 ὁ
1434 1259 1461 1285 δὲ
1477 1258 1600 1294 σταυρῶν
1616 1258 1710 1285 ἑαυτὸν
1726 1259 1772 1284 καὶ
1787 1259 1837 1293 τὴν

1051 1305 1147 1332 ἑαυτοῦ
1160 1306 1258 1341 σάρκα,
1277 1305 1356 1337 αὐτὸς
1365 1306 1399 1332 τὰ
1412 1305 1546 1340 στίγματα
1563 1305 1609 1331 τοῦ
1622 1305 1738 1340 Χριστοῦ
1754 1305 1782 1330 ὲν
1798 1304 1837 1339 τῷ

1051 1351 1144 1385 οἰκείῳ
1151 1351 1254 1386 σώματι
1264 1351 1413 1387 περιφέρει·
1421 1351 1531 1382 εἰκότως
1538 1349 1582 1377 οὖν
1591 1351 1638 1377 καὶ
1647 1350 1837 1386 συμσασιλεύει

1051 1397 1090 1432 τῷ
1105 1397 1224 1432 Χριστῷ,
1241 1398 1287 1424 καὶ
1305 1397 1339 1423 τὰ
1361 1397 1418 1423 Θεῐα
1434 1396 1515 1423 αὐτοῦ
1532 1397 1670 1432 θαρρεἴται
1689 1397 1836 1432 μυστήρια,

1051 1442 1115 1468 ὅταν
1131 1443 1177 1469 καὶ
1188 1443 1201 1468 ὁ
1219 1443 1294 1476 ἅγιος
1315 1442 1441 1477 Ἰερόθεος
1455 1442 1560 1476 λέγεται
1578 1442 1614 1477 μὴ
1631 1442 1709 1477 μόνον
1726 1442 1836 1476 μαθεῖν,

1052 1488 1118 1514 ἀλλὰ
1132 1487 1178 1514 καὶ
1190 1488 1284 1514 παθεῖν
1293 1488 1325 1514 τὰ
1336 1488 1402 1514 θεῖα·
1413 1489 1458 1514 καὶ
1467 1489 1480 1513 ὁ
1488 1488 1521 1514 δι’
1530 1488 1723 1522 ἀποκαλύψεως
1732 1487 1765 1514 τὰ
1778 1487 1838 1514 θεῖα

219 1539 266 1559 sus
275 1539 333 1559 esse
340 1532 444 1559 divina:
463 1536 542 1567 atque
554 1533 576 1559 is
591 1533 635 1567 qui
648 1540 695 1566 per
711 1533 903 1561 revelationcm
912 1534 1001 1561 divina

1055 1533 1212 1569 μυούμενος,
1222 1533 1357 1565 ἐξίσταται
1366 1533 1471 1565 ἑαυτοῦ,
1481 1533 1527 1560 καὶ
1534 1533 1622 1564 καλῶς
1628 1533 1734 1567 λέγεται
1742 1533 1838 1559 παθεῖν

220 1577 341 1609 docetur,
358 1582 434 1604 extra
446 1579 564 1613 seipsum
576 1579 760 1611 constituitur,
773 1587 804 1606 ac
815 1583 887 1607 recte
900 1580 1002 1607 dicitur

219 1623 275 1656 pati
288 1624 380 1650 utilem
399 1624 469 1651 hanc
482 1625 646 1659 passionem,
659 1628 688 1651 ut
704 1624 749 1651 fiat
765 1625 810 1652 Dei
823 1626 998 1654 domicilium.

219 1669 314 1696 Aliter.
333 1669 403 1696 Dixit
421 1670 509 1704 ipsum
522 1678 631 1705 passum
646 1670 747 1702 divina,
761 1672 839 1705 quasi
853 1672 926 1699 dicat
940 1681 1000 1700 eum

219 1722 273 1742 non
288 1715 429 1750 disciplina
440 1724 486 1750 per
498 1723 649 1743 sermonem
666 1716 761 1743 horum
779 1722 933 1744 assecutum
953 1718 1002 1746 do-

218 1761 348 1794 ctrinam;
365 1761 412 1788 sed
426 1762 519 1789 divina
534 1762 716 1788 illustratione
735 1762 895 1797 impressam
913 1768 939 1790 et
953 1772 1001 1791 ve.-

219 1807 268 1834 luti
296 1807 452 1842 insignitam
472 1808 499 1834 in
519 1813 608 1835 mente
625 1809 857 1843 supernaturalem
875 1810 1003 1837 habuisse

218 1853 419 1887 cognitionem,
444 1853 580 1888 talemque
610 1853 774 1880 diviniorqu
806 1854 1002 1882 institutionem

219 1898 422 1932 compassionem
435 1899 552 1930 vocavit,
569 1907 616 1926 seu
632 1900 850 1927 consensionem.

255 1942 400 1978 §X.Causa
409 1944 534 1970 omnium.
544 1942 574 1970 Di
581 1945 638 1971 vina
648 1945 703 1972 lucc
712 1946 793 1972 verba
799 1951 1001 1981 repraesentant,

220 1996 275 2023 quo
296 1988 377 2016 modo
391 1992 418 2016 et
440 1988 527 2017 Fiius
551 1990 579 2016 in
603 1991 693 2017 omnia
717 1991 861 2024 omnibus,
877 1996 904 2018 et
923 1997 1004 2026 caput

221 2034 341 2061 omnium
357 2035 505 2062 secundum
521 2035 680 2070 Apostolum
697 2037 719 2068 ί,
736 2044 767 2064 ac
785 2037 850 2064 dicit
865 2046 926 2065 esse
945 2046 1004 2065 om-

220 2079 294 2106 nium
307 2080 504 2114 plenitudinem
525 2086 552 2109 et
564 2089 732 2117 compagem,
756 2087 942 2110 creaturarum
961 2093 1003 2112 se-

1051 1581 1080 1605 τδ
1096 1580 1233 1613 ὲπωφελὲς
1243 1580 1320 1606 τοῦτο
1334 1576 1428 1610 παθος,
1447 1579 1488 1605 ἵνα
1503 1579 1569 1605 Θεοῦ
1585 1580 1695 1614 γένηται
1713 1579 1838 1615 καταχώ-

1050 1634 1119 1660 γιον.
1140 1625 1253 1656 Ἄλλως.
1272 1625 1370 1652 Παθεῖν
1387 1626 1467 1652 αὑτὸν
1478 1625 1528 1661 ἔφη
1538 1625 1571 1652 τὰ
1581 1625 1649 1658 θεῖα,
1666 1625 1703 1656 ὡς
1718 1626 1748 1651 οὐ
1763 1625 1837 1652 διδα-

1051 1671 1121 1703 κτῶς
1143 1671 1188 1697 διὰ
1212 1671 1289 1705 λόγου
1315 1671 1363 1706 τὴν
1389 1672 1453 1707 περὶ
1473 1672 1573 1698 τούτων
1588 1671 1713 1704 δέξασθαι
1738 1672 1840 1707 μύησιν

1050 1717 1220 1751 λέγωνάλλὰ
1235 1719 1267 1753 τῇ
1284 1717 1343 1752 θείᾳ
1358 1717 1492 1752 ὲκλάμψει
1505 1717 1699 1752 ὲντυπωθῆναι,
1717 1717 1764 1744 καὶ
1781 1715 1839 1745 οἷον

1051 1765 1249 1800 ὲνσημανθῆναι
1265 1766 1297 1799 τῇ
1311 1763 1414 1798 διανοίᾳ
1424 1763 1473 1798 τὴν
1483 1762 1582 1797 γνῶσιν
1597 1762 1650 1789 τῶν
1664 1763 1733 1798 ὑπὲρ
1744 1763 1837 1797 φύσιν,

1050 1811 1098 1836 καὶ
1118 1810 1167 1840 τὴν
1185 1809 1206 1824 ιι
1222 1810 1347 1844 τοιαύτην
1370 1809 1424 1835 τῶν
1446 1809 1586 1844 θειοτέρων
1603 1808 1702 1841 μύησιν
1716 1809 1839 1840 συμπά-

1051 1858 1127 1883 θειαν
1149 1855 1285 1888 ἐκάλεσεν,
1302 1855 1384 1890 ἤγουν
1395 1854 1572 1880 συνδιάθεσιν.

1087 1943 1100 1979 §
1112 1944 1143 1970 X.
1154 1944 1188 1970 Ἡ
1195 1943 1313 1969 πάντων
1326 1943 1414 1969 αἰτία.
1424 1943 1463 1969 Τὰ
1473 1943 1530 1970 θεῖα
1538 1943 1621 1969 ταῦτα
1629 1943 1776 1979 παρίστησι
1787 1944 1839 1980 ῥή-

1054 1997 1134 2024 ματα,
1150 1989 1208 2020 πῶς
1222 1990 1268 2015 καὶ
1281 1989 1295 2014 ὁ
1311 1989 1374 2020 Υἱὸς
1388 1989 1421 2015 τὰ
1436 1989 1523 2015 πάντα
1539 1989 1566 2014 ὲν
1580 1989 1656 2020 πᾶσι,
1671 1989 1717 2014 καὶ
1730 1989 1839 2024 κεφαλὴ

1053 2035 1159 2061 πάντων
1173 2034 1242 2060 κατὰ
1256 2035 1300 2060 τὸν
1317 2034 1491 2060 Ἀπόστολον-
1509 2033 1554 2060 καί
1569 2042 1660 2068 φησιν,
1671 2034 1711 2060 ὅτι
1728 2034 1840 2061 πάντων

1052 2081 1110 2107 ἐστὶ
1134 2080 1268 2116 πλήρωμα
1291 2080 1337 2107 καὶ
1359 2080 1495 2115 συνοχεὺς,
1515 2080 1564 2115 τὴν
1588 2080 1764 2115 ἀλληλουχίαν
1781 2079 1839 2106 τῶν

217 2125 284 2152 riem
302 2127 542 2162 constringentem,
560 2127 587 2154 id
600 2131 642 2154 est
657 2132 748 2162 partes
762 2136 823 2155 cum
833 2133 900 2161 toto,
913 2134 941 2156 ut
956 2131 1001 2165 qui

1054 2127 1296 2163 δημιουργημάτων
1321 2126 1493 2160 συσφίγγων,
1515 2125 1636 2151 τουτέστι
1651 2125 1685 2151 τὰ
1705 2125 1774 2160 μέρη
1796 2125 1840 2161 τῷ

217 2176 260 2200 est
272 2173 378 2205 omnia;
389 2180 454 2208 ergo
461 2173 536 2200 velut
546 2173 665 2200 universi
680 2178 893 2208 coagmentator,
903 2179 930 2202 et
939 2183 1001 2209 pars

1054 2174 1143 2205 παντὶ,
1156 2173 1193 2204 ὡς
1208 2172 1237 2198 τὸ
1247 2173 1299 2198 πᾶν
1310 2171 1356 2198 ὤν’
1371 2171 1408 2202 ὡς
1419 2171 1466 2197 τοῦ
1482 2171 1581 2202 παντὸς
1590 2169 1636 2197 οὖν
1652 2171 1839 2205 συναγωγεὺς,

218 2219 328 2251 merito,
344 2219 474 2253 quoniam
487 2226 550 2253 pars
566 2219 654 2246 omnis
666 2222 705 2246 est
722 2219 805 2246 totius
819 2227 893 2254 pars,
908 2227 940 2246 ac
955 2229 1001 2248 ne-

1054 2219 1099 2245 xal.
1113 2218 1193 2253 μέρος
1207 2217 1327 2249 εἰκότως,
1345 2216 1437 2252 ἐπειδὴ
1453 2217 1499 2243 καὶ
1515 2218 1566 2243 πᾶν
1585 2216 1665 2251 μέρος
1680 2216 1726 2242 τοῦ
1736 2217 1841 2248 παντός

218 2271 271 2298 que
285 2267 381 2296 totum,
406 2271 494 2298 neque
518 2271 596 2299 pars,
619 2268 650 2291 ut
671 2265 718 2298 qui
741 2265 806 2292 nihil
822 2265 931 2299 horum;
956 2266 1001 2293 sed

1054 2265 1110 2290 ἐστι
1129 2263 1209 2298 μέρος
1221 2283 1227 2295 ,
1245 2263 1292 2289 καὶ
1307 2262 1367 2288 οὔτε
1384 2263 1446 2293 πᾶν,
1464 2262 1525 2288 οὔτε
1542 2262 1635 2298 μέρος,
1650 2263 1688 2294 ὡς
1703 2263 1786 2298 μηδὲν
1799 2262 1840 2290 ὢν

216 2315 301 2342 supra
325 2315 432 2335 omnem
460 2309 626 2342 essentiam;
654 2313 745 2343 partes
769 2314 859 2337 autem
884 2310 1001 2338 universi

1054 2309 1082 2342 ἐξ
1107 2309 1205 2341 αὐτῶν,
1222 2308 1289 2334 ἀλλὰ
1308 2308 1355 2334 καὶ
1379 2308 1449 2343 ὑπὲρ
1471 2309 1559 2334 πᾶσαν
1581 2308 1690 2335 οὐσίαν*
1716 2308 1788 2344 μέρη
1807 2309 1841 2336 δὲ

220 2353 313 2380 mundi
331 2357 393 2380 sunt
408 2362 468 2388 quae
481 2354 628 2381 secundum
651 2355 730 2389 118
740 2355 855 2389 speciem
867 2356 1001 2387 videntur,

1054 2354 1112 2381 ὅλου
1124 2353 1170 2380 τοῦ
1185 2353 1286 2388 κόσμου
1301 2354 1354 2380 εἰσὶ
1364 2352 1397 2379 τὰ
1411 2353 1470 2379 κατ’
1479 2352 1547 2384 εἶδος
1556 2353 1691 2388 ὁρώμενα,
1709 2353 1772 2389 ἀὴρ,
1787 2354 1839 2388 γῆ,

221 2406 276 2430 aer,
292 2402 374 2430 terra,
390 2400 488 2434 planta:
501 2404 528 2427 et
544 2401 658 2434 reliqua,
677 2405 773 2436 estque
784 2402 865 2428 veluti
883 2402 1001 2436 perfecta

1054 2399 1134 2433 φυτὰ,
1150 2399 1196 2425 καὶ
1210 2399 1243 2425 τὰ
1258 2398 1347 2425 λοιπά·
1372 2399 1418 2425 καὶ
1434 2399 1490 2425 ἐστι
1507 2399 1555 2433 μὲν
1571 2396 1615 2425 οἷά
1630 2408 1672 2430 τις
1687 2399 1776 2425 τελεία
1792 2399 1841 2425 λε-

220 2444 320 2478 aliqua,
345 2452 405 2478 qua:
428 2445 487 2478 ejus
507 2445 605 2472 dicitur
619 2445 748 2472 divinitas
764 2450 888 2480 respectu
901 2447 997 2479 nostri,

217 2491 265 2525 qui
292 2490 442 2525 imperfecti
463 2498 566 2518 sumus.
589 2490 666 2518 Sicut
687 2492 758 2526 apud
789 2491 944 2519 Matthaeum
960 2494 972 2512 ε
990 2502 995 2519 :

217 2536 331 2570 Per-[ccli
349 2541 439 2567 estote,
453 2537 514 2571 quia
525 2545 570 2571 ego
587 2537 714 2571 perfectus
727 2545 796 2569 sum,
812 2541 935 2572 respectu
950 2545 998 2564 au-

252 2604 265 2624 ’1
281 2603 345 2639 Cap.
362 2612 386 2636 v,
398 2612 424 2631 v.
438 2603 464 2632 8.
503 2609 515 2623 ⁸
534 2604 573 2631 Ex
585 2604 670 2632 variis
693 2604 879 2640 Epistolarum
895 2605 922 2633 S.
941 2606 1018 2633 Pauli
1032 2606 1110 2633 locis.

1051 2446 1152 2481 γομένη
1168 2446 1183 2480 ἡ
1204 2445 1284 2472 αὐτοῦ
1301 2445 1403 2479 θεότης,
1421 2445 1458 2476 ὡς
1472 2444 1539 2480 πρὸς
1553 2445 1625 2479 ἡμᾶς
1639 2445 1702 2476 τοὺς
1713 2443 1820 2476 ἀτελεῖς
1830 2453 1840 2460 ·

1050 2492 1088 2523 ὡς
1104 2491 1179 2527 παρὰ
1203 2491 1348 2526 Μοιτθαίῳ·
1375 2491 1483 2518 Τέλειοι
1503 2492 1631 2526 γίνεσθε,
1658 2491 1702 2518 ὅτι
1717 2490 1774 2525 ἐγὼ
1792 2491 1843 2518 τέ-

1051 2538 1132 2570 λειός
1147 2538 1204 2572 ειμι
1213 2546 1220 2552 '
1239 2538 1305 2573 πρὸς
1315 2537 1342 2564 δὲ
1353 2538 1483 2571 ἀγγέλους
1490 2538 1553 2569 τοὺς
1560 2537 1677 2569 τελείους
1689 2537 1719 2564 οὐ
1734 2537 1844 2570 τέλειος

1160 2605 1284 2635 ῐ(Σοίυεε.
1294 2613 1325 2635 ιι,
1339 2605 1382 2633 10.
1405 2606 1493 2640 δῦθι).
1512 2613 1539 2637 v,
1555 2613 1582 2632 ν.
1595 2605 1641 2632 48.

701 2681 821 2709 VARl/E
841 2677 1033 2711 LECTIONES
1051 2684 1093 2710 ET
1109 2683 1247 2712 CORREC
1255 2681 1383 2709 l'lONES.

249 2753 328 2789 “lyp.
341 2752 436 2789 θεῖονη
455 2754 479 2789 ff
488 2751 514 2778 τί
530 2752 557 2778 δέ
570 2754 627 2789 ἐστι
643 2752 781 2789 παθεῖνέτᾲ
798 2752 865 2784 θεῖα,
884 2753 1011 2789 εἰσόμεθα
1028 2755 1060 2780 ὲκ
1074 2753 1121 2780 τοῦ
1138 2753 1281 2789 εἰρημένου
1292 2761 1298 2768 ’
1314 2753 1403 2786 ἔμαθε
1419 2750 1529 2785 γάρᾶρ’
1545 2748 1588 2776 ὧν
1603 2749 1729 2789 ᾆπᾳιθεν·
1750 2748 1765 2774 ὁ
1781 2747 1845 2784 γὰρ

217 2783 309 2813 παθῶν
326 2787 406 2822 πείρᾳ
427 2787 578 2813 διδάσκεται
593 2787 624 2813 τὸ
638 2787 862 2822 προϐαλλόμενον.
881 2783 949 2821 Quid
966 2797 1001 2815 vei

1055 2790 1073 2815 il
1090 2789 1145 2822 pali
1166 2783 1270 2819 Άίιῖἱησ,
1288 2783 1404 2814 nouimus
1423 2783 1465 2813 lci:
1491 2783 1520 2812 eo
1541 2783 1611 2822 quod
1636 2784 1736 2822 dictum
1773 2788 1816 2809 est
1833 2791 1844 2809 .'

219 2818 399 2862 ibidis-it
412 2822 443 2848 iis
459 2829 516 2862 quq:
533 2830 626 2857 passus
650 2818 707 2848 est:
727 2832 736 2847 ›
757 2818 800 2858 qiti
822 2818 900 2851 enini—
918 2825 1027 2862 patimr,
1044 2818 1202 2858 experientia
1219 2822 1340 2849 eilocetur
1358 2821 1425 2856 quod
1443 2821 1608 2856 prapouimr.
1645 2818 1665 2833 ”
1683 2825 1728 2852 γρ.
1742 2825 1844 2854 τυπηια

217 2855 318 2887 θέντος.
357 2856 379 2872 ’⁸
398 2864 442 2890 γρ.
458 2855 569 2891 ταύτην.
