1926 3062
121 158 174 186 εὶς)

486 157 513 186 S.
531 158 653 186 MAXIM!
675 158 819 187 SCHOLIA
837 159 870 186 IN
897 159 960 186 LIB.
983 160 1026 187 DE
1045 160 1171 189 DlVlNlS
1194 161 1392 191 NOMINIBUS.

1710 168 1763 196 250

122 217 180 245 ἀλλ’
206 218 378 254 ὑπερτέλειός
395 219 466 245 ἐστι·
492 219 539 245 καὶ
560 218 727 254 τελετάρχης
749 219 763 244 ὁ
787 218 860 250 Υῑὸς,
878 218 906 244 ὠ‹

968 219 1204 254 tem-angelorum
1227 220 1421 255 perfectorum,
1447 230 1503 250 non
1532 224 1681 259 perfectus,
1714 226 1763 254 sed

122 264 213 299 ἄρχων
238 264 328 299 πάσης
349 264 533 300 τελειότητος,
561 264 653 300 ἐπειδὴ
675 264 722 290 καὶ
744 264 913 299 προτέλειος·

123 309 192 336 οὕτω
215 310 262 336 καὶ
287 308 355 341 εἶδος
371 310 478 344 λέγεται
502 311 531 336 ὲν
551 311 607 342 τοῖς
623 310 762 342 ἁνειδέοις,
782 311 828 336 καὶ
843 311 916 337 ἀσω-

124 355 229 390 μάτοις,
251 355 288 387 ὡς
304 356 411 391 ἁπάσης
430 356 479 392 τῆς
499 356 645 387 είδοποιίας
665 356 844 392 δημιουργὸς,
869 357 916 383 καὶ

122 402 193 437 ἀρχὴ
213 402 312 434 παντὸς
326 403 425 435 είδους’
444 403 512 439 πρὸς
525 403 553 429 δὲ
567 403 653 429 ταῦτα
672 403 706 429 τὰ
721 402 779 438 εἴδη
796 402 916 435 ὰνείδεος

123 449 169 474 καὶ
186 448 256 484 ὑπὲρ
277 447 356 481 εἶδος,
381 449 475 485 ἐπειδὴ
491 449 606 485 δεύτερα
624 449 706 476 αὐτοῦ
732 450 778 476 καὶ
797 449 831 476 τὰ
855 449 914 485 εἴδη

122 494 170 519 καὶ
185 494 213 520 αἱ
232 493 309 520 ἰδέαι.

162 626 364 661 Ἀφορίζουσα.
390 629 461 655 Ἀντὶ
478 628 525 655 τοῦ
539 628 723 664 διακρίνουσα,
742 629 789 654 καὶ
803 627 871 664 πρὸς
881 627 912 655 τὸ

121 670 272 706 ἁσύγχυτον
292 671 470 704 διασώζουσα.

156 716 211 743 Καὶ
223 716 333 751 μέτρον
347 716 423 744 ἐστι.
437 717 544 753 Μέτρον
563 718 621 744 ἐστὶ
640 718 694 745 τῶν
710 718 803 751 ὄντων,
819 719 911 754 ἐπειδὴ

120 763 149 788 ἐν
165 761 238 797 αὐτῴ
247 762 281 789 τὰ
297 762 385 789 πάντα
401 763 580 799 πεπέρασται,
593 763 640 790 καὶ
657 763 723 790 αἰὼν
739 764 855 800 μάλιστα
871 765 911 791 δι-

120 809 205 840 καίως
219 809 252 835 ἂν
268 809 386 843 λέγοιτο·
409 811 434 837 εἰ
456 810 512 846 γὰρ
532 810 604 838 αἰὼν
621 810 746 845 λέγεται,
764 811 844 837 οἱονεὶ
865 811 911 838 ἀεὶ

119 853 171 887 ὢν,
186 855 266 886 αὐτός
279 856 352 882 ἐστιν
366 857 379 883 ὀ
396 857 439 883 ἀεὶ
449 856 502 883 ὤν’
518 857 624 892 εἴρηται
641 856 706 892 γὰρ,
722 857 764 883 Σὺ
780 856 814 882 δὲ
828 858 844 883 ὁ
857 857 910 883 αὺ-

968 271 1050 298 supra
1061 264 1266 298 perfectionem,
1281 270 1309 293 et
1324 266 1410 294 Filius
1427 272 1469 295 est
1483 268 1659 306 τελετάρχης,
1675 279 1761 299 crare--

968 310 1122 337 mouiarum
1135 312 1270 343 conditor,
1288 314 1372 340 veluti
1387 314 1476 342 omnis
1492 315 1668 349 perfectionis
1684 318 1761 352 prin-

969 356 1073 391 cipium
1087 365 1093 389 ;
1106 358 1235 392 quoniam
1252 363 1279 386 et
1295 360 1459 395 προτέλειος,
1473 361 1670 395 perfectionem
1683 369 1761 392 ante-

966 402 1056 435 Ccdit;
1068 402 1105 429 ita
1121 403 1202 430 etiam
1216 404 1318 432 dicitur
1330 407 1435 440 species
1447 408 1473 434 in
1490 408 1524 434 iis
1539 416 1598 444 quae
1613 410 1704 444 specie
1714 418 1760 437 ca-

966 451 1037 477 rent.
1048 451 1075 474 et
1089 448 1269 483 incorporeis,
1281 451 1362 478 veluti
1378 453 1513 480 universa:
1525 455 1629 488 _speciei
1642 455 1760 485 lictionis

965 497 1084 527 creator,
1100 498 1126 521 et
1142 495 1306 530 principium
1323 499 1413 526 omnis
1429 500 1530 534 speciei
1546 509 1553 534 ;
1569 508 1693 536 respectu
1710 511 1760 531 au-

965 542 1019 565 tem
1036 540 1189 574 specierum
1206 541 1318 575 harum,
1337 545 1428 578 specie
1443 550 1529 578 caret,
1547 554 1578 574 ac
1595 556 1679 583 supra
1696 558 1761 584 spe-

962 584 1033 611 ciem
1049 589 1090 612 est
1104 587 1250 620 :quoniam
1269 589 1373 623 species
1388 594 1415 617 et
1430 591 1496 618 idea:
1508 596 1571 619 sunt
1583 594 1642 628 ipso
1651 595 1757 624 viliora.

999 629 1145 665 Deﬁniens.
1158 632 1220 666 Pro,
1234 634 1405 670 discernens,
1423 641 1505 673 atque
1520 639 1579 666 sine
1597 641 1759 670 confusione

963 681 1143 704 conservans.

998 720 1034 747 Et
1050 730 1174 750 mensura
1191 726 1240 751 e'st.
1259 724 1386 754 Mensura
1403 732 1445 755 est
1461 736 1551 756 rerum
1562 751 1569 763 ,
1585 732 1714 766 quoniam
1729 734 1756 761 in

961 765 1022 801 ipso
1043 767 1172 796 universa
1189 771 1388 806 terminantur,
1405 778 1431 800 et
1450 777 1584 803 wlernilas
1596 765 1758 811 Vjustissime

962 812 1016 839 dici
1026 817 1129 848 potest;
1143 814 1166 842 si
1180 816 1252 842 enim
1261 817 1328 844 αἰών
1339 818 1440 846 dicitur
1451 821 1534 848 veluti
1550 822 1592 848 ἀεὶ
1600 823 1646 852 ὢν.
1658 832 1758 859 semper

960 857 1100 892 exsislens,
1117 860 1174 894 ipse
1187 867 1229 888 est
1244 862 1291 896 qui
1306 870 1414 898 semper
1429 869 1471 893 est
1485 866 1604 894 :dicitur
1615 869 1703 896 enim:
1717 870 1756 897 Tu

119 899 170 932 τὸς
184 898 221 933 εἴ,
234 901 283 928 καὶ
297 901 333 928 τὰ
345 901 397 936 ἐτη
412 903 470 929 σοῦ
483 904 538 929 οὐκ
551 903 743 937 ἐκλείψουσι·
755 903 801 929 καὶ
818 901 897 929 πάλιν

965 908 1052 930 autem
1063 904 1131 931 idem
1141 908 1282 938 βεβιαηηὶ
1295 909 1335 935 tui
1349 918 1400 936 non
1414 911 1558 945 deﬁcienth
1568 923 1575 946 ;
1587 922 1752 950 rursusque:

125 944 157 973 '0
172 947 301 981 ἀριθμῶν
321 948 421 982 πλήθη
442 948 570 983 ἄστρων,
593 949 640 976 καὶ
654 949 707 975 τὸν
721 948 852 983 οὐρανὸν
861 957 913 983 με-

119 992 196 1025 τρῶν
220 994 354 1028 σπιθαμῇ
379 995 428 1022 καὶ
452 995 509 1029 τὴν
531 995 590 1030 γῆν
613 995 709 1029 δρακί.
734 995 851 1030 Ποιητὴς
880 995 908 1022 δὲ

120 1039 244 1072 αἰώνων,
270 1041 316 1067 ἆτε
340 1041 394 1068 τῶν
419 1042 541 1078 ᾀγγέλων
566 1042 679 1077 ποιητὴς
706 1041 743 1068 ὢν
771 1042 911 1078 [ἀθάνατοι

119 1084 174 1119 γὰρ
200 1082 284 1118 οὗτοι,
311 1086 356 1113 καὶ
383 1086 574 1122 ἡ]ἀθανασία,
601 1087 763 1122 παράτασις,
788 1088 910 1121 ἀειςωῖα,

119 1131 195 1161 αἰὼν,
214 1131 270 1157 ἀλλ’
293 1132 323 1158 οὐ
341 1133 445 1168 χρόνος,
463 1133 670 1168 ἀτελεύτητοςίσ
687 1134 733 1160 καὶ
749 1134 792 1160 ἀεὶ
814 1134 911 1169 ἐσόμε-

117 1185 174 1211 νος,
191 1177 316 1212 λέγεται·
333 1179 364 1205 οὐ
381 1179 451 1206 κατὰ
467 1179 545 1206 τοῦτο
561 1178 606 1207 οὖν
623 1180 730 1215 λέγεται
747 1180 822 1213 αἰὼν,
841 1181 911 1208 κατὰ

116 1223 163 1250 τὸν
186 1224 279 1258 χρόνον
295 1225 341 1251 τὸν
357 1224 433 1257 τέλος
449 1225 559 1261 ἔχοντα,
570 1226 638 1254 ἀλλὰ
654 1227 722 1254 κατὰ
744 1228 774 1254 τὸ
790 1227 835 1255 ἀεὶ
855 1227 908 1261 ὢν,

116 1270 157 1301 είς
177 1269 278 1302 αἰῶνας
299 1268 375 1303 τέλος
397 1271 447 1298 οὐκ
472 1271 593 1307 ἔχοντας.

150 1359 272 1394 Πλήρης
287 1360 321 1387 ἐν·
337 1361 399 1394 τοῖς
414 1361 653 1399 ἐνδεέσιν.’¹οπερ
669 1361 745 1390 εἶπεν
762 1363 827 1397 ἄνω,
845 1365 909 1392 ἀτε-

115 1404 175 1439 λὴς
188 1405 222 1431 δὲ
236 1406 271 1432 ἐν
286 1406 349 1440 τοῖς
364 1408 498 1441 τελείοις,
508 1404 560 1434 ὧδέ
575 1417 657 1444 φησιν
672 1410 867 1444 ὑπερπλήρης
875 1411 910 1438 ἐν

115 1451 178 1484 ’τοῖς
195 1451 334 1486 πλήρεσι-
367 1453 413 1479 καὶ
433 1454 465 1481 τὸ
489 1454 601 1489 ἀτελὴς
616 1454 664 1482 οὖν
686 1456 773 1489 οὕτως
791 1457 909 1491 ὀφείλεις

115 1499 197 1530 νοεῖν,
216 1497 377 1534 ὑπερτέλεια
394 1501 424 1526 ὲν
439 1500 495 1532 τοῖς
511 1500 633 1533 τελείοις.

152 1545 206 1570 Καὶ
223 1543 278 1577 ἕως
293 1545 423 1579 φύσεως.
447 1546 529 1582 Ὁρᾷς
552 1547 611 1578 πῶς
633 1556 725 1583 φησιν,
750 1549 843 1586 ἐπειδὴ
860 1551 908 1577 καὶ

115 1589 171 1623 ἕως
196 1591 316 1625 φύσεως
339 1591 467 1627 ἐλήλυθε·
490 1593 597 1627 φύσεως
621 1594 670 1629 μὲν
698 1595 747 1630 τῆς
772 1597 909 1633 ἡμετέρας

115 1635 221 1671 νόησον·
246 1638 293 1663 καὶ
315 1638 357 1664 ὃτι
380 1638 411 1665 τὸ
435 1638 542 1673 φύσεως
564 1640 595 1666 οὐ
613 1640 703 1672 καλῶς
725 1641 839 1677 λέγομεν
863 1644 909 1670 ἐπὶ

112 1681 192 1709 Θεοῦ·
213 1683 266 1710 ἰδοὺ
283 1683 337 1719 γὰρ
355 1684 413 1716 πῶς
435 1693 528 1720 φησιν,
546 1684 600 1718 ἕως
616 1686 737 1720 φύσεως
759 1687 906 1723 κατῆλθε,

113 1728 261 1762 τουτέστιν,
279 1729 331 1761 ἓως
352 1730 456 1757 ἐκείνου
481 1731 581 1765 ἔφθασε
603 1731 650 1758 τοῦ
666 1733 826 1768 ἀτιμοτέρου
837 1754 844 1766 ,
862 1735 908 1761 καὶ

113 1771 200 1809 οὗπερ
216 1775 296 1807 αὐτὸς
312 1776 361 1802 οὐκ
379 1776 519 1812 ἐκέκτητο.
536 1777 693 1813 Σημείωσαι
709 1778 759 1811 τὰς
775 1779 908 1814 ἐμφάσεις

113 1819 168 1846 τῶν
184 1819 293 1853 λέξεων.

157 1866 378 1900 meum;er
407 1868 563 1904 Σημείωσαι
588 1869 628 1896 ὅτι
653 1870 837 1904 ἀναλλοιὼτως
860 1873 906 1900 καὶ

113 1910 273 1946 ἀσυγχύτως
289 1911 468 1948 ἐκοινώνησεν
484 1915 550 1949 ἡμῖν
567 1915 613 1941 καὶ
629 1915 752 1948 ἀπαθῶς·
765 1917 860 1944 καὶὸτι
877 1919 905 1944 ἐν

111 1956 169 1986 τοῖς
185 1957 308 1990 φυσικοῖς
330 1957 408 1992 ἡμῶν
428 1957 535 1993 ἔμεινεν
560 1959 712 1998 ὑπερφυὴς,
730 1961 776 1987 καὶ
796 1962 826 1988 ὲν
848 1963 905 1994 τοῖς

111 2003 172 2028 κατ’
185 2001 277 2029 οὐσίαν
294 2003 465 2039 ὺπερούσιος,
477 2005 525 2031 καὶ
536 2003 592 2040 εἶχε
603 2005 637 2032 τὰ
648 2007 726 2042 ἡμῶν
738 2008 807 2043 ὑπὲρ
818 2009 902 2044 ἡμᾶς,

110 2045 167 2075 οἷον
182 2048 213 2075 τὸ
230 2049 262 2075 ὲκ
275 2049 422 2084 παρθένου,
434 2050 466 2076 τὸ
480 2051 672 2087 ἀναμάρτητον
683 2072 690 2084 ,
708 2052 738 2080 τὸ
754 2055 783 2080 ὲν
795 2053 904 2091 ἐξουσίᾳ

110 2094 178 2121 Θεοῦ
203 2094 293 2121 λαλεῖν
313 2096 334 2111 ¹⁶
350 2096 396 2122 καὶ
416 2096 505 2123 πάντα
526 2098 672 2133 πράττειν,
689 2099 721 2125 τὸ
741 2102 903 2136 περιπατεῖν

110 2140 202 2168 ὲπάνω
218 2140 265 2168 τοῦ
283 2141 392 2173 ὓδατος,
410 2143 456 2168 καὶ
478 2142 528 2169 ὅσα
543 2143 665 2171 τοιαῦτα.
684 2145 840 2180 Σημείωσαι
856 2144 902 2173 οὖν

109 2186 150 2212 ὅτι
167 2187 252 2219 οὐδεὶς
275 2187 346 2214 οὕτω
370 2187 490 2223 θεολογεῖ
511 2189 574 2225 περὶ
597 2190 647 2225 τῆς
661 2191 816 2227 οἰκονομίας
832 2193 901 2220 κατὰ

109 2233 297 2267 Νεστοριανῶν
314 2234 360 2260 καὶ
383 2234 538 2271 Ἀκεφάλων
553 2236 599 2262 καὶ
614 2237 830 2265 Φαντασιαστῶν.

144 2321 159 2357 §
175 2321 219 2349 ΧῙ.
241 2323 278 2350 Τὰ
293 2323 379 2350 κοινὰ
394 2324 453 2350 καί.
479 2324 564 2351 Κοινὰ
587 2325 634 2352 καὶ
651 2326 778 2362 ἡνωμένα
801 2328 836 2354 τὰ
850 2329 901 2364 τῆς

107 2367 190 2401 ἁγίας
211 2367 325 2403 Τριάδος
348 2369 478 2404 ὀνόματα,
495 2370 545 2397 ὅσα
566 2372 599 2398 ὲκ
619 2371 675 2398 τῶν
691 2373 776 2408 αὐτῆς
792 2373 899 2409 δωρεῶν

105 2413 162 2440 τῶν
178 2415 217 2445 εἰς
227 2414 260 2440 τὰ
279 2416 336 2449 μετ’
359 2415 443 2451 αὐτὴν
459 2416 628 2452 ὀνομάζεται·
647 2418 680 2450 ὄις
695 2427 772 2451 τινας
796 2419 899 2456 δωρεὰς

105 2458 271 2494 διακρίσεις
287 2462 361 2496 φησὶ,
379 2462 425 2488 καὶ
440 2463 521 2489 οἱονεὶ
533 2465 740 2499 πληθυσμούς.

140 2506 308 2539 Πληθύεται
322 2506 356 2533 δὲ
369 2507 482 2541 ἑνικῶς.
498 2509 582 2536 Τοῦτο
591 2510 661 2536 κατὰ
675 2512 896 2546 Φαντασιαστῶν,

104 2551 389 2584 πολλαπλασιάζεσθαι
413 2554 519 2588 λέγεται
543 2555 573 2582 τὸ
589 2555 618 2582 ἓν
630 2557 660 2572 ιτ·
686 2558 779 2594 ἐπειδὴ
796 2558 851 2594 γὰρ
867 2560 896 2592 ἐξ

104 2597 188 2624 αὐτοῦ
205 2598 322 2631 ἅπαντα,
340 2601 385 2626 καὶ
401 2600 535 2634 διἀὺτοῦ,
548 2603 595 2629 καὶ
611 2604 650 2635 εις
666 2604 746 2632 αὐτὸν
762 2605 894 2639 ἔκτισται,

103 2644 153 2670 καὶ
169 2644 248 2676 αὐτός
272 2646 329 2672 ἐστι
347 2646 449 2682 κεφαλὴ
471 2648 581 2674 πάντων
596 2649 650 2676 τῶν
666 2649 750 2677 ὅντων
762 2671 769 2682 ,
788 2652 835 2678 καὶ
850 2653 896 2679 αὺ-

141 2733 153 2753 h
170 2733 243 2761 Psal.
259 2742 283 2761 Cl
295 2755 303 2768 ,
330 2735 374 2762 28.
418 2743 426 2756 ι
446 2736 647 2766 ΡειιΙ.εκιν14.
688 2740 700 2759 ¹ί
716 2740 769 2768 lsa.
787 2748 831 2775 XL,
847 2743 888 2774 i2.

964 949 1017 982 Qui
1030 957 1150 978 numerat
1162 953 1357 982 multitudinem
1368 957 1505 985 stellarum
1518 960 1539 991 ί,
1554 965 1581 987 et
1595 962 1687 988 caelum
1702 971 1756 990 me-

964 995 1030 1023 tiens
1044 996 1134 1029 palmo
1164 1003 1188 1024 et
1227 1004 1324 1026 terram
1353 1003 1451 1037 pugillo
1465 1004 1488 1031 k.
1517 1005 1651 1034 Conditor
1664 1013 1756 1036 autem

962 1041 1137 1073 aeternitatis,
1151 1050 1212 1070 cum
1232 1045 1266 1072 sit
1280 1048 1438 1081 angelorum
1451 1054 1559 1078 creator
1575 1051 1756 1088 [immortales

962 1085 1035 1112 enim
1048 1091 1111 1113 sunt
1122 1087 1184 1123 ipsi,
1201 1090 1239 1125 et]
1253 1090 1456 1126 immortalitas,
1470 1098 1605 1129 extensio,
1620 1099 1674 1125 vita
1689 1108 1756 1127 con-

963 1131 1050 1162 tinua,
1067 1134 1215 1167 mternitas,
1228 1143 1282 1163 non
1298 1145 1364 1165 vero
1375 1143 1492 1175 tempus,
1509 1142 1711 1172 interniinatum
1727 1150 1756 1173 et

962 1183 1069 1211 semper
1082 1177 1202 1206 futurum
1214 1180 1314 1209 dicitur
1323 1190 1330 1208 :
1342 1191 1395 1211 non
1405 1184 1487 1220 igitur
1495 1190 1645 1216 secundum
1655 1191 1706 1218 hoc
1713 1191 1756 1219 di-

961 1221 1033 1248 citur
1046 1223 1195 1258 aeternitas,
1211 1227 1361 1255 secundum
1375 1233 1481 1265 tempus
1492 1233 1564 1267 quod
1576 1233 1654 1262 linem
1663 1237 1754 1271 habet,

965 1267 1013 1294 sed
1027 1273 1160 1303 quatenus
1170 1279 1270 1306 semper
1285 1278 1338 1307 est,
1354 1275 1382 1302 in
1397 1278 1506 1311 saecula,
1523 1287 1584 1314 quae
1598 1281 1679 1310 linem
1697 1292 1754 1311 non

959 1312 1073 1342 habent.

994 1359 1081 1388 Plena
1095 1366 1134 1388 est
1150 1362 1176 1389 in
1192 1363 1224 1390 iis
1240 1373 1299 1400 qua:
1317 1373 1401 1402 egent.
1414 1368 1491 1402 Quod
1513 1379 1596 1407 supra
1609 1374 1690 1409 dixit,
1705 1376 1754 1403 im-

958 1407 1075 1442 perfecta
1093 1417 1152 1436 veru
1167 1412 1195 1436 in
1207 1411 1330 1445 perfectis
1340 1433 1347 1444 ,
1364 1414 1408 1441 hic
1423 1416 1490 1443 dicit
1506 1418 1591 1452 e/fusa
1605 1420 1632 1446 in
1650 1407 1754 1457 iisqme

959 1453 1037 1487 plena
1051 1461 1113 1481 sum
1129 1464 1138 1481 :
1154 1463 1219 1491 ergo
1231 1459 1311 1485 etiam
1325 1459 1477 1495 imperfecta
1495 1463 1532 1490 ita
1545 1453 1752 1502 intelligere-de-

960 1499 1020 1531 bes,
1040 1501 1192 1529 etninenter
1208 1503 1328 1537 perfecta
1344 1506 1372 1544 in
1389 1507 1530 1541 perfectis.

996 1545 1031 1571 El
1046 1554 1126 1582 usque
1134 1547 1168 1574 ad
1180 1553 1317 1578 naturam.
1329 1548 1411 1580 Vides
1423 1555 1562 1588 quomodo
1576 1557 1653 1589 dicit,
1664 1566 1753 1593 quan-

960 1591 996 1619 do
1010 1593 1092 1620 etiam
1118 1594 1153 1620 ad
1168 1600 1293 1623 naturam
1311 1598 1384 1625 venit
1405 1608 1412 1627 :
1433 1605 1559 1629 naturam
1576 1604 1685 1638 quidem
1701 1613 1752 1633 no-

959 1641 1045 1665 stram
1062 1639 1198 1676 intellige,
1223 1650 1312 1678 neque
1336 1652 1387 1672 nos
1409 1650 1483 1674 recte
1505 1653 1632 1676 naturam
1647 1651 1681 1678 de
1697 1651 1751 1680 Deo

958 1685 1052 1713 dicere
1067 1696 1073 1713 :
1091 1695 1155 1715 ecce
1168 1689 1241 1716 enim
1252 1691 1390 1724 quomodo
1399 1691 1448 1724 ait,
1461 1692 1495 1718 ad
1505 1698 1629 1721 naturam
1640 1696 1750 1724 descen-

957 1731 1007 1765 dit,
1024 1732 1052 1760 id
1068 1737 1110 1761 est
1126 1742 1159 1761 eo
1176 1743 1263 1770 usque
1277 1736 1404 1768 vilitatis.
1420 1741 1501 1773 atque
1516 1740 1576 1774 ejus
1600 1742 1672 1776 quod
1693 1743 1751 1778 ipse

957 1785 1013 1805 non
1027 1778 1155 1812 habebat,
1167 1781 1301 1815 pervenit.
1317 1781 1385 1809 Nota
1394 1783 1448 1810 vim
1461 1785 1635 1820 significandi
1651 1787 1750 1816 dictio-

956 1830 1033 1851 num.

990 1869 1055 1898 Sine
1068 1873 1224 1901 mulatione.
1240 1873 1309 1902 Nota
1324 1875 1385 1904 sine
1399 1879 1550 1906 mutatione
1565 1883 1592 1907 et
1607 1882 1665 1909 sine
1681 1889 1748 1910 con-

956 1915 1074 1951 fusione,
1092 1923 1119 1947 et
1138 1920 1197 1947 sine
1212 1921 1352 1956 passione,
1367 1925 1452 1951 nostri
1465 1924 1566 1953 factum
1582 1934 1646 1955 esse
1660 1930 1748 1963 parti-

955 1963 1054 1998 cipem,
1078 1969 1159 2001 atque
1177 1966 1204 1993 in
1220 1968 1323 1996 nostris
1344 1971 1516 1999 naturalibus
1540 1976 1638 2000 natura
1665 1982 1746 2010 supe-

954 2009 1012 2036 rior
1024 2011 1155 2045 perstitit,
1174 2016 1256 2048 atque
1274 2014 1301 2041 in
1315 2017 1509 2045 essentialibus
1531 2020 1650 2047 essentia
1665 2009 1746 2055 supe-

954 2055 1021 2088 rior,
1038 2061 1187 2093 nostraque
1199 2067 1281 2094 supra
1293 2068 1342 2088 nos
1359 2062 1464 2095 habuit,
1481 2064 1576 2098 veluti,
1592 2074 1626 2093 ex
1641 2067 1746 2102 virgine

953 2103 1041 2134 nasci,
1056 2103 1324 2140 impeccabilitatem,
1340 2108 1367 2134 in
1384 2113 1519 2144 potestate
1536 2111 1583 2138 Dei
1603 2112 1686 2147 loqui,
1704 2119 1745 2141 at-

950 2155 1006 2182 que
1022 2148 1112 2177 facere
1129 2150 1209 2185 119
1233 2152 1359 2181 universa
1370 2174 1377 2187 ,
1394 2155 1535 2183 ambulare
1558 2165 1640 2191 super
1658 2166 1744 2193 aquas

951 2197 978 2220 et
998 2194 1050 2221 alia
1067 2195 1176 2224 similia.
1197 2197 1266 2224 Nota
1291 2199 1375 2234 igitur
1388 2201 1492 2228 nullum
1510 2202 1545 2229 ita
1561 2203 1594 2231 de
1617 2204 1744 2232 incarna-

918 2248 941 2276 ι)
954 2239 1028 2266 tione
1038 2240 1129 2269 divine
1142 2242 1226 2277 loqui,
1239 2248 1335 2271 contra
1351 2245 1529 2276 Nestorianos
1541 2253 1567 2276 et
1582 2250 1737 2286 Acephalos

952 2290 979 2312 et
993 2284 1212 2315 Phantasiastas.

988 2330 1048 2366 §Xl.
1058 2331 1216 2360 Communia
1226 2339 1261 2362 et.
1269 2334 1432 2365 Communia
1440 2342 1467 2366 et
1481 2340 1555 2368 unita
1564 2347 1665 2370 sanctae
1680 2343 1742 2371 Tri-

950 2376 1045 2404 nitatis
1069 2385 1130 2406 esse
1152 2381 1280 2413 nomina,
1305 2383 1407 2416 quibus
1423 2393 1457 2412 ex
1481 2386 1541 2421 ejus
1560 2388 1640 2416 donis
1659 2390 1741 2419 rebus

950 2427 1013 2457 post
1038 2424 1125 2459 ipsam
1148 2427 1256 2454 collatis
1281 2430 1450 2465 appellatur;
1473 2440 1533 2467 qua:
1553 2433 1625 2461 dona
1643 2435 1740 2463 distin-

949 2471 1049 2498 ctiones
1063 2476 1151 2505 vocat,
1168 2478 1195 2501 et
1207 2475 1288 2502 veluti
1301 2477 1544 2511 multiplicationes.

979 2516 1176 2553 Mulliplicalur
1187 2526 1275 2548 autem
1295 2523 1378 2550 unice.
1393 2523 1450 2552 Hoc
1466 2532 1561 2554 contra
1578 2527 1738 2556 Phantasia-

947 2566 1017 2595 stas,
1033 2565 1208 2600 multiplicari
1224 2567 1324 2595 dicitur
1339 2571 1411 2605 quod
1425 2579 1509 2599 unum
1524 2577 1565 2601 est
1582 2581 1589 2600 :
1612 2576 1737 2610 quando-

947 2610 1058 2644 quidem
1092 2613 1164 2639 enim
1202 2621 1235 2641 ex
1272 2615 1331 2650 ipso
1361 2618 1471 2650 omnia,
1504 2623 1530 2647 et
1564 2628 1614 2654 per
1647 2622 1735 2656 ipsum

944 2659 974 2683 et
998 2656 1026 2684 in
1052 2657 1112 2693 ipso
1129 2665 1221 2687 creata
1246 2661 1311 2696 sint,
1342 2663 1456 2700 ipseque
1477 2665 1513 2693 sit
1537 2671 1618 2701 caput
1643 2674 1735 2695 rerum

593 2826 710 2856 VARl/E
726 2829 918 2859 LECTIONES
933 2831 978 2859 ET
995 2832 1272 2862 CORRECTIONES.

150 2891 175 2924 ,"
192 2900 237 2929 γρ.
252 2892 296 2920 ὅδὲ
319 2892 386 2921 αίὼν
401 2895 496 2930 χρόνος
524 2897 710 2934 ἁτελεύτητος.

757 2902 778 2917 ¹⁵
789 2910 834 2938 γρ.
855 2902 892 2934 ὼς
907 2901 974 2935 Θεὸς
988 2902 1088 2932 λαλεῖν.

1140 2904 1160 2920 ⁸⁷
1180 2912 1224 2940 γρ.
1245 2903 1286 2932 ον.
