1926 3062
166 124 168 127 ’
186 145 235 174 εδι

577 145 751 174 APPENDIX
771 146 815 173 AD
832 145 947 177 OPERA
969 146 996 174 S.
1019 146 1169 175 DlONYSlI
1190 147 1421 178 AREOPAGIT/E

1769 153 1818 182 232

167 203 329 245 ieiunium.
363 203 560 238 universasque
592 204 762 232 substantias
788 204 976 239 produxerit:

1029 205 1075 237 τὸς
1090 206 1140 237 τὰς
1156 206 1219 238 ὅλας
1233 208 1327 240 οὐσίας
1343 209 1521 244 παρήγαγεν,
1540 210 1653 242 εἰκότως
1668 210 1818 238 πολλαπλα-

185 249 284 276 merito
296 249 474 285 multiplicari
494 249 597 277 dicitur
611 257 660 286 per
683 257 715 278 ea
738 258 799 285 qua
819 258 868 286 per
886 251 975 286 ipsum

185 295 354 324 exsistunt:
385 295 606 331 quandoquidem
639 296 746 324 cunctis
779 295 853 324 Patri
885 297 978 332 subje-

185 341 236 369 ctis
248 341 307 376 ipse
324 341 433 369 dicatur
451 342 479 369 in
501 342 537 370 iis
555 349 616 377 qua:
631 349 680 376 per
695 341 786 377 ipsum
807 341 880 369 facta
900 346 975 376 sunt,

185 386 261 414 Patri
281 387 397 422 subjici,
414 387 487 416 sicut
497 387 564 415 dicit
581 387 732 422 Apostolus
750 396 756 413 :
783 388 855 415 Tum:
878 394 903 416 et
923 389 978 424 ipse

185 432 274 460 Filius
299 433 494 468 subjicieturl;
513 439 596 469 atque
610 441 673 461 cum
694 434 757 462 talis
774 438 859 466 esset,
876 436 978 464 mansit

186 487 258 507 unus
275 479 303 506 in
320 479 547 514 multiplicatione
568 479 759 515 productionis
773 481 976 515 universorum,

185 529 212 553 et
223 525 295 553 idem
311 525 339 554 in
355 527 468 554 minime
480 525 623 554 deﬁciente
636 534 750 554 suorum
765 527 900 555 donorum
912 535 974 563 pro-

185 572 304 605 fusione,
324 581 386 601 cum
402 573 431 600 in
453 574 581 601 universo
603 581 667 608 pars
681 578 774 607 esset,
790 578 817 602 et
832 575 900 602 nihil
916 576 978 602 uni—

186 619 258 646 versi
270 623 359 652 csset;
377 625 487 654 supcrat
501 619 575 647 enim
589 619 748 652 essentiam,
760 624 787 647 et
799 628 886 656 neque
901 620 977 648 illum

187 665 298 700 assequi
315 666 456 698 valemus;
473 666 549 693 istud
564 671 655 693 autem
677 666 793 694 inferius
813 667 978 702 interpreta-

186 715 241 738 tur.

222 757 258 784 Et
271 758 431 793 singularia.
454 758 569 786 Unicam
589 759 655 786 dicit
673 759 865 787 universorum
876 760 979 795 produ-

185 805 304 833 ctionem
314 825 322 837 ,
341 805 487 833 declarans
504 805 586 834 simul
601 813 633 833 ac
648 805 721 834 Deus
737 806 834 839 voluit,
849 814 905 834 non
916 811 979 835 ante

187 852 320 888 paulatim
338 856 365 880 et
379 852 480 888 partim
498 855 589 879 creata
604 852 702 884 fuisse,
720 860 767 880 seu
787 860 832 880 res
847 853 874 880 in
888 853 977 880 lucem

186 899 332 934 prodiisse.
348 899 408 926 Non
424 899 596 927 imminutam
617 907 683 927 vero
697 899 975 927 communicationem

186 945 264 978 dicit,
287 954 342 981 qua
358 946 464 974 scilicet
479 945 552 974 Deus
574 950 674 974 cuncta
697 946 891 981 producendo,
907 945 978 973 nihil

185 992 361 1028 propriorum
377 992 512 1019 bonorum
529 992 638 1020 minuit.

222 1038 378 1073 Intelligens
392 1038 538 1065 communis
552 1044 650 1065 noster.
670 1037 832 1066 Communis
847 1038 979 1074 magister

186 1089 213 1112 et
227 1084 369 1112 institutor
383 1084 513 1111 nimirum
526 1084 668 1119 apostolus
679 1083 781 1112 Paulus
799 1094 805 1111 :
820 1084 894 1112 illius
904 1085 978 1112 enim

186 1138 238 1165 ope
263 1129 392 1161 credidit,
416 1129 489 1157 sicut
515 1130 632 1165 legimus
656 1131 683 1158 in
706 1130 793 1158 Actis.
821 1129 977 1159 Notandum

187 1176 270 1204 etiam
283 1195 291 1208 ,
307 1180 434 1203 sanctum
458 1174 636 1204 Hierotbeum
656 1184 672 1204 a
693 1181 790 1204 sancto
809 1176 895 1204 Paulo
912 1177 979 1205 edo-

186 1225 272 1249 ctum.

223 1267 294 1294 Nam
305 1268 355 1295 etsi
369 1268 423 1296 sint
440 1268 485 1304 qui
499 1268 633 1295 dicantur.
645 1268 730 1300 Illud,
750 1269 799 1296 etsi
809 1268 848 1295 dii
861 1269 939 1296 multi
953 1274 978 1297 et

187 1313 289 1341 domini
302 1315 373 1348 sint,
391 1318 483 1342 tamen
507 1323 592 1342 unum
615 1323 676 1342 esse
698 1323 761 1342 vere
779 1314 864 1343 Deum
883 1319 911 1342 et
926 1315 979 1342 Pa-

186 1364 267 1392 trem,
283 1369 422 1396 unumque
433 1369 496 1389 vere
508 1360 652 1389 Dominum
668 1360 773 1394 Jesum,
788 1361 841 1389 hoc
857 1361 979 1389 declarat

186 1414 297 1434 causam
305 1407 429 1435 omnium
441 1407 632 1435 etcreatricem
641 1406 821 1440 divinitatem,
828 1407 979 1434 secundum

185 1453 333 1481 indivisam
354 1457 381 1481 et
395 1453 584 1481 indistinctam
598 1453 875 1481 communicationem
890 1453 980 1481 nomi—

185 1499 231 1526 nis
247 1498 367 1534 propriae
380 1499 533 1527 divinitatis
547 1504 573 1527 et
586 1499 795 1532 dominationis,
813 1507 862 1527 eos
875 1500 921 1535 qui
940 1500 980 1527 dii

1028 252 1169 285 ϐιάζεσθαι
1191 254 1299 288 λέγεται
1321 254 1365 282 διὰ
1387 255 1441 282 τῶν
1465 257 1529 292 παρ’
1546 256 1628 283 αὑτοῦ
1651 257 1817 292 γενομένων,

1027 300 1090 327 ὅταν
1107 300 1155 327 καὶ
1165 301 1273 328 πάντων
1285 301 1512 337 ὑποταττομένων
1524 302 1562 338 τῷ
1576 303 1673 339 Πατρὶ,
1686 303 1767 336 αὐτὸς
1782 304 1818 331 λέ-

1027 355 1105 380 γεται
1121 347 1165 374 διὰ
1181 347 1236 375 τῶν
1246 349 1311 384 παρ’
1323 349 1406 376 αὑτοῦ
1416 350 1579 386 γενομένων,
1597 350 1636 386 τῷ
1647 352 1734 388 Πατρὶ
1753 353 1817 380 ὑπο-

1027 393 1189 425 τάττεσθαι,
1205 395 1244 426 ὡς
1260 395 1342 430 φησὶν
1357 395 1372 421 6
1390 396 1561 430 Ἀπόστολος,
1582 398 1650 425 Τότε
1663 398 1711 425 καὶ
1730 400 1817 432 αὺτύς

1032 440 1049 465 ὁ
1060 439 1125 472 Υἱὸς
1135 439 1363 475 ὑποταγήσεται·
1377 441 1423 468 καὶ
1433 443 1448 468 ὀ
1458 442 1576 474 τοιοῦτος
1584 444 1612 470 ὲν
1619 443 1658 479 τῷ
1668 444 1817 481 πληθυσμῷ

1027 484 1078 520 τῆς
1095 485 1203 512 πάντων
1217 487 1385 522 παραγωγῆς
1395 487 1500 523 ἔμεινεν
1514 486 1555 520 εἷς
1569 489 1637 516 καὶὸ
1646 490 1727 522 αὐτὸς
1741 492 1770 518 ὲν
1785 493 1815 527 τῇ

1027 531 1205 568 ἀνελαττώτῳ
1225 532 1301 568 χύσει
1325 533 1379 560 τῶν
1400 534 1482 561 αὐτοῦ
1508 535 1686 570 μεταδόσεων,
1719 538 1749 563 ἐν
1779 538 1817 573 τῷ

1028 578 1109 605 παντί
1129 579 1211 615 μέρος
1228 578 1276 611 ὢν,
1292 580 1339 606 καὶ
1357 580 1439 616 μηδὲν
1454 580 1492 606 ὢν
1507 581 1553 607 τοῦ
1565 582 1673 614 παντός·
1691 582 1748 610 ἐστι
1764 584 1817 620 γὰρ

1028 624 1198 660 ὑπερούσιος·
1220 626 1269 652 καὶ
1285 626 1350 661 ἡμῖν
1367 626 1527 661 ἀνέφικτος·
1546 628 1693 663 ὲρμηνεύει
1709 629 1737 656 δὲ
1751 630 1816 656 αὐτὸ

1029 671 1192 698 ὑποκατιών.

1064 761 1119 788 Καὶ
1136 760 1174 795 τῇ
1189 761 1293 794 ἑνιαίᾳ.
1318 761 1434 788 Ἐνιαίαν
1454 762 1505 797 ἔφη
1523 762 1577 789 τῶν
1599 763 1668 790 ὅλων
1687 773 1816 800 παραγω-

1027 806 1089 842 γὴν,
1106 806 1193 843 δηλῶν
1214 809 1274 842 ἅμα
1295 807 1334 842 τῷ
1349 807 1500 842 βούλεσθαι,
1522 810 1569 836 καί¹
1584 809 1613 836 οὐ
1632 810 1702 836 κατά
1720 812 1815 847 μικρόν

1028 860 1055 878 τι
1071 852 1118 879 καὶ
1135 852 1253 888 μερικῶς
1270 853 1423 888 κτισθῆναι,
1441 854 1498 890 ἦτοι
1514 855 1582 890 πρὸς
1596 855 1626 881 τὸ
1640 853 1710 882 εἶναι
1729 856 1815 883 ἐλθεῖν

1027 898 1060 925 τὰ
1075 899 1212 934 γεγονότα.
1237 899 1429 926 Ἀνελάττιιντον
1443 899 1470 926 δὲ
1489 901 1645 936 μετάδοσιν,
1663 902 1721 937 ἦτοι
1746 902 1815 928 ὃτι¹⁸

1027 945 1126 977 κτίζων
1142 945 1176 972 τὰ
1186 945 1251 972 ὄντα
1266 946 1280 971 6
1292 945 1368 977 Θεὸς,
1381 945 1457 972 οὐδὲν
1471 946 1525 973 τῶν
1539 946 1646 974 οἰκείων
1664 949 1735 982 μειοῖ
1749 949 1815 982 ἀγα-

1028 991 1091 1018 θῶν.

1072 1036 1235 1071 Ἐννοήσας
1259 1039 1276 1064 ό
1301 1037 1402 1071 κοινὸς
1417 1038 1510 1073 ἡμῶν.
1534 1039 1632 1071 Κοινὸς
1652 1039 1816 1075 καθηγεμὼν

1029 1084 1076 1110 καὶ
1092 1083 1260 1120 χειραγωγὺς
1271 1084 1285 1110 6
1301 1083 1448 1116 ἀπόστολος
1460 1084 1565 1116 Παῦλος
1577 1084 1708 1120 δηλονότι·
1726 1085 1758 1112 δι’
1769 1085 1817 1112 αὐ-

1027 1130 1075 1157 τοῦ
1100 1129 1155 1165 γὰρ
1173 1129 1342 1162 ἐπίστευσεν,
1365 1129 1404 1161 ὡς
1418 1129 1541 1165 ἔγνωμεν
1562 1131 1592 1157 ὲν
1607 1132 1666 1162 ταῖς
1681 1131 1812 1167 Πράξεσι.

1028 1176 1084 1202 Καὶ
1098 1175 1263 1212 σημειωτέον
1273 1195 1280 1207 ,
1298 1176 1338 1202 ὃτι
1354 1177 1401 1203 καὶ
1420 1177 1434 1203 6
1450 1176 1527 1210 ἅγιος
1548 1176 1676 1212 Ἱερόθεος
1691 1176 1731 1212 τῷ
1746 1178 1816 1213 ἁγίῳ

1028 1222 1126 1258 Παύλῳ
1142 1221 1322 1259 ἐμαθητεύθη.

1063 1268 1117 1295 Kal
1134 1268 1189 1303 γὰρ
1205 1269 1288 1302 εἴπερ
1303 1267 1656 1302 εἰσίλεγιόμενοι.Τὸ,κᾶν
1665 1269 1725 1296 θεοὶ
1743 1272 1817 1298 πολ-

1028 1315 1076 1342 λοὶ
1090 1315 1138 1341 καὶ
1148 1314 1243 1348 κύριοι
1258 1314 1323 1346 ὦσι,
1337 1313 1406 1348 πλὴν
1417 1313 1465 1340 ἕνα
1479 1311 1548 1341 εἶναι
1557 1315 1603 1341 τὸν
1615 1315 1722 1350 ἀληθῶς
1737 1315 1815 1350 Θεὸν,

1028 1361 1076 1388 καὶ
1098 1360 1248 1395 Πατέραίθ,
1271 1360 1318 1387 καὶ
1336 1359 1384 1386 ἕνα
1399 1359 1445 1386 τὸν
1459 1359 1567 1395 ἀληθῶς
1581 1360 1683 1396 Κύριον
1702 1361 1815 1397 Ἰησοῦν,

1027 1407 1108 1434 τοῦτο
1122 1406 1197 1442 δηλοῖ
1210 1407 1251 1433 ὅτι
1265 1407 1282 1441 ὴ
1296 1406 1404 1433 πάντων
1418 1405 1502 1438 αἰτία,
1520 1407 1567 1433 καὶ
1582 1406 1746 1443 δημιουργὸς
1762 1407 1817 1434 θεό-

1028 1462 1078 1489 της
1093 1453 1163 1480 κατά
1187 1451 1327 1488 μετάδοσιν
1349 1451 1495 1487 ἀμέριστον
1519 1452 1566 1478 καὶ
1586 1452 1751 1480 ἀσκέδαστον
1765 1454 1817 1489 τῆς

1029 1498 1185 1534 ἐπωνυμίας
1195 1498 1244 1533 τῆς
1260 1497 1363 1529 οἰκείας
1379 1497 1506 1534 θεότητος
1520 1499 1567 1525 καὶ
1582 1499 1741 1535 κυριότητος
1753 1501 1817 1532 τοὺς

185 1549 213 1573 et
224 1545 327 1573 domini
341 1545 481 1578 dicuntur,
498 1545 663 1581 produxisse
680 1554 686 1571 :
712 1546 825 1574 minime
841 1549 931 1573 tamen
949 1546 976 1573 in

1029 1545 1188 1581 λεγομένους
1199 1544 1276 1576 θεοὺς
1287 1544 1450 1580 καὶκυρίους
1461 1546 1628 1581 προήγαγεν,
1639 1546 1670 1572 οὐ
1680 1555 1817 1583 κατακερ-

185 1596 281 1628 partes
305 1592 437 1620 deitatqu
462 1591 564 1619 deitate
585 1591 720 1623 discissa.
746 1592 819 1620 sicut
839 1599 936 1620 aurum
950 1593 978 1620 in

184 1638 278 1674 plures
292 1645 435 1671 nummos;
451 1645 540 1673 neque
559 1638 653 1665 multis
664 1638 717 1666 diis
731 1638 792 1673 ejus
807 1639 978 1667 divinitatem

185 1684 397 1720 complentihus,
413 1684 645 1719 quemadmodum
666 1685 758 1712 multa:
771 1686 877 1720 species
892 1693 977 1713 unum

184 1730 335 1763 mundum;
351 1730 398 1758 sed
412 1730 588 1765 multiplicari
598 1730 698 1758 dicitur
716 1730 798 1764 Deus,
816 1739 978 1767 unaquaque

185 1775 376 1810 productionis
398 1783 489 1803 rerum
510 1777 662 1809 voluntate,
682 1777 762 1812 120
780 1777 893 1812 provido
912 1785 975 1812 pro-

187 1829 297 1857 gressu,
311 1822 512 1857 multiplicatus
527 1824 647 1858 quidem.
660 1831 775 1851 manens
787 1827 878 1852 tamen
893 1832 977 1853 unum

186 1867 369 1900 individuum,
379 1868 451 1895 sicut
462 1868 503 1896 sol
518 1869 582 1896 dum
596 1869 689 1903 plures
704 1869 804 1897 emittit
823 1870 978 1903 radios,at-

185 1922 239 1950 que
255 1914 282 1942 in
297 1915 402 1942 unitate
411 1919 554 1949 permanet
566 1924 574 1948 ;
590 1915 691 1943 dicitur
703 1916 777 1943 enim
785 1917 868 1943 etiam
878 1916 912 1944 de
919 1916 977 1944 sole

184 1960 308 1995 iustitiae,
316 1961 441 1996 quotidie
459 1960 576 1992 divisus,
589 1964 616 1988 et
627 1969 683 1988 non
696 1965 891 1996 consumptus;
903 1967 978 1990 recw

186 2010 278 2034 autem
300 2006 402 2034 dicitur
423 2007 451 2034 in
463 2006 530 2042 ipsis
540 2014 650 2041 quoque
661 2006 763 2034 divinis
775 2006 902 2035 fortiores
915 2015 978 2035 esse

185 2052 410 2081 distinctionibus
419 2053 569 2086 unitiones;
577 2053 677 2080 etenim
685 2060 739 2080 non
746 2056 854 2088 oportet
861 2061 923 2081 eum
929 2053 977 2089 qui

185 2107 247 2127 cum
262 2099 367 2134 judicio
382 2099 520 2127 audiendo
534 2099 616 2127 discit
629 2107 691 2127 esse
712 2099 741 2127 in
760 2099 816 2127 Deo
831 2099 975 2133 unitatem,

184 2145 250 2173 dum
266 2146 326 2173 haec
345 2146 432 2178 audit,
451 2145 581 2173 arbitrari
597 2153 657 2174 esse
668 2146 697 2173 in
707 2145 767 2181 ipso
779 2145 974 2180 inﬁrmitatem,

184 2199 274 2226 neque
299 2191 450 2226 simplicem
476 2195 608 2226 tanquam
628 2190 792 2224 invalidum;
818 2191 887 2218 nihil
901 2191 975 2219 enim

183 2237 295 2272 proprie
319 2238 353 2265 de
373 2236 429 2265 Deo
442 2245 457 2264 a
482 2237 563 2265 nobis
578 2238 788 2272 pronuntiatur,
806 2238 880 2273 quod
900 2237 974 2266 illius

184 2283 378 2317 proprietatem
393 2284 526 2319 attingat,
544 2291 632 2318 neque
640 2291 688 2319 per
699 2284 889 2319 privationem,
904 2285 975 2313 sicut

184 2328 355 2361 immortalis,
383 2333 410 2357 et
432 2329 548 2363 similia;
568 2337 657 2365 neque
674 2338 722 2365 per
741 2330 907 2365 positionem
925 2339 973 2359 seu

184 2373 403 2407 allirmationem,
415 2380 445 2402 ut
457 2375 511 2402 vita
530 2376 648 2404 fortasse
661 2380 688 2404 et
702 2384 800 2409 unum;
816 2377 864 2405 sed
881 2385 972 2411 unum,

185 2423 315 2455 tanquam
335 2421 408 2456 quod
429 2428 491 2448 cum
508 2422 584 2450 nullo
600 2423 755 2458 comparari
773 2423 860 2458 possit
881 2422 974 2450 dicen-

184 2466 260 2499 dum,
277 2466 350 2501 quod
363 2467 459 2494 eodem
476 2468 559 2495 modo
572 2476 602 2496 se
617 2468 699 2496 habet
710 2469 738 2496 in
749 2469 784 2497 iis
795 2469 877 2497 etiam
893 2473 974 2496 caete-

183 2519 278 2540 rorum
290 2513 478 2542 subsistentiis
494 2522 555 2549 quae
566 2522 598 2542 ex
609 2514 669 2549 ejus
684 2515 788 2542 unitate
803 2514 915 2541 minime
922 2521 973 2542 ex-

183 2563 268 2593 eunt;
285 2558 354 2587 idem
369 2560 453 2587 etiam
466 2564 559 2587 manet
574 2569 580 2587 :
599 2561 652 2588 etsi
665 2560 791 2588 voluntas
806 2561 835 2588 in
850 2560 972 2595 reliquo—

183 2614 244 2634 rum
269 2606 450 2641 productione
470 2606 555 2634 dividi
577 2607 712 2634 videatur.
733 2607 813 2634 Omni
835 2607 921 2641 igitur
934 2606 974 2634 di-

183 2653 349 2685 stinctione,
370 2652 397 2680 id
420 2656 464 2680 est
487 2657 518 2680 ut
538 2657 638 2680 cuncta
659 2653 793 2681 exsistant
812 2660 969 2688 progressu.

222 2744 230 2764 ι
247 2743 256 2770 l
271 2745 337 2772 Cor.
350 2753 396 2777 xv,
409 2744 455 2772 28.

1030 1591 1207 1627 ματισθείσης
1215 1590 1265 1625 τῆς
1275 1590 1402 1626 θεότητος
1409 1591 1449 1622 είς
1465 1590 1534 1627 μέρη
1545 1591 1689 1627 θεοτήτων,
1701 1592 1739 1623 ὠς
1748 1601 1816 1628 χρυ-

1028 1637 1074 1670 σὸς
1097 1639 1137 1670 είς
1155 1637 1309 1673 νομίσματα
1334 1637 1433 1664 πολλά·
1455 1636 1517 1663 οὔτε
1542 1637 1595 1665 τῶν
1617 1638 1721 1664 πολλῶν
1747 1639 1816 1666 θεῶν

1029 1683 1261 1720 συμπληρούντων
1281 1683 1330 1719 τὴν
1348 1682 1432 1710 αὐτοῦ
1457 1682 1584 1718 θεότητα,
1609 1683 1639 1710 ὃν
1661 1684 1760 1719 τρόπον
1781 1684 1817 1711 τὰ

1027 1731 1113 1758 πολλὰ
1127 1731 1195 1766 εἴδη,
1211 1730 1256 1757 τὸν
1275 1729 1323 1756 ἕνα
1338 1729 1448 1765 κόσμον·
1463 1729 1531 1756 ἀλλά
1541 1729 1720 1765 πληθύνεσθαι
1736 1730 1816 1765 λέγε-

1027 1786 1072 1804 ται
1083 1778 1098 1804 ὁ
1113 1776 1189 1809 Θεὸς,
1207 1776 1246 1812 τῷ
1261 1775 1320 1802 καθ’
1335 1775 1448 1802 ἕκαστον
1464 1776 1504 1807 εἰς
1524 1776 1692 1812 παραγωγὴν
1706 1775 1759 1802 τῶν
1771 1776 1816 1803 ὁν-

1026 1832 1081 1851 των
1093 1822 1251 1859 βουλήματι,
1263 1823 1456 1858 προνοητικαῖς
1468 1822 1601 1858 προόδοις,
1613 1822 1817 1849 πολλαπλασια-

1028 1868 1140 1905 ζόμενος
1150 1869 1210 1904 μὲν,
1225 1869 1312 1904 μένων
1324 1868 1352 1895 δὲ
1363 1866 1465 1904 ἀμερὲς
1474 1867 1504 1895 ἓν
1514 1869 1537 1884 ¹⁰
1552 1868 1647 1904 ὥσπερ
1657 1868 1731 1904 ἥλιος
1738 1869 1816 1895 ἀκτῖ-

1027 1924 1075 1947 νας
1091 1915 1191 1946 πολλὰς
1206 1915 1367 1950 ἐκπέμπων,
1387 1915 1434 1942 καὶ
1456 1915 1543 1950 μένων
1560 1915 1589 1941 ὲν
1605 1916 1638 1950 τῇ
1650 1915 1765 1950 ἑνότητι·
1778 1915 1817 1942 εί-

1029 1970 1108 1997 ρηται
1121 1961 1177 1997 γὰρ
1191 1962 1238 1989 καὶ
1253 1961 1318 1997 περὶ
1333 1961 1380 1988 τοῦ
1394 1961 1469 1996 ἡλίου
1479 1961 1530 1996 τῆς
1538 1961 1720 1996 δικαιοσύνης,
1732 1962 1746 1988 6
1755 1962 1816 1988 καθ’

1027 2007 1133 2044 ἡμέραν
1151 2007 1336 2043 μεριζόμενος,
1351 2007 1398 2034 καὶ
1416 2007 1453 2043 μὴ
1467 2007 1668 2043 δαπανώμενος·
1684 2007 1772 2039 καλῶς
1786 2008 1816 2034 δὲ

1027 2054 1074 2081 καὶ
1090 2054 1135 2081 ἐπὶ
1151 2053 1204 2080 τῶν
1221 2053 1300 2080 θείων
1315 2054 1431 2089 είρηται,
1449 2053 1497 2084 τὰς
1512 2052 1623 2085 ἑνώσεις
1637 2053 1690 2080 τῶν
1709 2054 1816 2089 διακρί-

1028 2109 1097 2127 σεων
1110 2099 1343 2136 ὲπικρατεστέρας
1356 2097 1433 2126 εἶναι·
1450 2099 1496 2126 καὶ
1511 2099 1566 2135 γὰρ
1578 2099 1609 2125 οὐ
1623 2099 1662 2126 δεῖ
1671 2100 1716 2127 τὸν
1724 2108 1817 2126 νουνε-

1027 2145 1082 2181 χῶς
1097 2145 1271 2182 ἀκροώμενον
1288 2145 1352 2181 περὶ
1360 2145 1440 2178 Θεοῦ⁷
1460 2146 1540 2172 ένάδα
1555 2147 1619 2182 περὶ
1636 2146 1718 2173 αὐτοῦ
1734 2147 1819 2174 ἀκού-

1027 2200 1101 2224 οντα,
1114 2193 1237 2219 ὑπονοεῖν
1249 2191 1399 2223 ἀσθένειαν,
1415 2191 1477 2218 οὒτε
1499 2192 1601 2219 ἁπλοῦν
1619 2193 1657 2224 ὡς
1674 2193 1816 2220 ἀδύνατον·

1026 2237 1101 2264 οὐδὲν
1120 2237 1174 2273 γὰρ
1192 2238 1239 2263 ὲπὶ
1258 2236 1325 2264 Θεοῦ
1349 2237 1456 2269 οἰκείως
1471 2239 1535 2274 παρ’
1550 2237 1629 2273 ἡμῶν
1648 2238 1754 2273 λέγεται
1765 2240 1819 2274 τῆς

1027 2283 1155 2318 ἰδιότητος
1175 2284 1281 2319 ἐκείνης
1295 2283 1498 2318 ὲφικνούμενον,
1513 2283 1575 2310 οὒτε
1592 2284 1661 2311 κατά
1677 2284 1816 2321 στέρησιν,

1025 2330 1063 2362 ὡς
1076 2329 1234 2363 ἀθάνατος,
1249 2330 1297 2356 καὶ
1309 2329 1343 2356 τὰ
1356 2329 1446 2365 ὃμοια·
1462 2329 1524 2356 οὔτε
1535 2329 1603 2356 κατὰ
1616 2329 1699 2362 θέσιν,
1711 2331 1748 2361 ὡς
1759 2330 1817 2365 ζωὴ

1025 2377 1105 2412 τυχὸν
1114 2376 1201 2404 καὶτὸ
1213 2375 1258 2409 ἐν,
1270 2375 1338 2402 ἀλλά
1351 2375 1381 2402 τὸ
1388 2375 1432 2408 ἓν,
1443 2375 1480 2407 ὡς
1489 2376 1571 2402 πᾶσιν
1583 2376 1755 2412 ἀσύμϐλητον
1767 2378 1820 2412 ρη-

1024 2423 1095 2457 τέον,
1102 2423 1171 2459 ὅπερ
1179 2423 1309 2454 ὡσαύτως
1317 2422 1373 2457 ἔχει
1383 2423 1430 2449 καὶ
1443 2423 1472 2449 ὲν
1488 2424 1548 2454 ταῖς
1557 2423 1760 2458 ἀνεκφοιτήτοις
1766 2424 1820 2458 τῆς

1023 2470 1127 2501 οἰκείας
1138 2468 1230 2500 ὲνάδος
1237 2468 1291 2495 τῶν
1299 2467 1400 2495 λοιπῶν
1408 2467 1583 2495 ὑποστάσεσι·
1597 2469 1671 2504 μένει
1679 2468 1733 2504 γὰρ
1742 2469 1756 2495 6
1765 2469 1819 2495 αὐ-

1023 2516 1078 2547 τὸς,
1089 2515 1140 2542 κᾶν
1152 2515 1183 2541 τὸ
1193 2514 1272 2550 βούλη
1277 2523 1314 2550 μα
1321 2514 1387 2550 δοκῇ
1395 2514 1579 2550 διακρίνεσθαι
1587 2515 1626 2546 εἰς
1635 2515 1684 2550 τὴν
1697 2515 1750 2541 τῶν
1758 2514 1820 2541 λοι-

1024 2561 1083 2588 πῶν
1091 2560 1370 2596 παραγωγήν.1]ἀσης
1383 2558 1429 2586 οὖν
1443 2559 1760 2596 διακρίσεως,τουτέστιν
1775 2562 1822 2593 εἰς

1023 2607 1053 2634 τὸ
1062 2605 1129 2634 εἶναι
1140 2607 1175 2634 τὰ
1189 2607 1277 2634 πάντα
1287 2606 1415 2642 παρόδου.
1424 2606 1555 2641 Προαιτία
1569 2607 1598 2633 δὲ
1610 2607 1657 2634 καί⁸
1670 2608 1821 2642 ἐπικρατε-

1025 2653 1108 2689 στέρα
1121 2654 1137 2688 ὴ
1152 2653 1198 2680 τοῦ
1211 2652 1279 2679 Θεοῦ
1293 2652 1440 2687 ἀμέριστος
1455 2652 1527 2684 ὲνάς.
1542 2653 1603 2680 Ἐπὶ
1610 2653 1638 2679 δὲ
1652 2653 1705 2680 τῶν
1719 2653 1822 2688 αἰσθη-

665 2799 782 2827 VABUE
801 2799 996 2827 LECTIONES
1012 2799 1057 2827 ET
1073 2800 1350 2828 CORRECTIONES.

216 2889 237 2904 ¹⁸
249 2898 293 2924 γο.
312 2889 364 2924 ἔφη
385 2889 436 2915 ὅτι.
473 2889 494 2904 "
511 2896 556 2924 γρ.
570 2887 657 2924 ἀληθῆ
673 2889 739 2917 Θεὸν
751 2913 757 2923 ,
778 2889 886 2917 ιίατέοα
903 2890 948 2916 καὶ
960 2889 1024 2915 Υἱὺν
1040 2889 1086 2916 καὶ
1100 2889 1177 2924 am»
1197 2888 1318 2924 Πνεῦμα.
1353 2889 1376 2904 ’⁸
1392 2897 1438 2924 γρ.
1452 2890 1542 2924 μένειν
1557 2890 1585 2917 δὲ
1602 2889 1755 2924 ἀμερίστως
1770 2889 1816 2918 ἓν.
