1926 3062
112 232 165 261 235

475 232 503 259 δ.
522 229 645 259 MAMMI
666 228 812 261 SCHOLIA
832 228 865 260 ΙΝ
884 227 948 259 LIB.
965 228 1010 257 DE
1027 226 1153 258 DIVINIS
1171 226 1368 259 NOMINIBUS,

1682 229 1736 260 ΞΜ

111 289 165 315 τῶν
179 287 210 315 τὸ
225 288 353 315 ὲναδτίον·
373 288 432 315 οὐδὲ
448 288 504 325 γὰρ
520 289 610 316 αὐτῶν
624 290 698 317 ἐστιν
712 290 786 323 ένὰς,
801 290 862 318 ἀλλ’
873 290 896 318 αἱ

953 287 1046 316 Prima
1058 295 1123 316 vero
1135 295 1218 316 causa
1230 292 1272 316 est
1284 293 1311 316 et
1323 287 1517 324 potentissima
1533 288 1674 316 individua
1690 288 1736 317 Del

110 336 259 372 διακρίσεις
272 335 326 363 τῶν
341 336 491 371 στοιχείων,
506 336 689 372 προῦποῦσαι,
699 338 844 374 σύνδρομοι
857 346 899 372 γι-

110 383 221 419 νόμεναι
244 383 291 410 καὶ
310 380 463 419 ἑνούμεναι,
478 382 607 419 δευτέρας
625 383 675 416 τὰς
695 384 727 411 ὲκ
741 384 790 420 τῆς
806 384 899 411 συνθέ-

111 437 179 462 σεως
187 430 297 462 ἑνώσεις
311 429 481 466 ἐργάζονταισ
493 431 540 457 ὲπὶ
547 430 576 457 δὲ
592 430 646 457 τῶν
655 430 734 458 θείων
742 431 791 467 οὐχ
801 430 897 463 οὕτως·

109 476 156 502 ἐπὶ
172 475 262 502 αὐτῶν
276 475 330 512 γὰρ
346 475 506 512 προῡποῦσα
526 477 542 511 ἡ
567 475 664 508 ἕνωσις
685 477 735 510 τὰς
750 476 900 514 διακρίσεις

110 521 257 557 βουλήματι
267 521 394 558 δευτέρας
405 523 484 549 ποιεῖ.

143 645 198 673 Καὶ
211 647 286 681 μετά
306 645 364 680 τὴν
379 646 433 673 τοῦ
453 645 530 679 ἑνός.
555 645 681 679 Ἑνώσεις
710 648 760 684 μὲν
777 649 823 676 ἐπὶ
844 649 899 676 τῶν

108 691 188 719 θείων
198 692 220 708 ¹¹
237 691 328 728 φησὶν,
344 692 402 728 ἦτοι
416 692 450 719 τὰ
464 690 572 725 ἐνιαίως
583 701 613 720 τε
625 694 672 721 καὶ
686 694 836 730 μοναδικῶς
853 693 900 723 ἐπὶ

106 739 158 774 ’τῆς
172 739 297 774 θεότητος
311 738 494 774 θεωρούμενα,
508 738 573 766 ἄνευ
588 747 620 774 γε
635 739 734 776 δηλαδὴ
744 737 782 767 ὧν
792 743 899 777 προῦπ-

107 786 245 813 εστείλατο
260 785 397 821 ίδιοτήτων
407 805 414 818 ,
429 785 551 812 τουτέστι
566 785 746 823 πατρότητος,
762 787 897 824 υἱότητος,

106 833 154 859 καὶ
169 832 218 867 τῆς
235 832 267 858 ὲκ
277 831 324 858 τοῦ
339 830 444 867 Πατρὸς
457 831 615 867 Πνεύματος
630 830 826 869 ὲκπορεύσεως·
845 834 900 862 δια-

106 878 212 914 κρίσεις
221 875 260 910 at,
275 876 307 905 τὸ
329 877 414 905 πολλὰ
434 876 502 905 εἶναι
525 878 559 905 τὰ
571 879 626 906 τῶν
649 879 729 907 θείων
752 880 899 916 μετέχοντα

105 925 228 961 δωρεῶν·
248 924 470 961 προόιατάρχουσι
493 925 582 952 τοίνυν
599 926 645 953 καὶ
662 927 840 963 ἐπικρατοῦσι
863 928 898 955 τὰ

105 971 161 998 τῶν
175 971 306 998 ένώσεωνδ
318 971 350 998 οὐ
363 972 418 1007 γὰρ
431 972 464 999 ὲκ
481 971 535 1000 τῶν
550 972 655 1000 πολλῶν
669 973 787 1010 συνήχθη
798 974 833 1002 τὰ
848 974 898 1011 τῆς

108 1018 173 1053 μιᾶς
186 1017 312 1053 θεότητος
332 1017 380 1045 καὶ
396 1017 574 1054 κυριότητος,
595 1018 662 1046 ἀλλὰ
677 1019 710 1046 ὲκ
731 1019 779 1047 τοῦ
797 1016 899 1057 ταύτης

108 1063 263 1099 μοναδικοῦ,
275 1060 289 1090 δ
302 1064 332 1090 ὲν
348 1063 462 1096 ἐκείνοις
478 1063 638 1101 πληθυσμδς
647 1065 797 1102 θεωρεῖται.

341 1121 396 1148 ΕΙΣ
421 1121 466 1149 ΤΟ
487 1121 613 1149 ΚΕΦΛΛ.
634 1122 675 1150 l'".

142 1167 157 1203 ᾗ
171 1168 192 1194 l.
211 1166 271 1202 Τὴν
285 1164 500 1203 ὰγαθαρχικήν.
519 1167 575 1204 Τὴν
589 1168 711 1204 ἀρχηγὸν
723 1168 815 1205 πάσης
828 1169 898 1204 ἀγα..

106 1210 229 1250 θότητος.

143 1261 185 1287 οὺ
202 1256 300 1287 πάντα
319 1259 364 1287 δέ.
386 1260 449 1292 Πῶς
473 1260 504 1287 οὐ
528 1260 618 1287 πάντα
641 1261 758 1297 πάρεστι
772 1262 811 1298 τῷ
827 1263 897 1299 Θεῷ,

105 1307 174 1343 φησι
196 1306 246 1342 μὲν
265 1307 312 1333 καὶ
336 1304 417 1338 αὐτὸς
429 1327 436 1339 ,
455 1307 563 1342 νοήσεις
580 1306 609 1333 δὲ
625 1307 692 1334 αὐτὸ
712 1307 760 1334 καὶ
775 1309 807 1335 ἐκ
824 1308 897 1336 θείου

104 1351 241 1389 χρησμοῦ·
265 1351 416 1388 Fry-(tmte
431 1353 507 1387 πρὸς
519 1351 568 1388 μὲ,
586 1353 634 1380 καὶ
649 1353 707 1388 ἐγὼ
719 1353 807 1389 trra?)
823 1355 898 1390 πρὸς

103 1397 194 1433 ὑμᾶς,
212 1398 287 1433 λέγει
302 1398 414 1435 Κύριος,

147 1443 239 1479 Ἠμᾶς
265 1444 323 1472 οὖν
342 1445 462 1478 αὐτούς.
483 1442 640 1481 Σημείωσαι
655 1446 696 1473 ὅτι
709 1444 726 1483 ή
741 1446 808 1484 εὐχὴ
822 1448 898 1484 ἡμᾶς

103 1489 201 1525 ἀνάγει
224 1489 294 1526 πρὸς
312 1489 358 1517 τὸν
380 1490 457 1523 Θεὸν,
473 1491 524 1518 οὐκ
544 1491 625 1518 αὐτὸν
637 1489 706 1528 πρὸς
717 1491 792 1528 ἡμᾶς
813 1493 898 1521 κατά-

104 1543 165 1570 γει·
187 1535 338 1572 σημείωσαι
362 1536 392 1564 δὲ
421 1537 469 1564 καὶ
500 1537 536 1564 τὰ
566 1536 778 1574 παραδείγματα
810 1539 897 1576 ὡραῖα

105 1582 182 1610 ὂντα.

949 335 1054 363 unitas.
1073 334 1103 362 ln
1129 335 1277 363 sensilibus
1309 339 1400 363 autem
1428 335 1597 363 contrarium
1617 336 1736 370 accidit;

949 381 1025 408 nuila
1037 380 1111 408 enim
1127 381 1156 408 in
1168 381 1236 416 ipsis
1251 381 1353 415 unitas,
1372 381 1422 409 sed
1432 381 1738 417 prasubsistenteselev

949 431 1103 455 memorum
1119 426 1324 460 distinctiones,
1340 428 1405 456 dum
1417 432 1587 456 concurrunt
1601 432 1629 456 et
1641 429 1739 456 uniun¢

949 477 1004 506 tur,
1016 473 1129 501 alteram
1144 481 1179 501 ex
1190 474 1390 510 compositione
1404 475 1557 503 unitionem
1567 480 1718 511 operantur
1729 482 1736 492 '

948 520 977 548 in
991 520 1091 548 divinis
1102 527 1168 548 vero
1181 520 1261 548 aliter
1280 528 1310 549 se
1329 528 1374 549 res
1394 521 1493 555 habet;
1514 529 1577 549 nam
1590 522 1738 557 praesubsi-

949 569 1025 595 stans
1041 567 1069 594 in
1094 566 1163 602 ipsis
1183 566 1271 594 unitio
1290 567 1457 602 posteriores
1470 567 1662 596 distinctiones
1687 576 1737 596 voc

949 612 1054 640 luntate
1068 615 1208 648 operatur.

985 658 1075 686 Etiam
1088 663 1146 694 post
1164 659 1255 687 unius.
1268 657 1412 687 Unitiones
1427 659 1537 695 quidem
1550 659 1578 687 in
1589 660 1689 688 divinis
1697 660 1739 687 dio

948 704 997 737 cit,
1015 712 1063 732 seu
1074 712 1135 740 quae
1149 704 1230 732 unice
1242 708 1270 732 et
1282 704 1404 732 solitario
1420 705 1448 732 in
1467 705 1609 733 divinitate
1628 706 1739 741 conspi-

948 750 1070 783 ciuntur,
1091 757 1123 778 ea
1142 750 1248 778 scilicet
1266 750 1327 778 sine
1343 750 1446 785 quibus
1469 750 1547 785 prius
1569 751 1738 779 contractior

949 796 1039 824 fuerat
1050 796 1277 831 proprietatibus,
1295 795 1323 823 id
1336 800 1379 824 est
1398 796 1575 831 paternitate.
1593 797 1736 830 iiliatione.

948 845 976 871 et
990 842 1110 878 Spiritus
1123 842 1222 875 sancti,
1239 844 1272 869 ὲκ
1287 842 1334 870 τοῦ
1347 842 1463 878 Πατρός,
1474 850 1508 870 ex
1521 842 1613 876 Patre,
1629 851 1739 879 proces-

949 888 1245 923 sione;distinctiones
1260 894 1362 922 autem.
1377 889 1442 924 quia
1458 889 1543 916 multa
1554 894 1619 917 sunt
1633 897 1693 924 quae
1700 891 1739 918 di-

948 935 1014 963 vina
1031 935 1198 971 participant
1212 942 1348 969 munera;
1364 935 1503 963 unitiones
1516 943 1582 971 ergo
1597 936 1739 971 prtedomi-

949 985 1051 1009 uantur
1064 985 1092 1009 et
1105 982 1220 1009 vincunt
1232 990 1240 1015 ;
1254 989 1306 1010 nec
1317 981 1391 1009 enim
1409 989 1464 1009 una
1474 981 1562 1010 deitas
1575 986 1602 1010 et
1615 986 1737 1017 potestas

948 1034 982 1056 ex
999 1028 1092 1056 multis
1109 1027 1227 1056 conﬂata
1242 1032 1300 1062 est;
1315 1027 1362 1056 sed
1376 1035 1409 1056 ex
1425 1027 1508 1063 hujus
1522 1027 1715 1064 singularitate
1727 1046 1736 1061 ,

949 1081 1010 1109 qua:
1025 1075 1053 1102 in
1067 1074 1124 1104 illis
1139 1074 1276 1110 reperitur
1289 1074 1438 1102 multitudo
1447 1073 1650 1102 consideratur.

1252 1131 1287 1159 IN
1303 1131 1381 1160 CAP.
1401 1131 1444 1160 Ill.

984 1179 998 1215 ς
1012 1177 1033 1206 Ι.
1050 1178 1116 1212 Quae
1131 1179 1191 1206 boni
1204 1179 1361 1214 principium
1370 1184 1418 1206 est.
1428 1178 1502 1208 Fons
1511 1179 1642 1207 nimirum
1653 1180 1737 1207 totius

948 1224 1083 1252 bonitatis
1095 1228 1177 1260 atque
1190 1224 1365 1260 principium.

986 1269 1050 1297 Non
1064 1275 1151 1297 tamen
1174 1271 1273 1298 omnia.
1290 1269 1349 1304 Qua
1364 1271 1472 1299 ratione
1484 1278 1539 1300 nan
1554 1272 1646 1300 omnia
1668 1279 1738 1308 νικά

948 1317 1036 1344 sentia
1057 1317 1112 1346 sint
1131 1316 1202 1350 Deo,
1217 1321 1244 1345 et
1259 1318 1317 1353 ipse
1330 1318 1406 1350 dicit,
1422 1322 1450 1346 et
1466 1319 1534 1346 illud
1552 1319 1641 1354 ipsum
1656 1319 1738 1348 facile

947 1370 1033 1398 queas
1044 1371 1077 1391 ex
1092 1364 1204 1392 oraculo
1215 1364 1308 1392 divino
1323 1366 1475 1401 percipere.
1495 1365 1616 1394 Accedite
1633 1366 1669 1394 ad
1685 1374 1736 1400 me,

946 1413 972 1435 et
982 1417 1028 1444 ego
1043 1410 1168 1437 accedam
1183 1410 1217 1438 ad
1229 1419 1284 1444 vos,
1299 1411 1366 1439 dicit
1380 1411 1524 1440 Dominus.

984 1454 1061 1489 121
1078 1454 1136 1483 Nos
1145 1456 1228 1491 igitur
1241 1456 1323 1492 ipsos.
1342 1456 1536 1485 Animadverte
1550 1457 1623 1493 quod
1648 1458 1738 1486 oratio

948 1508 1000 1529 nos
1027 1501 1062 1528 ad
1085 1500 1170 1530 Deum
1196 1502 1304 1536 evehit,
1331 1511 1387 1531 non
1411 1503 1502 1539 ipsum
1521 1507 1613 1531 autem
1630 1504 1664 1532 ad
1685 1510 1736 1533 nos

950 1547 1078 1577 deducit:
1095 1548 1178 1576 simul
1191 1553 1218 1577 et
1229 1549 1414 1585 pulcherrima
1427 1550 1551 1586 exempla
1565 1550 1610 1578 hic
1622 1555 1696 1578 nota.

141 1629 323 1664 Πολυφώτου
349 1629 462 1664 σειρᾶς.
487 1630 585 1662 Καλῶς
607 1628 758 1658 ἀπείκασεν
783 1631 896 1668 οὐρανίᾳ

984 1625 1191 1654 Lucidiuimam
1215 1632 1347 1656 catenam.
1376 1627 1491 1664 Egregie
1509 1628 1663 1657 orationem
1686 1636 1737 1657 no-

105 1676 186 1711 σειρᾷ
202 1675 251 1711 τὴν
270 1675 331 1703 καθ’
342 1676 416 1712 ἡμᾶς
437 1677 604 1712 προσευχήν.
633 1677 738 1713 ’Ὠσπερ
753 1678 808 1713 γὰρ
824 1679 839 1704 ὁ
854 1679 896 1710 εἰς

104 1720 171 1756 ὕψος
184 1721 298 1758 οὖρανοῦ
313 1722 416 1750 ἀνιέναι
428 1722 513 1750 θέλων
528 1723 718 1758 ἐπιδράττεται
732 1726 793 1756 ταῖς
803 1724 895 1761 χερσὶν

105 1768 225 1804 ίσχυρῶς
236 1768 285 1804 τῆς
300 1769 405 1804 σχοίνου
415 1767 528 1805 ταύτης.

140 1858 325 1894 Πεισμάτων.
342 1859 480 1895 Σχοινίων.

141 1905 202 1940 Τὴν
211 1905 381 1940 ἁπανταχῇ
394 1905 457 1938 Πῶς
467 1906 607 1942 πανταχοῦ
619 1907 745 1944 πάρεστι,
757 1909 805 1935 καὶ
818 1909 896 1936 οὐδαι

105 1950 158 1986 μοῦ
174 1952 189 1978 6
203 1951 279 1984 Θεὸς,
304 1951 412 1988 εἴρηται
433 1952 499 1988 ἡμῖν
514 1953 643 1990 ἀνωτέρω
662 1954 692 1981 ὲν
708 1955 743 1990 τῇ
766 1954 895 1991 ἐξηγήσει

103 1994 166 2034 ἧςὴ
182 1997 364 2034 ἁρχὴ,Θέσιν
379 1999 475 2033 φασιν
486 2001 514 2027 οι
524 2000 695 2035 φιλόσοφοι.
707 2001 812 2038 Ὠσπερ
821 2000 868 2029 οὖν
881 2003 896 2030 ὁ

103 2043 176 2071 κατὰ
188 2043 284 2081 μικρὸν
298 2044 394 2072 ἑαυτὸν
411 2046 460 2082 τῆς
474 2046 527 2082 γῆς
540 2046 676 2082 κουφίζων
687 2048 747 2080 ταῖς
761 2049 839 2084 χερσὶ
854 2049 897 2076 δο-

105 2091 149 2116 κεῖ
170 2090 220 2125 μὲν
241 2091 384 2118 καθέλκειν
397 2091 448 2127 τὴν
468 2092 572 2128 σειρὰν,
588 2090 669 2125 αὐτὸς
682 2093 711 2120 δὲ
726 2092 896 2130 [κουφίζεται

105 2135 166 2172 καὶ]
193 2137 260 2172 πρὸς
281 2137 348 2173 ὕψος
366 2138 473 2174 αῐρεται
486 2139 520 2175 τῇ
544 2139 616 2166 κατὰ
637 2139 736 2176 μικρὸν
755 2141 895 2174 ἀναϐάσει,

103 2181 230 2209 οὕτωκαὶ
239 2183 253 2208 ὁ
262 2183 380 2216 ὶκτενῶς
400 2185 618 2221 προσευχόμενος
632 2185 675 2213 διὰ
690 2186 744 2213 τῶν
759 2186 894 2221 πράξεων,

103 2226 139 2258 ἃς
148 2227 162 2254 ὁ
175 2227 253 2262 λόγος
262 2229 356 2264 χεῖρας
366 2229 454 2262 καλεῖ,
468 2231 502 2266 τῇ
519 2230 590 2257 κατὰ
602 2230 700 2266 μικρὸν
710 2232 827 2268 ἐργασίᾳ
848 2232 897 2259 καὶ

104 2275 245 2310 προσευχῇ
256 2274 302 2301 τὸν
317 2275 380 2302 νοῦν
393 2275 476 2303 αὐτοῦ
491 2277 560 2308 ποὺς
570 2276 636 2304 Θεὸν
649 2277 746 2313 ἀνυψοϊ
756 2287 763 2293 ·
779 2277 827 2305 ἐὰν
835 2279 858 2294 ’⁸
868 2278 897 2305 δὲ

953 1674 1039 1702 stram
1047 1681 1109 1702 cum
1116 1674 1221 1704 caelesti
1231 1677 1329 1702 catena
1343 1681 1390 1702 seu
1405 1673 1470 1702 tuine
1483 1676 1661 1710 comparavit.
1680 1675 1737 1704 lino

947 1717 1029 1745 modo
1050 1719 1124 1746 enim
1144 1720 1192 1754 qui
1206 1719 1241 1747 ad
1265 1727 1402 1747 summum
1424 1720 1487 1749 caeli
1506 1720 1644 1757 fastigium
1661 1722 1738 1750 adire

947 1765 1017 1797 vult,
1045 1764 1234 1793 ﬁrmissimum
1261 1765 1335 1793 hunc
1360 1766 1454 1794 funem
1477 1767 1606 1795 manibus
1619 1771 1693 1796 tenet
1709 1771 1736 1795 et

947 1810 1147 1846 complectitur.

982 1855 1129 1896 ﬂuitantes,
1139 1855 1187 1884 Gr.
1203 1857 1372 1893 πεισμάτων.
1390 1857 1481 1887 Funes
1496 1859 1634 1896 intelligit.

985 1887 1096 1938 ﬁliique.
1110 1887 1236 1936 (iuonam
1248 1887 1330 1931 modo
1343 1904 1444 1940 ubique
1457 1905 1545 1938 adest,
1560 1887 1735 1942 etvnusquaul

947 1954 989 1978 est
1002 1957 1124 1985 praesens
1148 1949 1231 1982 Deus.
1252 1951 1381 1986 superius
1396 1959 1412 1979 a
1427 1952 1508 1980 nobis
1533 1952 1636 1980 dictum
1651 1957 1694 1982 est
1707 1954 1735 1981 in

948 1996 1120 2031 expositione
1125 1996 1206 2031 cuius
1213 1996 1321 2024 initium
1328 2001 1380 2030 est,
1388 1997 1550 2026 Ροεὶιίοιιεηι
1561 2007 1609 2027 seu
1616 1999 1736 2027 allirma-

948 2042 1051 2070 tionem
1065 2042 1198 2077 appellant
1216 2043 1374 2079 philosophi.
1396 2044 1633 2078 Quemadmodum
1650 2046 1736 2081 igitur

948 2088 996 2124 qui
1011 2089 1122 2124 paulum
1138 2096 1199 2117 sese
1213 2097 1229 2116 a
1242 2094 1314 2117 terra
1328 2091 1457 2118 manibus
1473 2091 1609 2124 sublevat,
1627 2091 1736 2120 videtur

947 2135 1058 2170 quidem
1065 2135 1157 2163 funem
1170 2136 1318 2168 attrahere.
1328 2136 1376 2164 sed
1391 2137 1449 2172 ipse
1463 2138 1554 2173 potius
1565 2137 1736 2174 [sublevatur

947 2180 984 2217 et]
996 2188 1112 2209 ascensu
1120 2181 1148 2208 in
1155 2181 1238 2209 altum
1252 2183 1354 2210 sensim
1364 2183 1514 2210 attollitur:
1524 2183 1565 2211 sic
1573 2183 1620 2219 qui
1633 2183 1737 2212 intente

947 2226 1176 2263 vehementerque
1186 2232 1248 2256 orat
1263 2236 1310 2263 per
1324 2228 1449 2257 laudatas
1458 2229 1591 2261 actiones,
1601 2237 1670 2265 quas
1677 2229 1735 2258 haec

948 2272 1098 2308 disputatio
1118 2281 1218 2302 manus
1232 2278 1325 2307 vocat,
1341 2275 1474 2310 paulatim
1500 2275 1559 2310 ipsa
1576 2277 1736 2311 operatione

102 2319 155 2351 τὰς
169 2321 263 2356 χεῖρας
278 2320 458 2358 ἀπολύσωμεν
477 2323 528 2359 τῆς
549 2324 652 2359 σειρᾶς,
668 2325 715 2351 καὶ
730 2324 767 2360 μὴ
783 2325 893 2360 φροντί-

952 2324 975 2348 et
988 2320 1113 2359 orlatione
1132 2324 1250 2349 mentem
1263 2321 1298 2348 ad
1315 2321 1399 2349 Deum
1411 2329 1490 2350 suam
1508 2322 1595 2350 elevat
1606 2323 1634 2350 in
1649 2324 1737 2352 subli-

104 2374 198 2401 σωμεν
217 2367 266 2402 τῆς
287 2367 334 2394 ἐπὶ
353 2367 387 2395 τὰ
409 2368 466 2396 ἂνω
490 2370 587 2405 φορᾶς,
602 2369 738 2406 πίπτομεν
751 2370 782 2403 ἐξ
801 2369 894 2406 ὕψους.

102 2412 142 2439 Τὸ
157 2410 222 2439 αὐτὸ
243 2413 291 2440 καὶ
313 2414 377 2450 περὶ
396 2414 448 2450 τῆς
462 2414 536 2452 νηὸς,
553 2416 597 2444 ἴνα
609 2418 750 2453 νοήσωμεν
764 2418 830 2445 ναῦν
845 2417 896 2454 τὴν

101 2458 172 2494 ἡμῖν
187 2458 306 2486 διάνοιαν
333 2460 511 2498 ριπιζομένην
533 2464 590 2495 τοῖς
612 2463 660 2490 τοῦ
688 2463 748 2500 βίου
767 2465 894 2501 ἀνέμοιςο

102 2504 242 2532 Θάλασσαν
259 2505 288 2532 δὲ
302 2504 348 2533 τὸν
363 2507 419 2542 βίον
440 2505 487 2535 τὸν
515 2509 635 2545 γέμοντα
657 2509 762 2538 πολλῶν
791 2511 895 2548 χειμώο

101 2557 175 2577 νωνο
199 2551 302 2587 πέτραν
325 2552 354 2579 δὲ
379 2553 426 2581 τὸν
448 2555 575 2591 Χριστὸν,
599 2556 629 2583 ὃν
653 2557 815 2593 κρατοῦντες
828 2558 896 2586 ἀσά-

101 2595 194 2623 λευτοι
219 2597 383 2634 διαμένομεν
401 2598 471 2636 πρὸς
493 2600 583 2635 αὐτὸν,
603 2600 650 2629 τὸν
678 2602 736 2638 βίον
757 2603 835 2639 ἡμῶν
850 2604 895 2630 ἓλ-

102 2650 209 2674 κοντες.

143 2778 199 2806 Τοῦ
213 2780 345 2808 κλεινοῦ.
369 2781 497 2815 Ἐνδόξου.

947 2373 999 2393 me.
1014 2364 1063 2393 Sin
1072 2373 1138 2394 vero
1153 2373 1251 2394 manus
1266 2374 1282 2394 a
1292 2366 1357 2395 fune
1366 2368 1541 2400 remittimus.
1554 2376 1643 2404 neque
1661 2369 1736 2398 illius

946 2418 1009 2447 quae
1024 2419 1134 2440 sursum
1149 2411 1179 2439 ﬁt
1197 2413 1328 2441 motionis
1347 2420 1442 2441 curam
1465 2413 1608 2448 habemus,
1632 2422 1666 2443 ex
1680 2415 1737 2443 alto

946 2457 1101 2494 praecipites
1115 2458 1231 2487 ruimus.
1255 2458 1351 2487 Simile
1364 2459 1432 2487 illud
1443 2463 1486 2488 est
1499 2460 1533 2489 de
1548 2468 1627 2493 nave,
1646 2465 1677 2489 ut
1693 2462 1736 2489 ina

947 2503 1103 2539 teliigamus
1118 2511 1215 2532 navem
1227 2511 1288 2533 esse
1303 2509 1427 2534 nostram
1453 2510 1572 2536 mentem
1587 2512 1614 2535 et
1630 2509 1737 2544 cogita-

946 2548 1050 2576 tionem
1065 2547 1161 2576 ﬂabris
1182 2549 1266 2585 hujus
1280 2551 1343 2578 vita!
1363 2551 1514 2586 jactatam;
1530 2560 1605 2582 mare
1631 2558 1734 2588 autem,

945 2593 1030 2621 vitam
1061 2595 1157 2624 multis
1179 2597 1391 2632 tempestatibus
1417 2598 1618 2634 abundantem;
1638 2607 1734 2636 rupem

946 2646 1008 2667 esse
1032 2639 1184 2674 Christum,
1210 2650 1292 2678 quem
1318 2647 1454 2677 tenentes,
1471 2643 1578 2672 immoti
1605 2649 1632 2673 et
1659 2650 1735 2673 tran-

946 2685 1024 2720 quilli
1053 2686 1087 2714 ad
1110 2687 1201 2723 ipsum
1225 2689 1447 2724 adhaerescimus,
1472 2691 1557 2719 vitam
1577 2691 1604 2718 in
1625 2696 1733 2727 portum

946 2731 1099 2760 trahentes.

983 2776 1091 2814 lnclyti.
1112 2778 1195 2808 Fama
1212 2782 1341 2810 nimirum
1355 2783 1497 2819 gloriaque
1516 2783 1640 2811 illustris.

581 2872 699 2901 VARIE
717 2872 910 2905 LECTIONES
927 2878 971 2907 ET
987 2878 1264 2909 CORRECTIONES.

157 2959 180 2976 ⁸⁸
195 2958 245 2995 τῆς
258 2961 393 2998 θεότητος.
427 2964 449 2979 "
465 2964 625 2999 ἀναλέγεται
643 2966 710 3001 πρὸς
725 2963 792 2994 Θεόν
803 2976 810 2984 ·
829 2968 888 2995 ἐάν,

226 3009 362 3041 Ριτιιοι..
387 3011 445 3042 Gn.
464 3011 515 3042 ιγ,
