1926 3062
135 207 188 236 357

508 209 536 236 S.
555 208 680 236 MAXIM]
700 207 848 237 SCHOLIA
867 207 900 235 lN
919 207 984 236 LIB.
1005 206 1049 234 DE
1068 206 1194 235 DIVINIS
1211 206 1411 236 NOMINIBUS.

1696 210 1751 238 238

124 266 372 303 ἀπροπαράσκευον
397 265 484 301 πάντη
509 266 558 301 τῆς
579 265 643 301 ὅλης
672 265 755 293 αὐτοῦ
782 265 906 301 ὲνσάρκοι

966 265 1148 300 perrimorum
1172 264 1349 299 piscatorum,
1379 266 1451 300 quod
1474 265 1534 294 sine
1560 268 1633 293 tecto
1657 265 1750 296 fuerit.

124 313 209 348 ζωῆς,
223 312 268 338 τὸν
279 311 374 347 ἄτιμον
385 311 432 338 ἐπὶ
448 311 564 346 σταυροῦ
575 311 689 338 θάνατον
702 311 912 347 (Ἐπικατάρα-

123 367 175 391 τος
191 359 246 393 γὰρ
261 358 320 390 πᾶς
334 359 351 385 ὁ
375 357 557 392 κρεμάμενος
576 357 626 384 ἐπὶ
646 357 769 393 ξύλου),
784 358 833 393 τὴν
845 357 913 393 μετὰ

124 406 179 432 τῶν
193 405 354 440 κακούργων
370 404 475 440 λῃστῶν
496 404 703 440 συναρίθμησιν,
726 404 775 436 τὰς
787 404 912 440 διαπερο-

124 452 216 487 νήσεις
238 451 293 477 τῶν
315 451 398 486 ἥλων,
421 451 471 486 τὴν
498 450 542 477 διὰ
564 451 613 485 τῆς
643 450 742 486 λόγχης
766 450 839 483 νύξιν
863 450 912 485 τῆς

124 498 254 534 πλευρᾶς,
271 497 307 524 τὰ
329 498 498 533 ῥαπίσματα,
515 496 550 523 τὰ
576 497 769 532 ὲμπτύσματα,
786 497 817 523 τὸ
841 496 910 529 ὅξος,

123 544 172 580 τὴν
188 543 278 579 χολὴν,
292 544 337 570 τὸν
351 543 494 570 ἀκάνθινον
509 543 648 578 στέφανον,
660 544 722 574 τοὺς
730 543 911 578 διαπαιγμοὺς

122 591 170 616 καὶ
183 590 390 624 διαγελασμοὺς,
410 589 459 621 τὰς
473 590 676 625 γονυπετήσας,
690 589 740 625 τὴν
756 589 911 616 εὐτελεστά-

122 645 172 671 την
186 635 295 671 κηδείαν
310 644 340 662 τε
354 636 401 662 καὶ
414 636 511 672 ταφήν.
530 635 615 661 Τοῦτο
638 635 669 661 τὸ
692 635 791 662 ὡσανεὶ
820 636 910 671 μωρὸν

122 683 169 709 καὶ
183 683 294 714 ἀσθενὲς
303 682 350 708 τοῦ
365 681 442 714 Θεοῦ,
454 681 492 717 τῷ
506 681 578 717 λόγῳ
593 682 641 717 τῆς
652 682 810 717 οἰκονομίας
823 682 911 716 σοφώ-

121 737 200 764 τερον
223 728 269 755 xui.
292 728 463 764 ἰσχυρότερον
486 728 658 762 ἀσυγκρίτως
671 727 725 754 τῶν
749 727 908 764 ἀνθρώπων,

121 776 155 810 τῇ
167 774 348 810 ὑπερδυνάμῳ
361 775 408 801 καὶ
418 774 563 810 ὑπερσόφῳ
578 774 715 809 ὲκνικήσει
731 774 777 800 τοῦ
793 774 911 809 κρείττο-

104 810 111 815 1
121 829 166 851 νος
179 820 345 856 διαπρυσίως
369 820 524 856 ἀπεδείχθη,
539 820 684 855 ἀφθέγκτῳ
698 821 760 856 σιγῇ
774 820 808 847 δι’
822 819 910 856 ἔργων

121 865 295 901 ὲκὸοώμενον-
311 866 385 903 πάσῃ
401 868 434 902 τῇ
457 867 544 893 κτίσει
571 866 784 902 ἀκαταλήπτως·
811 868 834 893 εἰ
855 866 909 902 γὰρ

121 913 168 939 καὶ
187 912 359 947 ἐσταυρώθη
370 913 585 952 ἐξάσθενείας,
597 912 663 940 ἀλλὰ
678 913 710 949 ζῇ
722 914 754 940 ὲκ
769 913 908 948 δυνάμεως

963 310 1036 346 quod
1057 310 1118 345 ejus
1133 309 1160 337 in
1175 318 1258 338 carne
1278 311 1333 338 vita
1359 311 1515 339 communis
1529 315 1557 339 et
1569 311 1674 347 plebeia
1689 313 1751 340 nul-

963 356 1051 391 lisque
1078 356 1210 384 subsidiis
1236 356 1380 389 instructa,
1407 357 1479 392 quod
1498 356 1595 384 infami
1618 362 1707 386 morte
1722 358 1750 386 in

963 409 1044 430 cruce
1059 402 1221 429 occubuerit
1237 402 1408 438 (Maledictus
1421 403 1490 430 enim
1501 404 1586 431 omnis
1600 404 1646 438 qui
1657 404 1751 438 pendet

963 448 990 474 in
1004 447 1073 482 ligno
1084 447 1121 482 ιτ),
1131 447 1203 482 quod
1216 454 1278 474 cum
1290 448 1422 483 improbis
1432 449 1584 476 latronibus
1599 449 1635 477 sit
1646 456 1745 477 connu-

963 499 1100 528 meratus;
1117 494 1187 522 adde
1208 494 1311 522 ﬁxuras
1326 495 1479 528 clavorum,
1497 496 1598 524 lanceae
1609 496 1709 525 vulnus
1721 497 1748 524 in

962 540 1057 572 latere,
1075 541 1217 575 colaphos,
1231 546 1321 575 sputa,
1338 545 1457 574 acetum,
1474 541 1521 575 fel,
1539 550 1670 570 coronam
1693 544 1737 579 spi

962 593 1052 617 neam,
1067 585 1278 619 ludiﬁcationes,
1291 586 1446 619 irrisiones,
1462 587 1675 623 genuﬂexiones,
1688 590 1740 617 sim

961 632 1141 667 plicissimum
1165 633 1246 660 funus
1261 637 1288 660 et
1310 634 1445 661 modicam
1464 634 1542 670 123
1569 636 1747 670 sepulturam.

961 677 1024 705 Haec
1038 682 1128 706 autem
1142 679 1226 706 veluti
1242 679 1360 706 stultitia
1371 680 1602 715 imbecillitasque
1611 681 1747 714 Numinis,

962 723 1070 750 ratione
1097 723 1297 752 incarnationis
1322 725 1471 759 sapientior
1490 728 1518 752 et
1543 725 1622 761 longe
1650 726 1754 755 fortiori

961 767 1021 794 sine
1039 768 1245 802 comparatione
1268 769 1437 802 horninibus,
1455 770 1648 804 potentissima
1663 775 1690 799 et
1702 780 1749 799 ex-

961 814 1069 841 cellenti
1086 814 1219 849 sapientia
1242 818 1381 850 reportata
1404 815 1438 843 de
1461 815 1541 843 hoste
1563 816 1680 844 victoria
1694 818 1742 845 cla-

960 867 990 887 re
1014 865 1126 887 ostensa
1149 859 1210 892 fuit,
1227 861 1313 888 multo
1337 861 1449 888 silentio
1463 869 1512 896 per
1526 869 1609 897 opera
1641 863 1669 890 in
1693 867 1747 891 tom

960 905 1142 932 universitate
1153 905 1340 934 indesinenter
1357 906 1513 940 celebrata;
1528 907 1580 935 etsi
1601 908 1672 936 enim
1689 917 1743 935 cru-

125 958 195 984 κατὰ
207 958 312 985 Παῦλον
325 959 370 986 τὸν
385 959 535 986 θεσπέσιον.
553 960 601 991 Εἰς
621 959 651 986 τὸ
672 959 739 985 αὐτὸ
768 959 857 991 καλῶς
876 959 906 985 τὸ

966 952 1052 986 :iﬁxus
1076 952 1128 986 fuit
1154 959 1187 979 ea:
1210 952 1412 986 imbecillitate,
1428 953 1477 981 sed
1497 953 1565 981 vivit
1585 962 1619 982 ex
1634 955 1749 988 virtute,

121 1003 178 1038 τῆς
193 1005 351 1037 ἀσθενείας
369 1004 424 1038 τῆς
440 1005 602 1039 θεαρχικῆς
614 1004 724 1041 εἴρηκε·
740 1004 783 1031 διὰ
795 1004 849 1040 γὰρ
862 1004 911 1040 τὴν

122 1050 191 1086 πρὸς
205 1052 280 1086 ἡμᾶς
296 1051 419 1077 ἑκούσιον
431 1050 644 1085 συγκατάϐασιν,
659 1050 748 1077 πάντα
762 1050 911 1086 ὑπομείνας

121 1095 190 1130 ἄχρι
204 1095 344 1125 θανάτου.
357 1096 486 1124 θανάτου
499 1096 534 1122 δὲ
552 1097 695 1131 σταυροῦ,
709 1097 754 1124 καὶ
768 1097 817 1129 τὰς
833 1097 911 1124 ἀσθε-

121 1142 194 1174 νείας
204 1142 283 1177 ἡμῶν
297 1142 378 1174 αὐτὸς
392 1142 476 1178 αἴρει,
492 1143 612 1178 καὶπερὶ
627 1143 704 1178 ἡμῶν
719 1143 852 1174 ὀδυνᾶται,
865 1145 912 1170 καὶ

120 1187 160 1222 τῷ
175 1187 287 1222 μώλωπι
299 1187 381 1214 αὐτοῦ
396 1189 475 1224 ἡμεῖς
483 1189 581 1220 πάντες
595 1188 771 1224 ἱάθημεν,καὶ
782 1189 813 1215 τὺ
827 1189 912 1221 πάθος

120 1233 201 1260 αὐτοῦ
212 1234 275 1262 ἴδιον
282 1234 388 1269 λέγεται
401 1234 471 1261 κατὰ
479 1234 528 1270 τὴν
540 1234 587 1261 τοῦ
595 1235 698 1270 Πέτρου
712 1235 803 1271 φωνὴν
810 1235 860 1270 τὴν
868 1234 912 1261 λέσ

119 1287 220 1313 γονσαν
230 1288 237 1294 ·
254 1279 381 1314 Χριστοῦ
396 1279 452 1306 οὖν
467 1280 612 1312 παθόντος
625 1279 700 1314 ὑπὲρ
712 1280 796 1315 ἡμῶν
804 1281 908 1314 σαρκί·

119 1325 214 1359 nam?!
219 1326 366 1360 ἔγνωσαν.
373 1326 428 1352 οὐκ
436 1324 474 1351 ἂν
480 1325 532 1351 τὸν·
537 1326 646 1360 Κύριον
651 1325 705 1360 τῆς
710 1325 801 1359 δόξης
808 1326 913 1353 ἐσταύ-

117 1379 229 1405 ρωσαν·
242 1371 303 1398 ὅθεν
312 1372 358 1398 καὶ
370 1371 536 1406 κυριοκτόνοι
551 1371 575 1397 οἱ
590 1371 708 1398 Ἰουδαῖοι
722 1371 856 1405 λέγονται.

161 1461 341 1497 ’Υμνολόγος
363 1462 545 1497 κρινόμενος.
574 1462 633 1489 ’Ότι
652 1462 699 1489 καὶ
712 1462 836 1498 ψαλμοὺς
850 1462 909 1489 ἐλε-

120 1515 168 1541 γον
191 1508 251 1534 τότε
274 1508 402 1543 ἐμμελεῖς
424 1509 448 1534 οἱ
465 1509 530 1544 περὶ
551 1508 596 1535 τὸν
620 1508 697 1543 ἅγιον
719 1509 848 1545 Ἱερόθεον
862 1509 909 1535 καὶ

119 1553 200 1589 ᾠδὰς,
216 1554 254 1586 ὼς
267 1553 341 1589 δηλοῖ
354 1555 401 1580 καὶ
410 1554 441 1580 τὸ
454 1554 634 1590 ὑμνολογεῖν
646 1555 693 1581 καὶ
707 1555 737 1582 τὸ
750 1555 906 1590 eumdein-

120 1599 166 1626 καὶ
179 1599 218 1625 ἂτι
233 1599 267 1626 τὰ
280 1600 328 1634 μὲν
344 1599 432 1635 ὑψηλὰ
447 1600 493 1626 καὶ
516 1600 635 1636 μυστικὰ
649 1600 756 1636 ἄρρητα
771 1602 827 1632 τοῖς
843 1601 908 1627 πολ-

119 1645 175 1677 λοῖς
188 1645 229 1672 δεῖ
245 1633 401 1680 φυλάττεινζ
418 1633 522 1681 ὁμιλεῖν
538 1646 566 1672 δὲ
577 1648 623 1673 καὶ
645 1633 780 1674 δι-δόισκειν
792 1647 833 1674 δεῖ
845 1648 907 1679 τοὺς
921 1633 942 1662 C

120 1692 234 1723 πολλοὺς
251 1692 284 1719 τὰ
295 1692 395 1719 δυνατὰ
410 1692 457 1719 καὶ
471 1692 659 1720 εὐαπόδεικτα.

157 1778 218 1806 Τῶν
230 1780 326 1807 θείων.
343 1779 459 1815 Γραφῶν
480 1779 599 1814 δηλονότι
615 1781 661 1807 καὶ
677 1781 871 1818 θεωρημάτων.

153 1869 205 1895 Διὰ
220 1868 371 1903 περισσὴν
385 1869 552 1897 εὐλάϐειαν.
570 1871 630 1897 Ὅτι
639 1870 750 1902 εὐλαδὲς
763 1871 794 1897 τὸ
806 1871 843 1906 μὴ
860 1871 908 1906 ζη-

117 1916 174 1942 τεῖν
189 1914 224 1941 τὰ
239 1914 370 1951 θειότερα.

152 1960 336 1995 Ελλήφαμεεν.
358 1962 514 1998 Σημείωσαι
534 1963 575 1989 ὅτι
594 1963 625 1989 οὐ
639 1962 679 1988 δεῖ
696 1963 746 1998 τῆς
767 1963 908 1999 ἐνδεχομέ-

117 2014 166 2041 νης
179 2006 233 2033 τῶν
247 2007 325 2034 θείων
347 2007 475 2042 γνώσεως
497 2008 617 2044 ἀμελεῖν,
643 2008 711 2035 ἀλλὰ
735 2009 780 2035 καὶ
805 2009 907 2044 ἑτέροις

119 2052 302 2086 μεταδιδόναι·
332 2055 379 2080 καὶ
403 2055 444 2080 ὅτι
470 2054 540 2081 κατὰ
569 2055 649 2089 φύσιν
675 2055 700 2081 οἱ
727 2055 786 2087 vde;
815 2055 906 2090 ἔφεσιν

118 2097 209 2132 ἔχουσι
224 2100 292 2135 πρὸς
308 2100 357 2136 τὴν
381 2101 556 2137 ὲγχωροῦσαν
586 2101 640 2127 τῶν
667 2101 814 2136 ὑπερφυῶν
841 2101 906 2128 θεω-

118 2145 193 2180 ρίαν-

157 2191 194 2218 Τὰ
204 2192 263 2226 μὲν
277 2192 353 2227 ὑπὲρ
364 2193 452 2227 ἡμᾶς.
469 2194 529 2220 Ὅτι
543 2195 574 2220 οὐ
588 2194 628 2220 δεῖ
640 2195 674 2221 τὰ
687 2195 756 2230 ὑπὲρ
770 2195 843 2230 ἡμᾶς
857 2203 903 2221 πο-

116 2236 328 2272 λυπραγμονεῖν,
343 2238 402 2265 οὐδὲ
416 2238 526 2274 ἀμελεῖν
535 2239 585 2274 τῆς
599 2239 674 2271 θείας
687 2240 823 2274 γνώσεως,
839 2240 906 2267 ἀλλὰ

115 2282 164 2309 καὶ
191 2283 294 2318 ἑτέροις
322 2283 488 2319 μεταδιδόναι
509 2284 564 2311 τῶν
586 2285 782 2320 ἐνδεχομένων·
799 2286 905 2321 εἴρηται

114 2328 184 2364 γὰρ,
213 2330 395 2364 Ὑψηλότερὰ
421 2338 478 2357 σου
509 2330 561 2366 [μὴ
583 2329 670 2363 ζήτει,
691 2331 905 2366 καιβαθύτερά

114 2373 186 2410 σου]
197 2373 240 2408 μὴ
254 2375 374 2409 ἐρεύνα·
386 2375 581 2410 ἂπροσετιίγη
591 2382 650 2407 σοι,
666 2375 759 2402 ταῦτα
772 2375 903 2404 διανοοῦ.

158 2462 397 2498 Ὲγνιελευομένη.
413 2464 491 2491 Κατὰ
511 2464 556 2491 τὸν
578 2465 736 2492 Ἀπόστολον
752 2465 900 2502 [εἰπόντα]·

118 2507 214 2534 Ταῦτα
221 2509 354 2542 παράθου
370 2510 488 2543 πιστοῖς
502 2511 676 2544 ἀνθρώποις.

153 2554 270 2587 Τούτοις
284 2555 341 2581 οὗν
354 2556 403 2583 καὶ
418 2555 512 2590 ἡμεῖς.
535 2556 698 2592 Σημείωσαι,
719 2558 799 2584 πόθεν
814 2559 859 2584 ἐπὶ
872 2559 902 2585 τὸ

113 2600 283 2635 συγγράφειν
296 2598 387 2636 ἦλθεν.

155 2645 289 2679 Ἰεροθέῳ.
308 2647 368 2674 Ὅτι
382 2648 410 2674 ὲν
425 2649 481 2679 τοῖς
496 2648 704 2684 λεχθησομένοις
715 2649 749 2676 τὰ
771 2650 899 2685 Ἰεροθέου

111 2691 267 2727 ἑρμηνεύει,

351 2764 405 2790 ΕΙΣ
421 2765 464 2791 ΤΟ
479 2765 604 2793 ΚΕΦᾹΛ.
626 2767 656 2792 Δ.

149 2816 162 2851 §
177 2817 197 2844 ῐ.
216 2818 286 2846 Εἶεν
300 2819 338 2853 δὴ
355 2820 419 2848 οὖν,
435 2822 503 2855 ’Λγε
518 2821 549 2856 δὴ
564 2820 620 2849 οὖν.

156 2863 345 2898 Ἀφορίζουσι.
364 2866 400 2893 Τὸ
419 2867 466 2902 μὲν
480 2867 653 2902 ἀφορίζουσι
672 2869 732 2896 ἀντὶ
746 2869 792 2896 τοῦ
808 2871 898 2896 ἀνατι-

151 2962 164 2982 Ρ
179 2956 237 2985 Gal.
256 2966 296 2992 ιιι¹
314 2960 359 2988 l5.
411 2960 556 2998 quhilipp.
569 2970 598 2999 η,
611 2967 627 2995 8
677 2968 688 2983 τ
705 2963 714 2991 l
730 2962 814 2998 Petr.,
831 2972 867 2997 ιγ,
884 2972 903 2993 ι.

963 997 1114 1025 secundum
1142 998 1265 1026 divinum
1306 999 1432 1027 Paulum.
1468 1000 1500 1028 ln
1538 1000 1633 1028 eadem
1666 1002 1749 1029 verba

961 1044 1092 1078 praeclare
1107 1045 1180 1079 quod
1195 1048 1238 1072 est
1263 1045 1358 1073 divina:
1378 1045 1567 1073 imbecillitatis
1587 1046 1670 1080 dixit;
1684 1055 1749 1074 nam

962 1093 1073 1124 propter
1090 1094 1268 1125 spontaneam
1285 1091 1318 1118 ad
1334 1099 1385 1119 nos
1403 1091 1674 1124 condescensionem,
1690 1101 1750 1120 om-

962 1135 1008 1162 nia
1022 1135 1162 1171 perferens
1178 1145 1260 1172 usque
1279 1137 1312 1164 ad
1327 1141 1448 1170 mortem,
1463 1143 1573 1165 mortem
1585 1143 1671 1165 autem
1686 1147 1748 1165 crn-

962 1182 998 1209 εἱε
1007 1187 1032 1214 ιι,
1041 1185 1068 1209 et
1081 1182 1253 1210 infirmitates
1264 1186 1374 1211 nostras
1386 1183 1444 1219 ipse
1450 1184 1530 1216 tollit,
1543 1188 1570 1212 et
1577 1189 1687 1220 propter
1698 1193 1749 1214 nos

962 1228 1057 1256 dolore
1075 1229 1226 1261 cruciatur,
1247 1229 1427 1257 et'vibicibus
1443 1230 1517 1258 illius
1535 1231 1624 1258 sanati
1641 1239 1748 1264 sumus,

962 1279 988 1302 et
999 1274 1091 1309 passio
1114 1275 1188 1303 illius
1204 1275 1316 1310 propria
1341 1275 1444 1302 dicitur
1456 1283 1524 1304 voce
1539 1275 1615 1304 Petri
1635 1277 1675 1305 sic
1690 1285 1749 1305 me-

962 1321 1095 1348 morantis
1104 1329 1110 1347 :
1119 1319 1224 1348 Christo
1239 1321 1320 1356 igitur
1329 1329 1408 1356 passo
1421 1322 1448 1349 in
1460 1326 1573 1356 carne';
1587 1327 1630 1350 et:
1642 1322 1750 1350 Sienim

962 1367 1151 1401 cognovissent,
1175 1375 1309 1402 nunquam
1329 1361 1473 1395 Dominum
1490 1361 1581 1404 gloria
1599 1370 1749 1405 cruciﬁxu—

961 1418 1017 1440 sent
1033 1419 1062 1446 ·;
1087 1413 1159 1441 unde
1170 1417 1198 1441 et
1217 1413 1324 1441 Domini
1340 1415 1483 1450 parricidae
1505 1408 1635 1444 dicuntdr
1649 1416 1746 1445 Judaei.

996 1458 1107 1488 Divinas
1127 1460 1261 1488 laudator.
1286 1461 1354 1494 Quia
1369 1462 1490 1497 psalmos
1508 1466 1567 1489 tum
1589 1462 1748 1491 modulatos

960 1505 1082 1540 odasque
1104 1507 1239 1534 canebant
1258 1507 1305 1542 qui
1324 1511 1421 1535 sancto
1444 1507 1594 1536 llierotheo
1622 1510 1748 1543 aderant,

961 1551 1034 1586 quod
1061 1552 1217 1587 signiﬁcant
1243 1553 1325 1580 etiam
1340 1560 1422 1581 voces
1447 1554 1604 1589 ὑμνολογεῖν
1616 1559 1644 1583 et
1657 1557 1748 1592 ὑμνῳ-

960 1597 1024 1624 δεῖν.
1041 1597 1074 1624 Ει
1087 1598 1152 1632 quia
1168 1606 1228 1633 qua:
1250 1599 1377 1626 sublimia
1405 1604 1469 1627 sunt
1483 1605 1510 1627 et
1527 1601 1652 1636 mystica,
1675 1607 1748 1629 tecta

959 1643 988 1670 in
1002 1643 1083 1679 vulgo
1097 1647 1123 1671 et
1140 1644 1305 1679 inexplicata
1329 1653 1441 1673 servare
1470 1650 1594 1681 oportet;
1610 1647 1749 1682 explicare

957 1693 1048 1717 autem
1076 1690 1155 1718 decet
1175 1698 1207 1718 ea
1231 1691 1490 1727 multitudinemque
1511 1692 1622 1726 docere,
1641 1702 1702 1729 qua:
1720 1699 1747 1722 et

959 1736 1017 1763 ﬁeri
1028 1740 1055 1764 et
1068 1736 1148 1764 facile
1164 1737 1348 1765 demonstrari
1363 1743 1490 1773 possunt.

993 1781 1090 1809 Rerum
1108 1782 1268 1811 divinarum.
1297 1782 1466 1818 Scriptorum
1486 1784 1614 1813 videlicet
1629 1790 1657 1814 et
1671 1793 1742 1814 com-

958 1829 1169 1857 mentationum.

993 1874 1054 1902 Prw
1070 1875 1235 1903 abundantia
1258 1877 1402 1912 religionis.
1420 1875 1531 1913 Spectat
1545 1879 1618 1906 enim
1635 1879 1669 1906 ad
1684 1879 1748 1907 reli-

957 1920 1061 1955 giosam
1076 1922 1237 1949 modestiam
1253 1922 1389 1951 diviniora
1403 1932 1458 1951 non
1470 1924 1633 1960 disquirere.

994 1966 1229 1997 Intellexissemus.
1259 1969 1451 1998 Animadverte
1466 1971 1540 2006 quod
1558 1979 1611 1999 non
1637 1976 1748 2007 oportet

959 2018 1113 2049 susceptam
1126 2022 1218 2042 rerum
1228 2016 1384 2043 divinarum
1398 2017 1582 2052 cognitionem
1597 2018 1745 2053 negligere,

958 2060 1005 2088 sed
1014 2061 1076 2088 aliis
1090 2069 1149 2088 eam
1162 2061 1272 2089 tradere
1283 2071 1291 2096 ;
1303 2066 1330 2089 et
1345 2063 1418 2096 quod
1442 2067 1547 2090 mentes
1562 2063 1681 2089 naturali
1697 2071 1737 2090 cu-

957 2106 1070 2141 piditate
1090 2107 1236 2142 rapiuntur
1251 2108 1283 2135 ad
1303 2115 1462 2136 concessam
1484 2109 1685 2136 admirabilium
1702 2117 1733 2136 re

957 2160 1017 2179 rum
1034 2154 1303 2188 contemplationem.

993 2198 1059 2232 Quae
1079 2207 1159 2233 supra
1178 2207 1235 2226 nos.
1253 2199 1312 2226 Non
1329 2205 1435 2235 oportet
1449 2208 1510 2235 qua:
1521 2208 1602 2235 supra
1616 2208 1667 2228 nos
1681 2205 1743 2228 sunt

958 2245 1096 2272 ctriosius
1113 2245 1264 2279 inquirere,
1289 2253 1378 2280 neque
1391 2254 1442 2281 pro
1459 2246 1544 2273 nihilo
1560 2246 1661 2273 habere
1675 2246 1741 2274 divi-

957 2297 1019 2316 nam
1034 2290 1220 2325 cognitionem
1235 2311 1241 2323 ,
1263 2291 1311 2318 sed
1331 2292 1535 2319 communicare
1555 2300 1617 2319 cum
1636 2293 1743 2320 caeteris

957 2343 1018 2370 qua:
1024 2336 1191 2371 excepimus.
1201 2336 1308 2363 Dictum
1318 2341 1360 2364 est
1370 2337 1442 2364 enim
1452 2347 1458 2363 :
1467 2337 1572 2364 Altiora
1585 2344 1608 2365 te
1617 2337 1660 2373 [ne
1671 2346 1742 2373 qua-

956 2382 1045 2413 sieris,
1062 2387 1086 2409 et
1108 2382 1284 2417 profundiore
1304 2383 1339 2419 te]
1354 2392 1404 2410 non
1420 2384 1591 2417 scrutaberis,
1615 2384 1661 2412 sed
1684 2393 1743 2420 quae

957 2427 1085 2454 mandata
1100 2434 1160 2456 sunt
1175 2428 1231 2460 tibi,
1249 2429 1303 2456 ham
1318 2430 1403 2464 cogita
1417 2430 1440 2458 ⁸.

990 2472 1078 2501 lubet.
1097 2473 1253 2501 Secundum
1267 2475 1427 2509 Apostolum
1438 2474 1618 2512 [dicentem]:
1632 2475 1696 2504 Hart:
1712 2477 1748 2511 [i-

955 2518 1056 2545 delibus
1074 2513 1222 2546 hominibus
1236 2520 1390 2547 commenda
1405 2526 1418 2540 ιι
1429 2541 1436 2548 .

990 2563 1040 2591 His
1054 2565 1141 2600 itaque
1162 2565 1242 2592 etiam
1259 2574 1316 2593 nos.
1333 2566 1402 2594 Nota
1417 2567 1490 2595 unde
1506 2567 1538 2595 ad
1554 2571 1741 2596 commentan-

955 2608 1019 2635 dum
1042 2610 1218 2643 processerit.

991 2655 1142 2684 Hierotheo.
1172 2656 1202 2684 In
1220 2657 1253 2685 iis
1267 2665 1328 2693 qua:
1342 2662 1403 2693 post
1417 2659 1552 2692 dicentur,
1565 2667 1625 2693 qua:
1645 2658 1740 2686 lliero-

955 2701 1008 2728 thei
1023 2707 1097 2735 sunt,
1107 2703 1235 2737 explicat.

1209 2770 1288 2806 ιη
1306 2770 1339 2797 1N
1358 2752 1439 2798 CAP.
1451 2770 1496 2798 ιν.

986 2824 1049 2852 Εἶεν
1064 2827 1096 2862 δὴ
1113 2825 1168 2854 οὖν.
1184 2827 1240 2863 Age
1257 2835 1331 2863 ergo.

986 2872 1151 2906 Attribuunt,
1164 2873 1211 2901 Gr.
1229 2873 1398 2908 ἀφορίζουσι.
1415 2872 1502 2900 Dictio
1521 2872 1677 2907 ἀφορίζοντι
1690 2881 1736 2901 ac-

954 2970 963 2984 ε
982 2964 1067 2993 ιοοτ.
1087 2973 1116 3000 ιι,
1133 2966 1158 2994 s.
1203 2967 1210 2985 ι
1226 2957 1309 2994 ΕεςΙὶ.
1327 2972 1369 2996 ιιι,
1385 2963 1429 2992 22.
1470 2970 1482 2984 ιι
1497 2963 1518 2991 ιι
1533 2963 1602 2991 Tim.
1619 2972 1653 2994 ιι,
1669 2963 1706 2997 2.,
