1926 3062
193 200 247 228 239

575 199 746 227 APPENDIX
761 198 806 226 AD
818 197 932 226 OPEBA
954 198 983 227 S.
1002 198 1149 227 DIONYSII
1166 199 1406 230 ΑΒΕΟΡΔΟΙΤᾹΞ.

1763 205 1814 232 2ιῦ

191 258 317 294 eipienda
333 261 374 286 est
392 261 421 285 ut
436 258 472 285 sit
490 258 561 286 idem
577 258 650 294 quod
665 258 835 290 attribuunt;
850 256 917 284 illud
931 265 970 284 au-

1028 258 1121 285 θέασιν
1136 259 1301 294 ἐκληπτέον·
1316 259 1347 286 τὸ
1358 260 1387 287 δὲ
1409 260 1464 287 ἀπὸ
1484 260 1592 288 πάντων
1611 260 1755 296 δηλοῦσθαι
1767 262 1813 297 τὴν

186 309 258 338 tein,
275 305 310 332 ab
326 305 455 338 omnibus
471 304 641 332 nianii‘eslari
661 304 821 336 bonitatem,
839 303 975 338 signiﬁcat

187 350 278 377 omnia
292 356 324 376 ex
336 350 406 384 ipsa,
424 353 453 376 ut
464 353 568 382 essent,
589 349 723 384 producta
738 349 833 377 fuisse.

225 397 362 432 Tanquam
385 396 571 424 substantiola.
600 395 774 423 Divinitatem
797 402 857 423 esse
872 395 973 423 bonum

184 442 344 474 'essentiale,
364 450 461 477 resque
475 449 570 470 omnes
591 449 653 469 cum
671 442 743 469 bono
758 442 972 473 communicare,

186 489 259 516 sicut
270 492 359 516 creata
371 496 433 516 cum
449 488 515 516 sole.

223 534 448 568 Quemadmodum
463 534 503 562 sol
523 534 569 562 ille
590 539 689 562 noster.
711 534 798 562 Nemo
820 534 974 569 suspicetur

186 586 315 616 magnum
331 580 490 616 Dionysium
505 588 538 608 ex
554 580 620 608 solis
633 581 757 616 exemplo
773 581 929 608 omnimode
941 580 974 608 de

185 627 287 654 divinis
312 627 395 654 rebus
415 627 558 661 judicare;
574 634 668 654 verum
693 628 732 654 ita
758 628 881 662 cogitet:
902 627 974 653 sicut

186 673 239 706 sol,
259 680 320 699 cum
337 672 406 699 nihil
425 673 460 699 sit
477 676 575 707 przeter
588 673 690 705 lumen,
709 681 765 700 non
788 673 868 700 habet
882 672 972 699 lumen

185 722 214 745 ut
229 718 357 746 accidens
378 723 406 746 et
424 719 528 753 aliquid
549 719 690 747 diversum
706 720 851 752 exsistens,
865 723 911 746 aut
931 720 974 746 in-

184 769 243 792 star
257 765 370 792 animati
386 765 526 793 voluntate
542 765 730 793 benefaciendi
751 765 785 792 ab
805 766 913 792 interno
925 773 972 793 seu

183 819 199 838 a
213 811 306 847 seipse
327 811 418 839 lumen
434 812 536 848 accipit
562 817 642 847 atque
662 812 689 839 in
705 812 797 840 omnia
815 811 970 839 distribuit:

183 859 351 886 contrarium
367 859 451 890 enim.
477 867 540 886 cum
560 867 651 894 neque
663 859 800 886 animatus
815 859 861 890 sit,
885 866 973 893 neque

183 905 323 933 voluntate
332 905 497 936 benefaciat,
511 905 617 932 ratione
629 905 764 940 siquidem
776 908 862 935 caret.
884 911 973 939 neque

183 949 218 976 ab
227 950 280 976 alio
296 950 388 977 lumen
409 949 528 985 accipit;
543 953 584 977 est
596 950 668 977 enim
689 949 741 976 hoc
762 949 850 984 ipsum
868 949 970 980 lumen,

183 999 210 1022 et
223 995 428 1029 illuminat;ita
455 999 563 1030 oportet
579 995 631 1022 hoc
654 995 735 1022 etiam
763 995 851 1022 solum
866 995 899 1022 de
915 993 970 1021 Deo

183 1042 315 1076 cogitare,
337 1041 466 1068 nimirum
489 1040 574 1068 Deum
599 1048 654 1067 non
677 1040 777 1068 habere
799 1040 900 1068 bonum
922 1046 970 1075 per

182 1087 311 1114 accidens
324 1091 354 1114 ut
365 1087 524 1122 qualitatem
540 1087 670 1122 aliquam,
686 1087 758 1113 sicut
772 1094 822 1114 nos
834 1087 948 1114 virtutes
960 1095 968 1120 ;

182 1134 230 1161 sed
245 1133 317 1168 quod
333 1141 396 1160 cum
410 1133 468 1168 ipse
488 1132 561 1160 Deus
587 1133 624 1160 sit
646 1133 766 1160 essentia
786 1133 861 1166 boni,
874 1141 970 1169 quem-

181 1180 328 1207 admodum
344 1179 434 1206 lumen
447 1183 488 1206 est
501 1179 620 1206 essentia
638 1179 715 1212 solis,
733 1183 814 1214 atque
830 1183 859 1206 ut
882 1180 905 1206 is
921 1179 969 1214 qui

181 1227 270 1261 ipsum
285 1226 386 1253 bonum
402 1229 444 1252 est
462 1224 545 1256 Deus,
560 1225 693 1253 bonitatis
710 1225 883 1260 splendorem
895 1225 969 1253 circa

180 1279 277 1299 omnes
292 1270 426 1302 extendit,
442 1270 637 1298 benefacieudo
652 1270 686 1298 iis
703 1272 749 1305 qui
762 1271 968 1298 illuminantur:

181 1318 274 1351 itaque
300 1316 366 1344 dicit
392 1315 459 1343 solis
482 1316 648 1350 exemplum,
664 1316 711 1351 qui
722 1316 868 1343 obscuram
884 1321 910 1343 et
924 1316 969 1343 vix

181 1366 356 1399 apparentem
381 1361 462 1397 primi
487 1362 662 1397 exemplaris,
692 1361 765 1397 quod
790 1362 864 1389 nullo
888 1361 969 1389 modo

181 1409 413 1440 communicatur.
436 1407 579 1443 imaginem
595 1408 692 1441 habet;
708 1408 731 1436 si
745 1409 818 1435 enim
836 1408 969 1443 imagines

179 1456 319 1483 veritatem
336 1455 485 1488 haberent,
499 1462 554 1482 non
578 1455 695 1489 amplius
717 1458 810 1482 essent
830 1454 968 1489 exempla-

179 1502 220 1529 ria
227 1520 235 1534 ,
242 1501 289 1529 sed
309 1501 466 1537 archetypa.

216 1547 386 1574 Intellectiles
406 1552 431 1574 et
454 1547 638 1582 intelligentes.
684 1545 799 1581 Proprie
831 1546 969 1581 loquendo

1024 303 1098 331 θείαν
1126 304 1295 339 ἀγαθὸτητα,
1326 305 1356 332 τὸ
1384 305 1472 332 πάντα
1495 305 1525 338 ἐξ
1539 306 1624 342 αὐτῆς
1639 306 1661 322 ⁵⁸
1676 306 1813 342 παρῆχθαι

1024 349 1092 385 πρὸς
1107 349 1223 385 ὕπαρξιν
1232 351 1316 386 δηλοῖ.
1794 354 1797 357 ’

1065 395 1111 428 Ὧς
1120 395 1273 429 οὐσιῶδες.
1287 397 1346 423 ’Ὁτι
1353 397 1481 429 οὐσιῶδες
1494 397 1596 432 ἀγαθὸν
1610 398 1676 425 αὐτὸ
1689 398 1720 424 τὺ
1728 398 1810 425 θεῖον·

1024 442 1070 468 καὶ
1087 442 1127 468 ὅτι
1148 441 1197 468 τοῦ
1218 441 1322 476 ἀγαθοῦ
1336 442 1425 470 πάντα
1440 443 1474 470 τὰ
1488 443 1553 470 ὅντα
1581 444 1700 479 μετέχει,
1715 444 1752 474 ὼς
1766 443 1811 470 τοῦ

1023 486 1099 522 ἡλίου
1113 487 1149 514 τὰ
1163 487 1273 523 ποιητά.

1060 532 1173 566 ’Ὠσπερ
1187 533 1204 559 ό
1223 533 1287 559 καθ’
1304 531 1384 566 ἡμᾶς
1405 532 1502 566 ἣλιος.
1526 533 1628 569 Μηδεὶς
1656 533 1813 560 ὑπολαϐέτω

1023 577 1092 613 πρὸς
1107 578 1138 604 τὺ
1155 578 1202 604 τοῦ
1215 579 1292 614 ¹ἡλίου
1314 578 1490 615 παράδειγμα
1512 579 1667 615 ὁλοκλήρως
1689 579 1724 606 τὰ
1749 580 1812 615 περὶ

1023 624 1090 650 Θεοῦ
1105 624 1207 660 κρίνειν
1231 625 1278 652 τὸν
1306 626 1392 661 μέγαν
1413 627 1564 653 Διονύσιον·
1588 626 1645 652 ἀλλ’
1660 626 1731 653 οὕτω
1745 627 1812 653 νοεί-

1024 669 1090 702 σθω,
1105 670 1199 707 ὥσπερ
1215 672 1230 698 6
1241 671 1327 707 ἥλιος,
1343 673 1392 699 οὐκ
1403 672 1467 699 ἄλλο
1481 681 1507 699 τι
1519 670 1560 699 ὢν
1574 672 1649 708 παρὰ
1663 672 1694 698 τὸ
1703 672 1771 707 φῶς,
1780 673 1811 700 οὐ

1024 716 1162 752 συμϐατὸν
1177 717 1233 752 ἔχει
1247 718 1277 744 τὸ
1295 718 1354 752 φῶς
1374 718 1422 745 καὶ
1447 718 1485 750 ὡς
1501 718 1564 745 ἄλλο
1577 726 1603 744 τι
1612 717 1650 744 ὢν
1666 717 1812 753 ἢψυχικῶς

1023 763 1184 798 προαιρέσει
1195 763 1242 790 τοῦ
1256 764 1410 799 εὐεργετεῖν
1432 764 1532 791 ἔσωθεν
1546 764 1679 799 λαμϐάνει
1694 764 1725 790 τὸ
1739 764 1808 798 φῶς,

1023 810 1070 836 καὶ
1089 809 1239 837 διαδίδωσιν
1253 812 1293 842 εις
1303 810 1405 837 πάντα”
1421 810 1575 837 τούναντίον
1598 810 1667 846 γάρ’
1684 810 1745 836 οὔτε
1760 810 1804 844 qm-

1023 856 1098 892 χικὸς
1112 856 1160 889 ὢν,
1181 856 1243 883 οὔτε
1267 857 1425 893 προαίρεσιν
1449 857 1518 893 ἔχων
1542 858 1691 893 εὐεργετεῖ,
1716 857 1811 891 ἀλογος

1024 903 1078 938 γάρ
1087 911 1094 918 ⁸
1110 904 1156 930 καὶ
1171 903 1230 930 οὐδε
1242 903 1373 938 ἑτέρωθεν
1383 903 1414 930 τὸ
1429 903 1487 938 φῶς
1500 903 1644 939 λαμϐάνων
1654 911 1660 918 ·
1678 903 1744 929 αὐτὸ
1754 903 1809 938 γὰρ

987 945 1008 972 Β
1021 948 1101 975 τοῦτο
1110 949 1167 983 φῶς
1183 950 1241 975 ἐστι
1256 949 1303 975 καὶ
1316 948 1441 983 φωτίζει·
1462 948 1533 975 οὕτω
1551 949 1604 985 χρὴ
1625 948 1705 975 τοῦτο
1732 949 1811 984 μόνον

1021 995 1068 1021 καὶ
1087 995 1134 1021 ἐπὶ
1149 994 1217 1021 Θεοῦ
1238 996 1319 1027 νοεῖν,
1333 995 1375 1021 ὃτι
1388 995 1402 1021 6
1415 995 1481 1026 Θεὸς
1493 995 1523 1021 τὸ
1537 995 1639 1029 ἀγαθὸν
1663 995 1694 1022 οὺ
1711 995 1812 1030 συμϐε-

1021 1041 1144 1076 ϐηκότως
1159 1040 1227 1076 ἔχει,
1243 1041 1368 1077 καθάπερ
1389 1041 1449 1068 τινὰ
1463 1041 1602 1077 ⁸ποιότητα,
1617 1041 1656 1073 ὡς
1669 1042 1748 1077 ἡμεῖς
1762 1041 1812 1074 τὰς

1020 1087 1133 1123 ἀρετάς”
1157 1088 1213 1114 ἀλλ’
1237 1087 1315 1114 οὐσία
1330 1087 1377 1114 τοῦ
1394 1087 1498 1121 ἀγαθοῦ
1518 1087 1600 1119 αὐτὸς
1614 1089 1628 1113 6
1641 1087 1708 1119 Θεὸς
1723 1088 1811 1122 ὑπάρ-

1019 1142 1085 1169 χων,
1101 1134 1195 1170 ὥσπερ
1203 1135 1250 1161 καὶ
1262 1133 1292 1160 τὸ
1305 1133 1372 1168 φῶς,
1389 1134 1468 1160 οὐσία
1492 1134 1578 1169 ἡλίου,
1595 1134 1643 1160 καὶ
1654 1134 1691 1165 ὡς
1706 1133 1771 1160 αὐτὸ
1780 1133 1812 1159 τὸ

1018 1179 1119 1213 ἀγαθὸν
1129 1179 1166 1206 ὣν
1180 1180 1194 1206 6
1210 1179 1276 1211 Θεὸς
1290 1179 1405 1206 ἐκτείνει
1422 1180 1486 1215 περὶ
1502 1179 1607 1211 πάντας
1615 1179 1665 1215 τὴν
1680 1179 1731 1214 τῆς
1742 1179 1810 1212 ἀγα-

1020 1225 1132 1262 θότητος
1150 1226 1247 1262 αἴγλην
1259 1225 1304 1252 διὰ
1317 1225 1364 1252 τοῦ
1379 1225 1556 1260 εὐεργετῆσαι
1574 1226 1638 1256 τοὺς
1658 1223 1811 1260 φωτιζομέ-

1018 1281 1095 1304 νους”
1121 1272 1182 1299 ὅθεν
1205 1273 1271 1308 φησι
1283 1272 1314 1298 τὸ
1326 1271 1374 1298 τοῦ
1392 1271 1469 1307 ἡλίου
1493 1271 1679 1307 παράδειγμα,
1695 1270 1732 1302 ὡς
1748 1279 1812 1297 σκο-

1018 1319 1109 1355 τεινὴν
1121 1319 1167 1345 καὶ
1182 1318 1275 1353 σχεδὸν
1298 1318 1389 1352 ἀφανῆ
1412 1318 1503 1344 εἰκόνα
1517 1317 1565 1344 τοῦ
1580 1317 1719 1348 παντελῶς
1733 1317 1810 1343 ἀκοι-

1019 1366 1140 1401 νωνήτου
1164 1364 1319 1400 ἀρχετύπου
1329 1363 1400 1399 ἔχει·
1413 1365 1437 1390 εἰ
1453 1363 1508 1400 γὰρ
1524 1364 1552 1390 αἱ
1563 1364 1666 1395 εἰκόνες
1680 1362 1812 1398 ἀλήθειαν

1019 1409 1101 1447 εἶχον,
1118 1411 1210 1438 οὐκέτι
1220 1408 1291 1446 ἦσαν
1310 1409 1531 1446 παραδείγματα,
1551 1409 1607 1436 ἀλλ’
1621 1409 1772 1445 ἀρχέτυπα.

1053 1543 1209 1577 Αὶ-νοηταὶ
1237 1543 1286 1570 καὶ
1315 1543 1424 1577 γοεραί.
1453 1542 1532 1569 Κατὰ
1553 1542 1701 1578 κυριότητα
1716 1541 1812 1577 ἔτερόν

1019 1590 1078 1616 ἐστι
1091 1589 1210 1623 νοητὸν,
1223 1589 1270 1615 καὶ
1280 1589 1370 1624 ἕτερον
1379 1589 1495 1622 νοερόν.
1506 1588 1543 1615 Τὸ
1553 1588 1607 1623 γὰρ
1616 1589 1711 1624 νοητὸν
1721 1589 1810 1625 τροφὴ

1020 1633 1065 1663 οἷά
1078 1644 1120 1667 τις
1134 1635 1181 1662 τοῦ
1194 1635 1289 1671 νοεροῦ
1303 1636 1387 1667 ἐστιν,
1407 1635 1486 1670 εῐπερ
1502 1635 1533 1661 τὸ
1554 1635 1709 1671 νοούμενον,
1722 1636 1737 1662 ὀ
1751 1636 1810 1663 ἐστι

180 1593 254 1621 aliud
272 1597 314 1621 est
329 1593 423 1629 νοητόν
440 1597 467 1620 et
481 1593 555 1619 aliud
571 1591 674 1627 νοερόν.
689 1591 756 1618 Nam
780 1591 852 1626 quod
867 1592 968 1618 intelli-

179 1639 251 1674 gitur
269 1634 311 1666 Est
333 1638 407 1666 velut
434 1638 595 1665 alimentum
630 1637 690 1672 ejus
720 1638 794 1672 quod
814 1637 964 1672 intelligit:

178 1684 400 1720 quandoquidem
415 1683 489 1719 quod
511 1684 674 1719 intelligitur
689 1691 738 1711 seu
760 1683 864 1719 νοητόν,
889 1683 968 1711 nobi-

1025 1682 1122 1718 wq-rbv,
1141 1681 1231 1717 μεῖζόν
1244 1682 1301 1712 ἐστι
1316 1682 1364 1708 καὶ
1387 1680 1632 1717 προεπινοοὺμενον
1647 1680 1694 1708 τοῦ
1717 1681 1810 1708 νοοῦν-

179 1731 232 1758 lius
244 1731 289 1762 sit.
306 1734 333 1758 et
348 1734 428 1758 antea
448 1731 614 1766 intelligatur
628 1731 674 1757 illo
689 1730 762 1766 quod
779 1730 905 1766 intelligit
919 1738 967 1758 seu

1025 1738 1072 1762 τος,
1090 1730 1104 1756 ὅ
1129 1730 1186 1756 ἐστι
1210 1729 1310 1765 νοερόν.
1333 1728 1373 1755 Τὰ
1402 1729 1450 1764 μὲν
1473 1726 1519 1755 οὖν
1549 1729 1733 1764 ὑπερκείμενα
1760 1728 1812 1754 καὶ

179 1775 252 1811 quod
268 1779 310 1803 est
333 1775 437 1810 νοερόν.
465 1775 627 1810 Superiores
656 1775 740 1810 igitur
753 1779 780 1803 et
800 1775 884 1802 vicini
911 1774 968 1802 Deo

1025 1777 1136 1812 προσεχῆ
1151 1776 1191 1811 τῷ
1205 1775 1265 1811 Θεῷ
1282 1775 1410 1811 τάγματα
1423 1774 1506 1810 νοητὰ
1522 1775 1624 1811 κυρίως
1634 1775 1758 1801 λεκτέονο
1773 1775 1809 1802 τὰ

179 1822 289 1850 ordines
301 1821 411 1857 proprie
425 1821 531 1849 dicendi
544 1826 608 1849 sunt
622 1822 719 1857 venri;
733 1821 876 1850 inferiores
890 1829 966 1854 vero,

1025 1823 1046 1849 ῖὲ
1062 1823 1251 1858 ὑποδεϐηκὸτα
1266 1822 1357 1858 νοερὰ,
1375 1819 1422 1849 ἅτε
1431 1821 1543 1848 νοοῦντα
1556 1821 1590 1848 τὰ
1607 1821 1807 1856 ὑπερκείμενα·

180 1868 261 1903 νοερά
274 1871 304 1895 ιιι
316 1869 363 1903 qui
377 1869 530 1904 intelligant
545 1868 716 1903 superiores:
732 1875 786 1895 non
800 1868 861 1895 ideo
875 1872 965 1895 tamen

1025 1869 1065 1903 ›ὺχ
1081 1869 1120 1895 ὅτι
1134 1869 1162 1895 δὲ
1181 1868 1264 1903 νοητά
1281 1869 1338 1894 ἐστι
1353 1867 1387 1894 τὰ
1407 1867 1550 1903 νοούμενα,
1573 1867 1715 1902 νομιστέον
1738 1866 1811 1894 αὐτὰ

179 1912 253 1948 quod
267 1914 351 1949 νοητά
367 1914 495 1941 dicantur
506 1921 538 1941 ea
559 1922 619 1949 quae
634 1914 833 1949 intelliguntur,
851 1921 967 1941 censen-

1025 1915 1055 1950 ,ιὴ
1070 1916 1156 1941 νοεῖν·
1174 1916 1229 1941 νοεῖ
1250 1914 1305 1950 γὰρ
1330 1915 1376 1941 καὶ
1399 1913 1478 1945 αὐτὰ,
1501 1913 1594 1949 ἐπειδὴ
1620 1913 1679 1945 νόες
1693 1913 1746 1939 είσὶ
1759 1913 1810 1939 καὶ

179 1959 244 1986 dum
255 1963 298 1987 est
311 1959 384 1994 ipsos
394 1967 449 1986 non
464 1959 615 1994 intelligere
628 1967 637 1991 ι
652 1959 697 1986 illa
713 1959 784 1986 enim
800 1959 964 1994 intelligunt,

1025 1960 1103 1986 ιύσίαι
1120 1960 1192 1996 ζωῆς
1202 1961 1249 1987 καὶ
1264 1960 1310 1987 νοῦ
1322 1960 1461 1987 ἁνωτάτου
1472 1960 1503 1995 δη
1508 1959 1722 1994 μιουργηθείσαν
1739 1958 1809 1985 ἀλλὰ

179 2004 308 2040 quoniam
328 2009 433 2032 mentes
448 2009 514 2032 sunt
529 2009 556 2032 et
571 2004 732 2033 substantiae
749 2004 810 2031 vita:
826 2009 852 2031 et
867 2005 965 2032 mentis

1025 2007 1063 2033 ιαὶ
1076 2006 1212 2042 ἐνέργειαι
1226 2007 1286 2033 ἐκεῖ
1299 2005 1476 2033 ὲνυπόστατοί
1490 2007 1543 2032 εἱσι
1557 2006 1604 2032 καὶ
1613 2005 1702 2032 οὐσίαι
1711 2013 1718 2020 ·
1732 2005 1810 2032 πᾶσα

179 2058 314 2085 supremae
333 2054 446 2084 creata;
463 2051 587 2085 quinimo
605 2050 661 2078 illic
686 2050 769 2077 etiam
787 2054 850 2077 sunt
866 2058 965 2086 opera-

1025 2051 1070 2087 rdp
1093 2051 1200 2086 κίνησις
1227 2052 1274 2078 καὶ
1299 2051 1403 2087 ἠρεμία
1426 2052 1485 2078 ἐκεῖ
1511 2051 1601 2087 μέντοι
1629 2050 1809 2077 ὲνυπόστατοί

177 2095 268 2123 tiones
291 2094 415 2123 eﬂicaces
429 2095 613 2123 subsistentes
627 2099 654 2122 et
668 2094 809 2122 essentiaa:
822 2095 912 2122 oumis
927 2096 965 2123 si-

1025 2098 1079 2129 ;ἰσι,
1095 2098 1142 2124 καὶ
1156 2097 1283 2133 δυνάμεις
1307 2097 1403 2129 ζῶσαι,
1419 2098 1466 2124 καὶ
1480 2097 1535 2123 τῶν
1552 2096 1671 2132 ρευστῶν
1690 2096 1738 2122 καὶ
1753 2103 1809 2122 σω-

177 2142 288 2178 quidem
309 2146 401 2170 motus
413 2145 440 2169 et
453 2142 532 2177 quies
554 2143 614 2169 illic
637 2146 700 2171 sunt
724 2142 923 2174 subsistentes,
938 2146 966 2169 et

1025 2143 1138 2170 ιατικῶν
1160 2143 1326 2170 ἀλλοιώσεων
1350 2144 1514 2179 ὑπέρτεραι·
1533 2143 1574 2170 διὸ
1596 2142 1719 2169 νοοῦνται
1744 2142 1806 2177 μὲν,

180 2190 294 2218 virtutes
304 2190 383 2222 vivae,
407 2189 485 2224 125
501 2193 583 2224 atque
598 2188 679 2217 ﬂuxis
695 2190 890 2224 corporeisque
905 2197 966 2216 mu-

1025 2187 1053 2219 ὓς
1066 2188 1143 2215 ἄῡλοι
1153 2196 1160 2203 ·
1173 2187 1300 2215 νοοῦσιδὲ
1315 2187 1350 2214 τὰ
1364 2188 1439 2219 ὄντα,
1463 2188 1500 2220 ὡς
1515 2188 1574 2219 νόες
1597 2186 1739 2222 ἀσώματοι
1758 2187 1808 2213 καὶ

179 2236 328 2264 tationibus
353 2235 530 2271 superiores:
548 2235 609 2263 ideo
636 2235 828 2271 intelliguntur
841 2236 963 2271 quidem,

1025 2233 1193 2269 ixspxéapmt
1207 2233 1310 2260 ἄνωθεν
1329 2234 1529 2270 ὲλλαμπόμενοι
1547 2234 1611 2265 τοὺς
1623 2233 1750 2269 περὶτῶν
1759 2232 1808 2259 δνς

179 2287 208 2309 ιιι
236 2283 357 2310 materiae
384 2286 536 2317 expertes;
560 2282 715 2317 intelligunt
738 2287 828 2310 autem
854 2290 908 2314 res,
935 2286 966 2309 ut

1025 2288 1068 2306 των
1082 2279 1186 2313 λόγους,
1202 2280 1249 2306 καὶ
1270 2279 1473 2312 διαϐιϐάζοντες
1494 2280 1593 2311 αὐτοὺς
1609 2279 1748 2315 μυστικῶς
1764 2279 1810 2311 είς

178 2333 282 2355 mentes
297 2327 465 2362 incorporeas
475 2327 632 2362 mundoque
645 2328 757 2355 altiores
767 2327 794 2354 in
811 2328 964 2355 rationibus

1025 2325 1078 2356 τοὺς
1102 2325 1307 2360 ὐποδεΰηκότας
1328 2325 1461 2360 ἀγγέλους
1478 2325 1581 2361 ventio;
1599 2325 1647 2352 καὶ
1667 2325 1810 2352 ἀποκαλυ-

178 2380 270 2401 rerum
287 2380 406 2408 superne
433 2373 574 2406 illustrati,
600 2373 729 2408 ipsasque
743 2373 858 2409 mystice
873 2373 907 2400 ad
922 2374 965 2400 in-

1025 2371 1129 2403 ττικῶς.
1146 2371 1216 2408 Δύνῃ
1230 2372 1259 2398 δὲ
1273 2372 1320 2398 καὶ
1334 2372 1422 2403 ἄλλως
1438 2372 1535 2407 νοῆσαι
1554 2372 1585 2398 τὸ
1603 2371 1731 2407 δυνάμεις
1757 2371 1806 2397 καὶ

178 2419 293 2446 feriores
313 2419 424 2454 angelos
444 2427 507 2447 cum
525 2420 663 2447 intellectu
678 2423 705 2447 et
720 2420 885 2447 revelatione
909 2425 966 2446 tra-

1025 2418 1165 2453 vépyetat'
1178 2418 1227 2444 δυ)
1234 2417 1318 2453 ύμεις
1338 2418 1387 2453 μὲν
1409 2417 1472 2453 γὰρ,
1487 2418 1527 2444 ὅτι
1545 2417 1602 2449 καὶ,
1620 2418 1702 2453 μήπω
1711 2416 1765 2442 τῶν
1776 2417 1808 2442 ἐν

176 2464 314 2500 jicientes.
337 2463 418 2492 Potes
430 2469 520 2492 autem
540 2466 594 2492 alio
612 2465 694 2492 etiam
708 2465 792 2493 modo
809 2466 923 2493 virtutes
937 2469 965 2493 et

1025 2465 1049 2500 τῇ
1064 2465 1151 2491 κτίσει
1161 2464 1307 2499 φανέντων,
1320 2463 1435 2499 δυνάμει
1449 2464 1540 2490 πάντα
1552 2464 1582 2490 ὲν
1597 2462 1637 2498 τῷ
1656 2463 1714 2498 Θεῷ
1724 2464 1810 2497 προῦ-

178 2504 301 2538 ιιοιίοιιὲε
310 2509 433 2538 eilicaces
445 2510 610 2546 intelligere:
621 2512 735 2539 virtutes
746 2511 865 2546 quidem,
880 2511 964 2546 quod,

1025 2511 1157 2546 ρεστήκει,
1174 2510 1304 2546 μέλλοντα
1311 2510 1484 2546 παράγεσθαι
1494 2510 1527 2536 δι’
1537 2509 1620 2536 αὑτοῦ
1631 2509 1670 2540 είς
1676 2508 1706 2535 τὸ
1715 2507 1788 2534 εἷναι
1798 2516 1806 2523 ·

179 2564 241 2583 cum
268 2556 383 2583 necdum
399 2559 532 2583 creatura}
557 2561 729 2591 apparerent,
750 2556 842 2584 omnia
864 2557 966 2584 virtute

1025 2557 1157 2591 ἓνέργειιιι
1167 2557 1206 2588 δὲ,
1222 2557 1263 2583 ὅτι
1273 2556 1321 2583 καὶ
1331 2557 1399 2592 προς
1422 2556 1501 2592 ἔργον
1518 2557 1534 2591 ἡ
1549 2554 1714 2592 δημιουργία
1732 2563 1808 2588 παρ-

179 2601 208 2628 in
227 2600 281 2628 Deo
310 2605 388 2627 antea
413 2600 596 2633 substiterint,
622 2601 656 2628 ab
670 2609 703 2628 eo
729 2605 759 2628 ut
783 2604 875 2629 essent
901 2609 965 2636 pro-

1025 2602 1092 2638 ιχθη.
1112 2602 1269 2638 Σημείωσαι
1285 2603 1314 2629 δὲ
1335 2603 1382 2629 καὶ¹
1400 2603 1431 2629 τὸ
1454 2601 1508 2636 τῆς
1519 2601 1656 2636 ῥευστῆς
1675 2601 1808 2628 ἀλλοιώ-

178 2646 418 2681 ducendazporro
436 2647 559 2674 actiones
581 2646 716 2679 ellicaces,
741 2647 814 2682 quod
839 2652 964 2675 creatura

1025 2655 1091 2681 νεως
1110 2649 1148 2680 ὡς
1159 2649 1329 2687 ἡρμήνευσα,
1348 2648 1442 2684 ἐπειδὴ
1452 2647 1565 2684 τρεπτοὶ
1582 2648 1628 2674 καὶ¹
1642 2647 1668 2674 οἱ
1681 2646 1809 2681 ἄγγελοι,

178 2694 260 2720 etiam
275 2693 309 2721 ad
324 2693 509 2729 operationem
524 2693 653 2729 perducta
669 2693 760 2722 fuerit.
781 2693 898 2722 Adverte
912 2702 963 2722 au-

1025 2694 1085 2721 ιατὰ
1103 2696 1215 2731 γνώμην
1226 2694 1356 2730 δηλονότι,
1372 2695 1419 2721 καὶ
1434 2694 1483 2721 οὑκ
1498 2693 1603 2725 οὐσίαν,
1617 2693 1655 2725 ὡς
1672 2694 1811 2728 μαρτυρεῖ

178 2743 232 2766 tem
246 2740 381 2775 quomodo
398 2740 462 2767 illud
483 2740 564 2775 ﬂuxae
591 2740 749 2767 mutationes
777 2740 961 2775 exposuerim,

1025 2740 1172 2772 ιδιάῦολος,
1184 2740 1231 2767 καὶ
1249 2741 1279 2767 τὸ
1288 2741 1381 2776 τάγμα
1398 2739 1493 2773 αὑτοῦ,
1505 2739 1596 2767 πεσὼν
1612 2740 1644 2766 ἐκ
1658 2738 1704 2766 τοῦ
1719 2738 1809 2773 οὐρα-

178 2786 307 2820 quoniam
326 2789 352 2813 et
366 2786 454 2822 angeli
470 2786 613 2814 mutabiles
631 2789 706 2818 sunt,
723 2786 851 2813 nimirum
869 2786 897 2814 in
913 2794 961 2814 co-

1025 2786 1071 2818 νοῦ,
1086 2787 1124 2818 ὡς
1137 2787 1184 2814 καὶ
1197 2788 1225 2813 ὲν
1239 2786 1278 2822 τῷ
1294 2786 1353 2813 Ἰὼϐ
1364 2787 1394 2823 ἔγ
1405 2795 1470 2822 ¹μεν.

638 2865 753 2894 νΑΒΙΑΞ
771 2866 962 2895 LECTIONES
978 2865 1023 2894 ΕΤ
1041 2866 1320 2896 CORKECTIONES.

225 2944 247 2958 "
263 2943 349 2971 πάντα
362 2943 394 2970 δι’
410 2945 501 2980 αὐτῆς.
