1926 3062
147 147 195 178 Ξ-ίΙ

527 151 556 179 S.
575 151 700 180 MAXIM!
717 151 865 181 SCHOLIA
883 152 916 180 IN
932 152 996 181 LIB.
1017 152 1061 180 DE
1081 151 1206 180 DiVlNIS
1224 150 1422 180 NOMINIBUS.

1721 149 1775 178 212

148 212 280 248 gnitione,
298 219 353 238 non
371 218 436 239 vero
451 210 480 238 in
496 212 628 244 essentia,
653 211 726 240 sicut
758 211 904 240 confirmat
917 212 1054 244 diabolus,
1084 212 1199 247 ejusque
1223 215 1371 243 exercitus,
1405 217 1420 237 e
1448 209 1518 236 cosio
1541 208 1682 242 delapsus,
1703 209 1774 236 sicut

147 259 280 286 habemus
296 258 324 286 in
346 257 408 286 Job.

183 303 293 338 Φθορᾶς
304 304 354 331 καί
367 304 506 332 θανάτου.
524 304 617 332 Ταῦτα
633 303 688 340 γὰρ
705 304 838 340 σωμάτων
854 304 918 332 ἴδια.

1023 304 1044 330 Α
1065 303 1232 338 corruptione
1254 307 1278 329 et
1306 306 1399 329 morte.
1423 300 1486 328 Haec
1511 300 1584 328 enim
1611 300 1774 336 corporibus

184 394 303 428 οἰκείως
326 394 539 430 ἐλλάμπονται.
570 395 631 423 Ὅτι
659 395 695 422 τὰ
722 395 856 431 ἀσώματα
887 396 934 422 καὶ

145 441 258 476 οὐράνια
274 441 398 468 νοοῦνται
412 442 458 469 καὶ
471 442 572 469 νοοῦσι.

181 487 235 514 Kal
247 487 361 522 φρουρὰ
374 488 423 515 καί
439 488 535 515 ἑστία.
546 485 682 523 Μονὴκαὶ
695 487 771 514 ἑστία
785 488 818 514 ὲκ
832 487 935 523 παραλ-

145 533 226 568 λήλου
244 533 342 560 ταύτὸν
361 534 534 570 σημαίνουσι.
559 534 646 561 Φίλων
662 534 676 560 ὁ
698 533 824 565 Ἰουδαῖος
844 533 873 560 έν
895 533 935 568 τῷ

146 580 215 613 Περὶ
239 579 295 614 τῆς
312 580 460 614 galeris-nc
474 581 625 615 ῥομφαίας
643 580 692 607 καί
713 579 773 606 τῶν
795 579 935 614 χερουὸὶμ

146 625 216 660 λόγῳ
230 625 313 660 φησὶν
328 625 430 661 οὕτως,
441 625 473 653 Ἡ
483 626 512 653 δὲ
523 626 601 662 μονὴ,
611 625 665 652 τῶν
674 625 721 652 τοῦ
732 624 834 661 κόσμου
844 625 935 661 μερῶν

145 671 251 697 ἑστῶσα
267 671 383 704 παγίως,
399 671 476 698 ἑστία
492 671 559 707 πρὸς
571 671 626 698 τῶν
640 671 760 698 παλαιῶν
780 671 934 704 εὑθυϐὀλως

145 716 311 752 ὠνόμασται.
334 716 419 744 Τοῦτο
445 717 474 744 δὲ
503 718 549 744 καὶ
569 718 625 745 ἄνω
641 718 718 753 φησὶ,
731 718 795 753 περὶ
809 718 840 744 τὸ
858 717 934 750 τέλος

143 762 191 789 τοῦ
208 762 315 797 πρώτου
332 763 489 798 κεφαλαίου,
507 764 536 790 ἐν
549 765 582 799 τῇ
597 764 665 800 ἕκτῃ
682 765 862 799 παραγραφῇ.

179 808 231 844 §[l.
242 808 367 836 Ἐκεῖθεν
380 809 494 842 αὑταῖς.
505 810 541 845 Ση
546 810 660 846 μείωσαι
673 809 708 837 τὰ
716 811 780 846 περὶ
789 809 844 837 τῶν
854 810 933 844 ἀγγέ-

143 853 206 886 λων,
218 854 265 881 καὶ
277 855 318 881 ὃτι
336 855 370 882 τὰ
386 855 464 888 ἇῡλα,
483 856 530 882 καὶ
539 857 568 882 ὲν
576 855 700 891 ἀλλήλοις
715 857 799 891 χωρεί
814 856 934 891 ἀσυγχύ-

141 909 197 932 τως
210 901 257 927 καὶ
273 901 422 937 ἀποχωρεῖ,
433 902 481 929 καὶ
492 903 573 929 οἱονεὶ
585 902 688 938 βαθμὸς
698 902 746 929 καὶ
759 901 850 935 τάξεις
865 903 933 929 εἰσὶν

143 946 249 982 πρῶται
279 946 349 983 [καὶ]
375 947 512 984 δεύτεραι·
536 948 584 975 καὶ
596 948 638 974 ὅτι
668 949 692 974 oi.
715 947 781 975 θεῖοι
802 948 861 980 νόες
875 949 933 977 ἐκεῖ

985 357 1106 386 propria.

1021 396 1142 430 Propriis
1168 395 1316 423 rationibus
1345 394 1527 421 illustrantur.
1556 391 1720 428 lncorporea
1746 395 1774 420 et

985 442 1108 470 cmlestia
1120 441 1236 477 intelligi
1251 446 1333 476 atque
1349 440 1510 476 intelligere.

1020 486 1055 514 Et
1065 486 1186 514 custodia
1199 491 1224 513 et
1237 486 1350 513 mansio.
1365 485 1444 520 Μονή
1455 489 1482 513 et
1498 484 1574 512 ἑστία
1589 484 1641 512 sibi
1656 484 1772 512 invicem

985 534 1084 562 collata
1100 533 1172 561 idem
1189 531 1354 568 significant.
1371 531 1448 558 Philo
1462 530 1584 562 Iudaeus,
1600 530 1628 558 in
1648 530 1719 558 libro
1736 530 1774 558 De

984 581 1109 614 ﬂammea
1122 579 1255 612 romphwa
1269 586 1293 606 et
1305 577 1465 611 cherubinis,
1479 578 1517 604 ita
1543 577 1665 612 loquitur
1681 577 1729 605 :‘H
1744 577 1774 604 δὲ

986 627 1054 662 μονή
1073 634 1122 654 seu
1144 625 1252 654 mansio
1276 625 1397 660 partium
1417 623 1512 651 mundi
1544 627 1621 651 stans
1646 623 1771 655 firmiter,

984 673 1060 700 ἑστία
1082 673 1117 700 ab
1135 672 1256 708 antiquis
1273 675 1348 700 recta
1370 670 1530 706 conjectura
1554 669 1695 698 nominata
1718 673 1771 698 est.

985 717 1043 746 Hoc
1059 722 1150 746 autem
1167 718 1251 745 etiam
1268 716 1395 752 superius
1412 715 1489 748 dicit,
1505 715 1580 742 circa
1596 714 1676 742 linem
1690 715 1772 750 primi

985 764 1083 799 capitis
1099 764 1127 791 in
1142 763 1313 799 paragrapho
1328 767 1416 790 sexto.

1019 808 1033 844 ᾗ
1047 809 1079 836 ll.
1095 808 1161 836 Inde
1177 808 1243 836 illis.
1258 807 1377 835 Adverte
1393 815 1453 843 qua:
1473 806 1508 834 de
1529 807 1634 843 angelis
1650 807 1732 839 dicat,
1746 810 1772 834 et

984 855 1162 890 incorporeos
1175 862 1238 882 esse
1261 857 1343 889 atque
1359 861 1388 881 se
1401 853 1519 881 invicem
1536 853 1596 880 sine
1610 853 1773 880 confusione

983 904 1128 936 penetrare
1139 905 1166 928 et
1179 900 1344 935 relinquere,
1359 907 1391 927 ac
1400 900 1484 927 veluti
1496 898 1598 935 gradus
1608 899 1773 934 ordinesque

984 947 1039 975 sint
1051 946 1133 982 primi
1150 950 1178 974 et
1191 946 1327 980 secundi;
1343 952 1452 973 necnon
1468 945 1577 972 divinas
1598 948 1703 973 mentes
1716 944 1773 972 illic

143 994 207 1029 περὶ
222 994 333 1025 ἑαυτοὺς
343 993 502 1026 ἑλίσσονται,
519 994 569 1029 οὐχ
583 993 664 1027 ἓλιξίν
680 1002 741 1020 τινα
758 995 925 1031 σωματικὴν,

982 994 1086 1021 circum
1101 993 1208 1028 seipsas
1218 992 1303 1024 volvi,
1319 999 1376 1019 non
1390 991 1532 1020 volutione
1544 991 1661 1027 quadam
1673 999 1772 1027 corpo-

141 1039 198 1066 ἀλλ*
209 1039 394 1075 ὑπερκόσμιον
414 1041 461 1068 καὶ
481 1040 589 1076 ωερὰν,
605 1041 652 1067 καὶ
674 1040 733 1067 οταν
749 1041 854 1076 πέφυκε
870 1041 932 1073 νοῦς

141 1086 304 1119 ἑλίττεσθαι,
320 1086 350 1119 ἐξ
367 1086 465 1113 ἑαυτοῦ
480 1085 582 1122 προῖὼν
598 1087 638 1118 είς
652 1087 815 1122 ἐπινοήσεις,
831 1087 877 1114 καὶ
893 1088 932 1120 εἰς

140 1131 237 1158 ἑαυτὸν
260 1132 480 1168 ἀναστρέφων¹⁶,
499 1133 530 1159 οὺ
549 1133 601 1168 μὴν
622 1131 675 1166 ἔξω
689 1133 786 1159 ἑαυτοῦ
806 1133 929 1169 χωρῶν¹⁷

139 1178 293 1210 σκεδαστῶς
315 1178 362 1205 καὶ
387 1177 540 1214 μεριστῶς·
558 1177 639 1204 τοῦτο
657 1178 820 1205 αἰνίττονται
839 1179 887 1205 καὶ
905 1180 931 1206 oi

138 1224 214 1260 παρὰ
237 1224 285 1251 τοῦ
310 1224 454 1251 θεσπεσίου
475 1224 603 1261 Ἰεζεκιὴλ
620 1226 713 1260 τροχοὶ
729 1225 928 1261 πολυόμματον

137 1271 185 1297 καὶ
198 1271 239 1298 ἇτι
257 1271 321 1307 περὶ
335 1271 381 1297 τὸν
396 1270 467 1298 θεῖον
480 1271 568 1307 ἔρωτα
582 1272 611 1298 ὲν
633 1271 780 1307 ταύτότητι
804 1273 858 1299 sict
883 1273 930 1300 καὶ

136 1316 282 1352 ἀκρότητυ
297 1317 462 1351 ταύτότητα
477 1317 506 1344 δὲ
519 1317 628 1353 νοητέον
650 1317 699 1353 τὴν
713 1318 899 1346 ἀναπὸστατον
906 1320 929 1338 ’⁸

136 1363 206 1398 πρὸς
217 1362 283 1389 Θεδν
295 1363 448 1398 προσοχὴν·
466 1363 616 1397 ἀκρότητα
628 1363 667 1397 δὲ,
682 1363 732 1399 τὴν
746 1363 796 1399 τῆς
810 1365 929 1399 νοήσεως

135 1408 225 1435 αὐτῶν
240 1409 287 1435 καὶ
301 1408 396 1440 οὐσίας
412 1409 461 1444 ἠδη
485 1417 545 1440 πως
565 1410 605 1440 είς
621 1409 718 1436 θέωσιν
735 1409 848 1445 πρόοδον
868 1410 929 1445 νόη-

136 1463 195 1481 σον·
204 1454 308 1487 καὶτὰς
317 1455 441 1488 ἐνώσεις
450 1455 488 1487 δὲ,
495 1455 549 1488 τὰς
557 1455 633 1490 πρὸς
642 1456 783 1490 ἀλλήλας
789 1456 849 1483 τῶν
859 1465 928 1491 νοη-

135 1499 204 1532 τῶν,
223 1500 269 1527 τὸν
279 1501 347 1536 πρὸς
365 1500 496 1536 ἀλλήλους
509 1501 648 1537 θεοπρεπῆ
663 1502 760 1538 νόησον
771 1501 870 1538 ἔρωτα,
886 1503 926 1535 ὃς,

135 1545 205 1578 θεῖος
220 1546 257 1573 ὢν
276 1547 323 1573 καὶ
338 1547 469 1579 ὲνοποιδς,
487 1547 617 1574 συνάπτει
634 1548 744 1580 αὐτοὺς,
762 1548 792 1575 οὺ
807 1548 927 1584 σωρηδὸν

135 1592 318 1628 συγκομίζων,
334 1593 390 1620 ἀλλ’
405 1593 556 1628 ἀγαπητῶς
575 1594 741 1630 συνδεσμῶν.
760 1593 820 1621 Τῶν
833 1595 863 1621 δὲ
881 1595 926 1622 ὕν-

133 1646 188 1664 των
208 1639 256 1665 καὶ
277 1638 331 1665 τῶν
354 1639 468 1674 νοητῶν,
487 1639 526 1671 ὡς
551 1640 599 1667 καὶ
623 1640 679 1667 τῶν
699 1641 812 1676 νοητῶν,
826 1641 864 1674 ὡς
879 1643 926 1669 καὶ

983 1047 1045 1071 rea,
1061 1039 1108 1068 sed
1133 1047 1193 1074 quae
1214 1039 1348 1066 mundum
1364 1038 1451 1066 vincit
1465 1042 1493 1066 et
1506 1038 1663 1074 intelligens
1676 1042 1728 1071 est,
1744 1043 1772 1066 et

982 1086 1031 1113 tali
1046 1093 1107 1121 quae
1126 1088 1244 1113 mentem
1259 1086 1369 1113 volvere
1385 1088 1485 1120 potest,
1502 1092 1536 1112 ex
1553 1085 1642 1120 seipsa
1654 1084 1688 1112 ad
1704 1092 1772 1112 con-

982 1131 1162 1160 siderationes
1191 1131 1389 1167 progrediens,
1417 1135 1501 1166 atque
1526 1131 1555 1158 in
1583 1131 1701 1166 seipsam
1727 1139 1772 1158 re-

981 1179 1078 1211 diens,
1099 1186 1155 1206 non
1177 1185 1242 1206 vero
1265 1183 1343 1206 extra
1366 1177 1484 1213 seipsam
1506 1185 1569 1205 cum
1597 1177 1771 1212 separatione

980 1228 1007 1252 et
1031 1224 1165 1252 divisione
1198 1224 1308 1257 abiens;
1337 1224 1390 1251 hoc
1421 1224 1504 1252 etiam
1536 1223 1678 1251 insinuant
1703 1226 1771 1250 rotae

980 1278 1040 1306 quae
1053 1271 1147 1298 multis
1170 1270 1242 1306 apud
1268 1270 1467 1305 diviniloquum
1500 1269 1673 1297 Ezechielem
1700 1277 1770 1297 con-

980 1321 1055 1344 stant
1076 1317 1179 1351 oculis;
1203 1324 1234 1344 ac
1254 1324 1315 1345 esse
1337 1317 1413 1344 circa
1443 1316 1565 1344 divinum
1594 1324 1715 1345 amorem
1741 1317 1770 1344 in

979 1363 1123 1392 identitate
1153 1367 1181 1391 et
1217 1363 1414 1391 extremitate:
1433 1371 1481 1398 per
1513 1362 1678 1390 identitatem
1704 1371 1770 1391 vero

979 1409 1196 1445 intelligendum,
1218 1409 1331 1437 minime
1350 1409 1528 1437 desistentem
1549 1416 1612 1436 cum
1635 1408 1689 1437 Deo
1702 1416 1770 1437 con-

976 1455 1147 1491 junctionem
1161 1463 1168 1482 :
1183 1463 1232 1491 per
1246 1455 1440 1483 extremitatem
1454 1462 1520 1483 vero
1540 1455 1660 1491 intelligo
1678 1455 1770 1490 cogni-

978 1502 1062 1531 tionis
1076 1503 1197 1538 ipsarum
1209 1506 1237 1530 et
1252 1502 1380 1530 essentiae
1392 1509 1568 1537 progressum
1587 1509 1642 1537 quo
1657 1500 1713 1529 fere
1729 1501 1768 1529 dii

976 1553 1126 1577 evaserunt
1143 1558 1150 1577 :
1166 1556 1215 1584 per
1231 1553 1338 1576 mutuas
1365 1553 1458 1576 autem
1479 1548 1688 1584 intelligibilium
1708 1549 1768 1575 uni-

978 1596 1073 1627 tiones,
1088 1595 1211 1631 intellige
1226 1594 1281 1623 Deo
1295 1594 1408 1631 dignum
1420 1602 1475 1629 quo
1490 1601 1521 1622 se
1537 1593 1654 1622 invicem
1670 1601 1767 1629 prose-

976 1645 1099 1677 quuntur
1112 1648 1243 1674 amorem,
1260 1642 1319 1678 qui,
1344 1640 1455 1668 divinus
1475 1647 1538 1668 cum
1561 1641 1606 1674 sit,
1626 1648 1767 1675 unumque

132 1683 188 1710 τῶν
210 1684 346 1719 αἰσθητῶν
372 1684 525 1720 ὁμωνύμως
545 1685 708 1721 λεγομένων,
727 1687 762 1714 τὰ
783 1687 832 1722 μὲν
851 1687 925 1714 ἔστιν

981 1687 1072 1720 faciat,
1085 1688 1159 1723 ipsos
1171 1687 1326 1723 coniungit,
1343 1695 1398 1716 non
1413 1687 1561 1714 acervatim
1577 1690 1764 1722 comportatis,

133 1730 259 1766 ἡνωμένα
272 1731 320 1758 καὶ
340 1730 590 1767 ἅλληλουχούμενα·
605 1732 640 1759 τὰ
661 1733 691 1760 δὲ
712 1733 864 1769 διῃρημένα
880 1736 927 1762 καὶ

132 1777 162 1803 ὲν
182 1777 342 1813 παραθέσει,
362 1775 418 1804 οἷον
437 1779 573 1813 σωρηδόν·
589 1779 638 1806 καὶ
661 1779 763 1815 νοητῶν
785 1781 834 1816 μὲν
853 1781 925 1816 ἠνω-

134 1822 213 1857 μένα,
233 1820 289 1850 οἷον
308 1823 388 1856 ζῶον,
412 1824 460 1850 καὶ
478 1824 547 1858 φῶς.
562 1825 611 1851 καὶ
628 1825 722 1861 νοητὸς
745 1826 856 1861 κόσμος,
879 1828 926 1854 καὶ

132 1869 182 1895 ὅσα
199 1868 325 1896 τοιαῦταο
352 1867 501 1906 διῃρημένα
528 1870 558 1897 δὲ
581 1871 628 1898 καὶ
648 1871 677 1897 ὲν
693 1872 853 1907 παραθέσει,
868 1870 924 1900 οἷον

133 1915 257 1950 στρατιὰ,
272 1914 358 1948 τάξις,
374 1915 487 1952 πατριὰ,
503 1916 651 1952 χορός-ἐπὶ
666 1917 695 1943 δὲ
708 1918 844 1954 αἰσθητῶν
857 1919 923 1946 ἕνω-

133 1969 184 1994 σις,
203 1960 282 1994 ζῶον,
298 1961 416 1998 δένδρον,
431 1962 549 1998 κόσμος⁸
567 1962 700 1998 διαίρεσις
716 1963 754 1998 δὲ,
779 1965 851 1991 κατὰ
867 1973 920 1992 σω-

131 2007 218 2043 ρείαν,
235 2008 347 2043 ποίμνη,
360 2008 455 2044 δῆμος,
470 2010 566 2045 σωρὸς,
583 2010 671 2045 χορός.

980 1733 1113 1770 1265εᾶ
1129 1734 1283 1761 amabiliter
1293 1734 1496 1768 constringens.
1510 1734 1613 1760 Ὄντων
1629 1733 1669 1770 ᾷέ,
1684 1733 1766 1761 rebus

977 1783 1067 1808 autem
1077 1784 1105 1808 et
1119 1780 1220 1816 νοητῶν
1233 1780 1461 1816 intelligibilibus,
1479 1787 1511 1808 ac
1525 1779 1608 1807 etiam
1627 1779 1765 1815 αἰσθητῶν

976 1826 1124 1855 sensilibus
1131 1827 1182 1854 sub
1188 1827 1283 1854 eodem
1296 1827 1406 1854 nomine
1412 1826 1629 1862 comprehensis,
1641 1826 1694 1853 alia
1702 1831 1766 1854 sunt

976 1873 1053 1900 unita
1077 1877 1106 1901 et
1125 1881 1140 1900 a
1165 1881 1195 1901 se
1217 1877 1314 1900 mutuo
1340 1873 1538 1908 dependentia,
1565 1873 1618 1900 alia
1638 1880 1704 1900 vero
1723 1873 1766 1900 di-

974 1919 1033 1946 visa
1047 1919 1209 1955 et_apposita
1222 1919 1306 1947 veluti
1318 1919 1467 1947 acervatim
1484 1929 1490 1947 :
1508 1926 1540 1946 ac
1553 1918 1764 1955 intelligibilium

975 1965 1077 2001 νοητῶν
1094 1965 1203 2001 quidem
1227 1966 1314 1998 unita,
1335 1969 1366 1993 ut
1382 1965 1496 1999 animal,
1514 1970 1541 1993 et
1564 1965 1667 1997 lumen,
1683 1970 1764 2000 atque

975 2011 1154 2047 intelligibilis
1175 2011 1304 2044 mundus,
1329 2015 1356 2040 et
1381 2019 1442 2047 quae
1465 2012 1580 2046 similia;
1596 2011 1684 2039 divisa
1699 2019 1764 2039 vero

129 2058 157 2081 et
171 2054 305 2089 apposita,
320 2056 395 2083 velut
409 2057 558 2089 exercitus,
581 2057 660 2090 ordo,
676 2056 790 2091 familia,
806 2058 907 2086 chorus
920 2069 926 2086 :
946 2059 973 2086 in
989 2059 1138 2087 sensilibus
1154 2063 1245 2087 autem
1262 2059 1362 2092 unitio,
1374 2058 1487 2091 animal,
1501 2058 1594 2091 arbor,
1628 2058 1761 2091 mundus,

129 2100 228 2128 divisio
244 2109 318 2134 vero,
337 2110 385 2137 per
406 2104 652 2136 coacervationem,
675 2112 753 2140 grex,
774 2106 903 2140 populus,
921 2113 1047 2138 acervus,
1059 2107 1172 2134 chorus.

171 2146 218 2173 Ἐν
231 2146 271 2180 τῷ
287 2147 355 2183 Περὶ
376 2148 431 2175 τῶν
451 2149 613 2183 ἁγγελικῶν.
633 2150 699 2178 Ἰδοὺ
720 2151 783 2178 ἄλλο
807 2152 917 2188 πόνημα

128 2193 266 2221 Διονυσίου
279 2193 412 2230 ζητεῖται,
431 2197 500 2230 Περὶ
512 2195 570 2224 τῶν
583 2197 748 2232 dfrthqu
764 2198 916 2232 ἰδιοτήτων

127 2238 176 2264 καὶ
190 2238 311 2271 τάξεων.

161 2286 197 2312 Αἰ
229 2285 471 2321 ἀπελοπρεπεῖς.
514 2289 742 2326 Ἀγγελοπρεπετς
767 2291 916 2328 καθάρσεις

126 2333 219 2367 φησὶν,
234 2330 289 2359 οἷον
303 2333 354 2369 τὴν
375 2334 485 2361 Ἠσαῖου
502 2337 551 2363 καὶ
567 2337 617 2372 τὴν
640 2337 769 2374 ’ἶεζεκιὴλ
784 2339 915 2374 φαγόντος

125 2379 155 2404 ἐν
162 2378 289 2406 ἐκστάσει
300 2379 348 2416 τὴν
359 2381 490 2416 κεφαλίδα
497 2381 544 2409 τοῦ
553 2382 665 2418 βιϐλίου.
672 2384 798 2411 Τελεσιου
803 2384 882 2420 ργίαν
887 2385 916 2411 δὲ

124 2424 247 2459 ἀγγέλων
262 2425 347 2460 λέγει,
362 2427 399 2459 ὡς
417 2428 463 2455 ἐπὶ
478 2428 525 2455 τοῦ
546 2430 655 2466 Δανιὴλ,
671 2431 718 2457 καὶ
732 2431 780 2458 τοῦ
796 2431 913 2466 ἀγγέλου

123 2469 171 2497 τοῦ
190 2471 408 2507 ἑρμηνεύσαντας
430 2475 506 2508 αὐτὸ,
521 2475 569 2502 καὶ
583 2477 647 2511 περὶ
659 2476 706 2503 τοῦ
728 2477 854 2512 ποιμένος
867 2478 914 2504 τὸν

130 2516 233 2552 Ἑρμᾶν
247 2517 450 2553 τελειώσαντος,
465 2521 504 2552 ὡς
519 2522 578 2548 tutel
589 2522 744 2559 ἀνέγνωμεν
755 2524 784 2550 ἐν
799 2523 838 2559 τῷ
849 2524 913 2550 Ποι-

124 2562 198 2597 μένι·
225 2563 292 2591 ἀλλὰ
316 2565 363 2591 καὶ
381 2566 457 2592 αὐτοὶ
481 2567 506 2593 οἰ
531 2567 642 2602 ἄγγελοι
663 2569 722 2599 πῶς
738 2569 914 2606 καθαίρονται

123 2608 170 2635 καὶ
191 2608 444 2646 τελεσιουργοῦνταί
468 2621 550 2649 φησιν
566 2615 595 2640 ὲν
610 2614 650 2650 τῷ
676 2615 746 2649 Περί
772 2616 914 2650 οὐρανίας

122 2655 275 2690 Ιεραρχίας
291 2656 374 2693 λόγῳ.

157 2702 211 2729 Καὶ
231 2703 308 2731 εἶναι
328 2704 486 2739 ἀγγέλους.
510 2706 561 2734 Διὰ
587 2707 614 2734 τί
635 2707 747 2742 ἄγγελοι
771 2708 910 2743 λέγονταυ

122 2748 168 2774 καὶ
182 2749 222 2775 ὅτι
239 2750 286 2776 καὶ
302 2751 377 2777 αὐτοὶ
391 2751 477 2786 φῶτα.

1007 2152 1040 2180 In
1057 2153 1125 2180 libro
1141 2152 1178 2180 De
1193 2152 1341 2186 Angelicis.
1359 2151 1430 2179 Ecce
1445 2151 1518 2178 aliud
1540 2158 1611 2186 opus
1625 2150 1759 2185 Dionysii,

969 2199 1008 2226 De
1026 2199 1151 2234 angelicis
1170 2198 1373 2234 proprietatibus
1395 2203 1420 2225 et
1440 2196 1593 2229 ordinibus,
1619 2195 1760 2224 desidera-

969 2249 1025 2274 tur.

1003 2292 1151 2327 Ang'elicte,
1173 2291 1219 2319 Gr.
1248 2291 1474 2327 ἀγγελοπρεπείς.
1510 2289 1756 2324 ’Δγγελοπρεπεῖς,

967 2338 1068 2374 angelis
1084 2339 1273 2371 convenientes,
1286 2337 1458 2373 expiationes
1483 2336 1559 2368 dicit,
1587 2335 1659 2364 sicut
1683 2335 1759 2362 illam

969 2385 1046 2413 Isaiae
1065 2389 1091 2412 et
1111 2384 1264 2412 Ezechielis
1285 2383 1446 2412 devorantis
1474 2384 1503 2410 in
1523 2389 1639 2411 excessu
1659 2381 1759 2410 mentis

964 2434 1047 2466 caput
1061 2431 1134 2459 libri.
1152 2431 1238 2459 Porro
1251 2429 1429 2466 perfectionis
1448 2429 1620 2458 ellicientiam
1642 2428 1759 2463 angelo-

963 2486 1024 2506 rum
1040 2483 1132 2510 vocat,
1151 2478 1223 2506 sicut
1239 2479 1267 2505 in
1281 2477 1404 2510 Daniele,
1416 2481 1443 2504 et
1460 2477 1556 2513 angelo
1567 2477 1656 2512 ipsum
1672 2476 1758 2504 inter-

964 2528 1098 2560 pretante,
1121 2528 1203 2560 atque
1227 2524 1256 2552 in
1284 2527 1394 2559 pastore
1423 2522 1551 2551 “mnam
1579 2521 1754 2557 perﬁciente,

963 2571 1036 2599 sicut
1053 2571 1090 2599 ibi
1113 2570 1230 2606 legimus
1249 2571 1278 2598 in
1302 2570 1374 2598 libro
1386 2570 1434 2605 qui
1453 2573 1566 2597 vocatur
1580 2568 1755 2595 Pastor:ve-

963 2625 1024 2644 rum
1043 2621 1071 2645 et
1080 2617 1219 2653 quomodo
1235 2617 1287 2652 ipsi
1303 2617 1395 2652 angeli
1409 2617 1555 2651 expientur
1569 2618 1596 2643 et
1612 2613 1754 2650 perﬁcian-

963 2668 1018 2695 tur.
1030 2664 1097 2692 dicit
1111 2664 1139 2691 in
1154 2664 1225 2692 libro
1243 2663 1280 2691 De
1295 2664 1393 2692 calcati
1409 2663 1569 2691 hierarchia.

1000 2709 1111 2745 Sintque
1125 2710 1222 2745 angeli.
1236 2709 1292 2738 Cur
1311 2710 1400 2746 angeli
1422 2709 1561 2739 dicantur,
1575 2713 1677 2741 eosque
1690 2713 1753 2736 esse

964 2756 1079 2785 lumina.

587 2830 703 2859 VARI/ﬂ
723 2831 915 2861 LECTIONES
932 2833 976 2861 ΕΤ
993 2833 1268 2863 COIillECTlONES.

160 2885 184 2903 "
196 2887 419 2924 lnavasrpétpwv,
454 2890 475 2906 ²⁷
489 2890 647 2926 ὑποχωρῶν.
683 2892 704 2908 ’⁸
719 2891 768 2928 τὴν
784 2892 833 2918 οὐκ
847 2892 1008 2920 ἀπόπατον.
