1923 3064
155 120 210 148 245

529 119 558 147 S.
577 119 699 147 MAXIM]
720 119 865 148 SCHOLlA
882 121 915 148 IN
932 121 994 148 LIB.
1015 121 1059 148 DE
1077 121 1200 150 DlVlNlS
1217 120 1414 150 NOMINIBUS.

1732 123 1784 150 ΞΜ

154 179 380 215 ὑποπερατώσεις
391 179 413 195 ³³
436 179 545 216 νοητέον
571 179 620 214 τὴν
645 178 682 210 ὡς
703 180 735 205 ἐκ
755 179 868 214 σημείου
891 179 936 214 ἧτο

1001 183 1131 215 tanquam
1154 187 1187 207 ex
1207 182 1309 215 puncto
1326 187 1372 206 seu
1389 183 1484 206 centro
1501 179 1648 206 voluntatis
1664 178 1720 211 hei,
1739 187 1784 205 ro-

153 227 268 262 κέντρου
285 225 331 252 τοῦ
349 225 500 261 θελήματος
516 224 563 252 τοῦ
579 224 659 255 Θεοῦ.
681 224 816 256 κυκλικῶς
830 225 947 252 ὑποστα-

155 282 205 299 σαν
213 272 236 288 ³³
246 271 302 298 τῶν
318 271 440 308 οὐρανῶν
456 271 613 307 σφαιροειδῆ
635 270 833 306 δημιουργίαν·
848 270 878 296 τὸ
892 270 947 306 γὰρ

153 318 282 345 κυκλικὸν
294 318 386 353 σχῆμα
397 318 546 354 ἀρχόμενον
560 317 590 349 ἐξ
600 316 707 347 ἑαυτοῦ,
718 318 757 348 εἰς
772 316 852 343 ἑαυτὸ
866 325 947 352 περα-

152 363 262 390 τοῦται·
275 363 324 399 τὴν
342 363 369 390 δὲ
387 363 514 399 οὐρανίαν
525 363 619 390 οὐσίαν
628 363 732 398 ἀναυξῆ
749 364 796 390 καὶ
812 364 946 398 ἀμείωτόν

151 417 246 445 φησιν,
257 409 295 440 ὡς
303 409 414 440 τελείως
423 408 535 444 ἔχουσαν
548 409 595 436 καὶ
609 409 753 445 αὐτάρκως
763 410 785 426 ³⁸
798 410 887 446 πρὸςὸ
901 411 947 445 γέ-

151 464 214 490 γονε
223 464 230 470 ·
243 455 283 482 διδ
292 455 338 482 καὶ
352 455 528 482 ἀναλλοίωτον
545 456 631 491 αὐτὴν
642 455 726 490 λέγει,
738 455 766 489 ἐξ
777 453 807 483 οὗ
822 456 944 490 γέγονεν,

149 501 183 528 οὐ
200 503 441 537 παρατραπεῖσαν·
458 501 573 529 τέλειον
586 502 614 529 δέ
630 503 713 535 ἐστιν,
728 502 742 529 ὃ
768 503 836 538 μήτε
858 502 944 535 αὔξει,

155 549 226 584 μήτε
235 548 368 584 μειοῦται.
378 548 633 582 ’Υποπερατώσεις
643 549 671 575 δὲ
683 548 752 579 αὐτὰ
761 549 888 584 κέκληκε,
897 550 944 576 καὶ

150 594 203 621 οὐκ
219 593 470 628 ἀποπερατώσεις,
481 594 524 621 διὰ
539 594 569 620 τὸ
582 595 728 631 σφαιρικὴν
745 595 794 630 μὲν
807 592 877 621 εἶναι
895 595 944 630 τὴν

150 640 273 676 κίνησιν·
291 641 322 667 οὐ
345 641 446 676 κυρίως
461 641 488 667 δὲ
506 641 592 676 πέρας
618 641 700 676 ἔχειν,
718 641 774 667 ἀλλ’
792 641 873 668 οἱονεὶ
894 642 943 668 πέ-

150 695 204 721 ρας
219 686 268 722 τὴν
283 686 329 712 ἐπὶ
343 686 373 713 τὸ
389 686 455 713 αὐτὸ
470 686 564 722 ὥσπερ
577 687 630 713 ἀπό
644 695 716 719 ¹ιινος
731 687 819 722 ἀρχῆς
837 687 882 713 ἐπί
905 696 941 719 τι,

150 730 207 759 οἷον
222 733 308 769 πέρας
322 732 450 768 φέρεσθαι
473 733 552 768 τυχὸν
575 733 717 769 ἀνατολήν.
741 733 896 768 Σημείωσαι
915 734 942 761 δὲ

150 779 193 805 ὃτι
209 779 256 806 καὶ
265 779 397 806 κινεῖσθαι
411 779 522 814 ἀψόφως
537 780 603 815 φησὶ
619 779 664 806 καί
679 779 885 815 ἀνεπαισθήτως
897 780 942 806 τὸν

147 825 279 860 οὐρανόν·
295 824 326 850 τὸ
337 825 359 851 δ’
369 825 459 851 ἐνίων
481 825 615 859 ἀστέρων
627 824 825 860 μεταϐατικῆς
847 827 941 852 πολιν-

999 226 1110 252 tundam
1132 226 1263 253 emlorum
1282 225 1487 252 fabricationem
1508 224 1535 251 in
1555 225 1673 252 circuitu
1692 225 1784 252 subsi-

999 275 1130 304 stentem;
1156 271 1300 298 circularis
1323 270 1396 298 enim
1423 270 1507 305 ﬁgura
1533 277 1566 297 ex
1598 271 1689 304 seipsa
1715 270 1784 297 inci-

998 317 1076 352 piens
1092 317 1120 344 in
1141 318 1231 352 seipsa
1253 317 1429 349 terminatur;
1443 316 1582 343 cmlestem
1600 323 1663 342 vero
1688 324 1783 343 essen-

997 363 1063 390 tiam
1088 371 1177 398 neque
1191 370 1326 395 crescere,
1343 370 1430 398 neque
1448 362 1535 389 minui
1550 362 1598 394 ait,
1617 366 1647 389 ut
1663 362 1783 397 perfecte

997 414 1024 438 et
1050 409 1221 437 sufficienter
1244 409 1325 437 ﬁnem
1360 417 1441 437 suum
1466 412 1644 436 assecutam:
1667 408 1782 444 ideoque

997 454 1194 481 immutabilem
1220 455 1307 489 ipsam
1331 453 1409 486 dixit,
1426 462 1458 482 ex
1483 462 1538 489 quo
1563 453 1635 481 facta
1661 459 1713 486 est,
1727 462 1780 482 non

997 507 1153 535 perversam
1181 510 1186 527 :
1214 499 1357 535 perfectum
1388 504 1478 527 autem
1499 503 1555 532 est,
1590 499 1663 535 quod
1693 508 1780 535 neque

987 546 1106 578 crescit,
1124 554 1212 581 neque
1226 546 1368 573 minuitur.
1383 545 1446 573 Ηιεο
1462 554 1543 581 porro
1561 546 1780 582 ὕποπερατὼσεις

996 600 1049 619 ιιοιι
1068 596 1158 620 autem
1175 592 1397 628 ἀποπερατώσεις
1416 593 1533 626 vocavit,
1551 593 1614 628 quia
1633 597 1724 621 motus
1738 597 1780 620 cst

994 638 1154 671 circularis;
1184 639 1332 673 improprie
1355 646 1421 666 vero
1439 639 1585 666 terminum
1617 639 1706 669 habet.
1732 640 1778 667 sed

993 684 1076 712 veluti
1100 684 1265 717 terminum,
1289 689 1379 712 motus
1401 685 1447 720 qui
1471 685 1505 712 ad
1531 685 1601 713 idem
1626 686 1779 720 (punctum)

994 731 1066 758 sicut
1088 731 1122 758 ab
1143 731 1235 766 aliquo
1259 731 1394 766 principio
1411 730 1444 758 ad
1461 731 1564 766 aliquid
1580 732 1663 759 veluti
1686 731 1780 759 termi-

993 784 1058 804 num
1069 785 1095 804 v.
1113 784 1142 812 g.
1156 777 1288 804 orientem
1302 776 1398 805 fertur.
1414 776 1494 809 Nota.
1506 785 1568 805 eum
1584 778 1675 805 dicere
1695 777 1780 805 caelos

994 823 1054 850 sine
1073 830 1142 850 sono
1156 827 1184 850 et
1195 823 1299 858 absque
1316 831 1399 851 sensu
1425 824 1544 851 moveri:
1559 824 1640 858 128
1654 823 1718 850 illud
1734 831 1779 850 au-

149 871 289 904 κινησίας
311 871 375 907 περ)⁸
396 871 451 897 τῶν
476 871 617 906 πλανήτων
640 871 716 907 φησί.
742 871 899 906 Σημείωσαι
914 871 936 898 δὲ

995 874 1049 897 tem
1067 879 1073 896 :
1089 869 1264 902 Quarundam
1290 870 1428 897 stellarum
1458 870 1594 904 multipch
1618 875 1706 897 motu:
1727 878 1778 904 quo

148 915 300 949 καὶτοῦτο,
317 917 358 944 ὃτι
378 918 478 949 αὐτοὺς
496 917 593 952 μόνους
607 917 715 950 ἐδέξατο
732 917 875 943 κινεῖσθαι.
889 917 941 952 Ση-

150 962 268 1001 μείωσαι
283 962 310 989 δὲ
325 963 372 989 καὶ
390 962 470 990 πόθεν
481 964 507 990 αί
523 963 646 999 χρονικαὶ
660 963 831 998 ἀριθμήσεις.

185 1052 253 1088 [Καὶ
273 1053 328 1087 τῆς
345 1052 405 1080 τῶν
418 1053 472 1080 δύο
487 1053 661 1088 φωστήρων,
673 1052 726 1086 οὓς
741 1053 777 1080 τὰ
787 1054 878 1087 Λόγια
888 1062 938 1080 κα-

146 1099 199 1126 λεῖ
216 1099 379 1134 μεγάλους.
405 1099 457 1125 Δύο
480 1099 628 1135 φωστῆρας
652 1100 698 1126 τὸν
723 1099 796 1134 ἣλιον
820 1100 866 1126 καὶ
890 1100 940 1134 τὴν

148 1145 265 1180 σελήνην
282 1145 362 1180 φησί’
379 1145 530 1180 μεγάλους
543 1145 571 1171 δὲ
589 1143 666 1172 εἶπεν
684 1145 815 1181 ἑπόμενος
834 1145 872 1180 τῷ
887 1146 939 1172 Δα-

146 1191 190 1217 υίδ
198 1199 205 1206 ⁸
218 1191 308 1225 Λόγια
317 1191 346 1217 δὲ
358 1192 420 1222 τοὺς
434 1191 537 1218 ἐκείνου
546 1191 678 1226 Ψαλμοὺς
686 1191 823 1226 ὀνομάζει.
839 1192 939 1225 Περίο-

145 1236 237 1270 δικὴι·
251 1237 278 1264 δὲ
299 1236 548 1263 ἀποκατάστασιν
563 1236 611 1272 τήν
622 1236 676 1263 ἀπὸ
690 1236 737 1263 τοῦ
758 1236 839 1263 αὐτοῦ
854 1238 894 1268 εἰς
910 1237 940 1263 τὸ

144 1283 213 1309 αὐτὸ
229 1282 315 1318 φορὰν
327 1283 410 1318 λέγει,
426 1282 459 1318 ἣν
469 1283 483 1308 ὁ
497 1283 572 1318 ἥλιος
589 1282 637 1318 μὲν
652 1284 711 1309 κατ’
721 1283 842 1310 ἐνιαυτὸν
856 1285 941 1309 ποιεῖ-

145 1337 191 1356 ται
209 1329 253 1356 τὸν
279 1329 410 1362 ζωδιακὸν
435 1329 533 1356 κύκλον
559 1329 716 1365 περιϊών-ἡ
739 1329 766 1356 δὲ
793 1329 888 1365 σελήνη
905 1329 939 1356 δι’

143 1376 257 1412 ἡμερῶν
273 1385 353 1403 τινων
367 1376 411 1403 τὸν
424 1376 477 1402 ἀπὸ
497 1375 604 1402 συνόδου
624 1376 704 1411 μέχρι
719 1375 769 1410 τῆς
793 1375 939 1407 παντελοῦς

143 1421 247 1458 ταύτης
267 1422 414 1458 μειώσεως.
432 1422 586 1457 Σημείωσαι
598 1421 625 1448 δὲ
635 1441 642 1452 ,
657 1421 694 1452 ὡς
714 1421 760 1447 καὶ
775 1422 802 1447 αἱ
817 1423 940 1457 χρονικαὶ

145 1467 309 1504 ἀριθμήσεις
326 1468 358 1495 ἐκ
373 1467 474 1494 τούτων
488 1468 552 1500 εἰσὶ,
569 1467 615 1494 καὶ
629 1466 669 1493 ἔτι
693 1467 724 1494 ὲκ
745 1466 800 1494 τῶν
823 1467 938 1504 μηνῶν.]

188 1515 380 1549 Ἁφορίζουσι.
395 1514 500 1546 Τελέως
511 1514 657 1549 ὁρίζουσιν.

188 1560 340 1587 Ἐπέκεινα
351 1561 498 1594 θεότητος.
514 1559 599 1586 Τοῦτο
615 1561 660 1586 καὶ
675 1559 704 1586 ὲν
718 1561 774 1592 τοῖς
790 1560 845 1587 ἄνω
866 1569 934 1596 παρ-

145 1606 254 1642 έγραψα
271 1606 303 1639 ³⁸,
318 1606 359 1632 ὅτι
375 1606 421 1632 καὶ
443 1607 470 1633 ἐν
495 1607 551 1637 τοῖς
570 1607 652 1632 πᾶσιν
668 1606 683 1632 ὁ
704 1605 780 1638 Θεὸς,
794 1607 841 1632 καὶ
861 1606 936 1633 οὐδὲν

143 1652 198 1679 τῶν
214 1653 352 1678 ἁπάντων.
376 1651 506 1679 Ἑνταῦοα
522 1651 550 1678 δὲ
565 1651 596 1678 τὸ
620 1651 699 1678 πλέον
714 1652 807 1687 φησὶν,
828 1652 870 1678 ὅτι
890 1652 935 1678 καὶ

143 1698 184 1725 ἐτι
198 1698 268 1734 ὑπὲρ
287 1698 378 1730 πάσας
391 1698 440 1729 τὰς
459 1698 552 1729 οὐσίας
569 1698 653 1731 ἐστὶν,
669 1698 738 1733 ὅπερ
753 1698 826 1732 λέγει
849 1706 936 1724 κατα»

142 1744 227 1780 τέρω,
245 1745 290 1771 ὅτι
316 1745 365 1772 καὶ
389 1745 449 1771 τῶν
468 1744 511 1779 μὴ
536 1744 631 1770 ὄντων
655 1744 720 1771 ἐστὶ
738 1745 933 1778 πληρωτικός.

144 1790 215 1825 Ὅρα
224 1790 252 1816 δὲ
263 1791 321 1821 πῶς
330 1790 403 1824 λέγει
414 1789 491 1825 μήτε
505 1789 564 1817 τῶν
575 1790 635 1817 ἅνω
647 1790 827 1824 φθανουσῶν
840 1790 935 1825 αὐτῆς

142 1835 201 1870 τὴν
217 1836 380 1870 ὑπεροχὴν,
403 1835 478 1870 μήτε
503 1835 562 1862 τῶν
585 1835 672 1866 κάτω,
693 1835 795 1871 ταύτην
824 1835 933 1863 διαϐαι-

141 1882 264 1910 νουσῶν
275 1891 281 1897 ·
301 1882 452 1914 τουτέστιν,
463 1881 524 1908 οὔτε
543 1882 642 1918 ἀρχὴν,
657 1880 718 1908 οὔτε
733 1881 820 1917 πέρας
837 1881 891 1918 ἔχει
903 1882 935 1908 τὸ

142 1928 224 1962 θεῖον,
238 1929 292 1956 τῶν
307 1929 439 1965 οὐρανίων
464 1928 512 1955 καὶ
536 1928 695 1964 ὑπερτέρων
711 1928 850 1963 δυνάμεων
868 1928 934 1954 ταύ-

141 1982 191 2010 την
209 1975 246 2010 μὴ
265 1974 485 2006 καταλαϐουσῶν,
509 1975 557 2009 οὐχ
580 1975 620 2001 ὅτι
641 1975 699 2000 ἐστὶ
730 1975 789 2009 μὲν,
809 1975 840 2000 οὐ
858 1983 934 2001 κατε-

142 2020 231 2056 λήφθη
243 2021 285 2047 δέ·
303 2021 340 2057 μὴ
356 2020 426 2047 οὕτω
443 2022 562 2055 νοήσεις·
581 2021 693 2047 ἀλλ”ὂτι
707 2021 772 2051 αὐτὸ
783 2020 844 2047 οὐτε
859 2020 931 2046 ἑστί-

140 2066 221 2092 τοῦτο
235 2066 289 2101 γάρ
307 2068 380 2093 εστιν
396 2067 414 2100 ὴ
430 2066 464 2092 ἐν
477 2066 611 2100 ἀγνωσία
635 2066 754 2100 γνῶσις.
774 2066 932 2102 ’Υπέρτεροι

141 2112 196 2148 γὰρ
209 2113 359 2148 γενόμενοι,
371 2113 418 2139 καὶ⁸
426 2112 470 2139 διὰ
484 2112 622 2146 φιλοθεῒας
641 2112 789 2144 ένωθέντες
805 2114 864 2144 ταῖς
876 2113 932 2139 ἄνω

139 2158 280 2194 δυνάμεσι,
302 2158 469 2194 γινώσκομεν
491 2159 531 2185 ὅτι
559 2158 627 2194 μετὰ
655 2159 762 2186 πάντων
783 2159 832 2195 τὴν
857 2159 932 2186 οείαν

140 2204 290 2240 ἀγνοοῦμεν
307 2205 398 2238 φύσιν.

176 2251 230 2277 Καὶ
253 2250 375 2285 φωτίζει.
392 2251 519 2278 Τουτέστι
539 2251 574 2277 τὰ
590 2251 730 2286 χωροῦντα
749 2251 798 2286 τὴν
817 2251 930 2286 ὁλότητα

139 2297 222 2323 αὑτοῦ
250 2296 316 2332 πρὸς
341 2297 370 2323 τὸ
395 2297 492 2332 μέτρον
515 2297 530 2323 ὃ
554 2296 684 2332 χωροῦσι·
705 2296 744 2323 διὸ
770 2297 816 2322 καὶ
832 2297 929 2332 μέτρον

139 2339 208 2368 εἶναι
221 2341 327 2376 λέγεται
338 2342 390 2368 τῶν
408 2342 504 2369 ὅντων·
520 2342 536 2377 ἦ
552 2343 592 2368 ὅτι
609 2342 658 2378 τὴν
670 2342 757 2378 ἀρχὴν
775 2342 822 2368 καὶ
835 2342 866 2368 τὸ
881 2343 929 2368 πέ-

140 2396 190 2424 ρας
210 2388 336 2415 ἀπάντων
355 2388 508 2420 ἐπίσταται,
521 2388 559 2420 ὡς
575 2388 653 2423 μόνος
671 2388 849 2424 δημιουργός·
868 2389 930 2414 ἑαυ-

136 2434 183 2460 τὸν
200 2433 254 2470 γὰρ
265 2434 440 2470 παρακατιὼν
457 2434 609 2470 ὲρμηνεύει.

173 2481 229 2507 Kal
255 2479 346 2513 τάξις.
370 2480 451 2512 Τάξις
474 2481 517 2508 διὰ
539 2480 618 2507 τοῦτο
641 2480 749 2514 λέγεται
770 2481 784 2507 ό
809 2480 884 2512 Θεὸς,
909 2480 924 2515 ἢ

137 2525 230 2562 ἐπειδὴ
246 2527 304 2561 μετ’
318 2526 442 2558 εὐταξίας
453 2527 474 2542 ⁸⁷
498 2526 532 2553 τὰ
556 2527 644 2553 πάντα
668 2526 894 2562 ὲδημιούργησεν”
909 2526 924 2561 ἢ

135 2571 178 2598 ὅτι
205 2571 293 2598 πίστει
314 2571 390 2607 παρὰ
414 2571 467 2599 τῶν
487 2573 526 2603 εἰς
552 2571 632 2598 αὐτὸν
655 2571 807 2605 φοιτώντων
827 2573 925 2606 χωρεῖ-

135 2626 181 2643 ται
191 2617 225 2649 ³⁸,
243 2618 310 2653 μήτε
321 2617 358 2652 τῷ
375 2617 526 2652 πληουσμῷ
541 2617 604 2648 τοὺς
618 2616 826 2652 ἀσθενεστέρους
841 2625 925 2643 κατα-

136 2661 288 2695 ϐαπτίζων,
313 2663 380 2697 μήτε
402 2664 436 2698 τῇ
453 2661 652 2696 συγκαταϐάσει
671 2663 712 2687 ἐπ’
725 2661 834 2687 ἔλαττον
849 2661 925 2696 παρὰ

992 915 1198 950 transferuntur,
1213 916 1246 943 de
1255 917 1371 951 planetis
1387 916 1464 943 dicit.
1480 916 1548 943 Nota
1564 917 1676 951 insuper
1688 917 1776 948 istud.

990 970 1052 989 eum
1065 963 1138 990 solos
1156 963 1280 998 planetas
1297 963 1401 990 moveri
1413 963 1567 990 admittere.
1582 963 1698 991 Advorte
1709 971 1778 998 quo-

991 1017 1044 1044 que
1059 1009 1130 1037 unde
1142 1010 1273 1045 temporis
1289 1010 1504 1037 numerationes.

1027 1055 1156 1091 [Duorum
1169 1056 1351 1087 luminarium,
1362 1065 1421 1092 qua:
1436 1055 1548 1091 Eloquia
1565 1061 1656 1084 vocant
1669 1065 1775 1092 magna.

991 1100 1048 1128 Duo
1064 1102 1208 1129 luminaria
1234 1102 1330 1134 solem,
1347 1107 1374 1129 et
1389 1103 1481 1129 lunam
1495 1102 1562 1129 dicit
1579 1112 1585 1129 :
1603 1102 1701 1137 Magna
1712 1110 1777 1130 vero

991 1150 1069 1173 vocat
1087 1146 1215 1174 Davidem
1231 1152 1351 1175 secutus.
1368 1147 1481 1182 Eloquia
1492 1147 1617 1175 Psalmos
1633 1148 1718 1182 ipsius
1728 1156 1777 1183 ap-

990 1193 1083 1227 pellat.
1107 1192 1276 1220 Periodicam
1304 1194 1496 1221 restitutionem
1522 1194 1549 1220 in
1574 1195 1726 1229 pristinum,
1742 1194 1776 1220 ab

990 1240 1084 1267 eodem
1098 1240 1125 1267 in
1137 1239 1208 1268 idem
1223 1241 1443 1278 progressionem
1462 1240 1540 1271 dicit.
1561 1248 1641 1275 quam
1657 1241 1776 1275 solque-

989 1285 1081 1314 tannis
1092 1285 1208 1320 perﬁcit,
1225 1285 1331 1313 zodiaci
1349 1285 1484 1313 circulum
1501 1292 1665 1320 percurrens
1681 1294 1688 1318 ;
1711 1285 1775 1312 luna

989 1338 1054 1358 vero
1073 1331 1143 1358 intra
1157 1330 1262 1365 aliquot
1272 1328 1331 1359 dies
1341 1338 1356 1357 a
1365 1331 1560 1366 conjunctione
1574 1337 1623 1358 sua
1639 1337 1725 1364 usque
1741 1329 1775 1357 ad

990 1376 1101 1404 totalem
1124 1376 1210 1411 ipsius
1236 1376 1465 1404 imminutionem.
1478 1376 1546 1403 Nota
1565 1384 1629 1403 vero
1643 1376 1775 1411 temporis

990 1423 1195 1450 numerationes
1224 1429 1258 1450 ex
1288 1422 1344 1455 his,
1370 1430 1402 1450 ac
1427 1426 1557 1457 pmterea
1585 1429 1618 1449 ex
1635 1421 1776 1450 mensibus

990 1467 1084 1504 sumi]

1027 1514 1208 1549 Distinguam,
1222 1514 1270 1542 Gr.
1284 1515 1449 1550 ἁφορίζουσι.
1459 1514 1581 1542 Perfecto
1595 1514 1737 1543 deﬁniunt.

1024 1559 1178 1587 Dioim’tatis
1204 1561 1292 1587 omnia
1319 1561 1478 1595 superantis.
1495 1560 1552 1588 Hoc
1577 1561 1658 1588 etiam
1686 1568 1772 1596 supra

987 1607 1130 1641 adscripsi,
1139 1607 1267 1634 nimirum
1279 1606 1362 1634 Deum
1376 1607 1402 1633 in
1413 1598 1542 1634 omnibus
1555 1615 1627 1639 esse,
1639 1607 1773 1634 nihilessc

986 1653 1119 1680 omnium.
1135 1652 1185 1679 Hic
1210 1656 1300 1680 autem
1318 1653 1435 1687 amplius
1450 1652 1526 1685 dicit,
1542 1661 1639 1688 nempe
1663 1653 1773 1680 univer-

987 1706 1032 1726 sas
1046 1699 1129 1726 etiam
1145 1700 1281 1726 essentias
1300 1707 1441 1733 superare,
1458 1699 1530 1734 quod
1551 1698 1664 1727 inferius
1681 1699 1747 1726 dicit
1763 1710 1771 1727 :

985 1752 1060 1778 posse
1079 1745 1161 1772 etiam
1180 1753 1210 1772 ea
1227 1753 1286 1779 qure
1311 1754 1362 1772 non
1383 1750 1444 1772 sunt
1466 1745 1583 1779 implere.
1599 1745 1667 1772 Vide
1681 1749 1772 1772 autem

985 1791 1122 1826 quomodo
1137 1791 1229 1818 dicat:
1249 1792 1289 1818 ita
1312 1796 1341 1817 ut
1356 1799 1401 1817 nec
1417 1791 1564 1825 superiores
1586 1791 1620 1818 ad
1635 1791 1691 1826 ejus
1707 1799 1770 1826 prae-

985 1838 1113 1864 stantiam
1128 1838 1290 1872 perveniant,
1306 1845 1353 1864 nec
1367 1837 1505 1872 inferiores
1525 1837 1596 1864 hanc
1614 1843 1771 1869 transeant;

985 1883 1011 1910 id
1027 1887 1079 1914 est.
1095 1883 1265 1911 divinitatem
1281 1890 1370 1918 neque
1391 1883 1567 1918 principium,
1585 1891 1675 1918 neque
1690 1883 1771 1911 ﬁnem

984 1929 1085 1957 habere
1102 1937 1164 1957 cum
1188 1930 1315 1957 caelestes
1339 1933 1365 1957 et
1391 1930 1546 1964 superiores
1564 1929 1679 1957 virtutes
1701 1930 1771 1956 hanc

984 1975 1097 2003 minime
1112 1975 1355 2010 comprehendant,
1370 1983 1426 2002 non
1441 1975 1514 2010 quod
1536 1976 1571 2003 sit
1585 1975 1706 2011 quidem,
1722 1975 1770 2003 sed

983 2025 1100 2056 nequeat
1118 2021 1325 2057 comprehendi;
1339 2029 1392 2048 non
1412 2022 1448 2048 ita
1468 2022 1601 2056 intelliges
1617 2021 1682 2051 :sed
1697 2020 1771 2054 quod

983 2067 1042 2101 ipsa
1062 2075 1117 2094 non
1133 2068 1185 2100 sit;
1205 2068 1257 2094 hoc
1271 2067 1343 2095 enim
1360 2071 1403 2095 est
1418 2067 1445 2094 in
1460 2068 1626 2103 ignoratione
1640 2067 1767 2101 cognitio.

985 2112 1147 2148 Superiores
1167 2114 1240 2141 enim
1253 2113 1352 2146 effecti.
1370 2119 1451 2149 atque
1472 2113 1517 2141 Dei
1540 2121 1632 2140 amore
1661 2113 1769 2147 superis

982 2160 1129 2188 virtutibus
1155 2161 1237 2193 uniti,
1253 2162 1443 2194 cognoscimus
1471 2167 1521 2187 nos
1549 2166 1611 2186 cum
1642 2159 1769 2186 omnibus

949 2215 969 2241 ι)
982 2205 1102 2232 divinam
1124 2206 1252 2240 ignorare
1268 2210 1405 2233 naturam.

1018 2250 1051 2277 Et
1065 2251 1195 2278 illustrat.
1220 2250 1249 2278 Id
1277 2256 1319 2278 est
1333 2259 1364 2278 ea
1390 2260 1451 2286 qua:
1476 2250 1659 2286 integritatem
1682 2250 1768 2285 ipsius

980 2297 1100 2331 capiunt,
1115 2297 1265 2324 secundum
1282 2305 1438 2324 mensuram
1452 2305 1545 2325 eorum
1560 2306 1567 2329 ;
1583 2297 1697 2331 ideoque
1709 2304 1768 2323 om-

981 2344 1054 2370 nium
1066 2351 1125 2377 qua:
1137 2343 1272 2370 exsistunt
1285 2350 1411 2370 mensura
1425 2350 1485 2370 esse
1497 2342 1608 2375 dicitur;
1621 2346 1648 2369 et
1664 2342 1767 2376 princi-

978 2390 1053 2423 pium
1083 2389 1224 2423 finemquc,
1246 2389 1368 2415 omnium
1395 2388 1476 2421 scire,
1496 2392 1525 2415 ut
1551 2388 1628 2415 solus
1644 2393 1765 2421 creator;

981 2435 1101 2470 seipsum
1119 2435 1190 2462 enim
1204 2434 1318 2463 inferius
1336 2434 1458 2470 exponit.

1015 2477 1047 2504 Et
1060 2478 1134 2505 ordo.
1151 2477 1223 2505 Deus
1246 2482 1389 2512 propterea
1412 2477 1476 2504 ordo
1500 2477 1611 2507 dicitur.
1629 2483 1676 2504 aut
1699 2477 1765 2512 quia

977 2525 1066 2551 omnia
1084 2532 1145 2552 cum
1168 2525 1241 2551 bono
1263 2525 1359 2551 ordine
1384 2524 1496 2556 creavit,
1515 2528 1561 2550 aut
1577 2532 1611 2551 eo
1623 2523 1696 2559 quod
1713 2523 1765 2550 fide

976 2571 1053 2598 abiis
1064 2571 1110 2605 qui
1126 2570 1158 2596 ad
1177 2571 1264 2605 ipsum
1276 2570 1420 2602 accedunt,
1434 2570 1566 2605 capiatur,
1582 2578 1669 2605 neque
1689 2569 1765 2596 inﬁr—

976 2617 1077 2644 miores
1105 2616 1276 2652 dcmergens,
1292 2624 1380 2651 neque
1407 2615 1639 2643 condescensione
1654 2615 1687 2642 ad
1703 2615 1764 2641 ino-

978 2663 1049 2696 piam
1066 2671 1080 2690 a
1101 2663 1204 2691 sanctis
1219 2663 1450 2698 comprehensus;
1478 2663 1526 2691 sed
1541 2670 1592 2698 pro
1609 2662 1682 2689 vasis
1708 2660 1761 2688 mei

602 2741 721 2768 νΛῐῖιᾸΞ
742 2740 935 2768 LECTIONES
954 2741 998 2770 ET
1011 2743 1287 2772 CORRECTIONES.

180 2801 203 2814 ³³
222 2799 453 2835 ἁποπερστώσεις.
499 2800 520 2815 ³⁸
544 2799 726 2826 ὐποττάντων,

779 2799 800 2814 ³⁵
817 2799 832 2834 ἢ
855 2800 1005 2836 αὐτάρκως.

135 2835 158 2851 ⁸⁸
173 2835 247 2868 τάξει
264 2835 337 2870 παρὰ
353 2835 405 2862 τῶν
421 2836 483 2870 παρ’
500 2835 579 2862 αὐτοῦ
597 2835 789 2870 φωτιζομένων
804 2836 939 2870 χωρεῖται.

1059 2803 1080 2818 ³⁵
1096 2803 1124 2829 ὲν
1146 2804 1200 2835 τοῖς
1217 2801 1343 2837 ἀνωτέρω
1362 2799 1530 2836 προέγραψα.
1589 2798 1610 2814 ³¹¹
1627 2796 1760 2830 ἐξουσίας.
