  <div class='ocr_page' id='page_1' title='image "/cluster/home/n/w/nwhite01/storage/ocr_20150623/4/njp.32101010944526/131.png"; bbox 0 0 1923 3064; ppageno 0'>
   <div class='ocr_carea' id='block_1_1' title="bbox 167 107 221 136">
    <p class='ocr_par' dir='ltr' id='par_1_1' title="bbox 167 107 221 136">
     <span class='ocr_line' id='line_1_1' title="bbox 167 107 221 136; baseline 0 0"><span class='ocrx_word' id='word_1_1' title='bbox 167 107 221 136; x_wconf 64' lang='grc'><strong>847</strong></span> 
     </span>
    </p>
   </div>
   <div class='ocr_carea' id='block_1_2' title="bbox 571 109 1400 142">
    <p class='ocr_par' dir='ltr' id='par_1_2' title="bbox 571 109 1400 142">
     <span class='ocr_line' id='line_1_2' title="bbox 571 109 1400 142; baseline 0.006 -5"><span class='ocrx_word' id='word_1_2' title='bbox 571 109 745 138; x_wconf 79' lang='lat' dir='ltr'><strong>APPENDIX</strong></span> <span class='ocrx_word' id='word_1_3' title='bbox 761 110 807 139; x_wconf 82' lang='lat' dir='ltr'><strong>AD</strong></span> <span class='ocrx_word' id='word_1_4' title='bbox 823 111 937 139; x_wconf 76' lang='lat' dir='ltr'><strong>OPEBA</strong></span> <span class='ocrx_word' id='word_1_5' title='bbox 953 112 982 140; x_wconf 87' lang='lat' dir='ltr'><strong>S.</strong></span> <span class='ocrx_word' id='word_1_6' title='bbox 998 112 1144 141; x_wconf 82' lang='lat' dir='ltr'><strong>DIONYSII</strong></span> <span class='ocrx_word' id='word_1_7' title='bbox 1161 112 1400 142; x_wconf 75' lang='lat' dir='ltr'><strong>AREOPAGlT/E.</strong></span> 
     </span>
    </p>
   </div>
   <div class='ocr_carea' id='block_1_3' title="bbox 1739 113 1791 142">
    <p class='ocr_par' dir='ltr' id='par_1_3' title="bbox 1739 113 1791 142">
     <span class='ocr_line' id='line_1_3' title="bbox 1739 113 1791 142; baseline -0.019 0"><span class='ocrx_word' id='word_1_8' title='bbox 1739 113 1791 142; x_wconf 61' lang='lat'><strong>968</strong></span> 
     </span>
    </p>
   </div>
   <div class='ocr_carea' id='block_1_4' title="bbox 167 165 940 208">
    <p class='ocr_par' dir='ltr' id='par_1_4' title="bbox 167 165 939 208">
     <span class='ocr_line' id='line_1_4' title="bbox 167 165 939 208; baseline 0.006 -14"><span class='ocrx_word' id='word_1_9' title='bbox 167 165 330 201; x_wconf 85' lang='lat' dir='ltr'><strong>capacitate,</strong></span> <span class='ocrx_word' id='word_1_10' title='bbox 351 167 392 195; x_wconf 89' lang='lat' dir='ltr'><strong>sic</strong></span> <span class='ocrx_word' id='word_1_11' title='bbox 412 167 439 194; x_wconf 93' lang='lat' dir='ltr'><strong>in</strong></span> <span class='ocrx_word' id='word_1_12' title='bbox 463 174 507 195; x_wconf 83' lang='lat' dir='ltr'><strong>me</strong></span> <span class='ocrx_word' id='word_1_13' title='bbox 523 167 673 197; x_wconf 74' lang='lat' dir='ltr'><strong>bonitatem</strong></span> <span class='ocrx_word' id='word_1_14' title='bbox 697 170 873 199; x_wconf 84' lang='lat' dir='ltr'><strong>scaluriendo</strong></span> <span class='ocrx_word' id='word_1_15' title='bbox 890 179 939 208; x_wconf 91' lang='lat' dir='ltr'><strong>pro</strong></span> 
     </span>
    </p>
   </div>
   <div class='ocr_carea' id='block_1_5' title="bbox 994 165 1792 208">
    <p class='ocr_par' dir='ltr' id='par_1_5' title="bbox 1005 169 1792 208">
     <span class='ocr_line' id='line_1_5' title="bbox 1005 169 1792 208; baseline 0 -11"><span class='ocrx_word' id='word_1_16' title='bbox 1005 171 1059 198; x_wconf 80' lang='grc' dir='ltr'><strong>τῶν</strong></span> <span class='ocrx_word' id='word_1_17' title='bbox 1077 172 1233 208; x_wconf 82' lang='grc' dir='ltr'><strong>ἁγιωτέρων</strong></span> <span class='ocrx_word' id='word_1_18' title='bbox 1249 172 1433 208; x_wconf 83' lang='grc' dir='ltr'><strong>χωρούμενος,</strong></span> <span class='ocrx_word' id='word_1_19' title='bbox 1447 170 1514 198; x_wconf 83' lang='grc' dir='ltr'><strong>ἀλλα</strong></span> <span class='ocrx_word' id='word_1_20' title='bbox 1534 169 1602 206; x_wconf 75' lang='grc' dir='ltr'><strong>πρὸς</strong></span> <span class='ocrx_word' id='word_1_21' title='bbox 1617 169 1648 196; x_wconf 83' lang='grc' dir='ltr'><strong>τὸ</strong></span> <span class='ocrx_word' id='word_1_22' title='bbox 1661 169 1726 207; x_wconf 80' lang='grc' dir='ltr'><strong>ὲμδν</strong></span> <span class='ocrx_word' id='word_1_23' title='bbox 1742 171 1792 204; x_wconf 85' lang='grc' dir='ltr'><strong>ἀγ-</strong></span> 
     </span>
    </p>
   </div>
   <div class='ocr_carea' id='block_1_6' title="bbox 166 211 253 240">
    <p class='ocr_par' dir='ltr' id='par_1_6' title="bbox 166 211 253 240">
     <span class='ocr_line' id='line_1_6' title="bbox 166 211 253 240; baseline -0.023 0"><span class='ocrx_word' id='word_1_24' title='bbox 166 211 253 240; x_wconf 88' lang='lat' dir='ltr'><strong>ducit.</strong></span> 
     </span>
    </p>
   </div>
   <div class='ocr_carea' id='block_1_7' title="bbox 200 255 950 294">
    <p class='ocr_par' dir='ltr' id='par_1_7' title="bbox 200 255 950 294">
     <span class='ocr_line' id='line_1_7' title="bbox 200 255 950 294; baseline 0.008 -10"><span class='ocrx_word' id='word_1_25' title='bbox 200 255 287 285; x_wconf 65' lang='lat' dir='ltr'><strong>Juxta</strong></span> <span class='ocrx_word' id='word_1_26' title='bbox 302 257 481 287; x_wconf 57' lang='lat' dir='ltr'><strong>multesima,»</strong></span> <span class='ocrx_word' id='word_1_27' title='bbox 506 260 696 288; x_wconf 66' lang='lat' dir='ltr'><strong>resonantium.</strong></span> <span class='ocrx_word' id='word_1_28' title='bbox 717 260 950 294; x_wconf 81' lang='lat' dir='ltr'><strong>Quemadmodum</strong></span> 
     </span>
    </p>
   </div>
   <div class='ocr_carea' id='block_1_8' title="bbox 166 303 951 342">
    <p class='ocr_par' dir='ltr' id='par_1_8' title="bbox 166 303 951 342">
     <span class='ocr_line' id='line_1_8' title="bbox 166 303 951 342; baseline 0.008 -11"><span class='ocrx_word' id='word_1_29' title='bbox 166 303 208 334; x_wconf 82' lang='lat' dir='ltr'><strong>sol</strong></span> <span class='ocrx_word' id='word_1_30' title='bbox 218 304 265 339; x_wconf 89' lang='lat' dir='ltr'><strong>qui</strong></span> <span class='ocrx_word' id='word_1_31' title='bbox 277 312 361 332; x_wconf 85' lang='lat' dir='ltr'><strong>sensu</strong></span> <span class='ocrx_word' id='word_1_32' title='bbox 375 305 526 341; x_wconf 69' lang='lat' dir='ltr'><strong>percipitur</strong></span> <span class='ocrx_word' id='word_1_33' title='bbox 537 307 627 335; x_wconf 84' lang='lat' dir='ltr'><strong>omnia</strong></span> <span class='ocrx_word' id='word_1_34' title='bbox 639 307 757 335; x_wconf 87' lang='lat' dir='ltr'><strong>visibilia</strong></span> <span class='ocrx_word' id='word_1_35' title='bbox 767 308 901 342; x_wconf 88' lang='lat' dir='ltr'><strong>illustrat,</strong></span> <span class='ocrx_word' id='word_1_36' title='bbox 919 317 951 338; x_wconf 84' lang='lat' dir='ltr'><strong>ac</strong></span> 
     </span>
    </p>
   </div>
   <div class='ocr_carea' id='block_1_9' title="bbox 164 350 948 390">
    <p class='ocr_par' dir='ltr' id='par_1_9' title="bbox 164 350 948 390">
     <span class='ocr_line' id='line_1_9' title="bbox 164 350 948 390; baseline 0.008 -13"><span class='ocrx_word' id='word_1_37' title='bbox 164 356 208 382; x_wconf 80' lang='lat' dir='ltr'><strong>ea.</strong></span> <span class='ocrx_word' id='word_1_38' title='bbox 224 356 284 385; x_wconf 60' lang='lat' dir='ltr'><strong>quae</strong></span> <span class='ocrx_word' id='word_1_39' title='bbox 297 350 385 386; x_wconf 83' lang='lat' dir='ltr'><strong>ipsius</strong></span> <span class='ocrx_word' id='word_1_40' title='bbox 400 351 491 380; x_wconf 86' lang='lat' dir='ltr'><strong>lumen</strong></span> <span class='ocrx_word' id='word_1_41' title='bbox 508 360 562 380; x_wconf 89' lang='lat' dir='ltr'><strong>non</strong></span> <span class='ocrx_word' id='word_1_42' title='bbox 573 353 747 389; x_wconf 70' lang='lat' dir='ltr'><strong>participant,</strong></span> <span class='ocrx_word' id='word_1_43' title='bbox 758 358 872 390; x_wconf 81' lang='lat' dir='ltr'><strong>propter</strong></span> <span class='ocrx_word' id='word_1_44' title='bbox 883 363 948 390; x_wconf 89' lang='lat' dir='ltr'><strong>pro-</strong></span> 
     </span>
    </p>
   </div>
   <div class='ocr_carea' id='block_1_10' title="bbox 164 395 946 434">
    <p class='ocr_par' dir='ltr' id='par_1_10' title="bbox 164 395 946 434">
     <span class='ocr_line' id='line_1_10' title="bbox 164 395 946 434; baseline 0.008 -12"><span class='ocrx_word' id='word_1_45' title='bbox 164 395 253 432; x_wconf 85' lang='lat' dir='ltr'><strong>priam</strong></span> <span class='ocrx_word' id='word_1_46' title='bbox 262 395 447 425; x_wconf 80' lang='lat' dir='ltr'><strong>inﬁrmitatem</strong></span> <span class='ocrx_word' id='word_1_47' title='bbox 458 405 514 427; x_wconf 91' lang='lat' dir='ltr'><strong>non</strong></span> <span class='ocrx_word' id='word_1_48' title='bbox 523 399 698 433; x_wconf 79' lang='lat' dir='ltr'><strong>participant:</strong></span> <span class='ocrx_word' id='word_1_49' title='bbox 707 399 745 427; x_wconf 89' lang='lat' dir='ltr'><strong>ita</strong></span> <span class='ocrx_word' id='word_1_50' title='bbox 755 401 837 430; x_wconf 84' lang='lat' dir='ltr'><strong>etiam</strong></span> <span class='ocrx_word' id='word_1_51' title='bbox 846 401 874 428; x_wconf 93' lang='lat' dir='ltr'><strong>in</strong></span> <span class='ocrx_word' id='word_1_52' title='bbox 881 400 946 434; x_wconf 88' lang='lat' dir='ltr'><strong>Deo,</strong></span> 
     </span>
    </p>
   </div>
   <div class='ocr_carea' id='block_1_11' title="bbox 164 441 950 481">
    <p class='ocr_par' dir='ltr' id='par_1_11' title="bbox 164 441 950 481">
     <span class='ocr_line' id='line_1_11' title="bbox 164 441 950 481; baseline 0.01 -14"><span class='ocrx_word' id='word_1_53' title='bbox 164 448 260 470; x_wconf 82' lang='lat' dir='ltr'><strong>omnes</strong></span> <span class='ocrx_word' id='word_1_54' title='bbox 272 441 308 469; x_wconf 89' lang='lat' dir='ltr'><strong>ab</strong></span> <span class='ocrx_word' id='word_1_55' title='bbox 318 442 378 478; x_wconf 87' lang='lat' dir='ltr'><strong>ipso</strong></span> <span class='ocrx_word' id='word_1_56' title='bbox 386 443 594 471; x_wconf 85' lang='lat' dir='ltr'><strong>sanctificantur</strong></span> <span class='ocrx_word' id='word_1_57' title='bbox 604 444 685 481; x_wconf 67' lang='lat'><strong>139</strong></span> <span class='ocrx_word' id='word_1_58' title='bbox 691 445 739 481; x_wconf 87' lang='lat' dir='ltr'><strong>qui</strong></span> <span class='ocrx_word' id='word_1_59' title='bbox 747 446 852 473; x_wconf 89' lang='lat' dir='ltr'><strong>volunt.</strong></span> <span class='ocrx_word' id='word_1_60' title='bbox 866 446 950 475; x_wconf 79' lang='lat' dir='ltr'><strong>Recte</strong></span> 
     </span>
    </p>
   </div>
   <div class='ocr_carea' id='block_1_12' title="bbox 163 487 949 524">
    <p class='ocr_par' dir='ltr' id='par_1_12' title="bbox 163 487 949 524">
     <span class='ocr_line' id='line_1_12' title="bbox 163 487 949 524; baseline 0.005 -8"><span class='ocrx_word' id='word_1_61' title='bbox 163 491 255 516; x_wconf 85' lang='lat' dir='ltr'><strong>autem</strong></span> <span class='ocrx_word' id='word_1_62' title='bbox 266 487 377 516; x_wconf 88' lang='lat' dir='ltr'><strong>divinus</strong></span> <span class='ocrx_word' id='word_1_63' title='bbox 391 487 538 524; x_wconf 84' lang='lat' dir='ltr'><strong>Dionysius</strong></span> <span class='ocrx_word' id='word_1_64' title='bbox 553 490 577 517; x_wconf 92' lang='lat' dir='ltr'><strong>ei</strong></span> <span class='ocrx_word' id='word_1_65' title='bbox 592 490 664 524; x_wconf 91' lang='lat' dir='ltr'><strong>quod</strong></span> <span class='ocrx_word' id='word_1_66' title='bbox 674 491 880 520; x_wconf 83' lang='lat' dir='ltr'><strong>dissentaneum</strong></span> <span class='ocrx_word' id='word_1_67' title='bbox 890 496 949 521; x_wconf 86' lang='lat' dir='ltr'><strong>erat</strong></span> 
     </span>
    </p>
   </div>
   <div class='ocr_carea' id='block_1_13' title="bbox 162 533 948 572">
    <p class='ocr_par' dir='ltr' id='par_1_13' title="bbox 162 533 948 572">
     <span class='ocr_line' id='line_1_13' title="bbox 162 533 948 572; baseline 0.009 -11"><span class='ocrx_word' id='word_1_68' title='bbox 162 533 192 561; x_wconf 91' lang='lat' dir='ltr'><strong>in</strong></span> <span class='ocrx_word' id='word_1_69' title='bbox 211 533 245 562; x_wconf 85' lang='lat' dir='ltr'><strong>iis</strong></span> <span class='ocrx_word' id='word_1_70' title='bbox 267 542 329 570; x_wconf 69' lang='lat' dir='ltr'><strong>quae</strong></span> <span class='ocrx_word' id='word_1_71' title='bbox 353 534 387 563; x_wconf 87' lang='lat' dir='ltr'><strong>de</strong></span> <span class='ocrx_word' id='word_1_72' title='bbox 411 535 471 564; x_wconf 86' lang='lat' dir='ltr'><strong>sole</strong></span> <span class='ocrx_word' id='word_1_73' title='bbox 486 536 660 572; x_wconf 83' lang='lat' dir='ltr'><strong>dicebantur,</strong></span> <span class='ocrx_word' id='word_1_74' title='bbox 674 538 768 567; x_wconf 84' lang='lat' dir='ltr'><strong>statim</strong></span> <span class='ocrx_word' id='word_1_75' title='bbox 785 539 948 567; x_wconf 88' lang='lat' dir='ltr'><strong>medicinam</strong></span> 
     </span>
    </p>
   </div>
   <div class='ocr_carea' id='block_1_14' title="bbox 162 579 949 621">
    <p class='ocr_par' dir='ltr' id='par_1_14' title="bbox 162 579 949 621">
     <span class='ocr_line' id='line_1_14' title="bbox 162 579 949 621; baseline 0.008 -14"><span class='ocrx_word' id='word_1_76' title='bbox 162 579 247 608; x_wconf 82' lang='lat' dir='ltr'><strong>fecit:</strong></span> <span class='ocrx_word' id='word_1_77' title='bbox 263 580 394 616; x_wconf 87' lang='lat' dir='ltr'><strong>quoniam</strong></span> <span class='ocrx_word' id='word_1_78' title='bbox 415 581 488 609; x_wconf 83' lang='lat' dir='ltr'><strong>enim</strong></span> <span class='ocrx_word' id='word_1_79' title='bbox 508 581 616 610; x_wconf 77' lang='lat' dir='ltr'><strong>dixerat</strong></span> <span class='ocrx_word' id='word_1_80' title='bbox 642 583 727 611; x_wconf 89' lang='lat' dir='ltr'><strong>solem</strong></span> <span class='ocrx_word' id='word_1_81' title='bbox 742 584 839 612; x_wconf 65' lang='lat' dir='ltr'><strong>animae</strong></span> <span class='ocrx_word' id='word_1_82' title='bbox 852 592 949 621; x_wconf 79' lang='lat' dir='ltr'><strong>exper-</strong></span> 
     </span>
    </p>
   </div>
   <div class='ocr_carea' id='block_1_15' title="bbox 160 626 948 665">
    <p class='ocr_par' dir='ltr' id='par_1_15' title="bbox 160 626 948 665">
     <span class='ocr_line' id='line_1_15' title="bbox 160 626 948 665; baseline 0.009 -13"><span class='ocrx_word' id='word_1_83' title='bbox 160 629 216 653; x_wconf 85' lang='lat' dir='ltr'><strong>tem</strong></span> <span class='ocrx_word' id='word_1_84' title='bbox 231 626 409 662; x_wconf 81' lang='lat' dir='ltr'><strong>conspicuam</strong></span> <span class='ocrx_word' id='word_1_85' title='bbox 428 634 492 655; x_wconf 86' lang='lat' dir='ltr'><strong>esse</strong></span> <span class='ocrx_word' id='word_1_86' title='bbox 516 628 650 657; x_wconf 83' lang='lat' dir='ltr'><strong>bonitatis</strong></span> <span class='ocrx_word' id='word_1_87' title='bbox 664 628 711 657; x_wconf 85' lang='lat' dir='ltr'><strong>Dei</strong></span> <span class='ocrx_word' id='word_1_88' title='bbox 726 629 884 665; x_wconf 87' lang='lat' dir='ltr'><strong>imaginem,</strong></span> <span class='ocrx_word' id='word_1_89' title='bbox 899 638 948 658; x_wconf 85' lang='lat' dir='ltr'><strong>vo-</strong></span> 
     </span>
    </p>
   </div>
   <div class='ocr_carea' id='block_1_16' title="bbox 160 671 948 714">
    <p class='ocr_par' dir='ltr' id='par_1_16' title="bbox 160 671 948 714">
     <span class='ocr_line' id='line_1_16' title="bbox 160 671 948 714; baseline 0.009 -16"><span class='ocrx_word' id='word_1_90' title='bbox 160 671 250 699; x_wconf 89' lang='lat' dir='ltr'><strong>cando</strong></span> <span class='ocrx_word' id='word_1_91' title='bbox 265 676 421 701; x_wconf 83' lang='lat' dir='ltr'><strong>creaturam</strong></span> <span class='ocrx_word' id='word_1_92' title='bbox 445 674 580 702; x_wconf 85' lang='lat' dir='ltr'><strong>creatoris</strong></span> <span class='ocrx_word' id='word_1_93' title='bbox 606 675 763 711; x_wconf 86' lang='lat' dir='ltr'><strong>imaginem,</strong></span> <span class='ocrx_word' id='word_1_94' title='bbox 785 677 874 712; x_wconf 91' lang='lat' dir='ltr'><strong>primo</strong></span> <span class='ocrx_word' id='word_1_95' title='bbox 886 677 948 714; x_wconf 86' lang='lat' dir='ltr'><strong>qui—</strong></span> 
     </span>
    </p>
   </div>
   <div class='ocr_carea' id='block_1_17' title="bbox 159 716 948 755">
    <p class='ocr_par' dir='ltr' id='par_1_17' title="bbox 159 716 948 755">
     <span class='ocr_line' id='line_1_17' title="bbox 159 716 948 755; baseline 0.01 -11"><span class='ocrx_word' id='word_1_96' title='bbox 159 716 220 745; x_wconf 86' lang='lat' dir='ltr'><strong>dem</strong></span> <span class='ocrx_word' id='word_1_97' title='bbox 236 724 300 745; x_wconf 82' lang='lat' dir='ltr'><strong>mox</strong></span> <span class='ocrx_word' id='word_1_98' title='bbox 320 718 454 753; x_wconf 69' lang='lat' dir='ltr'><strong>adiunxit,</strong></span> <span class='ocrx_word' id='word_1_99' title='bbox 467 727 516 754; x_wconf 81' lang='lat' dir='ltr'><strong>pro</strong></span> <span class='ocrx_word' id='word_1_100' title='bbox 529 721 641 749; x_wconf 77' lang='lat' dir='ltr'><strong>minima</strong></span> <span class='ocrx_word' id='word_1_101' title='bbox 654 721 841 755; x_wconf 74' lang='lat' dir='ltr'><strong>similitudine,</strong></span> <span class='ocrx_word' id='word_1_102' title='bbox 860 723 888 751; x_wconf 88' lang='lat' dir='ltr'><strong>in</strong></span> <span class='ocrx_word' id='word_1_103' title='bbox 903 731 948 752; x_wconf 87' lang='lat' dir='ltr'><strong>se-</strong></span> 
     </span>
    </p>
   </div>
   <div class='ocr_carea' id='block_1_18' title="bbox 157 764 948 805">
    <p class='ocr_par' dir='ltr' id='par_1_18' title="bbox 157 764 948 805">
     <span class='ocr_line' id='line_1_18' title="bbox 157 764 948 805; baseline 0.009 -15"><span class='ocrx_word' id='word_1_104' title='bbox 157 764 251 797; x_wconf 87' lang='lat' dir='ltr'><strong>quenti</strong></span> <span class='ocrx_word' id='word_1_105' title='bbox 267 768 357 793; x_wconf 85' lang='lat' dir='ltr'><strong>autem</strong></span> <span class='ocrx_word' id='word_1_106' title='bbox 372 765 474 801; x_wconf 83' lang='lat' dir='ltr'><strong>capite,</strong></span> <span class='ocrx_word' id='word_1_107' title='bbox 497 766 566 795; x_wconf 90' lang='lat' dir='ltr'><strong>illud</strong></span> <span class='ocrx_word' id='word_1_108' title='bbox 588 767 678 802; x_wconf 84' lang='lat' dir='ltr'><strong>ipsum</strong></span> <span class='ocrx_word' id='word_1_109' title='bbox 697 767 846 804; x_wconf 77' lang='lat' dir='ltr'><strong>perfectius</strong></span> <span class='ocrx_word' id='word_1_110' title='bbox 863 776 948 805; x_wconf 79' lang='lat' dir='ltr'><strong>expo-</strong></span> 
     </span>
    </p>
   </div>
   <div class='ocr_carea' id='block_1_19' title="bbox 157 808 947 849">
    <p class='ocr_par' dir='ltr' id='par_1_19' title="bbox 157 808 947 849">
     <span class='ocr_line' id='line_1_19' title="bbox 157 808 947 849; baseline 0.009 -14"><span class='ocrx_word' id='word_1_111' title='bbox 157 808 209 837; x_wconf 85' lang='lat' dir='ltr'><strong>nit.</strong></span> <span class='ocrx_word' id='word_1_112' title='bbox 221 808 292 842; x_wconf 82' lang='lat' dir='ltr'><strong>Quid</strong></span> <span class='ocrx_word' id='word_1_113' title='bbox 307 817 390 846; x_wconf 86' lang='lat' dir='ltr'><strong>porro</strong></span> <span class='ocrx_word' id='word_1_114' title='bbox 403 811 440 839; x_wconf 91' lang='lat' dir='ltr'><strong>sit</strong></span> <span class='ocrx_word' id='word_1_115' title='bbox 453 811 598 840; x_wconf 80' lang='grc' dir='ltr'><strong>πολλοστὸν</strong></span> <span class='ocrx_word' id='word_1_116' title='bbox 614 813 752 849; x_wconf 80' lang='grc' dir='ltr'><strong>ἀτιήχημα</strong></span> <span class='ocrx_word' id='word_1_117' title='bbox 771 814 882 842; x_wconf 81' lang='lat' dir='ltr'><strong>minima</strong></span> <span class='ocrx_word' id='word_1_118' title='bbox 903 822 947 842; x_wconf 78' lang='lat' dir='ltr'><strong>re-</strong></span> 
     </span>
    </p>
   </div>
   <div class='ocr_carea' id='block_1_20' title="bbox 1003 216 1683 253">
    <p class='ocr_par' dir='ltr' id='par_1_20' title="bbox 1003 216 1683 253">
     <span class='ocr_line' id='line_1_20' title="bbox 1003 216 1683 253; baseline -0.003 -9"><span class='ocrx_word' id='word_1_119' title='bbox 1003 217 1076 251; x_wconf 81' lang='grc' dir='ltr'><strong>γεϊον</strong></span> <span class='ocrx_word' id='word_1_120' title='bbox 1090 217 1177 249; x_wconf 80' lang='grc' dir='ltr'><strong>οὕτως</strong></span> <span class='ocrx_word' id='word_1_121' title='bbox 1190 219 1219 244; x_wconf 86' lang='grc' dir='ltr'><strong>ὲν</strong></span> <span class='ocrx_word' id='word_1_122' title='bbox 1233 217 1296 253; x_wconf 76' lang='grc' dir='ltr'><strong>ἐμοὶ</strong></span> <span class='ocrx_word' id='word_1_123' title='bbox 1314 217 1443 253; x_wconf 79' lang='grc' dir='ltr'><strong>πηγάζων</strong></span> <span class='ocrx_word' id='word_1_124' title='bbox 1454 217 1504 253; x_wconf 86' lang='grc' dir='ltr'><strong>τὴν</strong></span> <span class='ocrx_word' id='word_1_125' title='bbox 1519 216 1683 252; x_wconf 82' lang='grc' dir='ltr'><strong>ἀγαθότητα.</strong></span> 
     </span>
    </p>
   </div>
   <div class='ocr_carea' id='block_1_21' title="bbox 1036 261 1788 298">
    <p class='ocr_par' dir='ltr' id='par_1_21' title="bbox 1036 261 1788 298">
     <span class='ocr_line' id='line_1_21' title="bbox 1036 261 1788 298; baseline -0.003 -9"><span class='ocrx_word' id='word_1_126' title='bbox 1036 263 1118 289; x_wconf 78' lang='grc' dir='ltr'><strong>Κατὰ</strong></span> <span class='ocrx_word' id='word_1_127' title='bbox 1135 263 1308 291; x_wconf 75' lang='grc' dir='ltr'><em>πολλοστὸν</em></span> <span class='ocrx_word' id='word_1_128' title='bbox 1330 262 1600 298; x_wconf 74' lang='grc' dir='ltr'><strong>ὰπήχημα.Ὦσπερ</strong></span> <span class='ocrx_word' id='word_1_129' title='bbox 1622 262 1637 288; x_wconf 89' lang='lat'><strong>6</strong></span> <span class='ocrx_word' id='word_1_130' title='bbox 1663 261 1788 297; x_wconf 79' lang='grc' dir='ltr'><strong>αῐσθητὸς</strong></span> 
     </span>
    </p>
   </div>
   <div class='ocr_carea' id='block_1_22' title="bbox 999 306 1788 345">
    <p class='ocr_par' dir='ltr' id='par_1_22' title="bbox 999 306 1788 345">
     <span class='ocr_line' id='line_1_22' title="bbox 999 306 1788 345; baseline -0.003 -10"><span class='ocrx_word' id='word_1_131' title='bbox 999 308 1076 344; x_wconf 75' lang='grc' dir='ltr'><strong>ἥλιος</strong></span> <span class='ocrx_word' id='word_1_132' title='bbox 1089 308 1178 336; x_wconf 83' lang='grc' dir='ltr'><strong>πάντα</strong></span> <span class='ocrx_word' id='word_1_133' title='bbox 1194 308 1228 335; x_wconf 81' lang='grc' dir='ltr'><strong>τὰ</strong></span> <span class='ocrx_word' id='word_1_134' title='bbox 1240 308 1327 345; x_wconf 81' lang='grc' dir='ltr'><strong>ὁρατὰ</strong></span> <span class='ocrx_word' id='word_1_135' title='bbox 1337 309 1459 344; x_wconf 75' lang='grc' dir='ltr'><strong>φωτίζει,</strong></span> <span class='ocrx_word' id='word_1_136' title='bbox 1476 307 1524 335; x_wconf 77' lang='grc' dir='ltr'><strong>καὶ</strong></span> <span class='ocrx_word' id='word_1_137' title='bbox 1541 307 1576 334; x_wconf 84' lang='grc' dir='ltr'><strong>τὰ</strong></span> <span class='ocrx_word' id='word_1_138' title='bbox 1592 307 1629 344; x_wconf 84' lang='grc' dir='ltr'><strong>μὴ</strong></span> <span class='ocrx_word' id='word_1_139' title='bbox 1645 306 1788 342; x_wconf 80' lang='grc' dir='ltr'><strong>μετέχοντα</strong></span> 
     </span>
    </p>
   </div>
   <div class='ocr_carea' id='block_1_23' title="bbox 999 353 1838 390">
    <p class='ocr_par' dir='ltr' id='par_1_23' title="bbox 999 353 1838 390">
     <span class='ocr_line' id='line_1_23' title="bbox 999 353 1838 390; baseline -0.004 -9"><span class='ocrx_word' id='word_1_140' title='bbox 999 354 1047 381; x_wconf 77' lang='grc' dir='ltr'><strong>τοῦ</strong></span> <span class='ocrx_word' id='word_1_141' title='bbox 1072 355 1160 390; x_wconf 76' lang='grc' dir='ltr'><strong>φωτὸς</strong></span> <span class='ocrx_word' id='word_1_142' title='bbox 1184 354 1267 382; x_wconf 74' lang='grc' dir='ltr'><strong>αἰντοῦ</strong></span> <span class='ocrx_word' id='word_1_143' title='bbox 1290 354 1433 382; x_wconf 80' lang='grc' dir='ltr'><strong>διὀίκείαν</strong></span> <span class='ocrx_word' id='word_1_144' title='bbox 1451 354 1596 390; x_wconf 83' lang='grc' dir='ltr'><strong>ἀδράνειαν</strong></span> <span class='ocrx_word' id='word_1_145' title='bbox 1613 353 1644 380; x_wconf 82' lang='grc' dir='ltr'><strong>οὐ</strong></span> <span class='ocrx_word' id='word_1_146' title='bbox 1662 353 1788 389; x_wconf 69' lang='grc' dir='ltr'><strong>μετέχειι</strong></span> <span class='ocrx_word' id='word_1_147' title='bbox 1832 378 1838 382; x_wconf 40' lang='grc' dir='ltr'>η</span> 
     </span>
    </p>
   </div>
   <div class='ocr_carea' id='block_1_24' title="bbox 1000 399 1792 436">
    <p class='ocr_par' dir='ltr' id='par_1_24' title="bbox 1000 399 1792 436">
     <span class='ocr_line' id='line_1_24' title="bbox 1000 399 1792 436; baseline -0.004 -8"><span class='ocrx_word' id='word_1_148' title='bbox 1000 401 1070 429; x_wconf 75' lang='grc' dir='ltr'><strong>οὕτω</strong></span> <span class='ocrx_word' id='word_1_149' title='bbox 1079 401 1126 428; x_wconf 71' lang='grc' dir='ltr'><strong>καὶ</strong></span> <span class='ocrx_word' id='word_1_150' title='bbox 1139 401 1185 428; x_wconf 74' lang='grc' dir='ltr'><strong>ἐπὶ</strong></span> <span class='ocrx_word' id='word_1_151' title='bbox 1197 400 1245 428; x_wconf 77' lang='grc' dir='ltr'><strong>τοῦ</strong></span> <span class='ocrx_word' id='word_1_152' title='bbox 1260 401 1338 434; x_wconf 83' lang='grc' dir='ltr'><strong>Θεοῦ,</strong></span> <span class='ocrx_word' id='word_1_153' title='bbox 1351 401 1451 433; x_wconf 81' lang='grc' dir='ltr'><strong>πάντες</strong></span> <span class='ocrx_word' id='word_1_154' title='bbox 1460 402 1525 436; x_wconf 78' lang='grc' dir='ltr'>παρ’</span> <span class='ocrx_word' id='word_1_155' title='bbox 1537 399 1620 428; x_wconf 82' lang='grc' dir='ltr'><strong>αὐτοῦ</strong></span> <span class='ocrx_word' id='word_1_156' title='bbox 1633 399 1792 434; x_wconf 80' lang='grc' dir='ltr'><strong>ἀγιάζονται</strong></span> 
     </span>
    </p>
   </div>
   <div class='ocr_carea' id='block_1_25' title="bbox 999 444 1789 481">
    <p class='ocr_par' dir='ltr' id='par_1_25' title="bbox 999 444 1789 481">
     <span class='ocr_line' id='line_1_25' title="bbox 999 444 1789 481; baseline -0.004 -8"><span class='ocrx_word' id='word_1_157' title='bbox 999 446 1056 473; x_wconf 79' lang='grc' dir='ltr'><strong>ὅσοι</strong></span> <span class='ocrx_word' id='word_1_158' title='bbox 1073 445 1221 481; x_wconf 83' lang='grc' dir='ltr'><strong>βούλονται.</strong></span> <span class='ocrx_word' id='word_1_159' title='bbox 1235 445 1335 478; x_wconf 85' lang='grc' dir='ltr'><strong>Καλῶς</strong></span> <span class='ocrx_word' id='word_1_160' title='bbox 1346 446 1376 475; x_wconf 75' lang='grc' dir='ltr'><strong>δὲ</strong></span> <span class='ocrx_word' id='word_1_161' title='bbox 1390 446 1421 473; x_wconf 81' lang='grc' dir='ltr'><strong>τὸ</strong></span> <span class='ocrx_word' id='word_1_162' title='bbox 1437 446 1607 481; x_wconf 78' lang='grc' dir='ltr'><strong>ἅπερ-φαῖνον</strong></span> <span class='ocrx_word' id='word_1_163' title='bbox 1621 444 1675 471; x_wconf 89' lang='grc' dir='ltr'><strong>τῶν</strong></span> <span class='ocrx_word' id='word_1_164' title='bbox 1689 445 1735 471; x_wconf 79' lang='grc' dir='ltr'><strong>ἐπὶ</strong></span> <span class='ocrx_word' id='word_1_165' title='bbox 1748 444 1789 480; x_wconf 82' lang='grc' dir='ltr'><strong>τῷ</strong></span> 
     </span>
    </p>
   </div>
   <div class='ocr_carea' id='block_1_26' title="bbox 999 485 1787 528">
    <p class='ocr_par' dir='ltr' id='par_1_26' title="bbox 999 485 1787 528">
     <span class='ocr_line' id='line_1_26' title="bbox 999 485 1787 528; baseline -0.001 -11"><span class='ocrx_word' id='word_1_166' title='bbox 999 490 1066 526; x_wconf 80' lang='grc' dir='ltr'><strong>ἡλίῳ</strong></span> <span class='ocrx_word' id='word_1_167' title='bbox 1075 490 1227 527; x_wconf 79' lang='grc' dir='ltr'><strong>λεγομένων</strong></span> <span class='ocrx_word' id='word_1_168' title='bbox 1244 485 1323 524; x_wconf 80' lang='grc' dir='ltr'><strong>εὐθὺς</strong></span> <span class='ocrx_word' id='word_1_169' title='bbox 1339 491 1520 528; x_wconf 70' lang='grc' dir='ltr'><strong>ἐθεράπευσεν</strong></span> <span class='ocrx_word' id='word_1_170' title='bbox 1531 492 1546 518; x_wconf 97' lang='lat'><strong>6</strong></span> <span class='ocrx_word' id='word_1_171' title='bbox 1562 490 1632 522; x_wconf 82' lang='grc' dir='ltr'><strong>θεῖος</strong></span> <span class='ocrx_word' id='word_1_172' title='bbox 1641 490 1787 522; x_wconf 81' lang='grc' dir='ltr'><strong>Διονύσιος·</strong></span> 
     </span>
    </p>
   </div>
   <div class='ocr_carea' id='block_1_27' title="bbox 999 535 1788 574">
    <p class='ocr_par' dir='ltr' id='par_1_27' title="bbox 999 535 1788 574">
     <span class='ocr_line' id='line_1_27' title="bbox 999 535 1788 574; baseline -0.003 -10"><span class='ocrx_word' id='word_1_173' title='bbox 999 538 1092 573; x_wconf 80' lang='grc' dir='ltr'><strong>ἐπειδὴ</strong></span> <span class='ocrx_word' id='word_1_174' title='bbox 1106 537 1160 574; x_wconf 86' lang='grc' dir='ltr'><strong>γὰρ</strong></span> <span class='ocrx_word' id='word_1_175' title='bbox 1175 538 1282 574; x_wconf 78' lang='grc' dir='ltr'><strong>ἐμφανῆ</strong></span> <span class='ocrx_word' id='word_1_176' title='bbox 1298 538 1389 565; x_wconf 75' lang='grc' dir='ltr'><strong>εἰκόνα</strong></span> <span class='ocrx_word' id='word_1_177' title='bbox 1407 537 1457 573; x_wconf 85' lang='grc' dir='ltr'><strong>τῆς</strong></span> <span class='ocrx_word' id='word_1_178' title='bbox 1477 537 1643 573; x_wconf 85' lang='grc' dir='ltr'><strong>ἀγαθότητος</strong></span> <span class='ocrx_word' id='word_1_179' title='bbox 1657 535 1705 562; x_wconf 82' lang='grc' dir='ltr'><strong>τοῦ</strong></span> <span class='ocrx_word' id='word_1_180' title='bbox 1720 535 1788 563; x_wconf 79' lang='grc' dir='ltr'><strong>Θεοῦ</strong></span> 
     </span>
    </p>
   </div>
   <div class='ocr_carea' id='block_1_28' title="bbox 997 581 1787 620">
    <p class='ocr_par' dir='ltr' id='par_1_28' title="bbox 997 581 1787 620">
     <span class='ocr_line' id='line_1_28' title="bbox 997 581 1787 620; baseline -0.001 -10"><span class='ocrx_word' id='word_1_181' title='bbox 997 583 1044 611; x_wconf 76' lang='grc' dir='ltr'><strong>τὸν</strong></span> <span class='ocrx_word' id='word_1_182' title='bbox 1059 583 1134 619; x_wconf 82' lang='grc' dir='ltr'><strong>ἥλιον</strong></span> <span class='ocrx_word' id='word_1_183' title='bbox 1144 581 1205 610; x_wconf 82' lang='grc' dir='ltr'><strong>εἷπε</strong></span> <span class='ocrx_word' id='word_1_184' title='bbox 1220 583 1266 610; x_wconf 80' lang='grc' dir='ltr'><strong>τὸν</strong></span> <span class='ocrx_word' id='word_1_185' title='bbox 1284 583 1397 620; x_wconf 73' lang='grc' dir='ltr'><strong>ἄψυχον,</strong></span> <span class='ocrx_word' id='word_1_186' title='bbox 1414 584 1445 611; x_wconf 85' lang='grc' dir='ltr'><strong>τὺ</strong></span> <span class='ocrx_word' id='word_1_187' title='bbox 1466 583 1660 619; x_wconf 84' lang='grc' dir='ltr'><strong>δημιούργημα</strong></span> <span class='ocrx_word' id='word_1_188' title='bbox 1675 582 1723 609; x_wconf 84' lang='grc' dir='ltr'><strong>τοῦ</strong></span> <span class='ocrx_word' id='word_1_189' title='bbox 1739 582 1787 618; x_wconf 86' lang='grc' dir='ltr'><strong>δη-</strong></span> 
     </span>
    </p>
   </div>
   <div class='ocr_carea' id='block_1_29' title="bbox 1000 629 1787 666">
    <p class='ocr_par' dir='ltr' id='par_1_29' title="bbox 1000 629 1787 666">
     <span class='ocr_line' id='line_1_29' title="bbox 1000 629 1787 666; baseline -0.003 -9"><span class='ocrx_word' id='word_1_190' title='bbox 1000 630 1130 666; x_wconf 79' lang='grc' dir='ltr'><strong>μιουργοῦ</strong></span> <span class='ocrx_word' id='word_1_191' title='bbox 1153 629 1270 662; x_wconf 76' lang='grc' dir='ltr'><strong>καλέσας</strong></span> <span class='ocrx_word' id='word_1_192' title='bbox 1295 630 1398 661; x_wconf 71' lang='grc' dir='ltr'><strong>εἰκόνα,</strong></span> <span class='ocrx_word' id='word_1_193' title='bbox 1422 630 1531 665; x_wconf 85' lang='grc' dir='ltr'><strong>πρῶτον</strong></span> <span class='ocrx_word' id='word_1_194' title='bbox 1552 629 1600 665; x_wconf 80' lang='grc' dir='ltr'><strong>μὲν</strong></span> <span class='ocrx_word' id='word_1_195' title='bbox 1618 629 1787 666; x_wconf 74' lang='grc' dir='ltr'><strong>παραχρῆμα</strong></span> 
     </span>
    </p>
   </div>
   <div class='ocr_carea' id='block_1_30' title="bbox 997 674 1786 712">
    <p class='ocr_par' dir='ltr' id='par_1_30' title="bbox 997 674 1786 712">
     <span class='ocr_line' id='line_1_30' title="bbox 997 674 1786 712; baseline -0.004 -9"><span class='ocrx_word' id='word_1_196' title='bbox 997 676 1120 712; x_wconf 75' lang='grc' dir='ltr'><strong>ἐπήγαγε</strong></span> <span class='ocrx_word' id='word_1_197' title='bbox 1137 675 1212 703; x_wconf 76' lang='grc' dir='ltr'><strong>κατὰ</strong></span> <span class='ocrx_word' id='word_1_198' title='bbox 1225 675 1399 703; x_wconf 75' lang='grc' dir='ltr'><em>πολλοστὸν</em></span> <span class='ocrx_word' id='word_1_199' title='bbox 1413 674 1568 710; x_wconf 75' lang='grc' dir='ltr'><strong>ἀπήχημα,</strong></span> <span class='ocrx_word' id='word_1_200' title='bbox 1584 675 1613 702; x_wconf 78' lang='grc' dir='ltr'><strong>έν</strong></span> <span class='ocrx_word' id='word_1_201' title='bbox 1625 675 1654 702; x_wconf 83' lang='grc' dir='ltr'><strong>δὲ</strong></span> <span class='ocrx_word' id='word_1_202' title='bbox 1668 674 1708 710; x_wconf 88' lang='grc' dir='ltr'>τῷ</span> <span class='ocrx_word' id='word_1_203' title='bbox 1723 674 1786 709; x_wconf 75' lang='grc' dir='ltr'><strong>ἑξῆς</strong></span> 
     </span>
    </p>
   </div>
   <div class='ocr_carea' id='block_1_31' title="bbox 997 719 1786 757">
    <p class='ocr_par' dir='ltr' id='par_1_31' title="bbox 997 719 1786 757">
     <span class='ocr_line' id='line_1_31' title="bbox 997 719 1786 757; baseline -0.003 -9"><span class='ocrx_word' id='word_1_204' title='bbox 997 721 1146 757; x_wconf 78' lang='grc' dir='ltr'><strong>κεφαλαίῳ,</strong></span> <span class='ocrx_word' id='word_1_205' title='bbox 1170 720 1332 756; x_wconf 79' lang='grc' dir='ltr'><strong>τελεώτερον</strong></span> <span class='ocrx_word' id='word_1_206' title='bbox 1355 719 1445 756; x_wconf 77' lang='grc' dir='ltr'><strong>[αὐτὸ]</strong></span> <span class='ocrx_word' id='word_1_207' title='bbox 1468 720 1620 756; x_wconf 78' lang='grc' dir='ltr'><strong>σαφηνίζει.</strong></span> <span class='ocrx_word' id='word_1_208' title='bbox 1637 719 1670 746; x_wconf 87' lang='grc' dir='ltr'><strong>Τί</strong></span> <span class='ocrx_word' id='word_1_209' title='bbox 1681 719 1709 746; x_wconf 86' lang='grc' dir='ltr'><strong>δέ</strong></span> <span class='ocrx_word' id='word_1_210' title='bbox 1727 720 1786 746; x_wconf 71' lang='grc' dir='ltr'><strong>ἐστι</strong></span> 
     </span>
    </p>
   </div>
   <div class='ocr_carea' id='block_1_32' title="bbox 997 765 1786 802">
    <p class='ocr_par' dir='ltr' id='par_1_32' title="bbox 997 765 1786 802">
     <span class='ocr_line' id='line_1_32' title="bbox 997 765 1786 802; baseline -0.004 -8"><span class='ocrx_word' id='word_1_211' title='bbox 997 766 1170 794; x_wconf 74' lang='grc' dir='ltr'><em>πολλοστὸν</em></span> <span class='ocrx_word' id='word_1_212' title='bbox 1186 766 1341 801; x_wconf 52' lang='lat' dir='ltr'><strong>(innxium,</strong></span> <span class='ocrx_word' id='word_1_213' title='bbox 1357 766 1479 793; x_wconf 84' lang='grc' dir='ltr'><strong>λεκτέον·</strong></span> <span class='ocrx_word' id='word_1_214' title='bbox 1504 765 1600 802; x_wconf 80' lang='grc' dir='ltr'><strong>ὥσπερ</strong></span> <span class='ocrx_word' id='word_1_215' title='bbox 1624 766 1679 802; x_wconf 86' lang='grc' dir='ltr'><strong>γὰρ</strong></span> <span class='ocrx_word' id='word_1_216' title='bbox 1701 766 1727 792; x_wconf 85' lang='grc' dir='ltr'><strong>εῐ</strong></span> <span class='ocrx_word' id='word_1_217' title='bbox 1744 774 1786 797; x_wconf 85' lang='grc' dir='ltr'><strong>τις</strong></span> 
     </span>
    </p>
   </div>
   <div class='ocr_carea' id='block_1_33' title="bbox 998 811 1780 849">
    <p class='ocr_par' dir='ltr' id='par_1_33' title="bbox 998 811 1780 849">
     <span class='ocr_line' id='line_1_33' title="bbox 998 811 1780 849; baseline -0.005 -9"><span class='ocrx_word' id='word_1_218' title='bbox 998 813 1068 849; x_wconf 88' lang='grc' dir='ltr'><strong>μέγα</strong></span> <span class='ocrx_word' id='word_1_219' title='bbox 1083 812 1181 849; x_wconf 78' lang='grc' dir='ltr'><strong>βοήσας</strong></span> <span class='ocrx_word' id='word_1_220' title='bbox 1190 813 1238 840; x_wconf 80' lang='grc' dir='ltr'><strong>καὶ</strong></span> <span class='ocrx_word' id='word_1_221' title='bbox 1249 811 1405 849; x_wconf 79' lang='grc' dir='ltr'><strong>ἀνακράξας</strong></span> <span class='ocrx_word' id='word_1_222' title='bbox 1418 811 1490 840; x_wconf 82' lang='grc' dir='ltr'><strong>εῐποι</strong></span> <span class='ocrx_word' id='word_1_223' title='bbox 1505 820 1542 845; x_wconf 82' lang='grc' dir='ltr'><strong>τι,</strong></span> <span class='ocrx_word' id='word_1_224' title='bbox 1559 812 1605 838; x_wconf 73' lang='grc' dir='ltr'><strong>καὶ</strong></span> <span class='ocrx_word' id='word_1_225' title='bbox 1616 812 1640 838; x_wconf 76' lang='grc' dir='ltr'><strong>οἱ</strong></span> <span class='ocrx_word' id='word_1_226' title='bbox 1655 811 1704 847; x_wconf 80' lang='grc' dir='ltr'><strong>μὲν</strong></span> <span class='ocrx_word' id='word_1_227' title='bbox 1717 818 1780 845; x_wconf 78' lang='lat' dir='ltr'><strong>mp-</strong></span> 
     </span>
    </p>
   </div>
   <div class='ocr_carea' id='block_1_34' title="bbox 156 852 940 896">
    <p class='ocr_par' dir='ltr' id='par_1_34' title="bbox 156 855 940 896">
     <span class='ocr_line' id='line_1_34' title="bbox 156 855 940 896; baseline 0.009 -16"><span class='ocrx_word' id='word_1_228' title='bbox 156 855 282 882; x_wconf 81' lang='lat' dir='ltr'><strong>sonantt&#39;a</strong></span> <span class='ocrx_word' id='word_1_229' title='bbox 300 863 345 883; x_wconf 78' lang='lat' dir='ltr'><strong>seu</strong></span> <span class='ocrx_word' id='word_1_230' title='bbox 361 857 520 890; x_wconf 71' lang='lat' dir='ltr'><strong>similitudo,</strong></span> <span class='ocrx_word' id='word_1_231' title='bbox 534 858 682 886; x_wconf 86' lang='lat' dir='ltr'><strong>dicendum</strong></span> <span class='ocrx_word' id='word_1_232' title='bbox 700 865 762 887; x_wconf 87' lang='lat' dir='ltr'><strong>est:</strong></span> <span class='ocrx_word' id='word_1_233' title='bbox 776 859 847 887; x_wconf 84' lang='lat' dir='ltr'><strong>sicut</strong></span> <span class='ocrx_word' id='word_1_234' title='bbox 860 860 940 896; x_wconf 80' lang='lat' dir='ltr'><strong>igitur</strong></span> 
     </span>
    </p>
   </div>
   <div class='ocr_carea' id='block_1_35' title="bbox 994 852 1784 896">
    <p class='ocr_par' dir='ltr' id='par_1_35' title="bbox 994 852 1784 893">
     <span class='ocr_line' id='line_1_35' title="bbox 994 852 1784 893; baseline -0.003 -9"><span class='ocrx_word' id='word_1_235' title='bbox 994 858 1120 890; x_wconf 83' lang='grc' dir='ltr'><strong>εστῶτες,</strong></span> <span class='ocrx_word' id='word_1_236' title='bbox 1147 852 1219 893; x_wconf 75' lang='grc' dir='ltr'><strong>[εὰν]</strong></span> <span class='ocrx_word' id='word_1_237' title='bbox 1248 857 1399 893; x_wconf 76' lang='grc' dir='ltr'><strong>ἐρρωμένοι</strong></span> <span class='ocrx_word' id='word_1_238' title='bbox 1431 857 1481 887; x_wconf 79' lang='grc' dir='ltr'><strong>τὰς</strong></span> <span class='ocrx_word' id='word_1_239' title='bbox 1510 856 1596 888; x_wconf 85' lang='grc' dir='ltr'><strong>ἀκοὰς</strong></span> <span class='ocrx_word' id='word_1_240' title='bbox 1623 853 1710 892; x_wconf 68' lang='lat' dir='ltr'><strong>[dict],</strong></span> <span class='ocrx_word' id='word_1_241' title='bbox 1738 855 1784 882; x_wconf 74' lang='grc' dir='ltr'><strong>καὶ</strong></span> 
     </span>
    </p>
   </div>
   <div class='ocr_carea' id='block_1_36' title="bbox 156 900 942 940">
    <p class='ocr_par' dir='ltr' id='par_1_36' title="bbox 156 900 942 940">
     <span class='ocr_line' id='line_1_36' title="bbox 156 900 942 940; baseline 0.006 -12"><span class='ocrx_word' id='word_1_242' title='bbox 156 900 181 928; x_wconf 89' lang='lat' dir='ltr'><strong>si</strong></span> <span class='ocrx_word' id='word_1_243' title='bbox 195 900 258 935; x_wconf 80' lang='lat' dir='ltr'><strong>quis</strong></span> <span class='ocrx_word' id='word_1_244' title='bbox 270 901 324 929; x_wconf 88' lang='lat' dir='ltr'><strong>alte</strong></span> <span class='ocrx_word' id='word_1_245' title='bbox 338 902 494 931; x_wconf 80' lang='lat' dir='ltr'><strong>vociferans</strong></span> <span class='ocrx_word' id='word_1_246' title='bbox 515 907 542 931; x_wconf 89' lang='lat' dir='ltr'><strong>et</strong></span> <span class='ocrx_word' id='word_1_247' title='bbox 567 904 691 932; x_wconf 87' lang='lat' dir='ltr'><strong>clamans</strong></span> <span class='ocrx_word' id='word_1_248' title='bbox 710 905 814 940; x_wconf 87' lang='lat' dir='ltr'><strong>aliquid</strong></span> <span class='ocrx_word' id='word_1_249' title='bbox 833 905 942 940; x_wconf 81' lang='lat' dir='ltr'><strong>dixerit,</strong></span> 
     </span>
    </p>
   </div>
   <div class='ocr_carea' id='block_1_37' title="bbox 156 948 944 987">
    <p class='ocr_par' dir='ltr' id='par_1_37' title="bbox 156 948 944 987">
     <span class='ocr_line' id='line_1_37' title="bbox 156 948 944 987; baseline 0.008 -13"><span class='ocrx_word' id='word_1_250' title='bbox 156 950 305 984; x_wconf 71' lang='lat' dir='ltr'><strong>przrsentes</strong></span> <span class='ocrx_word' id='word_1_251' title='bbox 318 948 441 984; x_wconf 84' lang='lat' dir='ltr'><strong>quidem,</strong></span> <span class='ocrx_word' id='word_1_252' title='bbox 462 949 618 978; x_wconf 89' lang='lat' dir='ltr'><strong>valentibus</strong></span> <span class='ocrx_word' id='word_1_253' title='bbox 631 951 737 987; x_wconf 63' lang='lat' dir='ltr'><strong>praediti</strong></span> <span class='ocrx_word' id='word_1_254' title='bbox 755 951 879 987; x_wconf 84' lang='lat' dir='ltr'><strong>auribus,</strong></span> <span class='ocrx_word' id='word_1_255' title='bbox 895 959 944 980; x_wconf 87' lang='lat' dir='ltr'><strong>vo-</strong></span> 
     </span>
    </p>
   </div>
   <div class='ocr_carea' id='block_1_38' title="bbox 155 995 943 1033">
    <p class='ocr_par' dir='ltr' id='par_1_38' title="bbox 155 995 943 1033">
     <span class='ocr_line' id='line_1_38' title="bbox 155 995 943 1033; baseline 0.008 -12"><span class='ocrx_word' id='word_1_256' title='bbox 155 1001 215 1021; x_wconf 89' lang='lat' dir='ltr'><strong>cem</strong></span> <span class='ocrx_word' id='word_1_257' title='bbox 235 1001 445 1030; x_wconf 88' lang='lat' dir='ltr'><strong>sermonemque</strong></span> <span class='ocrx_word' id='word_1_258' title='bbox 469 995 605 1030; x_wconf 86' lang='lat' dir='ltr'><strong>audiunt;</strong></span> <span class='ocrx_word' id='word_1_259' title='bbox 621 997 668 1032; x_wconf 94' lang='lat' dir='ltr'><strong>qui</strong></span> <span class='ocrx_word' id='word_1_260' title='bbox 683 1001 773 1026; x_wconf 88' lang='lat' dir='ltr'><strong>autem</strong></span> <span class='ocrx_word' id='word_1_261' title='bbox 788 1005 883 1033; x_wconf 83' lang='lat' dir='ltr'><strong>parum</strong></span> <span class='ocrx_word' id='word_1_262' title='bbox 898 998 943 1027; x_wconf 91' lang='lat' dir='ltr'><strong>di-</strong></span> 
     </span>
    </p>
   </div>
   <div class='ocr_carea' id='block_1_39' title="bbox 155 1041 941 1080">
    <p class='ocr_par' dir='ltr' id='par_1_39' title="bbox 155 1041 941 1080">
     <span class='ocr_line' id='line_1_39' title="bbox 155 1041 941 1080; baseline 0.008 -12"><span class='ocrx_word' id='word_1_263' title='bbox 155 1044 238 1072; x_wconf 81' lang='lat' dir='ltr'><strong>stant,</strong></span> <span class='ocrx_word' id='word_1_264' title='bbox 249 1045 352 1076; x_wconf 90' lang='lat' dir='ltr'><strong>quanto</strong></span> <span class='ocrx_word' id='word_1_265' title='bbox 362 1041 473 1075; x_wconf 79' lang='lat' dir='ltr'><strong>absunt,</strong></span> <span class='ocrx_word' id='word_1_266' title='bbox 483 1041 583 1080; x_wconf 87' lang='lat' dir='ltr'><strong>[tanto]</strong></span> <span class='ocrx_word' id='word_1_267' title='bbox 589 1043 704 1072; x_wconf 87' lang='lat' dir='ltr'><strong>debilius</strong></span> <span class='ocrx_word' id='word_1_268' title='bbox 710 1052 804 1072; x_wconf 85' lang='lat' dir='ltr'><strong>vocem</strong></span> <span class='ocrx_word' id='word_1_269' title='bbox 811 1045 941 1079; x_wconf 84' lang='lat' dir='ltr'><strong>audiunt;</strong></span> 
     </span>
    </p>
   </div>
   <div class='ocr_carea' id='block_1_40' title="bbox 154 1087 943 1125">
    <p class='ocr_par' dir='ltr' id='par_1_40' title="bbox 154 1087 943 1125">
     <span class='ocr_line' id='line_1_40' title="bbox 154 1087 943 1125; baseline 0.008 -12"><span class='ocrx_word' id='word_1_270' title='bbox 154 1087 200 1121; x_wconf 88' lang='lat' dir='ltr'><strong>qui</strong></span> <span class='ocrx_word' id='word_1_271' title='bbox 215 1094 297 1122; x_wconf 86' lang='lat' dir='ltr'><strong>porro</strong></span> <span class='ocrx_word' id='word_1_272' title='bbox 317 1087 434 1123; x_wconf 76' lang='lat' dir='ltr'><strong>longiori</strong></span> <span class='ocrx_word' id='word_1_273' title='bbox 452 1089 549 1116; x_wconf 86' lang='lat' dir='ltr'><strong>remoti</strong></span> <span class='ocrx_word' id='word_1_274' title='bbox 566 1093 630 1117; x_wconf 82' lang='lat' dir='ltr'><strong>sunt</strong></span> <span class='ocrx_word' id='word_1_275' title='bbox 650 1090 749 1125; x_wconf 85' lang='lat' dir='ltr'><strong>spatio,</strong></span> <span class='ocrx_word' id='word_1_276' title='bbox 759 1090 900 1118; x_wconf 90' lang='lat' dir='ltr'><strong>minimam</strong></span> <span class='ocrx_word' id='word_1_277' title='bbox 915 1096 943 1120; x_wconf 88' lang='lat' dir='ltr'><strong>et</strong></span> 
     </span>
    </p>
   </div>
   <div class='ocr_carea' id='block_1_41' title="bbox 153 1133 942 1172">
    <p class='ocr_par' dir='ltr' id='par_1_41' title="bbox 153 1133 942 1172">
     <span class='ocr_line' id='line_1_41' title="bbox 153 1133 942 1172; baseline 0.005 -12"><span class='ocrx_word' id='word_1_278' title='bbox 153 1133 378 1162; x_wconf 81' lang='lat' dir='ltr'><strong>obscurissimam</strong></span> <span class='ocrx_word' id='word_1_279' title='bbox 412 1135 474 1162; x_wconf 84' lang='lat' dir='ltr'><strong>soni</strong></span> <span class='ocrx_word' id='word_1_280' title='bbox 503 1139 609 1171; x_wconf 87' lang='lat' dir='ltr'><strong>partem</strong></span> <span class='ocrx_word' id='word_1_281' title='bbox 636 1136 760 1172; x_wconf 84' lang='lat' dir='ltr'><strong>capiunt,</strong></span> <span class='ocrx_word' id='word_1_282' title='bbox 788 1141 821 1164; x_wconf 86' lang='lat' dir='ltr'><strong>ut</strong></span> <span class='ocrx_word' id='word_1_283' title='bbox 847 1144 942 1166; x_wconf 87' lang='lat' dir='ltr'><strong>vocem</strong></span> 
     </span>
    </p>
   </div>
   <div class='ocr_carea' id='block_1_42' title="bbox 153 1178 943 1220">
    <p class='ocr_par' dir='ltr' id='par_1_42' title="bbox 153 1178 943 1220">
     <span class='ocr_line' id='line_1_42' title="bbox 153 1178 943 1220; baseline 0.008 -14"><span class='ocrx_word' id='word_1_284' title='bbox 153 1178 266 1214; x_wconf 85' lang='lat' dir='ltr'><strong>quidem</strong></span> <span class='ocrx_word' id='word_1_285' title='bbox 285 1180 405 1215; x_wconf 84' lang='lat' dir='ltr'><strong>aliquam</strong></span> <span class='ocrx_word' id='word_1_286' title='bbox 423 1181 570 1209; x_wconf 84' lang='lat' dir='ltr'><strong>obscuram</strong></span> <span class='ocrx_word' id='word_1_287' title='bbox 586 1182 709 1215; x_wconf 87' lang='lat' dir='ltr'><strong>audiant,</strong></span> <span class='ocrx_word' id='word_1_288' title='bbox 726 1183 774 1212; x_wconf 89' lang='lat' dir='ltr'><strong>sed</strong></span> <span class='ocrx_word' id='word_1_289' title='bbox 791 1183 864 1219; x_wconf 89' lang='lat' dir='ltr'><strong>quod</strong></span> <span class='ocrx_word' id='word_1_290' title='bbox 879 1191 943 1220; x_wconf 92' lang='lat' dir='ltr'><strong>pro-</strong></span> 
     </span>
    </p>
   </div>
   <div class='ocr_carea' id='block_1_43' title="bbox 153 1226 943 1266">
    <p class='ocr_par' dir='ltr' id='par_1_43' title="bbox 153 1226 943 1266">
     <span class='ocr_line' id='line_1_43' title="bbox 153 1226 943 1266; baseline 0.005 -12"><span class='ocrx_word' id='word_1_291' title='bbox 153 1226 308 1254; x_wconf 87' lang='lat' dir='ltr'><strong>nuntiatum</strong></span> <span class='ocrx_word' id='word_1_292' title='bbox 331 1230 374 1254; x_wconf 90' lang='lat' dir='ltr'><strong>est</strong></span> <span class='ocrx_word' id='word_1_293' title='bbox 396 1227 509 1256; x_wconf 87' lang='lat' dir='ltr'><strong>minime</strong></span> <span class='ocrx_word' id='word_1_294' title='bbox 537 1228 789 1264; x_wconf 77' lang='lat' dir='ltr'><strong>intelligantzunde</strong></span> <span class='ocrx_word' id='word_1_295' title='bbox 814 1230 943 1266; x_wconf 76' lang='lat' dir='ltr'><strong>colligere</strong></span> 
     </span>
    </p>
   </div>
   <div class='ocr_carea' id='block_1_44' title="bbox 153 1272 943 1307">
    <p class='ocr_par' dir='ltr' id='par_1_44' title="bbox 153 1272 943 1307">
     <span class='ocr_line' id='line_1_44' title="bbox 153 1272 943 1307; baseline 0.009 -8"><span class='ocrx_word' id='word_1_296' title='bbox 153 1272 218 1300; x_wconf 91' lang='lat' dir='ltr'><strong>licet</strong></span> <span class='ocrx_word' id='word_1_297' title='bbox 229 1276 335 1307; x_wconf 79' lang='lat' dir='ltr'><strong>tantum</strong></span> <span class='ocrx_word' id='word_1_298' title='bbox 351 1280 414 1301; x_wconf 84' lang='lat' dir='ltr'><strong>esse</strong></span> <span class='ocrx_word' id='word_1_299' title='bbox 440 1273 530 1302; x_wconf 78' lang='lat' dir='ltr'><strong>solare</strong></span> <span class='ocrx_word' id='word_1_300' title='bbox 550 1274 653 1307; x_wconf 86' lang='lat' dir='ltr'><strong>lumen,</strong></span> <span class='ocrx_word' id='word_1_301' title='bbox 671 1275 694 1303; x_wconf 87' lang='lat' dir='ltr'><strong>si</strong></span> <span class='ocrx_word' id='word_1_302' title='bbox 710 1283 774 1303; x_wconf 89' lang='lat' dir='ltr'><strong>cum</strong></span> <span class='ocrx_word' id='word_1_303' title='bbox 786 1284 851 1305; x_wconf 88' lang='lat' dir='ltr'><strong>vero</strong></span> <span class='ocrx_word' id='word_1_304' title='bbox 867 1284 943 1306; x_wconf 89' lang='lat' dir='ltr'><strong>com-</strong></span> 
     </span>
    </p>
   </div>
   <div class='ocr_carea' id='block_1_45' title="bbox 153 1319 785 1357">
    <p class='ocr_par' dir='ltr' id='par_1_45' title="bbox 153 1319 785 1357">
     <span class='ocr_line' id='line_1_45' title="bbox 153 1319 785 1357; baseline 0.006 -12"><span class='ocrx_word' id='word_1_305' title='bbox 153 1323 278 1357; x_wconf 88' lang='lat' dir='ltr'><strong>paretur,</strong></span> <span class='ocrx_word' id='word_1_306' title='bbox 294 1323 324 1346; x_wconf 93' lang='lat' dir='ltr'><strong>ut</strong></span> <span class='ocrx_word' id='word_1_307' title='bbox 339 1319 517 1355; x_wconf 86' lang='lat' dir='ltr'><strong>intercapedo</strong></span> <span class='ocrx_word' id='word_1_308' title='bbox 533 1321 641 1356; x_wconf 89' lang='lat' dir='ltr'><strong>concipi</strong></span> <span class='ocrx_word' id='word_1_309' title='bbox 657 1325 785 1357; x_wconf 90' lang='lat' dir='ltr'><strong>nequeat.</strong></span> 
     </span>
    </p>
   </div>
   <div class='ocr_carea' id='block_1_46' title="bbox 188 1363 940 1400">
    <p class='ocr_par' dir='ltr' id='par_1_46' title="bbox 188 1363 940 1400">
     <span class='ocr_line' id='line_1_46' title="bbox 188 1363 940 1400; baseline 0.004 -7"><span class='ocrx_word' id='word_1_310' title='bbox 188 1363 240 1393; x_wconf 74' lang='lat' dir='ltr'><strong>Sed</strong></span> <span class='ocrx_word' id='word_1_311' title='bbox 254 1365 333 1393; x_wconf 79' lang='lat' dir='ltr'><strong>etiam</strong></span> <span class='ocrx_word' id='word_1_312' title='bbox 348 1365 382 1393; x_wconf 82' lang='lat' dir='ltr'><strong>ad</strong></span> <span class='ocrx_word' id='word_1_313' title='bbox 396 1366 599 1400; x_wconf 74' lang='lat' dir='ltr'><strong>generationem.</strong></span> <span class='ocrx_word' id='word_1_314' title='bbox 625 1366 665 1395; x_wconf 85' lang='lat' dir='ltr'><strong>Ne</strong></span> <span class='ocrx_word' id='word_1_315' title='bbox 685 1368 828 1397; x_wconf 82' lang='lat' dir='ltr'><strong>arbitreris</strong></span> <span class='ocrx_word' id='word_1_316' title='bbox 855 1369 940 1396; x_wconf 87' lang='lat' dir='ltr'><strong>solem</strong></span> 
     </span>
    </p>
   </div>
   <div class='ocr_carea' id='block_1_47' title="bbox 151 1412 942 1448">
    <p class='ocr_par' dir='ltr' id='par_1_47' title="bbox 151 1412 942 1448">
     <span class='ocr_line' id='line_1_47' title="bbox 151 1412 942 1448; baseline 0.006 -9"><span class='ocrx_word' id='word_1_317' title='bbox 151 1418 215 1439; x_wconf 90' lang='lat' dir='ltr'><strong>esse</strong></span> <span class='ocrx_word' id='word_1_318' title='bbox 229 1415 369 1440; x_wconf 87' lang='lat' dir='ltr'><strong>auctorem</strong></span> <span class='ocrx_word' id='word_1_319' title='bbox 384 1412 580 1447; x_wconf 75' lang='lat' dir='ltr'><strong>generationis,</strong></span> <span class='ocrx_word' id='word_1_320' title='bbox 593 1418 640 1441; x_wconf 88' lang='lat' dir='ltr'><strong>aut</strong></span> <span class='ocrx_word' id='word_1_321' title='bbox 653 1414 727 1448; x_wconf 68' lang='lat' dir='ltr'><strong>vitaz,</strong></span> <span class='ocrx_word' id='word_1_322' title='bbox 744 1418 791 1442; x_wconf 84' lang='lat' dir='ltr'><strong>aut</strong></span> <span class='ocrx_word' id='word_1_323' title='bbox 801 1415 942 1444; x_wconf 59' lang='lat' dir='ltr'><strong>educatio.</strong></span> 
     </span>
    </p>
   </div>
   <div class='ocr_carea' id='block_1_48' title="bbox 152 1458 938 1497">
    <p class='ocr_par' dir='ltr' id='par_1_48' title="bbox 152 1458 938 1497">
     <span class='ocr_line' id='line_1_48' title="bbox 152 1458 938 1497; baseline 0.005 -11"><span class='ocrx_word' id='word_1_324' title='bbox 152 1458 207 1491; x_wconf 89' lang='lat' dir='ltr'><strong>nis,</strong></span> <span class='ocrx_word' id='word_1_325' title='bbox 225 1461 274 1485; x_wconf 84' lang='lat' dir='ltr'><strong>aut</strong></span> <span class='ocrx_word' id='word_1_326' title='bbox 286 1458 469 1492; x_wconf 86' lang='lat' dir='ltr'><strong>accretionis,</strong></span> <span class='ocrx_word' id='word_1_327' title='bbox 495 1463 542 1486; x_wconf 88' lang='lat' dir='ltr'><strong>aut</strong></span> <span class='ocrx_word' id='word_1_328' title='bbox 558 1459 734 1495; x_wconf 82' lang='lat' dir='ltr'><strong>perfectionis</strong></span> <span class='ocrx_word' id='word_1_329' title='bbox 752 1461 793 1489; x_wconf 88' lang='lat' dir='ltr'><strong>rei</strong></span> <span class='ocrx_word' id='word_1_330' title='bbox 808 1462 938 1497; x_wconf 83' lang='lat' dir='ltr'><strong>alicujus;</strong></span> 
     </span>
    </p>
   </div>
   <div class='ocr_carea' id='block_1_49' title="bbox 151 1504 940 1541">
    <p class='ocr_par' dir='ltr' id='par_1_49' title="bbox 151 1504 940 1541">
     <span class='ocr_line' id='line_1_49' title="bbox 151 1504 940 1541; baseline 0.004 -8"><span class='ocrx_word' id='word_1_331' title='bbox 151 1504 225 1533; x_wconf 88' lang='lat' dir='ltr'><strong>sicut</strong></span> <span class='ocrx_word' id='word_1_332' title='bbox 250 1513 339 1540; x_wconf 86' lang='lat' dir='ltr'><strong>neque</strong></span> <span class='ocrx_word' id='word_1_333' title='bbox 361 1505 472 1541; x_wconf 90' lang='lat' dir='ltr'><strong>aliquod</strong></span> <span class='ocrx_word' id='word_1_334' title='bbox 487 1506 561 1534; x_wconf 89' lang='lat' dir='ltr'><strong>aliud</strong></span> <span class='ocrx_word' id='word_1_335' title='bbox 577 1506 764 1539; x_wconf 84' lang='lat' dir='ltr'><strong>elementum,</strong></span> <span class='ocrx_word' id='word_1_336' title='bbox 785 1508 838 1536; x_wconf 91' lang='lat' dir='ltr'><strong>etsi</strong></span> <span class='ocrx_word' id='word_1_337' title='bbox 859 1508 940 1537; x_wconf 87' lang='lat' dir='ltr'><strong>valde</strong></span> 
     </span>
    </p>
   </div>
   <div class='ocr_carea' id='block_1_50' title="bbox 150 1550 938 1588">
    <p class='ocr_par' dir='ltr' id='par_1_50' title="bbox 150 1550 938 1588">
     <span class='ocr_line' id='line_1_50' title="bbox 150 1550 938 1588; baseline 0.001 -9"><span class='ocrx_word' id='word_1_338' title='bbox 150 1550 336 1579; x_wconf 79' lang='lat' dir='ltr'><strong>trecessarium</strong></span> <span class='ocrx_word' id='word_1_339' title='bbox 353 1555 444 1584; x_wconf 87' lang='lat' dir='ltr'><strong>esset,</strong></span> <span class='ocrx_word' id='word_1_340' title='bbox 463 1551 545 1579; x_wconf 80' lang='lat' dir='ltr'><strong>veluti</strong></span> <span class='ocrx_word' id='word_1_341' title='bbox 562 1559 652 1588; x_wconf 87' lang='lat' dir='ltr'><strong>aqua;</strong></span> <span class='ocrx_word' id='word_1_342' title='bbox 677 1560 826 1588; x_wconf 78' lang='lat' dir='ltr'><strong>possumus</strong></span> <span class='ocrx_word' id='word_1_343' title='bbox 850 1553 938 1588; x_wconf 83' lang='lat' dir='ltr'><strong>siqui-</strong></span> 
     </span>
    </p>
   </div>
   <div class='ocr_carea' id='block_1_51' title="bbox 149 1595 940 1634">
    <p class='ocr_par' dir='ltr' id='par_1_51' title="bbox 149 1595 940 1634">
     <span class='ocr_line' id='line_1_51' title="bbox 149 1595 940 1634; baseline 0.008 -13"><span class='ocrx_word' id='word_1_344' title='bbox 149 1595 213 1622; x_wconf 86' lang='lat' dir='ltr'><strong>dem</strong></span> <span class='ocrx_word' id='word_1_345' title='bbox 237 1595 391 1624; x_wconf 84' lang='lat' dir='ltr'><strong>consistere</strong></span> <span class='ocrx_word' id='word_1_346' title='bbox 412 1599 441 1625; x_wconf 91' lang='lat' dir='ltr'><strong>et</strong></span> <span class='ocrx_word' id='word_1_347' title='bbox 467 1596 571 1632; x_wconf 84' lang='lat' dir='ltr'><strong>absque</strong></span> <span class='ocrx_word' id='word_1_348' title='bbox 597 1598 655 1625; x_wconf 83' lang='lat' dir='ltr'><strong>sole</strong></span> <span class='ocrx_word' id='word_1_349' title='bbox 669 1602 696 1626; x_wconf 91' lang='lat' dir='ltr'><strong>et</strong></span> <span class='ocrx_word' id='word_1_350' title='bbox 715 1606 797 1634; x_wconf 85' lang='lat' dir='ltr'><strong>aqua,</strong></span> <span class='ocrx_word' id='word_1_351' title='bbox 813 1599 940 1634; x_wconf 80' lang='lat' dir='ltr'><strong>quamvis</strong></span> 
     </span>
    </p>
   </div>
   <div class='ocr_carea' id='block_1_52' title="bbox 150 1640 939 1680">
    <p class='ocr_par' dir='ltr' id='par_1_52' title="bbox 150 1640 939 1680">
     <span class='ocr_line' id='line_1_52' title="bbox 150 1640 939 1680; baseline 0.006 -11"><span class='ocrx_word' id='word_1_352' title='bbox 150 1640 242 1669; x_wconf 85' lang='lat' dir='ltr'><strong>minus</strong></span> <span class='ocrx_word' id='word_1_353' title='bbox 266 1641 406 1677; x_wconf 78' lang='lat' dir='ltr'><strong>perfecte,</strong></span> <span class='ocrx_word' id='word_1_354' title='bbox 425 1647 546 1671; x_wconf 87' lang='lat' dir='ltr'><strong>attamen</strong></span> <span class='ocrx_word' id='word_1_355' title='bbox 571 1644 653 1680; x_wconf 89' lang='lat' dir='ltr'><strong>longo</strong></span> <span class='ocrx_word' id='word_1_356' title='bbox 675 1648 798 1680; x_wconf 85' lang='lat' dir='ltr'><strong>tempore</strong></span> <span class='ocrx_word' id='word_1_357' title='bbox 815 1654 823 1673; x_wconf 89' lang='lat'><strong>:</strong></span> <span class='ocrx_word' id='word_1_358' title='bbox 844 1653 939 1674; x_wconf 86' lang='lat' dir='ltr'><strong>verum</strong></span> 
     </span>
    </p>
   </div>
   <div class='ocr_carea' id='block_1_53' title="bbox 149 1686 939 1726">
    <p class='ocr_par' dir='ltr' id='par_1_53' title="bbox 149 1686 939 1726">
     <span class='ocr_line' id='line_1_53' title="bbox 149 1686 939 1726; baseline 0.008 -11"><span class='ocrx_word' id='word_1_359' title='bbox 149 1686 222 1715; x_wconf 88' lang='lat' dir='ltr'><strong>Deus</strong></span> <span class='ocrx_word' id='word_1_360' title='bbox 236 1688 326 1717; x_wconf 89' lang='lat' dir='ltr'><strong>sciens</strong></span> <span class='ocrx_word' id='word_1_361' title='bbox 341 1688 446 1726; x_wconf 85' lang='lat' dir='ltr'><strong>[omne]</strong></span> <span class='ocrx_word' id='word_1_362' title='bbox 460 1689 547 1726; x_wconf 88' lang='lat' dir='ltr'><strong>frigus</strong></span> <span class='ocrx_word' id='word_1_363' title='bbox 561 1698 624 1719; x_wconf 85' lang='lat' dir='ltr'><strong>esse</strong></span> <span class='ocrx_word' id='word_1_364' title='bbox 636 1692 750 1720; x_wconf 91' lang='lat' dir='ltr'><strong>omnino</strong></span> <span class='ocrx_word' id='word_1_365' title='bbox 764 1692 869 1726; x_wconf 78' lang='lat' dir='ltr'><strong>sterile.</strong></span> <span class='ocrx_word' id='word_1_366' title='bbox 879 1700 939 1720; x_wconf 91' lang='lat' dir='ltr'><strong>mo-</strong></span> 
     </span>
    </p>
   </div>
   <div class='ocr_carea' id='block_1_54' title="bbox 148 1734 937 1773">
    <p class='ocr_par' dir='ltr' id='par_1_54' title="bbox 148 1734 937 1773">
     <span class='ocr_line' id='line_1_54' title="bbox 148 1734 937 1773; baseline 0.009 -13"><span class='ocrx_word' id='word_1_367' title='bbox 148 1734 274 1762; x_wconf 81' lang='lat' dir='ltr'><strong>deratum</strong></span> <span class='ocrx_word' id='word_1_368' title='bbox 298 1738 389 1762; x_wconf 85' lang='lat' dir='ltr'><strong>autem</strong></span> <span class='ocrx_word' id='word_1_369' title='bbox 413 1736 534 1763; x_wconf 83' lang='lat' dir='ltr'><strong>calorem</strong></span> <span class='ocrx_word' id='word_1_370' title='bbox 561 1736 596 1763; x_wconf 89' lang='lat' dir='ltr'><strong>ad</strong></span> <span class='ocrx_word' id='word_1_371' title='bbox 610 1738 813 1773; x_wconf 75' lang='lat' dir='ltr'><strong>generationem</strong></span> <span class='ocrx_word' id='word_1_372' title='bbox 836 1739 937 1771; x_wconf 85' lang='lat' dir='ltr'><strong>facere,</strong></span> 
     </span>
    </p>
   </div>
   <div class='ocr_carea' id='block_1_55' title="bbox 149 1780 937 1818">
    <p class='ocr_par' dir='ltr' id='par_1_55' title="bbox 149 1780 937 1818">
     <span class='ocr_line' id='line_1_55' title="bbox 149 1780 937 1818; baseline 0.008 -12"><span class='ocrx_word' id='word_1_373' title='bbox 149 1783 232 1815; x_wconf 86' lang='lat' dir='ltr'><strong>atque</strong></span> <span class='ocrx_word' id='word_1_374' title='bbox 247 1780 348 1815; x_wconf 89' lang='lat' dir='ltr'><strong>stirpes</strong></span> <span class='ocrx_word' id='word_1_375' title='bbox 359 1784 386 1808; x_wconf 93' lang='lat' dir='ltr'><strong>et</strong></span> <span class='ocrx_word' id='word_1_376' title='bbox 402 1781 509 1809; x_wconf 88' lang='lat' dir='ltr'><strong>semina</strong></span> <span class='ocrx_word' id='word_1_377' title='bbox 520 1782 642 1818; x_wconf 86' lang='lat' dir='ltr'><strong>indigere</strong></span> <span class='ocrx_word' id='word_1_378' title='bbox 653 1784 763 1816; x_wconf 89' lang='lat' dir='ltr'><strong>caloris,</strong></span> <span class='ocrx_word' id='word_1_379' title='bbox 773 1784 845 1812; x_wconf 83' lang='lat' dir='ltr'><strong>sicut</strong></span> <span class='ocrx_word' id='word_1_380' title='bbox 855 1784 937 1812; x_wconf 89' lang='lat' dir='ltr'><strong>etiam</strong></span> 
     </span>
    </p>
   </div>
   <div class='ocr_carea' id='block_1_56' title="bbox 148 1827 937 1862">
    <p class='ocr_par' dir='ltr' id='par_1_56' title="bbox 148 1827 937 1862">
     <span class='ocr_line' id='line_1_56' title="bbox 148 1827 937 1862; baseline 0.009 -10"><span class='ocrx_word' id='word_1_381' title='bbox 148 1832 264 1862; x_wconf 80' lang='lat' dir='ltr'><strong>corpora</strong></span> <span class='ocrx_word' id='word_1_382' title='bbox 279 1827 370 1854; x_wconf 90' lang='lat' dir='ltr'><strong>omnia</strong></span> <span class='ocrx_word' id='word_1_383' title='bbox 388 1835 449 1862; x_wconf 71' lang='lat' dir='ltr'><strong>quae</strong></span> <span class='ocrx_word' id='word_1_384' title='bbox 465 1828 520 1855; x_wconf 85' lang='lat' dir='ltr'><strong>vita</strong></span> <span class='ocrx_word' id='word_1_385' title='bbox 538 1828 668 1857; x_wconf 87' lang='lat' dir='ltr'><strong>fruuntur</strong></span> <span class='ocrx_word' id='word_1_386' title='bbox 684 1837 734 1858; x_wconf 82' lang='lat' dir='ltr'><strong>seu</strong></span> <span class='ocrx_word' id='word_1_387' title='bbox 755 1830 849 1859; x_wconf 89' lang='lat' dir='ltr'><strong>sensili</strong></span> <span class='ocrx_word' id='word_1_388' title='bbox 888 1838 937 1859; x_wconf 87' lang='lat' dir='ltr'><strong>seu</strong></span> 
     </span>
    </p>
   </div>
   <div class='ocr_carea' id='block_1_57' title="bbox 147 1871 936 1909">
    <p class='ocr_par' dir='ltr' id='par_1_57' title="bbox 147 1871 936 1909">
     <span class='ocr_line' id='line_1_57' title="bbox 147 1871 936 1909; baseline 0.01 -13"><span class='ocrx_word' id='word_1_389' title='bbox 147 1871 319 1907; x_wconf 78' lang='lat' dir='ltr'><strong>vegetaliva;</strong></span> <span class='ocrx_word' id='word_1_390' title='bbox 335 1873 419 1901; x_wconf 84' lang='lat' dir='ltr'><strong>multa</strong></span> <span class='ocrx_word' id='word_1_391' title='bbox 435 1881 499 1901; x_wconf 85' lang='lat' dir='ltr'><strong>vero</strong></span> <span class='ocrx_word' id='word_1_392' title='bbox 512 1881 639 1909; x_wconf 86' lang='lat' dir='ltr'><strong>purgare,</strong></span> <span class='ocrx_word' id='word_1_393' title='bbox 655 1874 692 1902; x_wconf 90' lang='lat' dir='ltr'><strong>ita</strong></span> <span class='ocrx_word' id='word_1_394' title='bbox 707 1879 737 1903; x_wconf 93' lang='lat' dir='ltr'><strong>ut</strong></span> <span class='ocrx_word' id='word_1_395' title='bbox 751 1876 778 1903; x_wconf 94' lang='lat' dir='ltr'><strong>in</strong></span> <span class='ocrx_word' id='word_1_396' title='bbox 789 1877 936 1904; x_wconf 84' lang='lat' dir='ltr'><strong>candorem</strong></span> 
     </span>
    </p>
   </div>
   <div class='ocr_carea' id='block_1_58' title="bbox 148 1917 937 1954">
    <p class='ocr_par' dir='ltr' id='par_1_58' title="bbox 148 1917 937 1954">
     <span class='ocr_line' id='line_1_58' title="bbox 148 1917 937 1954; baseline 0.006 -8"><span class='ocrx_word' id='word_1_397' title='bbox 148 1917 285 1951; x_wconf 86' lang='lat' dir='ltr'><strong>ferantur,</strong></span> <span class='ocrx_word' id='word_1_398' title='bbox 309 1919 381 1947; x_wconf 87' lang='lat' dir='ltr'><strong>sicut</strong></span> <span class='ocrx_word' id='word_1_399' title='bbox 397 1924 488 1948; x_wconf 87' lang='lat' dir='ltr'><strong>vestes</strong></span> <span class='ocrx_word' id='word_1_400' title='bbox 506 1924 533 1948; x_wconf 88' lang='lat' dir='ltr'><strong>et</strong></span> <span class='ocrx_word' id='word_1_401' title='bbox 549 1921 619 1954; x_wconf 82' lang='lat' dir='ltr'><strong>alia;</strong></span> <span class='ocrx_word' id='word_1_402' title='bbox 640 1929 773 1950; x_wconf 91' lang='lat' dir='ltr'><strong>renovare</strong></span> <span class='ocrx_word' id='word_1_403' title='bbox 785 1926 876 1951; x_wconf 87' lang='lat' dir='ltr'><strong>autem</strong></span> <span class='ocrx_word' id='word_1_404' title='bbox 893 1930 937 1951; x_wconf 53' lang='lat' dir='ltr'><strong>seu</strong></span> 
     </span>
    </p>
   </div>
   <div class='ocr_carea' id='block_1_59' title="bbox 148 1963 936 2002">
    <p class='ocr_par' dir='ltr' id='par_1_59' title="bbox 148 1963 936 2002">
     <span class='ocr_line' id='line_1_59' title="bbox 148 1963 936 2002; baseline 0.008 -12"><span class='ocrx_word' id='word_1_405' title='bbox 148 1963 223 1990; x_wconf 90' lang='lat' dir='ltr'><strong>mina</strong></span> <span class='ocrx_word' id='word_1_406' title='bbox 236 1971 297 1999; x_wconf 73' lang='lat' dir='ltr'><strong>qua:</strong></span> <span class='ocrx_word' id='word_1_407' title='bbox 310 1964 479 1993; x_wconf 83' lang='lat' dir='ltr'><strong>refrixerunt</strong></span> <span class='ocrx_word' id='word_1_408' title='bbox 489 1985 496 1998; x_wconf 88' lang='lat'>.</span> <span class='ocrx_word' id='word_1_409' title='bbox 513 1965 574 2000; x_wconf 84' lang='lat' dir='ltr'><strong>ejus</strong></span> <span class='ocrx_word' id='word_1_410' title='bbox 590 1966 629 1994; x_wconf 90' lang='lat' dir='ltr'><strong>rei</strong></span> <span class='ocrx_word' id='word_1_411' title='bbox 649 1967 739 2002; x_wconf 85' lang='lat' dir='ltr'><strong>gratia</strong></span> <span class='ocrx_word' id='word_1_412' title='bbox 752 1968 837 1995; x_wconf 88' lang='lat' dir='ltr'><strong>solem</strong></span> <span class='ocrx_word' id='word_1_413' title='bbox 854 1976 884 1996; x_wconf 91' lang='lat' dir='ltr'><strong>se</strong></span> <span class='ocrx_word' id='word_1_414' title='bbox 898 1968 936 1996; x_wconf 91' lang='lat' dir='ltr'><strong>ita</strong></span> 
     </span>
    </p>
   </div>
   <div class='ocr_carea' id='block_1_60' title="bbox 148 2009 936 2049">
    <p class='ocr_par' dir='ltr' id='par_1_60' title="bbox 148 2009 936 2049">
     <span class='ocr_line' id='line_1_60' title="bbox 148 2009 936 2049; baseline 0.008 -13"><span class='ocrx_word' id='word_1_415' title='bbox 148 2009 250 2037; x_wconf 82' lang='lat' dir='ltr'><strong>habere</strong></span> <span class='ocrx_word' id='word_1_416' title='bbox 268 2009 350 2042; x_wconf 85' lang='lat' dir='ltr'><strong>fecit,</strong></span> <span class='ocrx_word' id='word_1_417' title='bbox 367 2014 398 2038; x_wconf 93' lang='lat' dir='ltr'><strong>ut</strong></span> <span class='ocrx_word' id='word_1_418' title='bbox 418 2010 492 2038; x_wconf 88' lang='lat' dir='ltr'><strong>dicta</strong></span> <span class='ocrx_word' id='word_1_419' title='bbox 505 2012 599 2040; x_wconf 91' lang='lat' dir='ltr'><strong>omnia</strong></span> <span class='ocrx_word' id='word_1_420' title='bbox 616 2013 752 2041; x_wconf 86' lang='lat' dir='ltr'><strong>creatoris</strong></span> <span class='ocrx_word' id='word_1_421' title='bbox 767 2021 849 2049; x_wconf 88' lang='lat' dir='ltr'><strong>opera</strong></span> <span class='ocrx_word' id='word_1_422' title='bbox 864 2022 936 2049; x_wconf 67' lang='lat' dir='ltr'><strong>pra:-</strong></span> 
     </span>
    </p>
   </div>
   <div class='ocr_carea' id='block_1_61' title="bbox 147 2057 937 2095">
    <p class='ocr_par' dir='ltr' id='par_1_61' title="bbox 147 2057 937 2095">
     <span class='ocr_line' id='line_1_61' title="bbox 147 2057 937 2095; baseline 0.008 -13"><span class='ocrx_word' id='word_1_423' title='bbox 147 2059 212 2088; x_wconf 86' lang='lat' dir='ltr'><strong>stct,</strong></span> <span class='ocrx_word' id='word_1_424' title='bbox 228 2063 291 2083; x_wconf 91' lang='lat' dir='ltr'><strong>cum</strong></span> <span class='ocrx_word' id='word_1_425' title='bbox 304 2064 360 2084; x_wconf 90' lang='lat' dir='ltr'><strong>non</strong></span> <span class='ocrx_word' id='word_1_426' title='bbox 374 2064 408 2085; x_wconf 80' lang='lat' dir='ltr'><strong>ex</strong></span> <span class='ocrx_word' id='word_1_427' title='bbox 424 2064 474 2085; x_wconf 85' lang='lat' dir='ltr'><strong>sua</strong></span> <span class='ocrx_word' id='word_1_428' title='bbox 484 2057 626 2086; x_wconf 86' lang='lat' dir='ltr'><strong>voluntate</strong></span> <span class='ocrx_word' id='word_1_429' title='bbox 640 2062 689 2086; x_wconf 86' lang='lat' dir='ltr'><strong>aut</strong></span> <span class='ocrx_word' id='word_1_430' title='bbox 701 2059 803 2088; x_wconf 82' lang='lat' dir='ltr'><strong>virtute</strong></span> <span class='ocrx_word' id='word_1_431' title='bbox 815 2064 937 2095; x_wconf 84' lang='lat' dir='ltr'><strong>potesta-</strong></span> 
     </span>
    </p>
   </div>
   <div class='ocr_carea' id='block_1_62' title="bbox 146 2101 935 2141">
    <p class='ocr_par' dir='ltr' id='par_1_62' title="bbox 146 2101 935 2141">
     <span class='ocr_line' id='line_1_62' title="bbox 146 2101 935 2141; baseline 0.008 -13"><span class='ocrx_word' id='word_1_432' title='bbox 146 2104 203 2129; x_wconf 86' lang='lat' dir='ltr'><strong>tem</strong></span> <span class='ocrx_word' id='word_1_433' title='bbox 228 2102 377 2137; x_wconf 88' lang='lat' dir='ltr'><strong>acceperit.</strong></span> <span class='ocrx_word' id='word_1_434' title='bbox 401 2101 473 2131; x_wconf 92' lang='lat' dir='ltr'><strong>Dicit</strong></span> <span class='ocrx_word' id='word_1_435' title='bbox 496 2102 549 2131; x_wconf 87' lang='lat' dir='ltr'><strong>hoc</strong></span> <span class='ocrx_word' id='word_1_436' title='bbox 570 2103 691 2140; x_wconf 85' lang='lat' dir='ltr'><strong>perfecte</strong></span> <span class='ocrx_word' id='word_1_437' title='bbox 716 2104 745 2133; x_wconf 91' lang='lat' dir='ltr'><strong>S.</strong></span> <span class='ocrx_word' id='word_1_438' title='bbox 773 2105 935 2141; x_wconf 83' lang='lat' dir='ltr'><strong>Dionysius,</strong></span> 
     </span>
    </p>
   </div>
   <div class='ocr_carea' id='block_1_63' title="bbox 145 2148 936 2185">
    <p class='ocr_par' dir='ltr' id='par_1_63' title="bbox 145 2148 936 2185">
     <span class='ocr_line' id='line_1_63' title="bbox 145 2148 936 2185; baseline 0.008 -11"><span class='ocrx_word' id='word_1_439' title='bbox 145 2150 277 2182; x_wconf 86' lang='lat' dir='ltr'><strong>tanquam</strong></span> <span class='ocrx_word' id='word_1_440' title='bbox 296 2148 418 2183; x_wconf 87' lang='lat' dir='ltr'><strong>seipsum</strong></span> <span class='ocrx_word' id='word_1_441' title='bbox 442 2149 561 2184; x_wconf 84' lang='lat' dir='ltr'><strong>amplius</strong></span> <span class='ocrx_word' id='word_1_442' title='bbox 583 2155 747 2185; x_wconf 78' lang='lat' dir='ltr'><strong>exponeret,</strong></span> <span class='ocrx_word' id='word_1_443' title='bbox 773 2151 888 2180; x_wconf 88' lang='lat' dir='ltr'><strong>inferius</strong></span> <span class='ocrx_word' id='word_1_444' title='bbox 907 2152 936 2180; x_wconf 92' lang='lat' dir='ltr'><strong>in</strong></span> 
     </span>
    </p>
   </div>
   <div class='ocr_carea' id='block_1_64' title="bbox 993 900 1784 939">
    <p class='ocr_par' dir='ltr' id='par_1_64' title="bbox 993 900 1784 939">
     <span class='ocr_line' id='line_1_64' title="bbox 993 900 1784 939; baseline -0.003 -10"><span class='ocrx_word' id='word_1_445' title='bbox 993 903 1043 939; x_wconf 83' lang='grc' dir='ltr'><strong>τῆς</strong></span> <span class='ocrx_word' id='word_1_446' title='bbox 1057 902 1121 938; x_wconf 78' lang='grc' dir='ltr'><strong>βοῆς</strong></span> <span class='ocrx_word' id='word_1_447' title='bbox 1142 902 1190 929; x_wconf 76' lang='grc' dir='ltr'>καὶ</span> <span class='ocrx_word' id='word_1_448' title='bbox 1211 901 1259 929; x_wconf 82' lang='grc' dir='ltr'><strong>τοῦ</strong></span> <span class='ocrx_word' id='word_1_449' title='bbox 1278 901 1418 937; x_wconf 79' lang='grc' dir='ltr'><strong>λεχθέντος</strong></span> <span class='ocrx_word' id='word_1_450' title='bbox 1438 902 1597 929; x_wconf 82' lang='grc' dir='ltr'><strong>ἀκούουσιν·</strong></span> <span class='ocrx_word' id='word_1_451' title='bbox 1615 902 1639 928; x_wconf 90' lang='grc' dir='ltr'><strong>οἱ</strong></span> <span class='ocrx_word' id='word_1_452' title='bbox 1654 901 1683 928; x_wconf 79' lang='grc' dir='ltr'><strong>δὲ</strong></span> <span class='ocrx_word' id='word_1_453' title='bbox 1698 900 1784 936; x_wconf 85' lang='grc' dir='ltr'><strong>βραχὺ</strong></span> 
     </span>
    </p>
   </div>
   <div class='ocr_carea' id='block_1_65' title="bbox 993 947 1786 984">
    <p class='ocr_par' dir='ltr' id='par_1_65' title="bbox 993 947 1786 984">
     <span class='ocr_line' id='line_1_65' title="bbox 993 947 1786 984; baseline -0.004 -8"><span class='ocrx_word' id='word_1_454' title='bbox 993 949 1158 983; x_wconf 78' lang='grc' dir='ltr'><strong>ἀφεστῶτες,</strong></span> <span class='ocrx_word' id='word_1_455' title='bbox 1172 948 1234 975; x_wconf 81' lang='grc' dir='ltr'><strong>ὅσον</strong></span> <span class='ocrx_word' id='word_1_456' title='bbox 1251 948 1396 983; x_wconf 79' lang='grc' dir='ltr'><strong>ἀπέχουσι,</strong></span> <span class='ocrx_word' id='word_1_457' title='bbox 1422 947 1573 984; x_wconf 80' lang='grc' dir='ltr'><strong>[τοσοῦτον]</strong></span> <span class='ocrx_word' id='word_1_458' title='bbox 1590 947 1786 983; x_wconf 86' lang='grc' dir='ltr'><strong>ἀδρανέστερον</strong></span> 
     </span>
    </p>
   </div>
   <div class='ocr_carea' id='block_1_66' title="bbox 992 993 1784 1030">
    <p class='ocr_par' dir='ltr' id='par_1_66' title="bbox 992 993 1784 1030">
     <span class='ocr_line' id='line_1_66' title="bbox 992 993 1784 1030; baseline -0.001 -10"><span class='ocrx_word' id='word_1_459' title='bbox 992 994 1040 1021; x_wconf 78' lang='grc' dir='ltr'><strong>τοῦ</strong></span> <span class='ocrx_word' id='word_1_460' title='bbox 1055 994 1209 1030; x_wconf 80' lang='grc' dir='ltr'><strong>φθέγματος</strong></span> <span class='ocrx_word' id='word_1_461' title='bbox 1218 993 1385 1029; x_wconf 69' lang='grc' dir='ltr'><strong>ἀκροῶνται⁸</strong></span> <span class='ocrx_word' id='word_1_462' title='bbox 1401 995 1425 1020; x_wconf 83' lang='grc' dir='ltr'><strong>οἱ</strong></span> <span class='ocrx_word' id='word_1_463' title='bbox 1440 993 1469 1024; x_wconf 72' lang='grc' dir='ltr'><strong>δὲ</strong></span> <span class='ocrx_word' id='word_1_464' title='bbox 1482 994 1529 1020; x_wconf 77' lang='grc' dir='ltr'><strong>ἐπὶ</strong></span> <span class='ocrx_word' id='word_1_465' title='bbox 1545 994 1636 1030; x_wconf 81' lang='grc' dir='ltr'><strong>μεῖζον</strong></span> <span class='ocrx_word' id='word_1_466' title='bbox 1648 993 1784 1028; x_wconf 78' lang='grc' dir='ltr'><strong>διάστημα</strong></span> 
     </span>
    </p>
   </div>
   <div class='ocr_carea' id='block_1_67' title="bbox 993 1039 1785 1075">
    <p class='ocr_par' dir='ltr' id='par_1_67' title="bbox 993 1039 1785 1075">
     <span class='ocr_line' id='line_1_67' title="bbox 993 1039 1785 1075; baseline 0 -9"><span class='ocrx_word' id='word_1_467' title='bbox 993 1039 1191 1075; x_wconf 79' lang='grc' dir='ltr'><strong>κεχωρισμένοι</strong></span> <span class='ocrx_word' id='word_1_468' title='bbox 1212 1039 1357 1066; x_wconf 79' lang='grc' dir='ltr'><strong>πολλοστάν</strong></span> <span class='ocrx_word' id='word_1_469' title='bbox 1375 1048 1401 1066; x_wconf 87' lang='grc' dir='ltr'><strong>τι</strong></span> <span class='ocrx_word' id='word_1_470' title='bbox 1426 1039 1509 1075; x_wconf 83' lang='grc' dir='ltr'><strong>μέρος</strong></span> <span class='ocrx_word' id='word_1_471' title='bbox 1528 1040 1576 1067; x_wconf 78' lang='grc' dir='ltr'><strong>καὶ</strong></span> <span class='ocrx_word' id='word_1_472' title='bbox 1599 1039 1785 1075; x_wconf 84' lang='grc' dir='ltr'><strong>ἁμυδρότατον</strong></span> 
     </span>
    </p>
   </div>
   <div class='ocr_carea' id='block_1_68' title="bbox 991 1084 1783 1122">
    <p class='ocr_par' dir='ltr' id='par_1_68' title="bbox 991 1084 1783 1122">
     <span class='ocr_line' id='line_1_68' title="bbox 991 1084 1783 1122; baseline -0.001 -11"><span class='ocrx_word' id='word_1_473' title='bbox 991 1084 1039 1112; x_wconf 78' lang='grc' dir='ltr'><strong>τοῦ</strong></span> <span class='ocrx_word' id='word_1_474' title='bbox 1062 1085 1244 1122; x_wconf 82' lang='grc' dir='ltr'><strong>ἀπηχήματος</strong></span> <span class='ocrx_word' id='word_1_475' title='bbox 1266 1084 1461 1121; x_wconf 78' lang='grc' dir='ltr'><strong>λαμϐάνουσιν,</strong></span> <span class='ocrx_word' id='word_1_476' title='bbox 1481 1085 1518 1117; x_wconf 86' lang='grc' dir='ltr'><strong>ὼς</strong></span> <span class='ocrx_word' id='word_1_477' title='bbox 1541 1085 1634 1120; x_wconf 85' lang='grc' dir='ltr'>φωνῆς</span> <span class='ocrx_word' id='word_1_478' title='bbox 1654 1085 1702 1120; x_wconf 83' lang='grc' dir='ltr'><strong>μὲν</strong></span> <span class='ocrx_word' id='word_1_479' title='bbox 1715 1085 1783 1119; x_wconf 86' lang='grc' dir='ltr'><strong>ἀσή-</strong></span> 
     </span>
    </p>
   </div>
   <div class='ocr_carea' id='block_1_69' title="bbox 994 1130 1786 1168">
    <p class='ocr_par' dir='ltr' id='par_1_69' title="bbox 994 1130 1786 1168">
     <span class='ocr_line' id='line_1_69' title="bbox 994 1130 1786 1168; baseline 0 -10"><span class='ocrx_word' id='word_1_480' title='bbox 994 1140 1045 1167; x_wconf 87' lang='grc' dir='ltr'><strong>μου</strong></span> <span class='ocrx_word' id='word_1_481' title='bbox 1068 1131 1141 1164; x_wconf 83' lang='grc' dir='ltr'><strong>τινὺς</strong></span> <span class='ocrx_word' id='word_1_482' title='bbox 1157 1130 1282 1165; x_wconf 80' lang='grc' dir='ltr'><strong>ἀκοῦσαι,</strong></span> <span class='ocrx_word' id='word_1_483' title='bbox 1305 1132 1343 1168; x_wconf 85' lang='grc' dir='ltr'><strong>μὴ</strong></span> <span class='ocrx_word' id='word_1_484' title='bbox 1369 1132 1466 1168; x_wconf 81' lang='grc' dir='ltr'><strong>νοῆσαι</strong></span> <span class='ocrx_word' id='word_1_485' title='bbox 1490 1132 1520 1159; x_wconf 86' lang='grc' dir='ltr'><strong>τὺ</strong></span> <span class='ocrx_word' id='word_1_486' title='bbox 1542 1132 1599 1158; x_wconf 70' lang='grc' dir='ltr'><strong>δὲη</strong></span> <span class='ocrx_word' id='word_1_487' title='bbox 1614 1131 1786 1167; x_wconf 66' lang='grc' dir='ltr'><strong>ἐκφωνηθένι</strong></span> 
     </span>
    </p>
   </div>
   <div class='ocr_carea' id='block_1_70' title="bbox 996 1176 1783 1214">
    <p class='ocr_par' dir='ltr' id='par_1_70' title="bbox 996 1176 1783 1214">
     <span class='ocr_line' id='line_1_70' title="bbox 996 1176 1783 1214; baseline 0 -11"><span class='ocrx_word' id='word_1_488' title='bbox 996 1176 1124 1204; x_wconf 79' lang='grc' dir='ltr'><strong>τοσοῦτον</strong></span> <span class='ocrx_word' id='word_1_489' title='bbox 1146 1176 1220 1204; x_wconf 78' lang='grc' dir='ltr'><strong>ἔστιν</strong></span> <span class='ocrx_word' id='word_1_490' title='bbox 1243 1177 1388 1205; x_wconf 78' lang='grc' dir='ltr'><strong>ὑπολαϐεῖν</strong></span> <span class='ocrx_word' id='word_1_491' title='bbox 1409 1177 1440 1204; x_wconf 81' lang='grc' dir='ltr'><strong>τὸ</strong></span> <span class='ocrx_word' id='word_1_492' title='bbox 1457 1177 1567 1213; x_wconf 72' lang='grc' dir='ltr'><strong>ἡλιακὸν</strong></span> <span class='ocrx_word' id='word_1_493' title='bbox 1586 1177 1644 1212; x_wconf 86' lang='grc' dir='ltr'><strong>φῶς</strong></span> <span class='ocrx_word' id='word_1_494' title='bbox 1663 1176 1703 1212; x_wconf 79' lang='grc' dir='ltr'><strong>τῷ</strong></span> <span class='ocrx_word' id='word_1_495' title='bbox 1715 1177 1783 1214; x_wconf 80' lang='grc' dir='ltr'><strong>ἀλη-</strong></span> 
     </span>
    </p>
   </div>
   <div class='ocr_carea' id='block_1_71' title="bbox 992 1221 1608 1261">
    <p class='ocr_par' dir='ltr' id='par_1_71' title="bbox 992 1221 1608 1261">
     <span class='ocr_line' id='line_1_71' title="bbox 992 1221 1608 1261; baseline 0 -11"><span class='ocrx_word' id='word_1_496' title='bbox 992 1223 1067 1260; x_wconf 86' lang='grc' dir='ltr'><strong>θινῷ,</strong></span> <span class='ocrx_word' id='word_1_497' title='bbox 1083 1224 1122 1255; x_wconf 84' lang='grc' dir='ltr'><strong>ὡς</strong></span> <span class='ocrx_word' id='word_1_498' title='bbox 1136 1224 1183 1251; x_wconf 78' lang='grc' dir='ltr'><strong>καὶ</strong></span> <span class='ocrx_word' id='word_1_499' title='bbox 1198 1223 1371 1260; x_wconf 75' lang='grc' dir='ltr'><strong>ἀσύμϐλητον</strong></span> <span class='ocrx_word' id='word_1_500' title='bbox 1387 1221 1500 1251; x_wconf 79' lang='grc' dir='ltr'><strong>εἶναιτὸ</strong></span> <span class='ocrx_word' id='word_1_501' title='bbox 1516 1223 1608 1261; x_wconf 78' lang='grc' dir='ltr'><strong>μέσον.</strong></span> 
     </span>
    </p>
   </div>
   <div class='ocr_carea' id='block_1_72' title="bbox 1033 1357 1781 1394">
    <p class='ocr_par' dir='ltr' id='par_1_72' title="bbox 1033 1357 1781 1394">
     <span class='ocr_line' id='line_1_72' title="bbox 1033 1357 1781 1394; baseline -0.003 -8"><span class='ocrx_word' id='word_1_502' title='bbox 1033 1358 1126 1386; x_wconf 83' lang='grc' dir='ltr'><em>Ἀλλὰ</em></span> <span class='ocrx_word' id='word_1_503' title='bbox 1147 1357 1203 1385; x_wconf 76' lang='grc' dir='ltr'><strong>καὶ.</strong></span> <span class='ocrx_word' id='word_1_504' title='bbox 1218 1358 1291 1393; x_wconf 67' lang='grc' dir='ltr'><strong>πρὸς</strong></span> <span class='ocrx_word' id='word_1_505' title='bbox 1307 1357 1371 1392; x_wconf 72' lang='grc' dir='ltr'><strong>τὴν</strong></span> <span class='ocrx_word' id='word_1_506' title='bbox 1385 1357 1516 1393; x_wconf 75' lang='grc' dir='ltr'><strong>γένεσιν,</strong></span> <span class='ocrx_word' id='word_1_507' title='bbox 1536 1358 1583 1394; x_wconf 80' lang='grc' dir='ltr'><strong>Μὴ</strong></span> <span class='ocrx_word' id='word_1_508' title='bbox 1601 1357 1716 1394; x_wconf 76' lang='grc' dir='ltr'><strong>νομίσῃς</strong></span> <span class='ocrx_word' id='word_1_509' title='bbox 1734 1358 1781 1385; x_wconf 78' lang='grc' dir='ltr'><strong>τὸν</strong></span> 
     </span>
    </p>
   </div>
   <div class='ocr_carea' id='block_1_73' title="bbox 989 1403 1781 1440">
    <p class='ocr_par' dir='ltr' id='par_1_73' title="bbox 989 1403 1781 1440">
     <span class='ocr_line' id='line_1_73' title="bbox 989 1403 1781 1440; baseline -0.001 -9"><span class='ocrx_word' id='word_1_510' title='bbox 989 1404 1065 1440; x_wconf 77' lang='grc' dir='ltr'><strong>ἥλιον</strong></span> <span class='ocrx_word' id='word_1_511' title='bbox 1079 1404 1230 1439; x_wconf 86' lang='grc' dir='ltr'><strong>γενέσεως,</strong></span> <span class='ocrx_word' id='word_1_512' title='bbox 1244 1404 1261 1440; x_wconf 75' lang='grc' dir='ltr'>ἢ</span> <span class='ocrx_word' id='word_1_513' title='bbox 1277 1403 1361 1439; x_wconf 82' lang='grc' dir='ltr'><strong>ζωῆς,</strong></span> <span class='ocrx_word' id='word_1_514' title='bbox 1375 1403 1392 1440; x_wconf 76' lang='grc' dir='ltr'><strong>ἢ</strong></span> <span class='ocrx_word' id='word_1_515' title='bbox 1408 1403 1564 1440; x_wconf 80' lang='grc' dir='ltr'><strong>αὐξήσεως,</strong></span> <span class='ocrx_word' id='word_1_516' title='bbox 1579 1403 1597 1440; x_wconf 79' lang='grc' dir='ltr'>ἢ</span> <span class='ocrx_word' id='word_1_517' title='bbox 1613 1403 1781 1439; x_wconf 70' lang='grc' dir='ltr'><strong>τελειότητος</strong></span> 
     </span>
    </p>
   </div>
   <div class='ocr_carea' id='block_1_74' title="bbox 989 1449 1780 1485">
    <p class='ocr_par' dir='ltr' id='par_1_74' title="bbox 989 1449 1780 1485">
     <span class='ocr_line' id='line_1_74' title="bbox 989 1449 1780 1485; baseline -0.001 -8"><span class='ocrx_word' id='word_1_518' title='bbox 989 1450 1076 1477; x_wconf 78' lang='grc' dir='ltr'><strong>αἴτιον</strong></span> <span class='ocrx_word' id='word_1_519' title='bbox 1095 1449 1164 1477; x_wconf 75' lang='grc' dir='ltr'><strong>εἷναι</strong></span> <span class='ocrx_word' id='word_1_520' title='bbox 1187 1449 1242 1477; x_wconf 80' lang='grc' dir='ltr'><strong>τῶν</strong></span> <span class='ocrx_word' id='word_1_521' title='bbox 1264 1449 1351 1477; x_wconf 73' lang='grc' dir='ltr'><strong>ὅντων</strong></span> <span class='ocrx_word' id='word_1_522' title='bbox 1373 1450 1460 1482; x_wconf 81' lang='grc' dir='ltr'><strong>τινός”</strong></span> <span class='ocrx_word' id='word_1_523' title='bbox 1475 1449 1570 1485; x_wconf 82' lang='grc' dir='ltr'><strong>ὥσπερ</strong></span> <span class='ocrx_word' id='word_1_524' title='bbox 1589 1449 1650 1480; x_wconf 74' lang='grc' dir='ltr'><strong>οὐδὲ</strong></span> <span class='ocrx_word' id='word_1_525' title='bbox 1672 1449 1735 1476; x_wconf 80' lang='grc' dir='ltr'><strong>ἀλλο</strong></span> <span class='ocrx_word' id='word_1_526' title='bbox 1753 1458 1780 1476; x_wconf 91' lang='grc' dir='ltr'><strong>τι</strong></span> 
     </span>
    </p>
   </div>
   <div class='ocr_carea' id='block_1_75' title="bbox 990 1495 1779 1532">
    <p class='ocr_par' dir='ltr' id='par_1_75' title="bbox 990 1495 1779 1532">
     <span class='ocr_line' id='line_1_75' title="bbox 990 1495 1779 1532; baseline 0 -10"><span class='ocrx_word' id='word_1_527' title='bbox 990 1495 1160 1532; x_wconf 69' lang='grc' dir='ltr'><strong>στοιχεῖονδο,</strong></span> <span class='ocrx_word' id='word_1_528' title='bbox 1185 1496 1210 1522; x_wconf 84' lang='grc' dir='ltr'><strong>ει</strong></span> <span class='ocrx_word' id='word_1_529' title='bbox 1233 1495 1281 1524; x_wconf 78' lang='grc' dir='ltr'><strong>καὶ</strong></span> <span class='ocrx_word' id='word_1_530' title='bbox 1305 1495 1408 1532; x_wconf 85' lang='grc' dir='ltr'><strong>σφόδρα</strong></span> <span class='ocrx_word' id='word_1_531' title='bbox 1429 1495 1506 1531; x_wconf 78' lang='grc' dir='ltr'><strong>τύχοι</strong></span> <span class='ocrx_word' id='word_1_532' title='bbox 1526 1495 1581 1523; x_wconf 82' lang='grc' dir='ltr'><strong>τῶν</strong></span> <span class='ocrx_word' id='word_1_533' title='bbox 1606 1496 1779 1530; x_wconf 77' lang='grc' dir='ltr'><strong>ἀναγκαίων,</strong></span> 
     </span>
    </p>
   </div>
   <div class='ocr_carea' id='block_1_76' title="bbox 951 1532 1774 1579">
    <p class='ocr_par' dir='ltr' id='par_1_76' title="bbox 951 1532 1774 1579">
     <span class='ocr_line' id='line_1_76' title="bbox 951 1532 1774 1579; baseline 0 -10"><span class='ocrx_word' id='word_1_534' title='bbox 951 1532 973 1561; x_wconf 77' lang='lat' dir='ltr'><strong>c</strong></span> <span class='ocrx_word' id='word_1_535' title='bbox 989 1539 1045 1569; x_wconf 79' lang='grc' dir='ltr'><strong>οἷον</strong></span> <span class='ocrx_word' id='word_1_536' title='bbox 1067 1542 1097 1569; x_wconf 86' lang='grc' dir='ltr'><strong>τὺ</strong></span> <span class='ocrx_word' id='word_1_537' title='bbox 1121 1542 1207 1578; x_wconf 78' lang='grc' dir='ltr'><strong>ὕδωρ·</strong></span> <span class='ocrx_word' id='word_1_538' title='bbox 1228 1541 1339 1570; x_wconf 82' lang='grc' dir='ltr'><strong>δυνατὸν</strong></span> <span class='ocrx_word' id='word_1_539' title='bbox 1358 1541 1413 1578; x_wconf 85' lang='grc' dir='ltr'><strong>γὰρ</strong></span> <span class='ocrx_word' id='word_1_540' title='bbox 1437 1543 1511 1579; x_wconf 79' lang='grc' dir='ltr'><strong>ἡμᾶς</strong></span> <span class='ocrx_word' id='word_1_541' title='bbox 1530 1542 1700 1577; x_wconf 81' lang='grc' dir='ltr'><strong>διαγενέσθαι</strong></span> <span class='ocrx_word' id='word_1_542' title='bbox 1725 1543 1774 1569; x_wconf 78' lang='grc' dir='ltr'><strong>καὶ</strong></span> 
     </span>
    </p>
   </div>
   <div class='ocr_carea' id='block_1_77' title="bbox 991 1587 1779 1625">
    <p class='ocr_par' dir='ltr' id='par_1_77' title="bbox 991 1587 1779 1625">
     <span class='ocr_line' id='line_1_77' title="bbox 991 1587 1779 1625; baseline 0 -10"><span class='ocrx_word' id='word_1_543' title='bbox 991 1587 1066 1625; x_wconf 79' lang='grc' dir='ltr'><strong>ἡλίου</strong></span> <span class='ocrx_word' id='word_1_544' title='bbox 1084 1588 1185 1624; x_wconf 77' lang='grc' dir='ltr'><strong>χωρὶς,</strong></span> <span class='ocrx_word' id='word_1_545' title='bbox 1210 1588 1258 1615; x_wconf 69' lang='grc' dir='ltr'><strong>καὶ</strong></span> <span class='ocrx_word' id='word_1_546' title='bbox 1273 1588 1388 1621; x_wconf 81' lang='grc' dir='ltr'><strong>ὓδατος,</strong></span> <span class='ocrx_word' id='word_1_547' title='bbox 1412 1589 1436 1616; x_wconf 80' lang='grc' dir='ltr'><strong>ει</strong></span> <span class='ocrx_word' id='word_1_548' title='bbox 1458 1588 1506 1615; x_wconf 80' lang='grc' dir='ltr'><strong>καὶ</strong></span> <span class='ocrx_word' id='word_1_549' title='bbox 1523 1588 1561 1625; x_wconf 81' lang='grc' dir='ltr'><strong>μὴ</strong></span> <span class='ocrx_word' id='word_1_550' title='bbox 1579 1588 1705 1621; x_wconf 81' lang='grc' dir='ltr'><strong>τελείως,</strong></span> <span class='ocrx_word' id='word_1_551' title='bbox 1721 1588 1779 1615; x_wconf 81' lang='grc' dir='ltr'><strong>ἀλλ’</strong></span> 
     </span>
    </p>
   </div>
   <div class='ocr_carea' id='block_1_78' title="bbox 989 1632 1780 1671">
    <p class='ocr_par' dir='ltr' id='par_1_78' title="bbox 989 1632 1780 1671">
     <span class='ocr_line' id='line_1_78' title="bbox 989 1632 1780 1671; baseline -0.001 -10"><span class='ocrx_word' id='word_1_552' title='bbox 989 1632 1035 1662; x_wconf 76' lang='grc' dir='ltr'><strong>οὖν</strong></span> <span class='ocrx_word' id='word_1_553' title='bbox 1054 1635 1145 1661; x_wconf 77' lang='grc' dir='ltr'><strong>ἱκανὸν</strong></span> <span class='ocrx_word' id='word_1_554' title='bbox 1156 1634 1265 1671; x_wconf 83' lang='grc' dir='ltr'><strong>χρόνον·</strong></span> <span class='ocrx_word' id='word_1_555' title='bbox 1282 1634 1339 1661; x_wconf 82' lang='grc' dir='ltr'><strong>ἀλλ’</strong></span> <span class='ocrx_word' id='word_1_556' title='bbox 1353 1633 1432 1666; x_wconf 78' lang='grc' dir='ltr'><strong>εἰδὼς</strong></span> <span class='ocrx_word' id='word_1_557' title='bbox 1444 1635 1459 1662; x_wconf 88' lang='lat'><strong>6</strong></span> <span class='ocrx_word' id='word_1_558' title='bbox 1473 1634 1549 1667; x_wconf 81' lang='grc' dir='ltr'><strong>Θεὸς,</strong></span> <span class='ocrx_word' id='word_1_559' title='bbox 1563 1635 1605 1661; x_wconf 80' lang='grc' dir='ltr'><strong>ὅτι</strong></span> <span class='ocrx_word' id='word_1_560' title='bbox 1617 1633 1650 1661; x_wconf 75' lang='grc' dir='ltr'><strong>τὸ</strong></span> <span class='ocrx_word' id='word_1_561' title='bbox 1670 1635 1719 1670; x_wconf 86' lang='grc' dir='ltr'><strong>μὲν</strong></span> <span class='ocrx_word' id='word_1_562' title='bbox 1728 1634 1780 1670; x_wconf 80' lang='grc' dir='ltr'><strong>ψυ-</strong></span> 
     </span>
    </p>
   </div>
   <div class='ocr_carea' id='block_1_79' title="bbox 989 1680 1780 1718">
    <p class='ocr_par' dir='ltr' id='par_1_79' title="bbox 989 1680 1780 1718">
     <span class='ocr_line' id='line_1_79' title="bbox 989 1680 1780 1718; baseline -0.001 -10"><span class='ocrx_word' id='word_1_563' title='bbox 989 1681 1054 1718; x_wconf 81' lang='grc' dir='ltr'><strong>χρὸν</strong></span> <span class='ocrx_word' id='word_1_564' title='bbox 1069 1680 1167 1717; x_wconf 74' lang='grc' dir='ltr'><strong>[ἅπαν]</strong></span> <span class='ocrx_word' id='word_1_565' title='bbox 1181 1680 1278 1716; x_wconf 80' lang='grc' dir='ltr'><strong>ἄγονον</strong></span> <span class='ocrx_word' id='word_1_566' title='bbox 1297 1680 1452 1713; x_wconf 85' lang='grc' dir='ltr'><strong>παντελῶς·</strong></span> <span class='ocrx_word' id='word_1_567' title='bbox 1467 1681 1498 1707; x_wconf 82' lang='grc' dir='ltr'><strong>τὺ</strong></span> <span class='ocrx_word' id='word_1_568' title='bbox 1516 1681 1544 1708; x_wconf 80' lang='grc' dir='ltr'><strong>δὲ</strong></span> <span class='ocrx_word' id='word_1_569' title='bbox 1566 1681 1780 1717; x_wconf 79' lang='grc' dir='ltr'><strong>μεμετρημένως</strong></span> 
     </span>
    </p>
   </div>
   <div class='ocr_carea' id='block_1_80' title="bbox 989 1726 1779 1764">
    <p class='ocr_par' dir='ltr' id='par_1_80' title="bbox 989 1726 1779 1764">
     <span class='ocr_line' id='line_1_80' title="bbox 989 1726 1779 1764; baseline -0.001 -10"><span class='ocrx_word' id='word_1_570' title='bbox 989 1727 1089 1764; x_wconf 80' lang='grc' dir='ltr'><strong>θερμὸν</strong></span> <span class='ocrx_word' id='word_1_571' title='bbox 1104 1727 1289 1763; x_wconf 82' lang='grc' dir='ltr'><strong>γενεσιουργεῖ</strong></span> <span class='ocrx_word' id='word_1_572' title='bbox 1299 1747 1307 1759; x_wconf 84' lang='lat'><strong>,</strong></span> <span class='ocrx_word' id='word_1_573' title='bbox 1328 1727 1376 1754; x_wconf 75' lang='grc' dir='ltr'><strong>καὶ</strong></span> <span class='ocrx_word' id='word_1_574' title='bbox 1389 1727 1430 1754; x_wconf 69' lang='grc' dir='ltr'><strong>ὅτι</strong></span> <span class='ocrx_word' id='word_1_575' title='bbox 1445 1726 1480 1753; x_wconf 85' lang='grc' dir='ltr'><strong>τὰ</strong></span> <span class='ocrx_word' id='word_1_576' title='bbox 1496 1727 1568 1761; x_wconf 83' lang='grc' dir='ltr'><strong>φυτὰ</strong></span> <span class='ocrx_word' id='word_1_577' title='bbox 1582 1727 1630 1754; x_wconf 80' lang='grc' dir='ltr'><strong>καὶ</strong></span> <span class='ocrx_word' id='word_1_578' title='bbox 1644 1726 1680 1754; x_wconf 82' lang='grc' dir='ltr'><strong>τὰ</strong></span> <span class='ocrx_word' id='word_1_579' title='bbox 1694 1727 1779 1763; x_wconf 83' lang='grc' dir='ltr'><strong>σπέρ-</strong></span> 
     </span>
    </p>
   </div>
   <div class='ocr_carea' id='block_1_81' title="bbox 989 1772 1780 1810">
    <p class='ocr_par' dir='ltr' id='par_1_81' title="bbox 989 1772 1780 1810">
     <span class='ocr_line' id='line_1_81' title="bbox 989 1772 1780 1810; baseline 0.001 -10"><span class='ocrx_word' id='word_1_580' title='bbox 989 1782 1063 1809; x_wconf 89' lang='grc' dir='ltr'><strong>ματα</strong></span> <span class='ocrx_word' id='word_1_581' title='bbox 1073 1773 1240 1810; x_wconf 82' lang='grc' dir='ltr'><strong>θερμότητος</strong></span> <span class='ocrx_word' id='word_1_582' title='bbox 1252 1773 1347 1806; x_wconf 79' lang='grc' dir='ltr'><strong>δεῖται,</strong></span> <span class='ocrx_word' id='word_1_583' title='bbox 1359 1773 1397 1805; x_wconf 84' lang='grc' dir='ltr'><strong>ὡς</strong></span> <span class='ocrx_word' id='word_1_584' title='bbox 1412 1773 1459 1801; x_wconf 74' lang='grc' dir='ltr'><strong>καὶ</strong></span> <span class='ocrx_word' id='word_1_585' title='bbox 1469 1772 1504 1800; x_wconf 86' lang='grc' dir='ltr'><strong>τὰ</strong></span> <span class='ocrx_word' id='word_1_586' title='bbox 1519 1772 1632 1809; x_wconf 85' lang='grc' dir='ltr'><strong>σώματα</strong></span> <span class='ocrx_word' id='word_1_587' title='bbox 1643 1773 1732 1803; x_wconf 73' lang='grc' dir='ltr'><strong>πάντα</strong></span> <span class='ocrx_word' id='word_1_588' title='bbox 1744 1773 1780 1804; x_wconf 76' lang='grc' dir='ltr'><strong>τὰ</strong></span> 
     </span>
    </p>
   </div>
   <div class='ocr_carea' id='block_1_82' title="bbox 988 1819 1778 1856">
    <p class='ocr_par' dir='ltr' id='par_1_82' title="bbox 988 1819 1778 1856">
     <span class='ocr_line' id='line_1_82' title="bbox 988 1819 1778 1856; baseline -0.004 -8"><span class='ocrx_word' id='word_1_589' title='bbox 988 1819 1061 1856; x_wconf 83' lang='grc' dir='ltr'><strong>ζωὴν</strong></span> <span class='ocrx_word' id='word_1_590' title='bbox 1083 1820 1179 1856; x_wconf 75' lang='grc' dir='ltr'><strong>ἔχοντα</strong></span> <span class='ocrx_word' id='word_1_591' title='bbox 1195 1820 1251 1847; x_wconf 74' lang='grc' dir='ltr'><strong>εἴτε</strong></span> <span class='ocrx_word' id='word_1_592' title='bbox 1272 1819 1433 1856; x_wconf 73' lang='grc' dir='ltr'><strong>αἰσθητικὴν</strong></span> <span class='ocrx_word' id='word_1_593' title='bbox 1454 1819 1509 1846; x_wconf 81' lang='grc' dir='ltr'><strong>εῐτε</strong></span> <span class='ocrx_word' id='word_1_594' title='bbox 1533 1821 1665 1856; x_wconf 83' lang='grc' dir='ltr'><strong>φυτικήν·</strong></span> <span class='ocrx_word' id='word_1_595' title='bbox 1682 1819 1778 1847; x_wconf 82' lang='grc' dir='ltr'><strong>καθαί-</strong></span> 
     </span>
    </p>
   </div>
   <div class='ocr_carea' id='block_1_83' title="bbox 990 1865 1778 1902">
    <p class='ocr_par' dir='ltr' id='par_1_83' title="bbox 990 1865 1778 1902">
     <span class='ocr_line' id='line_1_83' title="bbox 990 1865 1778 1902; baseline -0.003 -8"><span class='ocrx_word' id='word_1_596' title='bbox 990 1875 1080 1902; x_wconf 88' lang='grc' dir='ltr'><strong>ρονται</strong></span> <span class='ocrx_word' id='word_1_597' title='bbox 1091 1867 1122 1894; x_wconf 76' lang='grc' dir='ltr'><strong>δὲ</strong></span> <span class='ocrx_word' id='word_1_598' title='bbox 1136 1866 1230 1900; x_wconf 58' lang='grc' dir='ltr'><strong>¹ιτβολλὰ,</strong></span> <span class='ocrx_word' id='word_1_599' title='bbox 1245 1866 1283 1898; x_wconf 87' lang='grc' dir='ltr'><strong>ὼς</strong></span> <span class='ocrx_word' id='word_1_600' title='bbox 1298 1867 1345 1894; x_wconf 79' lang='grc' dir='ltr'><strong>καὶ</strong></span> <span class='ocrx_word' id='word_1_601' title='bbox 1360 1867 1400 1898; x_wconf 79' lang='grc' dir='ltr'><strong>είς</strong></span> <span class='ocrx_word' id='word_1_602' title='bbox 1413 1865 1563 1901; x_wconf 84' lang='grc' dir='ltr'><strong>λευκότητα</strong></span> <span class='ocrx_word' id='word_1_603' title='bbox 1579 1866 1722 1902; x_wconf 83' lang='grc' dir='ltr'><strong>φέρεσθαι,</strong></span> <span class='ocrx_word' id='word_1_604' title='bbox 1739 1866 1778 1897; x_wconf 85' lang='grc' dir='ltr'><strong>ὼς</strong></span> 
     </span>
    </p>
   </div>
   <div class='ocr_carea' id='block_1_84' title="bbox 987 1912 1777 1949">
    <p class='ocr_par' dir='ltr' id='par_1_84' title="bbox 987 1912 1777 1949">
     <span class='ocr_line' id='line_1_84' title="bbox 987 1912 1777 1949; baseline -0.001 -10"><span class='ocrx_word' id='word_1_605' title='bbox 987 1913 1100 1949; x_wconf 76' lang='grc' dir='ltr'><strong>ἐσθῆτες</strong></span> <span class='ocrx_word' id='word_1_606' title='bbox 1116 1913 1162 1941; x_wconf 76' lang='grc' dir='ltr'><strong>καὶ</strong></span> <span class='ocrx_word' id='word_1_607' title='bbox 1177 1913 1244 1940; x_wconf 81' lang='grc' dir='ltr'><strong>ἀλλα</strong></span> <span class='ocrx_word' id='word_1_608' title='bbox 1253 1922 1259 1928; x_wconf 86' lang='grc'><strong>·</strong></span> <span class='ocrx_word' id='word_1_609' title='bbox 1277 1913 1385 1940; x_wconf 82' lang='grc' dir='ltr'><strong>ἀνανεοῖ</strong></span> <span class='ocrx_word' id='word_1_610' title='bbox 1405 1912 1435 1939; x_wconf 82' lang='grc' dir='ltr'><strong>δὲ</strong></span> <span class='ocrx_word' id='word_1_611' title='bbox 1446 1913 1494 1939; x_wconf 87' lang='grc' dir='ltr'><strong>καὶ</strong></span> <span class='ocrx_word' id='word_1_612' title='bbox 1509 1912 1543 1939; x_wconf 82' lang='grc' dir='ltr'><strong>τὰ</strong></span> <span class='ocrx_word' id='word_1_613' title='bbox 1556 1912 1678 1948; x_wconf 82' lang='grc' dir='ltr'><strong>ψυγέντα</strong></span> <span class='ocrx_word' id='word_1_614' title='bbox 1692 1912 1777 1948; x_wconf 87' lang='grc' dir='ltr'><strong>σπέρ-</strong></span> 
     </span>
    </p>
   </div>
   <div class='ocr_carea' id='block_1_85' title="bbox 989 1958 1778 1995">
    <p class='ocr_par' dir='ltr' id='par_1_85' title="bbox 989 1958 1778 1995">
     <span class='ocr_line' id='line_1_85' title="bbox 989 1958 1778 1995; baseline -0.001 -9"><span class='ocrx_word' id='word_1_615' title='bbox 989 1967 1079 1995; x_wconf 85' lang='grc' dir='ltr'><strong>ματα·</strong></span> <span class='ocrx_word' id='word_1_616' title='bbox 1101 1959 1197 1986; x_wconf 88' lang='grc' dir='ltr'><strong>τούτου</strong></span> <span class='ocrx_word' id='word_1_617' title='bbox 1217 1958 1296 1994; x_wconf 81' lang='grc' dir='ltr'><strong>χάριν</strong></span> <span class='ocrx_word' id='word_1_618' title='bbox 1317 1958 1364 1986; x_wconf 79' lang='grc' dir='ltr'><strong>τὸν</strong></span> <span class='ocrx_word' id='word_1_619' title='bbox 1381 1958 1456 1994; x_wconf 82' lang='grc' dir='ltr'><strong>ἥλιον</strong></span> <span class='ocrx_word' id='word_1_620' title='bbox 1476 1958 1562 1990; x_wconf 79' lang='grc' dir='ltr'><strong>οὕτως</strong></span> <span class='ocrx_word' id='word_1_621' title='bbox 1578 1958 1651 1994; x_wconf 78' lang='grc' dir='ltr'><strong>ἔχειν</strong></span> <span class='ocrx_word' id='word_1_622' title='bbox 1670 1958 1778 1993; x_wconf 85' lang='grc' dir='ltr'><strong>φύσεως</strong></span> 
     </span>
    </p>
   </div>
   <div class='ocr_carea' id='block_1_86' title="bbox 986 2004 1778 2043">
    <p class='ocr_par' dir='ltr' id='par_1_86' title="bbox 986 2004 1778 2043">
     <span class='ocr_line' id='line_1_86' title="bbox 986 2004 1778 2043; baseline -0.001 -11"><span class='ocrx_word' id='word_1_623' title='bbox 986 2005 1129 2041; x_wconf 74' lang='grc' dir='ltr'><strong>ἐποίησεν,</strong></span> <span class='ocrx_word' id='word_1_624' title='bbox 1151 2005 1194 2032; x_wconf 78' lang='grc' dir='ltr'><strong>ἴνα</strong></span> <span class='ocrx_word' id='word_1_625' title='bbox 1217 2004 1253 2034; x_wconf 82' lang='grc' dir='ltr'><strong>τὰ</strong></span> <span class='ocrx_word' id='word_1_626' title='bbox 1276 2004 1409 2043; x_wconf 82' lang='grc' dir='ltr'><strong>εἰρημένα</strong></span> <span class='ocrx_word' id='word_1_627' title='bbox 1423 2004 1511 2031; x_wconf 77' lang='grc' dir='ltr'><strong>πάντα</strong></span> <span class='ocrx_word' id='word_1_628' title='bbox 1535 2006 1599 2040; x_wconf 83' lang='grc' dir='ltr'><strong>ποιῇ</strong></span> <span class='ocrx_word' id='word_1_629' title='bbox 1618 2005 1652 2031; x_wconf 85' lang='grc' dir='ltr'><strong>ὲκ</strong></span> <span class='ocrx_word' id='word_1_630' title='bbox 1668 2004 1716 2031; x_wconf 84' lang='grc' dir='ltr'><strong>τοῦ</strong></span> <span class='ocrx_word' id='word_1_631' title='bbox 1729 2004 1778 2039; x_wconf 86' lang='grc' dir='ltr'><strong>δη-</strong></span> 
     </span>
    </p>
   </div>
   <div class='ocr_carea' id='block_1_87' title="bbox 989 2043 1778 2088">
    <p class='ocr_par' dir='ltr' id='par_1_87' title="bbox 989 2043 1778 2088">
     <span class='ocr_line' id='line_1_87' title="bbox 989 2043 1778 2088; baseline -0.003 -9"><span class='ocrx_word' id='word_1_632' title='bbox 989 2043 1118 2088; x_wconf 81' lang='grc' dir='ltr'><strong>μιουργοῦ</strong></span> <span class='ocrx_word' id='word_1_633' title='bbox 1130 2072 1139 2085; x_wconf 83' lang='grc'><strong>,</strong></span> <span class='ocrx_word' id='word_1_634' title='bbox 1163 2051 1194 2078; x_wconf 84' lang='grc' dir='ltr'><strong>τὸ</strong></span> <span class='ocrx_word' id='word_1_635' title='bbox 1210 2051 1339 2078; x_wconf 81' lang='grc' dir='ltr'><strong>δύνασθαι</strong></span> <span class='ocrx_word' id='word_1_636' title='bbox 1363 2051 1452 2078; x_wconf 79' lang='grc' dir='ltr'><strong>λαϐὼν</strong></span> <span class='ocrx_word' id='word_1_637' title='bbox 1473 2052 1523 2079; x_wconf 82' lang='grc' dir='ltr'><strong>οὐκ</strong></span> <span class='ocrx_word' id='word_1_638' title='bbox 1541 2052 1574 2078; x_wconf 76' lang='grc' dir='ltr'><strong>ἐκ</strong></span> <span class='ocrx_word' id='word_1_639' title='bbox 1593 2051 1778 2087; x_wconf 81' lang='grc' dir='ltr'><strong>προαιρέσεως</strong></span> 
     </span>
    </p>
   </div>
   <div class='ocr_carea' id='block_1_88' title="bbox 988 2097 1776 2133">
    <p class='ocr_par' dir='ltr' id='par_1_88' title="bbox 988 2097 1776 2133">
     <span class='ocr_line' id='line_1_88' title="bbox 988 2097 1776 2133; baseline -0.001 -8"><span class='ocrx_word' id='word_1_640' title='bbox 988 2098 1056 2130; x_wconf 83' lang='grc' dir='ltr'><strong>ἰδίας</strong></span> <span class='ocrx_word' id='word_1_641' title='bbox 1079 2098 1096 2133; x_wconf 84' lang='grc' dir='ltr'><strong>ἢ</strong></span> <span class='ocrx_word' id='word_1_642' title='bbox 1123 2097 1274 2133; x_wconf 84' lang='grc' dir='ltr'><strong>δυνάμεως.</strong></span> <span class='ocrx_word' id='word_1_643' title='bbox 1293 2097 1379 2124; x_wconf 80' lang='grc' dir='ltr'><strong>Τοῦτο</strong></span> <span class='ocrx_word' id='word_1_644' title='bbox 1398 2097 1508 2129; x_wconf 82' lang='grc' dir='ltr'><strong>τελείως</strong></span> <span class='ocrx_word' id='word_1_645' title='bbox 1528 2098 1610 2133; x_wconf 81' lang='grc' dir='ltr'><strong>φησὶν</strong></span> <span class='ocrx_word' id='word_1_646' title='bbox 1632 2098 1647 2124; x_wconf 90' lang='lat'><strong>6</strong></span> <span class='ocrx_word' id='word_1_647' title='bbox 1669 2097 1746 2132; x_wconf 81' lang='grc' dir='ltr'><strong>ἀγιος</strong></span> <span class='ocrx_word' id='word_1_648' title='bbox 1754 2097 1776 2113; x_wconf 70' lang='grc' dir='ltr'>δι</span> 
     </span>
    </p>
   </div>
   <div class='ocr_carea' id='block_1_89' title="bbox 986 2143 1779 2182">
    <p class='ocr_par' dir='ltr' id='par_1_89' title="bbox 986 2143 1779 2182">
     <span class='ocr_line' id='line_1_89' title="bbox 986 2143 1779 2182; baseline -0.001 -11"><span class='ocrx_word' id='word_1_649' title='bbox 986 2143 1122 2176; x_wconf 84' lang='grc' dir='ltr'><strong>Διονύσιος</strong></span> <span class='ocrx_word' id='word_1_650' title='bbox 1132 2165 1140 2177; x_wconf 92' lang='grc'><strong>,</strong></span> <span class='ocrx_word' id='word_1_651' title='bbox 1156 2144 1251 2170; x_wconf 77' lang='grc' dir='ltr'><strong>ἑαυτὸν</strong></span> <span class='ocrx_word' id='word_1_652' title='bbox 1276 2143 1371 2180; x_wconf 82' lang='grc' dir='ltr'><strong>ὥσπερ</strong></span> <span class='ocrx_word' id='word_1_653' title='bbox 1388 2144 1608 2182; x_wconf 77' lang='grc' dir='ltr'><strong>ὲπεξηγούμενος</strong></span> <span class='ocrx_word' id='word_1_654' title='bbox 1627 2144 1779 2180; x_wconf 76' lang='grc' dir='ltr'><strong>κατωτέρω</strong></span> 
     </span>
    </p>
   </div>
   <div class='ocr_carea' id='block_1_90' title="bbox 145 2189 940 2234">
    <p class='ocr_par' dir='ltr' id='par_1_90' title="bbox 145 2192 934 2234">
     <span class='ocr_line' id='line_1_90' title="bbox 145 2192 934 2234; baseline 0.01 -15"><span class='ocrx_word' id='word_1_655' title='bbox 145 2192 200 2220; x_wconf 84' lang='lat' dir='ltr'><strong>ﬁne</strong></span> <span class='ocrx_word' id='word_1_656' title='bbox 222 2194 322 2228; x_wconf 85' lang='lat' dir='ltr'><strong>capitis</strong></span> <span class='ocrx_word' id='word_1_657' title='bbox 342 2195 451 2230; x_wconf 90' lang='lat' dir='ltr'><strong>quinti,</strong></span> <span class='ocrx_word' id='word_1_658' title='bbox 472 2201 553 2232; x_wconf 77' lang='lat' dir='ltr'><strong>atque</strong></span> <span class='ocrx_word' id='word_1_659' title='bbox 576 2196 605 2223; x_wconf 93' lang='lat' dir='ltr'><strong>in</strong></span> <span class='ocrx_word' id='word_1_660' title='bbox 627 2196 682 2224; x_wconf 85' lang='lat' dir='ltr'><strong>ﬁne</strong></span> <span class='ocrx_word' id='word_1_661' title='bbox 707 2198 798 2232; x_wconf 76' lang='lat' dir='ltr'><strong>sexti,</strong></span> <span class='ocrx_word' id='word_1_662' title='bbox 814 2198 934 2234; x_wconf 89' lang='lat' dir='ltr'><strong>intellige</strong></span> 
     </span>
    </p>
   </div>
   <div class='ocr_carea' id='block_1_91' title="bbox 994 2189 1777 2234">
    <p class='ocr_par' dir='ltr' id='par_1_91' title="bbox 994 2189 1777 2228">
     <span class='ocr_line' id='line_1_91' title="bbox 994 2189 1777 2228; baseline 0 -12"><span class='ocrx_word' id='word_1_663' title='bbox 994 2199 1015 2217; x_wconf 85' lang='grc' dir='ltr'><strong>ιν</strong></span> <span class='ocrx_word' id='word_1_664' title='bbox 1037 2190 1076 2226; x_wconf 85' lang='grc' dir='ltr'><strong>τῷ</strong></span> <span class='ocrx_word' id='word_1_665' title='bbox 1100 2189 1171 2218; x_wconf 82' lang='grc' dir='ltr'><strong>τέλει</strong></span> <span class='ocrx_word' id='word_1_666' title='bbox 1190 2189 1238 2216; x_wconf 77' lang='grc' dir='ltr'><strong>τοῦ</strong></span> <span class='ocrx_word' id='word_1_667' title='bbox 1261 2189 1387 2225; x_wconf 82' lang='grc' dir='ltr'><strong>πέμπτου</strong></span> <span class='ocrx_word' id='word_1_668' title='bbox 1410 2190 1573 2225; x_wconf 82' lang='grc' dir='ltr'><strong>κεφαλαίου,</strong></span> <span class='ocrx_word' id='word_1_669' title='bbox 1599 2191 1647 2217; x_wconf 77' lang='grc' dir='ltr'><strong>καὶ</strong></span> <span class='ocrx_word' id='word_1_670' title='bbox 1679 2191 1708 2217; x_wconf 82' lang='grc' dir='ltr'><strong>ὲν</strong></span> <span class='ocrx_word' id='word_1_671' title='bbox 1736 2189 1777 2228; x_wconf 81' lang='grc' dir='ltr'><strong>τῷ</strong></span> 
     </span>
    </p>
   </div>
   <div class='ocr_carea' id='block_1_92' title="bbox 147 2237 674 2280">
    <p class='ocr_par' dir='ltr' id='par_1_92' title="bbox 147 2237 674 2280">
     <span class='ocr_line' id='line_1_92' title="bbox 147 2237 674 2280; baseline 0.009 -15"><span class='ocrx_word' id='word_1_672' title='bbox 147 2237 254 2275; x_wconf 86' lang='lat' dir='ltr'><strong>[igitur]</strong></span> <span class='ocrx_word' id='word_1_673' title='bbox 270 2247 378 2275; x_wconf 87' lang='lat' dir='ltr'><strong>secure,</strong></span> <span class='ocrx_word' id='word_1_674' title='bbox 393 2249 483 2277; x_wconf 81' lang='lat' dir='ltr'><strong>neque</strong></span> <span class='ocrx_word' id='word_1_675' title='bbox 497 2242 674 2280; x_wconf 85' lang='lat' dir='ltr'><strong>pervertaris.</strong></span> 
     </span>
    </p>
   </div>
   <div class='ocr_carea' id='block_1_93' title="bbox 182 2313 933 2352">
    <p class='ocr_par' dir='ltr' id='par_1_93' title="bbox 182 2313 933 2352">
     <span class='ocr_line' id='line_1_93' title="bbox 182 2313 933 2352; baseline 0.015 -12"><span class='ocrx_word' id='word_1_676' title='bbox 182 2313 231 2341; x_wconf 84' lang='lat' dir='ltr'><strong>Est</strong></span> <span class='ocrx_word' id='word_1_677' title='bbox 249 2323 382 2344; x_wconf 76' lang='lat' dir='ltr'><strong>mensura.</strong></span> <span class='ocrx_word' id='word_1_678' title='bbox 413 2317 458 2345; x_wconf 88' lang='lat' dir='ltr'><strong>Sol</strong></span> <span class='ocrx_word' id='word_1_679' title='bbox 472 2319 574 2349; x_wconf 91' lang='lat' dir='ltr'><strong>dicitur</strong></span> <span class='ocrx_word' id='word_1_680' title='bbox 596 2328 726 2350; x_wconf 88' lang='lat' dir='ltr'><strong>mensura</strong></span> <span class='ocrx_word' id='word_1_681' title='bbox 749 2326 777 2349; x_wconf 90' lang='lat' dir='ltr'><strong>et</strong></span> <span class='ocrx_word' id='word_1_682' title='bbox 800 2330 933 2352; x_wconf 82' lang='lat' dir='ltr'><strong>numerus</strong></span> 
     </span>
    </p>
   </div>
   <div class='ocr_carea' id='block_1_94' title="bbox 145 2363 933 2404">
    <p class='ocr_par' dir='ltr' id='par_1_94' title="bbox 145 2363 933 2404">
     <span class='ocr_line' id='line_1_94' title="bbox 145 2363 933 2404; baseline 0.015 -18"><span class='ocrx_word' id='word_1_683' title='bbox 145 2363 356 2396; x_wconf 84' lang='lat' dir='ltr'><strong>tempestatum,</strong></span> <span class='ocrx_word' id='word_1_684' title='bbox 382 2368 525 2400; x_wconf 85' lang='lat' dir='ltr'><strong>propterea</strong></span> <span class='ocrx_word' id='word_1_685' title='bbox 546 2366 619 2401; x_wconf 91' lang='lat' dir='ltr'><strong>quod</strong></span> <span class='ocrx_word' id='word_1_686' title='bbox 633 2366 706 2395; x_wconf 89' lang='lat' dir='ltr'><strong>diem</strong></span> <span class='ocrx_word' id='word_1_687' title='bbox 724 2368 853 2404; x_wconf 89' lang='lat' dir='ltr'><strong>incipiat;</strong></span> <span class='ocrx_word' id='word_1_688' title='bbox 874 2369 933 2398; x_wconf 92' lang='lat' dir='ltr'><strong>dies</strong></span> 
     </span>
    </p>
   </div>
   <div class='ocr_carea' id='block_1_95' title="bbox 145 2407 934 2446">
    <p class='ocr_par' dir='ltr' id='par_1_95' title="bbox 145 2407 934 2446">
     <span class='ocr_line' id='line_1_95' title="bbox 145 2407 934 2446; baseline 0.01 -12"><span class='ocrx_word' id='word_1_689' title='bbox 145 2409 236 2434; x_wconf 82' lang='lat' dir='ltr'><strong>autem</strong></span> <span class='ocrx_word' id='word_1_690' title='bbox 262 2407 385 2436; x_wconf 85' lang='lat' dir='ltr'><strong>revoluta</strong></span> <span class='ocrx_word' id='word_1_691' title='bbox 409 2408 490 2438; x_wconf 83' lang='lat' dir='ltr'><strong>eiiicit</strong></span> <span class='ocrx_word' id='word_1_692' title='bbox 515 2419 635 2446; x_wconf 86' lang='lat' dir='ltr'><strong>annum;</strong></span> <span class='ocrx_word' id='word_1_693' title='bbox 660 2412 721 2440; x_wconf 91' lang='lat' dir='ltr'><strong>ideo</strong></span> <span class='ocrx_word' id='word_1_694' title='bbox 747 2418 863 2442; x_wconf 88' lang='lat' dir='ltr'><strong>vocatus</strong></span> <span class='ocrx_word' id='word_1_695' title='bbox 892 2420 934 2442; x_wconf 87' lang='lat' dir='ltr'><strong>est</strong></span> 
     </span>
    </p>
   </div>
   <div class='ocr_carea' id='block_1_96' title="bbox 145 2455 934 2494">
    <p class='ocr_par' dir='ltr' id='par_1_96' title="bbox 145 2455 934 2494">
     <span class='ocr_line' id='line_1_96' title="bbox 145 2455 934 2494; baseline 0.015 -16"><span class='ocrx_word' id='word_1_696' title='bbox 145 2459 296 2486; x_wconf 81' lang='lat' dir='ltr'><strong>mensura,</strong></span> <span class='ocrx_word' id='word_1_697' title='bbox 323 2455 408 2484; x_wconf 86' lang='lat' dir='ltr'><strong>veluti</strong></span> <span class='ocrx_word' id='word_1_698' title='bbox 434 2461 559 2485; x_wconf 85' lang='lat' dir='ltr'><strong>nostram</strong></span> <span class='ocrx_word' id='word_1_699' title='bbox 586 2459 704 2488; x_wconf 90' lang='lat' dir='ltr'><strong>metiens</strong></span> <span class='ocrx_word' id='word_1_700' title='bbox 733 2460 838 2494; x_wconf 84' lang='lat' dir='ltr'><strong>vitam;</strong></span> <span class='ocrx_word' id='word_1_701' title='bbox 867 2462 934 2491; x_wconf 88' lang='lat' dir='ltr'><strong>dicit</strong></span> 
     </span>
    </p>
   </div>
   <div class='ocr_carea' id='block_1_97' title="bbox 144 2499 631 2534">
    <p class='ocr_par' dir='ltr' id='par_1_97' title="bbox 144 2499 631 2534">
     <span class='ocr_line' id='line_1_97' title="bbox 144 2499 631 2534; baseline 0.014 -10"><span class='ocrx_word' id='word_1_702' title='bbox 144 2499 216 2525; x_wconf 84' lang='lat' dir='ltr'><strong>enim</strong></span> <span class='ocrx_word' id='word_1_703' title='bbox 231 2509 236 2526; x_wconf 91' lang='lat'>:</span> <span class='ocrx_word' id='word_1_704' title='bbox 257 2499 392 2534; x_wconf 77' lang='lat' dir='ltr'><strong>Temporis</strong></span> <span class='ocrx_word' id='word_1_705' title='bbox 407 2503 490 2529; x_wconf 64' lang='lat' dir='ltr'><strong>nostri</strong></span> <span class='ocrx_word' id='word_1_706' title='bbox 507 2504 631 2533; x_wconf 77' lang='lat' dir='ltr'><strong>universi.</strong></span> 
     </span>
    </p>
   </div>
   <div class='ocr_carea' id='block_1_98' title="bbox 180 2544 932 2586">
    <p class='ocr_par' dir='ltr' id='par_1_98' title="bbox 180 2544 932 2586">
     <span class='ocr_line' id='line_1_98' title="bbox 180 2544 932 2586; baseline 0.015 -15"><span class='ocrx_word' id='word_1_707' title='bbox 180 2544 238 2572; x_wconf 81' lang='lat' dir='ltr'><strong>Hoc</strong></span> <span class='ocrx_word' id='word_1_708' title='bbox 249 2547 317 2573; x_wconf 83' lang='lat' dir='ltr'><strong>enim</strong></span> <span class='ocrx_word' id='word_1_709' title='bbox 331 2552 370 2574; x_wconf 78' lang='lat' dir='ltr'><strong>est</strong></span> <span class='ocrx_word' id='word_1_710' title='bbox 385 2548 452 2575; x_wconf 81' lang='lat' dir='ltr'><strong>illud</strong></span> <span class='ocrx_word' id='word_1_711' title='bbox 470 2549 566 2578; x_wconf 83' lang='lat' dir='ltr'><strong>lumen.</strong></span> <span class='ocrx_word' id='word_1_712' title='bbox 580 2550 649 2578; x_wconf 85' lang='lat' dir='ltr'><strong>Nota</strong></span> <span class='ocrx_word' id='word_1_713' title='bbox 663 2553 759 2586; x_wconf 86' lang='lat' dir='ltr'><strong>solem,</strong></span> <span class='ocrx_word' id='word_1_714' title='bbox 776 2554 857 2580; x_wconf 69' lang='lat' dir='ltr'><strong>etiam</strong></span> <span class='ocrx_word' id='word_1_715' title='bbox 869 2562 932 2582; x_wconf 88' lang='lat' dir='ltr'><strong>cum</strong></span> 
     </span>
    </p>
   </div>
   <div class='ocr_carea' id='block_1_99' title="bbox 143 2590 932 2633">
    <p class='ocr_par' dir='ltr' id='par_1_99' title="bbox 143 2590 932 2633">
     <span class='ocr_line' id='line_1_99' title="bbox 143 2590 932 2633; baseline 0.015 -17"><span class='ocrx_word' id='word_1_716' title='bbox 143 2590 229 2626; x_wconf 81' lang='lat' dir='ltr'><strong>ﬁgura</strong></span> <span class='ocrx_word' id='word_1_717' title='bbox 254 2597 374 2626; x_wconf 87' lang='lat' dir='ltr'><strong>careret,</strong></span> <span class='ocrx_word' id='word_1_718' title='bbox 391 2598 448 2622; x_wconf 86' lang='lat' dir='ltr'><strong>tres</strong></span> <span class='ocrx_word' id='word_1_719' title='bbox 466 2595 544 2631; x_wconf 79' lang='lat'><strong>130</strong></span> <span class='ocrx_word' id='word_1_720' title='bbox 555 2596 613 2624; x_wconf 87' lang='lat' dir='ltr'><strong>dies</strong></span> <span class='ocrx_word' id='word_1_721' title='bbox 629 2598 674 2633; x_wconf 91' lang='lat' dir='ltr'><strong>qui</strong></span> <span class='ocrx_word' id='word_1_722' title='bbox 690 2598 750 2633; x_wconf 82' lang='lat' dir='ltr'><strong>ejus</strong></span> <span class='ocrx_word' id='word_1_723' title='bbox 765 2600 932 2627; x_wconf 87' lang='lat' dir='ltr'><strong>creationem</strong></span> 
     </span>
    </p>
   </div>
   <div class='ocr_carea' id='block_1_100' title="bbox 142 2640 931 2680">
    <p class='ocr_par' dir='ltr' id='par_1_100' title="bbox 142 2640 931 2680">
     <span class='ocr_line' id='line_1_100' title="bbox 142 2640 931 2680; baseline 0.013 -16"><span class='ocrx_word' id='word_1_724' title='bbox 142 2643 342 2674; x_wconf 62' lang='lat' dir='ltr'><strong>praecesserunt</strong></span> <span class='ocrx_word' id='word_1_725' title='bbox 370 2640 536 2674; x_wconf 85' lang='lat' dir='ltr'><strong>illustrasse,</strong></span> <span class='ocrx_word' id='word_1_726' title='bbox 559 2647 641 2677; x_wconf 87' lang='lat' dir='ltr'><strong>atque</strong></span> <span class='ocrx_word' id='word_1_727' title='bbox 663 2644 751 2672; x_wconf 84' lang='lat' dir='ltr'><strong>lucem</strong></span> <span class='ocrx_word' id='word_1_728' title='bbox 765 2653 826 2680; x_wconf 68' lang='lat' dir='ltr'><strong>qua:</strong></span> <span class='ocrx_word' id='word_1_729' title='bbox 843 2647 931 2680; x_wconf 89' lang='lat' dir='ltr'><strong>prima</strong></span> 
     </span>
    </p>
   </div>
   <div class='ocr_carea' id='block_1_101' title="bbox 141 2685 929 2722">
    <p class='ocr_par' dir='ltr' id='par_1_101' title="bbox 141 2685 929 2722">
     <span class='ocr_line' id='line_1_101' title="bbox 141 2685 929 2722; baseline 0.011 -11"><span class='ocrx_word' id='word_1_730' title='bbox 141 2685 274 2721; x_wconf 79' lang='lat' dir='ltr'><strong>producta</strong></span> <span class='ocrx_word' id='word_1_731' title='bbox 292 2685 357 2719; x_wconf 84' lang='lat' dir='ltr'><strong>fuit,</strong></span> <span class='ocrx_word' id='word_1_732' title='bbox 377 2686 423 2715; x_wconf 87' lang='lat' dir='ltr'><strong>die</strong></span> <span class='ocrx_word' id='word_1_733' title='bbox 436 2691 533 2722; x_wconf 88' lang='lat' dir='ltr'><strong>quarta</strong></span> <span class='ocrx_word' id='word_1_734' title='bbox 549 2688 576 2716; x_wconf 92' lang='lat' dir='ltr'><strong>in</strong></span> <span class='ocrx_word' id='word_1_735' title='bbox 594 2689 680 2717; x_wconf 90' lang='lat' dir='ltr'><strong>solem</strong></span> <span class='ocrx_word' id='word_1_736' title='bbox 705 2692 929 2720; x_wconf 86' lang='lat' dir='ltr'><strong>transformatam</strong></span> 
     </span>
    </p>
   </div>
   <div class='ocr_carea' id='block_1_102' title="bbox 984 2233 1777 2273">
    <p class='ocr_par' dir='ltr' id='par_1_102' title="bbox 984 2233 1777 2273">
     <span class='ocr_line' id='line_1_102' title="bbox 984 2233 1777 2273; baseline -0.003 -10"><span class='ocrx_word' id='word_1_737' title='bbox 984 2236 1056 2267; x_wconf 82' lang='grc' dir='ltr'><strong>τέλει</strong></span> <span class='ocrx_word' id='word_1_738' title='bbox 1070 2236 1118 2263; x_wconf 81' lang='grc' dir='ltr'><strong>τοῦ</strong></span> <span class='ocrx_word' id='word_1_739' title='bbox 1137 2235 1228 2266; x_wconf 71' lang='grc' dir='ltr'><strong>ἕκτου,</strong></span> <span class='ocrx_word' id='word_1_740' title='bbox 1254 2236 1318 2264; x_wconf 78' lang='grc' dir='ltr'><strong>Νόει</strong></span> <span class='ocrx_word' id='word_1_741' title='bbox 1339 2233 1423 2272; x_wconf 83' lang='grc' dir='ltr'><strong>[οὖν]</strong></span> <span class='ocrx_word' id='word_1_742' title='bbox 1446 2236 1591 2271; x_wconf 77' lang='grc' dir='ltr'><strong>ἀσφαλῶς,</strong></span> <span class='ocrx_word' id='word_1_743' title='bbox 1606 2237 1653 2264; x_wconf 71' lang='grc' dir='ltr'><strong>καὶ</strong></span> <span class='ocrx_word' id='word_1_744' title='bbox 1672 2237 1709 2273; x_wconf 87' lang='grc' dir='ltr'><strong>μὴ</strong></span> <span class='ocrx_word' id='word_1_745' title='bbox 1722 2238 1777 2264; x_wconf 61' lang='grc' dir='ltr'><strong>δια.</strong></span> 
     </span>
    </p>
   </div>
   <div class='ocr_carea' id='block_1_103' title="bbox 985 2282 1111 2318">
    <p class='ocr_par' dir='ltr' id='par_1_103' title="bbox 985 2282 1111 2318">
     <span class='ocr_line' id='line_1_103' title="bbox 985 2282 1111 2318; baseline 0 -7"><span class='ocrx_word' id='word_1_746' title='bbox 985 2282 1111 2318; x_wconf 73' lang='grc' dir='ltr'><strong>στρέφου.</strong></span> 
     </span>
    </p>
   </div>
   <div class='ocr_carea' id='block_1_104' title="bbox 1018 2328 1778 2366">
    <p class='ocr_par' dir='ltr' id='par_1_104' title="bbox 1018 2328 1778 2366">
     <span class='ocr_line' id='line_1_104' title="bbox 1018 2328 1778 2366; baseline 0 -10"><span class='ocrx_word' id='word_1_747' title='bbox 1018 2328 1136 2363; x_wconf 61' lang='grc' dir='ltr'><strong>Μέτρωρ</strong></span> <span class='ocrx_word' id='word_1_748' title='bbox 1148 2329 1225 2356; x_wconf 79' lang='grc' dir='ltr'><strong>ἐστι.</strong></span> <span class='ocrx_word' id='word_1_749' title='bbox 1250 2329 1358 2365; x_wconf 86' lang='grc' dir='ltr'><strong>Μέτρον</strong></span> <span class='ocrx_word' id='word_1_750' title='bbox 1375 2329 1419 2356; x_wconf 87' lang='grc' dir='ltr'><strong>διὰ</strong></span> <span class='ocrx_word' id='word_1_751' title='bbox 1439 2329 1519 2358; x_wconf 82' lang='grc' dir='ltr'><strong>τοῦτο</strong></span> <span class='ocrx_word' id='word_1_752' title='bbox 1536 2329 1645 2364; x_wconf 84' lang='grc' dir='ltr'><strong>λέγεται</strong></span> <span class='ocrx_word' id='word_1_753' title='bbox 1665 2330 1680 2356; x_wconf 87' lang='grc' dir='ltr'><strong>ὁ</strong></span> <span class='ocrx_word' id='word_1_754' title='bbox 1701 2330 1778 2366; x_wconf 82' lang='grc' dir='ltr'><strong>ἥλιος</strong></span> 
     </span>
    </p>
   </div>
   <div class='ocr_carea' id='block_1_105' title="bbox 985 2375 1777 2412">
    <p class='ocr_par' dir='ltr' id='par_1_105' title="bbox 985 2375 1777 2412">
     <span class='ocr_line' id='line_1_105' title="bbox 985 2375 1777 2412; baseline 0.003 -11"><span class='ocrx_word' id='word_1_755' title='bbox 985 2375 1032 2401; x_wconf 78' lang='grc' dir='ltr'><strong>καὶ</strong></span> <span class='ocrx_word' id='word_1_756' title='bbox 1051 2375 1166 2411; x_wconf 74' lang='grc' dir='ltr'><strong>ἀριθμὸς</strong></span> <span class='ocrx_word' id='word_1_757' title='bbox 1179 2375 1273 2411; x_wconf 83' lang='grc' dir='ltr'><strong>ὡρῶν,</strong></span> <span class='ocrx_word' id='word_1_758' title='bbox 1290 2375 1384 2411; x_wconf 79' lang='grc' dir='ltr'><strong>ἐπειδὴ</strong></span> <span class='ocrx_word' id='word_1_759' title='bbox 1403 2375 1455 2410; x_wconf 82' lang='grc' dir='ltr'><strong>τῆς</strong></span> <span class='ocrx_word' id='word_1_760' title='bbox 1475 2375 1581 2412; x_wconf 78' lang='grc' dir='ltr'><strong>ἡμέρας</strong></span> <span class='ocrx_word' id='word_1_761' title='bbox 1605 2376 1683 2412; x_wconf 82' lang='grc' dir='ltr'><strong>ᾶρχει</strong></span> <span class='ocrx_word' id='word_1_762' title='bbox 1695 2385 1701 2392; x_wconf 90' lang='grc'><strong>·</strong></span> <span class='ocrx_word' id='word_1_763' title='bbox 1716 2377 1733 2411; x_wconf 80' lang='grc' dir='ltr'>ἡ</span> <span class='ocrx_word' id='word_1_764' title='bbox 1747 2377 1777 2403; x_wconf 80' lang='grc' dir='ltr'><strong>δὲ</strong></span> 
     </span>
    </p>
   </div>
   <div class='ocr_carea' id='block_1_106' title="bbox 985 2420 1777 2457">
    <p class='ocr_par' dir='ltr' id='par_1_106' title="bbox 985 2420 1777 2457">
     <span class='ocr_line' id='line_1_106' title="bbox 985 2420 1777 2457; baseline 0.005 -11"><span class='ocrx_word' id='word_1_765' title='bbox 985 2420 1076 2456; x_wconf 81' lang='grc' dir='ltr'><strong>ἡμέρα</strong></span> <span class='ocrx_word' id='word_1_766' title='bbox 1097 2421 1321 2456; x_wconf 80' lang='grc' dir='ltr'><strong>ἀνακυκλουμένη</strong></span> <span class='ocrx_word' id='word_1_767' title='bbox 1342 2421 1388 2447; x_wconf 85' lang='grc' dir='ltr'><strong>τδν</strong></span> <span class='ocrx_word' id='word_1_768' title='bbox 1410 2422 1505 2457; x_wconf 71' lang='grc' dir='ltr'><strong>χρόνον</strong></span> <span class='ocrx_word' id='word_1_769' title='bbox 1528 2424 1613 2449; x_wconf 80' lang='grc' dir='ltr'><strong>ποιεῖ·</strong></span> <span class='ocrx_word' id='word_1_770' title='bbox 1633 2423 1677 2450; x_wconf 84' lang='grc' dir='ltr'><strong>διὰ</strong></span> <span class='ocrx_word' id='word_1_771' title='bbox 1697 2423 1777 2450; x_wconf 82' lang='grc' dir='ltr'><strong>τοῦτο</strong></span> 
     </span>
    </p>
   </div>
   <div class='ocr_carea' id='block_1_107' title="bbox 984 2463 1776 2507">
    <p class='ocr_par' dir='ltr' id='par_1_107' title="bbox 984 2463 1776 2507">
     <span class='ocr_line' id='line_1_107' title="bbox 984 2463 1776 2507; baseline 0.006 -16"><span class='ocrx_word' id='word_1_772' title='bbox 984 2465 1082 2501; x_wconf 89' lang='grc' dir='ltr'><strong>μέτρον</strong></span> <span class='ocrx_word' id='word_1_773' title='bbox 1099 2465 1199 2502; x_wconf 78' lang='grc' dir='ltr'><strong>ἐκλήθη</strong></span> <span class='ocrx_word' id='word_1_774' title='bbox 1210 2486 1217 2498; x_wconf 89' lang='grc'><strong>,</strong></span> <span class='ocrx_word' id='word_1_775' title='bbox 1231 2463 1274 2494; x_wconf 79' lang='grc' dir='ltr'><strong>οἷα</strong></span> <span class='ocrx_word' id='word_1_776' title='bbox 1288 2467 1338 2502; x_wconf 84' lang='grc' dir='ltr'><strong>τὴν</strong></span> <span class='ocrx_word' id='word_1_777' title='bbox 1350 2468 1486 2507; x_wconf 79' lang='grc' dir='ltr'><strong>ἡμετέραν</strong></span> <span class='ocrx_word' id='word_1_778' title='bbox 1503 2469 1610 2504; x_wconf 89' lang='grc' dir='ltr'><strong>μετρῶν</strong></span> <span class='ocrx_word' id='word_1_779' title='bbox 1626 2469 1712 2505; x_wconf 84' lang='grc' dir='ltr'><strong>ζωήν’</strong></span> <span class='ocrx_word' id='word_1_780' title='bbox 1730 2469 1776 2496; x_wconf 84' lang='grc' dir='ltr'><strong>λέ-</strong></span> 
     </span>
    </p>
   </div>
   <div class='ocr_carea' id='block_1_108' title="bbox 983 2511 1594 2549">
    <p class='ocr_par' dir='ltr' id='par_1_108' title="bbox 983 2511 1594 2549">
     <span class='ocr_line' id='line_1_108' title="bbox 983 2511 1594 2549; baseline 0.008 -12"><span class='ocrx_word' id='word_1_781' title='bbox 983 2519 1026 2546; x_wconf 90' lang='grc' dir='ltr'><strong>γει</strong></span> <span class='ocrx_word' id='word_1_782' title='bbox 1040 2511 1094 2547; x_wconf 85' lang='grc' dir='ltr'><strong>γὰρ</strong></span> <span class='ocrx_word' id='word_1_783' title='bbox 1109 2512 1222 2546; x_wconf 81' lang='grc' dir='ltr'><strong>παντὸς</strong></span> <span class='ocrx_word' id='word_1_784' title='bbox 1236 2512 1288 2540; x_wconf 81' lang='grc' dir='ltr'><strong>τοῦ</strong></span> <span class='ocrx_word' id='word_1_785' title='bbox 1299 2513 1364 2540; x_wconf 79' lang='grc' dir='ltr'><strong>καθ’</strong></span> <span class='ocrx_word' id='word_1_786' title='bbox 1377 2513 1456 2549; x_wconf 72' lang='grc' dir='ltr'><strong>’ἡμᾶς</strong></span> <span class='ocrx_word' id='word_1_787' title='bbox 1471 2514 1594 2549; x_wconf 77' lang='grc' dir='ltr'><strong>χρόνου.</strong></span> 
     </span>
    </p>
   </div>
   <div class='ocr_carea' id='block_1_109' title="bbox 1017 2557 1775 2596">
    <p class='ocr_par' dir='ltr' id='par_1_109' title="bbox 1017 2557 1775 2596">
     <span class='ocr_line' id='line_1_109' title="bbox 1017 2557 1775 2596; baseline 0.005 -12"><span class='ocrx_word' id='word_1_788' title='bbox 1017 2558 1094 2585; x_wconf 81' lang='grc' dir='ltr'><strong>Αὐτὸ</strong></span> <span class='ocrx_word' id='word_1_789' title='bbox 1119 2557 1176 2593; x_wconf 77' lang='grc' dir='ltr'><strong>γάρ</strong></span> <span class='ocrx_word' id='word_1_790' title='bbox 1198 2559 1263 2585; x_wconf 81' lang='grc' dir='ltr'><strong>ἐστι</strong></span> <span class='ocrx_word' id='word_1_791' title='bbox 1284 2559 1317 2586; x_wconf 85' lang='grc' dir='ltr'><strong>τὸ</strong></span> <span class='ocrx_word' id='word_1_792' title='bbox 1337 2559 1411 2594; x_wconf 74' lang='grc' dir='ltr'><strong>φῶς.</strong></span> <span class='ocrx_word' id='word_1_793' title='bbox 1427 2561 1584 2595; x_wconf 84' lang='grc' dir='ltr'><strong>Σημείωσαι</strong></span> <span class='ocrx_word' id='word_1_794' title='bbox 1605 2562 1647 2587; x_wconf 83' lang='grc' dir='ltr'><strong>ὄτι</strong></span> <span class='ocrx_word' id='word_1_795' title='bbox 1667 2562 1681 2587; x_wconf 89' lang='lat'><strong>6</strong></span> <span class='ocrx_word' id='word_1_796' title='bbox 1699 2560 1775 2596; x_wconf 81' lang='grc' dir='ltr'><strong>ἥλιος</strong></span> 
     </span>
    </p>
   </div>
   <div class='ocr_carea' id='block_1_110' title="bbox 981 2603 1775 2642">
    <p class='ocr_par' dir='ltr' id='par_1_110' title="bbox 981 2603 1775 2642">
     <span class='ocr_line' id='line_1_110' title="bbox 981 2603 1775 2642; baseline 0.005 -13"><span class='ocrx_word' id='word_1_797' title='bbox 981 2603 1028 2629; x_wconf 74' lang='grc' dir='ltr'><strong>καὶ</strong></span> <span class='ocrx_word' id='word_1_798' title='bbox 1050 2603 1099 2635; x_wconf 82' lang='grc' dir='ltr'><strong>τὰς</strong></span> <span class='ocrx_word' id='word_1_799' title='bbox 1123 2606 1198 2640; x_wconf 81' lang='grc' dir='ltr'><strong>τρεῖς</strong></span> <span class='ocrx_word' id='word_1_800' title='bbox 1216 2605 1322 2640; x_wconf 85' lang='grc' dir='ltr'><strong>ἡμέρας</strong></span> <span class='ocrx_word' id='word_1_801' title='bbox 1336 2605 1386 2637; x_wconf 83' lang='grc' dir='ltr'><strong>τὰς</strong></span> <span class='ocrx_word' id='word_1_802' title='bbox 1401 2606 1453 2641; x_wconf 79' lang='grc' dir='ltr'><strong>πρὸ</strong></span> <span class='ocrx_word' id='word_1_803' title='bbox 1472 2606 1522 2642; x_wconf 86' lang='grc' dir='ltr'><strong>τῆς</strong></span> <span class='ocrx_word' id='word_1_804' title='bbox 1541 2606 1623 2633; x_wconf 78' lang='grc' dir='ltr'><strong>αὑτοῦ</strong></span> <span class='ocrx_word' id='word_1_805' title='bbox 1638 2607 1775 2642; x_wconf 79' lang='grc' dir='ltr'><strong>ποιήσεως</strong></span> 
     </span>
    </p>
   </div>
   <div class='ocr_carea' id='block_1_111' title="bbox 984 2649 1774 2688">
    <p class='ocr_par' dir='ltr' id='par_1_111' title="bbox 984 2649 1774 2688">
     <span class='ocr_line' id='line_1_111' title="bbox 984 2649 1774 2688; baseline 0.005 -13"><span class='ocrx_word' id='word_1_806' title='bbox 984 2649 1114 2683; x_wconf 75' lang='grc' dir='ltr'><strong>ἐφώτιζεν</strong></span> <span class='ocrx_word' id='word_1_807' title='bbox 1125 2651 1327 2686; x_wconf 84' lang='grc' dir='ltr'><strong>ἀσχημάτιστος</strong></span> <span class='ocrx_word' id='word_1_808' title='bbox 1341 2651 1391 2678; x_wconf 85' lang='grc' dir='ltr'><strong>ὥν·</strong></span> <span class='ocrx_word' id='word_1_809' title='bbox 1410 2652 1457 2679; x_wconf 75' lang='grc' dir='ltr'><strong>καὶ</strong></span> <span class='ocrx_word' id='word_1_810' title='bbox 1469 2652 1509 2678; x_wconf 80' lang='grc' dir='ltr'><strong>ὅτι</strong></span> <span class='ocrx_word' id='word_1_811' title='bbox 1527 2652 1558 2678; x_wconf 83' lang='grc' dir='ltr'><strong>τὸ</strong></span> <span class='ocrx_word' id='word_1_812' title='bbox 1572 2653 1774 2688; x_wconf 83' lang='grc' dir='ltr'><strong>πρωτόκτιστον</strong></span> 
     </span>
    </p>
   </div>
   <div class='ocr_carea' id='block_1_112' title="bbox 983 2696 1772 2735">
    <p class='ocr_par' dir='ltr' id='par_1_112' title="bbox 983 2696 1772 2735">
     <span class='ocr_line' id='line_1_112' title="bbox 983 2696 1772 2735; baseline 0.005 -13"><span class='ocrx_word' id='word_1_813' title='bbox 983 2696 1041 2730; x_wconf 84' lang='grc' dir='ltr'><strong>φῶς</strong></span> <span class='ocrx_word' id='word_1_814' title='bbox 1057 2697 1091 2732; x_wconf 82' lang='grc' dir='ltr'><strong>τῇ</strong></span> <span class='ocrx_word' id='word_1_815' title='bbox 1113 2697 1231 2734; x_wconf 84' lang='grc' dir='ltr'><strong>τετάρτῃ</strong></span> <span class='ocrx_word' id='word_1_816' title='bbox 1245 2698 1337 2734; x_wconf 56' lang='grc' dir='ltr'><strong>ἡμέραι⁴</strong></span> <span class='ocrx_word' id='word_1_817' title='bbox 1356 2699 1596 2735; x_wconf 78' lang='grc' dir='ltr'><strong>μετεσχηματίσθη</strong></span> <span class='ocrx_word' id='word_1_818' title='bbox 1618 2700 1658 2731; x_wconf 76' lang='grc' dir='ltr'><strong>εἰς</strong></span> <span class='ocrx_word' id='word_1_819' title='bbox 1677 2699 1751 2735; x_wconf 73' lang='grc' dir='ltr'><strong>ἥλιον</strong></span> <span class='ocrx_word' id='word_1_820' title='bbox 1763 2708 1772 2717; x_wconf 73' lang='grc' dir='ltr'><em>υ</em></span> 
     </span>
    </p>
   </div>
   <div class='ocr_carea' id='block_1_113' title="bbox 600 2779 1292 2818">
    <p class='ocr_par' dir='ltr' id='par_1_113' title="bbox 600 2779 1292 2818">
     <span class='ocr_line' id='line_1_113' title="bbox 600 2779 1292 2818; baseline 0.013 -11"><span class='ocrx_word' id='word_1_821' title='bbox 600 2779 717 2808; x_wconf 78' lang='lat' dir='ltr'><strong>VARle</strong></span> <span class='ocrx_word' id='word_1_822' title='bbox 737 2781 933 2812; x_wconf 83' lang='lat' dir='ltr'><strong>LECTIONES</strong></span> <span class='ocrx_word' id='word_1_823' title='bbox 952 2783 997 2813; x_wconf 88' lang='grc' dir='ltr'><strong>ΕΤ</strong></span> <span class='ocrx_word' id='word_1_824' title='bbox 1017 2784 1292 2818; x_wconf 72' lang='lat' dir='ltr'><strong>CORRECTIONES.</strong></span> 
     </span>
    </p>
   </div>
   <div class='ocr_carea' id='block_1_114' title="bbox 171 2829 873 2876">
    <p class='ocr_par' dir='ltr' id='par_1_114' title="bbox 171 2829 873 2876">
     <span class='ocr_line' id='line_1_114' title="bbox 171 2829 873 2876; baseline 0.021 -19"><span class='ocrx_word' id='word_1_825' title='bbox 171 2829 191 2847; x_wconf 83' lang='lat'>”</span> <span class='ocrx_word' id='word_1_826' title='bbox 208 2831 300 2870; x_wconf 78' lang='grc' dir='ltr'><strong>νοῆσαι</strong></span> <span class='ocrx_word' id='word_1_827' title='bbox 311 2833 340 2861; x_wconf 80' lang='grc' dir='ltr'><strong>δὲ</strong></span> <span class='ocrx_word' id='word_1_828' title='bbox 350 2833 389 2862; x_wconf 85' lang='grc' dir='ltr'><strong>τό.</strong></span> <span class='ocrx_word' id='word_1_829' title='bbox 439 2835 462 2853; x_wconf 76' lang='grc'><strong><em>⁵⁸</em></strong></span> <span class='ocrx_word' id='word_1_830' title='bbox 477 2836 531 2866; x_wconf 80' lang='grc' dir='ltr'><strong>τῶν</strong></span> <span class='ocrx_word' id='word_1_831' title='bbox 549 2839 701 2875; x_wconf 65' lang='grc' dir='ltr'><strong>στοιχείων.</strong></span> <span class='ocrx_word' id='word_1_832' title='bbox 757 2841 777 2859; x_wconf 63' lang='grc' dir='ltr'>δι</span> <span class='ocrx_word' id='word_1_833' title='bbox 793 2841 873 2876; x_wconf 73' lang='grc' dir='ltr'><strong>θεῖος.</strong></span> 
     </span>
    </p>
   </div>
  </div>
