1923 3064
116 160 170 188 249

513 160 541 188 S.
565 158 687 187 MAXIMI
708 158 854 188 SCHOLIA
874 158 908 187 IN
927 158 991 186 LIB.
1011 157 1055 186 DE
1074 157 1202 186 DlVlNlS
1220 157 1420 187 NOMINIBUS.

1693 160 1747 188 εδο

114 218 161 244 καὶ
175 217 216 244 ὃτι
229 217 340 254 ἡμερῶν
356 217 453 254 τριάδα
467 218 564 253 φησὶν,
581 216 620 249 ὡς
633 217 680 243 καὶ
689 217 704 243 ὁ
725 217 811 253 μέγας
824 215 905 242 Βασί-

957 215 1060 249 fuisse;
1072 223 1192 250 eumque
1206 215 1358 243 ternionem
1372 215 1480 243 dierum
1493 215 1601 247 dicere.
1619 219 1650 243 ut
1663 217 1746 245 etiam

113 269 183 297 λειος
202 265 230 291 ὲν
246 266 279 300 τῇ
302 264 464 301 Ἐξαημέρῳ
481 266 575 300 σαφῶς
597 272 694 300 φησιν·
710 264 798 291 ὲκεῖνο
821 263 850 290 δὲ
866 262 904 299 μὴ

113 311 312 347 παραδράμῃς,
323 311 366 338 ὅτι
383 311 417 338 τὰ
430 311 618 348 προειρημένα
631 312 662 339 οὐ
675 311 739 347 περὶ
752 309 800 337 τοῦ
813 310 902 346 ἡλίου,

112 357 180 384 ἀλλὰ
204 357 269 393 περὶ
285 356 333 384 τοῦ
350 357 580 393 σχηματισθέντος
599 358 639 390 εἰς
656 357 732 393 ἥλιον
752 356 904 393 πρωτοκτί-

112 412 175 430 στου
191 403 279 438 φωτὸς
292 403 406 439 ἐρρήθη-

152 449 199 483 Ὡς
213 449 367 484 ἑναρχική.
381 449 526 478 Τθυτέστιν
537 450 609 486 ἁρχὴ
625 450 672 477 καὶ
684 449 758 477 αἰτία
772 449 823 485 τῆς
834 448 903 485 πρὸς

110 495 141 522 τὸ
157 495 242 527 ὅντως
255 494 380 527 ἐνώσεως
393 495 410 531 ἢ
425 495 591 531 ὁμοιώσεως.

144 586 200 613 Καὶ
213 586 250 613 οὗ
265 586 378 621 ἐφίεται
392 586 500 614 πάντα.
517 586 587 623 Ὅρα
603 586 661 619 πῶς
673 587 773 623 διαιρεῖ
787 587 822 614 τὰ
837 586 901 614 ὄντα

109 633 209 665 πάντα,
224 633 271 660 καὶ
284 633 349 669 περῖ¹
364 633 410 660 τὸν
424 634 532 661 πάντων
542 634 607 661 ὅντα
623 633 744 670 βασιλέα,
759 631 789 661 οὗ
804 633 852 661 καὶ
866 633 902 661 τὰ

108 679 174 707 ὄντα
190 680 296 715 ἐφίεται
310 680 409 708 πάντα.
426 681 510 716 Φησὶν
525 678 572 707 οὖν
586 680 695 716 πρῶτον
717 679 800 716 νοερὰ
810 701 817 714 ,
842 678 901 707 εἷτα

108 725 214 759 λογικά.
231 725 320 761 Νοερὰ
334 723 381 752 οὖν
404 726 458 752 εισι
473 725 508 753 τὰ
530 725 568 762 μὴ
595 725 750 762 μεμιγμένα
766 725 899 761 σώμασιν,

107 768 164 797 οἷον
187 771 214 798 αἱ
240 771 420 807 ὑπερκόσμιοι
438 771 568 807 δυνάμεις
583 772 683 799 πᾶσαν
708 770 805 806 λογικὰ
823 771 853 798 δὲ
871 772 899 798 αἱ

107 815 275 852 ἀνθρώπιναι
297 817 400 852 ψυχαὶ,
418 817 446 845 αἱ
461 817 511 853 τὴν
529 817 620 853 σχέσιν
644 817 753 853 ἔχουσαι
778 817 846 854 πρὸς
869 818 901 844 τὸ

108 862 188 899 σῶμα
201 882 208 894 ,
230 862 321 895 καθώς
335 864 409 890 ἐστιν
430 865 444 890 ό
465 863 593 899 αἰσθητὸς
604 863 747 899 ἄνθρωπος
757 872 763 878 ·
778 865 803 890 εί
819 864 873 899 γὰρ
886 865 900 890 ὁ

954 269 1071 297 magnus
1093 260 1212 290 Basilius
1227 261 1256 289 in
1277 260 1448 290 Hexaemero
1464 265 1558 297 aperte
1580 261 1662 296 dicit;
1680 263 1747 292 illud

954 312 1046 336 autem
1072 315 1127 336 non
1153 307 1358 343 praetermittas,
1385 308 1516 336 nimirum
1544 315 1576 336 ea
1600 316 1661 344 quae
1684 314 1749 337 ante

954 354 1030 382 dicta
1045 357 1124 387 sunt,
1138 362 1194 382 non
1209 354 1243 382 de
1259 355 1332 386 sole,
1352 355 1401 383 sed
1415 354 1450 382 de
1465 355 1554 390 prima
1567 361 1659 383 creata
1674 356 1745 390 luce.

953 406 1014 435 qua:
1028 399 1057 427 in
1073 400 1158 428 solem
1174 399 1367 435 transﬁgurata
1382 403 1436 432 est,
1451 399 1516 428 dici.

990 446 1129 481 Tanquam
1151 446 1308 480 principium
1324 446 1447 479 unitatis,
1473 446 1522 475 Gr.
1542 447 1581 479 ὼς
1602 448 1745 484 ἐναρχική,

952 491 980 520 id
1004 495 1047 520 est
1068 492 1234 527 principium
1260 496 1287 520 et
1310 499 1394 520 causa
1421 493 1555 521 unitionis
1579 494 1622 521 vel
1645 493 1745 522 simili-

952 538 1065 570 tudinis,
1082 546 1142 573 quae
1156 545 1251 566 revera
1266 538 1329 566 talis
1346 542 1398 566 est.

988 583 1115 619 Quodque
1143 587 1269 619 appetunt
1299 585 1399 611 omnia.
1438 584 1507 613 Vide
1534 586 1674 621 quomodo
1700 594 1746 614 res

952 637 1049 658 omnes
1077 630 1200 663 dividat,
1223 634 1252 658 et
1277 631 1312 658 de
1339 638 1404 666 rege
1429 632 1568 666 omnium,
1593 641 1674 668 quem
1701 641 1745 661 res

951 683 1046 704 omnes
1064 680 1205 712 expetunt.
1226 676 1299 704 Dicit
1318 677 1402 712 igitur
1424 677 1514 713 primo
1529 678 1611 714 νοερὰ
1629 687 1662 706 ea
1684 687 1745 714 qua:

951 722 1117 758 intelligunt,
1144 723 1244 751 deinde
1267 724 1366 758 λογικά
1388 724 1435 751 illa
1451 732 1513 759 quae
1534 725 1745 753 ratiocinatione

951 773 1076 798 utuntur.
1089 769 1182 805 Νοερά
1196 769 1279 805 igitur
1295 774 1377 802 sunt,
1393 778 1455 806 quae
1470 778 1526 798 non
1541 775 1605 798 sunt
1620 772 1744 806 corpori-

950 815 1003 843 bus
1031 815 1181 850 permista.
1208 816 1292 843 veluti
1318 816 1421 843 mundo
1444 816 1603 851 superiores
1626 816 1744 845 virtutes

951 868 1064 895 omnes;
1086 861 1184 896 λογικά
1199 869 1264 889 vero
1283 866 1349 890 sunt
1375 863 1517 890 hominum
1542 864 1660 895 animat,
1682 872 1743 899 qua:

106 907 162 935 ἔσω
179 908 321 944 ἄνθρωπος
348 909 426 944 μόνον
440 910 558 945 ἐνεργεῖ,
571 908 643 936 κατὰ
655 909 701 935 τὸν
722 908 897 943 Ἀπόστειλον,

953 907 1047 936 aﬁ'ectu
1059 908 1088 935 in
1105 915 1207 943 corpus
1227 908 1364 941 feruntur,
1385 909 1457 937 sicut
1473 910 1601 937 sensibus
1617 909 1743 938 addictus

105 954 245 981 τουτέστιν
261 955 278 990 ὴ
291 954 375 990 ψυχὴ,
393 955 431 991 μὴ
444 955 494 991 τὴν
508 956 598 982 πᾶσαν
611 955 711 991 ἔχουσα
725 955 817 990 σχέσιν
829 955 899 991 πρὸς

106 1000 197 1036 σῶμα,
213 1000 275 1027 τότε
289 1001 382 1037 νοερὸς
395 1002 410 1028 ό
422 1001 575 1038 ἄνθρωπος,
591 1002 622 1028 οὑ
643 1002 696 1037 μὴν
709 1001 824 1036 λογικῶς
846 1010 897 1028 κα-

104 1045 178 1074 λοῖτο
185 1046 229 1079 ἂν,
242 1047 312 1074 κατὰ
324 1048 354 1074 τὸ
367 1049 421 1075 πᾶν
434 1047 503 1080 ζῶον
512 1048 543 1075 τὸ
550 1049 583 1076 ὲκ
592 1047 717 1084 σώματος
728 1049 775 1075 καὶ¹
787 1048 898 1085 λογικῆς

103 1091 194 1128 ψυχῆς
221 1093 366 1126 συνεστώς.
386 1094 546 1126 Γνωστικῶς
562 1094 591 1121 δέ
612 1103 679 1130 φησι
701 1094 736 1122 τὰ
753 1095 835 1131 νοερὰ
850 1095 898 1122 καὶ

103 1137 202 1172 λογικὰ
220 1139 345 1173 ἐφίεσθαι
360 1139 408 1166 τοῦ
429 1140 496 1167 Θεοῦ
507 1160 514 1174 ,
531 1141 569 1173 ὡς
584 1141 664 1176 φύσει
679 1143 835 1178 προσούσης
849 1143 898 1169 αὐ-

102 1185 159 1216 τοῖς
170 1184 221 1220 τῆς
233 1185 350 1221 ὀρέξεως
364 1185 476 1222 ταύτης,
487 1187 535 1213 τοῦ
549 1187 650 1222 γνῶναι
661 1187 707 1215 τὸν
721 1188 777 1215 τῶν
787 1188 897 1216 πάντων

103 1230 228 1266 βασιλέα,
245 1232 292 1258 καὶ
306 1241 356 1268 μετ
362 1233 434 1268 ἐχειν
452 1233 502 1268 τῆς
515 1233 685 1269 ἀγαθότητος
704 1234 798 1268 αὑτοῦ,
809 1234 854 1261 διὰ
865 1234 897 1262 τὸ

102 1275 172 1305 εἶναι
186 1278 236 1314 τὴν
253 1277 342 1314 ψυχὴν
354 1280 508 1315 γνωστικὴν
522 1280 568 1307 καὶ
582 1279 703 1316 λογικὴν,
719 1280 809 1313 καλῶς
821 1280 897 1315 λέγε-

100 1331 146 1350 ται
160 1323 209 1350 καὶ
225 1325 242 1360 ἡ
267 1324 359 1360 ἔφεσις
376 1324 423 1351 τοῦ
438 1325 554 1359 ἀγαθοῦ.
569 1325 611 1352 Τὰ
623 1326 651 1352 δὲ
666 1326 750 1361 ἄλογα
765 1326 822 1359 ζῶα
835 1328 895 1354 κατ’

100 1370 188 1405 αὐτὴν
202 1370 252 1405 τὴν
266 1370 430 1407 αἰσθητικὴν
445 1371 560 1407 δύναμιν
576 1371 650 1408 ζωῆς
666 1372 785 1407 ἐφίεταιο
796 1373 837 1400 διὸ
849 1373 896 1401 καὶ

99 1414 147 1441 τοῦ
161 1415 286 1450 ἀγαθοῦ·
309 1416 344 1444 τὰ
354 1416 382 1443 δὲ
396 1417 564 1454 ἀναίσθητα,
580 1415 637 1446 οἷον
655 1418 689 1446 τὰ
707 1419 778 1454 φυτὰ
800 1420 847 1446 καὶ
861 1419 896 1447 τὰ

99 1460 194 1497 ἄψυχα
207 1462 254 1488 καὶ
267 1462 354 1495 ἄζωα,
369 1463 474 1498 ἐφίεται
490 1464 539 1499 μὲν
549 1464 672 1498 φυσικῶς
678 1464 701 1482 ⁸⁸
719 1465 768 1492 τοῦ
780 1465 894 1500 ἀγαθοῦ,

99 1507 131 1534 οὐ
145 1507 201 1544 μὴν
217 1508 262 1536 ἵνα
283 1509 331 1536 καὶ
344 1509 401 1545 γνῷ
413 1510 494 1542 αὐτὸ,
510 1510 567 1538 ἀλλ’
581 1511 625 1538 ἵνα
641 1512 720 1548 μείνῃ
732 1531 739 1544 ,
754 1512 824 1548 ὅπερ
837 1512 895 1540 ἐστὶ

100 1553 180 1588 μόνον
197 1556 231 1591 τῇ
247 1557 348 1592 φυσικῇ
364 1556 456 1591 ἐφέσει
467 1557 634 1594 συνεχόμενα
646 1558 720 1594 παρὰ
730 1558 776 1585 τοῦ
787 1558 890 1593 ἀγαθοῦ

99 1599 139 1631 εἰς
151 1600 182 1627 τὸ
199 1599 269 1629 εἶναι
284 1602 364 1629 αὐτὰ.

132 1734 238 1762 Πάντα
249 1735 349 1771 ἀολλῆ
363 1737 452 1766 ποιεῖ.
465 1738 571 1775 ’Δολλῆ,
588 1740 815 1776 συνηθροισμένα.
832 1742 892 1769 ’Ότι

96 1781 111 1807 ὸ
126 1781 204 1816 ἥλιος
217 1781 326 1816 λέγεται
338 1783 414 1820 παρὰ
422 1784 452 1811 τὺ
465 1785 546 1821 ἀολλῆ
558 1788 645 1814 ποιεῖν
657 1787 704 1814 καὶ
721 1787 846 1822 συνάγειν
858 1788 894 1816 τὰ

96 1825 331 1863 διεσκεδασμένα,
355 1830 403 1857 καὶ
426 1831 467 1858 ὅτι
489 1832 598 1867 ἀναιρεῖ
619 1833 650 1860 τὸ
670 1831 739 1860 εῖναι
758 1834 824 1861 Θεὸν
845 1834 892 1862 τὸν

96 1872 182 1907 ἥλιον,
200 1875 226 1900 εί
247 1875 294 1901 καὶ
309 1875 394 1903 πολλὰ
409 1876 552 1913 εἷπομεν¹⁸³
566 1878 618 1914 τῆς
634 1879 754 1916 εὐχερῶς
768 1880 893 1916 διαστρε-

97 1919 223 1955 φομένης
235 1920 367 1948 δοκοῦντα
383 1923 492 1950 ἐναντία
508 1922 588 1952 εἶναι.

132 1966 218 1993 Κατὰ
236 1966 291 1994 τὸν
304 1967 360 2002 τῆς
373 1969 584 2004 παλαιότητος.
601 1971 681 1999 Κατὰ
705 1972 751 2000 τὺν
769 1973 820 2009 τῆς
840 1981 893 2000 πα-

94 2010 239 2047 λαιότητος
255 2013 334 2048 λόγον
343 2035 351 2047 ,
362 2014 380 2050 ἢ
394 2015 436 2042 ὅτι
453 2015 584 2053 ’Έλληνες
601 2018 735 2054 ὑπῆρχον,
750 2019 821 2051 θεῖος
833 2020 892 2047 Διο-

93 2056 187 2090 νύσιος
211 2058 262 2086 καὶ
285 2060 300 2085 ό
321 2059 393 2093 θεῖος
407 2061 538 2097 Τιμόθεος
548 2063 582 2096 ⁸⁸,
595 2063 633 2096 ὡς
647 2065 676 2091 ἐν
690 2067 751 2097 ταῖς
772 2065 891 2101 Πράξεσι

93 2103 148 2130 τῶν
171 2104 261 2138 ἁγίων
281 2106 438 2135 ἀποστόλων
454 2108 599 2144 δηλοῦται·
623 2110 697 2146 ἢτὺν
713 2111 804 2148 μωρὸν
822 2111 890 2148 [τὸν]

93 2149 148 2176 τῶν
170 2151 308 2187 Ἑλλήνων
323 2152 402 2187 λόγον
417 2155 498 2190 φησι·
515 2155 630 2183 παλαιὸν
645 2156 700 2193 γὰρ
716 2157 764 2184 καὶ
778 2158 892 2194 ἀρχαῖον

94 2195 116 2211 ⁵⁸
136 2196 184 2223 τὸν
199 2196 277 2232 ¹ἥλιον
291 2197 394 2233 ελεγον,
410 2199 449 2232 ὡς
466 2200 496 2227 ὲν
508 2202 541 2236 τῇ
559 2202 689 2238 κωμῳδίᾳ
700 2203 818 2239 εἴρηται.

135 2243 368 2278 Ἁνακαθαίρειν.
388 2244 502 2281 Εἴρηται
515 2244 572 2283 γάρ
587 2256 594 2264 ν
611 2248 798 2282 Προσέλθετε
817 2249 892 2284 πρὸς

949 954 1048 988 homo;
1075 954 1099 981 si
1118 954 1191 982 enim
1208 954 1322 982 interior
1337 955 1436 988 homo,
1452 955 1606 983 secundmn
1625 956 1742 991 Aposto‘

949 1001 1005 1028 lum
1016 1020 1024 1034 .
1041 1004 1148 1028 tantum
1163 1006 1312 1035 operatur,
1339 1001 1365 1029 id
1381 1005 1424 1029 est
1439 1001 1533 1029 anima
1559 1009 1614 1029 non
1632 1009 1742 1030 omnem

948 1053 1014 1082 erga
1028 1054 1130 1082 corpus
1148 1046 1277 1074 all‘ectum
1291 1047 1395 1075 habens
1408 1067 1416 1080 ,
1434 1051 1493 1075 tum
1509 1047 1602 1083 νοερός
1624 1055 1673 1075 seu
1699 1048 1744 1075 ἰη-

948 1093 1061 1121 tellectu
1075 1093 1136 1122 solo
1149 1097 1260 1122 constat
1281 1093 1381 1127 homo;
1397 1097 1586 1122 verumtamen
1598 1098 1743 1122 vocaretur

948 1139 1064 1174 λογικῶς
1077 1160 1085 1173 ,
1111 1140 1184 1168 sicut
1210 1147 1292 1168 omne
1311 1141 1414 1168 animal
1434 1141 1508 1176 quod
1531 1148 1565 1168 ex
1581 1148 1696 1176 corpore
1714 1143 1742 1168 et

948 1187 1037 1214 anima
1049 1187 1176 1214 rationali
1191 1190 1312 1214 constat.
1327 1186 1372 1214 Ait
1393 1191 1483 1215 autem
1498 1186 1580 1223 νοερά
1600 1190 1627 1214 et
1645 1186 1742 1221 λογικά

948 1236 1078 1268 appetere
1092 1233 1250 1268 c0gnitione
1260 1232 1357 1265 Deum,
1371 1237 1502 1268 tanquam
1519 1239 1534 1260 a
1549 1235 1647 1260 natura
1667 1233 1742 1260 hunc

947 1280 1099 1315 appetitum
1119 1280 1255 1312 habeant,
1277 1286 1370 1314 regem
1396 1279 1519 1306 omnium
1534 1278 1740 1314 cognoscendi,

947 1329 1029 1361 atque
1050 1325 1201 1353 bonitatem
1226 1325 1287 1360 ejus
1310 1324 1514 1360 participandi,
1546 1332 1580 1353 eo
1608 1325 1682 1360 quod
1704 1327 1742 1353 sit
1785 1341 1790 1345 η

946 1372 1039 1400 anima
1058 1372 1217 1407 cognitione
1231 1375 1259 1399 et
1276 1371 1383 1398 ratione
1399 1370 1513 1406 praedita
1523 1390 1531 1403 ,
1547 1375 1622 1398 recte
1639 1370 1742 1398 dicitur

945 1421 973 1445 et
983 1418 1050 1446 boni
1069 1418 1218 1454 appetitus.
1233 1417 1320 1445 Porro
1335 1417 1465 1445 animalia
1478 1418 1586 1445 ratione
1607 1418 1740 1445 destituta

946 1465 1040 1494 sensili
1062 1465 1115 1494 ista
1135 1466 1237 1493 virtute
1252 1465 1337 1493 vitam
1352 1468 1485 1500 appetunt
1501 1473 1508 1498 ;
1527 1464 1643 1500 ideoque
1658 1465 1740 1492 etiam

944 1511 1047 1539 bonum
1060 1520 1068 1545 ;
1085 1519 1146 1547 quae
1157 1515 1249 1539 autem
1265 1518 1349 1539 sensu
1365 1514 1471 1542 carent,
1487 1514 1518 1537 ut
1532 1511 1643 1546 stirpes,
1658 1515 1743 1546 atque

946 1557 993 1585 illa
1005 1565 1066 1593 qua:
1078 1558 1170 1585 anima
1180 1561 1208 1585 et
1222 1557 1280 1584 vita
1293 1557 1446 1592 privamur,
1456 1557 1618 1585 naturaliter
1629 1557 1741 1592 quidem

904 1591 927 1621 θ
942 1591 1045 1632 bonum
1057 1607 1200 1639 appetunt,
1212 1611 1268 1630 non
1283 1591 1395 1638 quidem
1407 1607 1438 1630 ut
1453 1603 1544 1637 ipsum
1560 1591 1740 1637 cognoscant.

943 1651 992 1679 sed
1000 1654 1030 1678 ut
1044 1651 1209 1686 persistant;
1222 1649 1297 1685 quod
1309 1653 1352 1677 est
1362 1652 1471 1676 tantum
1483 1649 1606 1676 naturali
1617 1649 1739 1684 appetitu

943 1704 959 1724 a
972 1697 1046 1724 bono
1063 1696 1092 1724 in
1106 1696 1269 1724 exsistentia
1284 1703 1334 1723 sua
1351 1698 1562 1722 conservantur.

979 1742 1077 1771 Omnia
1086 1742 1186 1777 ἀολλῆ
1199 1742 1275 1777 facit.
1295 1741 1389 1776 ’Δολλῆ
1406 1749 1453 1770 seu
1466 1746 1635 1776 congregata.
1646 1740 1738 1770 Solent

942 1789 1010 1817 dicit
1024 1789 1100 1824 ἥλιον
1124 1788 1219 1816 vocari
1235 1787 1299 1823 quia
1314 1787 1439 1822 dispersa
1454 1787 1536 1823 ἀολλῆ
1554 1789 1642 1821 ποιεῖ,
1655 1787 1682 1815 id
1695 1792 1739 1816 est

942 1839 1087 1871 congregat
1104 1838 1133 1862 et
1154 1834 1277 1870 colligit;
1293 1839 1429 1869 negatque
1453 1834 1540 1861 solem
1562 1842 1625 1862 esse
1640 1834 1737 1869 Deum,

942 1882 993 1909 etsi
1016 1881 1103 1908 multa
1123 1880 1275 1908 dixerimus
1293 1887 1355 1916 quae
1373 1880 1413 1907 illi
1438 1880 1577 1908 contraria
1590 1880 1738 1909 videantur

942 1933 1003 1963 qua
1017 1927 1096 1955 facile
1109 1927 1319 1963 detorquentur.

976 1973 1062 2000 Juxta
1075 1973 1258 2009 antiquitatis.
1274 1973 1358 2001 Juxta
1380 1973 1552 2009 antiquitatis
1569 1981 1735 2006 sermonem,

943 2022 991 2047 aut
1005 2019 1078 2054 quod
1094 2020 1211 2055 gentiles
1226 2019 1339 2048 fuerunt
1352 2020 1463 2048 divinus
1483 2019 1633 2056 Dionysius
1651 2023 1677 2047 et
1694 2019 1736 2046 di-

941 2065 1023 2093 vinus
1037 2064 1210 2098 Timotheus,
1226 2066 1298 2094 sicut
1313 2066 1342 2093 in
1354 2065 1431 2094 Actis
1446 2069 1607 2094 sanctorum
1623 2068 1736 2100 aposto--

946 2113 1032 2140 larunt
1042 2111 1204 2146 declaratur;
1223 2116 1270 2139 aut
1295 2111 1411 2140 stultum
1431 2112 1560 2148 gentilem
1581 2118 1736 2139 sermonem

942 2156 1018 2185 dicit.
1034 2157 1152 2185 Παλαιὸν
1165 2157 1238 2185 enim
1254 2161 1282 2184 et
1297 2158 1411 2193 ἀρχαῖον
1425 2157 1541 2185 stultum
1556 2156 1736 2185 nominabant

945 2203 1021 2239 131
1033 2203 1130 2236 solem,
1147 2203 1220 2232 sicut
1235 2203 1264 2230 in
1276 2203 1412 2231 comoedia
1426 2204 1537 2231 dicitur.

978 2248 1141 2285 Repurgare.
1165 2249 1273 2277 Dicitur
1295 2249 1369 2277 enim
1388 2257 1396 2276 :
1418 2249 1541 2277 Accedite
1559 2249 1594 2276 ad
1615 2257 1686 2283 eum,
1709 2254 1734 2277 et

91 2288 198 2322 αὐτὸν,
212 2289 264 2316 καὶ
286 2290 453 2326 φωτίσθητε
462 2301 468 2307 ·
482 2293 532 2319 καὶ
545 2294 582 2321 τὰ
595 2294 741 2328 πρόσωπα
753 2295 837 2330 ὑμῶν
851 2295 887 2322 οὐ
903 2292 905 2319 ἶ

953 2295 1144 2329 lluminamint’;
1169 2299 1194 2323 et
1211 2295 1294 2330 faciet
1318 2300 1411 2324 vestra
1430 2303 1483 2323 non
1506 2295 1701 2327 confundantur
1709 2300 1733 2322 ν.

89 2335 133 2373 μὴ
149 2336 371 2371 καταισχυνθῇ.

128 2382 192 2408 Ὅτι
211 2382 378 2418 ἠγάπησαν
392 2385 481 2412 πολύ.
505 2385 550 2421 Τῷ
573 2385 628 2422 γὰρ
654 2386 796 2421 ἀγαπῶντι
822 2387 889 2415 πολὺ

91 2428 139 2454 καὶ
158 2427 255 2465 [πολὺ]
269 2429 425 2466 δοθήσεται·
444 2431 485 2467 τῷ
499 2431 528 2459 δὲ
542 2431 651 2460 ἔλαττον
659 2433 692 2465 ⁵⁸,
707 2433 775 2469 πρὸς
788 2433 819 2460 τὸ
841 2434 889 2469 μέ-

89 2481 155 2508 τρον
179 2474 232 2510 τῆς
257 2475 467 2513 ἀγάπης-ὓπερ
479 2477 553 2512 λέγει
567 2477 641 2512 ἄνω,
665 2478 711 2505 ὅτι
732 2478 818 2512 τάξις
839 2480 888 2507 καὶ

88 2519 203 2553 μέτρον
216 2520 303 2555 ἡμῶν
316 2522 402 2549 ἐστιν
417 2525 433 2550 ὀ
449 2524 530 2556 Θεός.

127 2566 140 2601 §
155 2565 202 2593 Vl.
216 2567 273 2593 Καὶ
287 2568 501 2603 ὐπερκόσμιον.
518 2570 555 2596 Τὸ
569 2571 754 2606 ὑπερκόσμιον
765 2571 889 2607 εἰρῆσθαι

92 2611 164 2644 γοῦν,
178 2612 218 2644 ὥς
233 2621 315 2640 τινων
331 2615 380 2649 μὲν
398 2615 469 2651 ὑπὲρ
483 2616 546 2648 τοὺς
559 2616 664 2648 πάντας
675 2617 793 2653 κόσμους
806 2618 890 2645 ὄντων

93 2659 160 2685 νοῶν
176 2659 266 2694 ἁγίων
285 2660 430 2694 ἀνωτάτω,
449 2661 553 2694 τάξεων
575 2663 742 2698 ὰγγελικῶν,
765 2663 847 2691 τινῶν
863 2664 891 2690 δὲ

164 2742 179 2757 ν
194 2736 272 2765 Psal.
292 2745 393 2771 xxxiii,
407 2738 433 2766 6.

980 2383 1052 2417 Quia
1077 2388 1232 2412 amaverunt
1255 2383 1379 2413 multum.
1396 2383 1512 2412 Multum
1526 2383 1600 2411 enim
1617 2383 1731 2415 amanti,

941 2431 1056 2459 multum
1076 2431 1159 2459 etiam
1174 2430 1302 2458 dabitur:
1319 2431 1383 2458 huic
1406 2434 1498 2459 autem
1517 2430 1609 2458 minus
1625 2450 1633 2463 ,
1655 2430 1734 2466 juxta

941 2485 1098 2505 mensuram
1111 2477 1266 2511 charitatis,
1277 2478 1349 2513 quod
1360 2477 1489 2513 superius
1503 2477 1542 2504 ait
1554 2486 1561 2505 :
1576 2477 1661 2507 Deum
1675 2485 1736 2505 esse

941 2524 1060 2551 ordinem
1076 2517 1268 2552 et‘memuram
1282 2529 1412 2552 nostram.

993 2571 1007 2607 §
1024 2570 1067 2598 Vl.
1085 2570 1120 2597 Et
1133 2571 1392 2605 supermundanam,
1414 2570 1462 2599 Gr.
1477 2571 1524 2598 καὶ
1538 2570 1732 2607 ὑπερκόσμιον.

943 2617 1060 2645 Mentem
1072 2617 1127 2645 dici
1143 2618 1328 2654 ὑπερκόσμιον
1341 2617 1444 2645 mundo
1455 2618 1637 2653 superiorem,
1650 2617 1736 2647 veluti

942 2668 1036 2693 essent
1052 2672 1186 2700 supremae
1200 2665 1326 2700 quaedam
1344 2669 1447 2693 sanctae
1467 2670 1574 2693 mentes
1597 2665 1738 2699 angelicux

561 2816 678 2844 VABIIE
698 2816 893 2845 LECTIONES
909 2816 953 2845 ET
973 2817 1251 2849 CORBECTIONES.

127 2883 148 2898 η
162 2882 300 2917 ψυχικῶς.
349 2883 371 2899 ⁸³
383 2881 454 2910 εἶπε.

99 2918 144 2946 Ὡὶ
163 2918 246 2947 αὑτὸν
264 2918 308 2946 τὸν
327 2918 401 2954 ἥλιον
416 2920 527 2956 ἀρχαῖον
545 2918 668 2955 initiavit,
682 2921 719 2955 ὡς
735 2922 762 2949 ὲν
777 2923 809 2958 τῇ
825 2922 965 2959 κωμῳδίᾳ.

504 2885 524 2900 u
535 2885 715 2933 ᾁμφέτεροιβ
728 2895 757 2929 τε
769 2887 839 2929 θεῖος
855 2888 937 2933 Διονέ,
953 2888 999 2914 καὶ
1015 2888 1120 2933 flag/ng
1134 2889 1273 2933 IzdeEog.

1335 2891 1355 2907 "'
1369 2890 1413 2917 τὸν
1428 2889 1518 2925 μωρὸν
1536 2889 1642 2924 ἔλεγον,
1657 2891 1674 2927 ἢ
1691 2891 1735 2920 δτι,

1016 2923 1037 2939 ⁸⁸
1054 2923 1075 2959 ᾧ
1087 2924 1114 2950 δὲ
1133 2923 1250 2952 ἔλαττον.
