1926 3062
200 149 249 178 251

594 149 764 178 APPENDIX
780 149 949 178 AD'OPERA
967 149 997 178 S.
1014 148 1164 178 DIONYSII
1180 149 1418 178 AREOPAGIT-E.

1726 149 1826 177 ’2δὲ

203 215 265 235 rum
282 207 418 235 'ordinum
444 215 525 242 supra
553 209 671 236 mundos
704 208 866 235 universos:
892 208 991 243 aliqua:

1056 208 1226 244 πικοσμίων,
1252 209 1374 234 τουτέστι
1399 207 1453 234 τῶν
1474 206 1519 234 ἐπὶ
1542 208 1575 243 τῇ
1597 207 1751 243 λειτουργίᾳ
1771 207 1828 234 τῶν

204 258 294 282 autem
314 254 386 281 circa
403 255 533 281 mundum
549 259 652 287 essent,
676 255 703 282 id
720 249 763 282 ést
782 255 855 282 circa
869 255 991 282 ministe-

203 301 275 328 rium
296 300 460 328 mundorum
475 305 684 335 occuparentur,
702 300 856 328 constitutae
873 301 901 328 in
917 301 996 335 ipso-*

203 354 265 374 rum
292 347 573 378 administrationem,
603 354 618 373 a
643 347 863 382 quihusdamque
892 347 990 374 'mundi

203 397 325 420 rectores
340 393 506 420 dicerentur.
519 393 623 427 Aliquae
637 401 701 420 vero
719 398 823 420 mentes
846 394 873 420 in
890 394 990 421 mundo

203 444 378 466 versarentur
391 439 532 465 hominum
545 442 627 472 atque
643 439 813 473 angelorum,
832 439 991 467 nationibus

204 485 405 520 praefectorum,
422 488 449 511 et
461 484 605 519 praesidum
618 485 776 518 civitatum,
795 490 877 519 atque
899 485 926 512 in
946 492 992 512 ec-

204 531 297 559 clesiis
311 535 338 558 et
353 531 455 558 sanctis
467 551 473 562 ,
496 531 570 558 sicut
589 530 617 556 in
640 530 805 566 Apocalypsi
822 531 860 557 ait
881 531 991 559 divinus

203 577 337 610 Joannes,
353 585 386 604 ac
408 577 436 604 in
453 577 560 604 caeteris
575 577 670 604 mundi
686 577 946 609 constitutionibus;
965 581 993 605 et

204 624 371 658 psalmorum
387 627 484 650 cantor
503 622 570 649 dicit
584 632 590 650 :
607 622 703 650 Castra
719 623 867 650 metabitur
881 624 993 658 angelus

205 669 329 702 Domini;
345 668 447 695 nmndo
458 669 585 703 superior
597 674 639 696 est
649 669 811 704 spiritualis,
824 669 898 696 circa
913 676 994 696 mun-

204 716 268 743 dum
283 715 410 742 animalis
421 735 428 747 ,
454 715 482 742 in
497 714 599 742 mundo
615 715 745 742 carnalis.
769 715 856 742 Aliter
873 714 994 742 :Mundo

204 765 246 789 est
260 761 394 796 superior.
410 761 455 795 qui
470 760 632 795 theologiam
648 760 756 796 dirigit;
772 761 846 788 circa
861 760 993 788 mundum

205 812 247 835 est
261 808 306 842 qui
323 808 474 834 naturalem
492 806 774 841 contemplationem;
786 807 812 834 in
831 806 932 834 mundo
951 809 995 833 est

204 854 251 889 qui
265 854 394 880 virtutem
409 852 437 879 in
453 853 560 879 actione
574 852 779 880 consistentem.

241 899 337 927 Omnia
347 906 518 933 congregans.
526 898 631 925 Cuncta
642 899 724 925 simul
738 898 852 930 faciens,
861 901 888 925 et
900 897 995 926 fovens

206 953 237 972 ac
253 952 366 980 augens,
382 949 463 979 atque
477 948 660 972 commutans.

242 991 361 1018 Dirimit.
385 990 541 1026 Ignorantia
567 991 640 1017 enim
669 998 683 1017 a
706 990 761 1018 Deo
784 991 896 1024 dividit,
925 990 997 1018 sicut

205 1038 296 1065 lumen
311 1038 398 1072 magis
413 1037 516 1072 colligit
531 1040 558 1064 et-
573 1037 718 1069 convertit,
738 1042 767 1064 ut
781 1045 864 1072 supra
879 1038 959 1064 dixit.

239 1127 457 1162 Opinatianibus.
491 1126 724 1159 Simulacrorum,
754 1131 781 1154 et
814 1127 997 1156 multitudinis

207 1173 331 1205 deorum,
348 1181 417 1208 quos
431 1173 548 1200 habent.

246 1219 328 1250 Visa,
356 1219 403 1247 Gr.
429 1219 589 1254 φαντασίας.
611 1221 765 1252 Φαντασίας
788 1220 996 1256 imaginationes

207 1265 291 1297 dicit,
307 1264 446 1293 fabulosas
470 1266 543 1292 circa
565 1267 693 1298 sensilia,
721 1270 768 1294 aut
788 1271 918 1302 tanquam
935 1275 997 1294 sen-

208 1310 281 1343 silia,
297 1312 489 1347 cogitationes.

243 1356 257 1392 ς
275 1356 329 1384 VII.
355 1357 389 1384 Et
411 1362 441 1383 ut
463 1358 612 1391 pulchrum.
638 1358 757 1386 Pulcher
771 1359 997 1394 quidem'dicitur

207 1401 280 1430 Deus
298 1403 325 1430 in
344 1403 458 1430 Cantieo
479 1404 651 1431 canticorum
665 1414 672 1431 :
687 1405 727 1432 sic
743 1405 825 1439 igitur
841 1404 922 1432 etiam
937 1405 998 1440 pul-

208 1448 336 1476 chritudo
353 1449 464 1477 dicitur.
481 1450 565 1478 David
581 1461 587 1478 :
605 1450 744 1485 Speciasus
759 1450 846 1485 forma
860 1458 914 1485 pne
932 1451 996 1485 ﬁliis

208 1496 343 1523 hominum
355 1503 379 1524 ι.
412 1496 559 1524 Pulchrum
587 1502 677 1524 autem
701 1496 802 1524 dicitur
831 1497 912 1524 etiam
932 1497 997 1524 illud

209 1542 281 1577 quod
294 1542 526 1577 pulchritudinem
547 1543 702 1578 participat.
720 1543 839 1570 Adverte
858 1543 997 1578 quomodo
1011 1555 1032 1583 ο

209 1587 237 1615 in
259 1588 342 1615 rebus
364 1589 502 1617 dividatur
527 1589 672 1625 pulchrum
697 1592 725 1616 et
749 1589 942 1624 pulchritudo,
970 1589 998 1616 in

210 1635 405 1670 participantes
425 1641 452 1663 et
471 1643 518 1663 eas
541 1643 601 1670 qua!
626 1635 694 1662 tiunt
719 1635 880 1670 participes;
899 1635 927 1662 in
944 1634 999 1662 Deo

210 1683 301 1708 autem
321 1688 376 1708 non
397 1682 435 1708 ita
451 1689 458 1707 :
474 1681 650 1716 pulchritudo
664 1681 736 1709 enim
760 1682 870 1712 dicitur,
888 1686 999 1717 propter

210 1726 338 1754 omnibus
355 1728 583 1754 communicatam
606 1728 640 1755 ab
666 1728 725 1763 ipso
753 1729 998 1763 pulchritudinem,

210 1775 238 1799 et
252 1773 325 1807 quod
342 1777 440 1800 cuncta
455 1773 488 1800 ad
506 1781 535 1801 se
548 1777 642 1806 vocet;
659 1775 804 1809 pulchrum
823 1779 913 1802 autem
931 1775 1000 1802 diei-

212 1822 266 1850 tur,
287 1823 316 1846 ut
339 1827 446 1854 semper
467 1820 603 1848 cxsistens
626 1824 653 1848 et
678 1829 819 1856 nunquam
836 1821 1000 1850 decrescens

212 1868 260 1891 aut
275 1871 447 1893 accrescens.

250 1910 328 1945 132
339 1909 486 1938 Secundum
500 1920 527 1938 se
547 1912 688 1946 uniforme.
701 1912 772 1940 Deus
788 1917 830 1941 est
844 1914 1001 1942 uniusmodi

213 1955 373 1990 pulchrum,
392 1957 521 1992 quoniam
538 1966 627 1993 neque
646 1959 778 1986 dividitur
801 1961 829 1986 in
846 1960 955 1988 habitus
974 1965 1001 1988 et

213 2002 386 2030 diversitates
412 2003 624 2038 pulchritudinis
653 2004 823 2037 eﬂ‘ectrices,
853 2006 1001 2040 nequesad

213 2048 283 2076 alios
298 2049 407 2083 quidem
418 2049 564 2083 pulchrum
581 2049 713 2085 possidet,
726 2051 758 2077 ad
775 2051 843 2078 alios
858 2059 913 2078 non
925 2051 1000 2084 item;

213 2094 261 2122 sed
277 2095 483 2123 immutabiliter
504 2096 593 2131 ipsum
617 2097 760 2131 pulchrutn
784 2097 843 2125 sine
868 2098 1002 2132 principio

212 2145 240 2168 et
252 2140 514 2174 dissolutione,sine
529 2143 584 2169 ulla
601 2143 744 2171 alfectione
759 2151 791 2170 ac
805 2143 902 2171 eodem
921 2144 1002 2172 modo

213 2195 322 2222 semper
340 2191 399 2222 est,
414 2192 441 2215 et
458 2192 602 2224 propterea
617 2189 719 2217 dicitur
732 2194 795 2217 ante
812 2190 913 2217 habere
927 2190 955 2217 in
971 2198 1001 2218 se

214 2221 442 2268 pulchritudinem
488 2221 572 2262 veluti
597 2235 679 2262 etiam
693 2239 756 2262 ante
770 2239 910 2263 creaturas
924 2236 998 2263 eisi-
1017 2221 1039 2250 D

215 2283 290 2307 stens
310 2280 372 2308 fons
397 2284 425 2308 et
445 2281 609 2316 principium
631 2285 658 2309 et
681 2289 764 2309 causa
788 2282 895 2316 pulchri
915 2290 920 2307 :
939 2282 1000 2310 ideo

214 2333 322 2361 quoque
336 2327 436 2354 eximie
459 2327 541 2355 habet
563 2328 719 2360 pulchrum;
739 2328 791 2356 etsi
817 2329 889 2356 enim
913 2329 1000 2355 multa

215 2375 280 2399 sunt
292 2373 416 2406 pulchra,
438 2377 465 2399 at
477 2381 510 2401 ex
527 2374 586 2409 ipso
601 2379 665 2402 sunt
680 2375 803 2409 pulchra,
822 2383 910 2410 neque
929 2375 1001 2402 sicut

215 2417 274 2452 ipse
296 2419 424 2453 pulchra;
443 2420 507 2454 quia
525 2420 583 2455 ipse
594 2421 747 2456 'pulchrum
763 2426 805 2449 est
825 2422 884 2449 sine
898 2429 999 2454 causa,

216 2465 269 2491 ista
285 2472 348 2492 vero
370 2465 485 2500 pulchra
502 2470 566 2494 sunt
581 2474 629 2501 per
644 2474 754 2494 causam
770 2472 797 2494 et
813 2467 1001 2502 participatio—

218 2518 295 2544 nem;
311 2519 373 2538 nam
391 2512 461 2540 Deus
477 2520 532 2539 uno
546 2513 627 2540 modo
651 2514 796 2548 pulchrmn
811 2519 853 2541 est
869 2514 999 2548 quoniam

216 2563 249 2583 ex
262 2556 321 2591 ipso
335 2565 395 2592 qum
407 2561 468 2592 post
480 2558 566 2593 ipsum
575 2559 702 2593 pulchra,
715 2567 746 2586 ac
762 2560 906 2594 pulchrum
918 2560 1000 2587 veluti

219 2603 246 2630 in
262 2603 393 2638 qualitate
408 2604 518 2631 habent.

256 2648 298 2676 Ex
319 2649 366 2677 hoc
381 2650 436 2684 ipso
457 2650 575 2685 pulchro.
593 2650 681 2679 Illud:
698 2651 765 2679 Ecce
781 2653 868 2680 omnia
892 2653 1002 2688 pulchra

275 2747 288 2760 ι
305 2739 378 2769 Psa..
396 2745 468 2774 xLIv,
483 2741 509 2768 5.

1041 254 1160 290 κόσμων,
1182 255 1222 285 εἰς
1234 254 1365 288 διοίκησιν
1379 252 1468 279 αὐτῶν
1485 252 1668 287 τεταγμένων,
1685 253 1738 278 τῶν
1752 253 1832 288 παρά

1040 310 1094 327 τισι
1120 301 1166 327 καὶ
1187 299 1375 335 κοσμαγωγῶν
1396 299 1558 334 λεγομένων.
1575 298 1661 325 Τινῶν
1681 299 1710 325 δὲ
1728 299 1826 333 ἐγκοσ-

1043 347 1111 382 μίων
1125 346 1193 373 νοῶν
1209 346 1303 378 ὄντων,
1319 345 1468 381 ἀνθρώπων
1484 353 1515 371 τε
1531 345 1578 372 καὶ⁸
1590 345 1828 381 ἀγγέλων,ηὲθνάρ-

1041 393 1096 428 χῶν
1112 401 1142 419 τε
1162 393 1208 419 καὶ
1230 393 1379 427 πολιούχων
1389 401 1395 407 ·
1419 392 1466 418 καὶ
1487 392 1532 418 ἐπὶ
1546 391 1599 418 τῶν
1615 391 1764 427 ἐκκλησιῶν
1780 392 1830 418 καὶ⁴

1042 439 1096 466 τῶν
1120 439 1224 473 ἁγίων,
1248 439 1286 470 ὡς
1310 440 1338 465 ὲν
1361 440 1393 474 τῇ
1414 438 1592 473 Ἀποκαλύψει
1619 439 1700 473 φησὶν
1721 439 1735 465 6
1756 438 1826 470 θεῖος

1049 485 1190 520 Ἰωάννης,
1204 485 1250 512 καὶ
1264 485 1310 511 ἐπὶ
1323 484 1377 511 τῶν
1399 484 1499 519 ἐτέρων
1513 484 1652 519 κοσμικῶν
1665 484 1825 516 διατάξεων·

1043 532 1090 557 καὶ
1096 532 1110 557 6
1118 531 1261 566 ψαλμῳδὸς
1279 530 1308 557 δέ
1321 539 1386 566 φησι
1392 535 1399 543 ⁶
1405 530 1580 566 Παρεμϐαλεῖ
1590 530 1702 564 ἄγγελος
1713 530 1825 565 Κυρίου·

1044 577 1227 612 ὑπερκὸσμιός
1248 578 1321 604 ἐστιν
1346 578 1360 603 6
1383 576 1580 612 πνευματικός·
1613 576 1789 611 περικὸσμιος
1812 577 1827 603 6

1043 623 1171 658 ψυχικάς·
1196 624 1341 659 ὲγκύσμιος
1370 624 1384 650 ὁ
1414 623 1544 658 σαρκικός
1553 622 1587 650 ⁸⁷.
1615 623 1720 654 Ἀλλως
1744 623 1828 658 ὑπερ-

1044 669 1156 705 κόσμιός
1168 670 1241 696 ἔστιν
1252 671 1265 696 ὁ
1276 670 1322 696 καὶ
1338 669 1387 705 τὴν
1400 669 1537 703 θεολογίαν
1550 668 1739 704 κατορθώσας·
1753 677 1828 704 περι-ν

1045 716 1156 752 κόσμιος
1178 717 1192 742 ὁ
1212 715 1261 751 τὴν
1284 715 1400 752 φυσικὴν
1422 715 1552 750 θεωρίαν·
1578 715 1722 750 ὲγκόσμιος
1740 716 1755 741 ὁ
1778 714 1828 750 τὴν

1045 762 1197 798 πρακτικὴν
1211 763 1322 798 ἀρετήν.

1080 904 1182 932 Πάντα
1205 905 1390 938 συνάγουσα.
1417 903 1498 939 Ὁμοῦ
1523 904 1610 930 πάντα.
1630 903 1759 936 ποιοῦσα,
1784 904 1835 931 καὶ

1047 952 1194 982 θάλπουσα,
1211 952 1258 978 καὶ
1272 950 1399 983 αὔξουσα,
1412 951 1459 977 καὶ
1477 950 1670 986 μετᾳποιοῦσα.

1081 997 1255 1032 Διαιρετική.
1276 998 1379 1033 Διαιρεί
1391 996 1446 1032 γὰρ
1467 997 1521 1023 ἀπὸ
1535 996 1582 1023 τοῦ
1599 996 1667 1022 Θεοῦ
1687 997 1703 1032 ὴ
1723 996 1830 1030 ἄγνοια,

1046 1043 1083 1075 ὡς
1096 1043 1194 1079 μᾶλλον
1208 1043 1238 1069 τὸ
1254 1042 1310 1077 φῶς
1324 1042 1434 1076 συνάγει
1448 1063 1456 1075 ,
1471 1041 1518 1068 καὶ
1531 1041 1612 1076 ἁολλῆ
1627 1042 1714 1073 ποιεῖ,
1727 1041 1765 1073 ὡς
1779 1042 1832 1077 ἔφη

1047 1090 1110 1117 ἄνω.

1082 1128 1288 1169 Δοξασιὶάτων.
1307 1135 1366 1161 Τῶν
1381 1133 1507 1168 εἰδώλων,
1524 1135 1571 1161 καὶ
1584 1135 1632 1170 τῆς
1650 1134 1738 1161 αὐτῶν
1751 1133 1830 1160 πολυ-

1048 1182 1130 1213 θεῖας,

1083 1227 1261 1260 Φαντασίας.
1283 1226 1436 1258 iuvem-ia;
1457 1227 1524 1262 φησὶ⁷
1550 1226 1600 1258 τὰς
1627 1226 1842 1262 πλασματώόεις-

1047 1274 1150 1305 ἐννοίας
1163 1273 1227 1309 περὶ
1238 1272 1365 1308 αἰσθητὰ,
1379 1272 1395 1307 ἢ
1410 1272 1448 1303 ὡς
1463 1272 1588 1308 αἰσθητά.

1083 1363 1096 1398 §
1111 1361 1167 1389 VII.
1188 1361 1242 1388 Καὶ
1257 1361 1297 1394 ὡς
1314 1362 1418 1388 καλόν.
1434 1360 1524 1392 Καλὸς
1541 1361 1590 1396 μὲν
1605 1360 1710 1396 εἴρηται
1733 1361 1748 1386 ὁ
1767 1360 1834 1392 Θεὸς

1048 1409 1094 1435 καὶ
1117 1409 1146 1435 ὲν
1165 1408 1203 1443 τῷ
1220 1407 1338 1443 "Aditum
1361 1407 1415 1434 τῶν
1439 1407 1579 1443 ᾀσμάτων,
1606 1406 1699 1442 ὥσπερ
1718 1404 1764 1433 οὖν
1787 1407 1837 1433 καὶ

1049 1455 1144 1486 κάλλος
1156 1455 1263 1489 λέγεται
1273 1463 1279 1469 ”
1294 1454 1341 1481 καὶ
1355 1455 1368 1480 6
1383 1454 1463 1480 Δαυίδ
1472 1463 1478 1468 ·
1502 1453 1616 1487 Ὡραῖος
1635 1452 1741 1480 κάλλει
1755 1453 1835 1486 παρὰ

1049 1501 1119 1533 τοὺς
1133 1500 1217 1533 υἱοὺς
1232 1500 1290 1527 τῶν
1304 1499 1477 1533 ἀνθρώπων.
1488 1499 1610 1533 Λέγεται
1632 1499 1660 1525 δὲ
1683 1498 1765 1524 καλὸν
1787 1498 1833 1524 καὶ

1048 1547 1078 1572 τὸ
1091 1547 1205 1578 κάλλους
1228 1545 1348 1581 μετέχον.
1367 1546 1421 1572 Καὶ
1436 1544 1586 1580 σημειωσαι
1598 1564 1604 1576 ,
1621 1545 1678 1576 πῶς
1691 1544 1835 1579 διαιρεῖται

1049 1592 1080 1618 τδ
1096 1591 1177 1619 καλὸν
1193 1593 1240 1619 καὶ
1255 1592 1285 1618 τὸ
1297 1591 1393 1623 κάλλος
1406 1591 1452 1617 ἐπὶ
1466 1591 1518 1617 τῶν
1534 1590 1628 1623 ὄντων,
1637 1591 1677 1621 εις
1689 1589 1845 1625 μετέχοντα.

1051 1639 1097 1665 καὶ
1109 1640 1148 1670 εἰς
1166 1638 1348 1674 μετεχόμενα·
1363 1638 1410 1664 ἐπὶ
1429 1637 1457 1664 δὲ
1471 1636 1518 1664 τοῦ
1540 1636 1620 1669 Θεοῦ,
1632 1636 1681 1671 οὐχ
1697 1635 1767 1662 οὕτω
1793 1636 1816 1651 ⁸⁸
1826 1644 1832 1650 ·

1051 1685 1147 1716 κάλλος
1161 1685 1209 1720 μὲν
1223 1684 1277 1720 γὰρ
1289 1684 1396 1718 λέγεται
1404 1683 1448 1710 διὰ
1454 1683 1502 1718 τὴν
1509 1682 1538 1714 ἐξ
1551 1681 1633 1709 αὑτοῦ
1643 1681 1835 1717 διαδεδομένην

1051 1733 1117 1759 πᾶσι
1133 1731 1272 1766 καλλονὴν,
1287 1731 1334 1757 καὶ
1348 1730 1388 1756 ὅτι
1404 1729 1492 1756 πάντα
1507 1728 1575 1764 πρὸς
1590 1727 1670 1754 ἑαυτὸ
1684 1727 1773 1753 καλεῖ’
1790 1735 1837 1753 κα-

1051 1778 1095 1804 λὸν
1110 1778 1150 1811 δὲ,
1167 1778 1204 1809 ὡς
1217 1777 1261 1804 ἀεὶ
1274 1776 1303 1803 ὃν
1319 1776 1365 1803 καὶ
1379 1775 1512 1812 μηδέποτε
1531 1774 1688 1809 μειούμενον
1711 1774 1727 1808 ἦ
1744 1771 1838 1805 αὔξον.

1087 1913 1157 1940 Μεθ’
1171 1911 1279 1938 ἑαυτοῦ
1294 1910 1457 1946 μονοειδές.
1475 1908 1618 1939 Μονοειδὲς
1632 1906 1712 1933 καλόν
1728 1906 1805 1935 ,ἐστιν
1824 1906 1840 1932 6

1051 1959 1133 1991 Θεὸς,
1148 1959 1209 1985 ἐπεὶ
1225 1959 1291 1994 μήτε
1309 1957 1481 1984 σκεδάννυται
1497 1956 1536 1986 εἰς
1560 1955 1629 1988 ἕξεις
1646 1953 1692 1980 καὶ
1707 1951 1839 1986 διαφορὰς

1052 2005 1227 2035 καλλοποιοὺς
1237 2025 1243 2037 ,
1259 2004 1325 2039 μήτε
1342 2003 1410 2038 πρὸς
1426 2002 1513 2033 ἐνίους
1531 2001 1580 2036 μὲν
1593 1999 1624 2026 τὸ
1643 1999 1723 2026 καλὸν
1738 1997 1840 2032 κέκτη-

1051 2060 1105 2083 ται,
1123 2051 1190 2086 πρὸς
1207 2050 1293 2081 ἐνίους
1308 2049 1337 2076 δὲ
1349 2048 1394 2075 οὔ-
1409 2048 1465 2075 ἀλλ’
1479 2047 1621 2082 ἀτρέπτως
1633 2043 1699 2071 αὐτὸ
1712 2043 1742 2070 τὺ
1754 2043 1842 2069 καλὸν

1052 2098 1176 2133 ἀνάρχως
1186 2097 1233 2123 καὶ
1246 2095 1397 2127 ἀπολύτως,
1410 2091 1626 2128 ἀνεπιτηδεύτως
1642 2090 1690 2116 καὶ
1707 2088 1842 2119 ὡσαύτως

1052 2143 1094 2170 ἀεί
1110 2145 1183 2169 ἐστι’
1202 2142 1248 2169 καὶ
1265 2141 1308 2168 διὰ
1323 2140 1402 2167 τοῦτο
1419 2139 1545 2174 προέχειν
1567 2138 1595 2163 ὲν
1618 2135 1706 2171 ἐαυτῷ
1728 2135 1843 2168 λέγεται

1053 2191 1101 2225 τὴν
1128 2189 1274 2223 καλλονὴν,
1300 2187 1338 2219 ὡς
1360 2186 1408 2213 καὶ
1430 2185 1483 2220 πρὸ
1510 2183 1564 2210 τῶν
1589 2181 1843 2218 δημιουργημάτων

1055 2236 1144 2271 πηγὴ,
1161 2235 1208 2262 καὶ
1222 2234 1291 2271 ἀρχὴ
1305 2253 1312 2265 ,
1326 2233 1373 2260 καὶ
1389 2233 1473 2259 αἴτιον
1486 2231 1522 2257 ὣν
1534 2229 1581 2256 τοῦ
1599 2229 1695 2256 καλοῦ·
1714 2227 1775 2254 ὅθεν
1791 2229 1844 2254 καὶ

1053 2281 1222 2317 ὑπεροχικῶς
1245 2280 1300 2315 ἔχει
1324 2279 1355 2306 τὸ
1379 2278 1487 2305 καλόν·
1510 2275 1561 2302 κᾶν
1578 2275 1631 2310 γὰρ
1648 2273 1731 2304 πολλὰ
1749 2273 1823 2300 καλὰ
1835 2294 1842 2305 ,

1053 2328 1108 2355 ἀλλ’
1121 2327 1151 2359 ἐξ
1165 2326 1246 2353 αὑτοῦ
1263 2326 1315 2352 εισι
1330 2323 1399 2351 καλὰ
1410 2343 1417 2355 ,
1445 2323 1492 2350 καὶ
1507 2321 1567 2348 οὐδὲ
1581 2321 1640 2347 κατ’
1655 2319 1735 2346 αὐτὸν
1748 2319 1824 2346 καλά
1835 2329 1841 2334 ·

1054 2373 1135 2400 πόθεν
1160 2374 1173 2399 ὅ
1201 2382 1232 2407 γε
1256 2371 1381 2402 ἀναιτίως
1403 2369 1502 2400 καλὸν,
1521 2367 1589 2394 αὐτὰ
1603 2367 1632 2393 δὲ
1644 2365 1772 2397 dictari);
1794 2367 1845 2392 καὶ

1054 2420 1124 2447 κατὰ
1142 2420 1272 2455 μετοχήν·
1290 2417 1412 2448 ὲνοειδῶς
1422 2417 1476 2452 γάρ
1490 2417 1547 2442 ἐστι
1563 2414 1645 2441 καλὸν
1659 2414 1674 2439 6
1689 2412 1766 2443 Θεὸς,
1779 2413 1846 2439 ἐπεὶ

1053 2467 1083 2499 ἐξ
1099 2465 1180 2493 αὑτοῦ
1203 2465 1237 2491 τὰ
1255 2465 1311 2500 μετ’
1329 2463 1408 2490 αὑτὸν
1424 2461 1508 2493 καλὰ,
1532 2461 1578 2488 καὶ
1599 2460 1637 2490 ὡς
1662 2460 1690 2485 ἐν
1716 2458 1845 2494 ποιότητι

1054 2521 1137 2547 κεκτη
1142 2511 1208 2547 μένα
1224 2511 1253 2537 τὸ
1271 2510 1361 2537 καλόν.

1094 2653 1143 2678 Ἐκ
1159 2651 1208 2678 τοῦ
1229 2650 1323 2678 καλοῦ
1345 2650 1461 2676 τούτου.
1480 2649 1532 2680 Τὸ,
1555 2647 1628 2676 Ἰδοὺ
1643 2647 1741 2674 πάντα
1762 2645 1849 2672 καλὰ

685 2799 799 2828 VAle
818 2793 1007 2828 LECTIONES
1026 2798 1070 2826 ET
1088 2793 1360 2828 conRECTtONEs.

282 2866 303 2882 "
318 2867 437 2901 φυσικός.

499 2867 520 2887 ⁵⁸
534 2867 579 2894 ἐπὶ
595 2867 622 2894 δὲ
639 2867 706 2894 Θεοῦ
720 2867 850 2896 διαίρεσιν
864 2867 912 2893 οὐκ
926 2865 1081 2901 ἐπιδέχεται
1100 2864 1203 2893 κάλλος.
