1926 3062
95 187 143 216 ρδε

446 189 475 215 δ.
496 188 620 214 ΜΑΜΜΙ
640 187 788 215 ευιιυιιΑ
807 186 840 214 IN
859 185 876 213 Ι.

943 180 987 213 DE
1004 185 1129 215 DlVlNlS
1146 186 1343 217 NOMlNlBUS.

1663 189 1716 217 25}

94 249 172 280 λίαν,
187 247 234 275 καὶ
249 247 279 274 τὸ
303 246 372 274 κατᾶ
387 246 432 274 τὸν
453 246 604 283 Ζαχαρίαν,
626 247 680 273 πᾶν
698 245 724 272 εἴ
745 255 772 272 τι
795 246 876 272 καλὸν

929 245 1013 278 valde,
1029 251 1057 273 et
1068 246 1135 274 illud
1143 245 1292 279 Zachariae,
1302 252 1394 276 omne,
1407 244 1430 272 si
1446 244 1556 280 aliquod
1572 244 1716 280 pulchrum

94 294 170 322 αὑτοῦ
186 295 288 322 ἐκεῖθεν
304 295 336 321 ὲκ
350 294 397 320 τοῦ
414 293 533 320 ἀναιτιου
545 293 628 320 καλοῦ
640 293 749 327 γέγονε·
765 292 810 319 διὰ
823 292 877 328 γὰρ

94 341 122 368 τὸ
137 340 216 368 καλὸν
241 341 270 367 αἱ
286 340 340 367 τῶν
369 339 506 375 στοιχείων
526 339 670 374 γεγόνασιν
687 338 877 374 ἁλληλουχίαι,

93 387 125 419 ἃς
148 386 306 422 ὲφαρμογάς
329 395 409 423 φησι’
435 387 483 413 καί
508 387 537 413 αἱ
563 386 617 412 τῶν
641 386 724 412 ὄντων
752 385 878 412 εῠτακτοι

95 433 225 465 συνδέσεις
245 432 399 469 διαρκοῦσι,
422 433 567 468 λεγόμεναι
588 433 672 468 φιλίαι
704 433 751 459 καὶ
782 440 879 459 κοινω-

94 480 144 507 νίαι
167 480 274 507 πάντων
290 481 424 516 ὲναρέτων
441 480 573 515 λογικῶν,
601 481 629 506 αἱ
646 479 714 516 πρὸς
737 479 802 506 Θεόν
827 487 877 505 που

92 527 239 563 διανοήσεις
251 547 258 559 ,
276 528 313 559 ὡς
329 528 346 563 ἡ
363 527 416 554 τῶν
430 527 609 563 πρωτοτόκων
628 526 775 562 Ἐκκλησία
787 527 816 552 ὲν
831 526 878 552 οὑ-

95 572 165 608 ρανῷ
188 574 235 600 καὶ
250 574 295 600 ἐπὶ
319 574 383 609 γῆς’
400 574 446 600 ἐπὶ
458 573 486 600 δὲ
503 573 558 600 τῶν
581 573 685 608 ἀλόγων
708 574 737 600 αἱ
754 573 878 607 ἀγελαῖαι

93 618 285 653 συνδιαγωγαί·
305 620 351 646 ἐπὶ
372 620 401 646 δὲ
425 619 480 646 τῶν
503 619 614 655 ἀψύχων
637 620 667 646 αί
686 619 755 655 πρὸς
777 619 879 655 ἄλληλα

92 665 196 691 ἑκτικαὶ
203 664 262 682 ‘9'”
270 665 446 701 συμπάθειαι.
462 666 554 693 Πάντα
561 664 606 693 οὖν
615 666 637 682 ⁵⁸
650 667 752 702 ἥνωται
759 666 879 702 τῷξκαλῷ

91 712 123 747 τῇ
141 711 245 747 μεθέξει
261 712 329 748 πρὸς
342 713 417 748 τὸνιυ
430 713 515 740 αῐτιον
532 713 754 749 ἐπεστραμμένα.

124 809 179 837 Καὶ
189 809 281 845 πέρας
292 810 422 840 πάντων.
434 812 524 848 Πέρας
539 811 646 839 πάντων
657 811 764 846 λέγεται
777 813 791 839 ὸ
801 812 877 845 Θεὸς,

91 856 136 883 καὶ
151 856 188 888 ὡς
212 858 331 892 συνέχων
350 858 454 890 πάντα,
472 859 519 885 κα)⁸
535 859 573 890 ὡς
599 859 706 885 πάντων
724 859 764 890 εἰς
790 859 878 893 ἀσφά-

90 902 162 929 λειαν
177 903 435 939 περιδεδραγμένος,
451 905 498 931 καὶ
511 904 550 936 ὡς
563 904 645 931 αὐτοῦ
662 913 693 939 γε
710 904 791 931 ἕνεκα
808 905 877 932 πάν-

930 292 1026 328 ipsius,
1043 292 1118 320 illinc
1134 301 1167 320 ex
1182 293 1298 328 pulchro
1312 291 1385 328 quod
1401 299 1484 319 causa
1497 294 1582 323 caret,
1600 291 1716 326 prodiit;

928 342 1040 374 propter
1055 339 1199 374 pulchrum
1215 339 1299 370 enim,
1320 339 1517 366 elementorum
1534 338 1718 364 connexiones

928 393 996 421 quas
1011 386 1171 421 ὲφαρμογάς
1190 386 1378 420 coaptationes
1402 388 1495 415 vocat,
1512 384 1595 416 iiunt,
1611 393 1718 412 rerum-

928 440 981 468 que
994 433 1063 460 bene
1075 433 1208 460 ordinatm
1222 433 1414 467 colligatioues
1427 431 1587 466 perdurant,
1603 439 1664 466 quae
1675 431 1720 458 di-

928 483 1030 506 cuntur
1043 480 1172 507 amicitia:
1192 483 1218 507 et
1233 479 1441 506 communiones
1457 478 1649 506 universorum
1662 478 1719 504 vir-

928 529 986 552 tute
999 525 1174 560 praeditorum
1186 525 1372 557 rationalium,
1394 525 1479 552 animi
1494 525 1527 552 ad
1543 524 1627 552 Deum
1658 530 1719 551 ere-

927 571 1041 603 ctiones,
1055 572 1126 599 sicut
1144 571 1267 599 Ecclesia
1292 570 1537 606 primogenitorum
1560 571 1588 598 in
1605 571 1675 598 ccelo
1691 575 1719 598 et

928 617 1060 650 interra;
1083 618 1111 645 in
1134 617 1223 645 brutis
1244 620 1334 645 autem
1358 617 1482 652 gregales
1507 617 1673 649 soeietates;
1690 617 1718 644 in

928 663 1058 691 inanimis
1074 671 1156 696 vero,
1180 667 1275 691 mutua
1304 663 1451 690 habitualis
1466 662 1589 698 quaedam
1605 667 1719 690 natura-

928 718 990 737 rum
1003 709 1119 738 aﬂinitas
1141 720 1147 737 :
1163 709 1255 737 omnia
1270 709 1353 745 igitur
1368 717 1430 736 cum
1444 709 1559 744 pulchro
1573 710 1716 741 uniuntur,

929 763 977 791 per
993 756 1230 791 participationem
1249 756 1282 783 ad
1298 761 1438 783 auctorem
1454 763 1598 783 conversa.

964 801 999 828 Et
1013 801 1074 836 ﬁnis
1089 802 1217 829 omnium.
1239 801 1311 829 Deus
1325 802 1428 829 dicitur
1441 801 1503 829 linis
1517 802 1718 834 universorum,

928 850 956 875 ct
979 851 1111 882 tanquam
1133 848 1225 875 omnia
1243 848 1388 875 continens
1399 867 1406 880 ,
1423 852 1505 882 atque
1518 848 1602 875 veluti
1620 852 1719 875 cuncta

929 893 957 920 in
973 894 1120 922 securitate
1136 895 1333 929 complectens,
1349 902 1380 921 ac
1396 894 1550 929 quasi‘ejus
1562 901 1645 921 causa
1659 902 1721 929 pro«

342 928 560 986 Γπαρόιχθέντωῦ,
577 951 623 977 καὶ
639 928 732 986 ἑτέρου
749 951 822 982 τινὸς
837 951 876 983 εἰς

929 939 1009 966 ducta
1033 940 1088 967 sint
1113 928 1256 972 universa,
1277 947 1365 975 neque
1380 940 1433 967 alio
1449 940 1540 974 aliquo
1561 939 1595 967 ad
1626 928 1720 974 perfe-

89 996 119 1022 τὸ
133 996 316 1022 τετελέσθαι⁸³
328 997 359 1023 οὺ
370 997 514 1032 δεομένων·
533 997 594 1023 ὃθεν
610 997 648 1028 ὡς
664 997 735 1032 ἀρχὴ
757 997 875 1028 πάντων,

89 1041 230 1076 ἆτεξαῐτιος
241 1061 249 1074 ,
264 1042 384 1076 λέγεται,
403 1042 474 1070 οὕτω
490 1043 537 1070 καὶ
555 1043 652 1078 μέσον,
672 1043 710 1074 ὡς
723 1043 773 1079 τὴν
789 1044 829 1075 εἰς
847 1043 878 1070 τὸ

91 1088 248 1115 συνεστάναι
265 1089 417 1124 παράτασιν
432 1089 529 1121 διδοὺς,
544 1089 591 1115 καὶ
602 1089 724 1124 τελευτὴ,
742 1089 780 1121 ὡς
795 1090 823 1116 ὲν
838 1087 877 1124 τῷ

90 1133 220 1170 θελήματι
236 1135 318 1161 αὑτοῦ
331 1135 538 1171 περατουμένων
554 1135 609 1162 τῶν
622 1136 717 1167 ὄντων,
727 1137 770 1171 ἐφ’
786 1136 816 1163 δν
831 1136 878 1162 καὶ

89 1180 285 1216 ὲπέστραπται,
297 1181 365 1208 καθὸ
383 1182 431 1208 καὶ
446 1181 552 1208 τελικὸν
568 1182 649 1208 αὐτόν
666 1191 758 1218 φησιν,
774 1182 812 1214 ὡς
827 1183 877 1218 ἂρ-

87 1227 138 1262 χὴν
153 1227 218 1254 ὄντα
232 1228 279 1255 καὶ
294 1228 380 1260 τέλος,
391 1227 463 1254 κατὰ
471 1228 516 1255 τὸν
528 1228 598 1255 θεῖον
612 1229 737 1265 Ἰωάννην
753 1229 782 1255 ὲν
797 1229 874 1256 Ἀπο-

88 1273 202 1308 ιιαλύψει
212 1293 219 1305 ,
236 1274 283 1300 καὶ
297 1274 556 1310 παραδειγματικὸν,
572 1275 610 1307 ὡς
624 1275 732 1302 πάντων
747 1275 801 1302 τῶν
817 1277 877 1302 ὲσο-

88 1318 177 1355 μένων
192 1320 256 1351 τοὺς
273 1321 457 1356 προορισμοὺς
472 1322 500 1347 ὲν
515 1321 603 1357 ἑαυτῷ
619 1322 813 1358 προειληφότα,
829 1322 877 1349 καὶ

87 1364 153 1400 πρὶν
169 1365 186 1401 ἢ
201 1367 378 1401 προαγαγεῖν,
391 1366 428 1398 ὥς
445 1375 527 1402 φησιν
543 1367 557 1393 ό
569 1367 743 1400 Ἀπόστολος,
759 1368 812 1401 οὓς
828 1368 876 1395 καὶ

88 1410 243 1444 προώρισε,
253 1411 301 1438 καὶ
317 1411 352 1438 τὰ
365 1411 429 1446 ἑξῆς
439 1420 446 1427 ·
457 1411 544 1440 ταῦτα
555 1412 609 1448 γὰρ
621 1414 635 1439 ό
648 1413 724 1448 ἅγιος
740 1414 878 1446 Διονύσιος

90 1456 295 1492 παραδείγματα
310 1457 416 1493 ἐνόησε,
432 1458 463 1484 τὸ
475 1458 644 1494 προωρίσθαι
659 1460 688 1485 ἐν
705 1459 794 1494 ἐαυτῷ
810 1468 877 1495 προ-

85 1503 244 1537 γνωστικῶς
255 1503 290 1530 τὰ
306 1504 431 1539 ἐσόμενα,
449 1505 496 1531 καὶ
510 1506 575 1540 πρὶν
591 1505 717 1541 παραχθῇ
727 1526 734 1538 ,
755 1507 886 1533 τουτέστι

90 1549 153 1585 πρὶν
167 1549 300 1586 ἀφορισθῇ
317 1550 364 1576 καὶ
383 1550 509 1586 διακριθῇ
526 1551 570 1578 διά
584 1551 633 1586 τῆς
650 1551 829 1588 περιεχούσης
843 1552 878 1579 τά

88 1594 177 1622 πάντα
191 1595 293 1627 ένιαίας
304 1596 483 1631 προγνώσεως
493 1597 540 1623 τοῦ
556 1597 633 1623 Θεοῦ.
646 1597 738 1624 Ταῦτα
753 1599 878 1634 εὑρήσεις
891 1608 912 1636 C

87 1639 135 1668 ut
148 1641 177 1667 ὲν
190 1641 229 1676 τῷ
245 1641 309 1676 ἑξῆς
328 1642 447 1677 πέμπτῳ
463 1643 611 1678 κεφαλαίῳ.
624 1643 778 1679 Σημείωσαι
792 1644 821 1670 δὲ
835 1644 876 1671 ὅτι

83 1687 184 1715 ταύτὸν
200 1686 268 1715 εἶναι
283 1697 348 1724 φησι
361 1689 400 1724 τῷ
414 1688 509 1724 ἀγαθῷ
521 1689 553 1716 τὸ
564 1689 655 1716 καλόν.

125 1822 184 1849 Ὀτι
199 1823 248 1849 καὶ
267 1822 352 1857 τὸμὴ
368 1822 413 1850 ὅν.
434 1823 496 1855 Πῶς
515 1823 624 1850 δύναται
639 1823 670 1850 τὸ
691 1823 728 1860 μὴ
747 1823 777 1850 ὃν
798 1824 877 1859 μετέ-

88 1876 146 1903 χειν
159 1868 206 1894 τοῦ
221 1868 323 1903 ἀγαθοῦ
332 1868 344 1902 ;’
353 1869 379 1895 εί
390 1869 446 1906 γὰρ
455 1869 492 1905 μὴ
503 1871 614 1899 ῦπεσιτν
621 1869 698 1903 αὐτὸ,
708 1868 770 1896 οὔτε
785 1870 877 1904 ἔφεσιν

86 1914 159 1949 ἔχει,
175 1913 237 1941 οὔτε
253 1915 370 1951 μετοχὴν
385 1915 454 1951 πρός
475 1924 502 1942 τι
521 1915 575 1941 τῶν
589 1915 682 1942 όντων.
699 1915 816 1942 Λεκτέον
830 1913 877 1943 οὖν

84 1963 129 1988 ὅτι
148 1960 180 1986 τὸ
192 1960 234 1995 μὴ
250 1960 285 1987 ὃν
295 1961 430 1997 διαφόρως
448 1960 472 1977 ⁸⁵
493 1962 548 1987 νοεῖ
566 1962 581 1987 ό
600 1961 671 1993 θεῖος
693 1957 771 1993 οὗτος
791 1961 875 1997 ἀνήρ·

89 2006 154 2032 ποτὲ
169 2007 218 2042 μὲν
230 2006 285 2042 γὰρ
299 2007 365 2033 αὐτὸ
378 2007 409 2034 τὸ
423 2006 494 2034 θεῖον
510 2007 581 2034 οὕτω
596 2007 682 2039 καλεῖ,
698 2008 736 2039 ὼς
752 2007 834 2043 μηδὲν
847 2007 877 2035 ὃν

90 2052 141 2078 τῶν
155 2052 253 2078 ὄντων·
271 2052 337 2079 ποτὲ
346 2052 374 2079 δὲ
387 2053 437 2088 τὴν
452 2053 532 2089 ὓλην·
550 2053 608 2080 ἐστι
622 2053 650 2080 δὲ
663 2054 707 2080 ὅτε
722 2054 769 2080 καὶ
782 2053 813 2080 τὸ
828 2062 877 2080 κα-

88 2098 136 2125 ιὸν
148 2097 220 2124 οὓτω
236 2098 313 2125 καλεῖ
331 2098 402 2125 κατά
421 2099 566 2134 διαφόρους
587 2099 699 2131 ἑννοίας.
719 2099 811 2126 Ἔστιν
830 2098 877 2126 οὖν

83 2144 176 2172 εἰπεῖν
194 2143 234 2170 ὃτι
249 2144 264 2179 ἠ
282 2144 330 2180 ὕλη
344 2144 451 2179 μετέχει
461 2145 508 2171 τοῦ
516 2144 629 2179 ἀγαθοῦ,
639 2144 706 2171 καθὸ
725 2145 875 2181 μετεϐλήθη

83 2190 126 2220 εἰς
139 2186 220 2221 εἶδος,
234 2189 280 2216 καὶ
294 2189 438 2226 ἀπηλλάγη
454 2191 503 2226 τῆς
518 2190 613 2226 πρώην
629 2191 783 2226 ἀμορφίας·
800 2191 816 2227 ἢ
836 2192 877 2218 im

83 2235 115 2261 τὸ
130 2234 214 2261 κακὸν
231 2235 338 2270 μετέχει
356 2235 403 2262 τοῦ
418 2235 532 2270 ἀγαθοῦ,
549 2236 616 2263 καθὸ
630 2236 789 2272 προαιρέσει
807 2237 876 2273 καλῇ

928 985 1239 1021 ctionemindiguerint;
1262 985 1336 1013 unde
1359 989 1390 1012 ut
1411 986 1575 1022 principium
1597 986 1719 1013 omnium

929 1032 1000 1060 sicut
1013 1036 1110 1060 auctor
1123 1032 1236 1064 dicitur,
1254 1032 1292 1059 ita
1306 1032 1388 1060 etiam
1406 1032 1526 1059 medium
1541 1032 1642 1059 dicitur
1662 1033 1715 1059 vel-

929 1079 967 1105 uti
986 1077 1210 1113 perdurationem
1227 1078 1253 1105 in
1268 1078 1444 1106 consistendo
1460 1078 1616 1106 concedens
1626 1099 1632 1110 ,
1648 1083 1674 1106 et
1690 1078 1719 1105 [ἧς

927 1124 982 1158 nis,
998 1128 1129 1160 tanquam
1145 1124 1239 1151 omnia
1262 1124 1291 1151 in
1312 1125 1399 1160 ipsius
1415 1125 1554 1152 voluntate
1567 1126 1719 1153 terminen-

927 1174 984 1203 tur,
1006 1171 1034 1198 in
1053 1178 1136 1205 quem
1161 1170 1244 1198 etiam
1262 1175 1471 1208 convertuntur,
1490 1171 1720 1206 quemadmodum

927 1217 1018 1252 ipsum
1032 1217 1114 1243 etiam
1130 1216 1236 1243 τελικόν
1254 1216 1363 1244 ﬁnalem
1377 1221 1471 1249 vocat,
1494 1221 1524 1244 ut
1555 1218 1719 1253 principium

928 1267 955 1291 et
969 1263 1049 1290 tinem
1062 1283 1069 1295 ,
1085 1263 1237 1291 secundum
1251 1263 1374 1290 divinum
1389 1263 1523 1291 Joannem
1541 1264 1569 1291 in
1586 1264 1722 1300 Apocaly-

928 1309 1010 1344 psii,
1035 1313 1062 1336 et
1081 1309 1282 1344 exemplarem,
1318 1310 1393 1337 velut
1415 1310 1538 1337 omnium
1565 1310 1720 1338 futurorum

928 1355 1158 1391 praedeiinitiones
1169 1356 1197 1383 in
1208 1356 1300 1390 seipso
1311 1357 1527 1391 praecipientem.
1535 1358 1616 1384 etiam
1630 1359 1721 1393 prius-

928 1410 1009 1437 quam
1026 1402 1200 1438 produceret,
1217 1402 1290 1429 sicut
1303 1403 1342 1429 ait
1359 1402 1517 1438 Apostolus,
1534 1411 1599 1438 quos
1613 1409 1637 1431 et
1652 1413 1722 1439 pra:-

928 1448 1105 1480 destinavit',
1133 1452 1160 1475 et
1187 1456 1248 1483 qua
1274 1449 1423 1484 deinceps:
1440 1449 1499 1476 haec
1519 1450 1591 1476 enim
1610 1455 1722 1478 sanctus

928 1494 1076 1530 Dionysius
1097 1495 1222 1530 exempla
1243 1495 1392 1530 cogitavit,
1416 1495 1620 1528 prmdeiiniissc'
1636 1497 1664 1524 in
1692 1505 1722 1524 se

928 1540 987 1575 ipso
997 1541 1210 1577 prtecognitione
1224 1540 1315 1568 futura
1330 1542 1411 1568 etiam
1426 1545 1573 1576 antequam
1588 1542 1722 1577 producta

930 1586 1050 1619 fuerunt,
1059 1587 1086 1614 id
1099 1591 1141 1615 est
1148 1588 1309 1623 priusquam
1319 1587 1397 1622 133
1404 1587 1584 1615 deﬁnirentur
1593 1588 1722 1615 etdistin-

928 1636 1077 1668 guercntur
1093 1641 1141 1668 per
1163 1634 1271 1660 unicam
1304 1634 1397 1660 omnia
1422 1633 1646 1668 complectentem
1674 1633 1721 1661 Dci

929 1679 1134 1713 praenotionem.
1149 1678 1213 1706 Haec
1227 1679 1310 1706 etiam
1325 1679 1448 1714 reperies
1473 1679 1502 1706 in
1527 1680 1652 1714 sequenti
1674 1687 1721 1706 ca-

929 1725 984 1759 pite
993 1725 1099 1760 quinto.
1115 1724 1184 1752 Nota
1200 1729 1302 1758 autem,
1320 1732 1383 1753 eum
1397 1726 1489 1753 dicere
1499 1725 1645 1760 pulchrum
1659 1734 1722 1754 esse

928 1770 1000 1798 idem
1013 1777 1075 1798 cum
1092 1771 1174 1799 bono.

965 1817 1042 1851 Quod
1056 1818 1148 1850 etiam,
1169 1818 1195 1845 id
1210 1818 1279 1854 quod
1293 1827 1346 1846 non
1365 1823 1413 1847 est.
1428 1819 1572 1853 Quomodo
1588 1823 1678 1855 potest
1693 1820 1720 1848 id

929 1865 1001 1900 quod
1024 1873 1079 1892 non
1099 1869 1143 1892 est
1173 1866 1277 1893 bonum
1302 1867 1469 1901 participare
1489 1867 1540 1895 ?si
1564 1868 1637 1894 enim
1664 1875 1719 1894 non

929 1911 1066 1943 subsistit,
1080 1918 1169 1946 neque
1179 1912 1331 1946 appetitum
1348 1912 1440 1945 habet,
1453 1921 1542 1948 neque
1552 1921 1613 1940 cum
1628 1913 1726 1949 aliquo.

929 1958 1170 1992 communionem;
1188 1958 1335 1986 dicendum
1351 1959 1444 1994 itaque
1459 1959 1582 1987 divinum
1598 1960 1672 1988 hunc
1683 1961 1721 1987 vi-

928 2011 990 2030 rum
1005 2004 1080 2031 varie
1107 2004 1260 2040 intelligere
1287 2005 1315 2031 id
1339 2005 1407 2040 quod
1424 2014 1476 2032 non
1498 2011 1554 2038 est;
1573 2006 1720 2041 aliquando

927 2050 1001 2078 enim
1017 2049 1189 2077 divinitatem
1206 2051 1292 2086 ipsam
1309 2051 1346 2078 ita
1362 2055 1452 2084 vocat,
1472 2055 1501 2078 ut
1516 2060 1577 2087 quae
1591 2052 1666 2079 nulla
1683 2054 1719 2079 sit

928 2103 1039 2129 rerum;
1069 2096 1236 2132 quandoque
1257 2105 1324 2125 vero
1348 2098 1510 2131 materiam;
1539 2098 1609 2125 solet
1635 2099 1716 2125 etiam

928 2143 1029 2170 malum
1043 2143 1083 2170 sic
1100 2151 1199 2171 vocare
1214 2144 1366 2171 secundum
1382 2144 1506 2171 diversas
1521 2144 1658 2172 notiones.
1673 2144 1719 2171 Li-

928 2193 971 2216 cet
989 2189 1074 2223 igitur
1096 2189 1189 2217 dicere
1208 2190 1351 2217 materiam
1376 2190 1442 2217 boni
1470 2190 1632 2225 participem
1656 2198 1718 2219 esse

927 2240 1065 2270 quatenus
1089 2239 1211 2263 mutatur
1229 2236 1257 2262 in
1274 2235 1401 2267 formam.
1421 2240 1449 2263 et
1472 2244 1487 2263 a
1514 2237 1600 2271 priori
1624 2236 1719 2265 forma:

82 2280 133 2307 καὶ
147 2280 212 2307 αὐτὸ
222 2281 252 2306 τὸ
265 2280 360 2308 δοκοῦν
376 2281 447 2308 θέλει
464 2282 549 2309 κακὸν
570 2279 638 2309 εἶναι
649 2283 683 2315 ³⁵,
708 2283 755 2310 καὶ
773 2283 814 2310 ὅτι
833 2284 876 2310 ἀεὶ

929 2282 1084 2317 privatione
1107 2282 1256 2315 liberatur;
1279 2286 1327 2308 aut
1349 2283 1451 2309 malum
1466 2290 1528 2309 cum
1551 2283 1623 2310 bono
1642 2291 1718 2310 com-

82 2326 210 2361 βούλεται
223 2325 291 2354 εἶναι
306 2328 337 2354 τὸ
347 2328 431 2355 κακόν
441 2336 447 2343 ·
464 2329 518 2355 πᾶν
531 2328 560 2355 δὲ
572 2328 619 2356 τοῦ
635 2327 704 2356 εἶναι
721 2330 875 2365 ἐφιέμενον,

83 2372 132 2400 τοῦ
146 2373 249 2407 ἀγαθοῦ
259 2373 374 2408 ἐφίεται.
390 2375 463 2401 Ἀνω
478 2375 507 2401 δὲ
521 2374 574 2410 πρὸ
593 2375 616 2391 ⁵⁸
631 2375 678 2402 δύο
695 2375 811 2410 φύλλων,
831 2377 876 2404 τὸν

80 2419 150 2445 Θεόν
166 2427 233 2454 φησι
248 2419 295 2446 καὶ
305 2420 374 2456 ὑπὲρ
387 2420 422 2447 τά
435 2420 499 2447 ὄντα
516 2419 586 2447 εἶναι
596 2429 603 2436 ·
621 2421 719 2448 οὐκοῦν
737 2422 827 2454 καλῶς
842 2423 875 2450 ἂν

80 2466 156 2492 sinat
172 2473 213 2497 τις
225 2466 271 2492 τὸν
285 2466 350 2492 Θεὸν
361 2466 430 2502 ὑπὲρ
444 2466 481 2493 τά
491 2467 556 2494 ὄντα
567 2465 645 2500 εἶναι,
667 2468 715 2495 καὶ
730 2468 762 2494 τὸ
786 2469 823 2505 μὴ
843 2470 876 2496 ὃν

78 2511 209 2547 μετέχειν
223 2512 270 2539 τοῦ
280 2511 392 2546 ἀγαθοῦ,
407 2512 445 2545 ὡς
460 2513 507 2540 καὶ
521 2513 591 2549 ὑπὲρ
605 2513 639 2540 τὰ
649 2514 714 2541 ὄντα
727 2514 813 2547 ὄντος,
830 2516 876 2541 καὶ

78 2558 166 2594 μηδὲν
178 2558 253 2590 ὄντος
267 2558 321 2585 τῶν
335 2559 428 2586 όντων.
453 2559 610 2595 Σημείωσαι
631 2561 791 2595 ἀναγκαῖον,
817 2561 876 2593 πῶς

79 2613 160 2640 φησι,
175 2605 205 2631 τὸ
221 2606 257 2641 μὴ
272 2605 302 2632 ὃν
313 2606 468 2641 εὑρίσκεται
481 2605 615 2633 καλὸνκαὶ
625 2606 737 2640 ἀγαθὸν,
750 2606 795 2633 ὅτε
811 2607 875 2642 περὶ

78 2651 150 2678 Θεοῦ
164 2651 287 2685 λέγεται·
303 2653 317 2678 ὁ
329 2652 384 2688 γὰρ
393 2652 459 2684 Θεὸς
473 2653 520 2680 καὶ
535 2652 565 2680 ὃν
583 2653 701 2687 λέγεται,
716 2653 763 2679 καὶ
785 2652 821 2688 μὴ
835 2652 874 2686 ὃν,

134 2745 148 2765 1
165 2740 233 2776 Cap.
251 2749 271 2774 ι,
286 2749 312 2773 v,
325 2741 352 2770 8.
393 2745 404 2759 ι
417 2740 497 2770 Rom.
514 2748 576 2773 vnt,
589 2741 637 2768 50.

930 2329 1082 2360 municare,
1098 2332 1181 2363 prout
1197 2329 1339 2356 voluntate
1354 2329 1426 2356 bona
1442 2329 1509 2356 illud
1523 2330 1596 2364 quod
1611 2330 1719 2358 videtur

928 2375 987 2402 vult
999 2382 1060 2402 esse
1076 2375 1190 2407 malum,
1207 2378 1234 2403 et
1249 2375 1314 2410 quia
1326 2375 1427 2402 malum
1440 2376 1499 2403 vult
1520 2384 1628 2412 semper
1640 2385 1716 2408 esse:

929 2428 1011 2449 omne
1037 2426 1128 2449 autem
1156 2421 1229 2456 quod
1250 2429 1311 2449 esse
1331 2422 1446 2457 appetit,
1470 2423 1572 2450 bonum
1601 2425 1716 2459 appetit,

927 2476 1010 2503 supra
1024 2475 1089 2496 vero
1105 2472 1168 2495 ante
1183 2468 1247 2495 folia
1260 2468 1326 2500 duo,
1354 2470 1393 2496 ait
1417 2469 1501 2496 Deum
1524 2470 1607 2497 etiam
1632 2479 1716 2506 supra

926 2522 972 2542 res
989 2522 1050 2542 esse
1068 2524 1074 2542 :
1092 2520 1166 2543 recte
1180 2515 1263 2550 igitur
1275 2515 1349 2543 dicat
1361 2517 1470 2551 aliquis,
1488 2516 1572 2544 Deum
1592 2525 1654 2547 esse
1671 2525 1718 2545 su-

927 2569 975 2596 pra
988 2569 1043 2594 res,
1057 2566 1084 2589 et
1099 2562 1125 2589 id
1141 2562 1215 2597 quod
1232 2569 1287 2589 non
1312 2566 1366 2592 est.
1393 2563 1458 2590 boui
1479 2565 1618 2599 particeps
1642 2571 1715 2596 esse,

927 2615 988 2634 cum
1003 2608 1038 2634 sit
1049 2615 1133 2643 supra
1149 2616 1179 2636 ea
1195 2616 1256 2643 quae
1269 2613 1343 2642 sunt,
1359 2609 1482 2644 nihilque
1494 2610 1530 2638 sit
1546 2618 1640 2637 eorum
1656 2618 1716 2644 qua:

927 2659 1001 2681 sunt.
1023 2654 1092 2681 Nota
1119 2655 1289 2689 necessario,
1318 2656 1455 2690 quomodo
1480 2657 1564 2690 dicat,
1596 2656 1622 2683 id
1642 2656 1715 2691 quod

542 2817 659 2850 VARle
677 2817 869 2850 LECTIONES
886 2821 930 2850 ET
947 2822 1230 2853 CORRECTIONES.

114 2893 178 2910 3""
194 2893 328 2920 δεκτικαί.
364 2894 384 2909 ⁵¹
399 2893 484 2920 ταῦτα
494 2891 552 2922 οὖν.
585 2894 608 2909 ⁵¹
620 2893 661 2920 τό.
694 2894 719 2913 ⁵³
728 2892 872 2921 τελεῖσθαι.

75 2929 145 2956 αὐτὸ
159 2930 190 2956 τιὸ
204 2929 287 2956 κακὸν
299 2928 430 2964 δοκοῦμεν
446 2927 524 2957 εἶναι.

574 2929 597 2945 ⁸⁸
611 2928 702 2964 ὀλίγον
714 2928 741 2956 δὲ
759 2929 813 2956 ἅνω
827 2929 887 2964 πρό.

923 2895 945 2910 ⁸⁵
960 2895 1124 2933 ἀδιαφόρως.
1166 2897 1189 2913 ⁵⁵
1206 2895 1271 2926 καθὸ
1296 2897 1453 2932 προαιρέσει
1478 2896 1522 2923 τοῦ
1550 2896 1632 2923 καλοῦ
1661 2897 1709 2925 καὶ
