1926 3062
215 133 267 161 253
606 134 776 164 APPENDIX
793 135 836 163 AD
852 135 968 163 OPERA
985 135 1014 163 S.
1032 135 1182 164 DIONYSll
1197 135 1440 165 AREOPAGITE.
1790 140 1838 168 256

215 201 272 220 non
285 195 340 225 est.
354 192 492 220 invenitur
504 194 648 229 pulchrum
663 201 691 224 et
706 197 819 228 bonum,
844 195 955 231 quando
971 206 975 222 ‹

1080 205 1094 228 ς
1107 196 1183 223 οὐδὲν
1196 195 1233 224 ὢν
1248 196 1303 223 τῶν
1320 197 1415 229 ὄντων,
1432 197 1490 224 ἀλλ’
1502 197 1690 234 ὑπερηρμένος
1702 199 1838 234 ἀγνώστως

216 238 273 266 Deo
288 237 409 266 dicitur:
429 238 502 267 Deus
528 241 602 268 enim
628 242 730 270 dicitur
756 246 783 271 et
801 242 875 278 quod
896 246 950 275 est,

1078 243 1112 270 ὧν
1130 243 1256 270 ἁπάντων
1267 252 1274 259 ·
1290 244 1321 271 οὺ
1335 244 1390 280 γάρ
1406 245 1464 271 ἐστι
1483 253 1509 271 τι
1527 245 1558 272 τὸ
1575 246 1707 280 γινῶσκον
1729 247 1796 274 κατὰ
1814 247 1838 274 τί

215 284 288 319 quod
301 292 356 312 non
371 288 425 317 est,
441 293 505 312 cum
524 287 592 314 nihil
608 288 645 316 sit
659 296 755 316 eorum
776 297 837 324 quae
862 292 937 321 sunt,
955 297 975 316 St

574 287 592 314 il
608 288 645 316 sit
659 296 755 316 eorum
776 297 837 324 quae
862 292 937 321 sunt,
955 289 1004 317 sed
1057 290 1134 316 οὐδέν
1147 291 1220 316 ἐστιν
1234 290 1332 322 όΘεός.

217 338 300 365 supra
311 331 403 357 omnia
420 331 501 359 modo
514 331 608 368 ignoto
623 335 773 368 attollitur;
797 342 852 362 non
871 339 914 363 est
936 335 1011 363 enim
1030 335 1135 371 aliquid
1158 335 1233 371 quod
1254 340 1406 371 cognoscat
1429 337 1581 366 secundum
1596 337 1671 374 quod
1692 337 1764 366 Deus
1780 338 1813 366 sit

215 378 295 407 nihil.

249 428 446 457 Substuntiales
460 430 592 458 essentia.
610 429 729 459 Pulchre
741 431 947 464 substantiales;
960 439 1006 459 ex-

1091 431 1127 457 Al
1140 429 1296 462 σὺσιώδεις
1319 430 1474 465 ὑπάρξεις.
1501 429 1599 460 Καλῶς
1621 429 1652 456 τὸ
1676 429 1836 463 οὐσιώδειςε

216 476 350 504 sistentias
363 476 435 503 enim
451 477 602 504 secundum
627 476 784 512 Seripturas
799 482 863 505 sunt
877 478 976 505 essenti

1079 476 1186 512 πάρξεις
1200 476 1261 503 καθ’
1277 476 1377 508 ἑαυτὰς
1394 476 1530 513 ἀνώτεραι
1545 475 1599 502 τῶν
1611 475 1710 503 οὐσιῶν
1723 477 1784 503 stur
1796 477 1839 504 VIN

217 524 391 559 superiores;
408 531 481 550 nunc
496 528 588 550 autem
603 524 736 558 quoniam
751 523 785 550 de
798 524 900 551 creatis
915 524 977 558 loqu

1081 532 1084 548 :
1099 523 1191 558 ἐπειδὴ
1206 523 1271 558 περὶ
1286 522 1340 550 τῶν
1349 523 1467 550 κτιστῶν
1477 531 1567 559 φησιν,
1579 522 1692 554 εἰκότως
1701 523 1740 558 τῷ
1753 523 1841 557 ὑπάρ-

216 575 272 602 tur,
292 571 390 598 merito
413 569 526 597 dictioni
551 569 683 606 ὑπάρξεις
707 570 834 605 apposuit
856 569 976 596 οὺσιώδει

1080 578 1120 602 εις
1133 568 1287 605 προσέθηκε
1301 569 1331 595 τδ
1345 569 1510 601 οὐσιώδεις,
1525 568 1651 600 Ἐνώσεις
1670 568 1698 596 δὲ
1711 569 1840 603 λέγονται,

215 616 360 644 Unitiones
374 624 438 644 vero
453 616 594 648 dicuntur,
619 623 674 642 non
691 615 765 651 quod
793 615 876 643 simul
892 622 973 642 accrv

1080 616 1107 651 Βχ
1122 616 1163 642 ὅτι
1182 615 1335 642 συνέκειντο
1350 615 1471 651 σωρηδὸν
1487 615 1517 642 ἓν
1536 624 1563 642 τι
1580 615 1771 647 ἀποτελοῦντα,
1787 615 1840 643 ἀλλ’

215 663 262 689 tim
280 662 382 697 aliquid
403 670 487 689 unum
505 661 637 694 efﬁciant,
654 661 702 689 scd
711 661 774 696 quia
787 660 859 689 Deus
872 665 931 688 erat
944 660 975 688 f0!

1083 671 1099 689 τι
1106 662 1181 698 πηγὴ
1188 661 1277 688 αὐτῶν
1288 661 1337 695 καὶ
1345 662 1415 697 ἀρχὴ
1427 659 1460 697 ἦν
1470 663 1484 689 ὁ
1493 661 1568 693 Θεὸς,
1582 662 1629 689 xui
1643 661 1673 693 ἐξ
1684 662 1765 688 αὐτοῦ
1776 671 1843 697 παρη

214 708 336 743 ipsorum
348 712 376 735 et
388 708 565 743 principium,
583 711 665 742 atque
677 715 709 735 ex
723 707 783 742 ipso
798 707 932 742 producta
948 707 974 734 fu

1080 707 1181 743 χθησαν
1196 707 1370 742 ὲλλάμψαντα
1380 708 1427 734 xui
1447 708 1602 734 ὑποστάντα
1620 707 1840 735 καθ’ὐπόϐασινδπ

214 759 279 782 runt
297 754 371 782 entia
394 757 486 782 omnia
501 762 562 789 qua:
578 754 728 786 illustrant,
742 759 769 781 et
781 752 961 781 subsistentia

1081 762 1166 780 παντα
1181 753 1216 780 τὰ
1230 753 1305 786 ὗντα,
1321 754 1359 786 ὡς
1376 753 1423 780 xui
1444 755 1484 786 εἰς
1508 753 1658 789 διακρίσεις
1672 754 1841 781 ὺποστάσεων

213 808 346 835 persona,
361 802 399 828 ita
417 805 448 828 ut
465 801 493 828 in
511 800 737 828 distinctionibus
760 799 973 828 subsistentiaru

1081 800 1182 835 ανῆναι.
1193 800 1362 836 Ταὺτότητες
1369 800 1398 827 δὲ
1408 801 1476 826 εἰσιν
1483 801 1511 827 ui
1521 801 1657 835 ἀναγωγοὶ
1664 802 1710 828 xui
1720 801 1841 828 ὲνωτικαὶ

213 851 373 882 appareant.
391 847 551 875 ldentitates
566 851 658 875 autem
681 851 746 875 sunt
761 847 878 874 virtutes
897 847 973 874 intell

1080 847 1126 882 ρὺς
1135 846 1200 873 Θεὸν
1208 846 1336 882 δυνάμεις
1349 846 1403 873 τῶν
1420 847 1533 883 νοητῶν,
1556 847 1594 879 ὡς
1614 848 1660 874 xui
1671 848 1824 883 ὁμοιότητες
1835 857 1840 863 ·

214 894 351 928 gibilinm,
365 901 427 928 qua:
442 901 552 921 sursum
567 894 668 921 ducere
680 897 762 928 atque
773 900 835 920 cum
855 892 911 920 Deo
926 893 974 920 uni

1078 892 1149 928 πειδὴ
1165 893 1212 920 καὶ
1227 892 1256 924 ἐξ
1271 892 1353 919 αὑτοῦ
1363 894 1415 920 εισι
1429 893 1476 920 καὶ
1492 895 1635 929 προσεχεῖς
1645 894 1730 930 αὐτῷ.
1742 894 1838 930 Ἐτερό-

213 941 359 973 valent,ut
381 940 464 967 etiam
491 938 701 973 similitudines;
733 939 864 974 quoniam
887 946 922 966 ex
947 939 973 974 ip

1082 946 1136 973 11:5;
1146 938 1175 965 δὲ
1199 938 1266 966 καθὸ
1281 939 1440 974 καταγωγὸς
1455 937 1522 966 οὖσα
1541 940 1557 975 ἡ
1577 940 1713 976 ἑτερότης,
1738 940 1783 966 καὶ
1799 949 1842 975 με-

214 995 323 1022 quoque
335 990 400 1014 sunt
416 991 444 1015 et
458 987 511 1022 ipsi
531 986 682 1014 adhaerent.
712 985 891 1014 Diversitates
916 991 974 1013 aute

1088 985 1147 1020 στὴ,
1163 986 1193 1012 ὲν
1204 986 1265 1017 ταῖς
1279 985 1494 1021 ὑποϐεϐηκυίαις
1510 985 1558 1013 καὶ
1576 986 1705 1021 ἐσχάταις
1725 986 1845 1022 προόδοις

213 1038 350 1068 quatenus
365 1034 512 1061 diversitas
531 1034 660 1061 deorsum
677 1033 763 1065 ducit,
779 1036 807 1060 et
822 1032 937 1060 divisiva
951 1040 973 1059 ei

1085 1030 1103 1057 ὗ
1118 1030 1191 1057 θείου
1206 1030 1356 1067 Θελήματος
1373 1032 1412 1063 εις
1423 1031 1509 1067 ὁρατὰ
1527 1031 1692 1067 ἐπληθύνθη.
1711 1031 1845 1068 Ἀνομοιόρ-

172 1107 179 1118 ε
213 1080 241 1106 in
258 1079 391 1114 subjectis
415 1083 442 1107 et
463 1080 594 1107 extremis
618 1079 718 1107 divinae
737 1078 889 1106 voluntatis
911 1086 932 1105 a4

1086 1086 1136 1112 ,τες
1146 1077 1175 1104 δὲ
1189 1077 1281 1111 πάλιν,
1293 1077 1385 1114 ἐπειδὴ
1400 1078 1430 1104 τὸ
1440 1078 1579 1113 γινόμενον
1594 1078 1687 1114 ἕτερον
1702 1078 1735 1105 ἂν
1747 1078 1788 1114 εἴη
1799 1077 1846 1105 τοῦ

212 1125 303 1152 sibilia
326 1125 566 1161 progressionibus
589 1126 803 1160 multiplicatur.
826 1124 972 1153 Dissimilit

1085 1124 1305 1160 juonpyﬁauv'ro;
1317 1123 1388 1150 κατὰ
1398 1124 1497 1158 πάντα,
1508 1125 1555 1151 καὶ
1565 1124 1615 1151 οὐκ
1636 1125 1763 1160 ἐμφερές.
1781 1125 1845 1151 Κοι-

212 1169 292 1197 dines
305 1177 370 1197 vero
386 1178 496 1204 rursus,
510 1171 640 1206 quoniam
653 1170 726 1205 quod
735 1174 846 1198 creatur
860 1170 935 1198 aliud
950 1177 972 1197 οι

1084 1170 1148 1197 ›νίαι
1163 1170 1192 1198 δὲ
1205 1170 1259 1197 τῶν
1273 1171 1436 1198 ὲναντίωναῑ
1446 1171 1500 1198 τῶν
1512 1171 1650 1207 στοιχείων
1657 1171 1710 1197 elui
1724 1171 1844 1206 κράσεις·

211 1216 279 1243 nino
293 1215 374 1243 fuerit
390 1224 405 1244 a
425 1220 551 1244 creatore
575 1216 603 1244 in
627 1217 769 1250 omnibus,
788 1224 878 1252 neque
903 1216 971 1244 simi}

1100 1215 1154 1252 γὰρ
1169 1216 1224 1243 τῶν
1234 1217 1374 1254 τεσσάρων
1386 1217 1524 1253 στοιχείων
1538 1217 1592 1244 εἰσὶ
1604 1217 1639 1244 τὰ
1651 1216 1765 1252 σώματα
1779 1217 1847 1244 πάν-

211 1260 298 1289 Porro
311 1262 521 1290 communioues
538 1262 618 1298 135
635 1267 700 1290 sunt
719 1263 924 1290 contrariorum
947 1262 971 1290 el

1087 1282 1099 1288 η.
1129 1262 1314 1298 ’Δλληλουχίαι
1330 1263 1359 1290 δὲ
1382 1264 1437 1291 τῶν
1461 1264 1628 1299 ὁμοστοίχων
1653 1264 1721 1290 είσὶν
1741 1264 1769 1290 αἱ
1793 1263 1847 1290 τῶν

212 1311 368 1336 mentorum
383 1309 613 1343 temperationes;
634 1317 737 1337 names
749 1313 869 1344 quatuor
885 1309 971 1336 eleme

1089 1317 1176 1344 σμων,
1186 1309 1234 1336 τοῦ
1246 1318 1277 1336 τε
1292 1310 1391 1346 ὁρατοῦ
1402 1311 1449 1337 καὶ
1459 1310 1506 1337 τοῦ
1519 1310 1626 1346 νοητοῦ,
1643 1309 1703 1336 καθ’
1715 1309 1847 1336 ὑπόϐασιν

211 1356 248 1381 tis
269 1361 385 1389 corpora
410 1359 476 1382 sunt
500 1355 602 1383 omnia.
619 1355 800 1383 Cohaerentize
824 1359 916 1383 autem
940 1362 971 1382 su

1087 1355 1227 1390 κατάξεις,
1249 1356 1282 1383 ὲκ
1306 1357 1371 1392 μιᾶς
1395 1356 1488 1388 οὐσίας
1509 1357 1559 1392 τῆς
1581 1356 1646 1392 ὕλης
1668 1357 1708 1388 είς
1734 1355 1847 1391 σώματα

211 1401 375 1428 mundorum
392 1401 420 1428 in
435 1401 531 1429 eodem
545 1401 643 1429 ordine
655 1401 853 1429 collocatorum
864 1421 872 1434 .
885 1402 971 1429 visibi.‘

1088 1401 1249 1437 ,ηθυνθεῖσαι
1267 1403 1475 1438 στερεωμάτων,
1491 1403 1538 1430 καὶ
1560 1403 1641 1429 οἱονεὶ
1663 1402 1751 1438 σειρὰ,
1766 1402 1833 1438 ἁλλή

208 1451 237 1475 et
258 1447 440 1483 intelligibilis
457 1448 485 1474 in
502 1448 640 1476 descensu
664 1448 860 1483 dispositiones
871 1468 879 1480 ,
900 1456 932 1476 ex
948 1457 965 1476 u

1089 1456 1107 1474 ιν
1120 1448 1262 1483 ἐχόμεναι·
1279 1450 1310 1476 ὲκ
1323 1449 1425 1476 τούτων
1440 1450 1546 1485 νοήσεις
1556 1449 1603 1476 xui.
1612 1448 1646 1475 τὰ
1655 1448 1726 1484 ἑξῆς.
1748 1448 1849 1484 Ἀσυμ-

209 1494 334 1520 materia
357 1493 513 1521 substantia
536 1494 565 1521 in
583 1493 670 1521 tlrmis
692 1494 856 1529 corporibus
870 1495 969 1530 multip

1089 1494 1141 1527 ξίαι
1156 1495 1184 1522 δὲ
1198 1495 1254 1522 τῶν
1266 1495 1412 1531 ἡνωμένων
1422 1495 1547 1528 εἰσὶν,ὡς
1560 1495 1607 1521 ἐπὶ
1621 1495 1670 1530 τῆς
1683 1494 1729 1521 τοῦ
1744 1493 1849 1530 ἀνθρώ-

209 1543 287 1571 catae,
300 1543 381 1574 atque
394 1540 478 1567 veluti
491 1543 590 1567 catena
602 1547 632 1567 se
644 1543 741 1567 mutuo
752 1543 896 1573 tenentes;
912 1548 947 1568 ex
959 1540 969 1567 l

1087 1550 1106 1568 ιυ
1115 1541 1137 1557 ⁵⁸
1144 1541 1239 1576 γένους
1251 1542 1415 1578 κοινότητος,
1427 1541 1475 1568 καὶ
1488 1541 1539 1577 τῆς
1545 1541 1725 1568 καθ’ἓκαστον
1740 1541 1847 1577 ἄνθρω-

209 1585 400 1620 cogitationes,
414 1590 442 1614 et
455 1593 516 1621 qua:
539 1589 704 1621 sequuntur.
721 1585 782 1613 Non
796 1586 969 1614 commistion

1091 1596 1105 1614 ν
1123 1568 1267 1624 ιδίότητός·
1283 1587 1323 1623 τῷ
1341 1568 1464 1624 [sitv-[7&9
1485 1568 1568 1623 xoltvtj')
1592 1587 1644 1622 τῆς
1663 1587 1756 1619 οὐσίας
1774 1568 1849 1622 λόγῳ

209 1636 300 1660 autem
319 1633 476 1665 unitorum,
507 1636 574 1659 sunt
598 1632 671 1659 sicut
699 1632 728 1659 in
754 1632 867 1659 humani
890 1640 969 1668 genel

1089 1642 1155 1665 ιντες
1163 1633 1301 1670 ήνώμεθα,
1316 1635 1350 1670 τῇ
1363 1634 1392 1662 δὲ
1400 1634 1461 1661 καθ’
1469 1634 1585 1661 ἕκαστον
1593 1633 1715 1669 ἰδιότητι,
1725 1633 1755 1660 τὸ
1762 1633 1813 1660 suo
1819 1643 1849 1669 μ-

209 1679 420 1710 communitate,
448 1681 476 1706 et
500 1678 636 1713 cujusque
666 1677 788 1706 hominis
814 1679 969 1714 proprietati

518 1678 636 1713 ujusque
666 1677 788 1706 hominis
814 1679 999 1714 proprietate;
1056 1689 1152 1716 μικτον
1168 1680 1276 1716 ἔχομεν.

208 1725 348 1752 communi
372 1726 444 1752 enim
464 1725 591 1752 essentne
613 1724 721 1752 ratione
742 1731 840 1752 omnes
855 1724 925 1751 uniti
946 1732 1055 1758 sumus,
1092 1726 1311 1761 uniuscujusque
1326 1733 1392 1754 vero
1424 1727 1602 1762 proprietate,
1633 1727 1746 1754 minime
1771 1734 1849 1753 com-

208 1771 366 1800 miscemur.

245 1817 338 1845 Status
352 1826 451 1847 omnes.
474 1818 546 1847 Dicit
557 1823 615 1847 tres
625 1827 687 1848 esse
700 1820 835 1859 stationes
849 1824 876 1848 et
898 1820 1000 1848 motio-

1089 1820 1122 1846 Αἱ
1135 1818 1261 1851 στάσεις
1285 1817 1390 1846 πᾶσαι.
1419 1819 1534 1851 Στάσεις
1557 1819 1605 1846 xui.
1629 1819 1749 1854 κινήσεις
1771 1820 1849 1855 λέγει

209 1871 270 1896 nes,
288 1871 357 1898 quas
374 1864 457 1892 etiam
480 1871 615 1898 recenset,
632 1867 777 1900 mentium,
792 1871 819 1894 et
835 1866 969 1894 animarur

1091 1867 1136 1897 εἰς,
1152 1865 1185 1897 ἃς
1200 1865 1246 1892 καὶ
1260 1865 1414 1899 καταλέγει,
1430 1865 1499 1893 νοῶν
1513 1865 1560 1892 καὶ
1573 1865 1678 1901 ψυχῶν,
1691 1866 1739 1893 xui
1753 1868 1851 1902 σωμά-

208 1914 236 1938 et
252 1917 418 1946 corporum;
434 1915 544 1947 oportet
565 1912 660 1948 itaque
674 1913 819 1940 commode
840 1913 968 1948 intelligel

1090 1919 1119 1937 ην·
1144 1911 1184 1938 δεῖ
1204 1910 1293 1938 τοίνυν
1318 1911 1481 1946 προσφόρως
1497 1913 1577 1938 νοεῖν.
1599 1912 1631 1938 οι
1650 1911 1699 1947 μὲν
1718 1910 1765 1939 οὖν
1786 1913 1850 1944 νόες

210 1955 316 1984 Mentes
332 1957 417 1992 igitur
429 1960 503 1984 stant
517 1961 544 1985 et
559 1962 716 1991 moventur,
739 1959 812 1987 sicut
834 1958 920 1986 Isaias
935 1959 970 1986 (ιὶι

1092 1965 1174 1984 εανται
1185 1957 1232 1984 καὶ
1246 1957 1439 1990 κινοῦνται,ὡς
1446 1957 1559 1989 Ἡσαΐας
1570 1957 1647 1993 φησὶ,
1662 1958 1709 1984 xui
1718 1957 1852 1994 Ἰεζεκιὴλ

207 2007 236 2031 et
260 2003 386 2031 Ezechiel
408 2003 442 2031 de
467 2004 605 2039 seraphim
630 2008 658 2032 et
679 2004 842 2037 cherubim,
871 2005 967 2040 quonia

1092 2004 1116 2039 pi
1132 2003 1187 2030 τῶν
1201 2003 1322 2038 σεραφὶμ
1340 2003 1387 2030 xui
1403 2002 1550 2039 χερουϐίμ·
1573 2003 1667 2039 ἐπειδὴ
1684 2003 1760 2030 αὐτοί
1777 2005 1852 2033 εἰσιν

209 2050 363 2080 ascendunt
376 2055 403 2078 et
424 2050 614 2084 descendunt,
638 2055 668 2078 ut
687 2051 726 2078 ait
742 2050 864 2086 Moyses;
878 2058 941 2078 nam
959 2051 965 2077 i

1092 2049 1281 2081 ὰναῦαίνοντες
1296 2050 1344 2076 xui
1359 2049 1624 2081 καταϐαίνοντες,ὦς
1637 2057 1701 2085 φησι
1714 2050 1849 2086 Μωῦσῆςι

209 2097 369 2125 desinenter
385 2097 419 2125 ad
432 2097 518 2125 Deum
530 2097 666 2129 converti,
681 2101 708 2125 et
721 2097 826 2125 haerere
841 2097 869 2124 in
885 2101 966 2125 conte

1107 2095 1156 2131 μὲν
1173 2095 1228 2132 γὰρ
1249 2094 1437 2131 ἐπεστράφθαι
1466 2095 1592 2131 ἀλήκτως
1608 2096 1654 2123 ἐπὶ
1666 2095 1689 2112 ⁸³
1703 2096 1748 2123 τὸν
1767 2096 1851 2130 Θεὸν,

208 2144 284 2172 tione
305 2144 339 2171 ad
356 2144 457 2178 ipsum.
473 2143 526 2172 etsi
550 2144 711 2179 abiegentur
735 2147 763 2171 et
782 2143 968 2171 descendant:

1095 2147 1101 2169 ι
1112 2141 1234 2178 ἱδρῦσθαι
1247 2143 1277 2169 ὲν
1286 2143 1319 2178 τῇ
1335 2142 1404 2178 πρὸς
1413 2142 1493 2169 αὐτὸν
1503 2142 1642 2174 ἀνατάσει,
1654 2142 1705 2169 κᾶν
1712 2142 1855 2170 ἀποστέλ-

208 2190 350 2224 inferiora,
367 2194 397 2218 ut
412 2189 576 2226 adjuvandis
594 2189 766 2225 provideant,
780 2189 832 2217 hoc
848 2190 938 2225 ipsum
958 2197 968 2217 ε

1094 2197 1140 2215 ντο
1155 2189 1202 2216 xui
1212 2189 1402 2216 καταδαίνοιεν
1409 2190 1431 2205 ⁸⁸⁸
1447 2189 1494 2216 ὲπὶ
1508 2188 1545 2216 τὰ
1558 2188 1758 2224 ὑποὸεῦηκότα,
1775 2197 1853 2224 προ-

211 2237 325 2265 ﬁrmiter
340 2237 369 2264 in
382 2236 431 2264 Dei
446 2237 547 2264 vicinia
562 2241 645 2269 stare,
658 2241 741 2272 atque
755 2235 789 2263 ad
805 2235 929 2263 liberalia
940 2243 971 2262 mi

1096 2245 1129 2268 ας
1141 2236 1220 2273 χάριν
1227 2236 1281 2263 τῶν
1295 2235 1557 2271 ὼφεληθησομένων,
1567 2234 1647 2261 τοῦτό
1660 2236 1717 2262 ἐστι
1728 2235 1759 2261 τὺ
1769 2236 1856 2263 ἐστά-

208 2283 266 2311 veri
280 2283 378 2311 oliicia.
394 2283 537 2310 Moventur
553 2287 643 2311 autem
658 2283 740 2310 etiam
762 2283 903 2318 superiora
926 2290 968 2317 co;

1109 2283 1224 2319 βεϐαίως
1244 2284 1273 2309 ὲν
1290 2284 1324 2318 τῇ
1343 2283 1411 2317 πρὸς
1427 2282 1493 2308 Θεὸν
1514 2282 1628 2316 ἐγγίσει,
1645 2281 1692 2308 xui
1711 2281 1855 2314 κινεῖσθαι

209 2329 293 2356 tando
304 2349 312 2361 ,
327 2333 355 2357 et
375 2334 449 2357 stant
463 2330 529 2357 dum
545 2330 581 2357 ab
600 2329 777 2357 inferioribus
797 2329 969 2364 intelliguntu

1104 2329 1153 2361 τὰς
1167 2330 1232 2365 περὶ
1242 2329 1306 2360 τοὺς
1319 2329 1562 2364 εὐεργετουμένους
1571 2328 1722 2360 διακονίας·
1737 2327 1854 2355 κινοῦν-

209 2380 239 2403 ut
268 2375 454 2410 intelligibiles
466 2395 473 2406 ,
491 2379 636 2403 manentes
657 2376 684 2402 in
702 2375 813 2411 propria
837 2375 969 2403 identitau

1111 2376 1139 2403 δὲ
1157 2377 1186 2403 ὲν
1199 2376 1238 2411 τῷ
1256 2377 1327 2403 νοεῖν
1340 2376 1375 2402 τὰ
1389 2375 1609 2411 ὑπερϐεϐηκότα,
1630 2376 1677 2402 καὶ
1692 2375 1805 2401 ἑστᾶσιν
1820 2374 1856 2401 ἐν

209 2429 272 2448 nam
292 2425 357 2449 sunt
373 2430 422 2449 sua
444 2422 571 2457 praesidia
591 2427 619 2450 et
636 2422 805 2453 mansiones,
819 2425 901 2457 atque
917 2422 945 2448 in
960 2429 969 2449 ε

1102 2422 1220 2450 νοεῖσθαι
1233 2422 1309 2458 παρὰ
1323 2421 1377 2448 τῶν
1390 2422 1620 2457 καταδεεστέρων,
1634 2421 1672 2452 ὡς
1685 2420 1778 2456 νοητὰ,
1798 2421 1858 2455 μὲ-

208 2468 276 2502 ipsis
301 2468 436 2501 habitant,
463 2476 570 2496 necnon
597 2468 631 2495 ad
662 2468 767 2503 seipsos
790 2471 968 2495 convertuntu

1100 2477 1130 2496 τα
1143 2470 1171 2496 ἐν
1182 2470 1214 2505 τῇ
1230 2469 1319 2505 οἰκείᾳ
1330 2469 1476 2504 ταυτότητι
1485 2477 1492 2484 ι
1504 2468 1621 2504 φρουραὶ
1629 2468 1683 2504 γάρ
1696 2469 1765 2494 εἰσιν
1781 2467 1860 2494 ἑαυ-

209 2522 298 2549 neque
316 2513 400 2541 dividi
426 2518 542 2549 possunt
570 2514 599 2541 in
622 2521 653 2542 ea
673 2522 734 2550 quae
753 2522 768 2541 a
786 2514 834 2541 Dei
850 2514 925 2541 cultu
937 2522 969 2542 su

1097 2525 1104 2542 ν
1122 2515 1169 2542 καὶ
1184 2516 1276 2550 μοναί’
1303 2516 1350 2542 xui
1370 2516 1410 2547 εἰς
1427 2514 1512 2542 ἑαυτὰ
1535 2514 1709 2546 οἰκειοῦνται,
1734 2514 1783 2540 xui
1804 2514 1857 2550 ἐφ’

208 2560 308 2590 aliena.
326 2559 419 2595 Itaque
435 2559 638 2595 imperfectiora
652 2561 743 2588 omnia
755 2563 955 2588 convertuntur

1102 2561 1136 2588 τὰ
1154 2562 1398 2597 συνεστραμμένα,
1416 2562 1463 2588 xui
1478 2561 1631 2589 ἁσκέδαστα
1652 2561 1700 2587 ἐπὶ
1717 2560 1752 2587 τὰ
1767 2559 1861 2587 ἁλλό-

209 2607 414 2636 excellentiora.
428 2606 517 2634 Motus
532 2610 623 2634 autem
636 2607 963 2634 mentiumetanimarum

1100 2617 1114 2634 α
1124 2609 1173 2644 τῆς
1182 2608 1346 2640 θεοσεϐείας.
1360 2608 1415 2635 Καὶ
1427 2607 1493 2642 γοῦν
1502 2607 1632 2634 πάντατὰ
1643 2606 1860 2642 καταδεέστερα

209 2653 304 2681 orbem
319 2653 508 2688 circnlumque
522 2653 648 2680 feruntur
660 2672 667 2682 .
688 2653 760 2679 sicut
774 2653 856 2680 etiam
874 2652 969 2680 Ezechi

1104 2663 1238 2691 στραπται
1254 2655 1301 2681 ἐπὶ
1319 2654 1354 2681 τὰ
1374 2654 1593 2690 ὑπερϐεϐηκότα.
1616 2655 1648 2681 Αἰ
1671 2654 1700 2681 δὲ
1723 2655 1862 2688 κινήσεις

209 2700 248 2727 ait
258 2709 266 2733 ;
278 2699 500 2735 quandoquidem
514 2707 549 2727 ex
560 2706 590 2727 se
601 2699 669 2734 ipsis
683 2698 905 2734 progrediuntur,
919 2704 969 2734 atq‘

1102 2710 1104 2720 ν
1117 2701 1184 2727 νοῶν
1205 2701 1252 2728 xui.
1263 2701 1356 2736 ψυχῶν
1369 2700 1529 2736 τροχοειδεῖς
1539 2702 1592 2727 εἰσι
1602 2701 1648 2727 καὶ
1655 2699 1799 2732 κυκλικαὶ,
1812 2701 1862 2732 ὡς

210 2746 240 2777 in
255 2754 284 2774 se
300 2751 484 2779 revertuntur,
498 2745 551 2774 etsi
568 2752 584 2772 a
606 2752 636 2772 se
655 2753 710 2773 non
733 2745 869 2773 abierunt.
890 2744 924 2772 Et
942 2745 970 2772 ha

1107 2744 1233 2780 ’ῐεζεκιήλ
1246 2753 1339 2781 φησιν,
1353 2744 1469 2781 ἐπείπερ
1484 2744 1514 2777 ἐξ
1533 2745 1638 2773 ἑαυτῶν
1653 2745 1767 2781 προΐασι
1777 2765 1785 2779 ,
1804 2746 1866 2773 καὶ

676 2814 795 2843 VARUS
813 2814 1005 2844 LECTIONES
1023 2813 1067 2841 ET
1083 2813 1358 2842 CORRECTIONES.

265 2874 286 2890 ³⁷
300 2872 456 2904 ὑπᾶττασιν.
507 2876 528 2892 ⁸⁸
540 2875 719 2914 ἀνθρωπείου.
770 2876 791 2892 τ’
807 2876 882 2908 πρός.
933 2876 954 2892 εν
972 2873 1190 2903 ἀποστέλλωνται
1207 2873 1253 2901 xui
1265 2873 1473 2902 καταϐαίνωσιν.
