1926 3062
110 229 164 257 257

483 229 511 258 S.
526 227 651 258 MAXlMl
670 227 816 258 SCHOLIA
834 225 868 256 IN
886 226 950 256 LIB.
973 227 1018 254 DE
1037 227 1164 255 DlVl‘NlS
1182 225 1379 257 NOMlNlBUS.

1686 231 1738 259 258

110 288 151 318 εἰς
173 287 258 314 ἑαυτὰ
281 289 529 324 ὲπαναστρέφουσιν
543 289 700 322 ἀνεξόδευτα
716 288 831 316 ἑαυτῶν.
848 289 890 315 Κα

954 287 1063 322 quidem
1078 287 1116 314 ita
1131 294 1160 314 se
1175 287 1276 314 habent
1291 287 1318 314 in
1335 287 1524 322 incorporeis;
1539 288 1629 315 status
1647 292 1737 316 autem

108 331 197 359 ταῦτα
210 333 258 368 μὲν
276 333 323 360 ἐπὶ
337 333 392 360 τῶν
411 334 572 370 ἀσωμάτων·
590 336 684 366 στάσις
696 335 725 361 δὲ
737 335 784 361 καὶ
795 334 900 370 κίνησις

108 378 157 405 ἐπὶ
181 379 236 406 τῶν
262 379 395 413 σωμάτων
419 380 590 416 νοηθήσεται,
617 381 749 417 μενούσης
779 380 828 416 μὲν
851 380 900 416 τῆς

108 424 177 460 ὕλης
199 426 228 452 ὲν
252 426 437 462 ὑποκειμένῳ·
460 427 624 462 κινουμένης
651 427 679 454 δὲ
722 428 762 459 εἰς
780 427 830 459 τὰς
843 427 899 454 τῶν

109 471 261 506 γινομένων
282 472 303 487 ⁶¹
325 471 355 504 ἐξ
372 472 456 508 αὐτῆς
473 473 577 508 τροπὰς
593 473 641 500 καὶ
662 472 832 508 μεταλλαγὰς
847 478 900 499 σω-

110 517 205 552 μάτων
224 517 353 553 ἐμψύχων
371 526 401 544 τε
417 518 465 545 καὶ
479 516 602 554 ἀψύχων.

145 563 301 597 κυκλικῶς
317 564 384 599 μέν.
405 564 561 600 Σημείωσαι
581 565 639 596 πῶς
655 565 791 592 κινοῦνται
805 564 840 591 τὰ
854 565 899 591 οὑ·-

108 609 191 646 ράνια
203 610 349 643 κυκλικῶς,
359 611 406 638 καὶ
419 612 479 638 κατ’
490 611 596 638 εὐθεῖαν
610 612 657 638 καὶ
671 610 832 642 ἐλικοειδῶς·
851 611 898 638 καὶ

107 655 169 688 πῶς
182 657 281 683 νοεῖται
296 656 384 692 ψυχῆς
397 656 546 693 ἑλικοειδὴς
557 657 674 693 κίνησις.

311 713 343 741 Οἱ
358 713 424 741 θεῖοι
439 714 498 746 νόες
510 715 648 742 κινοῦνται
663 716 687 731 ⁶¹

144 771 165 807 ἢ
179 773 338 807 κυκλικῶς,
367 774 386 809 ἣ
402 773 465 801 κατ’
481 774 609 807 εὐθεῖαν,
640 775 659 808 ἢ
681 773 859 808 ἐλικοειδῶς.

146 819 253 854 Ψυχῆς
271 820 306 847 δὲ
330 821 458 855 κίνησις.
481 820 590 858 Ἐπειδὴ
613 822 674 854 καὶ,
691 822 729 854 ὼς
745 822 801 849 ἄνω
828 829 897 858 προ-

106 865 283 902 εγράψαμεν,
299 866 379 902 νοερὰ
394 866 443 903 μέν
459 867 512 894 εἰσι
526 867 560 894 τὰ
574 868 685 894 νοοῦντα
695 876 702 883 ο
721 868 803 903 νοητὰ
818 868 846 894 δὲ
862 868 896 895 τὰ

104 912 254 947 νοούμενα·
272 913 358 949 τροφὴ
378 913 406 940 δὲ
421 913 476 940 τῶν
493 914 594 949 νοερῶν
611 913 645 940 τὰ
667 915 766 950 νοητά·
784 912 897 947 εἰκότως

951 335 979 359 et
997 336 1088 359 motus
1102 332 1131 359 in
1145 332 1307 367 corporibus
1324 333 1500 368 intelligetur,
1531 336 1658 360 manente
1676 334 1736 368 qui-

949 377 1010 405 dem
1024 377 1051 404 in
1071 377 1196 413 subjecto
1220 378 1349 411 materia;
1365 382 1439 405 mota
1454 385 1520 406 vero
1540 378 1568 406 in
1586 379 1683 407 modos
1710 383 1738 406 et

952 423 1114 451 mutationes
1141 431 1288 458 corporum
1324 424 1506 452 animatorum
1541 429 1569 452 et
1603 426 1738 454 inanimo-

951 475 1023 497 rum.

983 557 1157 586 Circulariter
1170 558 1286 594 quidem.
1317 559 1386 587 Nota
1405 560 1542 595 quomodo
1561 561 1683 589 cmlestia
1709 562 1738 589 in

948 604 1041 632 orbem
1056 609 1227 637 moveantur,
1242 610 1269 633 et
1284 609 1359 633 recta
1373 610 1401 633 et
1415 605 1524 642 oblique
1539 614 1545 632 :
1558 612 1586 635 et
1598 607 1736 643 quomodo

947 650 1118 685 intelligatur
1131 655 1223 678 motus
1239 651 1336 679 animae
1351 651 1489 687 obliquus.

1141 706 1246 735 Divina;
1260 712 1364 736 mentes
1380 713 1524 736 moventur

946 762 1000 789 Aut
1015 763 1041 790 in
1056 762 1156 796 orbem,

984 818 1062 855 135
1076 819 1167 846 Animi
1189 824 1277 847 autem
1293 824 1389 847 malus.
1406 819 1646 856 Quandoquidem,
1664 821 1736 848 sicut

947 867 1029 893 etiam
1045 872 1129 901 supra
1143 865 1318 900 scripsimus,
1335 866 1416 901 νοερά
1432 869 1496 893 sunt
1510 873 1541 894 ea
1555 874 1615 901 quae
1630 867 1736 894 intelli-

946 915 1028 946 gunt;
1042 910 1127 947 νοητά
1141 918 1209 939 vero
1220 919 1281 946 qua:
1293 910 1498 946 intelliguntur;
1510 912 1668 940 alimentum
1684 920 1735 939 au-

1281 769 1328 791 aut
1344 769 1427 797 recta,
1562 770 1608 792 aut
1622 766 1735 801 oblique.

106 955 154 985 οὖν
168 959 214 985 ἐπὶ
229 958 318 995 ψυχῆς
335 959 431 995 νοερᾶς
447 967 514 995 φησι
530 959 659 995 δυνάμεις
680 958 778 995 αὐτῆς,
792 960 829 992 ὡς
847 960 890 995 μό-

948 961 1001 984 tem
1028 956 1239 991 intelligentium
1264 961 1328 985 sunt
1352 957 1552 993 intelligibilia;
1576 959 1676 986 merito
1706 959 1736 987 in

106 1012 152 1029 νον
166 1003 277 1038 νοούσης
292 1003 328 1030 τὰ
342 1003 565 1039 ὑπερὸεϐηκόταο
579 1002 648 1040 αῦτη
660 1003 714 1039 γὰρ
731 1004 776 1031 ὑπ’
790 1005 896 1037 οὐδενὸς

107 1050 226 1076 νοεῖται”
244 1049 291 1076 καὶ
308 1049 417 1077 πάντων
432 1050 486 1077 τῶν
502 1049 605 1085 νοητῶν
620 1050 720 1085 ὲσχάτη
734 1050 801 1078 ἐστί.
813 1051 897 1078 Δυνά-

108 1103 170 1130 μεις
183 1095 211 1122 δέ
226 1096 278 1122 εἰσι
294 1095 382 1132 ψυχῆς
398 1096 426 1122 αἱ
444 1095 513 1132 πρὸς
532 1095 581 1127 τὰς
597 1095 737 1131 αἰσθήσεις
748 1095 896 1133 ἐπιτηδειό-

105 1149 197 1177 τητες.

150 1229 341 1263 Ἑλικοειῦῶς.
365 1230 446 1266 Ὁρᾷς
467 1230 590 1258 ἐντεῦῦεν
601 1252 608 1264 ,
630 1231 700 1267 πόση
715 1231 829 1268 διαφορὰ
843 1231 895 1268 ψυ-

105 1276 158 1312 χῆς
174 1275 241 1312 πρὸς
254 1276 287 1303 τὰ
307 1277 403 1312 νοητά·
422 1277 456 1304 τὰ
472 1278 520 1313 μὲν
540 1277 594 1313 γὰρ
607 1278 707 1313 νοερῶς
719 1278 765 1305 καὶ
776 1278 893 1311 ἐνιαίως,

103 1322 228 1349 τουτέστι
251 1323 321 1349 κατὰ
347 1323 446 1359 ἀθρόαν
467 1323 609 1359 ὲπιῦολὴν,
632 1324 687 1350 νοεῖ
700 1323 750 1355 τὰς
766 1324 895 1359 ὑπερκει-

106 1368 191 1404 μένας
207 1368 282 1401 Θείας
298 1369 444 1405 ὲλλάμψεις
454 1390 462 1403 ,
478 1369 549 1396 κατὰ
565 1369 595 1396 τὸ
609 1370 697 1396 αὐτῶν
713 1370 811 1405 μέτρον
825 1371 893 1397 ἀπο-

104 1414 326 1450 καλυπτομένας⁶
344 1416 360 1451 ἡ
381 1415 410 1441 δὲ
432 1415 504 1451 ψυχὴ
521 1415 638 1450 λογικῶς
656 1416 704 1443 καὶ
725 1415 893 1450 διεξοδικῶς,

103 1461 243 1487 τουτέστιν
259 1462 300 1493 εἰς
318 1461 417 1497 μερικὰ
441 1461 624 1497 μεριζομένη,
648 1462 697 1488 καὶ
723 1462 755 1488 ὲκ
778 1462 894 1498 μετοχῆς

103 1506 297 1543 διδασκομένη·
324 1508 338 1534 ὁ
361 1508 415 1544 γὰρ
440 1506 516 1539 νοῦς,
541 1509 581 1540 εἰς
605 1508 750 1544 λογισμοὺς
777 1508 891 1541 κατιὼν,

102 1554 185 1580 οἱονεὶ
202 1554 340 1590 μερίζεται
360 1554 407 1581 καί
425 1554 512 1581 δέεται
533 1553 580 1581 τοῦ
596 1555 640 1582 διὰ
657 1554 788 1582 πλειόνων
802 1563 892 1590 παρα-

103 1598 257 1635 δειγμάτων
272 1600 464 1634 διεξοδεύοντος
476 1600 554 1635 λόγου
572 1601 641 1637 πρὸς
655 1601 824 1637 παράστασιν
843 1600 891 1628 τοῦ

103 1645 264 1681 νοουμένου,
294 1646 324 1672 τὸ
347 1645 586 1682 ὑπεραναὸεὸηκός
599 1647 632 1674 ⁸³.
655 1647 820 1682 Συμμίκτως
843 1645 891 1675 οὗν

103 1693 210 1728 ἐνεργεῖ
223 1693 240 1728 ὴ
254 1692 326 1729 ψυχὴ
338 1693 385 1720 καὶ
401 1693 600 1728 μεταϐατικῶς,
611 1693 655 1720 ὅτε
670 1693 718 1721 καὶ
734 1694 803 1724 νοεῖ·
813 1693 891 1720 τοῦτο

101 1738 158 1774 γὰρ
170 1739 268 1765 οἰκεῖον
283 1739 381 1775 ψυχῆς,
399 1739 446 1766 καί
462 1739 506 1766 ὅτε
521 1739 620 1773 ἔξωθεν
631 1739 677 1766 ἐπὶ
690 1738 723 1766 τὰ
739 1738 891 1775 ὑψηλότερα

102 1786 327 1820 χειραγωγεὴαιβ
345 1786 377 1812 ὲκ
391 1785 446 1821 γὰρ
458 1785 513 1812 τῶν
529 1785 673 1822 ἀλλοτρίων
687 1785 835 1812 ἀναϐαίνει.

269 1931 302 1957 Δί
317 1930 401 1966 ψυχαὶ
417 1931 444 1958 αἱ
458 1931 565 1966 λογικαὶ
580 1932 716 1960 κινοῦνται

103 1985 124 2022 ᾖ
137 1985 294 2020 κυκλικῶς,

140 2044 255 2071 Τούτων
267 2043 333 2077 οὖν,
352 2044 401 2071 καὶ
419 2043 478 2071 τῶν
495 2045 601 2079 alca-nt
608 2043 655 2072 ἦν.
672 2045 759 2080 Ὅρα,
777 2046 818 2072 ὅτι
842 2047 889 2073 καὶ

368 1988 388 2022 ἢ
399 1987 579 2021 eumuan
648 1989 668 2023 ἢ
683 1988 746 2016 κατ’
760 1989 888 2017 εὐθεῖαν.

101 2089 157 2116 τῶν
177 2089 313 2126 αἰσθητῶν
329 2091 403 2126 τρεῖς
418 2099 501 2126 φησιν
524 2087 592 2117 εῖναι
615 2090 666 2122 τὰς
688 2092 822 2127 κινήσεις·
839 2092 888 2128 τὴν

101 2136 259 2171 κυκλοειδῆ,
276 2137 323 2163 καὶ
336 2136 386 2172 τὴν
398 2136 530 2172 ἑλικοειδῆ
544 2156 551 2168 ,
565 2137 613 2163 καὶ
627 2137 677 2172 τὴν
691 2138 750 2164 κατ’
766 2137 886 2164 εὐθεῖαψ

101 2182 277 2218 προαγόμεθα
291 2182 319 2209 δὲ
333 2182 434 2214 ταύτας
444 2184 514 2209 νοεῖν
527 2184 559 2210 ὲκ
569 2182 624 2211 τῶν
633 2183 696 2218 περί
710 2183 799 2219 ψυχῆς
813 2185 889 2220 εἰρη-

102 2228 204 2264 μένωνε
221 2228 352 2264 κυκλικὴν
375 2229 424 2264 μὲν
442 2228 541 2264 αὐτὴν,
559 2229 623 2256 ὅταν
638 2229 672 2256 τὰ
686 2229 802 2265 αἰσθητὰ
818 2230 888 2257 αὐτὰ

947 1002 1039 1030 anima
1071 1002 1240 1037 intelligente
1265 1002 1409 1031 facultates
1431 1003 1492 1037 ejus
1524 1003 1618 1036 affert,
1642 1009 1736 1040 utpote

946 1051 1053 1075 tantum
1065 1048 1258 1076 excellentiora
1273 1049 1464 1084 intelligentis;
1479 1049 1535 1076 haec
1544 1050 1617 1077 enim
1632 1057 1647 1077 a
1659 1051 1736 1080 nullo

946 1093 1126 1129 intelligitur,
1151 1094 1329 1129 omniumque
1354 1094 1566 1130 intelligibilium
1604 1099 1646 1123 est
1661 1104 1733 1134 post-

948 1148 1031 1169 rema.
1059 1138 1215 1168 Facultates
1234 1147 1316 1175 porro
1341 1140 1438 1168 animm
1463 1144 1546 1173 sunt,
1568 1141 1735 1176 aptitudines

945 1189 1015 1221 aptae
1030 1186 1064 1213 ad
1080 1194 1211 1214 sensuum
1227 1186 1396 1214 functiones.

982 1231 1102 1268 Oblique.
1122 1231 1191 1259 Hinc
1208 1232 1285 1260 vides
1299 1236 1402 1267 quanta
1414 1231 1451 1259 sit
1466 1231 1619 1260 differentia
1635 1234 1735 1262 anima

944 1277 979 1305 ab
1003 1277 1222 1314 intelligibilibus
1238 1287 1245 1306 :
1263 1278 1321 1305 haec
1347 1277 1440 1310 enim,
1463 1278 1684 1306 intellectualiter
1705 1284 1734 1307 et

944 1324 1031 1356 unite,
1049 1324 1101 1352 hoc
1117 1328 1174 1358 ,est
1196 1323 1278 1351 celeri
1299 1331 1347 1352 seu
1367 1323 1485 1359 simplici
1511 1324 1612 1352 mentis
1632 1332 1734 1359 apprc-

943 1370 1092 1402 bensione,
1122 1370 1279 1406 superiores
1304 1369 1412 1397 divinas
1438 1370 1595 1406 intelligunt
1611 1370 1734 1398 illustra—

944 1415 1044 1448 tiones.
1063 1423 1124 1451 qua:
1138 1423 1189 1451 pro
1204 1415 1326 1450 ipsorum
1341 1420 1424 1450 captu
1444 1416 1603 1444 revelantur
1617 1425 1624 1444 :
1640 1416 1733 1443 anima

942 1469 1022 1495 vero,
1037 1461 1248 1489 ratiocinatione
1259 1464 1286 1489 et
1300 1461 1439 1493 discursu.
1456 1461 1483 1489 id
1498 1462 1585 1489 est'in
1609 1463 1733 1497 particu-

943 1507 1013 1535 laria
1024 1507 1129 1541 divisa,
1143 1511 1225 1543 atque
1240 1515 1274 1535 ex
1289 1507 1537 1536 communicatione
1544 1507 1733 1536 addiscens'm-

943 1552 1054 1588 telligit.
1066 1552 1143 1581 Mens
1157 1553 1242 1586 enim,
1260 1552 1295 1580 ad
1310 1553 1535 1581 ratiocinationes
1550 1554 1731 1587 descendens,

944 1599 1037 1635 aliquo
1051 1599 1132 1627 modo
1142 1599 1273 1627 dividitur
1286 1603 1314 1627 et
1328 1599 1453 1635 pluribus
1467 1601 1669 1635 exemplaribus
1682 1609 1732 1629 seu

919 1646 927 1656 ‘
942 1646 1085 1682 speciebus
1096 1646 1209 1682 indiget,
1224 1645 1330 1674 ratione
1343 1645 1515 1673 discurrente
1530 1649 1559 1673 ut
1573 1646 1690 1675 sublime
1701 1652 1731 1675 et

941 1691 1139 1720 transcendens
1171 1691 1240 1719 illud
1273 1691 1345 1727 quod
1373 1691 1510 1727 cogitatur
1540 1697 1730 1727 repraesentet.

941 1737 1013 1773 Ergo
1029 1738 1120 1765 anima
1147 1737 1312 1766 commistim
1338 1741 1366 1765 et
1390 1737 1572 1765 transcursim
1590 1742 1730 1773 operatur,

941 1783 1024 1811 etiam
1041 1783 1150 1819 quando
1167 1783 1389 1811 intellectualiter
1403 1783 1550 1818 intelligit:
1570 1783 1624 1811 hoc
1642 1784 1730 1820 siqui-

941 1830 1002 1858 dem
1018 1830 1116 1857 animaa
1130 1829 1281 1866 proprium,
1293 1829 1404 1864 quando
1415 1834 1492 1857 extra
1507 1837 1538 1857 se
1553 1829 1587 1856 ad
1603 1830 1731 1858 sublimia

940 1875 1063 1903 elevatur
1078 1884 1085 1902 :
1104 1882 1137 1903 ex
1153 1875 1251 1903 alienis
1265 1875 1338 1902 enim
1354 1874 1488 1903 ascendit.

1117 1932 1224 1959 Anima:
1239 1931 1388 1959 rationales
1404 1937 1547 1960 moventur

940 1988 992 2015 Aut
1007 1988 1035 2015 in
1050 1987 1150 2021 orbem,
1275 1992 1322 2014 aut
1338 1987 1452 2023 oblique,
1580 1993 1627 2017 aut
1645 1996 1728 2018 recta.

976 2056 1079 2083 Horum
1099 2056 1196 2092 igitur,
1217 2056 1258 2083 uti
1277 2060 1302 2083 et
1323 2056 1470 2085 aemilium.
1496 2056 1631 2089 Adverte,
1656 2057 1727 2092 quod

938 2101 1020 2129 etiam
1026 2102 1101 2130 dicat
1112 2105 1169 2130 tres
1181 2108 1243 2129 esse
1255 2102 1395 2130 sensilium
1404 2102 1549 2135 motiones,
1557 2103 1729 2136 circularem,

938 2147 1078 2183 obliquam
1088 2151 1116 2175 et
1126 2150 1229 2175 rectam
1243 2157 1250 2174 :
1267 2147 1463 2182 persuademur
1474 2151 1564 2175 autem
1572 2156 1604 2176 ex
1619 2148 1654 2176 iis
1666 2156 1727 2183 quae

937 2193 972 2220 de
987 2193 1078 2221 anima
1092 2193 1165 2220 dicta
1180 2196 1255 2224 sunt,
1264 2193 1427 2228 intelligere,
1440 2194 1600 2221 circularem
1615 2194 1726 2229 quidem

937 2246 1011 2271 eam,
1021 2238 1250 2274 quandosensilia
1265 2238 1416 2266 secundum
1431 2239 1558 2273 proprias
1569 2239 1685 2267 virtutes
1699 2243 1727 2266 et

100 2274 172 2302 κατὰ
194 2275 245 2307 τὰς
267 2275 369 2307 οἰκείας
391 2275 520 2311 δυνάμεις
541 2277 589 2303 καὶ
613 2276 758 2312 ποιότητας
773 2277 884 2312 ἐνεργῇ-

946 2283 1086 2318 qualitates
1102 2287 1261 2318 operantur,
1279 2286 1309 2310 ut
1331 2283 1402 2317 ignis
1417 2282 1581 2310 calefaciens
1591 2302 1599 2315 ,
1614 2286 1642 2311 et
1656 2291 1726 2319 aqua

100 2319 156 2347 οἷον
172 2321 227 2358 πῦρ
242 2321 403 2358 θερμαῖνον,
422 2323 469 2349 καὶ
489 2322 562 2358 ὕδωρ
578 2322 679 2358 ψῦχον,
702 2323 750 2350 καὶ
769 2323 804 2350 τὰ
824 2322 887 2359 ἑξῆς

99 2368 215 2403 ὁμοίως·
234 2369 414 2401 ἐλικοειδῶςθδ
432 2369 474 2401 δὲ,
487 2370 551 2396 ὃταν
573 2369 762 2405 μεταϐατικῶς
776 2371 885 2406 ἐνεργῇ,

99 2411 154 2441 οἷον
177 2414 207 2446 ἐξ
230 2415 332 2442 ὑδάτων
357 2415 461 2450 ἰχθύες,
478 2415 525 2443 καὶ
549 2415 672 2448 πετεινὰ,
693 2415 742 2443 καὶ
755 2417 772 2451 ή
790 2416 886 2451 ῥάϐδος

99 2460 239 2492 Μωῡσέως
249 2461 290 2492 εἰς
302 2461 378 2496 ὅφιν,
391 2461 438 2488 καὶ
452 2461 488 2488 τὰ
506 2461 618 2488 τοιαῦτα
628 2470 634 2477 ·
648 2463 710 2488 κατ’
723 2461 831 2489 εὐθεῖαν
844 2462 883 2494 δὲ,

97 2507 162 2534 ἄταν
176 2505 253 2540 αὖθις
268 2509 309 2540 εἰς
323 2508 374 2540 τὰς
387 2507 490 2539 οἰκείας
500 2507 585 2544 ἀρχὰς
595 2507 741 2544 ἀνατρέχῃ,
756 2504 811 2534 οἷον
820 2507 884 2535 ὅταν

99 2553 169 2588 μετὰ
182 2553 301 2580 διάλυσιν
317 2553 370 2581 τῶν
386 2553 536 2590 γινομένων
561 2553 641 2581 πάλιν
657 2555 697 2586 είς
711 2554 745 2581 τὰ
765 2554 884 2590 στοιχεῖα

96 2600 132 2628 τὰ
146 2600 312 2636 φθειρόμενα
327 2600 486 2636 ἀναλύηται.

132 2647 187 2674 Καὶ
209 2648 340 2682 κίνησιν.
358 2647 472 2682 Κίνησιν
496 2647 529 2674 ἄν
546 2655 589 2678 τις
612 2646 762 2682 προαχθείη
786 2646 881 2682 νοῆσαι

96 2693 150 2720 τῶν
164 2693 300 2728 αἰσθητῶν
314 2693 363 2729 τὴν
375 2693 517 2720 ἀλλοίωσιν
535 2693 582 2720 καὶ
597 2693 647 2729 τὴν
665 2693 767 2728 φθοράν
776 2701 783 2708 ·
806 2692 836 2725 ἐξ
850 2689 883 2720 οὗ

97 2739 150 2775 γὰρ
165 2741 182 2775 ὴ
199 2739 302 2772 στάσις,
318 2739 420 2766 τούτων
444 2739 569 2775 σημαίνει
583 2739 632 2774 τὴν
647 2739 769 2774 γένεσιν,
783 2738 884 2775 πρόδη-

938 2327 1122 2363 refrigerans,
1159 2327 1268 2362 aliaque
1299 2327 1447 2361 similiter;
1477 2327 1588 2362 oblique
1616 2332 1724 2361 autem,

938 2373 1049 2409 quando
1080 2373 1295 2401 transcurrendo
1322 2377 1487 2408 operantur.
1518 2377 1548 2400 ut
1575 2374 1666 2409 pisces
1690 2383 1725 2403 ex

937 2419 1015 2454 aquis
1030 2438 1037 2451 ,
1052 2422 1079 2446 et
1091 2418 1219 2446 volucres
1231 2438 1238 2451 ,
1255 2421 1336 2453 atque
1352 2419 1428 2454 virga
1449 2418 1550 2454 Moysis
1569 2418 1598 2446 in
1613 2427 1725 2455 serpen-

936 2469 1004 2498 tem,
1017 2471 1050 2491 ac
1066 2463 1183 2497 similia;
1199 2467 1275 2491 recta
1290 2471 1366 2497 vero,
1380 2464 1489 2499 quando
1503 2471 1599 2492 rursus
1612 2464 1646 2492 ad
1660 2473 1726 2500 pro-

936 2510 996 2545 pria
1002 2509 1074 2538 redit
1086 2509 1231 2546 principia,
1239 2514 1357 2544 utquum
1364 2517 1424 2545 quae
1430 2514 1652 2548 corrumpuntur,
1661 2515 1724 2546 post

936 2555 1147 2583 dissolutionem
1166 2561 1223 2582 suae
1243 2558 1359 2588 natum,
1376 2555 1474 2582 iterum
1490 2554 1517 2582 in
1528 2554 1664 2582 elementa
1679 2563 1724 2583 re-

936 2601 1090 2630 solvuntur.

970 2646 1010 2673 Ac
1022 2649 1131 2673 malum.
1149 2645 1250 2673 Motum
1265 2644 1413 2673 crediderit
1425 2644 1487 2680 quis
1504 2651 1565 2672 esse
1579 2643 1722 2672 sensilium

936 2691 1125 2720 alterationem
1148 2695 1175 2719 et
1191 2691 1412 2726 corruptionem:
1425 2698 1458 2718 ex
1473 2697 1528 2725 quo
1542 2690 1614 2717 enim
1631 2693 1722 2717 statua

936 2737 1071 2774 signiﬁcat
1098 2737 1197 2765 horum
1224 2738 1428 2774 generationem
1475 2735 1648 2763 manifestum
1676 2738 1720 2769 est

551 2847 669 2877 VARUE
688 2848 880 2878 LECTIONES
898 2849 951 2887 ET_
960 2849 1240 2879 CORRECTIONES.

125 2937 146 2952 “
158 2937 311 2971 γινομένας.
345 2937 366 2953 ⁴¹
387 2937 418 2963 Ἦ
427 2935 480 2963 τῶν
493 2936 570 2964 θείων
588 2935 656 2964 νοῶν
667 2936 782 2971 κίνησις.
818 2936 841 2953 ⁸³
855 2935 1034 2972 ὐποσεόηινίς.
1067 2936 1091 2953 ⁸*
1106 2935 1248 2971 ἑλικοειδῆ,
