1923 3064
197 217 250 244 259

198 273 273 310 quod
291 276 382 300 motus
398 270 569 298 contrarium
590 268 737 295 ostendat:
754 271 820 295 nota
841 267 924 302 igitur
942 273 986 298 ea,
1003 269 1024 296 Α

198 328 259 356 quae
283 319 435 346 alterantur
455 321 482 344 et
512 319 746 350 corrumpuntur,
763 322 797 341 ex
821 313 897 348 ipso,
914 315 941 340 et
961 313 988 339 in

199 367 270 402 ipso,
287 373 319 392 ac
334 365 361 391 in
377 365 466 399 ipsum
481 363 628 397 respicere.

235 412 315 447 136
336 411 448 444 Propter
468 409 537 444 quod
561 413 647 435 δίαινε
675 407 771 434 omnis.
791 406 906 442 Propter
917 405 990 441 quod

198 462 241 485 est
257 459 358 484 bonum
375 461 401 484 et
416 456 573 491 pulchrum.

235 503 318 531 Omne
332 510 429 533 unum,
445 506 469 528 el
487 499 639 526 multitudo.
668 498 812 531 Quomodo
826 498 992 532 intelligetur

199 558 280 578 omne
293 556 376 576 unum
392 552 418 575 et
446 546 610 574 multitudo?
632 544 760 580 Suppone
785 544 916 571 mundum
930 544 991 570 uni-

198 604 310 624 versum
326 602 451 630 magnam
464 601 525 620 esse
537 593 677 623 arborem,
696 599 757 626 qua:
771 591 797 618 in
813 591 870 618 suis
884 591 990 617 anima-

200 642 235 669 tis
251 641 375 676 partibus
389 639 473 666 veluti
499 638 632 672 stirpibus
655 641 682 664 et
707 637 883 667 caudicibus,
907 643 939 663 ac
964 636 991 663 in

199 686 319 721 partium
340 685 465 720 partibus
484 683 566 710 veluti
589 683 683 714 ramis,
702 681 864 709 ramusculis
877 685 903 708 et
920 680 992 707 foliis

199 732 290 767 aliquo
311 731 390 758 modo
409 730 481 756 vivat
504 730 513 764 (
529 729 551 756 si
567 729 639 756 enim
665 727 878 762 unumquodque
893 727 991 754 horum

199 781 330 812 tanquam
349 777 376 803 in
405 784 435 803 se
452 774 603 810 perfectum
630 774 731 800 animal
748 773 900 808 reputaris,
918 772 991 808 quod

200 825 352 851 unitionem
370 830 401 850 ac
418 822 554 853 ordinem,
574 821 724 848 secundum
739 828 819 854 quem
836 819 918 846 arbor
932 820 991 853 ipsa

200 871 228 897 in
246 877 276 897 se
291 874 318 897 et
332 877 394 896 cum
411 869 469 896 suis
486 868 611 902 partibus
628 867 706 898 vivit,
724 867 750 893 in
765 870 822 893 toto
838 870 939 898 servet;
954 865 991 892 ita

198 917 311 948 vivunt,
328 923 389 951 quat
413 914 570 948 intelligunt
590 913 813 940 intellectualiter
826 916 853 938 et
871 913 991 938 rationa-

198 962 292 990 bilitcr
308 963 365 989 sive
381 969 443 988 cum
475 959 684 987 ratiocinatione
695 979 702 990 ,
720 959 800 985 bruta
817 965 882 985 vero
903 957 992 985 sensi-

200 1008 273 1039 liter,
287 1007 408 1034 inanima
434 1009 524 1033 autem
539 1009 566 1032 et
582 1005 695 1039 spiritus
712 1004 844 1039 expertia,
861 1003 1003 1037 naturali-q

200 1058 243 1081 ter
258 1062 289 1081 ac
306 1052 513 1085 liabitualiter).
530 1055 612 1086 atque
628 1051 654 1077 in
678 1058 707 1078 se
723 1052 834 1082 vivens,
851 1049 922 1076 sicut
935 1049 993 1076 dixi

202 1099 419 1134 unumquodque
436 1099 527 1125 vivere
537 1118 544 1129 ,
561 1101 588 1124 et
600 1105 662 1123 cum
678 1101 735 1124 tolo
749 1100 839 1131 partes
853 1096 994 1123 universa-

200 1146 286 1179 iiuln,
303 1152 455 1180 cognosces
478 1144 561 1171 totius
587 1143 614 1169 in
635 1150 689 1169 uno
705 1150 863 1177 compagem
884 1146 911 1169 ct
927 1149 994 1168 con-

200 1191 318 1221 victum,
335 1191 453 1224 itemque
468 1190 494 1216 in
511 1190 686 1216 multitudine
702 1209 708 1218 .
728 1188 844 1223 singulis
856 1193 917 1222 apta
931 1195 994 1222 pro—

201 1237 316 1273 priaque
328 1237 382 1263 vita
397 1236 564 1266 viventibus.
574 1235 739 1262 utdiximus.
755 1234 910 1269 Iterumque
925 1234 948 1261 si
961 1242 993 1261 ex

202 1290 258 1310 uno
269 1286 296 1310 et
316 1284 375 1309 solo
392 1281 446 1309 Deo
470 1286 535 1308 sunt
557 1281 663 1312 omnia,
681 1282 780 1307 merito
801 1281 880 1308 etiam
909 1287 993 1306 unum

201 1328 332 1362 dicuntur
346 1331 457 1362 propter
464 1326 665 1361 colligationem
687 1329 714 1352 et
728 1332 896 1359 compagem,
913 1329 994 1358 atque

203 1374 287 1401 multa
310 1379 420 1410 pr0pler
439 1373 542 1400 variam
559 1373 728 1406 singulorum
742 1371 870 1406 speciem.

237 1420 442 1454 Defimliancm,
459 1419 506 1446 Gr.
527 1419 551 1444 oi
573 1419 640 1453 ὅροι.
661 1418 738 1452 ’Ὁροι
757 1425 803 1444 seu
820 1415 994 1443 delinitiones

203 1469 268 1493 sunt
283 1472 426 1492 sermones
442 1464 488 1499 qui
504 1464 674 1498 singularum
691 1470 783 1490 rerum
805 1466 930 1489 naturam
947 1469 994 1488 ex-

203 1512 316 1547 plicant,
334 1515 416 1546 atque
431 1518 517 1546 genus
533 1513 560 1537 et
572 1509 751 1536 dill'erentiam
766 1512 793 1535 et
808 1508 929 1543 speciem
946 1507 994 1534 de<

203 1559 320 1586 clarant.

239 1603 404 1637 Principium
437 1603 597 1637 exemplare.
635 1600 806 1636 Exemplaris
835 1607 918 1628 causa
945 1607 1031 1643 seuc

202 1649 368 1685 principium
386 1652 429 1676 est
454 1647 520 1675 illud
532 1668 539 1680 ,
556 1647 636 1681 cujus
655 1646 754 1673 intuitu
779 1645 881 1680 aliquid
903 1644 937 1679 (ei
954 1644 993 1671 si-

204 1694 278 1729 mile)
295 1694 332 1721 lit.
350 1693 408 1723 Hoc
418 1699 508 1722 autem
521 1696 562 1722 est
574 1697 620 1719 aut
631 1693 689 1720 idea
703 1698 763 1726 quae
781 1693 823 1717 cst
847 1689 996 1716 inlellcctio

204 1739 337 1774 perfecta,
351 1743 454 1767 aeterna
468 1739 563 1766 aeterni
579 1738 637 1770 Dei,
654 1742 700 1765 aut
714 1736 852 1771 exemplar
863 1739 995 1762 aeternum

205 1786 373 1813 inexsistens
388 1790 502 1818 natum,
511 1786 592 1820 cujus
604 1788 730 1820 respectu
748 1791 793 1810 res
807 1785 888 1814 sunt;
904 1782 996 1808 incor-

205 1837 297 1864 porea:
313 1831 413 1858 etenim
431 1834 495 1858 sunt
519 1830 586 1858 ideae
601 1833 628 1856 et
643 1828 821 1863 exemplaria,
844 1826 932 1854 {inalis
948 1833 996 1852 au-

204 1881 259 1904 tem
271 1883 354 1904 causa
376 1884 424 1903 seu
444 1876 608 1910 principium
627 1878 666 1902 est
689 1875 769 1908 cujus
792 1873 879 1908 gratia
893 1871 996 1907 aliquid

206 1923 356 1958 perﬁcitur,
371 1923 413 1949 vel
430 1922 519 1948 Iinalis
533 1929 616 1948 causa
629 1926 670 1948 est
682 1928 742 1955 quae
759 1920 793 1946 ab
807 1919 904 1946 eﬂ'eetu
922 1926 997 1952 sepa-

206 1968 262 1995 rari
287 1968 402 2002 nequit,
423 1972 470 1994 aut
487 1975 519 1994 ex
532 1974 586 2001 qua
603 1966 754 1994 exsislente
775 1966 877 2000 aliquid
898 1965 942 1996 lit,
968 1969 998 1991 ut

206 2015 397 2042 universorum
414 2015 542 2040 materia.
569 2012 641 2040 Deus
657 2020 721 2039 vero
736 2012 806 2038 hanc
829 2012 911 2038 etiam
933 2019 998 2046 pro-

206 2061 283 2088 duxit
295 2070 302 2093 ;
316 2060 436 2087 eliiciens
451 2064 543 2086 autem
560 2067 642 2086 causa
657 2063 698 2085 est
713 2066 774 2093 qua:
789 2058 823 2084 ab
832 2057 931 2084 effectu
955 2065 996 2084 sev

207 2110 302 2142 parata
315 2110 368 2139 est,
388 2109 418 2132 ut
434 2105 506 2133 Deus
519 2108 545 2132 et
563 2105 653 2132 omnis
666 2112 681 2131 a
695 2112 750 2140 quo
765 2104 865 2139 aliquid
879 2104 918 2130 lit.

1009 943 1029 971 Β

244 2196 278 2223 Et
307 2197 397 2223 omnia
423 2204 482 2231 qum
505 2203 557 2222 non
586 2199 658 2221 sunt.
685 2194 827 2228 Quomodo
851 2202 912 2230 quae
943 2202 998 2221 non

208 2247 273 2270 sunt
293 2243 348 2269 sint
362 2243 388 2269 in
410 2242 491 2273 bono,
508 2242 545 2268 ita
561 2241 682 2276 iutcllige
696 2251 701 2268 :
719 2242 847 2269 nimirum
862 2242 926 2277 quia
943 2242 998 2277 pri-

209 2290 333 2317 vationes
347 2292 411 2316 sunt
425 2289 452 2315 in
468 2289 528 2323 ipso
543 2289 804 2325 superessentiales;
826 2296 914 2323 neque
926 2288 999 2315 enim
1016 2284 1038 2313 D

209 2336 388 2370 privationem
405 2334 521 2362 dixerim
545 2343 606 2362 esse
630 2334 832 2367 substantiam,
850 2335 924 2362 velut
940 2335 998 2362 sine

209 2381 355 2416 principio,
373 2380 602 2415 incorruptibilis,
621 2381 783 2408 immortalis
798 2385 825 2408 et
847 2389 908 2415 quae
921 2381 997 2415 ejus-

209 2428 300 2460 niodi;
318 2436 405 2462 neque
417 2428 489 2454 enim
507 2427 578 2454 Deus
599 2431 642 2454 est
656 2426 726 2453 idem
748 2434 810 2453 cum
828 2427 897 2460 illis,
911 2435 1000 2461 quan-

210 2474 356 2508 doquidem
373 2479 436 2500 ante
450 2482 482 2500 ea
498 2473 629 2505 exsistat;
647 2481 679 2500 ex
695 2473 755 2508 ipso
771 2473 843 2499 enim
859 2474 998 2508 cognitum

210 2524 253 2547 est
277 2520 342 2554 quid
359 2520 416 2546 haec
431 2524 510 2552 sunt;
546 2519 671 2554 equidem
693 2527 781 2553 neque
805 2519 871 2553 quid
888 2527 942 2546 non
965 2520 1000 2546 sit

212 2565 285 2593 Deus
314 2566 391 2600 137
409 2567 564 2597 noscimus,
581 2565 622 2592 vel
640 2566 776 2600 quomodo
794 2565 953 2598 ineiTaliilis,
973 2572 1002 2593 et

212 2611 513 2646 incomprehensibilis;
532 2619 586 2638 non
602 2611 672 2638 enim
693 2612 749 2639 lucc
768 2616 832 2638 sunt
849 2612 909 2646 ejus
925 2613 1000 2647 prin-

213 2657 332 2692 cipium,
348 2658 395 2685 sed
410 2666 442 2685 ex
457 2658 517 2693 ipso
531 2665 537 2682 :
555 2658 613 2692 ipse
638 2657 720 2692 igitur
733 2660 814 2685 etiam
830 2658 916 2693 ipsius
933 2659 1002 2686 nihil

213 2708 256 2731 est
270 2709 376 2736 auctor,
391 2712 453 2731 cum
470 2703 526 2731 sint
542 2703 633 2731 omnia
649 2704 695 2730 illo
707 2705 876 2739 posteriora,
901 2713 1001 2733 secun—

213 2750 278 2778 dum
300 2749 450 2779 exsistendi
473 2755 499 2778 et
522 2757 577 2777 non
599 2749 750 2778 exsistendi
774 2758 886 2778 causam
905 2760 912 2777 :
939 2759 1001 2778 nam

582 210 751 239 APPENDIX
768 210 813 236 AD
828 208 942 237 OPERA
964 209 992 236 S.
1014 208 1164 236 DlUNibll
1182 204 1423 234 AHMH’AUITA‘J.

1779 206 1838 237 260

1038 264 1083 291 λον
1098 264 1168 299 ὠςή
1189 263 1294 298 κίνησις
1317 263 1348 289 τὸ
1375 263 1495 290 ἐναντιον
1514 263 1655 299 ἐμφαίνει⁸
1679 264 1838 300 σημείωσαι

1040 308 1087 336 οὖν
1099 329 1106 341 ,
1126 310 1168 336 ὅτι
1183 310 1231 336 xui
1239 310 1261 325 “
1274 309 1309 336 τὰ
1329 309 1522 344 ἀλλοιούμενα,
1539 310 1585 336 xui
1600 310 1634 336 τὰ
1651 310 1837 347 φθειρόμεναι

1040 356 1070 388 ἐξ
1085 355 1178 387 αὐτοῦ,
1194 356 1241 382 καὶ
1254 355 1288 382 δι’
1307 355 1400 387 αὑτοῦ,
1417 356 1464 382 xui
1479 356 1518 387 εἰς
1529 356 1609 382 αὐτὸν
1624 357 1684 392 ὁρᾷ.

1076 403 1116 429 Δι’
1134 402 1150 428 ὂ
1165 401 1250 429 πᾶσα
1269 401 1389 435 στάσις.
1411 403 1450 428 Δι’
1464 402 1479 427 ὃ
1499 401 1600 436 ἀγαθὸν
1622 403 1668 429 καὶ
1689 402 1771 429 καλὸν
1791 403 1840 438 δη-

1041 448 1141 474 λονὸτι.

1078 493 1142 521 Πᾶν
1154 493 1189 520 ἐν
1203 493 1251 520 καὶ
1270 493 1397 527 πλῆθος.
1420 493 1483 525 Πῶς
1503 493 1666 529 νοηθήσεται
1689 495 1720 520 τὸ
1735 496 1791 521 πᾶν
1808 495 1840 522 ἓν

1041 541 1088 567 καὶ
1107 540 1223 575 πλῆθος;
1240 539 1340 566 ὑπόθου
1360 540 1406 566 τὸν
1423 540 1511 566 πάντα
1528 541 1628 575 κόσμον
1648 541 1732 574 φυτὸν
1748 541 1838 576 μέγα,

1042 586 1102 613 καθ’
1114 586 1162 612 ὅλα
1176 585 1210 612 τὰ
1221 585 1290 620 μέρη
1306 585 1388 611 αὑτοῦ
1403 585 1437 612 τὰ
1459 585 1569 620 ἔμψυχα
1586 586 1639 617 ζῶν
1655 586 1755 621 τρόπον
1765 587 1839 619 τινὰ,

1047 629 1103 658 οἷον
1121 631 1229 667 πρέμνα
1243 631 1290 657 καὶ
1310 631 1421 666 στελέχη
1435 651 1443 663 ,
1465 632 1512 657 καὶ
1527 631 1580 658 τῶν
1597 632 1687 667 μερῶν
1700 632 1734 658 τὰ
1752 633 1838 668 μέρη,

1041 677 1096 705 οἷον
1119 677 1247 709 κλάδους,
1270 678 1423 713 ἀκρέμονάς
1439 686 1468 704 τε
1489 678 1536 704 xui
1556 677 1643 712 φύλλα
1667 679 1706 713 (εἰ
1721 679 1776 714 γάρ
1794 688 1840 714 μοι

1043 724 1146 751 τούτων
1157 724 1270 750 ἕκαστον
1279 721 1333 750 οἷον
1341 723 1484 755 αὐτοτελὲς
1494 723 1562 755 ζῶον
1572 723 1727 757 ὑπολάϐοις,
1736 725 1839 760 τηροῦν

1040 771 1069 798 δὲ
1087 771 1136 806 τὴν
1150 771 1179 796 ἐν
1194 770 1232 806 τῷ
1248 770 1301 805 ὅλῳ
1321 769 1416 796 ἒνωςίν
1433 778 1461 795 τε
1479 769 1524 796 xui
1541 769 1629 802 τάξιν,
1647 770 1712 797 καθ’
1726 771 1759 805 ἣν
1772 771 1840 797 αὑτό

1040 825 1071 843 τε
1087 817 1118 842 τὸ
1134 817 1242 852 δένδρον
1265 816 1298 851 ζῇ
1320 816 1381 842 καθ’
1403 816 1499 848 ἑαυτὸ,
1523 816 1571 842 xui.
1591 816 1659 852 μετὰ
1685 816 1738 843 τῶν
1756 818 1839 844 αὑτοῦ

1044 863 1150 898 μερῶν·
1177 863 1215 895 ὡς
1240 863 1296 889 ἔστι
1314 862 1382 898 ζῇν,
1401 863 1434 889 τὰ
1451 863 1500 898 μὲν
1522 863 1603 898 νοερὰ
1628 863 1728 898 νοερῶς
1747 872 1776 890 τε
1794 859 1843 890 καὶ

1042 909 1159 943 λογικῶς
1169 930 1176 941 ,
1198 909 1233 935 τὰ
1247 909 1274 935 δὲ
1291 909 1377 942 ἄλογα
1392 909 1572 944 αἰσθητικῶς,
1590 909 1624 935 τὰ
1641 909 1670 935 δὲ
1685 909 1776 944 ἄψυχα
1792 908 1842 936 καί

1044 956 1132 983 ᾶπνοα
1144 955 1266 990 φυτικῶς
1278 964 1307 981 τε
1324 955 1371 981 xui
1388 955 1527 990 ἑκτικῶς),
1543 956 1590 982 xui.
1605 955 1659 987 ζῶν
1672 955 1732 982 καθ’
1748 955 1841 990 ἑαυτὸ,

1044 1004 1081 1034 ὡς
1103 1003 1170 1038 ἔφην
1195 1003 1309 1029 ἕκαστον
1331 1001 1380 1037 ζῇν
1402 1003 1449 1029 xui.
1464 1002 1532 1037 μετὰ
1548 1001 1595 1028 τοῦ
1613 1002 1675 1029 ὅλου
1693 1003 1838 1038 κινητικῶς

1044 1049 1078 1076 τὰ
1096 1050 1166 1085 μέρη
1183 1049 1250 1085 μετὰ
1264 1048 1317 1075 τῶν
1332 1048 1494 1080 καθολικῶν,
1506 1048 1598 1084 γνώσῃ
1614 1048 1661 1075 τοῦ
1674 1049 1775 1080 παντὸς
1790 1049 1836 1084 τὴι

1045 1096 1084 1128 εἰς
1102 1096 1132 1122 τὸ
1155 1095 1184 1123 ἓν
1210 1095 1348 1131 συμφυΐαν
1363 1103 1394 1121 τε
1410 1095 1457 1121 καί
1473 1095 1586 1130 σύζησιν
1598 1115 1605 1126 ,
1623 1095 1670 1122 καὶ
1684 1095 1732 1130 τὴν
1750 1096 1790 1126 εἰς
1808 1099 1842 1126 τδ

1045 1141 1157 1177 πλῆθος,
1173 1142 1209 1173 ὡς
1225 1142 1340 1168 ἑκάστου
1355 1142 1520 1177 προσφόρως
1530 1150 1559 1168 τε
1577 1142 1623 1168 xui.
1641 1141 1713 1173 ἰδίως
1727 1141 1838 1173 ζῶντος.

1043 1187 1081 1218 ὡς
1098 1187 1211 1223 ἔφημεν.
1230 1188 1284 1213 Ku‘t
1304 1187 1384 1214 πάλιν
1407 1189 1431 1213 εἰ
1457 1187 1487 1220 ἐξ
1512 1188 1572 1219 ἑνὸς
1597 1189 1645 1214 καὶ
1662 1187 1743 1224 μόνου
1767 1187 1838 1214 Θεοῦ
1867 1208 1869 1210 τ

1044 1231 1078 1258 τὰ
1092 1233 1180 1259 πάντα
1190 1253 1197 1264 ,
1218 1232 1330 1264 εἰκότως
1345 1233 1392 1259 xui.
1408 1233 1436 1260 ἓν
1450 1233 1575 1267 λέγονται
1591 1233 1634 1260 διὰ
1651 1234 1699 1269 τὴν
1718 1234 1839 1261 σύνδεσιν

1045 1278 1092 1305 καὶ
1109 1278 1253 1314 ἁρμονίαν,
1272 1280 1318 1306 καὶ
1336 1278 1437 1315 πλῆθος
1462 1279 1506 1306 διὰ
1522 1279 1572 1314 τὴν
1595 1279 1764 1308 πολυείὁειαν
1786 1280 1839 1307 τῶν

1046 1324 1108 1351 καθ’
1126 1324 1251 1351 ἕκαστον.

1083 1417 1115 1442 Οἱ
1129 1416 1201 1450 ὅροι.
1220 1416 1296 1451 Ὅροι
1309 1416 1378 1442 εἰσὶν
1394 1417 1418 1441 οἱ
1434 1415 1624 1450 ἐρμηνευτικοὶ
1637 1415 1711 1448 λόγοι
1727 1414 1776 1450 τῆς
1786 1415 1833 1441 οὺ-

1047 1462 1106 1494 σίας
1123 1462 1237 1488 ἑκάστου
1250 1461 1304 1488 τῶν
1322 1461 1505 1497 πραγμάτων,
1527 1461 1573 1487 xui
1587 1460 1634 1487 τοῦ
1651 1461 1746 1494 γένους
1757 1481 1764 1493 ,
1782 1461 1828 1487 xui.

1044 1507 1095 1543 τῆς
1110 1508 1250 1544 διαφορᾶς,
1265 1507 1353 1534 καὶτὸ
1364 1507 1389 1533 τί
1406 1508 1464 1533 ἐστι
1479 1506 1630 1542 δηλοῦντες.

1089 1598 1178 1633 Ἀρχὴ
1197 1597 1457 1633 παραδειγματικῂ
1473 1597 1729 1633 Παραδειγματικὸν
1744 1597 1839 1629 αἴτιον,

1046 1645 1104 1680 ἦτοι
1126 1645 1197 1680 ἀρχή
1224 1645 1282 1671 ἐστι
1303 1644 1349 1670 τοῦ
1378 1644 1447 1679 πρὸς
1470 1643 1484 1670 ὅ
1511 1644 1616 1678 γίνεται
1637 1643 1668 1670 τὸ
1684 1643 1838 1678 γινόμενον·

1045 1690 1124 1717 τοῦτο
1139 1690 1167 1717 δέ
1189 1692 1262 1717 ἐστιν
1276 1691 1292 1726 ἢ
1316 1690 1389 1721 ἰδέα,
1414 1690 1475 1724 ἥτις
1491 1689 1550 1715 ἐστί
1567 1689 1659 1725 νόησις
1673 1689 1820 1725 αὐτοτελὴς
1831 1710 1838 1721 ,

1046 1736 1129 1768 ἀΐδιος
1138 1736 1184 1763 τοῦ
1196 1736 1281 1763 ἀϊδίου
1291 1736 1357 1762 Θεοῦ
1366 1745 1372 1750 ·
1385 1736 1402 1770 ἢ
1413 1735 1587 1771 παράδειγμα
1601 1734 1709 1761 αἰώνιον
1722 1735 1840 1766 ἐνεστὼς

1045 1784 1079 1819 τῇ
1103 1783 1200 1818 φύσει,
1225 1783 1293 1818 πρὸς
1309 1782 1324 1809 ὃ
1339 1782 1443 1817 γίνεται
1471 1782 1505 1808 τὰ
1527 1782 1674 1817 γινόμεναι
1701 1780 1840 1816 ἀσώματοι

1046 1829 1101 1865 γὰρ
1130 1830 1158 1856 αἰ
1184 1829 1252 1856 ἰδέαι
1272 1829 1365 1856 καὶτὰ
1382 1828 1608 1864 παραδείγματα·
1633 1827 1739 1854 τελικὸν
1754 1827 1782 1853 δὲ
1797 1827 1840 1854 αἴ-

1046 1885 1102 1903 τιον
1112 1896 1118 1908 ,
1134 1877 1194 1911 ἦτοι
1212 1876 1282 1912 ἀρχή
1299 1877 1388 1907 ἐστιν,
1407 1875 1437 1901 τὸ
1453 1872 1483 1902 οὗ
1499 1875 1580 1901 ἕνεκα
1597 1874 1627 1900 τὸ
1642 1875 1781 1909 γινόμενον
1796 1883 1840 1901 τε-

1047 1922 1180 1948 λειοῦται·
1199 1921 1335 1956 ἢτελικὸν
1363 1921 1448 1948 αἴτιόν
1469 1921 1557 1951 ἐστιν,
1579 1919 1593 1946 ὂ
1614 1919 1763 1955 ἀχώριστόν
1785 1921 1841 1946 ἐστι

1048 1968 1094 1994 τοῦ
1109 1967 1343 2002 ἀποτελέσματος’
1357 1967 1374 2002 ἢ
1391 1966 1420 1999 ἐξ
1436 1963 1467 1992 οὗ
1479 1966 1678 2000 ἐνυπάρχοντος
1692 1965 1796 1999 γίνεται
1810 1965 1841 1991 τὸ

1048 2013 1200 2049 γινόμενον,
1215 2012 1253 2044 ὡς
1268 2012 1284 2047 ἡ
1299 2012 1352 2038 τῶν
1363 2011 1430 2038 ὅλων
1444 2011 1494 2046 ὕλη
1507 2019 1513 2026 ·
1532 2011 1546 2037 ὁ
1560 2011 1588 2037 δὲ
1602 2010 1668 2041 Θεὸς
1679 2010 1726 2036 xui
1739 2010 1841 2045 ταύτην

1050 2061 1208 2096 παρήγαγεν
1228 2058 1368 2093 ποιητικὸν
1382 2058 1410 2084 δὲ
1428 2058 1514 2084 αἰτιόν
1531 2058 1588 2084 ἐστι
1616 2057 1646 2084 τὸ
1672 2062 1840 2092 κεχωρισμέ-

1049 2115 1093 2133 νον
1109 2106 1156 2132 τοῦ
1173 2105 1391 2140 ἀποτελέσματος
1402 2125 1410 2138 ,
1425 2104 1464 2136 ὡς
1480 2105 1494 2130 ὁ
1509 2103 1577 2135 Θεὸς
1591 2124 1598 2135 ,
1613 2103 1660 2130 xui
1677 2104 1731 2134 πᾶς
1748 2103 1792 2137 ὑφ’
1811 2100 1842 2130 οὗ

1049 2152 1151 2187 γίνεται
1166 2152 1196 2178 τὸ
1211 2151 1361 2186 γινόμενον.

1084 2198 1139 2225 Καὶ
1154 2198 1253 2224 πάντα
1269 2198 1305 2224 τὰ
1319 2198 1374 2224 οὐκ
1391 2197 1472 2224 ὄντα.
1490 2197 1552 2228 Πῶς
1566 2196 1601 2223 τὰ
1618 2196 1655 2232 μὴ
1668 2196 1733 2223 ὄντα
1757 2197 1785 2222 ὲν
1801 2196 1842 2232 τῷ

1051 2243 1161 2279 ἀγαθῷ.
1184 2243 1256 2270 οὕτω
1278 2243 1387 2278 νόησον-
1411 2243 1503 2278 ἐπειδὴ
1518 2244 1544 2270 αἱ
1567 2244 1709 2279 στερήσεις
1724 2245 1753 2270 ὲν
1767 2244 1841 2279 αὐτῷ

1052 2292 1119 2316 εἰσιν
1140 2289 1323 2325 ὑπερουσίως’
1347 2289 1408 2315 οὕτε
1424 2289 1478 2324 γὰρ
1502 2289 1536 2316 ἂν
1550 2289 1655 2325 εἴποιμι
1678 2289 1772 2316 οὐσίαν
1793 2289 1841 2325 τὴν

1053 2337 1189 2372 στέρησιν,
1205 2333 1260 2362 οἷον
1274 2337 1401 2371 ἄναρχος,
1414 2335 1561 2372 ἄφθαρτος,
1576 2336 1719 2367 ἀθάνατος,
1733 2336 1780 2362 καὶ
1793 2336 1841 2363 ὅσα

1051 2383 1164 2410 τοιαῦτα
1178 2383 1236 2408 ἐστι
1247 2391 1253 2396 ·
1276 2382 1323 2408 xui.
1336 2381 1391 2416 γὰρ
1407 2381 1456 2408 οὐκ
1477 2381 1535 2408 ἐστι
1551 2381 1638 2408 ταῦτα
1651 2382 1665 2408 ὁ
1679 2382 1746 2413 Θεὸς
1757 2401 1764 2412 ,
1782 2383 1841 2408 ἐπεὶ

1052 2430 1100 2456 καὶ
1111 2429 1163 2463 πρὸ
1172 2428 1273 2454 τούτων
1289 2427 1376 2453 ἐστιν·
1390 2426 1420 2460 ἐξ
1435 2427 1518 2454 αὐτοῦ
1531 2427 1586 2463 γὰρ
1600 2426 1733 2463 ἐγνώσθη,
1745 2428 1770 2453 τί
1784 2429 1840 2454 ἐστι

1052 2474 1137 2501 ταῦτα
1147 2483 1153 2489 ·
1176 2474 1223 2500 xui.
1237 2473 1301 2508 γοῦν
1318 2473 1378 2500 οὐδὲ
1391 2474 1417 2500 τί
1432 2474 1481 2500 οὐκ
1503 2473 1576 2500 ἐστιν
1591 2474 1606 2499 ὁ
1621 2473 1687 2505 Θεὸς
1709 2473 1843 2507 γινώσκο-

1055 2530 1104 2556 μεν
1113 2529 1120 2535 ι
1132 2520 1148 2555 ἢ
1163 2519 1221 2551 πῶς
1234 2519 1351 2555 eremo;
1364 2520 1410 2546 xui
1423 2519 1614 2555 ἁκατάληπτος
1624 2528 1630 2534 ·
1642 2520 1672 2546 οὐ
1688 2520 1742 2555 γὰρ
1757 2519 1839 2548 ταῦτα

1053 2566 1124 2602 ἀρχὴ
1139 2565 1221 2592 αὑτοῦ
1231 2586 1238 2597 ,
1256 2565 1312 2592 ἀλλ’
1328 2566 1357 2598 ἐξ
1371 2565 1453 2592 αὑτοῦ
1462 2574 1468 2580 “
1483 2566 1565 2597 αὐτὸς
1578 2563 1624 2592 οὖν
1637 2567 1683 2592 xui
1694 2566 1741 2592 τοῦ
1759 2567 1835 2602 μηδε-

1052 2613 1096 2644 νὸς
1116 2612 1202 2644 αἴτιος
1223 2612 1331 2639 πάντων
1345 2611 1426 2638 αὑτοῦ
1448 2612 1568 2648 ὑστέρων
1583 2612 1683 2643 ὄντων,
1703 2612 1774 2639 κατὰ
1791 2613 1838 2648 τὴν

1052 2658 1099 2685 τοῦ
1111 2656 1179 2684 εἶναι
1195 2658 1242 2685 καὶ
1260 2658 1296 2694 μὴ
1310 2655 1379 2684 εἶναι
1395 2658 1498 2685 αἰτίαν
1511 2659 1558 2685 xui
1571 2658 1626 2694 γὰρ
1641 2658 1706 2685 αὐτὸ
1715 2658 1745 2684 τὸ
1759 2658 1837 2694 μηδὲν

1054 2704 1179 2740 στέρησίς
1193 2704 1281 2730 ἐστιν·
1296 2704 1351 2739 ἔχει
1367 2703 1422 2740 γὰρ
1436 2706 1466 2730 τὸ
1481 2701 1550 2731 εἶναι
1572 2704 1616 2730 διὰ
1630 2704 1660 2731 τὸ
1674 2703 1757 2740 μηδὲν
1772 2702 1837 2730 εἶναι

1053 2751 1107 2778 τῶν
1120 2751 1219 2778 ὄντων·
1245 2751 1292 2778 xui
1309 2751 1345 2786 μὴ
1368 2750 1406 2777 ὢν
1421 2751 1478 2776 ἐστι
1498 2750 1539 2777 διὰ
1553 2749 1584 2776 τὸ
1596 2748 1666 2778 εἶναι
1690 2755 1734 2777 xu'
1755 2750 1838 2785 ὑπερ-

678 2849 796 2878 ΥΑΒΙᾹΞ
817 2849 1010 2878 LECTIONES
1027 2849 1070 2877 ET
1089 2848 1364 2878 CORBECTIONES.

256 2932 278 2948 "
293 2933 330 2964 ὠς
343 2935 397 2962 καί.
