1923 3064
131 200 184 228 961

507 202 535 228 ὃ.
556 201 679 226 ΜΑΜΜΙ
707 197 854 227 SCHULIA
870 200 902 225 ΙΝ

972 200 988 226 ιι
1009 199 1196 226 Dt'DlVlNlS
1220 199 1420 228 NOMINIBUS.

1713 202 1767 231 262

131 260 212 291 εἶναι,
228 260 317 286 πάντα
329 259 378 291 ῶν,
388 259 426 290 ὡς
438 259 561 295 ποιητὴς,
573 259 621 285 καὶ
637 258 719 294 μηδὲν
733 258 780 289 ὣν,
796 258 834 290 ὼς
846 259 915 294 ὑπερ

980 259 1069 293 ipsum
1094 259 1181 290 nihil,
1197 262 1237 285 est
1259 259 1376 293 privatio
1394 269 1399 286 :
1416 259 1497 286 habet
1511 260 1582 286 enim
1603 268 1680 292 esse,
1697 261 1765 288 nihil

131 305 275 341 6ε6ηκώς”
295 305 395 341 μᾶλλον
407 306 436 331 δὲ
451 305 497 331 καὶ
513 303 761 340 ὑπεραναὸεῧηκὼς
776 305 823 331 καὶ
838 306 923 340 ὑπερ-

131 351 223 383 οὐσιθς
237 351 284 378 ὢν.
303 351 452 386 Ἀνὰγνωθι
472 350 519 378 καὶ
535 352 563 377 ὲν
576 351 615 386 τῷ
629 351 754 387 προτέρῳ
771 351 861 386 φύλλῳ
875 350 923 386 τὴν

131 398 202 433 ἐμὴν
217 398 402 434 παραγραφὴν
418 398 481 433 περὶ
494 396 540 423 τοῦ
558 397 595 432 μὴ
612 397 697 428 ὄντος.

976 312 1071 331 eorum
1086 312 1146 339 qua:
1164 309 1229 332 sunt
1242 306 1409 338 exsistendo,
1423 309 1450 332 et
1462 306 1529 332 nihil
1543 311 1585 334 est
1598 314 1660 334 cum
1674 311 1764 335 tamen

976 351 1013 378 sit
1021 351 1179 378 exsistendo
1188 355 1215 377 et
1223 359 1305 386 supra
1314 352 1482 384 exsistendo,
1493 353 1630 380 exsistens
1636 354 1727 380 omnia
1737 358 1766 380 ut

977 401 1099 429 creator,
1115 401 1143 424 et
1170 397 1238 424 nihil
1260 398 1397 425 exsistens
1423 401 1453 425 ut
1473 399 1690 431 transcenderis;
1711 400 1764 427 imo

132 445 224 478 potius
239 445 521 480 supertranscendens
536 449 564 471 et
577 445 816 480 superessentialis
840 444 987 472 exsistens.
1005 444 1076 480 Lege
1105 445 1186 472 etiam
1213 445 1241 471 in
1257 445 1342 480 priori
1359 445 1425 473 folio
1437 454 1525 473 meam
1553 446 1587 474 de
1618 454 1674 474 non
1702 450 1762 474 entr

131 491 362 519 observationem.

168 537 223 563 Kal
246 536 282 563 τὰ
303 536 381 570 ἥττω
403 536 462 563 τῶν
485 537 669 570 κρειττόνι-ηκ
691 537 858 572 Παρέγραςαα
878 537 924 563 καὶ

130 583 187 610 ἄνω
209 583 239 609 τὸ
260 583 351 617 ὅμοιον
374 583 403 608 εν
425 582 464 617 τῷ
485 583 586 618 πρώτῳ
606 583 754 618 κεφαλαίῳ,
771 583 812 608 ὅτι
832 583 874 609 ἀεὶ
889 583 924 609 τὰ

131 628 321 663 ὑποϐεϐηκότα,
336 629 522 663 ἐπέστραπται
537 629 605 664 πρὸς
626 628 661 654 τὰ
675 628 869 663 ὑπερκείμενα,
885 629 923 660 ὡς

130 674 177 700 ὑπ’
192 674 303 700 ἐκείνων
320 674 499 709 περιεχόμενα
513 675 560 700 καὶ
575 673 761 709 προνοούμενοι
773 682 780 687 ’
798 682 923 700 κοινωνι-

129 720 186 751 κῶς
201 720 228 746 δὲ
243 720 277 746 τὰ
292 721 437 755 ὁμόστοιχα
448 720 502 747 τῶν
516 720 668 756 ὁμοταγῶν,
679 720 725 746 καὶ
735 719 826 751 ἁπλῶς
834 720 922 746 πάντα

129 765 251 802 ἀλλήλων
274 767 321 792 καὶ
345 766 434 792 αὐτῶν
443 766 465 780 ⁸⁸
481 766 541 801 ἐρᾷ.
560 765 668 801 [Ἀλλὰ]
684 766 731 792 καὶ
748 767 762 792 ὁ
776 766 842 797 Θεὸς
855 766 923 792 πάν-

127 821 183 839 των
200 813 261 848 ὲρᾷ,
278 813 320 839 ἵνα
336 813 369 839 τὰ
385 813 473 839 πάντα
487 812 577 847 ἀγαθὰ
592 813 702 847 ποιήσῃ.

164 858 261 891 Αὐτὸς
275 859 329 892 γὰρ
344 860 360 885 ὁ
374 859 562 893 ἀγαθοεργός.
584 857 753 893 Θαυμαστῶς
774 857 857 892 λέγει,
878 858 918 885 ὅτι

129 903 232 938 ἀγαθὸς
247 904 327 940 ἔρως,
345 905 374 930 ἐν
387 904 426 939 τῷ
440 904 534 939 ἀγαθῷ
551 903 744 939 προῦπάρχων,
760 905 810 930 οὐκ
818 903 921 939 ἔμεινεν

128 950 236 984 ἄγονος,
251 950 307 976 ἀλλ’
322 950 413 977 ἔτεκεν
424 952 489 986 ἡμῖν
499 951 543 977 τὸν
559 950 660 984 ἀγαθὸν
674 950 773 985 ἔρωτα,
788 949 820 976 δι’
832 950 861 976 ὂν
873 950 920 976 τοῦ

122 996 214 1023 ’καλοῦ
229 996 275 1023 καὶ
289 996 391 1030 ἀγαθοῦ
408 996 547 1031 ἐφιέμεθα’
567 996 716 1032 πρακτικὸν
731 996 785 1032 γὰρ
799 997 845 1023 xui
859 1006 919 1032 γεν-

127 1042 238 1077 νητικὸν
254 1042 284 1068 τὸ
297 1042 372 1069 Θεῖον
387 1042 458 1069 κατὰ
471 1042 501 1068 τὸ
515 1042 658 1078 εἰρημένον
669 1051 675 1057 ·
699 1042 725 1068 Ὁ
742 1043 844 1079 Πατήρ
859 1053 920 1078 μου

126 1087 181 1121 ἕως
197 1084 261 1121 ἄρτι
273 1088 433 1123 ἐργάζεται,
449 1088 529 1124 κάγὼ
545 1088 708 1123 ἐργάζομαι.
724 1090 878 1125 Σημεὶωσαι
892 1090 921 1117 δὲ

127 1134 252 1160 ὲντεῦθεν
275 1135 380 1170 κίνησιν
396 1135 470 1161 θείαν
480 1144 486 1150 ⁸
503 1136 516 1161 ὁ
531 1135 585 1170 γὰρ
598 1135 764 1171 ἀγαθοεργὸς
780 1136 849 1171 ἔρως
864 1137 920 1163 ἐκί-

127 1189 193 1216 νησε
215 1180 244 1206 τὸ
268 1180 336 1207 θεῖον
358 1182 398 1212 εἰς
420 1181 556 1216 πρόνοιαν,
572 1183 612 1213 εἰς
631 1182 759 1208 σύστασιν
773 1183 860 1218 ἡμῶν,
876 1183 919 1209 ἴνα

129 1227 176 1252 καὶ
197 1227 348 1262 πρακτικὸν
411 1227 578 1262 κινούμενον,
596 1228 641 1253 καὶ
657 1228 694 1263 μὴ
710 1229 788 1264 μείνῃ
804 1229 898 1262 ἄγονον
911 1238 917 1243 ·

127 1272 160 1298 ὲκ
181 1272 276 1298 τούτου
291 1273 395 1308 νοήσεις
407 1273 452 1299 καὶ
474 1274 513 1303 τὸ,
528 1273 721 1307 μονάδος-μὲν
736 1274 918 1308 κινηθείσης,

127 1320 175 1345 καὶ
198 1318 232 1345 τὰ
256 1318 318 1353 ἑξῆς
342 1318 473 1354 εἰρημένα
498 1318 537 1354 τῷ
551 1318 667 1353 θεολόγῳ
681 1319 822 1355 Γρηγορίῳ
836 1320 864 1346 ὲν
880 1320 919 1355 τῷ

128 1364 230 1400 πρώτῳ
245 1365 309 1400 περὶ
323 1363 399 1390 Υἱοῦ.

162 1410 349 1444 Γεννητικὴν
359 1410 537 1444 ὑπερϐολήν.
551 1411 678 1437 Τουτέστι
692 1411 741 1447 τὴν
755 1411 842 1438 κτίσιν
853 1421 919 1448 παρ-

124 1457 239 1491 ήγαγεν,
270 1456 340 1483 ὥστε
367 1457 431 1492 περὶ
451 1457 535 1492 αὐτὴν
563 1457 598 1484 τὰ
622 1457 672 1492 τῆς
693 1457 839 1493 ἁγαπητῆς
860 1459 918 1485 επι-

125 1502 280 1529 δείκνυσθαι
296 1503 440 1538 κινήσεως.

162 1548 175 1584 §
189 1548 235 1575 X-l.
254 1549 308 1575 Kal
320 1548 362 1583 μή
375 1557 419 1581 τις
434 1548 512 1583 ἡμᾶς
520 1549 635 1576 οἰέσθω.
657 1550 814 1585 Σημείωσαι
830 1551 870 1577 ὅτι
886 1551 924 1577 οὐ’

125 1593 165 1620 δεῖ
178 1593 212 1620 τὰ
228 1594 432 1629 ἀπεμφαίνοντα
449 1595 567 1630 ὀνόματα
587 1595 674 1629 λέγειν
698 1596 773 1632 [περὶ
787 1596 877 1632 Θεοῦ],
893 1598 917 1623 εἰ

126 1640 163 1676 μή
179 1649 210 1674 γε
226 1641 272 1667 καὶ
286 1641 314 1666 ὲν
329 1640 388 1676 θείᾳ
403 1641 563 1677 ὲμφέροιντο
577 1642 682 1677 Γραφῇ,
701 1642 738 1673 ὼς
751 1643 799 1669 καὶ
813 1641 859 1669 νῦν
875 1651 920 1668 πε-

126 1687 153 1720 ρί
177 1685 277 1721 ἔρωτός
299 1695 364 1721 φησι
377 1695 383 1701 ”
400 1687 447 1713 καὶ
468 1687 508 1713 ὅτι
531 1687 561 1713 οὑ
580 1687 632 1723 χρὴ
649 1688 791 1723 προσέχειν
804 1688 917 1720 λέξεσιν,

124 1732 193 1759 ἀλλὰ
211 1734 244 1768 τῇ
267 1733 379 1768 δυνάμει
393 1732 439 1759 τοῦ
457 1733 560 1760 σκοποῦ
571 1741 578 1748 ν
605 1733 684 1765 θείως
700 1734 753 1769 γὰρ
767 1734 836 1761 αὐτὰ
850 1734 919 1767 διέξ-

122 1786 188 1806 εισι.

162 1825 202 1851 Δι’
217 1825 325 1859 ἐτέρων
342 1825 547 1860 ὁμοδυνάμων.
571 1825 630 1852 ’Ότι
647 1825 692 1852 καὶ
706 1826 749 1853 διὰ
765 1826 818 1853 τῶν
833 1827 916 1854 ἰσοδυ-

124 1871 218 1906 vi}.th
232 1871 262 1897 οὐ
278 1871 435 1906 κωλυόμεθα
450 1872 580 1906 ὲκφωνεῖν
595 1872 643 1903 τὰς
657 1872 751 1904 λέξεις,
771 1871 827 1908 [Ση
834 1873 915 1908 μείω-

124 1925 171 1943 παι
185 1917 222 1949 ὡς
239 1917 354 1953 μητρίδα
369 1918 416 1944 καὶ
432 1918 547 1953 πατρίδα
562 1918 643 1944 ταὺτό
658 1918 747 1953 φησι]

159 2008 233 2035 Δέον
246 2007 367 2035 ειδέναι.
388 2007 437 2034 Διὰ
450 2008 476 2034 τί
492 2007 635 2038 συλλαϐαῖς
649 2008 695 2034 καὶ
710 2007 796 2039 λέξεσι
811 2007 914 2043 χρώμε-

124 2056 178 2081 Θα·
208 2054 302 2081 σκόπει
329 2054 376 2090 τὴν
402 2053 566 2088 ἀνάγνωσιν·
595 2053 608 2080 ὃ
633 2053 703 2079 Θέλει
725 2054 820 2085 εἰπεῖν,
837 2053 913 2080 τοῦτό

105 2104 109 2107 “
123 2101 207 2128 ἐστιν·
223 2101 303 2136 ἡνίκα
324 2100 369 2126 τὸν
392 2099 556 2135 προφορικὺν
575 2099 652 2133 λόγον
667 2099 804 2134 κινοῦμεν,
819 2100 912 2126 τοῦτον

123 2147 189 2182 περί
203 2155 274 2177 τινος
287 2146 339 2172 τῶν
353 2145 498 2180 αἰσθητῶν,
515 2145 575 2171 τότε
589 2144 695 2177 λέξεων,
707 2146 753 2171 κσὶι
764 2145 910 2175 συλλαϐῶν,

123 2193 171 2220 καὶ
188 2192 325 2227 στοιχείων
339 2191 386 2218 καὶ
399 2191 511 2226 γραφῶν
525 2191 639 2226 δεόμεθα
654 2191 722 2226 πρὸς
736 2191 850 2227 δήλωσιν
864 2192 910 2218 τοῦ

122 2239 302 2274 λαλουμένου·
323 2239 347 2264 εἰ
362 2237 390 2264 δὲ
410 2238 456 2271 ἀφ’
468 2238 566 2273 ἑαυτῆς
582 2238 598 2272 ἡ
613 2237 685 2273 ψυχὴ
699 2238 766 2272 πρὸς
779 2237 812 2264 τὰ
829 2239 910 2273 νοητὰ

123 2287 238 2312 κινεῖται
252 2285 295 2311 διὰ
309 2283 361 2310 τῶν
372 2283 457 2319 ὀρθῶν
475 2284 625 2319 ἐνεργειῶν,
638 2284 761 2319 περιτταὶ
777 2284 845 2319 μετὰ
858 2285 911 2311 τῶν

122 2330 260 2366 αἰσθητῶν
275 2331 303 2356 αἱ
320 2329 458 2365 αἰσθήσεις
470 2338 476 2343 ·
495 2329 583 2364 ὑψηλὰ
593 2329 645 2365 γὰρ
657 2329 819 2364 φαντάζεται
830 2339 836 2344 ·
849 2331 912 2357 ὅταν

122 2377 152 2404 δὲ
167 2377 284 2412 θεοειδὴς
299 2376 422 2412 γένηται,
443 2376 631 2411 προκύπτουσα
646 2377 705 2407 ταῖς
724 2376 793 2402 κατὰ
817 2377 912 2412 μικρὸν

121 2422 280 2455 ἁνατὰσεσι,
296 2422 343 2448 καὶ
362 2421 394 2448 δι’
415 2421 534 2452 ὲνώσεως
549 2421 687 2454 ἀγνώστου
705 2421 772 2456 πρὸς
779 2420 913 2457 τὸὰπρόσ-

125 2478 185 2497 ιτον
221 2469 278 2503 φῶς
299 2468 348 2500 τὰς
365 2467 491 2499 ἐπιϐολὰς
511 2467 570 2504 ἔχῃ,
587 2467 647 2493 τότε
670 2468 717 2494 καὶ
737 2469 764 2493 αἱ
785 2469 878 2503 νοηταὶ
890 2468 912 2483 ⁸⁷

121 2517 259 2552 ἐνέργειαι
274 2516 397 2551 περιτταὶ
413 2516 490 2546 εἰσιν,
501 2514 538 2545 ὡς
553 2515 599 2540 καὶ
613 2514 641 2540 αἱ
657 2513 804 2548 αἰσθήσεις,
819 2514 911 2550 ἐπειδὴ

120 2564 157 2590 τὰ
171 2563 323 2599 ὑψηλότερα
337 2562 438 2588 τούτων
451 2562 467 2596 ἠ
482 2560 553 2595 ψυχὴ
567 2560 719 2591 διανοεῖται,
734 2560 826 2586 λοιπὸν
840 2561 910 2594 ἠνω-

123 2609 192 2644 μένη
215 2607 290 2643 Θεῷ·
308 2609 371 2634 ὅταν
387 2607 414 2633 δὲ
429 2605 498 2642 ὁμοῦ
522 2605 677 2641 χαμαίζηλα
700 2606 848 2641 φαντασοῇ,
864 2608 910 2633 καὶ

122 2654 187 2689 περί
200 2662 272 2685 τινος
288 2653 340 2679 τῶν
356 2652 490 2688 αἰσθητῶν
501 2652 606 2687 σπεύσῃ
616 2652 767 2687 κινηθῆναι,
782 2652 840 2678 τότε
850 2653 912 2684 τοὺς

123 2700 306 2735 σαφεστέρους
320 2699 414 2732 λόγους
431 2699 476 2724 καὶ
491 2697 525 2724 τὰ
549 2700 695 2733 τρανότερα
709 2698 762 2724 τῶν
776 2698 880 2733 ὁρατῶν
889 2699 911 2712 ⁸⁸

122 2746 176 2781 χρὴ
191 2745 339 2780 ἐπιζητεῖν.

159 2842 173 2856 ι
188 2835 265 2862 Joan.
281 2845 307 2868 ν,
324 2836 367 2862 Π.

1013 536 1047 563 Et
1076 537 1205 571 inferiora
1231 537 1378 570 superiora.
1400 537 1533 565 Adnotavi
1552 546 1661 573 quoque
1681 546 1765 573 supra

976 583 1004 609 in
1028 583 1116 618 primo
1141 583 1230 617 capite
1251 583 1355 618 aliquid
1371 583 1470 617 simile,
1486 584 1615 611 nimirum
1633 584 1763 611 inferiora

976 636 1083 664 semper
1101 629 1224 656 converti
1240 629 1272 656 ad
1289 630 1442 664 superiora,
1454 634 1485 656 ut
1499 638 1559 664 qua!
1574 630 1608 657 ab
1625 631 1678 658 illis
1695 638 1762 658 con-

976 675 1115 702 tineantur
1134 681 1161 702 et
1181 679 1396 709 conserventur;
1413 677 1594 703 communiter
1609 683 1698 703 autent
1715 684 1763 710 pa-
1783 672 1785 674 ⁷

973 720 1013 747 ria
1024 724 1115 747 amant
1123 721 1210 756 paria,
1220 725 1247 748 et
1259 721 1384 748 absolute
1397 723 1488 748 omnia
1496 723 1611 749 invicem
1622 727 1647 750 et
1661 723 1761 757 seipsa;

973 766 1086 802 ipseque
1117 766 1190 794 Deus
1223 771 1295 794 amat
1321 768 1460 802 universa,
1489 773 1518 796 nt
1546 769 1637 796 omnia
1665 769 1763 796 etlicrat

970 813 1052 841 bona.

1007 856 1067 891 Ipse
1082 858 1151 885 enim
1171 858 1288 893 bonifez.
1309 859 1468 886 Mirabiliter
1481 859 1559 892 dicit,
1574 860 1674 887 bonum
1690 868 1762 887 amo-

972 910 1039 935 rem,
1054 903 1083 930 in
1106 904 1179 932 bono
1202 905 1445 939 praeersistentem,
1461 913 1515 932 non
1532 907 1667 933 mansisse
1680 906 1760 933 infm-

937 953 958 980 B
973 949 1103 982 cundum,
1119 951 1167 977 sed
1192 950 1292 977 bonum
1315 952 1454 986 peperisse
1470 959 1602 983 antorem,
1615 960 1664 986 per
1677 960 1759 987 quem

972 995 1116 1030 pulchrum
1134 1001 1160 1023 et
1175 996 1275 1023 bonum
1291 998 1460 1032 appetimus;
1476 997 1567 1024 divina
1580 999 1651 1024 enim
1663 1003 1759 1025 natura

971 1045 1100 1076 operatur
1119 1046 1146 1070 et
1166 1047 1289 1077 generat,
1307 1043 1385 1078 juxta
1411 1044 1475 1070 illud
1495 1044 1642 1079 Scripturaa
1657 1055 1662 1071 :
1678 1044 1760 1072 Pater

970 1094 1043 1113 meus
1063 1095 1144 1122 usque
1164 1088 1241 1114 modo
1258 1093 1391 1122 operatur,
1404 1093 1429 1115 et
1448 1097 1493 1123 ego
1505 1096 1627 1122 operorl.
1642 1089 1710 1117 Nota
1725 1099 1758 1118 ex

970 1131 1021 1158 hoc
1037 1132 1096 1159 loco
1111 1133 1231 1160 divinam
1252 1134 1409 1166 motionem,
1433 1143 1494 1161 nam
1509 1143 1586 1162 amor
1598 1136 1661 1163 boni
1675 1144 1759 1163 causa

969 1179 1052 1205 movit
1066 1179 1237 1207 divinitatem
1255 1180 1288 1206 ad
1304 1180 1513 1215 providentiam,
1527 1181 1561 1208 ad
1576 1183 1663 1209 nostri
1681 1190 1760 1210 crea-

970 1224 1082 1257 tionem,
1098 1229 1127 1252 nt
1153 1227 1234 1253 etiam
1258 1231 1418 1261 operaretur
1443 1227 1490 1262 qui
1515 1228 1686 1260 movebatur,
1708 1236 1758 1256 nec

970 1276 1123 1298 remaneret
1146 1272 1263 1304 sterilis;
1283 1281 1315 1300 ex
1341 1273 1394 1299 hoc
1413 1273 1548 1309 intelliges
1571 1274 1653 1301 etiam
1679 1275 1756 1307 illud,

970 1317 1082 1343 monude
1102 1318 1205 1352 quidem
1228 1323 1320 1351 mota;
1337 1323 1364 1346 et
1381 1327 1440 1354 quze
1455 1319 1583 1355 deinceps
1598 1321 1727 1348 dicuntur
1742 1329 1758 1348 a

969 1362 1061 1389 divino
1079 1362 1211 1397 Gregorio
1228 1364 1254 1390 in
1270 1364 1360 1398 primo
1374 1365 1407 1392 de
1421 1364 1500 1393 Filio.

1003 1407 1151 1435 Generandi
1174 1410 1367 1438 excellentiam.
1389 1411 1417 1438 ld
1442 1417 1495 1445 est,
1514 1417 1667 1440 creaturam
1695 1421 1758 1449 pro-

968 1454 1056 1487 duxit,
1071 1459 1099 1481 ut
1114 1455 1188 1482 circa
1201 1456 1288 1491 ipsam
1303 1457 1428 1485 amabilis
1444 1459 1572 1487 motionis
1587 1460 1673 1487 otiicia
1688 1468 1758 1496 pra--

969 1505 1062 1529 staret.
1550 1507 1554 1510 ’

995 1543 1017 1583 ’ᾖ
1034 1548 1079 1575 Xl.
1103 1548 1192 1585 Neque
1214 1558 1273 1577 vero
1291 1559 1339 1577 nos
1361 1551 1499 1586 quisquam
1515 1556 1596 1585 putet.
1618 1552 1686 1579 Nota
1700 1553 1757 1580 dis-

971 1598 1101 1621 sentanea
1116 1596 1226 1622 nomina
1239 1603 1294 1623 non
1317 1603 1377 1623 esse
1401 1597 1602 1630 pronuntianda
1620 1597 1664 1633 [de
1679 1597 1755 1634 Deo],

972 1640 1023 1666 nisi
1039 1640 1066 1666 in
1082 1639 1226 1675 Scriptura
1247 1642 1429 1676 reperiantur,
1445 1643 1516 1669 sicut
1531 1643 1612 1670 etiam
1629 1644 1709 1671 modo
1723 1645 1757 1672 de

970 1693 1063 1713 amore
1073 1687 1150 1717 dicit,
1159 1695 1247 1721 neque
1255 1687 1388 1715 dictiones
1401 1688 1606 1718 attendendum.
1618 1690 1664 1716 sed
1675 1690 1756 1718 tinem

969 1732 1152 1760 institutionis
1166 1741 1277 1766 earum;
1293 1733 1384 1761 divine
1399 1735 1472 1761 enim
1487 1735 1545 1770 ipsa
1562 1735 1683 1770 exponit.

1005 1820 1058 1847 Per
1069 1821 1125 1848 alia
1137 1822 1330 1856 mquivalentia.
1339 1822 1395 1850 Nos
1414 1824 1526 1851 minime
1539 1824 1678 1858 prohiberi
1690 1832 1756 1860 quo-

967 1866 1058 1893 minus
1072 1867 1208 1894 dictiones
1224 1867 1330 1902 aliquas
1344 1876 1392 1903 per
1403 1869 1471 1896 alias
1486 1870 1554 1896 idem
1568 1870 1755 1905 signiﬁcantes

966 1911 1148 1946 proferamus.
1168 1912 1253 1948 [Nota
1279 1914 1353 1948 quod
1379 1915 1495 1950 μητρίδα
1509 1920 1536 1943 et
1551 1916 1668 1951 πατρίδα
1683 1917 1753 1944 idem

965 1958 1053 1994 dicit.]

1001 2004 1074 2031 Scire
1082 2009 1193 2039 oportet.
1214 2005 1270 2033 Cur
1285 2006 1397 2042 syllabis
1410 2011 1436 2034 et
1451 2006 1617 2034 dictionibus
1633 2012 1752 2042 utamur;

963 2051 1355 2085 cansideralectionemﬂuod
1364 2057 1454 2079 autem
1468 2053 1524 2079 vult
1536 2053 1636 2084 dicere,
1651 2053 1677 2080 id
1689 2058 1747 2081 est:

963 2095 1073 2128 quando
1091 2103 1244 2123 sermonem
1260 2098 1480 2131 pronuntiamus.
1495 2105 1634 2124 movemus
1647 2106 1708 2125 eum
1719 2099 1753 2126 de

963 2141 1057 2169 sensili
1072 2142 1175 2177 aliquo,
1193 2143 1273 2178 138
1289 2147 1346 2169 tum
1360 2143 1529 2171 dictionibus
1553 2148 1579 2171 et
1601 2144 1712 2179 syllabis
1725 2150 1753 2172 ct

962 2187 1104 2214 elementis
1119 2192 1145 2215 et
1161 2189 1296 2223 scriptura
1311 2189 1466 2224 indigemus
1490 2189 1523 2216 ad
1543 2191 1602 2224 ejus
1619 2191 1693 2225 quod
1708 2191 1751 2218 di-

962 2233 1034 2260 citur
1048 2234 1275 2268 declarationem;
1290 2235 1313 2262 si
1328 2243 1392 2262 vero
1403 2236 1493 2262 anima
1510 2243 1525 2262 a
1542 2243 1571 2263 se
1586 2236 1645 2271 ipsa
1660 2237 1693 2263 ad
1710 2237 1753 2263 in-

964 2279 1115 2314 telligibilia
1132 2284 1256 2307 movetur
1271 2281 1297 2307 in
1314 2281 1396 2308 rectis
1411 2281 1628 2316 operationibus,
1654 2290 1752 2317 super-

964 2326 1010 2353 [lui
1037 2330 1100 2353 sunt
1126 2333 1188 2353 cum
1216 2327 1364 2354 sensilibus
1391 2335 1504 2360 sensus;
1528 2328 1654 2355 sublimia
1679 2329 1750 2356 enim

965 2373 1128 2409 imaginatur
1145 2383 1151 2400 ε
1169 2374 1277 2409 quando
1293 2377 1382 2401 autem
1407 2374 1454 2400 Dei
1470 2374 1567 2402 similis
1583 2374 1676 2402 effecta
1693 2375 1751 2403 fue-

963 2420 998 2446 rit
1025 2419 1222 2446 elevationibus
1250 2420 1378 2454 paulatim
1411 2420 1567 2455 proﬁciens,
1597 2425 1678 2456 atque
1703 2430 1752 2457 per

964 2465 1082 2499 ignotam
1099 2465 1248 2492 nnitioncm
1268 2466 1467 2494 intellectiones
1484 2475 1547 2494 suas
1563 2467 1590 2494 in
1608 2467 1750 2495 inaccesso

965 2511 1065 2538 lumine
1080 2511 1222 2544 habuerit;
1239 2516 1295 2538 tum
1310 2512 1391 2538 etiam
1410 2513 1595 2548 intelligibiles
1611 2514 1748 2548 operatio-

964 2565 1012 2584 nes
1037 2561 1100 2584 sunt
1125 2558 1277 2592 superilnzr,
1294 2559 1365 2586 sicut
1390 2563 1416 2586 et
1438 2568 1544 2592 sensus,
1561 2561 1689 2594 quoniam
1706 2561 1748 2588 his

963 2603 1121 2630 sublimiora
1149 2604 1251 2638 cogitat
1280 2605 1380 2637 anima,
1411 2605 1539 2641 deinceps
1567 2606 1622 2633 Deo
1648 2607 1745 2638 unita;

962 2650 1071 2685 quando
1084 2654 1172 2677 autem
1189 2650 1263 2677 humi
1281 2652 1401 2686 repentia
1424 2660 1472 2679 seti
1493 2653 1633 2680 terrestria
1651 2653 1747 2686 imagi-

961 2702 1053 2729 natur,
1069 2703 1094 2725 et
1109 2699 1135 2725 in
1152 2699 1244 2727 sensili
1261 2700 1353 2734 aliquo
1375 2701 1477 2727 moveri
1494 2701 1595 2731 studet,
1611 2705 1676 2726 tunc
1689 2699 1746 2726 cla-

960 2744 1046 2772 riores
1075 2753 1214 2773 sermones
1243 2750 1269 2773 et
1295 2746 1443 2774 visibilium
1469 2746 1586 2774 maxime
1601 2745 1744 2780 perspicua

961 2797 1081 2823 qntei'ero
1097 2796 1213 2825 Oportet.

586 2881 701 2909 νΑιιιίΕ
719 2880 908 2908 LECTIONES
925 2881 968 2908 ET
987 2881 1261 2910 CORRECTIONES.

177 2929 321 2957 ⁵⁸ὲαυτῶν.
381 2931 402 2948 ⁸⁷
419 2929 521 2966 νοεραιῖ.
576 2930 598 2946 ⁰⁸
614 2929 730 2964 νοητῶν.
