1926 3062
176 198 230 226 263
579 189 750 220 APPENDIX
764 191 811 219 AD
824 187 939 219 OPERA
958 187 987 217 S.
1006 183 1157 215 DIONYSII
1173 180 1416 214 ΑΒΕΟΡΑΟΙΤᾸΞ.
1753 184 1808 212 ΞΜ

211 256 287 284 Sicut
305 255 386 282 etiam
400 251 562 288 intelligendi
578 251 731 287 facultates.
752 249 871 277 Adverte
890 247 963 275 aliud

1051 247 1166 280 Ὠσπερ
1179 245 1229 272 καί
1247 246 1277 272 al
1296 244 1395 278 γοεραί
1415 242 1565 278 δυνάμεις.
1586 239 1740 279 Σημείωσαι
1765 244 1808 270 ὅτι

176 310 238 330 esse
251 305 369 328 mentem
393 303 421 327 et
446 298 520 326 aliud
536 299 665 325 animam.
681 296 865 330 lntelligentes
880 293 966 321 facul-

177 353 247 376 tates
271 347 339 375 dicit
365 345 564 373 intellectiones
589 351 649 378 qua:
674 345 738 370 sunt
760 341 916 372 inferiores,
940 343 967 366 et

177 394 277 422 mentis
291 392 409 426 divisio;
425 390 534 426 quando
548 390 630 425 igitur
646 388 737 415 anima
753 387 868 415 voluerit
881 386 965 413 Deum

177 440 289 472 intueri,
306 443 334 467 et
356 446 405 475 pro
426 437 532 464 viribus
558 436 610 471 ipsi
632 435 715 466 uniri.
731 434 840 462 oculum
857 432 966 468 quidem

178 494 269 519 suum,
285 485 312 513 id
324 489 365 513 est
379 488 496 512 mentem
511 483 609 517 ipsam,
626 480 706 508 debet
720 487 735 506 a
749 478 965 514 particularibus

178 538 310 564 avertere,
321 535 348 559 et
364 531 396 558 ad
412 529 581 566 generaliora
599 527 796 554 transmittere.
814 525 966 552 Particula-

177 581 221 607 ria
245 586 311 606 vero
337 581 402 605 sunt
428 575 638 607 intellectiones,
655 574 728 601 sicut
751 572 892 600 diximus:
909 575 966 598 tum

177 633 257 653 mens
273 628 330 651 tota
353 623 449 651 eﬂ‘ecta
471 625 552 656 atque
572 621 723 648 introrsum
737 625 966 656 com'ersa,post-

179 678 256 700 remo
287 671 378 698 unitas
401 673 428 697 et
453 668 615 703 simplicitas
632 666 736 698 effecta,
751 664 852 693 divinis
869 663 968 699 poterit

178 717 319 745 intendere
333 715 430 746 radiis,
446 722 495 749 per
506 713 672 740 laudabilem
688 711 898 747 ignorationem,
911 717 966 736 non

178 771 226 799 per
240 762 422 799 ignorantiam
435 769 495 796 quae
508 768 540 788 ex
549 767 640 787 rerum
652 758 788 793 imperitia
801 757 904 788 oritur,
918 755 967 784 sed

178 818 227 845 per
252 817 310 837 eam
334 816 395 843 qua:
417 807 559 843 cognoscit
573 814 603 834 se
618 805 665 833 Dei
682 803 967 839 incomprehensibilia

179 856 476 892 ignorare;cognoscet
491 856 581 880 autem
594 852 688 879 divino
708 849 803 878 fruens
823 849 967 884 splendore

178 910 232 930 non
248 910 297 938 per
316 901 432 929 sensiles
447 900 553 931 oculos,
572 906 622 926 nec
641 898 713 926 enim
728 898 771 924 his
786 895 967 931 apprehendi-

1015 294 1108 329 ἕτερον
1123 291 1185 323 νοῦς
1201 291 1248 318 καὶ
1261 291 1352 326 ἕτερον
1366 289 1450 325 ψυχή.
1465 289 1570 325 Νοερὰς
1586 288 1734 324 [ἐνεργείας
1748 289 1806 325 καὶ]

1015 340 1143 375 δυνάμεις
1165 338 1232 373 φησὶ
1254 337 1303 368 τὰς
1323 337 1438 372 νοήσεις,
1453 335 1553 367 αἵτινες
1572 334 1726 370 κατώτεραί
1741 335 1805 367 εἱσι,

1016 387 1063 413 καὶ
1089 384 1239 420 σκεδασμὸς
1262 383 1310 410 τοῦ
1330 382 1474 409 νοῦ.”’οταν
1497 379 1542 408 οὖν
1558 381 1575 416 ὴ
1589 380 1661 417 ψυχὴ
1679 380 1808 416 βούληται

1016 433 1085 470 πρὸς
1099 432 1164 459 Θεὸν
1179 429 1336 461 ἀνανεῦσαι,
1350 429 1405 455 καὶ·
1411 427 1482 455 κατὰ
1497 427 1527 454 τὺ
1541 427 1652 454 δυνατὸν
1674 427 1808 462 ἐνωθῆναι

1016 477 1101 513 αὐτῷ,
1120 476 1151 503 τὸ
1174 477 1222 512 μὲν
1242 475 1318 511 όμμα
1339 473 1434 509 αὐτῆς,
1448 472 1572 499 τουτέστι
1588 472 1634 499 τὸν
1647 472 1709 499 νοῦν
1725 471 1809 499 αὑτὸν

1016 521 1187 558 ἀποστρέψαι
1199 519 1300 555 ὀφείλει
1316 519 1370 546 τῶν
1387 517 1516 554 μερικῶν,
1534 515 1582 544 καὶ
1590 517 1637 544 ἐπὶ
1652 517 1686 544 τὰ
1700 517 1807 544 καθολι-

1017 568 1124 603 κώτερα
1146 565 1331 601 ἀναπηδῆσαι·
1351 563 1451 600 μερικὰ
1465 563 1494 590 δέ
1509 564 1577 590 εἰσιν
1591 563 1619 589 αἱ
1634 563 1750 599 νοήσεις,
1770 562 1809 595 ὡς

1017 614 1121 649 ἔφημεν
1132 621 1138 628 ·
1154 613 1214 639 τότε
1227 611 1283 647 γὰρ
1297 610 1360 643 νοῦς
1374 610 1421 645 ὅλη
1439 609 1582 645 γενομένη,
1599 609 1645 636 καὶ
1659 609 1698 640 είς
1710 608 1740 635 τὸ
1754 608 1809 635 ἔσω

1018 660 1178 695 στραφεῖσα,
1194 654 1256 689 ένὰς
1269 657 1361 683 λοιπὸν
1382 655 1430 683 καὶ
1449 655 1567 690 ἁπλότης
1589 653 1732 690 γενομένη,
1747 654 1810 680 ὲπι-

1016 704 1108 731 λαϐεῖν
1123 703 1266 739 δυνήσεται
1280 703 1340 733 ταῖς
1352 701 1438 733 θείαις
1451 701 1542 727 ἀκτῖσι
1552 707 1559 715 ·
1575 699 1619 726 διὰ
1632 699 1682 734 τῆς
1696 699 1809 725 ἐπαινε-

1016 750 1066 786 τῆς
1079 749 1225 784 ἀγνωσίας,
1242 749 1273 775 οὐ
1287 748 1337 783 τῆς
1350 747 1380 780 ἐξ
1394 746 1528 782 ἀμαθείας
1544 745 1666 779 ἀγνοίας,
1681 745 1748 771 ἀλλὰ
1759 745 1810 780 τῆς

1017 795 1203 830 γινωσκούσης
1222 794 1264 820 ὅτι
1286 794 1377 827 ἀγνοεῖ
1389 792 1423 819 τά
1439 792 1504 828 περὶ
1525 790 1592 818 Θεοῦ
1609 791 1789 826 ἀκατάληπτα
1800 795 1807 806 ⁸

1017 841 1151 876 γνώσεται
1163 840 1191 867 δὲ
1201 839 1373 867 ἀπολαύουσα
1393 838 1446 865 τῶν
1469 837 1549 864 θείων
1575 837 1762 873 μαρμαρυγῶν
1776 836 1808 862 οὺ

1017 886 1062 914 διὰ
1076 886 1130 913 τῶν
1146 884 1281 920 αἰσθητῶν
1294 883 1424 919 ὀμμάτων
1436 891 1442 897 ·
1458 882 1489 908 οὐ
1502 881 1556 917 γὰρ
1571 880 1811 916 καταλαμϐάνεται

178 926 232 930 --ν--
249 926 292 938 τη
316 926 429 929 -ν---ηη
452 926 459 928 -
471 926 490 927 η
519 926 553 931 η.
805 926 830 931 ..

178 955 238 982 tur,
253 949 302 978 sed
315 955 348 976 ea
363 947 462 975 mentis
477 945 675 974 constitutione
687 951 748 979 quae
761 942 849 970 oculis
864 946 950 969 caret.

1024 933 1124 964 τούτοις
1136 940 1142 947 ·
1159 930 1227 958 ἀλλὰ
1246 932 1307 962 ταῖς
1326 929 1491 965 άνομμάτοις
1510 926 1557 954 τοῦ
1573 926 1620 953 νοῦ
1640 926 1810 953 καταστάσε-

214 1035 454 1070 Perspicacissima:
474 1041 608 1061 sensuum.
629 1031 754 1067 Explicat
765 1038 824 1066 qua
837 1033 900 1057 sunt
915 1029 971 1057 cla-

178 1082 295 1109 rissimre
323 1087 453 1108 sensuum
478 1078 746 1114 transportationes;
775 1078 868 1112 aitque
895 1075 970 1110 ipsas

179 1135 241 1156 esse
256 1126 417 1162 planissima
433 1125 517 1153 verba
536 1128 563 1152 et
577 1124 729 1152 visibilium
747 1122 933 1158 apertissima.

213 1215 292 1242 Recte
305 1218 438 1249 poterunt.
459 1212 596 1240 Videlicet
611 1219 722 1239 sensus.
765 1206 769 1210 ’

216 1261 230 1296 §
245 1260 304 1288 XII.
325 1259 405 1294 Atqui
418 1259 503 1285 uisum
515 1262 554 1285 est
568 1257 735 1293 quibusdam.
757 1255 836 1289 Quod
850 1255 971 1283 cbaritas

179 1307 315 1343 signiﬁcat
326 1312 458 1337 amorem,
476 1309 503 1332 et
519 1312 617 1332 nomen
633 1304 734 1330 amoris
752 1309 814 1330 esse
829 1301 971 1329 divinius.‘

214 1352 343 1379 Audiam.
364 1350 444 1382 Nota,
462 1354 519 1376 tum
544 1349 675 1384 temporis
691 1355 802 1383 quoque
824 1346 908 1373 fuisse
923 1345 970 1380 qui

179 1399 291 1427 nomina
305 1395 554 1432 reprehendebant,
570 1402 640 1430 quos
663 1401 697 1422 ex
722 1393 815 1421 divina
830 1392 971 1427 Scriptura

180 1443 315 1479 reprimit.

215 1490 297 1517 Divus
315 1488 448 1525 Ignatius.
468 1486 560 1522 Aliqui
575 1486 658 1514 etiam
683 1493 718 1513 ex
744 1484 796 1512 hoc
819 1484 881 1512 loco
896 1483 969 1511 arbi-

180 1539 287 1563 trantur
302 1538 456 1570 opportune
471 1535 631 1568 praesentem
652 1530 752 1557 librum
769 1537 893 1564 arguere.
909 1533 970 1555 tan-

179 1589 262 1617 quam
277 1588 332 1608 non
347 1583 421 1608 esset
435 1578 520 1606 divini
537 1576 671 1612 Dionysii.
693 1576 759 1611 quia
783 1576 878 1603 dicunt
890 1575 970 1610 lgna-

1023 987 1064 1005 σιν
1074 978 1106 1005 ⁸⁸.

1063 1021 1283 1056 Ἐπιδηλότεραι
1305 1019 1364 1046 τῶν
1382 1017 1562 1051 αἰσθήσεων.
1589 1016 1740 1052 Ἑξηγεῖται
1754 1037 1761 1048 ,
1782 1014 1810 1043 τί

1021 1070 1089 1096 εἰσιν
1106 1069 1133 1095 αἱ
1147 1067 1333 1103 ὲπιδηλότεραι
1347 1064 1400 1091 τῶν
1411 1063 1561 1100 αἰσθήσεων
1570 1061 1809 1098 διαπορθμεύσας·

1021 1115 1068 1142 καί
1078 1122 1160 1150 φησιν
1169 1112 1254 1144 αὐτὰς
1267 1112 1330 1143 τοὺς
1344 1109 1525 1146 σαφεστέρους
1537 1107 1632 1141 λόγους
1641 1108 1687 1134 καὶ
1701 1107 1735 1134 τὰ
1744 1112 1812 1142 τρα-

1020 1160 1134 1196 νέστερα
1149 1160 1202 1186 τῶν
1213 1157 1329 1194 ὁρατῶν.

1055 1204 1161 1237 Καλῶς
1176 1203 1371 1237 δυνήσονται.
1391 1202 1425 1228 At
1440 1201 1580 1237 αἰσθήσεις
1593 1200 1721 1236 δηλονότι.

1057 1249 1071 1285 §
1086 1249 1144 1276 XII.
1159 1249 1259 1275 Καίτοι
1267 1247 1353 1280 ἔδοξέ
1360 1255 1450 1274 τισιν.
1461 1246 1520 1272 Ὅτι
1532 1246 1603 1281 καὶὴ
1611 1246 1707 1280 ἀγάπη
1722 1241 1821 1285 ἔρωταἓ

1020 1279 1108 1330 δηλοῖ·
1125 1294 1172 1321 καὶ
1185 1294 1226 1321 ὅτι
1240 1279 1375 1328 θειότερον
1390 1292 1476 1327 όνομα
1490 1289 1537 1316 τοῦ
1555 1279 1664 1326 ἔρωτος.
1702 1279 1705 1280 ν
1738 1279 1741 1280 ν
1818 1279 1822 1287 ’

1061 1339 1270 1368 Ἁκουέτωσαν.
1291 1339 1448 1374 Σημείωσαι
1461 1337 1502 1364 ὅτι
1519 1337 1565 1363 καὶ
1574 1336 1634 1362 τότε
1651 1333 1722 1370 ἦσάν
1739 1341 1812 1364 τινες

1020 1385 1266 1422 ἐπιλαμϐανόμενοι
1285 1383 1434 1419 ὀνομάτων,
1449 1382 1496 1414 οὒς
1521 1380 1689 1417 ἐπιστομίζει
1710 1380 1742 1406 ὲκ
1761 1379 1812 1414 τῆς

1021 1434 1097 1465 θείας
1110 1432 1232 1468 Γραφῆς.

1061 1479 1087 1506 Ὁ
1101 1478 1178 1512 θεῖος
1201 1476 1348 1512 Ἰγνάτιος.
1369 1475 1425 1503 Καὶ
1446 1475 1479 1502 ὲκ
1504 1473 1600 1501 τούτου
1621 1473 1692 1505 τινὲς
1710 1473 1811 1499 οἴονται

1019 1524 1171 1552 διαϐάλλειν
1187 1523 1322 1558 εὐκαίρως
1343 1522 1375 1549 τὸ
1398 1521 1485 1557 παρὸν
1501 1521 1653 1555 σύνταγμα,
1670 1519 1708 1551 ὡς
1723 1518 1760 1554 μὴ
1782 1518 1813 1545 ὃν

1020 1569 1067 1598 τοῦ
1090 1570 1161 1597 θείου
1176 1569 1323 1601 Διονυσίου,
1338 1566 1430 1603 ἐπειδὴ
1454 1566 1584 1601 Ίγνάτιον
1599 1565 1707 1599 λέγουσι
1730 1572 1813 1600 μετα.

180 1627 249 1654 tium
273 1634 335 1654 esse
359 1626 419 1660 ipso
434 1624 616 1660 posteriorem
629 1631 637 1655 ;
653 1621 791 1657 quomodo
806 1628 869 1648 vero
883 1624 969 1656 potest

1024 1617 1181 1653 γενέστερον
1194 1615 1276 1642 αὐτοῦ
1293 1613 1377 1641 εἶναι·
1391 1614 1449 1646 πῶς
1464 1614 1491 1640 δὲ
1507 1611 1618 1639 δύναταί
1637 1620 1679 1643 τις
1697 1611 1751 1637 τῶν
1763 1619 1812 1646 με-

181 1673 280 1708 aliquis
300 1672 484 1708 posteriorum
503 1668 683 1697 meminisse?
698 1667 786 1695 Fictio
811 1671 900 1694 autern
927 1671 969 1694 est

182 1718 263 1754 139
275 1723 302 1746 et
316 1721 368 1746 hoc
381 1717 454 1753 quod
471 1717 524 1744 illis
536 1715 684 1751 probatur;
698 1722 762 1742 nam
774 1717 887 1742 sanctus
898 1712 969 1740 Pau-

181 1765 236 1796 lus,
247 1764 294 1800 qui
308 1763 467 1798 Dionysium
480 1761 637 1793 illustravit,
647 1768 695 1788 seu
710 1759 868 1795 baptizavit,
881 1761 971 1794 poste-

181 1810 240 1838 rior
257 1810 308 1837 fuit
321 1813 444 1844 tempore
459 1811 554 1835 sancto
569 1806 661 1839 Petro,
678 1810 740 1841 post
753 1813 834 1841 quem
849 1804 970 1840 lgnatius

181 1860 292 1885 creatur
315 1856 461 1890 episcopus
485 1853 647 1885 Antiochiae,
670 1852 751 1880 Petro
768 1852 882 1879 Romam
906 1859 970 1887 pro-

183 1900 266 1932 fecto;
274 1899 424 1934 supervixit
431 1906 496 1925 vero
510 1901 622 1925 sanctus
634 1897 736 1924 Paulus
744 1897 830 1924 multo
838 1901 968 1931 tempore,

182 1945 229 1982 qui
246 1945 405 1980 Dionysium
417 1943 574 1978 baptizavit,
587 1942 789 1977 Dionysiusque
803 1945 865 1977 post
880 1943 970 1976 ipsum

183 1991 260 2019 vixit.
275 1990 362 2017 Porro
371 1989 490 2016 Joannes
513 1988 681 2023 evangelista
695 1987 746 2015 sub
761 1986 915 2015 Domitiano
924 1995 972 2014 ex-

184 2037 257 2065 sulat
280 2036 308 2063 in
325 2033 432 2066 Palma,
454 2035 498 2061 cui
513 2033 642 2061 rescribit
663 2032 830 2068 Dionysius;
850 2031 972 2067 lgnatius

184 2090 248 2110 vero
264 2085 327 2109 ante
343 2079 526 2107 Domitianum
552 2079 666 2115 patitur,
687 2079 726 2105 ita
740 2082 770 2105 ut
784 2078 922 2113 antiquior
936 2078 972 2106 sit

183 2127 325 2163 Dionysio.

218 2175 301 2201 Amor
316 2179 399 2200 meus.
421 2171 603 2205 Quaerendum
627 2170 764 2207 quomodo
785 2169 891 2206 lgnatio
909 2177 972 2198 cum

185 2219 314 2248 Onesimo
338 2219 385 2254 qui
412 2218 463 2246 fuit
488 2221 549 2253 post
571 2217 743 2244 Timotheum
762 2216 930 2251 disputante.
945 2219 973 2242 et

185 2263 316 2292 Romanis
331 2264 480 2297 scribente,
496 2271 571 2290 amor
592 2270 663 2290 meus
684 2262 827 2296 cruciﬁxus
845 2265 894 2293 est,
910 2260 974 2288 Dio-

184 2311 279 2346 nysius
291 2317 363 2337 nunc
373 2309 517 2337 Timotheo
532 2308 657 2336 scribens
671 2308 754 2344 hujus
768 2307 904 2340 meminit,
919 2307 973 2335 vel-

187 2357 227 2383 uti
243 2356 366 2391 ignatius
380 2359 460 2383 antea
476 2355 649 2390 scripsisset;
669 2357 697 2382 et
720 2361 755 2382 ne
778 2354 849 2382 forte
869 2353 904 2381 ab
923 2353 974 2380 alia

185 2411 241 2438 quo
257 2402 439 2429 litteratorum
456 2401 628 2428 extrinsecus
655 2400 820 2435 appositum,
837 2399 870 2427 ad
885 2398 974 2434 perfe-

186 2447 299 2474 ctiorem
316 2453 411 2473 eerum
430 2453 490 2481 qua:
505 2445 539 2474 de
551 2445 644 2473 divino
663 2453 756 2473 amore
770 2452 785 2472 ιι
801 2447 896 2472 sancto
910 2443 975 2471 Dio-

184 2492 265 2528 nysio
291 2492 365 2519 dicta
389 2492 500 2519 fuerunt
527 2491 778 2523 conﬁrmationem,
805 2495 900 2525 postea
925 2497 974 2524 per

187 2538 369 2574 ignorantiam
389 2537 504 2565 internis
523 2537 655 2564 insertum
671 2537 716 2569 sit,
730 2537 803 2572 quod
827 2536 855 2563 in
878 2535 973 2564 multis

187 2591 258 2619 saepe
275 2583 410 2610 accidisse
432 2583 575 2616 novimus;
600 2582 734 2618 siquidem
749 2582 831 2610 etiam
851 2581 910 2609 sine
922 2581 973 2609 hac

188 2634 264 2666 parte
288 2636 389 2664 corpus
414 2629 547 2656 orationis
560 2628 695 2664 integrum
711 2627 905 2662 constituitur;
926 2631 974 2654 aut

189 2675 315 2703 iortassis
342 2675 406 2710 quia
436 2674 569 2701 familiare
600 2674 652 2709 ipsi
678 2677 738 2701 erat
764 2673 885 2705 ell‘atum,
901 2673 974 2701 sicut

188 2722 268 2749 etiam
285 2720 319 2748 ab
333 2720 428 2748 eodem
443 2727 514 2755 sepe
532 2719 675 2748 dicebatur
689 2723 716 2748 et
730 2718 902 2748 scribebatur
915 2719 968 2746 θεο-

1018 1662 1220 1698 ταγενεστέρων
1232 1661 1385 1697 μεμνῆσθαι
1395 1670 1402 1694 ;
1412 1660 1528 1695 Πλάσμα
1535 1658 1562 1686 δὲ
1572 1659 1618 1685 καὶ
1632 1658 1710 1684 τοῦτο
1719 1656 1814 1684 δοκοῦν

1019 1709 1126 1740 αὐτοῖς·
1151 1708 1165 1734 ὁ
1187 1708 1241 1743 γὰρ
1266 1707 1344 1741 ἅγιος
1361 1706 1476 1738 Παῦλος,
1496 1707 1510 1732 ὁ
1526 1705 1646 1740 φωτίσας
1661 1703 1809 1735 Διονύσιον,

1021 1753 1247 1790 μεταγενέστερος
1259 1750 1293 1788 ἦν
1310 1752 1348 1788 τῷ
1361 1752 1449 1788 χρόνῳ
1463 1750 1510 1777 τοῦ
1528 1749 1605 1784 ἁγίου
1621 1749 1737 1784 Πέτρου,
1751 1748 1812 1784 μεθ’

1019 1800 1049 1827 ὃν
1073 1800 1087 1826 ὁ
1107 1799 1236 1834 Ἰγνάτιος
1251 1798 1400 1829 ἐπίσκοπος
1416 1797 1519 1831 γίνεται
1540 1795 1712 1830 Ἀντιοχείας,
1730 1802 1812 1830 its-ta.-

1019 1846 1142 1876 τεθέντος
1157 1843 1260 1880 Πέτρου
1276 1843 1304 1870 ὲν
1321 1842 1414 1879 Ῥώμῃ
1424 1850 1431 1857 ’
1448 1842 1564 1877 ἐπέζησε
1577 1841 1606 1867 δὲ
1619 1842 1634 1867 ὁ
1648 1841 1724 1875 ἅγιος
1738 1839 1813 1867 Παῦ-

1020 1891 1066 1923 λος
1088 1890 1183 1927 χρόνον
1204 1889 1297 1921 πολὺν,
1314 1887 1351 1924 [ὁ]
1366 1888 1485 1923 φωτίσας
1500 1887 1646 1920 Διονύσιον,
1661 1886 1707 1913 καὶ
1720 1885 1813 1912 Διονύ-

1022 1946 1079 1969 σιος
1103 1937 1161 1972 μετ’
1175 1935 1256 1962 αὑτὸν
1271 1935 1367 1970 ἔζησεν
1378 1943 1384 1949 ·
1401 1935 1416 1961 ὁ
1431 1934 1459 1961 δὲ
1473 1933 1666 1970 εὐαγγελιστὴς
1688 1933 1813 1969 Ἰωάννης

1021 1983 1068 2009 ἐπὶ
1084 1981 1246 2018 Δομετιανοῦ
1261 1980 1412 2017 ὲξορίζεται
1426 1981 1466 2012 είς
1477 1978 1606 2014 Πάτμον·
1617 1976 1639 2014 ᾧ
1649 1980 1812 2015 ἀντιγράφει

1021 2029 1172 2060 Διονύσιος·
1196 2027 1323 2062 Ἰγνάτιος
1351 2027 1379 2054 δὲ
1405 2026 1459 2062 πρὸ
1481 2025 1644 2062 Δομετιανοῦ
1660 2027 1810 2062 μαρτυρεῖ’

1021 2075 1092 2101 ὥστε
1107 2074 1319 2110 προγενέστερος
1333 2073 1480 2099 Διονυσίου.

1064 2169 1090 2195 '0
1101 2168 1171 2203 ἐμὸς
1186 2168 1268 2202 ἔρως.
1289 2166 1422 2202 Ζητητέον
1448 2165 1508 2198 πῶς
1533 2163 1580 2191 ἐπὶ
1600 2164 1742 2200 Ὀνησίμου
1762 2162 1810 2190 τοῦ

1025 2215 1093 2251 μετὰ
1108 2214 1239 2250 Τιμόθεον
1255 2210 1384 2247 Ἰγνατίου
1391 2211 1594 2248 διαλεγομένου,
1603 2211 1651 2238 καὶ
1660 2210 1812 2246 γράφοντος

1029 2261 1174 2296 Ῥωμαίοις
1197 2259 1243 2292 τὺ,
1266 2258 1338 2294 ἐμὸς
1360 2259 1434 2293 ἔρως
1455 2258 1651 2292 ἐσταύρωται,
1675 2256 1812 2288 Διονύσιος

987 2297 1010 2325 D
1023 2307 1071 2334 νῦν
1085 2306 1208 2342 Τιμοθέῳ
1221 2305 1334 2342 γράφων
1350 2304 1444 2331 τούτου
1464 2304 1608 2342 μέμνηται,
1624 2302 1662 2334 ὡς
1681 2302 1811 2336 Ἰγνατίου

1023 2353 1073 2388 ἤδη
1088 2351 1258 2387 γράψαντος·
1276 2351 1323 2378 καὶ
1336 2350 1441 2386 μήποτε
1457 2349 1532 2385 παρά
1546 2357 1618 2381 τινος
1639 2348 1693 2375 τῶν
1708 2348 1812 2383 φιλολό-

1022 2407 1078 2433 γων
1093 2398 1144 2430 ἔξω
1160 2396 1322 2433 παρατεθὲν,
1334 2395 1402 2432 πρὸς
1416 2395 1526 2422 πλείονα
1542 2395 1670 2422 σύστασιν
1683 2395 1736 2421 τῶν
1747 2395 1812 2430 περὶ

1023 2445 1095 2471 θείου
1112 2444 1213 2481 ἔρωτος
1234 2443 1273 2479 τῷ
1296 2442 1365 2478 ἁγίῳ
1379 2442 1509 2478 Διονυσίῳ
1522 2441 1683 2478 εἰρημένων,
1699 2440 1811 2476 ὓστερον

1023 2490 1094 2518 κατὰ
1114 2491 1225 2526 ἄγνοιαν
1239 2489 1294 2517 ἔσω
1307 2488 1486 2525 παρενετέθη,
1502 2488 1570 2523 ὅπερ
1584 2489 1613 2514 ὲν
1627 2487 1733 2518 πολλοῖς
1747 2485 1812 2512 πολ-

1022 2538 1101 2570 λάκις
1114 2537 1257 2573 γενόμενον
1271 2536 1391 2571 ἔγνωμεν
1400 2543 1406 2550 ·
1424 2535 1472 2562 καὶ
1485 2535 1539 2572 γὰρ
1553 2534 1613 2570 δίχα
1627 2532 1721 2560 τούτου
1737 2533 1812 2559 ίστα-

1023 2591 1068 2609 ται
1086 2581 1296 2618 άπαραλείπτως
1310 2580 1341 2606 τὸ
1356 2579 1434 2615 σῶμα
1447 2578 1494 2606 τοῦ
1518 2578 1596 2613 λόγου
1607 2583 1614 2594 ⁴
1632 2577 1649 2614 ἢ
1663 2577 1734 2613 τάχα
1750 2575 1813 2602 σύν-

1024 2627 1088 2664 ηθες
1111 2627 1186 2663 αὐτῷ
1207 2625 1276 2653 εἶναι
1298 2625 1480 2661 ἀπόφθεγμα,
1496 2622 1534 2657 ὡς
1555 2623 1648 2651 καὶτὸ
1670 2624 1812 2658 θεοφόρος

1024 2673 1153 2705 πολλάκις
1164 2671 1239 2708 αὺτῷ
1253 2671 1396 2707 λεγόμενόν
1405 2680 1436 2698 τε
1445 2671 1491 2698 καὶ
1504 2670 1675 2707 γραφόμενον
1687 2678 1693 2685 ·
1705 2669 1812 2705 τεκμὴ-

1026 2728 1082 2756 ριον
1096 2719 1124 2746 δὲ
1136 2718 1168 2745 τδ
1184 2718 1221 2754 μὴ
1230 2717 1416 2753 προσκεῖσθαι,
1431 2717 1542 2753 Γράφει
1555 2715 1588 2744 δέ
1602 2724 1674 2750 τισι,
1687 2714 1814 2743 τουτέστι

646 2809 764 2837 νΑιιιΕ
784 2807 975 2838 LECTIONES
991 2807 1035 2836 ET
1053 2806 1329 2836 CORRECTIONES.

244 2901 266 2914 ”
285 2899 474 2934 ιιαθαρότησινι
