1926 3062
111 170 161 198 265

487 171 518 199 S.
537 169 662 199 MAXIM]
682 169 831 198 SCHOLIA
847 162 881 196 ῙΝ
900 167 964 197 LIB.
979 164 1024 196 DE
1041 160 1168 196 DlViNIS
1185 167 1386 197 NOMINIBUS.

1676 165 1728 195 266

117 227 274 261 Ῥωμαίοις·
299 228 356 255 ἀλλ’
370 228 472 262 ἁπλῶς,
495 230 606 264 Γράφει
624 228 659 256 δὲ
678 229 726 256 καὶ
752 229 768 256 ὀ
788 228 866 263 θεῖος
875 229 890 244 ⁷⁴

957 228 1033 264 φόρος
1046 227 1144 262 deifer;
1159 231 1349 263 argumentum
1372 231 1463 255 autem
1485 227 1727 254 demonstrativum

116 273 251 310 Ἰγνάτιος
259 295 266 303 .

143 405 196 431 Καὶ
211 404 246 431 ἐν·
271 404 335 438 ταῖς
358 405 599 440 προεισαγωγιαῖς.
626 404 838 440 ’Ῑῐέπιςιτητεέον⁷¹⁷
853 405 893 431 ὅτι

110 451 314 487 ¹ινροεισειιγωγὰς
328 451 404 477 καλεῖ
416 451 466 486 τῆς
482 451 557 483 θείας
569 451 681 487 Γραφῆς
700 450 734 477 τὰ
756 450 894 486 Σολομῶν-

108 497 194 528 τοςπ,
209 497 255 531 ἀφ’
272 493 302 523 06
318 497 411 524 καὶτὰ
426 497 505 533 ῥητά.

138 539 184 579 la]
200 543 259 570 Ὅτι
274 544 290 579 ἡ
308 543 401 580 ἀγάπη
418 543 507 580 ἔρωτα
525 543 608 579 δηλοῖ,
624 543 672 570 καὶ
695 543 737 570 ὅτι
759 542 893 578 θείοτερον

108 589 190 626 δνομα
202 589 248 616 τοῦ
263 589 373 626 ἔρωτος.

142 636 182 673 [β]
203 637 270 670 Τοῖς
291 637 380 670 θείοις
391 636 523 671 μᾶλλον.
543 636 592 663 Διὰ
607 637 634 663 τί
649 637 705 668 τοῖς
727 636 809 668 θείοις
823 635 892 671 μᾶλ-

107 680 151 709 λον
165 682 322 709 ἀνατιθέασι
338 682 382 709 τὸν
397 682 480 714 ὅντως
495 682 584 719 ἔρωτα
599 684 623 709 οί
639 682 767 717 θεολόγοι.

138 727 180 765 [γ]
202 728 243 756 Τὰ
265 728 375 762 πλήθη.
398 728 564 764 Σημείωσαι,
575 729 615 756 ὄτι
626 727 695 764 πρὸς
707 727 847 764 ὃχωροῦσι
857 727 891 754 τὰ

104 774 203 810 πλήθη,
221 774 262 801 δεῖ
275 775 323 801 καὶ
338 776 398 806 ταῖς
411 774 500 806 λέξεσι
509 774 627 810 χρῆσθαι
639 782 645 789 ·
659 774 732 808 λέγει
743 774 771 800 δὲ
784 773 810 800 τί
820 775 892 801 ποιεῖ

103 821 117 847 6
132 819 210 856 ἔρως,
226 821 274 847 καὶ
296 820 360 856 περὶ¹
382 820 429 847 δύο
452 820 572 856 ἐρώτων,
587 819 658 846 θείου
681 819 728 846 καὶ
751 819 889 855 μεριστοῦ,

103 863 160 902 ἦτοι
177 866 418 902 σωματοπρεποῦς.

945 277 988 301 est
1012 274 1075 309 quia
1097 281 1152 301 non
1169 273 1285 301 habetur
1301 283 1308 301 :
1325 273 1416 300 scribit
1440 281 1499 300 vero
1516 272 1685 308 quibusdam,
1701 271 1728 298 id

945 324 988 348 est
1002 319 1152 347 Romanis:
1168 319 1216 347 sed
1241 319 1410 354 simpliciter,
1428 318 1524 346 Scribit
1546 326 1605 346 vero
1624 318 1728 345 divinus

947 365 1078 401 Ignalius.

981 412 1015 438 Et
1029 410 1390 447 pmviisintroductiunibus.
1411 409 1558 437 Sciendum
1579 408 1652 445 quod
1673 409 1730 444 pri—

944 463 1004 484 mas
1029 456 1214 483 institutiones
1241 455 1340 482 divinae
1368 453 1516 490 Scriptura:
1539 458 1617 482 vocet
1644 454 1728 482 libros

945 500 1100 530 Salomonis
1118 509 1152 529 ex
1168 509 1222 536 quo
1236 500 1318 528 etiam
1331 500 1413 528 verba
1427 501 1579 535 desumpta.

978 546 1056 580 Quod
1075 547 1197 575 charitas
1216 554 1336 574 amorem
1355 546 1506 581 signiﬁcet,
1528 547 1608 582 cujus
1628 554 1728 575 nomen

942 593 1061 621 divinius
1078 599 1127 622 cst.

978 637 1081 666 Divinis
1095 639 1195 673 potius.
1215 638 1272 666 Cur
1286 638 1388 666 divinis
1402 638 1493 674 potius
1508 637 1659 666 attribuant
1681 646 1730 666 ve‘

942 693 1003 712 rum
1020 692 1140 713 amorem
1156 685 1286 721 theologi.

984 729 1093 765 Vulgus.
1113 730 1183 757 Nota
1208 738 1258 765 pro
1279 734 1360 766 captu
1375 730 1448 766 vulgi
1464 730 1546 758 etiam
1561 729 1729 758 dictionibus

941 776 1091 810 utendum;
1103 777 1169 804 dicit
1182 779 1284 809 autem,
1297 776 1362 811 quid
1377 776 1460 803 faciat
1470 783 1557 809 amor,
1573 776 1682 811 agitque
1694 776 1728 804 de

940 821 1047 849 duobus
1062 822 1213 855 amoribus,
1230 821 1323 849 divino
1340 825 1367 849 et
1385 821 1516 849 divisibili
1535 829 1584 850 seu
1603 822 1728 857 corporis

941 875 1064 904 proprio.

138 912 175 948 [δ]
183 913 229 945 Ὠς
235 912 483 948 δυσχερέστερον.
497 913 540 944 Ὠς
547 911 754 948 διαϐεϐλημένον
759 911 889 948 δηλονότι.

977 913 1087 942 Durius.
1109 913 1242 942 Videlicet
1255 917 1386 949 tanquam
1403 913 1637 949 reprehensivum.

137 957 174 994 [ε]
201 959 354 992 Ἑπέπεσε,
366 959 412 992 τίς
424 967 527 993 φησιν.
550 958 578 985 Ὁ
588 958 668 985 Δαυὶδ
680 957 753 992 λέγει
767 958 833 994 περὶ
845 957 891 984 τοῦ

109 1004 234 1032 Ἱωνάθαν
249 1006 277 1031 ὲν
291 1007 324 1041 τῇ
338 1005 435 1042 πρώτῃ
446 1006 499 1032 τῶν
514 1004 673 1032 Βασιλειῶν.

138 1049 182 1086 [ς]
203 1049 341 1078 Τάττεται
364 1050 439 1085 πρὸς
453 1050 512 1078 τῶν
527 1050 623 1085 ιερῶν.
644 1051 705 1077 Ὀτι
722 1046 756 1077 τὸ
768 1050 836 1078 αὐτὸ
848 1049 893 1077 δύ-

101 1104 180 1124 ναται
190 1097 285 1133 ἀγάπη
296 1097 343 1124 καὶ
351 1097 431 1132 ἔρως,
447 1097 494 1124 καὶ
504 1096 546 1129 τίς
555 1097 573 1132 ἡ
585 1097 632 1124 τοῦ
647 1096 746 1133 ἔρωτος
756 1096 890 1132 ἐνέργεια.

137 1142 176 1179 [ζ]
188 1142 401 1178 Συγκρατικῆς.
423 1142 551 1170 Τουτέστι
569 1143 757 1178 συγκιρνώσης
766 1143 800 1169 τὰ
810 1142 892 1179 ἐρῶν-

100 1197 134 1216 τα
143 1189 168 1205 ’³
182 1189 251 1225 πρὸς
264 1189 376 1225 ἄλληλα.

137 1234 177 1271 [η]
198 1235 251 1262 Διὰ
267 1235 301 1262 τὸ
319 1235 425 1263 καλόν.
447 1235 536 1271 Ὅπερ
558 1233 635 1262 εἶπεν
658 1235 723 1267 ἄνω,
738 1235 779 1262 ὃτι
794 1236 809 1262 ὁ
822 1235 892 1266 θεῖος

100 1281 180 1317 ἔρως,
196 1281 381 1318 προῦπάρχων
396 1282 431 1308 ἐν
451 1280 493 1314 τῷ
508 1281 618 1316 ἀγαθῷ,
634 1281 710 1308 ἔτεκε
724 1281 770 1308 τὸν
784 1281 812 1308 ὲν
826 1281 892 1316 ἡμῖν

100 1326 198 1364 ἔρωτα,
216 1327 248 1354 δι’
262 1324 292 1354 οὗ
310 1327 363 1355 τοῦ
379 1327 491 1362 ἀγαθοῦ
505 1326 649 1362 ἐφιέμεθα.

137 1373 235 1409 ςΧιιι.
257 1373 295 1410 [0]
322 1373 519 1406 ’Euo’catmdq.
541 1373 609 1409 Περὶ
627 1373 783 1405 ἐκστάσεως
795 1373 892 1408 ἐρωτι-

98 1420 151 1455 πῆς
164 1421 212 1447 καὶ
228 1421 242 1447 ὁ
254 1420 335 1447 Δαυίδ
343 1428 349 1435 ·
374 1419 443 1455 Ἐγὼ
459 1419 546 1446 εἷπον
555 1420 590 1446 ἐν
605 1419 644 1454 τῇ
652 1419 794 1446 ἐκστάσει
801 1427 871 1454 μου.

144 1511 338 1546 Ἐξεστηκώς.
352 1512 518 1549 Σημεὶωσαι,
535 1512 596 1544 πῶς
608 1513 709 1539 νοεῖται
718 1511 743 1528 ⁷⁸
757 1511 796 1538 τό·
819 1510 892 1543 Ἐξε-

98 1559 219 1593 σγηκὼς
233 1559 304 1592 Θεῷ.

135 1605 315 1640 Τολμητέον.
339 1605 400 1632 Ὀτι
414 1605 462 1632 καὶ
475 1605 489 1632 ὁ
502 1604 568 1636 Θεὸς
585 1604 694 1632 πάντων
708 1604 776 1640 ἐρᾷ.

134 1695 182 1722 Διὸ
192 1695 240 1723 καὶ
251 1695 394 1729 ζηλωτήν.
414 1695 494 1722 Κατὰ
503 1695 529 1721 τί
540 1695 648 1729 λέγεται
658 1694 782 1731 ζηλωτὴς
791 1695 806 1721 ὸ
815 1692 891 1726 Θεὸς,

97 1739 136 1775 ὡς
152 1742 271 1778 ἐραστὴς
284 1742 335 1777 τῆς
350 1742 459 1769 πάντων
473 1741 618 1777 σωτηρίας.

137 1827 152 1864 §
164 1827 234 1856 XIV.
243 1827 277 1855 Τί
290 1827 324 1855 δὲ
331 1823 418 1862 ὅλως.
427 1829 482 1866 Τῆς
491 1829 539 1865 μὲν
547 1829 658 1864 ἀγάπης
671 1826 772 1855 καὶτοῦ
787 1827 890 1863 ἔρωτος

102 1874 184 1901 αὐτὸν
197 1874 299 1910 δηλαδὴ
311 1875 355 1901 τὸν
372 1875 438 1902 Θεὸν
445 1874 581 1912 προϐολέα
591 1874 658 1910 φησὶ
665 1874 713 1902 καὶ
727 1874 889 1910 γεννήτορα-

97 1920 180 1951 αὐτὸς
199 1920 254 1957 γὰρ
275 1921 361 1948 ταῦτα
381 1922 410 1949 ὲν
434 1921 523 1958 ἑαυτῷ
542 1921 606 1948 ὅντα
631 1921 787 1957 προήγαγεν
804 1921 844 1951 είς
857 1919 892 1947 τὰ

97 1966 189 1998 ἐκτὸς,
200 1966 324 1994 τουτέστι
334 1967 368 1994 τὰ
380 1967 443 2004 περὶ
455 1967 490 1994 τὰ
505 1967 656 2003 κτίσματα”
669 1966 716 1994 καὶ
731 1966 802 1994 κατὰ
813 1966 892 1994 τοῦτο

97 2012 220 2048 εἴρηται·
243 2013 269 2039 '0
294 2012 365 2046 Θεὸς
386 2010 486 2048 ἀγάπη
509 2013 586 2045 ἐστὶ,
609 2013 655 2040 καὶ
678 2013 707 2040 ὲν
726 2012 766 2048 τῷ
789 2012 891 2048 ᾄσματι

95 2057 199 2094 ὁμοίως
221 2057 321 2094 ἀγάπη
341 2060 464 2095 εἴρηται·
488 2059 536 2086 καὶ
560 2058 641 2085 πάλιν
656 2058 831 2093 τλυκασμὸς
845 2056 892 2084 καὶ

95 2104 250 2139 ἐπιθυμία,
265 2105 280 2131 ὅ
295 2106 368 2131 ἐστιν
391 2105 480 2139 ἔρως·
498 2104 529 2131 τὸ
543 2103 572 2131 δὲ
587 2103 728 2139 ἀγαπητὸν
748 2104 795 2130 καὶ
807 2103 893 2135 ὅντως

95 2150 215 2186 ἐραστὸν
222 2147 303 2182 αὐτός
314 2151 383 2177 ἐστι.
396 2150 441 2185 Τῷ
452 2150 501 2186 μὲν
511 2148 558 2177 οὖν
567 2150 613 2176 τὸν
622 2149 792 2185 ἀγαπητικὸν
802 2149 892 2185 ἔρωτα

97 2197 130 2229 ἑξ
136 2196 219 2223 αὑτοῦ
227 2197 398 2233 προχεῖσθαι,
415 2197 496 2228 αὐτὸς
510 2195 644 2224 κινεῖσθαι
653 2195 761 2230 λέγεται
771 2196 786 2222 ὁ
796 2195 890 2222 τούτου

975 960 1085 993 Cecidit,
1097 961 1136 987 ait
1148 959 1254 996 aliquis.
1268 958 1352 987 David
1367 959 1401 987 de
1415 958 1532 987 Jonatlia
1547 959 1613 987 dicit
1627 959 1712 994 in'pri

942 1014 986 1034 mo
1002 1005 1116 1042 Regum.

979 1052 1092 1080 Ponitur
1110 1061 1127 1079 a
1145 1053 1241 1079 sacris.
1262 1051 1335 1080 idem
1351 1051 1507 1087 signiﬁcare
1521 1051 1682 1079 charitatem
1700 1057 1728 1080 ct

942 1106 1073 1132 amorem,
1090 1106 1122 1126 ac
1137 1106 1198 1134 qua:
1212 1099 1248 1127 sit
1263 1099 1365 1126 amoris
1380 1098 1511 1126 elﬁcacia.

976 1143 1214 1178 Contemperantis.
1234 1142 1262 1171 Id
1278 1146 1331 1176 est,
1346 1143 1417 1171 inter
1431 1151 1461 1171 se
1470 1143 1611 1172 miscentis
1624 1150 1657 1171 ea
1667 1148 1728 1178 quat

941 1194 1044 1217 amant.

979 1235 1059 1272 ιω
1077 1235 1189 1271 Propter
1203 1236 1353 1270 pulchrum.
1372 1235 1450 1269 Quod
1465 1234 1533 1262 dixit
1545 1238 1642 1267 antea,
1658 1235 1729 1262 divi-

941 1290 1007 1309 num
1019 1289 1141 1309 amorem
1165 1282 1398 1317 praeexsistentem
1419 1282 1447 1309 in
1462 1281 1529 1308 bono
1544 1281 1683 1316 peperisse
1697 1281 1727 1308 in

941 1327 1022 1355 nobis
1036 1335 1168 1360 amorem.
1187 1335 1236 1363 per
1248 1335 1329 1364 quem
1345 1328 1446 1355 bonum
1460 1327 1627 1362 appetimus.

977 1374 991 1410 θ
1006 1373 1076 1402 XI-ll.
1098 1373 1264 1401 Exstaticus.
1285 1373 1323 1401 De
1332 1375 1434 1402 exstasi
1445 1374 1547 1401 amoris
1559 1373 1616 1401 sive
1626 1373 1729 1401 virtute

941 1427 995 1455 qua
1020 1424 1138 1448 mentem
1161 1419 1196 1447 de
1218 1426 1270 1447 suo
1288 1423 1361 1447 statu
1375 1419 1505 1452 dimovet,
1520 1418 1604 1446 David
1620 1419 1702 1446 etiam
1718 1426 1726 1447 ι

941 1465 998 1500 Ego
1014 1465 1072 1492 dixi
1086 1465 1113 1492 in
1126 1473 1236 1492 excessu
1249 1465 1337 1492 meob.

977 1511 1030 1545 Qui
1043 1512 1164 1539 excessit.
1184 1510 1304 1539 Observa
1313 1510 1450 1546 quomodo
1458 1510 1627 1545 intelligatur
1635 1509 1707 1538 istud
1719 1519 1725 1537 :

942 1557 994 1591 Qui
1007 1557 1118 1584 excessit
1133 1557 1198 1584 Deo.

976 1603 1144 1630 Audendum.
1175 1603 1266 1638 Ipsum
1297 1610 1406 1638 quoque
1432 1601 1517 1629 Deum
1544 1608 1636 1630 amare
1663 1602 1728 1629 uni.

941 1657 1031 1677 versa.

977 1694 1054 1722 Hanc
1073 1695 1104 1721 ob
1122 1703 1232 1722 causam
1246 1695 1325 1722 etiam
1340 1694 1449 1722 zelotem
1463 1693 1548 1720 illum.
1567 1693 1629 1726 Quo
1643 1701 1727 1722 sensu

941 1741 1014 1770 Deus
1038 1741 1147 1769 dicatur
1174 1741 1287 1773 zelotes,
1310 1740 1385 1768 velut
1414 1743 1520 1767 amator
1546 1739 1645 1767 salutis
1669 1747 1729 1767 om—

941 1785 1028 1813 nium.

978 1831 992 1866 ς
1006 1826 1077 1859 XIV.
1098 1829 1170 1864 Quid
1183 1837 1262 1864 porro
1276 1829 1393 1858 tandem.
1413 1829 1563 1857 Charitatls
1578 1829 1687 1865 quidem
1701 1835 1730 1857 et

942 1876 1055 1909 amoris,
1071 1876 1162 1912 ipsum
1177 1883 1275 1911 nempe
1290 1874 1534 1908 Deum,auctorem
1547 1878 1575 1903 et
1585 1880 1730 1911 generato-

941 1928 998 1948 rem
1014 1920 1069 1954 ait;
1081 1920 1141 1956 ipse
1154 1920 1226 1948 enim
1240 1920 1298 1948 haec
1313 1928 1374 1956 qua:
1385 1921 1456 1948 intra
1471 1920 1561 1955 ipsum
1572 1925 1652 1948 erant
1663 1928 1729 1957 pro-

941 1967 1020 1995 duxit
1045 1967 1080 1995 ad
1102 1971 1191 1999 extra,
1208 1967 1235 1995 id
1254 1971 1297 1995 est
1310 1971 1468 2001 creaturas;
1490 1966 1597 2002 hacque
1623 1968 1729 1995 ratione

941 2012 1043 2041 dicitur
1058 2023 1065 2041 :
1082 2013 1152 2041 Deus
1163 2013 1282 2041 charitas
1293 2018 1365 2046 es”,
1381 2021 1414 2042 ac
1435 2015 1464 2042 in
1478 2016 1587 2043 cantico
1602 2015 1729 2043 similiter

941 2059 1057 2087 charitas
1073 2063 1203 2094 vocatur;
1218 2067 1369 2095 rursusque
1390 2059 1500 2088 dulcedo
1522 2065 1549 2088 et
1569 2060 1730 2088 desiderium

941 2106 1014 2141 quod
1027 2110 1070 2134 est
1083 2114 1174 2139 amor;
1198 2106 1257 2142 ipse
1268 2110 1359 2134 autem
1373 2111 1416 2134 est
1429 2106 1456 2133 id
1472 2106 1545 2141 quod
1562 2113 1625 2134 vere
1639 2106 1730 2143 diligi-

940 2152 995 2181 bile
1009 2159 1042 2179 ac
1063 2153 1199 2187 amabile;
1217 2155 1351 2187 quatenus
1364 2159 1429 2187 ergo
1442 2152 1593 2179 amatorius
1606 2158 1683 2179 amor
1696 2160 1729 2179 ex

942 2198 1002 2234 ipso
1020 2202 1175 2233 promanat,
1193 2198 1252 2233 ipse
1265 2197 1347 2233 hujus
1366 2198 1473 2233 genitor
1487 2196 1591 2225 moveri
1606 2196 1727 2230 dicitur;

94 2244 238 2278 γεννήτωρ
249 2249 255 2257 “
271 2243 309 2278 τῷ
323 2243 351 2269 δὲ
367 2242 448 2269 αὑτὸν
462 2242 534 2269 εἶναι
550 2241 581 2269 τὸ
596 2241 703 2278 ἀληθῶς
718 2240 831 2278 ὲραστὸν
844 2242 890 2268 καὶ

957 2247 1079 2278 |uatenus
1096 2245 1186 2271 autern
1205 2246 1247 2270 est
1270 2243 1297 2270 id
1320 2242 1393 2278 quod
1409 2250 1473 2270 vere
1487 2241 1604 2270 amabile
1619 2249 1653 2270 ac
1665 2241 1729 2270 dili-

95 2290 251 2325 ἀγαπητὸν,
270 2290 342 2316 κινεῖ
354 2288 389 2315 τὰ
410 2288 479 2325 πρὸς
500 2288 580 2315 τοῦτο
594 2287 700 2321 ὁρῶντα
709 2288 744 2319 ⁷⁵,
759 2287 806 2314 καὶ
819 2284 859 2319 οἷς
873 2287 890 2322 ἡ

93 2336 146 2363 τοῦ
161 2335 284 2371 ἐφίεσθαι
298 2335 411 2370 δύναμις
424 2334 562 2369 ἀναλόγως
577 2334 678 2365 αὐτοῖς.

139 2381 283 2416 Ἐραστὸν
303 2381 352 2408 καὶ
376 2380 540 2416 ἀγαπητόν.
560 2379 772 2416 Προσαγωγικὸν
786 2379 834 2406 καὶ
850 2388 892 2406 κιε

93 2428 208 2465 νητικὸν
231 2428 301 2464 πρὸς
321 2427 456 2463 ἐρωτικὴν
478 2426 625 2461 συνάφειαν
645 2426 693 2462 τὴν
715 2426 743 2452 ὲν
756 2425 892 2461 πνεύματι

92 2475 144 2502 τὸν
170 2474 236 2501 Θεὸν
260 2472 328 2501 εἷναί
355 2482 400 2509 μοι
421 2473 488 2506 νόει,
504 2473 627 2500 τουτέστι
645 2473 757 2508 μεσίτην
779 2472 892 2508 ταύτης,

93 2521 147 2549 καὶ
162 2521 231 2557 πρὸς
244 2519 339 2547 ἑαυτὸν
355 2519 544 2556 συναρμοστὴν
554 2519 602 2546 τοῦ
617 2519 730 2555 ἐρᾶσθαι
745 2518 825 2546 αὑτὸν
840 2515 894 2545 ὑπὸ

93 2567 152 2594 τῶν
164 2567 247 2594 αὑτοῦ
255 2567 279 2583 ⁷⁸
294 2567 455 2602 ποιημάτων
471 2564 517 2592 καὶ
530 2565 688 2600 ἀγαπᾶσθαι
696 2574 702 2580 ’
719 2563 855 2601 κινητικὸν
864 2563 892 2592 δέ

95 2621 194 2648 φησιν,
204 2613 243 2645 ὡς
255 2612 382 2640 κινοῦντα
396 2612 500 2639 ἕκαστα
508 2612 542 2643 ⁷⁷,
554 2611 625 2638 κατὰ
639 2611 685 2637 τὸν
699 2611 798 2638 οἰκεῖον
814 2610 893 2644 λόγον

153 2702 167 2722 δ
180 2703 253 2731 Psal.
269 2711 330 2735 cxv,
353 2702 395 2730 Η.
435 2709 446 2722 ε
464 2701 541 2730 loan.
558 2710 597 2734 tv,
612 2702 656 2730 16.

944 2290 1036 2326 gibile,
1053 2295 1143 2318 movet
1166 2296 1227 2324 quas
1245 2289 1317 2317 hunc
1339 2288 1500 2324 respiciunt,
1516 2293 1543 2316 et
1565 2288 1665 2324 quibus
1685 2289 1728 2317 vis

944 2336 1090 2372 appetendi
1107 2337 1246 2363 convenit.

976 2381 1126 2409 Amabilem
1136 2389 1167 2408 ac
1181 2381 1315 2408 dilectum.
1336 2380 1458 2416 Intellige
1468 2380 1553 2408 Deum
1565 2380 1664 2408 habere
1674 2381 1728 2407 vim

944 2427 1098 2456 adducendi
1112 2427 1146 2455 ad
1159 2426 1319 2454 amatoriam
1343 2427 1370 2454 in
1391 2427 1490 2461 spiritu
1504 2426 1731 2454 communicatio-

943 2482 1016 2508 nem,
1028 2474 1056 2502 id
1075 2477 1119 2502 est
1138 2472 1222 2507 hujus
1245 2472 1434 2503 mediatorem,
1463 2479 1496 2500 ac
1529 2479 1578 2506 per
1607 2472 1730 2507 seipsum

943 2519 1146 2547 conciliatorem
1161 2526 1232 2548 esse.
1249 2521 1278 2544 ut
1293 2518 1351 2552 ipse
1365 2525 1380 2544 a
1401 2517 1460 2545 suis
1473 2516 1610 2544 creaturis
1623 2520 1731 2544 ametur

944 2572 977 2593 ac
992 2565 1138 2600 diligatur;
1157 2563 1225 2591 dicit
1235 2566 1329 2590 autem
1344 2563 1399 2590 vim
1414 2561 1540 2590 movendi
1555 2561 1667 2594 habere,
1683 2564 1731 2587 aut

946 2615 1099 2639 moventem
1125 2610 1232 2646 singula
1255 2610 1407 2639 secundum
1425 2609 1562 2645 propriam
1583 2608 1729 2636 rationem.

563 2789 683 2818 VARle
703 2786 896 2818 LECTIONES
913 2786 959 2817 ET
978 2784 1254 2832 CQRBECTIONES.

126 2873 153 2889 "°
171 2871 310 2907 θεοφόρος.

94 2906 118 2925 ’⁷
137 2906 265 2935 ἱκαστον.

264 2955 398 2984 Ριτιιοι.
422 2953 481 2984 Gn.
503 2953 558 2985 IV.

358 2871 379 2887 τ’
393 2870 560 2897 ἐπιστατέον.
594 2871 616 2886 "
629 2869 678 2902 τὰς
687 2870 733 2898 τοῦ
753 2871 812 2899 Σολ.
830 2871 949 2907 γραφάς.

994 2870 1016 2886 ⁷³
1031 2868 1152 2895 ένοῦντα.
1197 2866 1219 2882 ⁷⁸
1232 2865 1348 2901 εἴρηται.
1393 2863 1417 2879 ⁷⁵
1433 2860 1548 2896 ἐρῶντα.
1581 2862 1604 2877 ⁷⁸
1621 2862 1729 2891 ἑαυτοῦ.

1540 2940 1560 2971 9
