1926 3062
174 2865 368 2897 ’”⁵”’⁴⁵⁸⁴ὲαυτόν.

195 156 247 183 267

196 220 226 243 ut
250 215 283 242 ad
301 215 389 249 ipsum
415 216 618 242 convertantur.
635 213 720 240 Porro
734 221 832 240 nomen
849 222 977 249 προαγω-
994 220 1017 247 Α

195 262 251 297 για,
264 261 403 295 promotio,
416 260 467 287 etsi
481 259 552 294 apud
570 259 700 293 profanos
714 259 849 293 signiticet
859 267 915 287 rem
931 260 982 286 im-

195 315 301 342 puram,
317 310 436 332 attamen
459 304 505 331 hic
526 304 593 330 dicit
615 304 837 331 intercessionem
852 304 982 332 concilia-

195 353 290 379 tricem
307 352 438 378 unitionis
454 358 515 377 cum
527 350 591 377 Deo.

230 397 262 424 Et
277 397 323 424 illo
334 396 438 432 quidem
452 400 579 422 movetur.
600 394 669 422 Nota
684 395 804 423 divinam
820 397 979 428 motionem,

195 444 223 471 in
245 451 298 478 qua
324 446 459 473 movetur,
473 444 499 468 et
516 441 558 468 sui
577 444 619 467 est
633 444 773 475 promotor
785 445 812 468 et
824 445 926 468 motum
941 441 982 467 fa-

193 490 270 517 ciens
286 489 366 517 Deus.

229 537 267 563 Ac
281 536 393 563 eximite.
413 534 553 562 Amatoria
567 541 629 560 cum
645 533 700 561 Deo
717 533 814 565 unitio,
831 537 941 568 praestat
954 537 980 560 et

193 582 377 617 supereminet
393 580 464 608 omni
480 580 619 612 unitione;
637 579 807 616 ὲξῃρημένην
828 580 910 615 igitur
934 588 977 606 su-

194 627 326 662 periorem
344 629 440 658 vocat;
455 625 522 652 dicit
539 632 605 652 vero
624 632 744 652 amorem
769 625 890 652 divinum
905 626 980 660 prin-

191 673 255 708 cipii
270 676 297 700 et
313 671 374 698 iinis
393 674 541 706 expertem.
557 674 587 698 ut
600 678 634 698 ex
648 671 720 698 hono
734 671 935 705 prooedentem,
952 675 979 698 et

191 719 224 746 ad
239 719 339 746 bonum
356 717 513 745 redeuntem
528 717 607 750 quasi
621 717 766 744 circularis
781 717 876 752 figura,
891 724 978 751 quan-

191 762 338 798 doquidem
352 767 379 790 et
393 762 538 789 circularis
554 762 625 789 linea
646 763 783 789 occultum
801 763 889 795 habet,
906 763 978 790 unde

191 809 344 844 inceperit,
358 812 385 835 et
399 808 445 835 ubi
459 808 591 841 desierit;
609 809 683 843 atqui
701 816 733 835 ex
759 808 820 843 ipso
842 809 978 843 appetitus

191 855 264 886 boni,
281 857 308 882 et
324 854 421 881 iterum
437 854 463 880 in
475 854 564 889 ipsum
585 854 683 888 aspicit
699 863 705 881 :
722 854 749 880 iu
777 854 869 888 seipso
887 858 976 881 autem

189 906 215 928 et
231 905 282 932 est,
300 904 327 928 et
343 900 420 937 14],
438 904 528 927 manet
545 907 622 927 amor
632 900 820 927 connaturalis
834 900 974 931 bonitatis,
992 915 1014 944 Β

190 953 221 972 ac
236 953 332 973 eorum
345 953 406 980 qua:
421 944 454 972 ad
471 945 572 972 bonum
587 945 712 972 tendunt.

225 1033 392 1060 Amatoriam
415 1033 566 1060 motionem.
591 1033 759 1060 Amatoriam
784 1032 849 1059 boni
877 1033 976 1060 motio-

189 1087 261 1111 nem,
277 1079 511 1114 praeexsistentem
529 1079 558 1106 in
572 1080 653 1111 bono,
670 1079 831 1113 simplicem,
845 1086 876 1105 ac
889 1087 936 1114 per
948 1087 977 1106 se

188 1119 348 1157 motionem,
374 1130 455 1161 atque
479 1133 513 1153 ex
537 1126 611 1153 bono
627 1125 855 1160 progredientem,
880 1133 977 1153 rursus

188 1172 216 1198 in
234 1172 304 1199 idem
320 1175 490 1203 convertere,
507 1179 570 1198 cum
592 1171 728 1207 principio
743 1175 770 1198 ct
796 1171 848 1198 line
872 1175 975 1203 careat,

187 1218 260 1252 quod
278 1218 398 1245 declarat
415 1218 564 1253 appetitum
581 1221 705 1244 nostrum
719 1225 784 1252 erga
794 1218 973 1245 divinitatem.

186 1263 255 1290 Nota
273 1271 338 1291 vero
352 1263 482 1299 deinceps
506 1264 598 1291 dicere
617 1268 776 1299 perpetuum
800 1271 862 1291 esse
881 1265 974 1291 orbem

187 1310 215 1338 in
231 1310 312 1342 bono,
327 1310 518 1346 progrediente
533 1309 643 1345 quidem
658 1310 718 1345 ipso
735 1309 768 1336 ad
795 1309 976 1344 intelligihilia

186 1361 214 1384 ct
228 1357 352 1388 sensilia.
370 1357 468 1384 iterum
487 1362 575 1384 autem
593 1357 626 1384 ad
648 1365 678 1385 se
702 1361 865 1391 revertente,
881 1365 913 1384 ac
927 1365 975 1384 ne-

186 1410 239 1438 que
254 1406 356 1436 stante,
372 1410 460 1438 neque
473 1407 609 1430 cessante.

436 1448 478 1475 Ea:
499 1450 558 1476 divo
579 1448 730 1477 "ierat/tea.

221 1495 236 1531 ᾖ
257 1494 314 1522 XV.
336 1495 469 1523 Amorem.
491 1495 570 1523 Disce
589 1495 726 1529 quomodo
748 1503 863 1531 magnus
879 1495 974 1523 Hiero-

185 1542 265 1570 theus
287 1542 388 1578 optime
404 1542 438 1569 de
458 1541 595 1569 laudando
619 1549 710 1569 amore
734 1541 867 1575 disserat;
886 1542 974 1577 primo

184 1588 295 1623 quidem
309 1588 403 1615 dicens
418 1588 508 1623 ipsum
521 1587 655 1619 divinum,
669 1588 887 1623 quandoquidem
903 1588 974 1616 Deus
989 1590 1010 1618 C

185 1635 220 1661 sit
234 1634 334 1662 eximie
349 1642 381 1661 ac
398 1635 457 1661 sine
470 1642 553 1661 causa
569 1635 673 1669 primus
688 1639 784 1662 auctor
803 1635 905 1662 amoris
919 1642 977 1662 eoe-

184 1680 278 1713 lestis;
295 1681 318 1708 si
341 1680 414 1707 enim
431 1687 508 1707 amor
531 1684 574 1707 est
599 1680 731 1712 charitas,
748 1681 819 1708 sicut
834 1685 914 1708 antea
934 1680 976 1708 di-

184 1730 270 1759 ctum,
284 1731 311 1753 et
325 1726 457 1760 scriptum
475 1730 517 1753 est
534 1725 618 1754 Deum
635 1726 798 1754 charitatem
823 1735 893 1760 esse,
918 1735 976 1755 ma-

184 1772 314 1800 nifestum
329 1776 372 1800 est
384 1772 469 1799 Deum
484 1780 545 1800 esse
560 1773 682 1800 omnium
698 1780 818 1801 amorem
827 1781 875 1801 seu
883 1774 977 1801 chari-

184 1823 268 1846 tatem
285 1826 369 1847 unum
383 1818 562 1852 eﬂicientem;
576 1819 651 1846 illinc
662 1819 746 1855 igitur
756 1827 806 1854 per
821 1823 976 1855 transgres-

184 1864 289 1892 sionem
309 1865 482 1900 progreditur
493 1864 527 1891 ad
543 1865 665 1900 angelos,
682 1865 754 1893 unde
764 1865 852 1900 ipsum
867 1873 976 1901 quoque

184 1911 336 1946 angelicum
343 1911 419 1943 dicit,
426 1911 472 1938 ubi
481 1911 598 1939 maxime
606 1911 728 1939 divinum
735 1911 848 1939 unitatis
854 1919 975 1940 amorem

184 1957 285 1991 aliquis
296 1957 424 1991 reperiat,
437 1956 506 1984 nihil
516 1957 587 1984 enim
597 1957 738 1984 dissonum
757 1962 804 1985 aut
815 1958 975 1986 seditiosum

185 2003 256 2038 apud
267 2003 351 2038 ipsos.
369 2002 471 2030 Deinde
482 2006 544 2037 post
561 2003 683 2037 angelos,
695 2008 722 2030 ct
731 2003 926 2038 intelligentem
938 2004 976 2031 ait

184 2056 316 2081 amorem,
332 2048 358 2076 id
373 2053 425 2081 est,
441 2049 469 2076 in
479 2048 548 2076 viris
559 2049 652 2076 divina
663 2049 900 2085 sapientibus.qui
912 2056 977 2078 sunt

184 2094 313 2122 Ecclesize
329 2103 335 2120 :
351 2095 385 2122 de
398 2094 498 2130 quibus
507 2094 610 2122 Paulus
624 2094 691 2122 dicit
703 2105 709 2122 :
725 2095 760 2122 Ut
772 2095 842 2123 idem
854 2095 973 2129 dicatur,

185 2143 213 2167 et
226 2143 324 2167 uetera
336 2139 362 2173 δ,
376 2147 408 2167 ac
419 2139 550 2167 Dominus
565 2149 572 2168 :
591 2139 624 2167 Ut
639 2141 691 2168 sint
704 2149 796 2174 unum,
810 2142 878 2168 sicut
891 2147 916 2168 et
928 2150 975 2169 nos

182 2194 264 2212 unuin
279 2194 369 2213 sumus
385 2191 396 2205 ε
406 2190 449 2220 ;et
459 2186 516 2214 haac
528 2186 638 2222 quidem
655 2186 689 2214 de
703 2187 776 2215 veris
789 2187 953 2216 Christianis
967 2198 973 2215 :

184 2236 279 2268 postea
294 2240 358 2260 vero
375 2232 409 2260 de
423 2233 561 2261 universis
575 2233 745 2266 hominibus,
762 2234 790 2261 in
809 2235 910 2269 quibus
931 2235 972 2262 lex

184 2279 328 2312 amicitiae,
353 2280 502 2308 rationales
530 2284 621 2307 autem
654 2280 759 2309 animas
791 2281 973 2317 intelligentes

184 2329 264 2352 antea
281 2327 398 2358 vocavit,
414 2327 454 2354 sic
465 2335 497 2354 ex
516 2326 608 2354 divina
625 2331 715 2354 mente
733 2328 872 2362 appellans
889 2338 895 2355 :
913 2328 973 2355 ani—

185 2371 284 2398 malem
303 2379 367 2399 vero
387 2380 507 2400 amorem
529 2373 681 2400 nominavit
701 2374 858 2401 sensibilem
879 2374 974 2402 bruto-

186 2424 246 2443 rum
255 2418 413 2450 amicitiam,
428 2419 527 2446 mentis
536 2419 661 2454 equidem
678 2424 815 2454 expertem
830 2429 836 2447 :
852 2428 885 2447 ex
900 2428 975 2447 ama-

186 2463 255 2490 toria
271 2463 322 2490 hac
344 2465 455 2496 virtute,
470 2469 498 2491 et
521 2465 646 2492 volucres
661 2465 797 2500 gregatim
819 2465 923 2498 volant,
945 2470 974 2493 ut

185 2509 276 2544 cygni,
293 2513 320 2537 et
336 2518 459 2541 anseres,
473 2514 500 2537 et
513 2518 605 2545 grues,
623 2515 650 2537 et
661 2511 749 2542 corvi,
765 2517 791 2538 et
811 2519 872 2546 quae
899 2513 975 2540 simi-

185 2555 236 2588 lia;
252 2563 284 2582 ac
296 2557 438 2583 terrestria
449 2556 558 2591 quidem
575 2561 639 2584 sunt
651 2557 725 2589 talia,
740 2558 824 2590 cervi,
838 2559 931 2591 boves,
948 2563 975 2587 et

186 2609 247 2637 qua:
260 2601 348 2629 aﬂinia
364 2606 445 2635 sunt;
460 2606 542 2638 atque
563 2605 695 2636 natantia,
711 2609 741 2630 ut
765 2605 859 2639 thynni
882 2609 910 2633 et
928 2613 970 2633 ee-

186 2648 260 2683 phali
275 2656 322 2676 seu
340 2648 455 2684 mugiles
471 2656 503 2676 ac
519 2657 578 2684 qua:
598 2649 765 2684 hujusmodi.
781 2650 839 2677 Non
855 2652 974 2687 gregalia

223 2727 235 2746 δ
245 2726 361 2762 Philipp.
371 2724 433 2758 ",2.
447 2732 457 2746 ι’
469 2725 547 2754 Joan.
565 2735 632 2758 xv",
650 2727 692 2754 Η.

612 153 780 181 ΔΡΡΕΝΒΙΧ
799 153 843 180 AD
860 153 974 180 OPERA
995 153 1023 181 3.

989 2267 1011 2294 Ι)

1045 152 1122 180 ΒΙοΝ
1128 153 1147 179 γ
1152 152 1193 180 Sil
1212 152 1443 181 AREOPAGlT/E
1449 175 1455 181 .
1765 153 1814 181 268

1030 213 1099 248 πρὸς
1118 212 1228 238 amva
1244 212 1463 248 ἐπιστρέφεσθαι.
1481 212 1517 239 Τὸ
1530 211 1559 238 δὲ
1578 211 1626 247 τῆς
1641 212 1814 248 προαγωγίας

1033 259 1128 294 ὖνομα,
1143 260 1167 285 εί
1182 260 1228 285 καὶ
1245 259 1319 294 παρά
1333 261 1389 291 τοῖς
1403 259 1457 285 τῶν
1472 258 1571 291 ἔξωθεν
1589 258 1705 293 πρᾶγμα
1722 258 1814 293 σημαί-

1032 314 1071 332 νει
1096 306 1146 332 οὑκ
1169 306 1275 340 εὐαγὲς,
1291 305 1347 332 ἀλλ’
1361 304 1476 331 ἐνταῦθα
1498 305 1548 340 τὴν
1571 303 1700 340 πρόξενον
1722 304 1770 339 τῆς
1789 304 1814 330 ἐν

1031 351 1090 386 Θεῷ
1105 352 1228 383 ένώσεως
1246 351 1384 386 μεσιτείαν
1399 351 1475 386 φησί.
1803 353 1805 357 ’

1066 398 1120 425 Καὶ
1136 398 1169 424 τὸ
1181 397 1240 432 μὲν
1253 397 1384 424 κινεῖται.
1406 396 1561 432 Σημείωσαι
1574 395 1681 431 κίνησιν
1696 395 1814 425 οείαν,ὲν

1031 441 1048 480 ᾖ
1063 446 1176 470 κινεῖται
1190 444 1237 470 καὶ
1251 443 1334 470 αὑτοῦ
1349 443 1407 470 ἐστι
1423 443 1603 478 προαγωγεὺς
1619 442 1667 468 καὶ
1680 442 1814 477 κινητικὸς

1030 491 1044 516 6
1058 489 1131 521 Θεὸς.

1065 535 1119 562 Καὶ
1133 534 1188 568 τῆς
1202 534 1397 568 ἐξῃρημένης.
1424 534 1456 560 Ἠ
1483 533 1551 569 πρὸς
1574 532 1640 559 Θεὸν
1661 533 1814 568 ἀγαπητικὴ

1029 581 1125 612 Evolat;
1150 581 1241 616 πάσης
1269 580 1397 616 ἐξῄρηται
1425 579 1472 606 καὶ
1503 579 1661 614 ὑπέρκειται
1686 577 1814 610 ἐνώσεως·

1030 627 1199 663 ὲξῃρημένην
1223 624 1270 653 οὖν
1293 626 1343 661 τὴν
1369 625 1508 660 ἀνωτέραν
1529 624 1630 660 φησίν·
1653 624 1769 660 ἄναρχον
1789 624 1816 651 δὲ

1029 673 1075 699 καὶ
1101 672 1277 707 ἀτελεύτητον
1299 672 1346 698 τὸν
1367 671 1437 698 θεῖον
1451 671 1540 707 ἔρωτα
1554 670 1638 704 λέγει,
1654 670 1692 701 ὡς
1716 670 1750 696 ὲκ
1770 669 1815 696 τοῦ

1028 718 1129 753 ἀγαθοῦ
1145 718 1282 753 προϊόντα,
1292 718 1338 744 καὶ
1353 717 1420 753 πρὸς
1430 716 1461 743 τὺ
1471 715 1572 751 ἀγαθὸν
1580 715 1816 750 ὲπαναστρέφοντα

1028 765 1098 792 κατά
1113 766 1204 800 σχῆμα
1219 764 1346 791 κυκλικὸν
1357 773 1363 778 ·
1381 764 1442 790 ἐπεὶ
1456 763 1504 790 καὶ
1517 764 1534 798 ή
1549 762 1596 789 τοῦ
1611 762 1712 788 κύκλου
1728 770 1817 797 γραμ-

1029 811 1065 845 μὴ
1084 811 1115 836 οὐ
1138 809 1274 845 γνώριμον
1289 809 1344 844 ἔχει
1358 808 1419 834 ὅθεν
1435 808 1545 843 ἤρξατο,
1564 807 1610 833 καὶ⁸
1624 803 1655 833 οὗ
1669 805 1814 841 κατέληξε¹

1027 856 1074 882 καὶ
1088 855 1143 892 γὰρ
1158 855 1188 887 ἐξ
1201 855 1282 882 αὑτοῦ
1297 856 1313 890 ἡ
1327 854 1374 880 τοῦ
1389 853 1492 888 ἀγαθοῦ
1508 853 1610 888 ἔφεσις,
1621 852 1668 879 καὶ
1683 853 1722 883 εἱς
1737 850 1818 878 αὐτὸν

1028 901 1109 927 πάλιν
1128 901 1191 936 ὁρᾷ·
1209 901 1237 927 ὲν
1258 899 1346 935 ἑαυτῴ
1367 899 1396 926 δὲ
1415 899 1461 926 καὶ
1484 898 1541 924 ἔστι
1556 897 1604 924 καὶ
1619 897 1693 933 μένει
1707 896 1736 923 τὸ
1751 897 1814 932 ὲρᾷν

1028 949 1076 982 τῆς
1094 946 1234 982 συμφυοῦς
1249 946 1424 982 ἀγαθότητος,
1440 945 1486 972 καὶ
1509 945 1562 970 τῶν
1582 944 1650 980 πρὸς
1672 943 1703 970 τὸ
1715 942 1815 977 ἀγαθὸν

1028 993 1254 1028 ἀνατεινομένων.

1062 1038 1223 1073 Ἐρωτικὴν
1237 1039 1366 1072 κίνησιν.
1385 1038 1445 1064 Ὅτι
1461 1038 1477 1072 ἡ
1497 1035 1614 1072 ἐρωτικὴ
1629 1035 1734 1070 κίνησις
1744 1054 1751 1065 ,
1768 1034 1816 1061 τοῦ

1027 1084 1130 1119 ἀγαθοῦ
1146 1084 1371 1120 προϋπάρχουσα,
1390 1084 1419 1110 ἐν
1442 1083 1481 1118 τῷ
1506 1082 1601 1118 ἀγαθῷ
1619 1082 1689 1117 ἁπλῆ
1710 1082 1756 1108 καὶ
1770 1082 1819 1108 αὺ-

1027 1131 1166 1166 τοκίνητος
1185 1128 1263 1160 οὖσα,
1287 1131 1332 1156 καὶ
1348 1131 1380 1156 ἐκ
1393 1129 1439 1156 τοῦ
1458 1129 1561 1163 ἀγαθοῦ
1584 1129 1727 1166 προϊοῦσα,
1740 1126 1818 1161 αὖθις

1027 1177 1074 1203 ἐπὶ
1096 1177 1127 1203 τὸ
1152 1176 1217 1203 αὐτὸ
1238 1175 1407 1211 ἐπιστρέφει,
1432 1175 1608 1210 ἁτελεύτητος
1631 1175 1677 1201 καί
1702 1174 1819 1210 ἄναρχος

1026 1221 1103 1254 οὖσα,
1119 1223 1187 1258 ὅπερ
1211 1222 1286 1257 δηλοί
1306 1222 1356 1257 τὴν
1376 1221 1454 1256 ἡμῶν
1482 1221 1573 1256 ἔφεσιν
1591 1221 1658 1256 πρὸς
1680 1220 1710 1247 τὸ
1735 1220 1816 1247 θεῖον.

1027 1269 1182 1305 Σημείωσαι
1196 1268 1239 1300 δὲ,
1252 1269 1292 1294 ὅτι
1313 1268 1397 1294 ἀΐδιον
1417 1266 1515 1294 κύκλον
1532 1266 1634 1303 προϊών
1653 1275 1733 1302 φησιν
1748 1264 1819 1293 εἶναι

1026 1317 1055 1343 ἐν
1073 1316 1112 1351 τῷ
1127 1314 1231 1350 ἀγαθῷ,
1247 1314 1386 1350 προϊόντος
1406 1314 1454 1349 μὲν
1469 1313 1550 1340 αὐτοῦ
1563 1313 1610 1339 ἐπὶ
1627 1312 1660 1339 τὰ
1676 1310 1757 1348 νοητά
1770 1311 1820 1338 καὶ

1027 1362 1159 1398 αἰσθητὰ,
1179 1361 1259 1388 πάλιν
1281 1360 1310 1386 δὲ
1332 1360 1399 1395 πρὸς
1418 1359 1512 1386 ἑαυτὸν
1534 1359 1750 1394 ὑποστρέφοντος
1771 1357 1818 1384 κα)⁸

1028 1409 1095 1444 μήτε
1112 1407 1267 1442 ἱσταμένου,
1285 1407 1351 1442 μήτε
1374 1405 1512 1441 λήγοντος.

1220 1457 1272 1484 Ἐκ
1286 1457 1338 1483 τοῦ
1356 1456 1442 1491 ἁγίου
1466 1455 1620 1490 Ἰεροθέου.

1062 1502 1076 1538 §
1096 1502 1153 1529 XV.
1167 1502 1207 1538 [α]
1233 1502 1287 1529 Τὸν
1299 1502 1402 1536 ἔρωτα.
1417 1501 1590 1536 Ἐπίστησον,
1612 1501 1686 1532 ὅπως
1701 1500 1818 1535 μέγαςπ

1031 1549 1160 1584 Ἰερὸθεος
1173 1548 1206 1574 τὰ
1231 1548 1295 1583 περὶ
1311 1547 1358 1573 τοῦ
1375 1546 1516 1573 ἐπαινετοῦ
1533 1546 1633 1582 ἔρωτος
1654 1545 1752 1581 ἄριστα
1771 1555 1819 1580 φι-

1026 1595 1134 1628 λοσοφεῖ
1145 1603 1152 1608 ·
1169 1593 1275 1629 πρῶτον
1293 1593 1352 1629 μὲν,
1368 1592 1439 1619 θεῖον
1453 1592 1533 1619 αὑτὸν
1553 1592 1650 1627 λέγων,
1665 1591 1758 1627 ἐπειδὴ
1769 1591 1818 1618 καὶ

1027 1639 1134 1676 πρῶτον
1147 1639 1231 1666 αἴτιον
1243 1638 1290 1665 τοῦ
1307 1637 1432 1674 οὐρανίου
1448 1637 1547 1673 ἔρωτος
1559 1638 1574 1663 ὁ
1587 1637 1653 1668 Θεός
1667 1637 1743 1662 ἐστιν
1753 1636 1818 1671 ἐξῃ-

1029 1686 1153 1723 ρημένως
1171 1685 1217 1712 καὶ
1231 1685 1375 1716 ἀναιτίως·
1393 1685 1418 1711 εί
1432 1683 1486 1719 γὰρ
1501 1685 1515 1710 6
1531 1683 1600 1719 ἔρως
1616 1683 1696 1714 αὐτός
1711 1683 1785 1708 ἐστιν
1799 1683 1818 1717 ἡ

1026 1731 1131 1767 ἀγάπη,
1145 1731 1183 1762 ὡς
1199 1730 1374 1766 προείρηται,
1392 1730 1543 1766 γέγραπται
1560 1728 1599 1760 δὲ,
1612 1729 1652 1756 ὅτι
1667 1728 1733 1759 Θεὸς
1747 1727 1818 1762 ἀγά-

1027 1785 1064 1812 πη
1082 1777 1150 1808 ὲστὶ,
1165 1776 1242 1812 δῆλον
1259 1776 1299 1802 ὅτι
1314 1775 1422 1802 πάντων
1440 1774 1560 1805 ἑνοποιὺς
1581 1773 1650 1810 ἔρως
1669 1774 1727 1809 ἦτοι
1745 1773 1818 1807 ἀγά-

1027 1831 1064 1859 πη
1081 1824 1095 1849 ὁ
1110 1823 1176 1854 Θεὸς
1190 1823 1272 1848 ἐστιν.
1296 1820 1415 1847 Ἐκεῖθεν
1440 1819 1486 1847 οὖν
1511 1819 1700 1855 μεταϐατικῶς
1722 1819 1818 1855 πρόει-

1028 1877 1069 1895 σιν
1086 1869 1128 1894 ὲπ¹
1144 1867 1291 1902 ἀγγέλους·
1308 1866 1370 1893 ὅθεν
1392 1866 1440 1892 καὶ
1456 1865 1600 1900 ἀγγελικὺν
1619 1865 1699 1892 αὐτόν
1721 1873 1819 1900 φησιν,

1026 1914 1090 1941 ἔνθα
1112 1914 1228 1950 μάλιστα
1253 1913 1300 1940 κα)⁸
1320 1912 1365 1939 τὸν
1395 1912 1444 1947 τῆς
1474 1912 1597 1947 ἑνότητος
1622 1911 1695 1946 εὖροι
1718 1919 1760 1942 τις
1783 1910 1820 1937 ἂν

1026 1962 1114 1997 ἔρωτα
1130 1961 1200 1988 θεῖον
1212 1970 1219 1976 ·
1233 1960 1308 1987 οὐδὲν
1322 1959 1376 1995 γὰρ
1391 1957 1582 1993 ἀσύμφωνονῆ
1597 1956 1739 1988 στασιάζον
1750 1957 1820 1993 παρ’

1026 2007 1117 2039 αὐτοῖς
1128 2015 1135 2022 ·
1152 2005 1210 2033 εἶτα
1230 2007 1287 2042 μετ’
1302 2005 1446 2040 ἀγγέλους,
1458 2004 1505 2031 καὶ
1517 2004 1608 2040 νοερόν
1620 2012 1701 2038 φησιν
1715 2003 1822 2039 ἔρωτα,

1025 2054 1147 2080 τουτέστι
1176 2053 1250 2089 παρά
1265 2052 1402 2086 θεοσὸφοις
1420 2050 1557 2086 ἀνδράσιν,
1575 2050 1603 2076 οῖ
1616 2051 1668 2077 εἱσι
1684 2051 1734 2086 τῆς
1755 2051 1823 2076 Ἐκ-

1026 2100 1138 2135 κλησίας
1151 2109 1157 2114 -
1176 2100 1244 2135 πρὸς
1253 2099 1300 2131 οὒς
1316 2100 1330 2126 6
1346 2097 1451 2129 Παῦλός
1467 2105 1559 2132 φησιν,
1589 2097 1634 2123 ινα
1647 2097 1678 2123 τὸ
1694 2096 1760 2123 αὐτὸ
1774 2097 1821 2123 λέ-

1026 2154 1124 2181 γηται,
1144 2147 1191 2172 καὶ
1211 2146 1245 2172 τὰ
1261 2145 1342 2181 ὲξῆς“
1361 2144 1408 2171 καὶ
1431 2144 1445 2170 6
1461 2143 1571 2179 Κύριος,
1591 2143 1657 2170 Ἵνα
1677 2141 1752 2169 ὦσιν
1770 2142 1820 2175 ἐν,

1026 2190 1122 2223 καθὼς
1136 2191 1186 2217 καὶ
1205 2191 1290 2225 ἡμεῖς
1313 2190 1348 2217 ἓν
1366 2190 1468 2224 ἐσμεν.
1494 2188 1550 2215 Καὶ
1570 2187 1654 2215 ταῦτα
1676 2188 1725 2223 μὲν
1752 2188 1824 2224 περὶ

1025 2237 1078 2263 τῶν
1098 2237 1127 2269 ὲξ
1148 2237 1276 2272 ἀληθείας
1304 2236 1491 2272 Χριστιανῶν·
1516 2235 1609 2262 λοιπὸν
1639 2235 1667 2261 δὲ
1684 2235 1731 2261 καὶ
1752 2235 1823 2270 περὶ

1026 2283 1134 2310 πάντων
1150 2282 1310 2319 ἀνθρώπων,
1337 2284 1365 2310 ἐν
1381 2280 1422 2314 οἷς
1442 2283 1456 2308 6
1478 2282 1544 2318 περὶ
1566 2281 1655 2315 φιλίας
1675 2280 1756 2315 νόμος
1771 2280 1821 2296 ⁷⁸·-

1025 2329 1074 2361 τάς
1086 2329 1114 2356 δὲ
1129 2329 1239 2363 λογικὰς
1252 2328 1340 2364 ψυχὰς
1354 2328 1449 2365 νοερᾶς
1465 2329 1610 2364 προσεῖπεν
1627 2327 1658 2353 ὲκ
1676 2326 1723 2353 τοῦ
1743 2325 1825 2352 θείου

1027 2376 1073 2402 νοῦ
1088 2375 1244 2411 προσειπὼν
1266 2375 1369 2407 αὐτάς-
1387 2376 1502 2411 ψυχικὸν
1523 2376 1552 2402 δὲ
1574 2375 1700 2402 ἐκάλεσεν
1727 2373 1823 2408 ἔρωτα.

1028 2422 1072 2448 τὸν
1087 2422 1141 2448 τῶν
1152 2422 1266 2456 ἀλόγων,
1278 2421 1327 2457 τὴν
1339 2421 1499 2458 αἰσθητικὴν
1515 2421 1616 2456 φιλίαν,
1631 2421 1709 2448 ἄνουν
1724 2419 1824 2455 μέντοι

1025 2467 1145 2502 δηλονότι
1155 2475 1161 2482 ”
1178 2467 1211 2493 ὲκ
1227 2467 1280 2503 γὰρ
1295 2467 1345 2503 τῆς
1358 2468 1491 2503 ἐρωτικῆς
1503 2467 1603 2502 ταύτης
1618 2466 1756 2500 δυνάμεως
1769 2463 1825 2490 καὶ

1026 2513 1116 2549 πτηνά
1131 2513 1260 2549 ἀγεληδὸν
1274 2514 1411 2546 ἴπτανται,
1429 2514 1466 2545 ὡς
1484 2514 1588 2544 κύκνοι,
1603 2513 1650 2539 καὶ
1664 2512 1754 2547 χῆνες,
1769 2510 1825 2537 καὶ

1026 2559 1145 2595 γέρανοι,
1157 2560 1204 2586 καῖι
1215 2560 1342 2596 κόρακες,
1353 2561 1400 2587 καὶ
1408 2561 1458 2587 ὃσα
1465 2560 1583 2586 τοιαῦτα·
1595 2559 1639 2585 καὶ
1647 2557 1716 2589 πεξά
1724 2557 1826 2592 μέντοι

1026 2607 1078 2633 εἰσὶ
1091 2606 1213 2638 τοιαῦτα,
1228 2606 1331 2641 ἔλαφοι,
1349 2606 1418 2641 βόες,
1436 2606 1484 2632 καὶ
1498 2605 1532 2632 τὰ
1555 2603 1731 2640 παραπλήσια
1743 2610 1750 2617 ⁸
1770 2603 1827 2629 καὶ

1027 2653 1112 2688 νηκτά
1133 2653 1162 2679 δέ
1187 2653 1266 2682 εἰσιν..
1289 2653 1327 2684 ὡς
1346 2653 1453 2683 θύννοι,
1480 2651 1526 2678 καὶ
1549 2650 1669 2685 κέφαλοι,
1696 2649 1743 2675 καὶ
1767 2648 1827 2675 ὅσα.

643 2802 760 2830 VARUS
779 2803 972 2832 LECTIONES
988 2803 1032 2831 ΕΤ
1049 2803 1270 2834 CORRECTION
1278 2805 1329 2833 ES.
1343 2795 1347 2802 ί

418 2870 440 2887 ⁷⁹
453 2871 468 2897 6
482 2870 577 2905 μέγας.
611 2871 644 2888 ⁷⁹¹
659 2871 746 2906 λόγος.
