1926 3062
99 160 155 188 269

466 159 485 185 S
516 158 641 187 MAXIMI
661 160 809 189 SCIIOLIA
826 162 860 190 IN
877 163 943 192 LIB.
962 164 1005 191 DE
1026 163 1152 194 DIVINIS
1169 167 1366 198 NOMINIBUS.

1668 178 1723 205 270

98 216 274 253 ὁμοιότροπα.
291 217 347 244 Καὶ
376 217 410 244 τὰ
432 217 468 253 μὴ
493 217 605 252 ἀγελαῖα
626 218 656 245 δὲ
677 219 745 254 πρὸς
759 219 808 255 τὴν
830 219 864 245 τῶ

917 236 921 250 ι
936 227 1012 254 vero,
1029 221 1092 249 hinc
1106 223 1187 250 etiam
1204 225 1238 252 ad
1261 226 1368 261 parium
1384 226 1543 256 societatem
1566 237 1721 261 moventur.

97 263 265 298 όμοστοιχων
276 263 382 290 σύνοδον
388 263 463 292 ἔνθεν
473 264 619 291 κινοῦνται.
634 264 750 292 Φυσικὸν
761 266 789 292 δὲ
795 265 885 302 ἔρωτά

97 307 217 342 φησιτδν
225 306 278 333 τῶν
288 307 398 342 ἀψύχων
410 308 456 335 καὶ
462 309 630 345 ἀναισθήτων
636 309 705 336 κατὰ
716 310 765 346 τὴν
772 311 883 347 ἐκτικὴν

96 353 320 390 ἐπιτηδειότητα,
332 355 391 390 ἦτοι
408 355 459 390 τῆς
475 356 625 392 ποιότητος,
641 356 765 392 ἐρώντων
780 358 827 384 τοῦ
837 357 884 394 δη-

97 400 230 436 μιουργοῦ
243 400 287 427 διὰ
300 401 331 427 τὸ
345 401 389 427 ὑπ’
401 401 483 428 αὑτοῦ
501 402 674 429 συνεστάναι·
691 403 762 430 κατὰ
773 401 818 430 οὖν
833 405 882 440 τὴν

95 445 225 480 ζωτικὴν,
239 446 297 481 ἦτοι
317 446 365 482 τὴν
382 446 499 482 φυσικὴν
519 447 639 482 κίνησιν,
660 448 707 474 καὶ
723 448 794 474 αὐτὰ
818 449 882 474 ἐπέ-

95 499 230 526 στραπταί
240 492 308 527 πρὸς
319 492 364 519 τὸν
377 493 452 520 Θεὸνε

131 537 146 573 §
166 537 237 565 XVI.
262 538 380 573 Ἐπειδὴ
396 539 467 572 τοὺς
481 540 516 567 ἐκ
538 540 591 568 τοῦ
605 540 683 574 ἑνός.
700 541 755 568 Καὶ
767 541 823 568 ἄνω
841 542 879 568 el-

92 591 191 619 πομεν,
204 584 284 620 νοερὰ
301 585 348 620 μὲν
359 583 428 612 εἷναι
437 585 472 612 τὰ
481 585 607 618 νοοῦντα,
622 586 705 622 νοητὰ
717 587 746 614 δὲ
759 587 795 614 τὰ
806 588 880 614 νοού-

93 637 178 664 μενα,
202 631 248 656 καὶ
270 629 410 666 ἀζητήτως
431 630 467 658 τὰ
488 631 570 668 νοερὰ
592 631 801 668 ὑπερϐαίνεσθαι
827 633 879 660 ὑπὸ

89 676 145 702 τῶν
159 676 262 712 νοητῶν
271 685 278 691 ·
294 676 353 703 ὃθεν
370 677 416 703 καὶ
431 677 533 714 τροφὴν
550 675 620 704 εἶναι
631 678 686 705 τῶν
699 678 830 705 νοούντων
844 679 878 706 τὰ

89 721 222 757 νοούμενα
244 730 250 736 ·
267 721 321 748 τῶν
337 720 382 749 οὖν
395 723 496 758 νοητῶν
516 724 550 750 τὰ
570 723 651 760 νοερὰ
671 724 732 760 ἐρᾷ,
755 724 793 756 ὡς
814 725 879 751 ἐπε-

90 767 251 803 στραμμένα
267 768 334 804 πρὸς
345 768 425 798 αὐτὰ.
438 769 486 795 καὶ
498 769 592 806 ὥσπερ
607 769 794 805 ὰναὸεὸηκότα
805 778 812 785 ·
827 770 878 806 ἐρᾷ

87 812 118 839 δὲ
132 812 178 839 καὶ
190 813 223 839 τὰ
232 813 314 849 νοητὰ
323 813 377 840 τῶν
388 823 430 840 vos
434 814 488 850 ρῶν
499 814 682 851 προνοητικῶς
695 815 735 850 τῷ
743 815 877 850 μεταδιδό-

87 867 132 885 ναι
146 859 194 894 τῆς
206 859 266 894 ῐσης
282 859 416 894 ὡφελείας
439 868 446 875 ·
463 860 635 896 ὡμολόγηται
648 858 705 894 οὖν,
721 861 762 888 ὅτι
783 861 808 887 οἱ
822 860 875 887 τῶν

934 265 1091 294 Naturalem
1108 276 1191 303 porro
1213 277 1333 299 amorem
1355 272 1422 300 dicit
1438 281 1498 301 eum
1514 283 1569 310 quo
1590 278 1722 308 animaret

934 319 1032 340 sensus
1045 315 1177 348 expertia,
1202 315 1332 344 habituali
1357 319 1507 354 aptitudine
1522 329 1569 349 seu
1591 324 1722 358 qualitate

933 363 1083 387 creatorem
1099 365 1202 394 amant,
1216 367 1358 398 propterea
1378 366 1451 400 quod
1466 367 1500 394 ab
1514 367 1574 403 ipso
1588 370 1722 404 producta

933 404 1004 438 sint;
1021 407 1172 434 secundum
1189 409 1297 437 vitalem
1314 411 1396 445 igitur
1409 417 1436 439 et
1452 414 1604 442 naturalem
1620 417 1721 444 motio-

931 458 1005 483 nem,
1024 451 1083 480 haec
1097 461 1207 489 quoque
1219 455 1253 482 ad
1268 455 1354 484 Deum
1368 463 1576 488 convertuntur.

967 529 981 564 ᾗ
1000 527 1072 558 XVI.
1093 531 1225 564 Quoniam
1245 541 1278 559 ex
1300 542 1362 562 una.
1379 534 1502 564 Diximus
1517 538 1598 565 etiam
1623 547 1716 574 supra.

929 576 1010 611 νοερὰ
1032 584 1094 604 esse
1117 578 1152 604 τὰ
1163 578 1275 606 νοοῦντα
1294 587 1342 607 seu
1358 588 1420 616 quae
1443 581 1521 618 142
1537 584 1691 621 intelligunt
1708 596 1715 614 :

929 619 1013 657 νοητά
1025 631 1090 650 vero
1100 624 1135 650 τὰ
1148 624 1279 661 νοούμενα
1292 634 1340 654 seu
1357 634 1417 663 quae
1431 629 1665 667 intelliguntur,ac
1678 635 1717 662 si-

928 676 964 695 ne
979 669 1062 696 dubio
1078 671 1160 706 νοερά
1182 673 1304 707 superari
1321 673 1356 701 ab
1371 674 1405 702 iis
1419 682 1480 710 qua:
1501 676 1691 713 intelliguntur
1706 690 1713 707 :

928 714 1043 750 ideoque
1057 714 1092 743 τὰ
1103 716 1245 752 νοούμενα,
1268 726 1329 746 esse
1343 716 1502 748 alimentum
1529 730 1623 751 eorum
1654 734 1716 761 quae

927 759 1091 796 intelligunt,
1106 770 1171 798 ergo
1185 763 1219 790 τὰ
1233 765 1315 800 νοερά
1327 773 1389 800 qua:
1409 767 1563 803 intelligunt
1578 759 1672 798 amant
1682 779 1714 799 ea

927 813 987 841 ηοω
998 807 1198 843 intelliguntur,
1222 813 1253 837 ut
1277 810 1310 838 ad
1335 819 1364 839 se
1385 819 1529 846 conversa,
1560 823 1592 842 ac
1626 817 1712 846 veluti

925 853 1149 881 transcendentia
1165 865 1172 882 :
1188 854 1223 882 τὰ
1237 857 1322 892 νοητά
1343 865 1409 885 vero
1433 860 1601 894 providendo
1621 870 1714 893 amant

86 904 213 931 τοιούτων
231 904 332 940 ἔρωτες
358 906 522 942 ύπερεστᾱσι
543 906 597 933 τῶν
625 906 768 942 αἰσθητῶν.
794 906 864 934 ama

923 906 954 925 ea
968 907 1028 934 quae
1044 900 1233 936 intelliguntur
1243 921 1250 935 ,
1265 903 1395 938 aequalem
1417 907 1644 936 communicando
1658 911 1713 937 uti-

85 949 183 982 ταῦτα,
196 947 284 985 οἶμαι,
293 950 375 986 νοητὰ
386 951 432 977 καὶ
440 951 519 987 νοερὰ
529 951 636 987 εἴρηται
651 951 683 978 ὲκ
698 951 814 987 μετοχῆς
824 952 870 979 τοῦ

84 994 162 1026 ὄντος
176 994 288 1029 ἀγαθοῦ,
315 995 427 1022 τοιαῦτα
446 997 588 1032 γενόμενα.
612 997 644 1023 Οἱ
665 997 694 1024 δὲ
716 997 871 1033 αὐτονὸητοι

84 1040 186 1075 ἔρωτες
206 1041 230 1067 οἱ
254 1041 320 1068 θεῖοί
342 1042 410 1068 εἰσιν
427 1042 488 1068 ἀντὶ
509 1041 555 1068 τοῦ
572 1042 596 1068 οι
610 1042 656 1069 τοῦ
672 1042 739 1069 Θεοῦ
751 1051 757 1057 ·
777 1042 871 1078 ὥσπερ

83 1086 139 1121 γάρ
156 1086 228 1112 ἐστιν
249 1085 349 1120 ἀγαθὸν
371 1083 446 1120 ᾧτινι
468 1087 540 1113 ἐστιν
564 1087 673 1121 ὰγαοὺν,
698 1088 744 1114 καὶ
758 1087 820 1114 ἄλλο
840 1087 870 1113 τὸ

83 1131 177 1163 ἁπλῶς
191 1131 293 1166 ἀγαθὸν
310 1132 358 1159 καὶ
375 1132 440 1159 αὐτὸ
461 1132 492 1159 τὸ
509 1132 608 1166 ὰγαθόν
620 1141 627 1148 '
644 1131 729 1164 οὕτως
744 1132 802 1158 ἐστὶ
824 1132 870 1159 καὶ

83 1179 178 1214 νοητὸν
192 1179 222 1205 τό
235 1187 288 1205 τινι
300 1179 404 1214 νοητὸν,
421 1179 468 1206 ἅτε
490 1178 633 1214 νοούμενον
649 1179 694 1206 ὑπ’
709 1179 801 1211 αὑτοῦ,
822 1180 869 1206 καὶ

81 1225 176 1256 ἁπλῶς
190 1226 294 1261 νοητὸν,
309 1226 357 1261 οὺχ
371 1225 408 1257 ὡς
419 1227 432 1253 ὁ
444 1226 538 1262 χρόνος
549 1226 565 1262 ἢ
576 1227 590 1253 ό
610 1226 703 1258 τόπος·
720 1226 801 1262 νοητὰ
813 1227 868 1263 γὰρ

81 1271 130 1297 καὶ
150 1271 247 1303 ταῦτα,
267 1273 328 1298 ἐπεὶ
353 1272 390 1308 μὴ
410 1272 542 1307 αἰσθητὰ,
567 1272 634 1299 ἀλλὰ
665 1272 726 1303 νοῦς
749 1273 865 1309 νοητῶν,

79 1317 212 1352 ἐνέργεια
226 1318 274 1349 ὢν,
287 1319 333 1345 καὶ
348 1318 413 1350 ζῶν,
435 1319 481 1346 καὶ
495 1319 550 1352 ζωή
563 1328 569 1334 ·
585 1319 619 1346 τὰ
634 1319 689 1356 γὰρ
705 1320 773 1355 μετὰ
788 1320 866 1347 τοῦτο

79 1364 162 1400 νοητὰ
184 1365 216 1391 ὲκ
241 1365 379 1401 ζητήσεως
402 1365 448 1392 καὶ
469 1366 518 1402 τῆς
539 1366 603 1402 πρ).
631 1367 665 1393 τὰ
687 1367 866 1403 προϐλήματα

78 1410 238 1443 ἀκολουθίας
251 1411 432 1448 εὑρίσκουσιν,
449 1412 465 1448 ἢ
484 1412 514 1446 ἐξ
534 1413 730 1448 ἀποκαλύψεως
747 1413 863 1449 ἔχουσιν.

114 1588 260 1623 Ἀσχετος
279 1590 368 1617 αἰτία.
401 1590 531 1626 Ἀσχετόν
558 1599 624 1627 φησι
656 1591 687 1618 τὺ
716 1591 861 1624 ὰπόλυτον,

76 1630 107 1660 οὗ
130 1634 199 1669 πρὸς
213 1634 244 1661 τὸ
257 1636 311 1662 πᾶν
331 1635 443 1671 οὐδεμία
458 1636 559 1671 σχέσις,
578 1637 638 1672 ἦτοι
660 1637 794 1673 οἰκειότης
812 1646 862 1672 φυ-

77 1688 150 1707 mlh.

112 1680 227 1760 Ξήέινιι.
254 1722 406 1754 Ἀπίὶντων
429 1729 531 1761 ὀλικὸς
552 1729 635 1764 ἔρως.
656 1730 748 1758 Εἰπὼν
771 1733 860 1761 ὑλικὸν

74 1771 173 1807 ἔρωτα,
189 1772 263 1808 δηλοί
277 1773 324 1799 καὶ
339 1775 476 1809 μερικοὺς,
493 1774 578 1809 λέγων
593 1776 638 1803 τδν
653 1776 718 1803 Θεὸν
732 1775 800 1805 εἶναι
815 1779 860 1806 τὸν

73 1818 161 1845 ὁλικὺν
185 1820 232 1846 καὶ
247 1820 292 1846 τὸν
317 1821 438 1856 μερικὸν,
455 1821 492 1853 ὡς
506 1822 591 1849 αἴτιον
614 1823 661 1850 καὶ
686 1824 753 1850 πᾶσι
776 1833 859 1862 χορη-

73 1864 172 1898 γοῦντα
184 1865 253 1892 κατὰ
275 1866 324 1901 τὴν
346 1867 460 1894 ἑκάστου
477 1867 601 1904 δύναμιν,
619 1869 754 1906 ἐρωτικὴν
778 1871 860 1898 οἱονεὶ

73 1911 219 1946 ἀπορροήν.
243 1912 304 1943 Πῶς
325 1910 371 1938 οὖν
393 1913 407 1938 ό
433 1913 498 1945 Θεὸς
522 1913 551 1941 τὲ
573 1913 635 1941 ὅλον
658 1916 705 1942 καὶ
729 1915 760 1942 τὸ
778 1917 859 1952 μέρος

72 1955 270 1992 ἀνεκφοιτήτως
293 1957 381 1993 ἐαυτῷ
404 1958 500 1991 συνὼν,
525 1957 593 1986 εἶναι
613 1959 733 1993 δύναται,
758 1962 791 1989 ὲκ
811 1963 857 1989 τοῦ

73 2002 258 2037 σπερματικοῦ
279 2003 356 2038 λόγου
379 2005 461 2040 σαφὲς
483 2004 577 2032 ἔσται·
600 2005 664 2033 ὅταν
682 2008 729 2043 μὲν
751 2008 806 2043 γὰρ
828 2009 858 2036 τὸ

73 2049 181 2084 σπέρμα
196 2049 350 2082 ὰδιακόπως
365 2050 432 2085 ὁμοῦ
449 2052 488 2084 εἰς
501 2052 551 2088 τὴν
569 2053 675 2088 μήτραν
687 2054 856 2090 καταὸληθῇ,

70 2094 100 2120 ἒν
114 2094 283 2122 ἀποτελεῖται
298 2096 328 2122 τὸ
342 2096 474 2132 ἔμϐρυον·
491 2097 539 2124 ἐὰν
552 2098 580 2125 δὲ
596 2099 709 2135 μερισθῇ
728 2101 759 2127 τὺ
774 2101 857 2137 σπέρ-

71 2149 109 2176 μα
124 2142 162 2172 εἰς
176 2141 319 2177 διαφόρους
337 2142 463 2175 κύστιδας
476 2143 526 2179 τῆς
549 2145 662 2181 μήτρας,
678 2146 791 2174 ἕκαστον
809 2148 857 2183 μέ-

72 2195 116 2222 ρος
129 2187 273 2224 ὁλόκληρον
285 2188 401 2225 ἔμϐρυον
414 2191 554 2217 ὰποτελείι
571 2191 646 2219 ἔσται
660 2193 688 2220 δὲ
703 2193 749 2220 τοῦ
770 2195 855 2232 σπέρ-

922 945 1041 980 litatem;
1057 946 1148 982 itaque
1172 948 1200 975 in
1224 949 1352 978 confesso
1372 957 1425 983 est,
1442 960 1550 982 amores
1575 955 1710 990 ejusmodi

921 999 1051 1027 superare
1065 994 1207 1021 sensilium
1223 1003 1341 1023 amores.
1363 996 1487 1026 Arbitror
1502 1000 1629 1035 equidem
1652 1002 1711 1031 haec

920 1037 992 1065 dicta
1006 1047 1067 1067 esse
1080 1041 1164 1076 νοητά
1179 1045 1205 1069 et
1215 1043 1296 1078 νοερά
1306 1043 1378 1078 quod
1388 1052 1420 1071 ex
1434 1046 1643 1082 participatione
1652 1051 1710 1077 veri

919 1084 983 1112 boni
995 1086 1059 1113 talia
1074 1086 1226 1115 etIiciantur
1247 1098 1254 1116 :
1278 1090 1324 1124 qui
1339 1098 1404 1118 vero
1416 1099 1464 1126 per
1478 1100 1507 1121 se
1525 1093 1710 1130 intelligibiles

919 1137 1037 1164 amores,
1063 1136 1128 1159 sunt
1141 1133 1236 1166 divini,
1248 1141 1309 1169 pro,
1321 1141 1386 1163 sunt
1404 1136 1469 1172 Dei;
1484 1139 1555 1166 sicut
1574 1141 1647 1168 enim
1667 1146 1710 1170 est

919 1176 1020 1204 bonum
1035 1178 1081 1204 cui
1102 1183 1145 1206 est
1159 1179 1272 1213 bonum,
1286 1185 1313 1209 et
1327 1182 1400 1210 aliud
1421 1183 1523 1212 bonum
1547 1186 1709 1222 simpliciter

918 1226 946 1249 et
965 1222 1054 1258 ipsum
1068 1224 1187 1259 bonum;
1203 1226 1240 1253 ita
1253 1227 1334 1254 etiam
1348 1232 1390 1256 est
1402 1230 1497 1266 νοητόν
1517 1239 1565 1260 seu
1581 1233 1707 1270 intelligi-

917 1267 979 1300 bile,
1004 1269 1070 1296 illud
1096 1268 1169 1305 quod
1200 1272 1281 1300 alicui
1305 1274 1490 1311 intelligibile,
1517 1283 1654 1313 quatenus
1666 1267 1708 1309 ‘ab

916 1314 963 1341 illo
986 1315 1157 1351 intelligitur.
1178 1323 1205 1345 et
1220 1317 1381 1354 simpliciter
1405 1322 1586 1359 intelligibile,
1602 1333 1657 1354 non
1676 1330 1708 1354 ut

917 1363 1024 1396 tempus
1040 1367 1086 1389 aut
1111 1363 1200 1396 locus,
1223 1365 1282 1393 haec
1303 1368 1376 1395 enim
1400 1369 1483 1396 etiam
1505 1371 1705 1408 intelligibilia,

915 1413 978 1434 cum
992 1415 1047 1435 non
1059 1409 1115 1436 sint
1128 1411 1280 1445 sensibilia,
1300 1413 1348 1440 sed
1371 1410 1526 1444 intellectus
1547 1416 1706 1454 intelligibi-

914 1453 992 1487 lium.
1007 1462 1068 1482 cum
1084 1456 1120 1484 sit
1134 1458 1259 1492 efﬁcacia,
1276 1462 1302 1486 et
1317 1460 1413 1493 vit-ens,
1427 1466 1453 1489 et
1467 1463 1522 1490 vita
1533 1471 1543 1490 :
1559 1472 1618 1500 qua:
1632 1467 1704 1493 enim

913 1499 1043 1536 deinceps
1067 1502 1251 1539 intelligihilia
1275 1513 1308 1533 ex
1333 1507 1512 1542 inquisitione
1535 1499 1571 1538 et
1593 1513 1705 1548 sequela

913 1548 1131 1582 propesitionum
1146 1550 1299 1586 inveniunt,
1312 1557 1358 1580 aut
1369 1562 1402 1581 ex
1413 1555 1578 1585 revelatione
1591 1557 1702 1587 habent.

948 1592 1168 1629 Incomprehensa
1192 1598 1241 1624 illa
1266 1607 1358 1632 causa,
1382 1599 1430 1628 Gr.
1456 1601 1579 1637 ἄσχετος.
1603 1603 1656 1631 Per
1671 1605 1704 1632 ἇ-

913 1647 1006 1674 σχετον
1023 1640 1150 1677 intelligit
1166 1643 1292 1679 liberum,
1309 1646 1387 1681 cujus
1405 1654 1468 1674 eum
1485 1648 1613 1678 universo
1627 1651 1703 1679 nulla

911 1689 953 1712 est
968 1688 1114 1720 connexio,
1128 1696 1176 1717 seu
1192 1692 1325 1720 naturalis
1340 1694 1506 1728 proprietas.

948 1731 962 1768 ε
983 1732 1065 1761 XVII.
1088 1734 1190 1763 Totalis
1207 1738 1323 1765 omnium
1344 1748 1429 1768 amor.
1453 1739 1574 1770 Dieendo
1587 1744 1699 1772 totalem

911 1785 1031 1807 amorem
1045 1800 1053 1812 ,
1079 1781 1201 1809 declarat
1224 1791 1332 1819 quoque
1355 1786 1557 1821 particulares,
1582 1788 1700 1818 dicendo

910 1823 996 1852 Deum
1009 1833 1070 1854 esse
1085 1828 1195 1856 totalem
1212 1833 1239 1856 et
1259 1831 1464 1865 particularem,
1481 1838 1511 1861 ut
1532 1842 1656 1868 causam,
1671 1840 1700 1864 et

909 1871 1038 1900 omnibus
1051 1880 1102 1908 pro
1116 1875 1250 1910 cujusque
1265 1880 1346 1912 captu
1357 1879 1522 1913 praebentem
1533 1881 1698 1910 amatorium

908 1917 991 1944 veluti
1015 1918 1172 1954 humorem;
1197 1923 1334 1957 quomodo
1356 1924 1439 1959 igitur
1466 1924 1538 1954 Deus
1563 1931 1651 1955 totum
1670 1933 1698 1957 et

907 1971 983 1998 pars,
1000 1965 1059 1993 sine
1072 1974 1185 2002 egressu
1200 1969 1253 1996 sibi
1275 1977 1394 2004 praesens
1416 1979 1476 2000 esse
1500 1974 1588 2007 possit
1604 1982 1638 2002 ex
1653 1983 1698 2003 ser

908 2010 1026 2038 minaria
1041 2013 1148 2041 ratione
1173 2015 1291 2049 patebit;
1316 2018 1426 2052 quando
1447 2019 1519 2046 enim
1544 2028 1638 2048 semen
1658 2021 1698 2049 si-

907 2056 965 2083 mul
986 2057 1090 2093 absque
1112 2059 1312 2095 interruptione
1333 2063 1361 2090 in
1383 2065 1525 2093 matricem
1549 2067 1694 2100 deciderit,

907 2108 978 2129 unus
998 2102 1138 2137 perﬁcitur
1158 2106 1286 2142 embryo,
1309 2108 1332 2135 si
1361 2117 1426 2137 vero
1444 2118 1537 2139 semen
1557 2113 1695 2142 dividatur

906 2146 934 2173 in
948 2147 1039 2176 varias
1056 2150 1180 2178 matricis
1198 2152 1322 2186 cellulas,
1340 2162 1509 2191 unaqquue
1532 2165 1597 2193 pars
1621 2159 1692 2188 inte-

905 2200 983 2227 grum
1001 2195 1106 2229 perﬁcit
1119 2198 1293 2233 embryonem
1305 2209 1312 2233 ;
1326 2201 1378 2228 erit
1395 2206 1486 2230 autem
1501 2205 1614 2233 seminis
1630 2213 1693 2241 pars

71 2242 154 2268 ματος
173 2234 203 2260 τὸ
227 2235 276 2270 μὲν
299 2235 350 2270 ῥὶς,
375 2236 406 2262 τὸ
440 2237 468 2263 δὲ
497 2237 639 2273 ὀφθαλμοὶ,
656 2240 703 2266 καὶ
723 2241 756 2268 τὰ
780 2241 853 2277 ἑξῆς,

917 2247 960 2266 ma
990 2249 1084 2274 nasus,
1103 2243 1187 2270 altera
1209 2246 1291 2277 oculi,
1309 2247 1404 2282 sicque
1425 2248 1565 2285 deinceps,
1586 2253 1693 2280 omnia-

69 2279 114 2305 καὶ
130 2279 219 2307 πάντα
234 2280 324 2307 τέλεια
337 2301 344 2307 .
363 2282 473 2318 Ὅμοιον
485 2281 531 2310 οὖν
547 2292 573 2310 τι
587 2285 633 2311 καὶ
647 2286 710 2321 περὶ
725 2286 770 2314 τὸν
787 2296 854 2315 παν-

67 2324 169 2351 τέλειον
184 2325 245 2353 νοῦν
266 2326 335 2354 κατὰ
353 2328 497 2363 ὰναλογίαν
512 2329 662 2366 θεωρητέον
672 2341 678 2347 ·
696 2332 743 2368 ὅλη
766 2333 820 2370 γὰρ
835 2335 851 2370 ή

68 2371 189 2406 ἐνέργεια
204 2373 324 2409 περιέχει
338 2375 384 2401 καὶ
394 2374 428 2401 τὰ
437 2375 506 2411 μέρη
516 2376 584 2403 ’τῶν
595 2377 623 2403 δὲ
635 2378 726 2413 μερῶν
739 2379 851 2406 ἕκαστον

67 2417 230 2452 ἀπήρτισται
240 2427 247 2433 ⁸
266 2420 314 2446 καὶ
328 2419 358 2446 τὸ
374 2420 423 2455 μὲν
439 2422 659 2460 αὐτοδικαιοσύνη
669 2444 676 2456 ,
704 2425 735 2451 τὸ
750 2425 777 2451 δὲ
801 2427 851 2453 αὐ-

66 2461 202 2497 τοανδρία,
213 2463 260 2490 καὶ
274 2463 309 2490 τὰ
325 2460 386 2500 ἑξῆς
397 2474 404 2480 ·
419 2464 489 2492 οὓτω
499 2468 545 2493 καὶ
555 2468 616 2495 οὔτε
632 2471 794 2506 συγκέχυται
810 2473 850 2504 είς

67 2507 192 2543 ἀλλήλας,
209 2508 276 2536 ὰλλὰ
292 2511 339 2536 καὶ
349 2511 451 2547 ἑκάστη
468 2512 647 2550 διακέκριται,
664 2517 711 2543 καὶ
727 2517 788 2544 οὔτε
801 2527 850 2553 με-

65 2552 98 2580 τὰ
111 2553 222 2586 ἀταξίας
236 2554 267 2581 τὸ
281 2555 430 2592 ἀδιαίρετον
446 2558 553 2593 ἔχουσιν
568 2560 598 2587 ὲν
619 2561 658 2597 τῷ
676 2552 850 2600 μεταλαμϐά-

66 2606 119 2624 νειν
126 2598 149 2614 ⁸⁸
163 2599 253 2626 αὐτῶν
273 2600 386 2628 ἕκαστον
396 2603 433 2635 ὡς
441 2603 549 2632 δύναται
557 2606 631 2633 ,Τῶν
642 2607 696 2643 γὰρ
708 2609 785 2636 εἰδῶν
802 2619 850 2645 με-

66 2643 228 2679 ταλαμὸάνει
241 2645 355 2680 ἕκαστος
370 2649 438 2684 πρὸς
453 2649 501 2686 τὴν
514 2652 615 2679 οἰκείαν
632 2643 847 2692 ἐπιτηδειότητα·

65 2689 133 2717 οὕτω
149 2692 197 2718 καὶ
208 2691 223 2717 ὁ
238 2692 305 2725 Θεὸς
319 2695 365 2721 καὶ
374 2695 432 2722 ὅλον
440 2696 475 2712 ⁸⁰’
491 2698 538 2725 καὶ
559 2700 628 2736 μέρη
641 2701 688 2728 τοῦ
704 2689 814 2737 ἔρωτος.

906 2293 960 2320 que
975 2286 1104 2321 perfecta.
1120 2288 1211 2324 Itaque
1223 2291 1312 2319 simile
1325 2294 1428 2329 aliquid
1443 2295 1476 2323 de
1492 2297 1692 2331 perfectissima

905 2335 996 2358 mente
1011 2333 1256 2370 considerandum;
1277 2345 1339 2365 nam
1355 2343 1413 2367 tota
1436 2340 1555 2370 elﬁcacia
1570 2346 1692 2380 comple-

904 2376 987 2404 ctitur
1002 2378 1082 2405 etiam
1096 2385 1205 2415 partes;
1220 2383 1333 2418 singula:
1343 2389 1434 2414 autem
1447 2389 1547 2423 partim
1560 2376 1691 2420 absolutae

903 2427 968 2449 sunt
985 2433 991 2450 :
1007 2427 1035 2451 et
1061 2425 1118 2453 haec
1141 2427 1249 2462 quidem
1267 2429 1326 2464 ipsa
1339 2431 1458 2466 justitia,
1483 2434 1528 2462 illa
1544 2444 1610 2464 vero
1629 2437 1690 2473 ipsa

901 2468 1044 2503 fortitudo,
1060 2475 1086 2500 et
1102 2477 1213 2509 caetera;
1230 2477 1270 2504 sic
1282 2478 1364 2505 etiam
1383 2487 1473 2515 neque
1494 2482 1565 2510 inter
1580 2492 1610 2512 se
1622 2492 1689 2512 con-

902 2514 1063 2551 funduntur,
1079 2519 1125 2546 sed
1151 2520 1264 2556 singulae
1278 2523 1413 2552 distincta:
1427 2514 1508 2561 sunt;
1523 2536 1611 2564 neque
1625 2538 1688 2558 cum

900 2561 1003 2591 ordinis
1024 2565 1227 2599 perturbatione
1251 2570 1470 2604 conjunctionem
1500 2561 1601 2603 habent
1625 2584 1686 2603 cum

900 2607 1014 2643 singulae
1026 2609 1146 2645 ipsarum
1159 2615 1321 2650 participem
1335 2625 1466 2653 quantum
1479 2626 1595 2656 possunt
1608 2632 1616 2650 :
1632 2623 1688 2650 sin-

899 2655 969 2689 gulae
983 2657 1055 2684 enim
1070 2660 1176 2694 species
1193 2663 1358 2698 participant
1377 2665 1454 2700 juxta
1473 2655 1612 2703 prepriam
1634 2677 1684 2704 ap-

898 2700 1053 2734 titudinem,
1068 2702 1105 2730 ita
1120 2705 1202 2733 etiam
1225 2706 1297 2736 Deus
1313 2713 1340 2736 et
1358 2713 1445 2739 totum
1464 2700 1491 2740 et
1504 2700 1607 2741 amoris
1619 2700 1684 2749 paro

899 2747 939 2773 tes
952 2749 1004 2774 est.

522 2821 637 2852 VARIIE
657 2825 847 2860 LECTIONES
866 2832 910 2861 ET
928 2835 1202 2869 CORRECTIONES.

103 2894 126 2909 '°
143 2893 343 2931 διαλαμϐάνειν.
388 2899 422 2916 ⁸ο·
438 2900 507 2933 ὅλος.
