1926 3062
208 176 260 202 271

602 172 774 202 ΔΡΡΕΝΒΙΧ
793 172 837 200 AD
848 172 967 200 OPERA
987 171 1016 200 S.
1040 171 1189 200 DIONYSII
1209 171 1451 202 ABEOPAGITIE.

1791 173 1846 200 279.

249 233 327 270 143
349 233 363 269 §
383 232 475 260 XVIII.
498 232 637 260 Desiderat
657 233 726 260 enim
743 232 838 265 ipsum.
864 230 996 264 Quoniam

1089 230 1103 266 ᾗ
1124 230 1216 258 XVIII.
1244 231 1374 265 Ἐςριέται
1389 230 1444 265 γὰρ
1458 229 1563 257 αὐτοῦ.
1583 229 1690 265 Ἐπειδὴ
1708 227 1780 262 εἷπε,
1798 230 1846 256 καὶ

209 281 280 308 dixit
300 289 352 308 non
371 288 416 308 ens
437 283 564 315 appetere
588 278 735 314 aliquando
754 278 866 310 bonum,
883 285 915 305 ac
934 277 1002 304 velle

213 327 239 353 in
256 327 317 361 ipso
331 333 403 358 esse,
419 325 490 360 quod
505 332 589 360 supra
604 331 713 360 quoque
730 323 827 358 paucis
849 326 913 350 ante
929 323 1001 350 foliis

213 373 300 408 ipsum
323 372 459 399 dicentem
488 371 624 405 reperies,
651 369 776 405 quamvis
799 377 832 396 ex
857 369 1000 404 gentilium

193 436 197 440 ι
212 419 400 446 declararctur
407 417 542 452 dogmatis
553 426 558 443 :
568 424 666 452 magna
675 416 1001 452 siquidemcontroversia

212 470 255 493 est
277 465 346 492 inter
359 464 474 499 gentiles
488 467 515 490 et
532 462 696 489 Manichaeos
716 468 851 496 perversae
870 461 1002 488 doctrinae

213 514 361 546 patronos;
377 512 484 544 oportet
499 507 624 542 pluribus
639 507 786 542 explicare,
802 506 868 541 quid
883 506 1002 541 appelle-

213 561 259 584 tur
274 565 324 583 non
339 564 395 587 ens,
409 559 436 582 et
450 562 499 581 cur
511 554 586 589 pium
611 561 643 580 ac
664 553 851 581 necessarium
865 552 901 580 sit
915 560 1000 579 unum

213 611 305 631 rerum
326 609 448 630 asserere
474 601 648 636 principium.
674 599 776 627 Sanum
799 605 841 628 est
865 600 939 627 enim
962 599 1000 625 ita

214 649 330 681 sentire;
348 655 410 675 nam
426 647 491 674 illud
509 647 598 682 ipsum
614 651 655 674 est
677 646 762 678 Deus,
778 645 998 681 quandoquidem

214 696 237 722 si
263 695 370 722 diversa
395 694 450 722 sint
473 694 606 729 principia
620 713 627 724 ,
646 692 760 719 inﬁnitae
785 692 897 720 omnino
919 697 1001 720 erunt

213 741 406 769 multitudinis.
433 739 461 767 Si
483 740 566 776 igitur
587 739 750 774 principium
774 738 885 766 unicum
911 738 998 771 Deus,

213 789 251 815 ita
266 787 340 823 quod
361 794 425 814 vere
445 790 497 818 est,
519 786 601 814 etiam
625 786 714 821 ipsum
735 784 835 811 bonum
857 788 914 818 est;
931 785 1001 812 ratio

214 839 304 862 autem
329 834 449 861 inveniet
478 833 636 861 necessario
660 833 742 861 dictis
774 833 928 865 contraria;
954 833 1000 860 ubi

213 881 285 908 enim
300 880 476 916 principium,
485 880 537 906 erit
548 887 658 914 quoque
671 880 828 907 necessario
836 882 998 910 extremum.

1051 276 1081 303 τὸ
1098 276 1137 310 μὴ
1149 276 1186 303 ὃν
1197 276 1318 311 ἐφίεσθαί
1335 284 1393 307 πως
1405 275 1452 302 τοῦ
1466 275 1578 310 ἀγαθοῦ,
1594 275 1641 302 καὶ
1656 274 1771 310 ὲνπαὺτῷ
1788 274 1847 310 βού·

1053 322 1145 348 λεσθαι
1161 319 1242 354 εἶναι,
1258 322 1326 357 ὅπερ
1343 321 1390 348 καὶ
1416 321 1472 349 ἄνω
1486 321 1540 357 πρὸ
1555 320 1652 355 ὀλίγων
1667 321 1773 356 φύλλων
1798 321 1846 347 εὐ-

1054 368 1146 403 ρήσεις
1158 367 1239 394 αὐτὸν
1255 368 1378 402 λέγοντα,
1398 367 1423 393 ει
1448 367 1494 394 καὶ
1518 366 1546 400 ἐξ
1567 366 1729 401 Ἑλληνικῶν
1754 366 1846 402 σαφὴ-

1051 413 1154 446 νίζεται
1170 414 1328 449 δογμάτων·
1347 413 1415 449 πρὸς
1430 413 1484 449 γὰρ
1501 413 1632 449 Ἕλληνας
1655 413 1772 448 μάχεται
1790 412 1844 448 μά-

1051 460 1138 492 λιστα,
1151 461 1198 486 καὶ
1208 460 1373 495 Μανιχαίους
1385 460 1448 491 τοὺς
1459 458 1505 486 τοῦ
1519 458 1604 486 κακοῦ
1616 458 1750 494 δόγματος
1761 467 1843 494 προεα

1053 507 1173 539 πῶταςυ
1187 507 1228 533 δεῖ
1253 507 1418 542 πλατύτερον
1435 506 1618 542 παραστῆσαι,
1639 505 1665 532 τί
1682 505 1843 541 ὀνομάζεται

1048 553 1091 588 μὴ
1108 553 1154 584 ὃν,
1171 553 1218 579 καὶ
1242 552 1285 580 διὰ
1308 552 1334 580 τί
1359 553 1422 588 μίαν
1439 552 1526 588 ἀρχὴν
1547 552 1602 578 τῶν
1625 551 1707 578 ὅντων
1732 551 1843 583 εὐσεϐὲς

1052 599 1098 626 καὶ
1113 598 1268 633 ἐπάναγκες
1281 596 1360 625 εἶναι.
1379 598 1466 625 Τοῦτο
1481 598 1535 633 γὰρ
1552 597 1628 631 ὑγιές
1641 597 1699 624 ἐστι
1716 599 1840 632 φρονεῖν·

1051 645 1108 672 ἔστι
1123 644 1177 681 γὰρ
1202 644 1272 681 αὕτη
1285 646 1300 671 6
1319 645 1386 678 Θεός
1397 654 1403 660 ·
1421 645 1446 671 εί
1462 644 1516 679 γὰρ
1538 641 1593 670 εἷεν
1609 644 1691 679 ἀρχαὶ
1709 643 1843 679 διάφοροι,

1051 691 1160 722 πάντως
1180 690 1391 726 ἀπειροπληθείς
1408 691 1579 726 φανήσονται.
1597 689 1628 716 Εἰ
1639 687 1684 716 οὖν
1701 690 1772 725 ἀρχὴ
1793 691 1843 725 μία

1050 738 1064 764 ό
1078 737 1153 769 Θεὸς,
1171 737 1241 764 οὕτω
1257 737 1304 764 καὶ
1326 737 1356 764 τὺ
1379 737 1462 768 ὅντως
1484 732 1524 768 δν,
1541 736 1588 763 καὶ
1603 735 1668 763 αὐτὸ
1683 735 1714 762 τὸ
1729 735 1841 770 ἀγαθόν.

1051 783 1168 820 Εὑρήσει
1183 783 1212 810 δὲ
1227 784 1241 810 ό
1264 783 1341 818 λόγος
1364 783 1410 810 καὶ
1430 782 1466 809 τὰ
1488 782 1597 809 ἐναντία
1613 782 1667 808 τῶν
1691 781 1842 817 εἰρημένων

1050 830 1206 864 ἀναγκαίως
1218 839 1225 845 ·
1237 830 1301 858 ἔνθα
1315 830 1369 866 γὰρ
1385 830 1467 866 ἀρχὴ,
1482 830 1555 856 ἔσται
1570 829 1678 860 πάντως
1694 829 1741 855 καὶ
1758 828 1841 863 ἐσχα-

1050 884 1095 903 τον
1107 885 1113 891 ·
1128 876 1176 902 καὶ
1187 877 1212 902 εἰ
1225 876 1297 903 ἐστιν
1312 876 1351 909 ὃν,
1370 876 1445 903 ἔσται
1466 876 1513 903 καὶ
1535 876 1572 912 μὴ
1594 876 1624 902 6v
1636 884 1642 891 '
1659 876 1706 902 καὶ
1721 875 1745 901 εί
1768 874 1842 901 ἔστιν

212 924 270 953 etsi
280 926 316 953 sit
329 933 390 957 ens,
406 925 459 952 erit
472 931 580 960 quoque
600 932 655 951 non
676 932 737 956 ens,
753 925 776 952 si
797 923 879 951 etiam
906 923 941 950 sit
955 924 996 951 bo-

1053 921 1162 956 ἀγαθὸν,
1176 921 1251 948 ἔσται
1267 922 1312 949 καὶ
1324 922 1422 949 κακόν.
1449 921 1509 949 Αλλ¹
1519 921 1611 958 ἐπειδὴ
1625 920 1660 948 τὰ
1673 921 1738 948 ὄντα
1752 920 1844 947 οὐσίαι

213 978 290 1004 num,
305 971 358 999 erit
371 978 480 1006 quoque
493 970 606 998 malum.
623 969 677 997 Sed
698 970 827 1005 quoniam
847 969 921 996 entia
936 973 1001 996 sunt

213 1017 340 1044 essentia
347 1020 374 1044 et
387 1016 492 1048 formae,
506 1024 561 1043 non
571 1023 621 1044 ens
633 1015 749 1043 informe
760 1019 833 1043 esset
846 1018 872 1042 et
879 1015 1000 1043 essentia

213 1066 330 1095 careret.
346 1063 454 1090 ratione
471 1063 530 1090 sola
553 1062 748 1098 conceptibile;
766 1062 817 1089 hoc
837 1061 920 1097 igitur
945 1069 1000 1088 non

213 1117 263 1136 ens
276 1112 304 1136 et
321 1108 446 1141 informe,
462 1108 566 1143 antiqui
590 1109 725 1136 vocabant
747 1107 900 1138 materiam,
918 1114 999 1142 quam

213 1155 295 1181 etiam
321 1159 468 1182 extremam
483 1152 679 1181 deformitatem
690 1152 870 1188 appellabant.
890 1152 1000 1180 Materia

212 1205 278 1225 \ero
294 1197 395 1225 dicitur
409 1206 464 1225 non
479 1205 539 1229 ens,
558 1206 613 1225 non
629 1198 701 1233 quod
726 1199 839 1226 omnino
861 1198 929 1226 nihil
951 1199 997 1231 sit.

213 1244 261 1272 sed
276 1244 339 1280 quia
354 1252 408 1272 non
423 1247 475 1276 est,
493 1251 586 1271 verum
602 1244 674 1271 enim
696 1251 746 1272 ens
761 1243 844 1275 Deus,
866 1247 895 1271 et
909 1244 998 1279 ipsum

214 1290 315 1318 bonum
330 1301 336 1318 :
351 1290 464 1318 materia
477 1290 549 1318 enim
569 1290 653 1318 etiam
668 1298 700 1318 ex
724 1298 779 1317 non
791 1290 902 1318 entibus
917 1298 932 1317 ιι
945 1290 999 1317 Deo

215 1335 346 1370 producta
360 1339 412 1367 est,
432 1335 480 1363 sed
495 1343 550 1362 non
565 1335 637 1363 sicut
650 1334 733 1370 aliqui
743 1334 928 1370 opinabantur
940 1334 1000 1360 sine

216 1382 302 1409 forma
321 1385 349 1409 et
372 1381 471 1417 figura;
491 1381 608 1416 ideoque
629 1381 742 1408 materia
764 1388 819 1407 non
843 1383 885 1407 est
899 1379 1000 1414 princi-

214 1429 288 1463 pium
311 1427 468 1460 sensilium,
485 1427 533 1456 sed
556 1428 647 1463 potius
667 1426 781 1454 dicenda
805 1430 847 1453 est
867 1433 948 1461 posse
967 1433 998 1452 ea

213 1474 359 1509 complere,
376 1481 408 1500 ac
421 1477 573 1501 exlremum
591 1472 656 1508 quid
677 1472 937 1507 fundamentumque
951 1479 1000 1499 en-

213 1526 292 1548 t.um.
307 1519 397 1553 Quare
411 1528 500 1555 neque
514 1519 560 1548 Dei
577 1520 677 1555 imago,
693 1522 724 1545 ut
741 1519 897 1550 rationalia.
911 1525 999 1553 neque

211 1575 274 1594 rere
288 1567 360 1594 entis
375 1566 553 1594 simulacrum
571 1575 578 1592 :
595 1565 698 1593 sensile
714 1569 805 1593 autem
820 1564 996 1593 simulacrum

1051 967 1104 993 εἰσὶ
1118 967 1164 994 καὶ
1178 967 1247 1003 εἴδη,
1264 968 1294 994 τὸ
1310 967 1347 1003 μὴ
1361 967 1392 994 δν
1406 968 1523 995 ἀνείδεον
1539 967 1572 995 ἂν
1588 967 1630 1003 εἴη
1644 967 1692 994 καὶ
1705 966 1845 998 ἀνούσιον,.

1050 1012 1120 1048 λόγῳ
1138 1013 1210 1048 μόνῳ
1224 1013 1369 1049 θεωρητόν.
1386 1013 1422 1040 Τὸ
1445 1013 1482 1049 μὴ
1499 1013 1528 1040 ὃν
1542 1011 1589 1040 οὖν
1607 1013 1686 1040 τοῦτο
1704 1013 1751 1039 καὶ
1766 1011 1841 1039 ἀνεί-

1049 1058 1108 1085 δεον
1119 1055 1187 1094 ὕλην
1198 1058 1329 1085 ἐκάλεσαν
1344 1060 1368 1086 οἱ
1384 1059 1502 1091 παλαιοὶ,
1514 1059 1548 1095 ἢν
1561 1059 1608 1086 καὶ
1622 1059 1734 1094 ἔσχατον
1747 1057 1842 1094 αἶσχος

1050 1104 1219 1139 ὀνομάζουσι.
1237 1105 1352 1139 Λέγεται
1366 1105 1394 1131 δὲ
1413 1105 1450 1141 μὴ
1470 1105 1499 1131 ὃν
1514 1106 1530 1141 ἠ
1546 1105 1607 1140 ὕλη,
1624 1105 1673 1140 οὐχ
1687 1106 1727 1132 ὅτι
1742 1113 1845 1131 παντε-

1050 1150 1103 1182 λῶς
1119 1150 1194 1177 οὐδέν
1208 1151 1292 1183 ἐστιν,
1305 1151 1361 1178 ἀλλ’
1376 1152 1416 1178 ὅτι
1435 1152 1471 1188 μή
1495 1152 1554 1178 ἐστι
1565 1160 1572 1167 ·
1590 1151 1621 1178 τὸ
1638 1152 1693 1188 γὰρ
1711 1152 1795 1183 ὅντως
1809 1151 1842 1178 ὃν

1049 1197 1064 1222 6
1076 1196 1150 1228 Θεὸς,
1167 1197 1212 1223 καὶ
1235 1197 1301 1224 αὐτὸ
1324 1197 1354 1224 τὸ
1372 1198 1472 1232 ἀγαθόν
1483 1206 1490 1212 ·
1518 1198 1656 1234 παρῆκται
1681 1198 1735 1233 γὰρ
1755 1198 1788 1223 ὲκ
1801 1197 1842 1232 μὴ

1050 1242 1133 1268 ὄντων
1148 1242 1200 1269 ὑπὸ
1215 1242 1261 1269 τοῦ
1286 1243 1353 1270 Θεοῦ
1379 1244 1425 1270 καὶ
1446 1245 1462 1279 ὴ
1480 1243 1529 1280 ὕλη
1542 1252 1548 1258 ·
1569 1243 1626 1270 ἀλλ’
1644 1244 1692 1278 οὐχ
1708 1243 1745 1275 ὥς
1767 1251 1846 1274 τινες

1050 1288 1184 1314 ὑπέλαϐον
1197 1289 1315 1321 ἀνείδεος
1329 1290 1375 1316 καὶ
1389 1290 1605 1326 ἀσχημάτιστος·
1620 1290 1680 1316 ὅθεν
1693 1289 1752 1316 οὐδὲ
1767 1289 1841 1324 ἀρχὴ

1049 1333 1104 1359 τῶν
1120 1334 1256 1369 αἰσθητῶν
1274 1335 1290 1371 ὴ
1312 1334 1373 1370 ὕλη,
1396 1335 1463 1362 ἀλλά
1495 1336 1594 1371 μᾶλλον
1625 1335 1845 1372 συμπληρωτικὴ.

1049 1379 1161 1412 τούτων,
1180 1381 1228 1407 καὶ
1244 1381 1358 1416 ἔσχατόν
1371 1390 1397 1408 τι
1418 1381 1465 1408 καὶ
1488 1382 1649 1418 ὑποστάθμη
1672 1382 1726 1409 τῶν
1741 1382 1840 1409 ὄντων.

1049 1426 1094 1452 Διὸ
1107 1425 1168 1452 οὔτε
1181 1426 1263 1454 εἰκὼν
1277 1427 1355 1459 Θεοῦ,
1371 1427 1409 1459 ὡς
1423 1428 1457 1454 τὰ
1471 1428 1576 1462 λογικὰ,
1591 1428 1653 1455 οὔτε
1667 1428 1775 1454 εἴδωλον
1791 1427 1844 1455 τοῦ

1049 1470 1133 1505 ὅντως
1142 1473 1227 1505 ὄντος.
1245 1474 1301 1501 Καὶ
1319 1473 1350 1501 τὸ
1369 1474 1497 1510 αἰσθητὸν
1516 1475 1544 1502 δὲ
1569 1475 1676 1501 εἴδωλον
1691 1474 1738 1501 τοῦ
1754 1474 1841 1506 ὅντως

1049 1518 1145 1553 νοητοῦ
1168 1519 1280 1555 κόσμου,
1301 1520 1369 1556 ὅπερ
1385 1520 1524 1556 αἰσθητὸν,
1545 1522 1594 1548 οὐκ
1615 1522 1678 1549 ἄνευ
1702 1521 1751 1557 μὲν
1773 1520 1841 1557 ὕλης

1050 1565 1118 1596 ἐστὶ,
1136 1567 1258 1601 κρεῖττον
1273 1565 1301 1591 δὲ
1316 1567 1365 1601 τῆς
1381 1567 1456 1602 ὒλης,
1473 1567 1559 1600 εἴδους
1575 1567 1698 1594 ὁπωσοῦν
1715 1567 1840 1603 μετέχον.

212 1613 285 1641 illius
297 1613 343 1648 qui
357 1621 419 1640 vere
435 1612 614 1647 intelligibilis
625 1616 667 1640 est
686 1611 792 1644 mundi,
800 1612 869 1647 quod
885 1610 995 1642 sensile,

1049 1610 1180 1638 Οὐδέποτε
1196 1611 1242 1640 οὖν
1258 1601 1429 1648 δειχθήσεται
1444 1615 1459 1650 ἡ
1476 1613 1524 1650 ὕλη
1541 1613 1602 1649 δίχα
1625 1610 1674 1640 τοῦ
1689 1601 1843 1645 εῐδουςνκαὶ

211 1667 264 1686 LOII
275 1659 333 1687 sine
341 1659 456 1686 materia
465 1662 518 1692 est,
528 1658 704 1694 praestantius
713 1663 801 1685 autem
812 1656 936 1688 materia,
946 1655 1000 1682 for-

211 1713 282 1733 mam
314 1705 513 1740 aliquantulum
544 1704 728 1740 participans;
753 1711 894 1738 nunquam
917 1703 1000 1738 igitur

209 1751 369 1780 ostendetur
381 1752 494 1778 illateria
502 1751 607 1786 absque
616 1750 702 1778 forma
711 1754 739 1778 et
745 1749 927 1785 qualitatibus
938 1756 1000 1784 quae

210 1803 274 1826 sunt
285 1798 413 1831 habitus;
425 1798 535 1833 quando
550 1799 622 1825 enim
633 1798 684 1826 fuit
694 1798 764 1833 ignis
775 1798 835 1825 sine
845 1797 936 1825 calore
952 1802 1000 1825 aut

211 1845 324 1876 limine,
334 1849 381 1871 aut
393 1844 510 1872 candido
522 1844 624 1876 colore,
634 1845 677 1872 vel
689 1852 759 1880 aqua
769 1845 828 1872 sine
839 1843 940 1880 frigore
951 1849 998 1872 aut

210 1890 383 1921 huniiditate,
393 1895 439 1917 aut
448 1890 563 1918 raruleo
571 1890 662 1919 colore
670 1889 771 1918 ?Terra
777 1894 803 1918 et
810 1898 855 1918 aer
861 1891 997 1918 similiter.

208 1936 356 1971 Propterea
379 1936 460 1963 etiam
483 1936 539 1964 dixi
560 1937 703 1964 materiam
725 1936 833 1971 concipi
859 1936 893 1963 ab
916 1936 996 1963 intel-

210 1983 280 2009 lectu
304 1981 468 2013 informem,
492 1985 519 2009 et
543 1981 602 2009 sine
625 1982 758 2017 qualitate
779 1989 810 2008 ac
834 1981 919 2017 figura
937 1991 945 2009 :
963 1990 996 2009 ex

208 2036 263 2063 quo
279 2028 350 2055 enim
369 2027 487 2055 visibilia
513 2031 540 2054 et
563 2027 713 2055 invisibilia
739 2027 869 2061 fuerunt,
886 2036 919 2055 ex
940 2036 995 2056 non

207 2075 318 2102 cutibus
343 2074 447 2102 scilicet
473 2082 488 2101 a
512 2073 568 2101 Deo
591 2074 724 2109 producta
747 2078 822 2106 sunt,
841 2082 894 2101 non
918 2075 996 2109 prius

207 2121 321 2148 materia
349 2120 460 2147 informi
486 2120 662 2155 subjacente,
679 2119 776 2147 deinde
798 2124 904 2152 ornata,
923 2120 995 2148 sicut

207 2166 316 2194 divinus
339 2164 427 2193 Moses
450 2164 539 2192 docet.
563 2164 655 2200 Itaque
676 2165 788 2192 materia
812 2165 840 2191 in
863 2163 918 2192 Deo
940 2169 992 2197 est,

206 2221 268 2240 cum
286 2213 320 2239 ab
340 2219 373 2239 eo
399 2212 532 2247 producta
559 2210 663 2244 fuerit;
680 2211 727 2237 illo
753 2214 843 2238 autem
870 2215 899 2238 ut
922 2211 994 2239 bono

205 2259 296 2285 omnia
314 2258 512 2292 complectente
529 2257 768 2292 superessentialis
791 2257 819 2284 in
836 2257 896 2292 ipso
913 2257 993 2285 inteI-
1009 2274 1031 2301 Β

206 2305 310 2339 ligitur.
328 2304 386 2331 haec
401 2304 523 2338 reperies
539 2302 657 2337 sparsim
673 2302 796 2329 dicendis
812 2302 927 2330 inserta.

243 2350 322 2386 1M
340 2349 477 2383 Quomodo
491 2349 639 2376 dwmonum
655 2347 742 2375 turba.
771 2347 905 2382 Deinceps
921 2356 992 2383 qua:-

206 2397 309 2423 stiones
325 2396 439 2423 discutit
454 2395 580 2426 dicendo.
598 2395 622 2422 si
647 2394 739 2421 omnia
761 2402 794 2421 ex
811 2395 894 2427 bono,
919 2395 991 2422 unde

207 2441 288 2471 nulla,
299 2446 325 2468 et
341 2441 414 2468 unde
430 2442 518 2476 angeli
537 2440 599 2467 facti
614 2443 677 2467 sunt
688 2440 914 2468 dmmonesﬂkec
926 2447 991 2469 sunt

204 2490 299 2513 contra
317 2486 491 2515 Manichacos.

240 2532 308 2559 Boni
320 2533 407 2567 [arma
421 2537 503 2561 caret.
522 2532 606 2560 Recte
613 2537 640 2560 et
651 2537 778 2560 accurate
787 2533 878 2567 posuit
894 2532 921 2559 in
938 2540 989 2560 an-

203 2578 271 2612 gelis
287 2578 318 2604 τὺ
331 2577 501 2612 ἀγαθοειδὲς;
519 2577 591 2605 Deus
607 2579 689 2610 enim,
707 2578 888 2606 essentialiter
902 2578 990 2613 ipsum

203 2624 303 2652 bonum
317 2624 464 2657 exsistens,
481 2624 541 2658 ipso
558 2629 648 2651 autem
663 2624 826 2659 posteriora,
840 2628 869 2650 ut
883 2632 916 2651 ex
933 2631 992 2659 par-

203 2671 362 2706 ticipatione
378 2676 405 2697 et
421 2670 594 2698 extrinsecus
609 2670 673 2705 ejus
688 2670 808 2705 appetitu
824 2670 918 2698 effecta
941 2671 990 2698 bo-

203 2724 248 2749 na,
267 2717 364 2744 merito
383 2716 527 2752 ἀγαθοειδῆ
552 2724 600 2744 seu
622 2717 685 2744 boni
701 2717 820 2752 speciem
843 2717 990 2746 referentia

202 2762 343 2796 dicuntur,
361 2771 423 2791 cum
441 2772 494 2790 non
511 2764 566 2790 sint
584 2771 679 2798 reapse
695 2764 776 2791 bona.

240 2809 273 2836 Et
292 2811 421 2845 quomodo
441 2811 533 2838 bonur.
552 2810 619 2838 Vide
636 2811 772 2845 quomodo
788 2811 988 2846 propositiones

204 2864 252 2890 per
268 2857 377 2885 modum
401 2858 601 2893 disquisitionis
622 2858 769 2892 producat;
785 2857 928 2886 continent
951 2858 988 2885 si-

203 2901 312 2936 quidem
329 2900 547 2932 adversariorum
564 2904 762 2939 oppositiones,
775 2908 804 2932 ut
822 2903 987 2931 Manichaeo-

1049 1656 1104 1683 τῶν
1121 1659 1280 1693 ποιοτήτων,
1294 1659 1394 1691 αἵτινές
1409 1660 1476 1686 είσιν
1493 1659 1579 1693 ἕξεις·
1597 1659 1662 1686 πότε
1675 1659 1729 1695 γὰρ
1742 1659 1841 1694 γέγονε

1048 1703 1078 1729 τὸ
1100 1703 1154 1740 πῦρ
1176 1705 1239 1732 ἄνευ
1262 1705 1440 1741 θερμότητος,
1463 1706 1479 1742 ἢ
1505 1705 1603 1741 φωτὸς,
1627 1706 1644 1742 ἢ
1669 1706 1717 1732 τοῦ
1741 1705 1840 1733 λευκοῦ

1048 1750 1097 1785 τῆς
1113 1752 1217 1786 χροιᾶς,
1235 1752 1252 1787 ἢ
1265 1751 1295 1778 τὸ
1314 1751 1385 1788 ὕδωρ
1399 1752 1463 1779 ἀνευ
1482 1751 1661 1787 ψυχρότητος,
1679 1751 1695 1787 ἢ
1720 1752 1841 1788 ὑγρότη-

1049 1805 1105 1828 τος,
1117 1797 1133 1833 ἢ
1147 1797 1194 1824 τοῦ
1211 1798 1382 1830 κυανίζοντος
1400 1797 1584 1834 [χρώματος];
1598 1798 1614 1833 ἡ
1630 1798 1665 1834 γῆ
1690 1798 1736 1825 καὶ
1751 1798 1766 1824 6
1783 1797 1843 1834 ἀὴρ

1051 1842 1165 1878 ὁμοίως.
1178 1843 1228 1871 Διὰ
1240 1843 1318 1871 τοῦτο
1331 1844 1379 1871 καὶ
1390 1844 1460 1879 λόγῳ
1470 1844 1609 1880 θεωρητὴν
1620 1841 1696 1870 εἷπον
1706 1845 1754 1880 τὴν
1770 1844 1841 1880 ὕλην

1047 1889 1175 1922 ἀνείδεον,
1193 1890 1240 1917 καὶ
1261 1890 1366 1923 ἄποιον,
1382 1890 1430 1917 καὶ
1445 1889 1647 1926 ἀσχημάτιστον
1659 1898 1666 1905 ·
1691 1889 1722 1923 ὲξ
1737 1887 1767 1916 οὗ
1782 1891 1842 1928 γὰρ

1046 1935 1082 1962 τά
1111 1935 1198 1971 ὁρατά
1228 1936 1275 1962 καὶ
1302 1935 1336 1962 τὰ
1367 1936 1469 1971 ἀόρατα
1495 1936 1615 1971 γέγονεν,
1633 1936 1664 1963 ὲκ
1687 1936 1724 1972 μὴ
1748 1935 1836 1965 ὄντων

1045 1981 1164 2016 δηλονότι
1192 1981 1243 2009 ὑπὸ
1253 1981 1321 2008 Θεοῦ
1336 1982 1475 2018 παρήχθη,
1490 1982 1520 2008 οὺ
1532 1982 1663 2018 πρότερον
1675 1981 1740 2017 ὕλης
1751 1982 1840 2018 ἀμόρ-

1046 2036 1097 2061 φου
1122 2027 1317 2063 ὑποκειμένης,
1342 2025 1400 2054 εἶτα
1430 2028 1622 2064 κοσμηθείσης,
1652 2028 1690 2059 ὡς
1716 2028 1840 2055 διδάσκει

1045 2073 1147 2109 Μωσῆς
1159 2075 1173 2100 6
1188 2073 1267 2105 θεῖος.
1288 2074 1333 2101 Ἐν
1345 2074 1394 2110 μὲν
1409 2072 1455 2101 οὖν
1476 2074 1515 2110 τῷ
1539 2074 1597 2110 Θεῷ
1619 2075 1702 2106 ἐστιν,
1716 2075 1764 2101 ἅτε
1788 2076 1838 2102 καὶ

1046 2120 1091 2146 ὑπ’
1120 2120 1202 2147 αὑτοῦ
1223 2121 1394 2157 παραχθεῖσα
1418 2121 1438 2156 ἠ
1464 2120 1512 2157 ὕλη
1525 2129 1531 2135 ·
1559 2120 1720 2156 ὑπερούσιος
1740 2120 1779 2152 δὲ,
1801 2121 1838 2148 τὰ

1045 2166 1135 2193 πάντα
1150 2167 1253 2195 ἐκείνου
1268 2168 1305 2200 ὠς
1317 2167 1418 2202 ἀγαθοῦ
1436 2168 1601 2202 συνέχοντος,
1619 2168 1718 2194 νοεῖται
1738 2168 1767 2194 ὲν
1784 2168 1837 2194 αὐ-

1045 2213 1092 2248 τῷ.
1109 2213 1200 2240 Ταῦτα
1213 2214 1338 2250 εὑρήσεις
1354 2215 1382 2240 ἐν
1399 2215 1454 2246 τοῖς
1473 2213 1679 2250 λεχθησομένοις
1698 2213 1840 2249 σποράδην

1045 2259 1200 2294 ὲγκείμενα.

1081 2350 1146 2382 Πῶς
1168 2351 1187 2384 ὴ
1214 2350 1351 2385 δαιμονία
1373 2350 1500 2384 πληθύς.
1529 2351 1628 2377 Λοιπὺν
1654 2350 1839 2386 προϐλήματα

1044 2395 1221 2431 διαγυμνάζει
1231 2395 1327 2430 λέγων,
1341 2396 1391 2427 ὅτι,
1405 2396 1429 2422 εἰ
1442 2396 1530 2423 πάντα
1545 2397 1578 2422 ὲκ
1590 2395 1637 2422 τοῦ
1653 2395 1766 2430 ἀγαθοῦ,
1783 2396 1837 2423 πό-

1044 2441 1089 2468 θεν
1103 2441 1138 2469 τά
1154 2441 1237 2474 κακά,
1256 2442 1302 2468 καὶ
1327 2441 1408 2468 πόθεν
1425 2441 1534 2476 ἄγγελοι
1552 2442 1675 2477 ἐγένοντο
1691 2442 1835 2477 δαίμονες;

1043 2487 1136 2514 Πάντα
1151 2488 1221 2515 κατά
1234 2488 1401 2523 Μανιχαίων.

1079 2532 1130 2569 [β].
1148 2534 1208 2561 Οὐκ
1225 2534 1311 2561 ἐστιν
1328 2533 1508 2568 ἀατιθοειδές.
1525 2534 1622 2566 Καλῶς
1642 2535 1689 2561 καὶ
1711 2534 1838 2570 ἀκριϐῶς

1043 2579 1090 2606 ἐπὶ
1105 2579 1159 2606 τῶν
1172 2580 1294 2614 ἀγγέλων
1312 2579 1416 2606 τέθεικε
1440 2580 1472 2606 τὸ
1494 2580 1664 2614 ἀγαθοειδές⁶
1682 2582 1696 2607 6
1713 2581 1761 2616 μὲν
1777 2581 1836 2616 γὰρ

1042 2626 1108 2658 Θεὸς
1121 2626 1256 2658 οὺσιωδῶς
1269 2627 1335 2653 αὐτὸ
1354 2627 1384 2653 τὸ
1399 2626 1500 2661 ἀγαθὸν
1512 2626 1560 2658 ὢν,
1575 2626 1610 2653 τὰ
1620 2627 1648 2653 δὲ
1667 2628 1724 2662 μετ’
1737 2627 1837 2659 αὺτδνζ

1041 2672 1079 2704 ὡς
1093 2673 1125 2699 ὲκ
1139 2673 1253 2708 μετοχῆς
1267 2673 1314 2699 καὶ
1327 2672 1424 2705 ἔξωθεν
1439 2672 1628 2708 ἀγαθυνόμενα
1650 2675 1683 2709 τῇ
1700 2673 1765 2708 περὶ
1783 2674 1836 2700 αὐ-

1040 2718 1085 2744 τὸν
1105 2719 1207 2753 ἐφέσει,
1230 2718 1341 2750 εἰκότως
1367 2718 1511 2754 ἀγαθοειδῆ
1530 2719 1663 2753 λέγονται,
1680 2719 1729 2745 οὐκ
1751 2719 1837 2746 αὺτὸ-

1042 2772 1135 2800 κρημα
1151 2765 1250 2799 ἀγαθάο

1078 2809 1129 2845 [γ].
1150 2810 1205 2837 Καὶ
1224 2810 1287 2844 πῶς
1308 2813 1325 2837 ὁ
1345 2811 1465 2846 ἀγαθός.
1481 2811 1551 2847 Ὅρα
1564 2811 1638 2843 ὅπως
1650 2811 1836 2847 προϐλήματα

1042 2856 1079 2887 ὡς
1088 2857 1115 2882 ὲν
1127 2855 1238 2892 ζητήσει
1250 2856 1378 2892 παράγει,
1392 2857 1487 2892 ἔχοντα
1501 2857 1551 2892 μὲν
1560 2857 1607 2883 καὶ
1616 2857 1700 2888 αὐτὰς
1713 2857 1763 2889 τὰς
1776 2858 1836 2884 τῶν

1042 2902 1145 2938 ἐχθρῶν
1173 2901 1343 2937 ἀντιθέσεις,
1364 2901 1419 2930 οἷον
1444 2902 1614 2938 Μανιχαίων·
1645 2903 1778 2939 δηλούσας
1803 2904 1834 2931 δὲ
