1926 3062
92 169 145 198 273

440 169 468 197 S.
490 167 613 196 MAXIM
633 166 779 195 SCHOLIA
798 167 831 194 IN
849 166 913 195 LIB.
935 165 981 192 DE
998 165 1125 193 DlVlNIS
1143 164 1343 193 NOMINlBUS.

1666 167 1719 194 ετι

91 230 163 265 ὅμως
177 228 222 255 τὸν
238 229 338 255 σκοπὸν
350 228 397 255 τοῦ
415 228 488 255 θείου
504 227 599 255 τούτου
618 227 714 263 ἀνδρὸς
728 227 774 253 τὴν
787 226 876 262 ὀρθόν.

932 232 1006 257 rum;
1028 224 1168 251 declarant
1194 228 1284 251 tamen
1311 230 1424 258 scopum
1450 222 1535 250 divini
1559 223 1642 258 hujus
1666 223 1719 252 viri

92 275 171 309 Λέγει
187 275 251 311 γὰρ,
269 276 300 301 ὲκ
317 274 389 306 τινος
412 275 498 311 ἀρχῆς
516 274 642 310 παρήχθη
663 273 693 300 τὸ
711 273 795 299 κακόν
806 281 813 287 ⁸
834 273 881 299 καὶ

92 322 115 348 εί
129 321 157 354 ἐξ
171 321 253 357 ἀλλης
264 321 362 353 αἰτίας,
378 322 424 348 καὶ
433 322 483 348 ὅσα
493 320 604 348 τοιαῦτα
618 319 672 347 τῶν
687 319 829 346 ἀντιδίκων
843 319 881 345 εί-

93 366 150 393 σίν·
175 365 234 393 εἶτα
257 366 360 398 λοιπὸν,
381 367 439 399 πῶς
461 369 476 394 ὁ
498 367 598 401 ἀγαθὸς
621 367 687 393 αὐτὸ
711 367 881 402 παραγαγεῖν

90 413 226 450 ἠϐουλήθη
241 422 247 428 “
265 413 323 445 πῶς
337 414 364 440 δὲ
379 414 426 440 καὶ
439 414 551 450 προνοίᾳ
565 414 587 430 ⁸¹
602 414 660 440 ἐστὶ
682 413 714 440 τὸ
728 413 812 440 κακόν
823 421 829 428 ·
849 413 881 439 ἐκ

91 459 193 486 τούτων
208 459 326 491 δεικνὺς,
340 460 392 491 ὅτι,
409 461 432 486 εἰ
445 461 493 487 καὶ
510 460 578 491 ὅλως
592 458 761 494 παραγωγὴν
775 458 837 493 ἔσχε
851 457 881 484 τὸ

91 505 185 537 κακὸν,
200 506 232 532 ὲκ
244 505 290 532 τοῦ
308 505 409 540 ἀγαθοῦ
424 505 526 541 ταύτην
548 505 611 540 ἔσχε
622 513 629 521 ·
651 505 696 531 καὶ
721 505 760 531 ὅτι
780 504 847 539 μόνη
863 505 880 539 ἡ

89 551 202 587 πρόνοια
218 552 313 578 διοικεῖ
328 552 358 578 τὸ
381 551 450 584 ὅλον,
471 552 509 583 ὡς
530 552 562 578 ἐκ
577 551 673 578 τούτου
694 550 758 586 μίαν
775 549 880 585 ἀγαθὴν

90 596 177 632 ἀρχὴν
189 595 257 623 εἶναι
272 598 328 629 τοῖς
339 595 397 624 οὖσι
410 617 416 624 .
436 597 527 624 Ταῦτα
539 597 585 623 καὶ
600 597 629 623 ὲν
647 597 703 628 τοῖς
723 595 881 632 προϐλήμα-

91 651 133 669 σιν
147 642 276 678 ἐξήτασεν
297 644 311 670 ὁ
325 643 396 674 θεῖος
419 639 495 674 οὗτος
519 643 606 678 ἀνήρ’
628 641 804 678 παρακατιὼν
827 641 882 677 γὰρ

90 688 200 715 ἀναλύει
216 689 309 724 σαφῶς
321 689 355 716 τὰ
369 689 558 725 προϐλήματα,
574 689 680 720 δεικνὺς
695 689 733 720 ὡς
745 688 807 715 οὔτε
823 689 882 715 svu-

91 734 223 760 πόστατον
244 735 275 760 τὸ
294 734 388 766 κακὸν,
404 734 465 761 οὔτε
483 735 512 761 ἐν
528 734 621 768 φύσει·
640 733 708 760 ἀλλά
727 732 797 760 κατὰ
819 733 880 760 στέ-

91 789 169 816 ρησιν
184 780 231 807 τοῦ
251 780 353 815 ἀγαθοῦ
366 781 516 816 γινόμενον,
531 780 593 807 οὕτε
608 780 648 811 ὃν,
663 779 725 806 οὔτε
747 780 784 811 ὡς
799 781 837 816 μὴ
851 779 881 806 ὃν

89 825 271 861 λογιζόμενον.
287 826 342 853 Καὶ
362 826 442 853 τοῦτο
463 826 628 853 αἰνίττεσθαι
641 825 665 842 ⁸¹
679 825 709 852 τὸ
733 827 762 852 ὲν
781 825 881 862 ψαλμῷ

88 871 242 907 τριακοστῷ
255 872 327 908 ἕκτῳ
339 873 497 909 εἰρημένοψ
514 872 604 900 Εἶδον
616 873 670 899 τὸν
679 872 775 907 ἀσεϐῆ
790 874 880 907 ὑπερ-

89 919 265 953 υψούμενον
273 919 313 952 ὠς
328 919 382 952 τὰς
396 919 523 954 κέδρους
534 919 587 946 τοῦ
595 918 734 951 Λιϐάνου,
748 919 879 953 καὶπαρ-

89 963 195 997 ῆλθον,
208 965 256 991 καὶ
275 964 338 992 ἰδοὺ
350 967 406 992 οὐκ
420 965 471 1000 ἦν,
484 965 533 992 καί
547 965 676 1000 ἐζητησα
691 966 794 997 αὐτὸν,
804 975 881 994 τουτ-

88 1010 147 1037 έστι
162 1011 208 1038 τὸν
221 1011 302 1038 τόπον
328 1011 420 1044 αὑτοῦ,
444 1011 494 1039 καὶ
507 1013 563 1047 οὐχ
588 1012 692 1047 εὑρέθη
704 1021 711 1028 σ
732 1013 810 1040 τοῦτο
825 1013 880 1050 γὰρ

88 1057 180 1093 δηλοῖ,
204 1057 288 1084 ὄτιτὺ
307 1058 432 1093 κακὸν,ἢ
453 1058 501 1085 καὶ
525 1058 626 1094 σφόδρα
647 1059 799 1094 ἐπαίρεται,
822 1060 879 1086 ἀλλ’

89 1102 136 1132 οὖν
153 1105 203 1132 οὐκ
221 1104 304 1137 ἐστιν,
326 1104 387 1132 οὕτε
403 1104 560 1140 καταλείψει
578 1105 659 1132 τόπον
678 1104 786 1136 ἑαυτοῦ,
803 1114 880 1132 τουτ-

88 1151 163 1178 έστιν
189 1151 277 1187 ῐχνος·
302 1151 359 1187 ἆμα
382 1151 436 1187 γὰρ
459 1151 498 1187 τῷ
518 1151 633 1187 φανῆναι
655 1151 817 1184 διαλέλυται,
841 1152 878 1188 μὴ

86 1196 153 1233 ἔχον
170 1198 336 1225 ὑπόστασινο
355 1198 391 1234 μὴ
416 1197 463 1224 οὖν
485 1198 631 1230 ὑπολάὖοις
654 1199 735 1225 αὐτὸν
759 1199 879 1226 ἐναντίον

86 1244 178 1279 λέγειν
189 1253 226 1271 τι.

127 1290 140 1326 ς
162 1290 233 1318 XIX.
257 1290 292 1317 Τὸ
314 1290 408 1317 κακὸν
431 1291 486 1317 οὐκ
503 1290 590 1318 ἔστιν
607 1290 641 1317 ἐκ
666 1291 804 1326 τάγαθοῦ.
827 1293 878 1328 Ση-

89 1337 215 1372 μείωσαι,
234 1337 293 1369 πῶς
309 1337 468 1372 θαυμασίως
486 1337 581 1364 πλέκει
598 1337 648 1373 τὴν
671 1337 747 1365 λύσιν
765 1339 798 1365 ὲκ
821 1338 879 1365 δια-

88 1383 179 1419 φόρων
192 1385 316 1420 ὲπιχειρη
321 1384 422 1420 μάτων.

129 1430 161 1456 ’0
178 1431 238 1457 τῶν
254 1430 349 1457 ὄντων
372 1431 497 1464 σκοπός.
512 1431 567 1457 Καὶ
591 1430 646 1467 γάρ
661 1432 675 1457 ὁ
691 1431 876 1467 ὀργιζόμενος,

84 1477 148 1512 ἦτοι
169 1476 347 1513 θυμούμενος,
366 1477 414 1513 (ὡς
430 1478 458 1504 ὲν
475 1478 655 1513 ὑποδείγματι
669 1478 697 1504 δὲ
710 1479 724 1505 ὁ
738 1477 826 1512 λόγος,
841 1478 879 1511 ὡς

84 1523 182 1558 δοκεῖ,)
206 1523 290 1550 κακόν
309 1533 336 1550 τι
358 1523 496 1556 ποιοῦντος
517 1524 564 1550 τοῦ
588 1524 656 1560 πρὸς
681 1523 710 1550 ὃν
734 1523 876 1559 θυμοῦται,

895 904 916 931 Β

932 275 1036 297 rectum
1053 277 1129 303 esse;
1147 269 1214 297 dicit
1230 270 1314 302 enim,
1331 277 1365 297 ex
1388 277 1443 305 quo
1459 269 1596 305 principio
1616 271 1720 305 produ-

930 322 1004 345 ctum
1021 318 1059 345 sit
1083 317 1200 350 malum;
1218 324 1251 344 ac
1272 320 1364 344 utrum
1389 324 1423 344 ex
1449 316 1502 344 alia
1528 324 1612 344 causa
1638 321 1720 353 atque

930 364 1022 392 omnia
1038 371 1099 399 qua:
1111 363 1261 391 adversarii
1277 371 1338 391 esse
1352 364 1450 391 solent.
1466 364 1569 392 Deinde
1581 364 1720 400 quomodo

930 411 1019 439 bonus
1035 411 1125 446 ipsum
1146 411 1248 438 malum
1265 411 1415 446 producere
1428 412 1565 444 voluerit,
1582 413 1722 447 quomodo

930 459 1010 487 etiam
1029 457 1200 494 providentia
1218 457 1254 484 sit
1268 457 1381 488 malum.
1400 457 1548 486 ostendens
1563 465 1595 485 ex
1618 459 1678 489 his.
1696 459 1720 486 si

930 505 1030 532 malum
1053 504 1166 531 omnino
1187 503 1350 538 productum
1369 503 1469 536 fuerit,
1487 511 1502 531 a
1525 505 1598 532 bono
1615 505 1719 536 fuisse.

930 554 1012 586 atque
1031 550 1117 578 solam
1139 549 1337 586 providentiam
1360 550 1512 585 gubernare
1536 551 1674 583 universa,
1691 555 1720 579 ut

931 597 995 624 hinc
1019 600 1151 632 sequatur
1170 604 1254 624 unum
1276 595 1390 628 bonum,
1414 604 1476 624 esse
1500 605 1592 625 rerum
1613 598 1720 633 princi-

930 643 1021 678 pium;
1037 642 1095 670 haae
1123 647 1213 670 autem
1240 643 1268 669 in
1290 642 1524 677 propositionibus
1548 643 1657 672 divinus
1677 644 1721 671 vir

930 689 1095 716 examinavit
1106 697 1116 720 ς
1136 688 1314 724 progrediens
1339 687 1411 715 enim
1436 689 1599 723 qumsliones
1624 689 1720 717 ordine

931 735 1022 767 solvit,
1040 734 1233 762 demonstrans
1248 734 1349 761 malum
1368 742 1456 769 neque
1469 734 1571 762 habere
1585 735 1719 764 exsisten-

930 783 1007 813 tiam,
1027 789 1117 816 neque
1139 781 1167 808 in
1190 788 1282 808 rerum
1302 785 1400 808 natura
1423 782 1554 817 reperiri;
1582 782 1630 810 sed
1655 782 1720 810 boui

931 828 1083 864 privatione
1099 827 1211 859 factum,
1227 834 1315 862 neque
1338 834 1397 860 ens,
1414 835 1501 862 neque
1518 831 1648 863 tanquam
1665 836 1720 856 non

930 883 980 903 ens
1006 875 1113 902 ratione
1136 874 1258 909 concipi,
1281 877 1362 909 atque
1379 873 1431 901 hoc
1443 874 1575 902 insinuari
1593 875 1621 902 in
1645 876 1718 911 psal-

931 928 976 948 mo
992 929 1085 952 xxxvl,
1101 921 1156 948 '55:
1180 920 1240 947 Vidi
1261 921 1371 955 impium
1396 921 1620 956 superexaltatum
1651 922 1720 949 sicut

931 967 1022 994 θεάν-οε
1037 965 1184 993 ιὶὸακί;ει
1203 967 1323 999 transivi,
1341 971 1367 994 et
1382 975 1440 995 eam
1455 976 1506 995 non
1525 973 1601 999 erat;
1615 972 1639 996 et
1651 977 1721 1004 qua:—

930 1012 980 1039 u'vi
992 1012 1079 1046 ipsum
1091 1033 1098 1045 ,
1114 1011 1142 1039 id
1156 1017 1199 1039 est
1215 1012 1305 1040 locum
1321 1012 1382 1047 ejus
1394 1033 1401 1045 ,
1426 1021 1506 1048 neque
1521 1014 1638 1041 inventus
1658 1019 1720 1045 est;

930 1057 983 1085 hoc
996 1057 1067 1084 enim
1083 1057 1204 1085 declarat
1220 1057 1321 1085 malum
1336 1059 1388 1086 etsi
1401 1059 1480 1086 valde
1494 1059 1650 1093 extollatur,
1664 1068 1720 1088 non

929 1107 1021 1131 tamen
1037 1111 1108 1136 esse,
1123 1111 1211 1139 neque
1224 1103 1314 1132 locum
1330 1112 1410 1132 suum
1422 1105 1626 1139 derelicturum,
1639 1106 1666 1134 id
1677 1111 1720 1135 est

929 1149 1090 1186 vestigium:
1108 1150 1189 1177 simul
1202 1150 1274 1178 enim
1289 1158 1322 1178 ac
1336 1151 1473 1187 apparuit,
1486 1151 1649 1180 dissolutum
1666 1157 1719 1186 est,

929 1203 984 1223 non
1001 1194 1104 1224 habens
1121 1196 1344 1232 subsistentiam;
1367 1206 1456 1233 neque
1479 1198 1562 1235 igitur
1576 1199 1719 1228 arbitreris

929 1242 1018 1278 ipsum
1038 1243 1209 1270 contrarium
1222 1244 1325 1279 aliquid
1342 1245 1444 1273 dicere.

966 1288 980 1324 §
1000 1287 1072 1316 XIX.
1093 1288 1197 1317 Malum
1215 1299 1266 1318 non
1281 1297 1319 1318 est
1340 1299 1373 1318 ex
1397 1291 1475 1320 bona.
1492 1291 1626 1326 Adverte,
1651 1301 1720 1329 quo-

929 1335 1011 1362 modo
1028 1335 1224 1364 admirabiliter
1241 1337 1403 1365 solutionem
1421 1346 1455 1366 ex
1469 1339 1552 1367 variis
1571 1343 1662 1368 nectat
1676 1347 1721 1367 ar-

929 1383 1077 1417 gumenlis.

963 1427 1060 1455 Rerum
1075 1437 1177 1464 scapus.
1194 1429 1261 1456 ham
1276 1430 1290 1456 ὁ
1304 1430 1480 1466 ὀργιζόμενος
1496 1439 1545 1460 seu
1561 1433 1608 1468 qui
1623 1433 1721 1462 irasci-

930 1475 1129 1509 tur,(lanquam
1148 1483 1197 1510 pro
1212 1476 1335 1510 exemplo
1347 1475 1404 1503 haec
1419 1476 1495 1510 dicit,
1512 1481 1542 1504 ut
1557 1478 1720 1515 videtur,)eo

930 1520 958 1546 in
974 1528 1054 1554 quem
1072 1521 1200 1548 irascitur
1216 1521 1326 1556 aliquod
1353 1522 1454 1549 malum
1479 1522 1609 1556 faciente,
1627 1525 1720 1552 volens

88 1570 157 1605 πρὸς
167 1570 197 1596 τὸ
209 1570 329 1597 ἐναντίον
335 1570 429 1597 τοῦτον
439 1571 604 1605 μεταγαγεῖν
617 1570 786 1606 βουλόμενος,
800 1579 878 1597 τουτ-

932 1567 1018 1601 ipsum
1035 1567 1064 1594 in
1079 1567 1259 1600 contrarium,
1278 1568 1303 1595 id
1321 1571 1362 1596 est
1377 1569 1490 1601 bonum,
1501 1569 1655 1602 traducere,
1673 1571 1719 1597 lali

84 1616 145 1643 ἐστι
160 1617 190 1642 τὺ
201 1616 312 1651 ἀγαθὸν,
328 1618 361 1652 τῇ
375 1617 486 1654 τοιαύτῃ
499 1617 605 1653 κινήσει
620 1617 729 1652 χρῆται.

122 1662 179 1689 Καὶ
197 1664 223 1689 εὶ
242 1663 278 1690 τὰ
300 1662 372 1690 ὄντα
393 1662 501 1692 πάντα,
524 1663 649 1698 Ἐφημεν
666 1663 802 1698 ἀνωτέρω,
820 1663 844 1689 εί
864 1664 879 1689 ὁ

85 1709 153 1742 Θεὸς
167 1710 335 1745 ὑπερουσίως
348 1709 385 1736 ὢν
399 1709 507 1744 λέγεται
520 1709 558 1742 ὡς
577 1710 694 1745 ἄναρχος
708 1709 756 1736 καὶ
770 1709 878 1736 πάντων

84 1757 172 1787 αἴτιος
185 1777 191 1788 ,
214 1756 245 1782 τὺ
267 1755 422 1789 ἀντίθετον,
445 1755 483 1786 ὠς
503 1755 614 1791 ἔσχατον
637 1755 690 1782 τῶν
709 1755 808 1788 ὄντων,
833 1756 880 1782 καὶ

85 1802 221 1836 ἀνούσιον,
235 1803 273 1834 ὡς
288 1802 449 1839 ὑπερουσίου
464 1802 511 1829 τοῦ
535 1801 614 1834 Θεοῦ,
628 1802 766 1828 τουτέστιν
780 1803 796 1836 ἡ
817 1801 877 1837 ὖλη,

86 1849 135 1875 καὶ
158 1849 195 1884 μὴ
215 1848 244 1875 ὃν
259 1848 378 1883 λέγεται,
393 1849 442 1875 καὶ
465 1849 494 1874 ὲν
516 1847 577 1884 Θεῷ
590 1847 708 1882 λέγεται,
726 1847 760 1873 δι’
777 1847 878 1881 ἀγαθό-

85 1903 156 1930 τητα
172 1894 254 1921 αὑτοῦ
267 1894 415 1930 γενομένη,
435 1894 458 1920 εἰ
474 1894 520 1920 καὶ
545 1892 589 1920 διὰ
603 1892 650 1919 τοῦ
672 1892 802 1928 μεμίχθαι
824 1895 880 1924 τοῖς

85 1941 227 1977 αἰσθητοῖς
242 1941 272 1967 οὺ
296 1941 383 1976 πάντη
405 1940 500 1972 κακὸν,
521 1939 583 1966 οὔτε
608 1939 696 1975 πάντη
716 1939 828 1974 ἀγαθδν,
842 1938 880 1971 ὡς

84 1988 162 2024 δηλοῖ
175 1987 219 2014 διὰ
240 1988 270 2014 τὸ
284 1987 414 2014 ἄστατον·
433 1987 489 2022 ἔχει
515 1987 564 2022 μὲν
577 1986 632 2022 γὰρ
650 1986 681 2012 τὺ
699 1985 784 2012 κακὸν
800 1986 828 2012 ὲν
841 1984 880 2020 τῷ

85 2034 207 2069 ἀστάτῳ,
225 2033 320 2069 μερίδα
338 2033 369 2060 δὲ
382 2033 428 2059 τοῦ
445 2032 560 2067 ἀγαθοῦ,
575 2032 669 2068 ἐπειδὴ
679 2032 726 2058 καὶ
741 2031 794 2058 ὑπὸ
812 2031 880 2058 Θεοῦ

85 2081 228 2116 παρήχθη,
244 2081 290 2107 καὶ
306 2081 333 2106 ἐν
351 2080 410 2115 Θεῷ
433 2080 509 2106 ἐστι·
529 2079 681 2106 αὑτόκακον
705 2078 750 2115 (οὐ
771 2078 842 2113 λέγω
862 2079 879 2114 ή

86 2127 182 2158 κακία,
195 2127 257 2162 ἣτις
268 2126 306 2158 ὡς
316 2125 386 2158 εἶδος
396 2127 443 2153 καὶ
457 2126 567 2161 ποιότης
577 2134 607 2152 συ
612 2124 719 2161 μδαίνει
729 2124 769 2160 τῷ
780 2124 881 2161 λογικῷ

85 2175 135 2200 ’καὶ
149 2173 358 2210 ἀποσυμϐαίνει,
375 2173 431 2200 ἀλλ’
446 2173 511 2200 αὐτὸ
517 2173 548 2199 τὸ
558 2172 650 2204 ἁπλῶς
660 2171 764 2206 κακδν),
775 2171 837 2198 οὗτε
851 2172 881 2198 ὲν

84 2222 143 2252 τοῖς
164 2218 239 2247 οὖσίν
250 2222 318 2253 ἐστι,
337 2221 393 2251 τοῖς
406 2219 530 2246 ὁπωσοῦν
541 2219 694 2254 ἐφιεμένοις
702 2218 749 2244 τοῦ
765 2217 879 2253 ἀγαθοῦ,

930 1614 1016 1641 utitur
1033 1614 1164 1642 motione.

966 1658 1002 1686 Et
1018 1660 1041 1686 ai
1055 1668 1097 1686 res
1111 1668 1210 1687 omnes.
1226 1659 1350 1688 Diximus
1363 1660 1499 1695 superius,
1515 1660 1593 1697 145
1608 1661 1631 1688 si
1648 1660 1720 1690 Dcus

929 1705 1196 1740 superessentialiter
1206 1714 1257 1733 ens
1271 1706 1384 1738 dicitur,
1403 1710 1433 1733 ut
1456 1709 1515 1734 sine
1531 1708 1676 1743 principio,
1694 1712 1721 1741 et

929 1751 1051 1778 omnium
1066 1759 1159 1784 causa,
1171 1753 1337 1787 oppositum,
1350 1757 1379 1780 ut
1398 1757 1548 1780 extremum
1563 1754 1678 1787 erilium,
1693 1746 1720 1782 οἰ

930 1798 990 1825 sine
1017 1798 1170 1825 substantia
1185 1819 1192 1831 ,
1212 1803 1306 1834 utpote
1341 1798 1397 1827 Deo
1422 1801 1643 1834 superessenliali
1673 1809 1721 1828 ex-

930 1844 1055 1876 sisteute,
1072 1844 1098 1871 id
1122 1848 1165 1872 est
1181 1845 1306 1878 materia,
1326 1851 1353 1873 et
1375 1854 1430 1874 non
1451 1854 1500 1874 ens
1515 1847 1626 1879 dicitur,
1647 1855 1679 1874 ac
1692 1847 1720 1874 in

930 1890 986 1917 Deo
1001 1890 1112 1924 dicitur,
1130 1899 1179 1926 per
1200 1891 1348 1920 bonitatem
1365 1892 1425 1928 ejus
1438 1898 1570 1925 creatum,
1588 1894 1638 1921 etsi
1655 1902 1721 1929 pro-

931 1945 990 1976 pter
1005 1940 1162 1969 mistionem
1180 1948 1242 1968 cum
1270 1942 1418 1970 sensilibus
1445 1949 1499 1969 non
1526 1949 1640 1977 prorsus
1661 1949 1721 1969 ma-

931 1987 999 2019 lum,
1017 1995 1106 2024 neque
1133 1995 1247 2024 prorsus
1259 1989 1373 2021 bonum,
1397 1991 1427 2016 ut
1441 1988 1564 2016 declarat
1585 1988 1616 2015 τδ
1637 1988 1721 2016 ἀστα-

930 2043 989 2067 τον;
1008 2042 1070 2062 nam
1086 2035 1188 2062 malum
1206 2035 1234 2062 in
1252 2035 1430 2063 instabilitate
1453 2039 1559 2070 partem
1584 2035 1647 2062 boni
1673 2035 1721 2062 ha~

930 2082 986 2113 bet,
1003 2082 1132 2116 quoniam
1149 2086 1176 2109 et
1193 2089 1207 2108 a
1225 2081 1280 2109 Deo
1294 2081 1457 2116 productum
1471 2085 1514 2109 est
1529 2086 1610 2116 atque
1625 2081 1651 2108 in
1666 2081 1721 2108 Deo

930 2131 989 2161 est;
1009 2128 1080 2163 quod
1098 2132 1188 2156 autem
1205 2136 1253 2164 per
1270 2136 1299 2155 se
1327 2128 1426 2155 malum
1444 2128 1510 2163 (non
1527 2128 1590 2156 dico
1606 2128 1720 2159 malitia,

932 2182 992 2209 quae
1018 2175 1102 2202 veluti
1128 2175 1216 2202 forma
1241 2178 1268 2202 et
1291 2175 1410 2210 qualitas
1436 2175 1563 2202 rationali
1590 2174 1668 2202 adest
1694 2179 1721 2201 et

932 2221 1020 2255 abest)
1038 2221 1087 2248 sed
1108 2221 1198 2255 ipsum
1223 2220 1386 2255 simpliciter
1412 2221 1515 2247 malum
1538 2227 1626 2255 neque
1651 2221 1722 2248 inter

86 2266 150 2293 οὔτε
161 2267 189 2292 ὲν
200 2268 256 2298 τοῖς
269 2266 306 2302 μὴ
319 2264 404 2298 οὖσιν,
413 2266 473 2293 ἀντ)¹
482 2265 528 2292 τοῦ
537 2266 566 2291 ἐν
574 2267 632 2297 τοῖς
642 2265 744 2296 ὑλικοῖς
753 2264 791 2296 ὡς
801 2272 878 2290 νοου-

932 2266 1003 2294 entia
1020 2271 1062 2294 est
1083 2274 1142 2301 quas
1159 2266 1358 2301 aliquantulum
1381 2269 1512 2301 appetunt
1536 2267 1655 2299 bonum,
1673 2274 1720 2294 nc-

89 2314 182 2349 μένοις
191 2314 219 2339 ὲν
230 2312 268 2348 τῷ
283 2313 333 2339 ὑπε
339 2312 449 2348 ρουσίῳ·
464 2311 532 2338 ἀλλά
539 2311 585 2338 καὶ
592 2311 638 2337 τοῦ
653 2311 689 2346 μὴ
701 2311 785 2344 ὖντος,
794 2310 808 2337 ὃ
822 2311 880 2337 ἐστι

86 2360 138 2394 τῆς
158 2358 234 2394 ὕλης,
250 2359 280 2385 τὸ
299 2358 383 2385 κακὸν
399 2358 479 2384 πλέον
494 2357 632 2393 ἀφέστηκε
646 2357 694 2383 τοῦ
704 2357 817 2391 ἀγαθοῦ,
833 2358 881 2384 καὶ

86 2406 161 2432 ἐστιν
184 2405 308 2432 ἐντεῦθεν
330 2404 442 2436 εἰκότως
466 2403 662 2440 ἀνουσιώτερον
680 2403 731 2438 τῆς
753 2403 829 2439 ὕλης,
851 2404 882 2430 τὸ

84 2452 153 2480 αὐτὸ
167 2452 252 2478 κακὸν
263 2452 300 2482 ὼς
318 2451 406 2487 πάντη
431 2450 508 2477 οὐδὲν
527 2450 565 2476 δν.
582 2450 619 2476 Τὸ
641 2447 687 2477 οὖν
701 2449 794 2480 ἀπλῶς
806 2449 884 2476 αὐτό-

84 2507 173 2526 κακον
184 2498 289 2534 οὐδαμῆ
300 2497 425 2533 οὐδαμῶς
436 2506 442 2512 ·
461 2498 491 2524 τὸ
501 2497 531 2524 δὲ
544 2497 594 2532 τῆς
610 2496 675 2533 ὕλης
691 2498 750 2524 κατ’
763 2496 879 2531 ἔλλειψιν

84 2546 137 2581 τῆς
154 2546 341 2581 ἀγαθότητος,
357 2545 424 2571 καθὸ
447 2545 495 2571 καὶ
509 2544 670 2579 ἀναίσθητος
692 2543 739 2570 καὶ
759 2543 878 2575 ἁνείδεος

83 2594 184 2628 ὁρᾶται
194 2592 217 2608 ⁸³
228 2601 235 2607 ·
255 2592 315 2619 ὅθεν
329 2594 436 2627 νοήσεις
455 2590 500 2617 καὶ
514 2590 544 2616 τὸ
557 2590 742 2625 παράἋϐδίου
758 2590 797 2625 τῷ
812 2598 881 2625 προ-

83 2642 161 2677 φήτῃ
177 2639 331 2676 εἰρημένον
352 2638 407 2665 Καὶ
430 2638 552 2664 ἔσονται
573 2637 613 2670 ὡς
633 2636 676 2671 μὴ
700 2636 795 2669 ὄντες,
810 2635 878 2671 πρδς

84 2688 151 2719 τοὺς
163 2685 342 2723 ἁμαρτωλοὺς
357 2685 487 2720 δηλονότι.

932 2320 986 2348 que
1000 2313 1071 2339 inter
1088 2320 1142 2339 non
1159 2313 1243 2345 entia,
1260 2320 1310 2347 pro
1327 2313 1355 2340 in
1371 2312 1559 2341 materialibus
1577 2316 1605 2341 ut
1628 2312 1656 2340 in
1673 2321 1722 2341 su-

932 2358 1121 2393 peressentiali
1149 2358 1354 2394 intelliguntur;
1379 2359 1427 2387 sed
1453 2359 1535 2386 etiam
1559 2367 1614 2386 non
1630 2359 1721 2392 entis,

932 2404 1005 2439 quod
1021 2408 1063 2432 est
1077 2405 1208 2437 materiae,
1228 2405 1329 2432 malum
1346 2405 1408 2440 plus
1421 2405 1506 2433 distat
1520 2413 1536 2433 a
1551 2405 1633 2438 bono,
1646 2406 1722 2434 ideo-

932 2459 984 2486 que
1002 2451 1091 2486 ipsum
1107 2459 1161 2478 non
1179 2459 1228 2479 ens
1246 2451 1343 2479 merito
1357 2451 1563 2488 ἀνουσιώτερον,
1581 2460 1629 2480 seu
1646 2456 1722 2480 caret

931 2498 1049 2525 essentia
1067 2498 1153 2533 magis
1169 2506 1251 2534 quam
1270 2498 1396 2530 materia,
1417 2503 1447 2525 ut
1464 2499 1576 2526 omnino
1590 2507 1645 2526 non
1658 2507 1719 2526 ens.

928 2544 1018 2579 Ipsum
1047 2544 1131 2579 igitur
1158 2544 1319 2579 simpliciter
1336 2545 1437 2572 malum
1465 2546 1539 2573 nullo
1565 2545 1647 2573 modo
1662 2551 1720 2575 est:

928 2590 1028 2617 malum
1042 2595 1132 2617 autem
1158 2591 1281 2618 materia;
1300 2594 1342 2618 est
1359 2590 1466 2618 defectu
1485 2591 1632 2625 bonitatis,
1649 2592 1722 2618 sicut

927 2636 1008 2663 etiam
1024 2644 1107 2664 sensu
1123 2640 1150 2664 et
1165 2636 1251 2664 forma
1275 2644 1372 2665 carens
1387 2637 1515 2665 videtur:
1533 2637 1604 2665 unde
1620 2638 1721 2664 intelli-

927 2690 974 2718 ges
991 2682 1058 2710 illud
1074 2683 1167 2710 Ahdia:
1184 2683 1324 2718 propheta).
1340 2683 1450 2711 eil'atum
1467 2691 1493 2712 ν.
1518 2683 1552 2711 16
1569 2692 1577 2711 :
1596 2682 1629 2710 Et
1642 2688 1719 2710 erunt

931 2733 1058 2764 tanquam
1087 2738 1138 2756 non
1166 2735 1261 2758 essent.
1298 2729 1434 2758 Nimirum
1463 2729 1498 2758 de
1528 2727 1719 2766 peccatoribus

931 2775 994 2809 agit.

553 2855 669 2883 VARIIE
691 2854 881 2882 LECTiONES
901 2855 944 2882 ΕΤ
963 2855 1242 2885 COKRECTIONES.

138 2924 162 2940 θ’
178 2925 304 2960 προνοίας
320 2923 418 2959 οὔσης.
466 2923 488 2939 ⁸³
506 2923 662 2954 αἰνίττεται,
699 2925 724 2942 ⁸³
742 2925 896 2963 θεωρεῖταιν
