1926 3062
194 179 249 207 ΥΙΞ

612 172 783 200 APPENDIX
798 171 843 198 AD
859 170 973 199 OPERA
992 169 1022 198 S.
1035 168 1184 198 DlONYSIl
1195 166 1435 197 AREOPAGITA‘I.

1765 163 1819 190 278

235 233 308 262 Unde
321 233 402 269 igitur
421 235 460 259 est
483 230 594 258 malum.
609 229 680 257 Hinc
694 227 894 264 oppositionem
917 233 980 262 pro-
995 252 996 255 η

1066 227 1162 253 Πόθεν
1184 226 1239 253 οὖν
1259 226 1324 253 ἐστι
1346 224 1379 251 τὸ
1402 223 1504 250 κακόν.
1528 212 1669 249 Ἐντεῦθεν
1684 221 1821 248 ἀντίθεσιν

197 289 312 318 ponens,
323 278 553 314 oppugnationem
573 276 634 304 fuse
654 277 763 303 exercet
776 277 905 309 tanquam
920 280 983 308 pro-

197 327 281 356 babili
301 325 395 353 nixam
415 326 576 359 argumento
590 331 597 355 ;
615 322 638 349 si
655 321 728 348 enim
741 328 795 347 non
812 319 983 347 concesseri-

197 380 259 400 mus
272 370 376 406 aliquid
386 376 448 397 esse
463 368 578 404 pulchro
589 366 768 398 contrarium,
784 365 812 392 id
821 369 864 393 est
871 365 982 397 malum,

199 425 253 445 non
270 417 380 444 videtur
395 415 498 442 bonum
508 413 607 444 virtus,
626 411 675 439 sed
689 411 841 447 permistim
855 410 984 438 indistin-

199 468 243 490 cta
258 466 339 489 erunt
354 460 455 492 omnia,
473 466 560 493 neque
574 457 676 485 virtute
687 457 807 488 laudata,
821 462 909 490 neque
920 461 986 482 con-

200 508 285 536 trario
298 506 475 542 reprehenso,
491 505 562 533 sicut
578 511 632 530 non
647 503 798 530 exsistcnte
814 501 882 536 lege,
898 507 987 535 neque

200 557 343 590 peccatum
362 553 414 580 erit
430 561 437 578 :
453 558 527 578 nunc
544 553 635 576 autem
650 555 790 584 opponens
815 547 852 574 ait
869 546 918 574 :Si
931 554 985 573 non

201 599 358 628 dederimus
377 597 477 629 malum
503 603 564 623 esse
591 595 663 625 bono
684 593 865 625 contrarium,
886 592 986 619 bonum

201 646 254 673 erit
273 645 325 673 sibi
345 644 396 678 ipsi
420 641 589 670 contrarium
613 641 641 667 in
664 640 698 668 iis
723 639 770 674 qui
794 638 902 666 defectu
923 636 987 665 boni

201 692 326 726 peccant,
343 688 397 715 imo
412 691 474 715 ante
488 685 673 720 operationem
687 684 797 712 virtutis
813 683 867 711 viri
887 683 989 710 virtute

202 734 319 770 praediti,
334 733 501 760 advertimus
515 734 626 766 peccata
640 729 669 756 in
687 729 778 757 anima
789 728 849 764 ejus
861 735 878 754 a
887 727 989 756 virtute

201 778 349 814 distingui;
363 777 473 812 quando
488 776 561 805 enim
576 783 641 811 pars
655 775 798 803 rationalis
810 775 918 807 animae,
931 781 989 808 pro-

200 826 262 862 pria
275 828 420 860 operatur,
439 831 454 851 a
476 822 552 849 nullo
572 823 674 852 bonum
693 820 857 856 impeditur;
880 819 990 855 quando

201 879 267 900 vero
280 878 344 906 pars
358 869 526 897 irrationalis
537 868 634 895 anima:
647 874 707 902 quae
722 867 854 894 miscetur
863 866 891 893 in
905 868 990 895 mate-

201 919 246 946 ria
259 922 286 946 et
304 924 430 953 corpore,
447 916 604 947 invaluerit,
622 918 680 942 tum
700 914 842 942 rationalis
864 913 991 949 prohibe-
1004 902 1027 930 Β

202 968 248 991 tur
260 963 370 999 proprie
384 961 493 998 operari
507 971 513 996 ι
527 968 591 996 ergo
607 960 774 989 irrationalis
799 967 863 996 pars
884 967 918 989 ex
939 959 990 986 mi—

205 1009 296 1037 stione
319 1015 382 1035 cum
398 1007 512 1034 materia
527 1006 659 1039 inﬁcitur,
685 1005 826 1033 rationalis
852 1012 917 1032 vero
937 1011 991 1031 non

204 1055 277 1090 quod
293 1053 415 1086 materiae
429 1052 651 1086 commisceatur,
668 1051 716 1080 sed
728 1050 793 1086 quia
810 1050 838 1077 in
849 1049 992 1078 materiam

203 1100 366 1137 propendet,
383 1099 411 1127 id
421 1103 463 1127 est
478 1098 630 1126 irrationali
645 1097 728 1130 cedit,
741 1104 829 1132 neque
843 1096 931 1131 ipsam
946 1103 993 1122 co-

205 1146 290 1179 hibet,
302 1145 433 1178 inﬁcitur,
449 1152 498 1172 seu
511 1143 583 1171 mala
594 1142 719 1177 efficitur;
729 1143 800 1170 sicut
813 1141 920 1174 oculus,
929 1141 993 1169 dum

206 1197 272 1220 sunt
289 1191 417 1223 tenebrat,
436 1190 598 1226 prohibetur
621 1189 728 1224 videre;
744 1189 796 1217 hoc
814 1188 894 1224 146
911 1188 994 1224 igitur

206 1246 262 1265 non
277 1239 459 1270 demonstrat,
475 1245 540 1264 num
551 1236 625 1272 quod
637 1240 689 1268 est,
702 1243 751 1271 per
769 1243 798 1263 se
813 1235 915 1262 malum
929 1234 993 1262 sub-

207 1287 297 1313 sistat.
315 1284 375 1317 Non
390 1284 464 1312 enim
484 1283 557 1319 quod
572 1282 654 1310 alicui
675 1282 786 1314 malum,
805 1282 832 1309 id
846 1284 889 1308 est
903 1288 951 1316 per
965 1287 996 1308 se

207 1331 320 1363 malum,
338 1330 385 1358 sed
403 1330 483 1357 etiam
499 1329 604 1356 malitia
616 1332 656 1356 est
672 1328 776 1363 species
787 1331 814 1355 et
825 1327 953 1354 accidens
963 1333 997 1359 ex

208 1377 282 1404 malo
299 1385 305 1403 :
323 1377 483 1404 accessione
497 1376 570 1404 enim
590 1375 620 1402 tit
638 1379 668 1402 ut
687 1374 753 1402 illud
771 1374 814 1401 vel
834 1373 908 1401 istud
929 1373 996 1409 quid

207 1424 412 1452 constituatur:
434 1427 480 1454 ut,
501 1422 632 1457 iniquitas
647 1421 756 1457 quidem
780 1420 877 1448 anima:
897 1424 939 1448 est
954 1419 995 1447 vi-

209 1471 289 1502 tium,
306 1476 456 1504 rursusque
471 1469 576 1503 species
592 1468 745 1503 iniquitatis
763 1470 827 1494 sunt
847 1467 996 1494 secundum

209 1516 352 1549 materiam
370 1515 525 1551 appetitus;
546 1515 592 1542 ille
606 1515 679 1542 enim
694 1513 768 1541 circa
790 1513 932 1548 pecunias,
952 1513 998 1541 hic

1033 272 1179 308 προτιθεὶς,
1196 271 1319 302 πλατέως
1334 269 1466 306 γυμνάζει
1482 268 1530 304 τὴν
1547 268 1720 304 ὑπόκρουσιν,
1738 267 1775 299 ὡς
1791 269 1821 300 ἐξ

1033 317 1229 352 εὐλογοφανοῦς
1252 316 1429 348 ἀντιθέσεως·
1454 317 1478 342 εί
1496 315 1550 351 γὰρ
1568 314 1605 350 μὴ
1625 313 1735 349 δοίημεν
1751 311 1822 340 εἷναί

1033 376 1059 394 τι
1073 351 1112 402 τῷ
1127 351 1201 400 καλῷ
1218 363 1350 395 ἐναντίον,
1365 363 1487 389 τουτέστι
1507 362 1537 388 τὸ
1554 361 1638 389 κακὸν
1650 382 1657 394 ,
1671 361 1720 388 οὐκ
1735 351 1823 396 ὀφθή-

1035 422 1109 440 σεται
1123 412 1224 447 ἀγαθὸν
1236 413 1254 447 ἡ
1271 410 1372 446 ἀρετὴ,
1391 409 1448 436 ἀλλ’
1464 408 1565 444 ἀναμὶξ
1580 408 1724 444 ἀδιάκριτα
1746 407 1823 434 ἔσται

1036 460 1134 491 πάντα,
1151 458 1212 485 οὔτε
1227 458 1310 493 ἀρετῇ
1324 457 1347 472 ⁸⁸
1364 455 1572 491 ἐπαινουμένης,
1592 453 1653 481 οὒτε
1676 453 1723 480 τοῦ
1743 454 1822 479 ὲναν-

1034 505 1092 532 τίου
1107 503 1207 539 ψεκτοῦ
1218 503 1304 534 ίΕντος⁹
1318 502 1412 537 ὥσπερ
1424 501 1460 537 μὴ
1470 501 1544 532 ὄντος
1556 500 1648 535 νόμου,
1661 498 1722 525 οὕτε
1733 499 1825 534 ἁμαρ-⁴

1035 552 1080 578 τία
1096 551 1179 578 ἔσται.
1198 550 1254 577 Νῦν
1269 549 1298 576 δέ
1316 557 1397 584 φησιν
1414 548 1428 573 ό
1444 546 1578 579 ἀντιθεὶς,
1602 547 1626 572 εί
1652 545 1688 581 μὴ
1711 544 1823 580 δοίημεν

1037 598 1121 625 κακὸν
1144 596 1264 623 ἐναντίον
1291 595 1330 630 τῷ
1354 593 1458 629 ἀγαθῷ,
1483 593 1556 619 ἔσται
1583 592 1648 619 αὐτὸ
1668 592 1699 618 τὸ
1721 591 1823 626 ἀγαθὸν

1038 643 1156 671 ἐναντίον
1175 641 1263 676 ἑαυτῷ
1288 642 1316 667 ὲν
1343 641 1398 671 τοῖς
1422 639 1481 665 κατ’
1506 637 1623 672 ἔλλειψιν
1646 637 1694 663 τοῦ
1719 636 1825 671 ἀγαθοῦ

1037 688 1247 725 ἁμαρτάνουσιν·
1263 686 1331 714 ἀλλὰ
1347 686 1393 712 καὶ
1409 685 1462 721 πρὸ
1477 685 1526 720 τῆς
1541 683 1681 720 ἐνεργείας
1696 684 1745 720 τῆς
1757 684 1824 720 ἀρε-

1038 735 1086 770 τῆς
1101 734 1148 760 τοῦ
1164 733 1291 769 ἐναρέτου
1313 731 1456 767 ἀνθρώπου
1472 730 1578 767 ὁρῶμεν
1590 731 1620 756 ὲν
1635 731 1668 765 τῇ
1687 730 1759 764 ψυχῇ
1777 729 1826 755 αὺη

1038 781 1084 807 τοῦ
1100 778 1309 815 διακεκριμένας
1320 778 1370 812 τῆς
1388 776 1487 813 ἀρετῆς
1501 776 1551 807 τὰς
1567 775 1675 806 κακίας·
1694 775 1756 801 ὅταν
1775 773 1827 808 μὲν.

1039 826 1093 862 γὰρ
1108 826 1139 853 rb
1153 825 1259 860 λογικὸν
1279 823 1360 860 μέρος
1376 823 1425 858 τῆς
1440 822 1528 857 ψυχῆς
1552 820 1586 847 τὰ
1610 821 1697 847 οίκεῖα
1714 821 1823 856 ἐνεργῇ,

1041 874 1080 904 εἰς
1095 872 1169 899 οὐδὲν
1185 871 1238 897 τῶν
1254 869 1362 904 ἀγαθῶν
1373 868 1557 904 ὲμποδίζεται’
1569 867 1632 893 ὅταν
1642 866 1670 892 δὲ
1684 865 1714 892 τὸ
1730 865 1827 899 ἄλογον

1043 917 1124 954 μέρος
1143 917 1193 952 τῆς
1210 916 1298 951 ψυχῆς
1309 936 1316 948 ,
1339 915 1408 950 ὅπερ
1426 913 1556 949 μέμικται
1573 911 1624 947 ὕλῃ
1639 910 1686 938 καὶ
1710 909 1826 945 σώματι,

1041 965 1188 1000 ἐπικρατῇ,
1198 962 1258 988 τότε
1274 959 1446 996 ὲμποδίζεται
1461 959 1492 986 rb
1505 958 1612 992 λογικὸν
1627 956 1734 987 οἰκείως
1749 957 1828 991 ἐνερ-

1041 1012 1109 1046 γεῖν.
1120 1009 1276 1037 Κακύνεται
1289 1005 1335 1034 οὖν
1349 1006 1380 1033 rb
1393 1005 1488 1040 ἄλογον
1504 1006 1536 1031 ὲκ
1547 1004 1597 1039 τῆς
1613 1003 1682 1038 πρὸς
1695 1002 1744 1037 τὴν
1761 1001 1831 1036 ὕλην.

1042 1055 1191 1091 ἐπιμιξίας
1208 1055 1239 1081 rb
1250 1054 1278 1081 δὲ
1291 1051 1397 1087 λογικὸν
1414 1051 1443 1078 οὺ
1457 1050 1495 1087 τῷ
1510 1049 1640 1085 μεμίχθαι
1654 1050 1687 1083 τῇ
1705 1047 1764 1084 ὕλῃ,
1782 1047 1830 1073 ἁλ-

1041 1102 1076 1129 λὰ
1091 1101 1130 1137 τῷ
1144 1102 1230 1129 νεύειν
1259 1101 1298 1131 είς
1328 1099 1404 1134 ὕλην,
1432 1097 1555 1124 τουτέστι
1577 1095 1617 1131 τῷ
1639 1094 1768 1121 ἐνδιδόναι
1790 1093 1830 1128 τῷ

1043 1148 1142 1183 ἀλόγῳ,
1156 1147 1203 1174 καὶ
1218 1146 1256 1182 μὴ
1281 1145 1392 1181 κρατεῖν
1407 1142 1488 1171 αὑτοῦ
1499 1162 1506 1175 ,
1523 1142 1668 1170 κακύνεται
1677 1160 1686 1172 ,
1699 1140 1736 1171 ὡς
1750 1139 1828 1175 ὖμμα

1046 1195 1157 1225 σκότους
1172 1193 1257 1224 δντος,
1274 1191 1407 1218 κωλύεται
1423 1189 1500 1225 ὁρᾷν·
1517 1188 1548 1214 οὺ
1565 1187 1699 1214 δείκνυσιν
1713 1184 1759 1213 οὖν
1769 1185 1833 1212 τοῦθ

1044 1250 1085 1272 το,
1097 1241 1122 1268 εί
1136 1239 1271 1274 ὑφέστηκε
1287 1237 1317 1265 τὸ
1327 1237 1486 1264 αὑίτόκτιικον⁶
1506 1234 1537 1261 οὺ
1553 1233 1607 1269 γὰρ
1622 1233 1651 1260 τό
1666 1242 1718 1259 τινι
1733 1232 1831 1263 κακὸν,

1045 1287 1117 1317 τοῦτ’
1128 1288 1184 1315 ἔστι
1199 1285 1229 1314 rb
1246 1283 1410 1314 αὑτόκακον,
1426 1280 1494 1309 ἀλλὰ
1509 1280 1558 1307 καὶ
1575 1279 1660 1306 κακία
1673 1278 1747 1305 ἐστὶν
1762 1275 1833 1309 εἶδος

1046 1331 1112 1360 οὖσα
1126 1331 1174 1360 καὶ
1190 1329 1361 1366 συμϐεϐηκὸς
1379 1327 1426 1355 τοῦ
1446 1326 1531 1354 κακοῦ
1543 1334 1549 1341 ·
1564 1327 1624 1357 ταῖς
1644 1324 1698 1360 γὰρ
1713 1322 1833 1360 προσθή-

1046 1388 1110 1411 καις
1124 1377 1285 1405 καθίσταται
1314 1376 1354 1407 είς
1373 1375 1404 1401 rb
1425 1374 1485 1401 τόδε
1507 1382 1534 1400 τι
1557 1370 1645 1403 εἶναι,
1661 1367 1716 1397 οἷον
1741 1369 1834 1396 ἀδικία

1050 1425 1098 1461 μὲν
1114 1424 1201 1460 ψυχῆς
1229 1423 1287 1449 ἐστι
1312 1420 1446 1457 πονηρία·
1464 1419 1511 1446 καὶ
1537 1418 1628 1450 πάλιν,
1649 1417 1699 1452 τῆς
1725 1415 1834 1446 ἀδικίας

1047 1472 1105 1507 εἴδη
1124 1470 1193 1506 πρὸς
1213 1469 1262 1504 τὴν
1279 1468 1328 1504 τῆς
1344 1466 1460 1503 ὀρέξεως
1477 1465 1559 1501 ὓλην·
1577 1465 1593 1500 ἡ
1615 1463 1664 1499 μὲν
1677 1462 1748 1498 γὰρ,
1769 1461 1836 1497 περὶ

1048 1518 1187 1553 χρήματα,
1204 1514 1259 1550 ἠδὲ
1269 1513 1333 1549 περὶ
1345 1512 1428 1548 τιμὰς
1443 1511 1585 1546 συμϐαίνει
1599 1531 1605 1536 .
1623 1510 1729 1536 Γίνεται
1741 1508 1769 1535 δὲ
1785 1507 1835 1534 καὶ

209 1568 301 1591 autem
316 1563 390 1590 circa
405 1562 523 1590 honores
545 1561 662 1594 accidit;
678 1561 760 1596 hujus
777 1568 886 1596 quoque
903 1567 996 1588 acces—

1050 1562 1120 1590 κατὰ
1135 1560 1291 1597 προσθήκας
1306 1558 1364 1594 εἴδη
1377 1557 1469 1584 κακῶν
1482 1556 1528 1584 καὶ
1544 1556 1597 1583 ἀπὸ
1612 1555 1665 1582 τῶν
1683 1554 1774 1590 μερῶν
1784 1553 1837 1588 τῆς

211 1609 288 1638 sione
298 1607 404 1643 species
431 1608 567 1635 malorum
591 1607 674 1634 etiam
702 1614 719 1633 a
743 1606 867 1642 partibus
883 1605 999 1641 animae;

212 1660 301 1684 metus
315 1650 426 1691 quidem
441 1657 468 1682 et
487 1654 602 1682 audacia
621 1654 656 1681 ab
668 1653 801 1682 irascibili
812 1672 820 1685 ,
835 1654 999 1687 intempera-

211 1702 251 1728 tio
265 1704 356 1729 autem
368 1705 396 1728 et
407 1700 543 1728 stoliditas
556 1708 572 1728 a
584 1699 811 1734 conCupiscibili;
827 1698 896 1726 ﬁunt
909 1701 1000 1726 autem

212 1747 296 1774 etiam
320 1746 425 1781 species
449 1746 584 1773 malorum
608 1747 642 1773 ab
666 1745 887 1780 operationibus;
911 1747 1000 1772 metus

213 1792 287 1819 enim
305 1795 347 1820 est
360 1792 444 1819 veluti
459 1791 582 1819 deiectus
594 1791 777 1820 animositatis
793 1791 821 1819 in
842 1789 1002 1826 aggredien-

214 1838 267 1871 do,
290 1838 405 1865 audacia
423 1845 489 1865 vero
511 1845 643 1866 excessus
658 1837 842 1865 animositatis
863 1836 892 1863 in
906 1843 1002 1871 aggre—

215 1884 326 1917 diendo,
345 1885 555 1919 intemperantia
572 1888 663 1912 autem
688 1884 716 1911 in
732 1883 880 1920 patiendo;
899 1884 1003 1911 clarum

214 1931 299 1967 igitur
313 1936 364 1964 est,
381 1931 517 1967 quomodo
534 1931 562 1958 in
583 1930 673 1958 anima
688 1930 769 1957 etiam
790 1934 852 1957 ante
866 1929 1004 1965 operatio-

217 1984 266 2005 nes
290 1979 402 2012 peccata
428 1976 634 2011 distinguantur
659 1983 675 2003 a
701 1975 861 2008 virtutibus,
885 1975 912 2002 in
928 1978 1005 2010 parte

216 2021 343 2048 rationali
355 2025 383 2048 et
393 2021 546 2048 irrationali
561 2021 669 2047 animae.
684 2018 746 2046 Haec
761 2022 851 2046 autem
863 2025 924 2054 quaa
940 2020 1005 2045 sunt

217 2067 385 2096 irrationalis
400 2068 482 2094 aliam
494 2067 580 2102 legem
598 2067 677 2094 nobis
691 2065 840 2094 ostendunt
854 2065 939 2093 menti
957 2063 1006 2091 ad-

217 2117 384 2146 versantem,
395 2115 468 2142 sicut
478 2114 545 2141 dicit
559 2113 707 2148 Apostolus
716 2112 725 2132 ¹’
731 2121 739 2146 ;
753 2115 780 2140 et
790 2111 843 2139 nisi
853 2117 1007 2146 compesca-

217 2164 273 2192 tur,
286 2159 447 2187 rationalem
463 2159 659 2195 captivantem,
676 2161 706 2185 ut
722 2156 904 2185 ostendimus.

253 2206 276 2233 Α
291 2206 403 2233 ratione.
414 2204 479 2238 Pro,
497 2212 560 2232 cum
571 2203 698 2231 rationali
715 2207 791 2238 parte
803 2202 909 2237 animae,

255 2306 325 2334 Etsi
339 2306 472 2340 corruptio
487 2313 576 2337 rerum
595 2305 640 2332 sit.
656 2304 719 2336 Pro,
731 2304 755 2331 si
776 2303 804 2330 in
818 2303 900 2331 rebus
918 2311 1007 2338 ipsum

220 2352 359 2386 corrumpi
374 2355 515 2383 cernatur,
533 2359 580 2378 seu
596 2350 619 2378 si
631 2350 723 2385 aliqua
738 2349 841 2377 entium
855 2349 1008 2384 corruptio-

221 2400 250 2427 ni
267 2398 439 2432 subjaceant,
459 2405 493 2425 ex
507 2397 559 2424 hoc
575 2397 730 2424 ostenditur
744 2396 817 2431 quod
833 2396 933 2423 malum
950 2396 986 2423 sit
1000 2405 1006 2423 ε

222 2444 290 2472 illud
304 2443 375 2471 enim
391 2451 443 2470 non
455 2443 526 2477 ejicit
539 2443 591 2470 hoc
603 2442 748 2478 signiﬁcat.

257 2491 299 2517 An
322 2499 374 2517 non
396 2490 553 2524 frequenter.
577 2489 638 2516 Haec
655 2489 745 2516 adhuc
763 2489 797 2515 ad
809 2488 1009 2523 oppositionem

222 2538 371 2573 pertinent,
386 2537 517 2563 nimirum
531 2536 623 2571 potius
636 2540 663 2562 et
684 2534 711 2562 in
727 2535 809 2562 rebus
831 2538 874 2562 est
891 2541 923 2561 ac
937 2535 1011 2562 exsi-

224 2586 272 2612 stit
290 2584 408 2616 malum;
423 2583 475 2610 etsi
488 2582 562 2609 enim
578 2582 679 2610 malum
695 2582 731 2609 sit
750 2588 841 2608 rerum
859 2581 1010 2616 corruptio,

225 2630 273 2657 sed
292 2636 348 2656 non
363 2633 455 2655 tamen
471 2630 514 2654 est
536 2627 594 2662 ipsa
618 2626 771 2661 corruptio,
794 2625 868 2657 aliud
882 2631 926 2653 est
938 2626 1012 2660 quod

228 2677 259 2703 ad
282 2675 484 2711 generationem
508 2673 601 2705 ducit,
617 2673 701 2700 veluti
724 2679 804 2700 ovum
826 2672 1013 2707 corrumpitur

228 2723 347 2759 quidem,
370 2721 418 2749 sed
442 2719 721 2759 transsubstantiatur
744 2719 771 2745 in
787 2725 875 2750 avem,
902 2722 929 2745 et
951 2718 1013 2748 faba

268 2788 277 2807 ί
296 2786 374 2814 Rom.
387 2793 436 2817 vn,
453 2785 497 2812 25.

1050 1609 1153 1645 ψυχῆς·
1177 1606 1262 1634 δειλία
1279 1606 1327 1642 μὲν
1342 1604 1409 1641 γὰρ,
1424 1604 1440 1639 ἢ
1457 1602 1593 1639 θρασύτης
1613 1601 1667 1628 ἀπὸ
1689 1599 1736 1645 τοᾷ
1757 1599 1838 1634 θυμι-

1050 1644 1098 1683 κοῦ
1110 1674 1117 1687 ,
1143 1651 1273 1680 ἀκολασία
1293 1650 1322 1677 δὲ
1345 1648 1363 1683 ἢ
1378 1648 1514 1684 ἡλιθιότης
1530 1647 1584 1675 ἀπὺ
1608 1646 1655 1673 τοῦ
1674 1644 1838 1680 ἐπιθυμητι-

1051 1701 1111 1729 κοῦ.
1124 1700 1232 1727 Γίνεται
1246 1699 1275 1725 δὲ
1283 1698 1330 1725 καὶ
1341 1697 1394 1725 ἀπὸ
1405 1696 1460 1723 τῶν
1474 1694 1619 1731 ἐνεργειῶν
1633 1693 1690 1729 εἴδη
1703 1692 1805 1720 κακῶν·
1820 1693 1839 1728 ἡ

1054 1748 1102 1783 μὲν
1116 1746 1171 1782 γὰρ
1182 1745 1267 1773 δειλία
1282 1741 1337 1771 οῖον
1353 1743 1418 1779 περὶ
1429 1743 1460 1770 τὸ
1471 1743 1558 1778 ὁρμᾷν
1574 1741 1649 1768 ἐστιν
1669 1738 1785 1773 ἔλλειψις
1797 1738 1838 1754 “-

1052 1795 1069 1830 ὴ
1086 1794 1114 1821 δὲ
1130 1792 1267 1828 θρασύτης
1280 1791 1344 1826 περὶ
1359 1790 1389 1816 τὸ
1404 1789 1492 1824 ὁρμᾷν
1515 1786 1651 1823 ὑπερὸολή
1663 1794 1669 1801 ·
1689 1787 1706 1822 ἡ
1728 1785 1756 1812 δὲ
1773 1785 1841 1811 ἀκο-

1053 1840 1144 1872 λασία,
1161 1839 1227 1874 περὶ
1247 1837 1278 1864 τὸ
1300 1836 1425 1871 πάσχειν.
1450 1834 1538 1870 Σαφὲς
1554 1831 1600 1860 οὖν
1616 1832 1722 1867 γέγονε,
1739 1830 1798 1862 πῶς
1811 1831 1843 1857 ὲν

1053 1887 1125 1922 ψυχῇ
1141 1886 1188 1913 καὶ
1204 1884 1258 1920 πρὸ
1272 1882 1411 1919 ἐνεργείας
1424 1881 1594 1916 διακέκριται
1609 1880 1644 1905 τὰ
1657 1877 1730 1905 κακὰ
1744 1875 1844 1903 ἐκτῶν

1055 1932 1162 1969 ἀρετῶν
1172 1951 1179 1964 ,
1193 1930 1238 1958 διὰ
1253 1929 1300 1957 τοῦ
1323 1928 1420 1962 ἀλόγου
1435 1927 1483 1954 καί
1497 1926 1543 1953 τοῦ
1558 1924 1666 1960 λογικοῦ
1686 1923 1777 1960 μερῶν
1799 1922 1852 1950 δν-⁴

1055 1968 1109 2006 των
1122 1978 1172 2013 τῆς
1191 1976 1290 2012 ψυχῆς.
1306 1974 1398 2002 Ταῦτα
1413 1973 1442 2000 δὲ
1462 1972 1497 1998 τὰ
1513 1971 1560 1998 τοῦ
1577 1971 1674 2005 ἀλόγου
1689 1970 1782 2005 ἕτερον
1800 1968 1847 1995 νό-

1057 2034 1106 2062 μον
1128 2024 1262 2053 δείκνυσιν
1291 2022 1356 2057 ἡμῖν
1380 2017 1654 2054 ἀντιστρατευόμενον
1675 2015 1714 2051 τῷ
1730 2015 1788 2051 νῷ,
1804 2014 1846 2046 ὥς

1057 2061 1140 2108 φησιν
1156 2071 1171 2097 ὁ
1187 2067 1356 2098 ’Δπόστολος,
1373 2066 1421 2094 καὶ
1442 2065 1471 2091 ἐν
1492 2063 1531 2099 τῷ
1549 2063 1587 2098 μὴ
1607 2061 1766 2098 κρατεῖσθαι
1782 2061 1847 2096 αίχ-

1059 2116 1246 2153 μαλωτεύοντα
1260 2113 1292 2142 rb
1303 2111 1422 2145 λογικὸν,
1436 2111 1474 2142 ὡς
1488 2108 1678 2143 ἀπεδείξαμεν.

1094 2208 1173 2242 Πρὸς
1187 2206 1241 2238 τὸν
1255 2204 1357 2238 λόγον.
1385 2201 1458 2228 Ἀντί.
1470 2199 1529 2231 τοῦ,
1546 2198 1614 2233 πρὸς
1629 2197 1659 2223 rb
1674 2194 1783 2230 λογικὸν
1797 2195 1850 2231 τῆς

1025 2245 1047 2271 θ
1059 2255 1147 2292 ψυχῆς
1164 2253 1255 2289 μέρος·

1097 2287 1153 2328 irin
1165 2287 1307 2332 eirgpﬂopd
1320 2296 1386 2322 ἐστι
1402 2294 1462 2333 τῶν
1479 2292 1583 2319 ὄντων.
1606 2289 1680 2316 Ἀντί
1699 2287 1757 2320 τοῦ,
1775 2287 1799 2314 εί
1820 2287 1851 2313 ὲν

1059 2349 1116 2379 τοῖς
1131 2345 1190 2373 οὖσι
1204 2345 1234 2370 rb
1250 2341 1406 2378 φθείρεσθαι
1419 2340 1525 2374 ὁρᾶται,
1536 2338 1619 2373 ἦγουν
1634 2335 1661 2361 εἴ
1669 2343 1730 2362 τινα
1805 2333 1853 2359 δν-

1060 2403 1114 2421 των
1131 2377 1273 2419 ὑπόκειται
1286 2377 1384 2424 φθορᾷ,
1396 2387 1429 2413 ὲκ
1443 2385 1537 2412 τούτου
1551 2383 1687 2410 δείκνυται
1701 2380 1731 2407 rb
1740 2377 1809 2406 εῖναι
1820 2379 1854 2406 rb

1061 2440 1154 2471 κακόν·
1168 2438 1198 2464 rb
1209 2436 1264 2472 γὰρ
1273 2436 1329 2461 οὐκ
1343 2432 1482 2460 ἐκϐάλλει
1497 2430 1575 2457 τοῦτο
1588 2428 1672 2463 δηλοῖ.

1099 2486 1138 2512 Ἦ
1153 2483 1221 2518 οὐχ),
1236 2479 1394 2512 πολλάκις.
1414 2479 1475 2504 Ἔτι
1493 2477 1542 2512 τῆς
1555 2473 1718 2505 ἁντιθέσεώς
1736 2473 1789 2498 εἰσι
1804 2473 1854 2498 καὶ

1063 2531 1166 2562 ταῦτα,
1182 2529 1223 2555 ὅτι
1238 2527 1337 2563 μᾶλλον
1352 2525 1399 2553 καὶ
1415 2525 1443 2550 ὲν
1459 2525 1514 2554 τοῖς
1530 2519 1605 2548 οὖσίν
1622 2521 1680 2547 ἐστι
1693 2539 1701 2551 ,
1717 2518 1764 2546 καὶ
1776 2518 1806 2546 ὂν
1822 2518 1856 2545 rb

1063 2577 1147 2605 κακόν
1161 2584 1167 2591 ’
1182 2575 1233 2602 κᾶν
1247 2573 1302 2609 γὰρ
1312 2572 1343 2599 rb
1353 2571 1437 2598 κακὸν
1454 2568 1542 2605 φθορὰ
1556 2569 1615 2594 ἐστι
1624 2566 1678 2593 τῶν
1693 2565 1786 2595 ὄντων,
1795 2563 1854 2590 ἀλλ’

1063 2623 1110 2652 οὖν
1125 2625 1143 2659 ἠ
1158 2620 1247 2658 φθορὰ
1262 2619 1343 2655 αὓτη,
1358 2617 1452 2653 ἓτερον
1467 2615 1523 2642 ἐσθ’
1541 2615 1585 2641 ὅτε
1604 2614 1644 2645 είς
1658 2612 1765 2647 γένεσιν
1779 2611 1855 2645 ἄγει,

1064 2670 1120 2697 οἷον
1135 2656 1169 2696 τὸν
1189 2656 1242 2695 ὼδν
1264 2665 1404 2701 φθείρεται
1422 2663 1481 2698 μὲν,
1499 2658 1747 2696 μεταστοιχειοῦται
1768 2656 1798 2683 δὲ
1814 2657 1858 2688 είς

1065 2717 1165 2752 πτηνόν
1174 2724 1180 2730 ·
1199 2714 1246 2742 καὶ
1259 2715 1274 2740 ὁ
1287 2711 1393 2746 κύαμος
1405 2710 1443 2742 δὲ,
1453 2707 1704 2743 καταμασσόμενος,
1719 2703 1763 2731 καὶ
1781 2704 1811 2730 ἐν
1821 2704 1856 2739 τῇ

687 2827 806 2855 VARle
827 2826 1018 2855 LECTIONES
1037 2825 1081 2853 ET
1097 2822 1374 2853 CORRECTIONES.

262 2904 282 2924 εδ
299 2903 410 2944 ἀρετῆς.

467 2903 515 2938 πή
535 2901 583 2939 μὲν
597 2900 650 2937 γὰρ
668 2900 822 2937 ἀφροσύνη,
840 2896 895 2928 οἷον
909 2899 972 2936 περὶ
990 2898 1020 2928 rb
1035 2898 1100 2939 ὸρᾴν
1113 2897 1217 2933 γίνεται
1237 2891 1291 2923 ίλλ.
