1926 3062
128 149 179 176 277

477 149 506 178 S.
526 149 649 179 MAXIM]
669 148 815 178 SCHOLIA
835 150 866 177 ΙΝ
887 151 904 177 Ι,

974 151 1016 178 DE
1036 151 1161 180 DIVIMS
1179 153 1378 182 NOMINIBUS.

1701 159 1754 186 9.78

127 209 163 244 γῇ
181 205 376 244 κρυπτόμενος,
390 208 657 244 μετασχηματίζεται
679 209 719 240 εὶς
735 208 854 244 ὲμϐρῦου
876 207 901 236 εἴ

969 218 1028 244 qua:
1041 211 1177 246 subigitur
1190 219 1222 238 ac
1234 212 1260 238 in
1276 216 1347 239 terra
1360 213 1524 245 occultatur,
1543 215 1754 250 transﬂguralur

126 255 180 286 60;-
192 255 283 281 καὶτὰ
298 254 411 290 σώματα
427 255 456 281 δὲ
469 255 549 290 ἡμῶν
565 256 604 287 εἰς
621 255 779 290 σκώληκας·
796 256 841 282 καὶ
856 255 916 281 ἓτε-

127 309 162 337 ρα
178 301 246 333 ζῶα,
265 302 311 328 καὶ
324 301 391 328 ἄλλα
407 301 490 337 μυρία
498 301 619 333 τοιαῦτα,
637 302 674 334 ὡς
687 302 764 328 ἵπποι
785 303 833 337 μὲν
848 311 916 338 σφη-

125 347 182 375 κῶν
198 347 313 382 γένεσις,
330 347 424 383 ταῦροι
438 348 467 374 δὲ
483 348 627 384 μελισσῶν.

161 393 215 420 Καὶ
238 394 323 421 ἐσται
346 393 378 420 τὸ
403 395 505 420 κακόν.
530 393 613 426 Λύσις
633 394 687 420 τῶν
711 395 914 432 προὸληθεισῶν

125 439 297 471 ἀντιθέσεων,
325 441 348 467 εἱ
369 440 385 476 ἡ
402 439 488 476 φθορὰ
511 440 605 471 κακὸν,
627 440 732 476 φθείρει
747 441 804 476 δὲή
826 442 914 478 φθορὰ

124 486 173 515 καὶ
188 486 218 513 τδ
231 486 325 518 κακὸν,
344 486 402 518 πῶς
418 486 494 513 ἔσται
508 486 538 513 τὸ
554 486 638 513 κακὸν
656 487 722 514 αὐτὸ
744 488 824 515 ἑαυτὸ
839 489 914 523 φθεῖ-

125 541 186 569 ρον;
203 534 228 560 εὶ
247 534 301 569 γὰρ
317 533 346 559 ἐν
364 535 397 569 τῇ
413 533 461 568 ΰλῃ
477 533 507 559 τὸ
523 533 616 565 κακον,
635 533 754 569 εὔδηλον,
770 535 807 567 ὡς
820 535 850 562 τὸ
867 536 912 562 εὑ-

124 579 316 614 φθαρτότερονσ
335 579 383 615 ὕλη
406 579 434 606 δέ
453 581 522 606 ἐστι·
542 579 681 606 καὶτοῦτο
697 581 778 607 ἑαυτὸ
794 581 908 617 φθείρει·

122 624 166 651 διὰ
183 625 261 651 τοῦτο
277 625 330 661 γὰρ
345 627 361 661 ἡ
378 625 428 660 ὕλη
449 626 495 652 καὶ
510 625 633 658 ἁνούσιος
653 626 761 660 λέγεται
776 627 846 654 κατὰ
864 628 912 654 ἀν-

121 671 300 707 τιπαράθεσιν
315 672 365 707 τῆς
379 671 540 708 ὑπερουσιου
550 671 596 698 τοῦ
613 671 680 698 Θεοῦ
695 672 798 705 οὐσίας,
815 673 853 705 ὡς
863 674 911 700 αὑ-

121 717 154 752 τὴ
171 717 276 753 φθαρτή
292 718 314 734 “
329 715 412 750 οὖσα,
440 719 486 746 καὶ
507 719 557 745 οὐκ
573 719 616 747 ἀεὶ
628 717 710 750 οὖσα,
729 719 776 746 καὶ
791 719 910 753 ἁνείδεος

121 763 191 790 κατὰ
202 764 411 799 ἁντιπαράθεσιν
426 764 473 791 τοῦ
489 764 575 796 εἴδους
590 764 636 791 τοῦ
653 765 731 797 Θεοῦ,
747 765 784 797 ὡς
796 766 909 793 ἐκάλεσε

120 809 240 845 Μωῡσῆς
254 810 299 836 τὸν
312 809 475 845 δημιουργὸν
484 811 579 844 Λόγον.
597 811 652 837 Καὶ
669 811 706 847 μὴ
723 811 753 838 ὃν
764 811 791 838 δὲ
800 811 909 846 λέγεται

119 857 136 890 ὴ
155 855 203 890 ὕλη
226 855 296 883 κατὰ
318 857 529 892 ὰντιπαράθεσιν
551 857 601 892 τῆς
624 857 698 890 θείας
723 858 795 886 κατὰ
816 858 909 886 οὐσίαν

120 900 275 937 ὑπάρξεως.

157 947 246 984 ςΧΧ.
266 945 307 984 ⁷ῌ
321 950 423 977 κακόν.
447 950 484 977 Τὸ
505 950 524 985 ᾖ
546 951 640 979 κακὸν
662 951 722 978 ἀντὶ
747 951 794 978 τοῦ
818 952 877 979 καθ’
893 953 909 979 δ

120 995 214 1021 κακόν.

154 1040 279 1068 Μᾶλλον
293 1042 336 1070 δέ.
353 1043 520 1078 Σημεὶωσαι,
535 1044 577 1071 ὅτι
593 1045 639 1071 καὶ
654 1045 682 1071 ὲν
698 1046 753 1076 τοῖς
765 1043 847 1076 θείοις
863 1044 907 1071 λό-

119 1095 177 1120 γοις
192 1088 225 1103 ⁸⁷·
236 1088 258 1104 ⁸⁸
270 1088 407 1121 ἀκώλυτος
419 1090 435 1124 ἡ
446 1089 475 1123 ἐξ
490 1090 666 1126 ἐπιλογισμοῦ
679 1090 732 1117 τῶν
748 1090 908 1126 ἀκριϐεστέ-

120 1141 174 1169 ρων
192 1135 350 1170 παράδοσις
367 1136 422 1162 ἰδοὺ
435 1136 545 1172 γὰρ,ὼς
557 1137 634 1172 ὁρᾷς,
652 1137 720 1172 μετὰ
734 1137 783 1172 τὴν
799 1136 907 1164 ἔκθεσιν

117 1180 168 1215 τῆς
180 1181 316 1216 προτέρας
333 1181 445 1218 γνώμης
461 1182 491 1215 ἐξ
507 1183 687 1218 ἐπιλογισμοῦ
703 1183 736 1210 τὰ
747 1183 907 1220 ἀκριϐέστε-

118 1234 154 1263 ρα
170 1227 363 1262 παραδίδωσιν.

154 1274 207 1300 Καὶ
224 1274 325 1308 ἀμιγῆ,
343 1274 391 1302 καὶ
416 1275 577 1309 ὁλόκληρα.
594 1275 634 1302 Τὰ
658 1276 707 1311 μὲν
731 1276 817 1311 ἁμιγῆ
837 1276 905 1310 ἀγα-

116 1318 152 1345 θὰ
167 1320 215 1346 καὶ
233 1320 342 1355 ὁλοτελῆ
359 1322 392 1347 ὲκ
407 1321 454 1347 τοῦ
470 1321 572 1355 ἀγαθοῦ
589 1322 726 1356 ἐγγίνεται
744 1323 800 1354 τοῖς
822 1323 906 1358 ὑπερ-

116 1365 241 1401 κοσμίοις
261 1369 376 1401 νοητοῖς,
395 1368 442 1394 ἆτε
461 1368 507 1394 καὶ
527 1368 692 1404 ἀσωμάτοις
708 1368 743 1395 τὰ
762 1369 790 1395 δὲ
806 1377 906 1404 μεμιγ-

117 1410 185 1446 μένα
209 1411 299 1446 ἀγαθὰ
331 1413 395 1448 περὶ
426 1413 459 1440 τὰ
483 1413 579 1449 λογικὰ
605 1413 719 1450 σώματα
744 1415 904 1452 θεωρεῖται,

114 1457 253 1485 τουτέστιν
267 1460 295 1485 ἐν
308 1459 382 1494 ἡμῖν,
400 1460 446 1486 τοῦ
459 1460 508 1495 μὲν
517 1460 614 1494 ἀλόγου
630 1461 681 1497 τῆς
692 1461 782 1497 ψυχῆς
794 1461 903 1498 μέρους,

113 1502 152 1535 ὡς
173 1504 294 1541 εἴρηται,
318 1505 476 1540 μετέχοντος
489 1505 556 1542 ὕλης
579 1506 623 1534 διὰ
639 1507 686 1534 τοῦ
708 1507 833 1543 σώματος
857 1509 904 1535 τοῦ

114 1549 201 1582 εἴδους
225 1551 392 1586 μετέχοντος,
409 1552 456 1578 τοῦ
472 1553 500 1579 δὲ
516 1553 624 1586 λογικοῦ
644 1553 752 1589 μέρους,
777 1554 904 1589 ρέποντος

116 1597 183 1632 πρὸς
195 1597 225 1623 τὸ
239 1597 345 1632 ἄλογον,
358 1599 405 1625 καὶ
422 1599 568 1631 ἐνδιδόντος
579 1599 634 1626 ἐσθ’
645 1600 689 1626 ὅτε
705 1600 790 1636 αὐτῷ,
802 1601 848 1627 καὶ
860 1601 905 1627 διὰ

112 1643 192 1670 τοῦτο
209 1644 276 1680 πρὸς
291 1643 357 1680 ὓλην
371 1645 503 1677 νεύοντος·
523 1646 553 1672 τὸ
567 1646 616 1682 μὲν
629 1646 684 1682 γὰρ
699 1647 850 1674 αὑτόκακον
866 1647 906 1674 δεῖ

114 1688 226 1724 θεωρεῖν
234 1691 266 1716 αὑ
271 1690 425 1726 τοάπειρον,
434 1691 628 1728 αὑτοάμετρον,
638 1693 833 1725 αὑτοανεῐδεον,
842 1694 905 1719 ἑαυ-

112 1734 153 1769 τῷ
174 1736 257 1762 κακὸν
279 1737 416 1769 οὐσιῶδες,
433 1738 462 1763 οὺ
477 1737 529 1774 μὴν
545 1739 630 1775 ἑτέρῳ
645 1739 738 1766 κακόν·
756 1740 834 1766 τοῦτο
850 1740 903 1777 γὰρ

113 1780 182 1814 εἶδός
199 1783 256 1809 ἐστι
273 1784 319 1810 καὶ
339 1783 510 1819 συμϐεϐηκὸς
523 1784 632 1816 κακίας.
651 1786 697 1811 Δεῖ
711 1783 758 1812 οῦν
771 1786 802 1812 τὸ
819 1787 904 1813 κακὸν

112 1828 231 1855 τοιοῦτόν
253 1838 279 1856 τι
304 1827 384 1862 εἶναι,
408 1827 463 1856 οἷον
484 1830 562 1866 ἔφην,
579 1831 674 1863 ὥσπερ
687 1832 702 1857 ὁ
717 1832 784 1864 Θεὸς
795 1833 902 1860 πάντων

112 1874 266 1911 αὑτοπέρας
285 1876 332 1902 καὶ
354 1876 537 1913 αὑτόμετρον,
562 1878 609 1904 καὶ
626 1877 839 1911 αὑτοειδοποιὸν,
857 1879 903 1906 καὶ

112 1921 279 1956 αὺτοάγαθον
304 1923 444 1955 οὐσιῶδες·
469 1924 499 1949 οὐ
516 1923 571 1959 γὰρ
593 1923 667 1958 λέγω
686 1924 733 1951 νῦν
757 1924 795 1960 τῷ
811 1925 902 1961 ,ἑτέρῳ

113 1967 231 2001 ἀγαθόν·
250 1969 422 2005 συμϐεϐηκὸς
441 1968 495 2004 γὰρ
517 1969 610 1996 τοῦτο·
635 1969 693 2002 πῶς
714 1968 760 1997 οὖν
775 1970 850 1998 ἔσται
872 1971 902 1997 τὸ

112 2014 196 2041 κακὸν
207 2014 345 2046 οὐσιῶδες,
371 2016 418 2041 καὶ
440 2015 553 2050 ἑτέροις,
572 2016 680 2042 πάντων
700 2016 828 2048 καθάπαξ
846 2017 900 2043 τῶν

111 2059 195 2087 ὄντων
213 2061 390 2096 μεμιγμένως
400 2061 593 2097 καχυνομένων
605 2063 652 2089 καὶ
667 2063 782 2097 ἐχόντων
792 2063 823 2089 τὸ
832 2061 900 2089 εἶναι

112 2107 141 2133 ἐν
161 2106 199 2142 τῷ
213 2106 324 2142 ἀγαθῷ,
347 2107 452 2139 οὐδενὸς
472 2106 542 2134 κατὰ
564 2108 594 2134 τὸ
611 2108 741 2140 παντελὲς
766 2109 899 2144 ἁμετόχου

109 2153 186 2184 bno;
202 2153 248 2179 τοῦ
268 2153 381 2187 ἀγαθοῦ,
405 2153 472 2180 ἀλλὰ
494 2154 603 2181 πάντων
615 2155 683 2190 πρὸς
693 2155 742 2190 τὴν
753 2155 821 2181 ἰδίαν
838 2156 899 2182 ἐπι-

111 2199 270 2236 τηδειότητα
293 2200 459 2235 μετεχόντων
473 2200 521 2227 τοῦ
543 2200 663 2235 dimovit;
688 2201 724 2227 Τὸ
746 2199 792 2228 οὖν
815 2202 898 2228 κακὸν

967 256 995 283 in
1009 257 1127 291 speciem
1140 257 1307 293 embryonis,
1317 263 1344 286 et
1359 266 1473 290 corpora
1489 265 1582 287 nostra
1595 260 1622 287 in
1636 269 1752 292 vermes.

967 310 999 330 ac
1022 303 1130 330 diversa
1156 304 1295 335 animalia.
1323 305 1430 341 aliaque
1453 305 1560 333 infinita
1582 307 1702 340 similia,
1724 312 1755 335 ut

965 354 997 375 ex
1014 347 1093 382 equis
1106 353 1269 383 generantur
1288 357 1392 385 vespes,
1404 355 1430 377 et
1441 359 1474 378 ex
1489 352 1575 379 tauris
1589 360 1664 387 apes.

1002 393 1110 429 Eritque
1125 395 1236 422 malum.
1259 394 1365 423 Solutio
1385 397 1588 432 propositorum
1609 406 1755 433 argumen-

966 444 1066 473 torum,
1078 440 1100 468 si
1116 442 1256 476 corruptio
1271 443 1306 470 sit
1323 443 1435 475 malum,
1456 444 1596 480 corruptio
1619 448 1711 472 autem
1726 449 1754 472 et

964 486 1066 513 malum
1079 488 1239 522 corrumpit,
1251 489 1388 523 quomodo
1399 490 1452 516 erit
1466 490 1554 525 ipsum
1565 491 1678 523 malum,
1690 498 1753 518 cum

965 541 994 560 se
1009 537 1185 568 corrumpat:
1205 542 1268 561 nam
1293 534 1316 561 si
1335 535 1437 562 malum
1453 534 1481 563 in
1500 537 1624 571 materia,
1637 537 1753 565 manife-

965 583 1037 605 stum
1047 584 1090 607 est
1103 580 1176 615 quod
1191 581 1227 608 sit
1242 581 1459 616 corruptibilius,
1469 584 1583 611 materia
1599 587 1750 616 autemest,

964 632 997 652 ac
1012 625 1063 652 hoc
1083 626 1203 661 seipsnm
1221 627 1387 662 corrumpit;
1408 628 1470 655 ideo
1489 629 1562 656 enim
1581 630 1708 661 materia,
1725 636 1752 658 et

963 671 1023 699 sine
1037 674 1156 700 essentia
1179 673 1279 701 dicitur
1304 677 1334 702 ut
1353 678 1508 710 opponatur
1527 677 1752 711 superessentiali

963 716 1011 744 Dei
1022 718 1157 751 essentiaa,
1173 727 1235 746 cum
1250 719 1308 754 ipsa
1321 720 1356 748 sit
1373 721 1571 755 corruptibilis,
1584 730 1671 756 neque
1679 731 1752 750 sem—

962 771 1011 798 per
1025 764 1184 797 exsistat,et
1197 764 1275 802 147
1290 766 1415 794 informis
1424 767 1535 798 dicitur,
1553 773 1581 795 ιιι
1598 773 1751 803 opponatur

962 809 1056 837 [omne
1070 809 1117 838 Dei
1132 811 1204 838 sicut
1214 811 1321 847 Moyses
1334 813 1441 840 vocavit
1457 817 1608 841 creatorem
1619 813 1749 843 Verbum.

962 855 1084 892 Denique
1099 858 1214 885 materia
1229 858 1333 886 dicitur
1347 867 1402 887 non
1416 867 1476 891 ens,
1494 865 1522 886 ut
1539 864 1693 895 opponatur
1708 861 1750 888 di-

926 909 946 936 Β
960 902 1030 930 vina:
1045 903 1197 931 secundum
1215 906 1363 933 essentiam
1380 906 1557 934 exsistentiaa.

996 948 1076 984 §XX.
1087 950 1147 983 Qua
1155 951 1264 982 malum,
1275 951 1322 979 Gr.
1360 951 1452 978 κακόν.
1462 950 1559 990 Illud
1575 953 1667 986 κακόν,
1678 953 1749 980 idem

959 1004 1022 1023 cum
1037 1000 1173 1032 quatenus
1188 997 1301 1025 malum.

995 1041 1130 1074 Quinimo.
1152 1041 1221 1070 Nota
1243 1043 1315 1078 quod
1341 1044 1423 1071 etiam
1440 1045 1468 1071 in
1490 1045 1650 1073 disserendo
1661 1045 1695 1074 de
1711 1045 1750 1073 di-

957 1087 1031 1116 vinis
1050 1088 1225 1123 permittatur
1242 1097 1275 1117 ea
1300 1097 1361 1124 quae
1379 1090 1589 1118 ratiocinatione
1601 1098 1746 1127 compara-

958 1138 1004 1161 tur
1024 1134 1172 1162 certiorum
1198 1135 1325 1168 traditio;
1349 1143 1413 1164 ecce
1437 1137 1510 1164 enim
1534 1141 1564 1164 ut
1588 1137 1664 1165 vides
1685 1141 1748 1173 post

957 1180 1156 1216 expositionem
1173 1181 1274 1216 prioris
1295 1182 1448 1214 sententiae,
1475 1182 1666 1210 ratiocinando
1687 1192 1747 1211 wr-

958 1226 1029 1253 tiora
1040 1226 1133 1253 tradit.

992 1271 1027 1298 Et
1040 1272 1185 1307 simplicia,
1204 1277 1229 1299 et
1249 1271 1375 1307 perfecta.
1390 1271 1530 1308 Simplicia
1546 1273 1656 1309 quidem
1673 1273 1744 1301 bona

956 1321 984 1346 ct
995 1318 1108 1345 omnino
1120 1318 1252 1353 perfecta.
1276 1326 1308 1346 cx
1328 1319 1400 1346 bono
1419 1319 1652 1354 supramuudanis
1664 1321 1741 1348 inna-

957 1364 1044 1393 scitur
1067 1364 1283 1400 intelligibilibus
1304 1372 1352 1392 seu
1374 1366 1489 1400 angelis,
1501 1370 1596 1401 utpote
1618 1367 1746 1402 incorpo—

957 1410 1027 1443 reis;
1042 1410 1122 1438 mista
1137 1418 1201 1438 vero
1219 1411 1303 1444 bona,
1327 1411 1355 1438 in
1379 1411 1562 1439 rationalibus
1583 1412 1745 1448 corporibus

956 1456 1093 1489 videntur,
1110 1456 1136 1483 id
1152 1461 1194 1484 est
1209 1457 1237 1483 in
1248 1457 1338 1489 nobis,
1348 1457 1528 1485 irrationabili
1543 1457 1652 1492 quidem
1669 1463 1747 1493 parte

956 1502 1070 1534 animat,
1095 1506 1125 1529 ut
1146 1501 1249 1529 dictum
1274 1506 1331 1536 est,
1351 1504 1492 1530 materiam
1510 1504 1693 1540 particlpante
1716 1504 1745 1532 in

957 1554 1073 1583 corpore
1082 1547 1154 1582 quod
1173 1547 1267 1575 forma:
1288 1553 1330 1576 est
1344 1549 1495 1585 particeps;
1511 1549 1638 1577 rationali
1654 1553 1745 1578 autem

957 1597 1044 1628 parte,
1063 1599 1191 1629 vergente
1207 1594 1241 1621 ail
1257 1595 1473 1622 irrationabilem
1488 1599 1514 1622 ct
1526 1595 1691 1631 quandoque
1704 1596 1744 1624 illi

956 1640 1085 1672 cedente,
1103 1641 1219 1676 ideoque
1238 1641 1273 1668 ad
1296 1641 1438 1668 materiam
1457 1642 1658 1677 propendente;
1679 1650 1743 1670 nam

955 1686 1045 1722 ipsum
1064 1694 1114 1721 per
1141 1694 1171 1714 se
1196 1687 1298 1714 malum
1323 1687 1502 1722 contemplari
1515 1693 1632 1723 oportet,
1650 1696 1698 1723 per
1713 1697 1743 1716 se

955 1731 1109 1764 infinitum,
1132 1740 1180 1767 per
1198 1741 1227 1760 sc
1245 1732 1420 1766 immensum,
1439 1741 1487 1767 per
1506 1741 1535 1761 se
1551 1733 1678 1766 informe,
1695 1741 1744 1769 per

955 1785 985 1804 sc
999 1778 1146 1805 cssentialc
1160 1777 1278 1810 malum,
1299 1785 1353 1804 non
1375 1785 1440 1805 vero
1460 1779 1561 1806 malum
1584 1787 1633 1814 per
1653 1779 1742 1812 aliud;

955 1824 1006 1851 hoc
1022 1823 1095 1851 enim
1112 1828 1153 1852 cst
1172 1823 1259 1851 forma
1275 1827 1302 1851 et
1319 1824 1447 1852 accidens
1464 1825 1584 1852 malitia).
1603 1824 1675 1861 Ergo
1689 1833 1744 1852 ma—

955 1872 1010 1898 lum
1026 1878 1089 1899 esse
1104 1871 1169 1906 quid
1186 1871 1320 1906 ejusmodi
1338 1874 1456 1906 oportet,
1473 1875 1503 1898 ut
1519 1871 1586 1904 dixi,
1598 1871 1670 1899 sicut
1680 1871 1742 1898 uni-

953 1926 1095 1947 versorum
1113 1917 1196 1951 Deus,
1216 1926 1264 1954 per
1281 1926 1310 1946 se
1328 1918 1400 1950 ﬁnis.
1418 1926 1467 1953 per
1484 1925 1513 1946 se
1529 1926 1657 1946 mensura
1669 1938 1676 1950 ,
1694 1926 1743 1954 per

953 1973 982 1993 se
999 1965 1115 1992 formam
1137 1964 1257 1993 cﬁiciens
1269 1985 1277 1997 ,
1295 1969 1321 1992 et
1338 1973 1385 2000 per
1402 1973 1430 1992 se
1447 1965 1548 1992 bonum
1573 1964 1740 1997 essentiale;

952 2020 1015 2039 nam
1029 2011 1108 2039 modo
1119 2019 1173 2039 non
1192 2012 1288 2047 loquor
1299 2011 1333 2038 de
1350 2011 1421 2038 bono
1438 2019 1486 2046 per
1502 2011 1586 2044 aliud,
1604 2011 1657 2038 boc
1668 2011 1741 2038 enim

950 2062 993 2086 est
1002 2058 1145 2092 accidens;
1156 2058 1295 2094 quomodo
1312 2058 1394 2093 igitur
1410 2057 1462 2084 erit
1478 2057 1623 2085 essentiale
1639 2057 1740 2084 malum

950 2108 977 2132 et
993 2113 1042 2140 per
1058 2104 1143 2136 aliud,
1161 2112 1223 2131 cum
1240 2103 1331 2132 omnia
1348 2110 1408 2138 qua:
1424 2108 1487 2130 sunt
1503 2103 1605 2130 mistim
1616 2102 1741 2130 inﬁcian-

950 2154 1006 2183 tur,
1025 2150 1196 2184 habeantque
1218 2149 1248 2176 in
1263 2149 1336 2176 bono
1352 2148 1551 2180 exsistentiam,
1577 2147 1653 2175 nullo
1669 2147 1742 2175 bono

949 2196 1098 2223 exsistente
1116 2202 1230 2230 prorsus
1254 2193 1526 2221 incommunicabili?
1542 2192 1613 2227 Ergo
1636 2192 1738 2219 malum

109 2246 159 2272 οὐκ
176 2247 204 2272 ὲν
219 2245 346 2282 ὑπάρξει,
358 2245 414 2272 ἀλλ’
425 2247 454 2272 ὲν
471 2247 657 2282 παρεισδύσει,
672 2248 701 2273 ὲν
717 2248 750 2282 τῇ
766 2247 812 2274 τοῦ
829 2248 898 2282 ἀγα-

960 2250 1005 2270 ιοιι
1022 2242 1194 2273 essistentia,
1213 2241 1260 2269 sed
1278 2241 1427 2276 irrcptione
1445 2241 1483 2276 (in
1494 2239 1693 2275 exsistentiam)
1713 2239 1739 2266 in

110 2291 156 2318 οοῦ
175 2292 300 2327 στερήσει
315 2292 483 2328 φαινόμενον.

151 2338 327 2364 Ἐκτείνεται
352 2338 387 2365 δὲ
410 2339 478 2373 ἄχρι
503 2339 563 2366 τῶν
591 2339 736 2374 ἐσχάτων.
764 2341 897 2376 Ἐσχατον

110 2385 217 2420 νοητέον
241 2384 275 2411 τὰ
301 2384 380 2412 ὑλικὰ
406 2385 520 2420 σώματα
544 2386 590 2412 καὶ
615 2386 704 2421 γήϊνα·
732 2385 826 2424 ὥσπερ
842 2387 899 2422 γὰρ,

108 2431 218 2457 πάντων
235 2431 305 2466 ἀρχὴ
322 2433 336 2458 ὁ
352 2431 427 2463 Θεὸς,
444 2431 482 2463 ὡς
498 2432 545 2458 καὶ
555 2431 730 2468 ήδηέφημεν,
746 2432 817 2458 οὕτω
828 2433 896 2460 πάν-

109 2486 160 2504 των
177 2476 289 2512 ἔσχατον
304 2477 334 2504 τὺ
351 2477 522 2509 σκυϐαλῶδες
537 2477 616 2504 τοῦτο
631 2478 661 2504 τὺ
678 2478 751 2514 παχὺ
767 2478 816 2513 τῆς
830 2478 896 2514 ὕλης

108 2523 191 2559 μέρος
216 2524 263 2550 καὶ
285 2524 394 2558 γεῶδες·
414 2524 473 2550 ὅθεν
490 2524 537 2550 καὶ
560 2524 704 2551 ὑποπόδιον
725 2524 831 2558 λέγεται
847 2524 894 2550 τοῦ

107 2571 184 2602 Θεοῦ,
202 2571 239 2602 ὡς
256 2572 302 2598 καὶ
316 2571 438 2606 ἔσχατον,
456 2571 503 2597 καὶ
519 2571 593 2606 ὅμως
603 2571 715 2606 μετέχον
727 2570 894 2605 ἀγαθότητος

107 2617 199 2649 αὐτοῦ,
217 2617 254 2648 ὼς
270 2617 316 2644 καὶ
333 2617 413 2653 φέρον
430 2616 510 2643 αὐτὸν
527 2616 662 2651 ἐσχάτωςι
681 2616 754 2650 λέγει
769 2615 824 2652 γὰρ
848 2616 894 2642 καὶ

108 2665 122 2699 ἡ
138 2663 232 2698 Σοφία·
244 2663 335 2699 Βρίοει
346 2663 400 2699 γὰρ
412 2663 442 2689 τὸ
452 2662 552 2697 γεῶδες
565 2661 644 2688 τοῦτο
657 2662 756 2697 σκῆνος
772 2661 834 2688 νοῦν
844 2670 893 2688 πο-

952 2289 1017 2316 boni
1035 2289 1189 2324 privatione
1205 2292 1329 2324 apparet.

985 2336 1027 2364 Αά
1046 2341 1178 2364 extremas
1193 2344 1273 2368 usque
1287 2334 1461 2370 protenditur.
1474 2333 1528 2361 Per
1543 2337 1689 2360 extremum
1701 2331 1740 2359 in-

949 2382 1041 2418 tellige
1052 2381 1212 2414 materialia,
1226 2388 1357 2416 corporea
1373 2383 1401 2408 et
1417 2378 1569 2412 terrestria;
1583 2378 1654 2405 sicut
1666 2377 1737 2404 enim

949 2428 1021 2456 Deus
1043 2431 1086 2457 est
1107 2427 1229 2455 omnium
1256 2426 1423 2464 principium
1437 2446 1444 2458 ,
1463 2429 1493 2452 ut
1509 2428 1588 2452 antea
1606 2423 1737 2453 diximus.

949 2477 990 2506 sic
1006 2480 1161 2504 extremum
1184 2475 1307 2503 omnium
1333 2478 1375 2501 est
1399 2473 1457 2500 haec
1479 2471 1621 2500 faiculenta
1643 2477 1737 2498 crassa

949 2522 1071 2550 materia:
1097 2530 1162 2557 pars
1186 2528 1218 2548 ac
1240 2520 1399 2553 terrestris,
1421 2519 1538 2554 ideoque
1565 2516 1667 2544 dicitur
1690 2515 1736 2542 Dei

947 2569 1097 2597 scabellum
1124 2572 1153 2595 ut
1173 2572 1342 2601 extremum;
1367 2570 1487 2594 attamen
1509 2565 1569 2600 ejus
1586 2564 1735 2591 bonitatem

947 2616 1116 2651 participans
1139 2615 1211 2643 sicut
1237 2615 1318 2642 etiam
1343 2614 1433 2649 ipsum
1450 2615 1590 2648 postremo
1605 2613 1735 2645 gestans;

946 2662 1017 2689 dixit
1032 2662 1105 2689 enim
1123 2661 1281 2696 Sapientia:
1300 2660 1442 2688 Terrestre
1459 2659 1510 2686 hoc
1528 2654 1738 2685 tabernaculum

563 2772 681 2802 VARL’E
699 2771 890 2803 LECTIONES
911 2771 955 2799 ΕΤ
975 2770 1249 2800 CORRECTIONES.

174 2898 197 2914 οη
207 2898 366 2934 εδῖθαρτος.
416 2897 448 2913 ατ.
459 2897 480 2913 aa
491 2897 599 2932 λογίοις,
