1926 3062
193 135 247 164 ἓ79

578 136 749 166 ΔΡΡΕΝυΙΧ
767 138 812 165 AD
827 137 942 166 OPERA
958 139 988 166 S.
1003 138 1152 167 DlONYSlI
1171 139 1411 169 AREOPAGITAE.

1763 143 1818 172 380

193 197 323 229 aggravat
338 199 456 223 mentem
475 194 559 223 multa
577 197 757 231 cogitantem,
775 197 850 232 quod
869 197 970 224 irratio

1027 198 1197 235 λυφρόντιδα,
1213 199 1251 231 ὡς
1266 199 1312 226 τοῦ
1329 200 1427 235 ἀλόγου
1443 200 1492 236 τῆς
1500 199 1588 235 ψυχῆς
1599 200 1697 236 μέρους
1736 211 1818 238 μεμι-

192 240 264 267 ualis
281 247 344 275 pars
361 241 459 268 anima:
475 249 536 269 cum
554 243 687 269 materiali
706 243 785 274 mista
802 244 837 271 sit
853 251 978 280 corpore,

192 289 219 312 et
236 286 399 321 quandoque
415 288 541 315 rationali
558 288 626 323 parti
645 289 742 316 animae
757 289 923 319 dominetur.

230 331 311 368 148
326 332 407 360 Adest
430 333 534 361 bonum.
553 333 691 367 Quantum
708 335 781 362 enim
799 341 933 364 creatura:
949 336 978 364 in

192 377 321 413 pinguius
336 382 363 406 et
380 379 519 407 materiale
536 381 622 415 magis
639 381 766 413 subeunt,
781 386 886 409 tantum
899 382 978 418 juxta

191 424 370 458 privationem
394 430 421 453 et
442 425 577 454 defectum
595 427 659 454 boni
682 427 775 455 minus
799 428 974 463 participant,

191 473 222 497 ut
247 478 280 498 ex
307 471 422 499 obscura
448 476 475 500 et
491 477 613 500 extrema
636 473 713 502 vocis
737 474 871 508 editione;
904 475 976 503 sicut

189 516 262 543 enim
277 516 334 551 jam
351 517 482 551 diximus,
499 526 622 554 suppone
639 519 757 554 aliquem
775 520 828 548 alte
844 521 974 552 clamare,

190 569 223 590 ac
239 563 345 591 vicinus
364 564 491 599 quidem,
509 566 659 601 audituque
675 566 798 594 valentes
810 587 818 600 ,
842 567 976 603 integram

190 609 330 645 suscipere
347 618 440 639 vocem
453 631 460 643 ,
486 615 514 639 et
538 619 705 647 cognoscere
721 613 802 641 etiam
823 614 896 649 quod
912 622 974 650 pro-

189 656 347 690 nuntiatur;
359 662 478 686 remotos
487 661 578 685 autem
587 666 637 694 pro
645 664 704 687 rata
714 660 851 694 distantia!
860 668 975 696 propor-

189 702 264 729 tione
280 709 378 729 sonum
395 703 488 731 minus
504 703 617 738 audire;
634 706 834 734 remotissimos
849 715 915 734 vero
927 707 975 734 ob-

189 748 348 776 scurissime
367 752 498 785 tanquam
522 754 666 785 postrema:
681 751 761 779 editae
780 754 856 781 vocis
877 761 974 788 parum

188 801 271 822 sensu
288 795 439 830 percipere.

224 839 259 866 Et
274 841 356 874 ipsam
373 841 415 869 sui
427 842 610 877 privationem.
626 843 705 876 Quod
718 851 773 871 non
785 851 899 880 prorsus
915 845 973 880 pri-

187 890 279 914 vatum
297 891 339 915 est
353 889 478 923 pulchro,
495 889 543 918 sed
559 890 667 925 partim,
680 898 712 919 ac
728 891 816 926 ipsum
833 891 906 926 quod
923 892 973 919 bo-

187 940 224 965 no
242 933 378 968 privatum
395 938 448 966 est,
465 935 618 963 consistere
630 935 706 968 facit,
721 936 823 964 bonum
837 937 865 964 in
880 937 973 973 aliquo

186 979 299 1007 omnino
323 980 530 1016 participando;
553 989 609 1011 non
634 982 708 1010 enim
725 983 910 1017 particularis,
926 984 974 1012 sed

186 1025 325 1061 perfectus
339 1027 450 1055 omnino
463 1027 528 1055 boni
543 1027 677 1061 defectus,
696 1029 797 1055 malum
811 1033 864 1057 est.

221 1071 277 1099 Illa
292 1073 384 1105 etiam,
396 1081 455 1109 qua:
470 1073 511 1100 illi
526 1075 663 1101 contraria
677 1078 748 1102 sunt.
768 1073 887 1104 Observa
901 1083 967 1111 quo-

185 1117 267 1145 modo
282 1117 331 1150 ait,
347 1125 379 1146 ea
398 1125 460 1153 qua:
474 1118 570 1146 virtuti
584 1119 648 1146 boni
663 1119 812 1151 obsistunt,
825 1120 972 1155 peripsum

186 1163 337 1191 subsistere
354 1167 381 1191 et
402 1164 570 1193 conservari.
593 1163 664 1191 Num
685 1164 769 1200 igitur
790 1163 863 1193 Deus
877 1169 974 1192 auctor

185 1209 320 1238 malorum
331 1210 386 1238 est?
399 1210 488 1238 absit!
507 1210 579 1239 Deus
593 1211 676 1244 enim,
690 1215 721 1238 ut
737 1211 904 1246 principium
915 1219 973 1240 om-

185 1256 261 1282 nium
281 1259 309 1284 et
324 1259 448 1291 creator,
469 1257 506 1285 ob
524 1257 654 1285 bonitatis
676 1264 820 1288 excessum
835 1262 862 1285 et
879 1257 973 1285 inetia-

185 1302 269 1331 bilem
291 1303 465 1337 cbaritatem,
483 1307 642 1339 peccatores
661 1311 770 1339 quoque
791 1303 918 1336 sustinet,
943 1308 974 1332 ut

185 1348 324 1385 propriam
345 1349 470 1377 ostendat
495 1349 708 1385 benignitatem,
738 1356 771 1376 ac
796 1349 915 1377 liberum
941 1348 973 1376 ﬂ-

185 1395 288 1430 gmeuti
302 1395 462 1428 arbitrium;
479 1394 580 1422 dicitur
606 1394 680 1422 enim
697 1404 703 1422 :
729 1393 854 1423 Charitas
877 1395 968 1423 omnia

185 1441 248 1476 tegit
264 1441 292 1475 5;
306 1449 416 1469 rursus:
433 1441 484 1474 Qui
496 1441 579 1469 solem
590 1449 668 1468 suum
684 1441 750 1468 oriri
763 1440 828 1475 facit
841 1440 972 1475 superja-

184 1491 239 1514 stoa
254 1491 278 1514 et
289 1487 401 1522 injustas
415 1487 439 1515 ιδ.

1025 246 1173 283 γμένουτῷ
1181 245 1265 281 anno
1286 244 1391 281 σώματι
1404 264 1411 276 ,
1434 245 1481 272 καὶ
1504 246 1743 282 κατακρατοῦντος
1759 247 1817 274 ἔσθ’

1027 290 1072 317 ὅτε
1087 290 1135 317 τοῦ
1152 291 1261 326 λογικοῦ
1277 292 1326 328 τῆς
1341 291 1438 328 ψυχῆς.

1063 337 1191 372 Πάρεστι
1212 338 1351 373 τάγαθόν.
1369 338 1451 364 Ὅσον
1471 336 1526 373 γὰρ
1549 337 1596 364 ὲπὶ
1617 336 1647 364 τδ
1663 337 1817 375 παχύτερον

1028 383 1074 409 καὶ
1090 382 1252 419 ὑλικώτερον
1276 383 1417 411 ὑποϐαίνει
1432 385 1466 412 τὰ
1486 386 1515 412 ἐν
1530 383 1704 421 δημιουργίᾳ,
1724 384 1812 410 τοσοῦ-

1026 436 1072 454 τον
1089 427 1158 454 κατά
1175 429 1301 464 στέρησιν
1327 429 1373 456 καὶ
1395 429 1510 465 ἔλλειψιν
1532 430 1579 456 τοῦ
1601 429 1704 464 ἀγαθοῦ
1736 427 1816 465 ἦττον

1028 473 1145 509 μετέχει,
1162 474 1200 506 ὡς
1217 474 1246 507 ἐξ
1261 475 1382 512 ἀμυδροῦ
1404 475 1452 502 καὶ
1477 475 1591 512 ἐσχάτου
1616 476 1815 512 ἀπηχήματος·

1025 518 1063 550 ὡς
1078 518 1133 556 γάρ
1150 518 1270 555 ἔφημεν,
1287 520 1336 556 ἤδη
1354 520 1454 547 ὑπόθου
1470 521 1532 548 τινὰ
1556 521 1650 558 βοῆσαι
1669 521 1749 557 μέγα·
1769 520 1818 546 καὶ

1025 565 1088 597 τοὺς
1106 564 1156 600 μὲν
1180 565 1292 601 πλησίον
1309 566 1389 598 ὄντας
1405 567 1451 594 καὶ
1462 568 1634 604 ἐρρωμένους
1648 568 1671 584 '°
1684 567 1716 594 τὸ
1735 568 1816 595 ἀκου-

1026 610 1117 636 στικὸν
1139 609 1202 645 δλην
1218 610 1343 644 δέξασθαι
1358 611 1408 648 τὴν
1425 611 1490 648 βοὴν
1501 633 1508 644 ,
1535 613 1582 639 καὶ
1604 612 1705 647 γνῶναι
1722 613 1769 640 καὶ
1784 613 1816 642 τδ

1025 655 1147 691 λαληθὲν,
1163 657 1227 688 τοὺς
1242 656 1270 683 δὲ
1293 657 1481 692 ἀφεστηκότας
1497 657 1635 693 ἀναλόγως
1650 659 1683 693 τῇ
1700 658 1813 685 διαστά-

1026 709 1066 728 σει
1076 699 1156 738 ἦττον
1171 702 1284 732 ἀκοῦσαι
1294 702 1341 729 τοῦ
1355 702 1510 738 φθέγματος
1519 711 1526 718 ·
1539 704 1604 735 τοὺς
1617 703 1646 731 δὲ
1662 703 1732 730 πάνυ
1747 704 1814 740 πόρε

1026 749 1065 784 ρω
1075 748 1251 784 διεστηκότας
1261 749 1433 785 ἀμυδρὰτατα
1449 750 1486 782 ὡς
1502 750 1594 786 ἀπηχή
1599 759 1684 786 ματος
1693 750 1810 777 ὑστάτου

1025 794 1116 826 ποσῶς
1136 794 1287 821 αἰσθέσθαι.

1058 845 1113 872 Καὶ
1124 845 1181 880 τὴν
1188 845 1295 873 ἑαυτοῦ
1304 845 1456 880 στέρησιν.
1464 846 1501 874 Τὸ
1510 846 1547 882 μὴ
1555 846 1623 878 ὅλως
1633 847 1814 883 ἐστερημένον

1023 890 1071 917 τοῦ
1088 890 1182 922 καλοῦ,
1199 890 1266 917 ἀλλὰ
1282 890 1411 927 μερικῶς,
1428 890 1476 918 καὶ
1492 891 1558 918 αὐτὸ
1581 890 1612 918 τὸ
1633 892 1815 927 ἐστερημένον

1024 935 1071 962 τοῦ
1087 935 1200 970 ἀγαθοῦ,
1213 935 1460 967 συνεστάναιτιοιεῖ,
1477 935 1515 971 τῷ
1528 935 1596 967 ὅλως
1611 936 1683 963 κατά
1690 945 1717 964 τι
1733 937 1814 972 μετέ-

1024 991 1081 1019 χειν
1096 982 1143 1009 τοῦ
1158 981 1270 1017 ἀγαθοῦ·
1287 982 1317 1009 οὐ
1337 982 1392 1018 γὰρ
1406 984 1424 1018 ὴ
1440 982 1550 1018 μερικὴ,
1567 982 1624 1009 ἀλλ’
1643 984 1660 1019 ἠ
1678 984 1814 1020 παντελὴς

1024 1029 1141 1064 ἔλλειψις
1155 1028 1202 1055 τοῦ
1212 1028 1314 1063 ἀγαθοῦ
1325 1029 1384 1056 ἐστι
1399 1029 1429 1056 τὸ
1444 1028 1539 1056 κακόν.

1059 1075 1114 1102 Καὶ
1131 1074 1167 1101 τὰ
1179 1074 1335 1109 μαχόμενα
1350 1073 1439 1106 αὐτῷ.
1447 1074 1519 1109 Ὅρα
1529 1073 1588 1105 πῶς
1602 1081 1694 1110 φησιν,
1711 1074 1752 1101 ὅτι
1767 1075 1815 1105 καὶ

1023 1120 1058 1147 τὰ
1076 1119 1216 1156 μαχόμενα
1237 1121 1271 1156 τῇ
1287 1120 1401 1155 δυνάμει
1421 1120 1470 1147 τοῦ
1488 1119 1589 1155 ἀγαθοῦ
1606 1120 1639 1147 δι’
1656 1120 1738 1148 αὐτοῦ
1751 1121 1815 1150 ὕπέῳ

1025 1174 1074 1202 ατη
1091 1166 1140 1194 καὶ
1158 1165 1284 1198 σώζεται.
1297 1165 1400 1194 Οὐκοῦν
1416 1167 1501 1198 αῐτιος
1517 1166 1571 1195 τῶν
1588 1166 1681 1194 κακῶν
1701 1168 1716 1194 ό
1731 1166 1814 1205 Θεός;

1026 1212 1063 1248 μὴ
1078 1211 1200 1246 γένοιτοῑ
1218 1213 1232 1239 ὁ
1248 1212 1297 1248 μὲν
1319 1212 1374 1249 γὰρ
1392 1212 1468 1245 Θεὸς,
1486 1213 1524 1245 ὡς
1543 1213 1652 1240 πάντων
1675 1213 1746 1250 ἀρχὴ
1766 1214 1815 1247 καὶΕ

1023 1259 1196 1295 δημιουργὸς,
1213 1258 1246 1285 δι’
1262 1258 1414 1295 ὑπερϐολὴν
1424 1258 1591 1295 ἀγαθότητος
1602 1260 1648 1286 καὶ
1660 1259 1694 1288 δι’
1704 1261 1815 1296 ἀγάπην

1023 1305 1134 1340 ἄφατον,
1152 1303 1199 1331 καὶ
1213 1303 1382 1339 ἁμαρτωλῶν
1397 1303 1532 1338 ἀνέχεται,
1550 1304 1594 1330 ἵνα
1608 1304 1654 1331 καὶ
1674 1304 1722 1339 τὴν
1746 1304 1815 1337 ἰδίαν

1023 1351 1099 1388 δείξῃ
1115 1349 1328 1386 φιλανθρωπίαν,
1344 1349 1392 1377 καὶ
1407 1349 1438 1376 τὺ
1452 1348 1499 1376 τοῦ
1515 1348 1672 1385 πλάσματος
1686 1349 1815 1383 αὐτεξού-

1024 1389 1209 1433 σιονίεῐρηται
1222 1396 1286 1432 γάρ·
1310 1396 1344 1423 'H
1353 1395 1452 1430 ἀγάπη
1464 1394 1562 1423 πάντα
1575 1395 1683 1430 στέγει·
1699 1397 1746 1423 καὶ
1761 1396 1815 1424 πά-

1023 1443 1074 1470 λιν’
1099 1443 1130 1470 ‘0
1146 1443 1320 1470 ἀνατέλλων
1334 1441 1387 1468 τὸν
1403 1441 1491 1476 ἣλιον
1505 1441 1600 1469 αὐτοῦ
1615 1442 1664 1469 ἐπὶ
1680 1442 1816 1476 δικαίους

1024 1489 1073 1516 καὶ
1089 1489 1223 1522 ἀδίκους.

220 1533 297 1567 Quod
315 1538 402 1561 autem
420 1533 577 1561 omnimoda.
603 1531 777 1568 Propositum
800 1532 853 1568 ipsi
864 1536 907 1561 est
925 1531 970 1561 de-

1062 1535 1098 1562 Τὸ
1128 1534 1162 1562 δὲ
1186 1535 1261 1562 κατὰ
1290 1534 1387 1565 πάντα
1415 1534 1535 1568 τρόπον.
1569 1533 1606 1560 Τδ
1634 1533 1815 1570 προκείμενον

183 1583 355 1613 monstrare,
379 1588 433 1607 non
457 1588 519 1608 esse
536 1579 682 1608 essentiam
693 1599 702 1612 ,
717 1578 790 1614 quod
810 1578 972 1614 simpliciter

183 1635 232 1662 per
245 1634 275 1656 se
288 1628 407 1661 malum;
420 1627 513 1662 aitque
528 1626 634 1653 nullum
647 1625 752 1653 entium
768 1628 795 1653 et
814 1627 971 1668 creatorum

183 1673 253 1701 nihil
268 1681 382 1709 prorsus
398 1673 462 1701 boni
484 1672 670 1708 participare;
689 1679 750 1707 qua:
769 1671 842 1699 enim
858 1670 971 1698 omnino

182 1727 269 1748 racua
285 1721 358 1748 bono
373 1720 445 1756 quod
461 1727 550 1755 neque
566 1726 582 1747 a
600 1719 672 1746 bono
684 1717 816 1754 producta
835 1717 901 1749 sint,
916 1725 971 1744 non

183 1766 321 1794 exsistunt
335 1775 344 1794 :
359 1766 421 1802 quis
434 1773 498 1794 vero
509 1765 580 1793 alius
589 1764 697 1800 opifex?
709 1763 757 1792 sed
769 1771 856 1799 neque
870 1763 972 1799 aliquid

183 1811 337 1840 subsistere
356 1815 466 1848 potest,
488 1811 561 1847 quod
581 1818 671 1846 neque
689 1810 814 1839 habitum
838 1817 886 1838 seu
904 1810 970 1838 boni

183 1859 344 1894 qualitatem
360 1865 408 1894 per
421 1858 549 1886 accidens
564 1857 718 1893 participet.
736 1856 819 1883 Multa
835 1855 971 1892 siquidem

183 1913 198 1932 a
215 1905 363 1940 c0ngenito
378 1904 510 1932 destituta
532 1903 626 1931 habitu
647 1903 706 1931 sive
720 1902 863 1938 qualitate,
879 1901 971 1933 consi—

183 1954 260 1978 stunt
277 1960 284 1978 :
301 1950 383 1978 veluti
410 1950 525 1986 ignitum
551 1949 670 1982 ferrum,
692 1956 725 1976 ac
741 1949 856 1977 extremi
871 1949 971 1977 caloris

182 1996 331 2032 particeps,
356 1996 492 2024 exstincto
520 1995 613 2024 calore
637 1999 729 2023 manet
752 1995 826 2030 quod
851 2000 919 2030 erat,
944 2001 972 2024 et

183 2050 253 2079 aqua
267 2042 418 2072 secundum
435 2050 465 2071 se
479 2042 587 2078 quidem
607 2042 709 2070 dicitur
723 2050 784 2070 esse
806 2043 969 2071 elementum

182 2090 286 2125 absque
301 2089 447 2125 qualitate;
462 2089 528 2117 dum
548 2095 611 2116 vero
622 2094 723 2116 terram
739 2092 874 2123 penetrat,
894 2089 970 2116 illinc

182 2136 313 2172 qualitate
331 2136 459 2168 donatur,
476 2140 504 2163 et
516 2139 608 2162 tamen
623 2135 677 2162 alio
694 2134 827 2168 derivata,
839 2135 970 2170 qualitate

181 2183 316 2218 privatur,
341 2185 369 2210 et
385 2182 475 2210 adhuc
495 2181 643 2210 consistit:
661 2181 703 2210 sic
723 2181 806 2209 etiam
827 2182 924 2209 nivosa
943 2185 970 2209 et

1022 1582 1095 1617 αὐτῷ
1111 1582 1184 1608 ἐστιν
1197 1580 1346 1614 ἀποδεῖξαι,
1359 1580 1401 1607 ὅτι
1423 1580 1474 1608 οὐκ
1494 1579 1568 1607 ἔστιν
1583 1580 1660 1608 οὐσία
1673 1581 1704 1607 τὸ
1721 1580 1816 1613 ἀπλῶς

1022 1627 1182 1655 αὐτόκακονλ
1196 1627 1243 1654 καί
1258 1635 1350 1662 φησιν,
1365 1627 1406 1653 ὅτι
1417 1627 1491 1654 οὐδὲν
1505 1626 1560 1653 τῶν
1574 1627 1603 1653 ὲν
1618 1628 1675 1659 τοῖς
1689 1624 1748 1653 οὖσι
1767 1627 1816 1653 καὶ

1021 1675 1050 1701 ὲν
1067 1674 1230 1711 δημιουργίᾳ
1246 1673 1378 1709 ἀμέτοχόν
1394 1674 1453 1700 ἔστι
1478 1672 1619 1704 παντελῶς
1634 1673 1682 1700 τοῦ
1697 1672 1813 1708 ἀγαθοῦ·

1020 1720 1055 1748 τὰ
1079 1721 1134 1757 γὰρ
1152 1721 1243 1756 πάντη
1264 1719 1366 1756 ἄμοιρα
1390 1719 1438 1749 τοῦ
1458 1719 1572 1754 ἀγαθοῦ,
1586 1719 1624 1751 ὼς
1638 1719 1706 1756 μηδὲ
1722 1728 1814 1755 παρα-

1021 1766 1119 1802 χθέντα
1134 1766 1186 1793 ὑπὸ
1198 1766 1246 1793 τοῦ
1259 1765 1373 1801 ἀγαθοῦ,
1385 1765 1446 1792 οὔτε
1457 1766 1511 1792 εῑσί
1521 1773 1527 1781 ’
1539 1765 1581 1797 τίς
1596 1765 1677 1797 ἄλλος
1688 1765 1816 1802 δημιουρ-

1021 1812 1078 1847 γός;
1096 1811 1153 1840 ἀλλ’
1169 1811 1231 1839 οὔτε
1245 1811 1356 1839 δύναταί
1369 1820 1396 1838 τι
1412 1811 1579 1846 ὑφεστάναι.
1597 1811 1634 1848 μὴ
1655 1811 1706 1847 τῆς
1729 1810 1815 1844 ἕξεως

1021 1858 1080 1894 ἦτοι
1100 1858 1242 1893 ποιότητος
1261 1857 1308 1884 τοῦ
1327 1856 1431 1891 ἀγαθοῦ
1450 1856 1563 1892 μετέχον
1579 1856 1650 1883 κατὰ
1675 1856 1814 1893 συμσεὸης

1020 1904 1076 1936 κός·
1091 1903 1177 1931 πολλά
1192 1904 1241 1939 μὲν
1256 1903 1310 1939 γὰρ
1317 1903 1364 1930 καὶ
1377 1902 1591 1938 καταλειφθέντα
1601 1902 1714 1938 ὑπὸτῆς
1729 1910 1800 1938 προσ

1020 1950 1169 1986 γενομένης
1189 1949 1272 1983 ἕξεως
1291 1950 1351 1986 ἦτοι
1373 1949 1514 1985 ποιότητος
1536 1949 1612 1985 μένει
1637 1949 1792 1976 συνεστῶτα
1804 1957 1814 1972 ι

1020 1993 1075 2023 οἷον
1091 1997 1105 2023 ό
1122 1996 1231 2032 σίδηρος
1247 1995 1392 2032 πυρωθεὶς,
1412 1995 1460 2022 καὶ
1477 1994 1643 2031 θερμότητος
1658 1994 1746 2030 ἄκρας
1764 2003 1814 2030 μεη

1020 2042 1156 2074 ταλαὸὼν,
1172 2041 1330 2073 σϐεσθέντος
1345 2041 1393 2068 τοῦ
1411 2040 1513 2077 πυρὸς,
1532 2041 1606 2076 μένει
1620 2041 1690 2077 ὅπερ
1703 2038 1747 2077 ἦν’
1765 2040 1815 2075 καὶ

1020 2087 1052 2114 τὸ
1067 2087 1139 2123 ὕδωρ
1159 2087 1221 2114 καθ’
1235 2087 1316 2114 ἑαυτὸ
1331 2087 1379 2123 μὲν
1396 2087 1428 2113 τὸ
1448 2087 1578 2122 στοιχεῖον
1594 2087 1688 2114 ἄποιον
1703 2086 1814 2121 λέγεται

1020 2131 1101 2165 εἷναι,
1118 2133 1162 2160 διὰ
1176 2133 1205 2160 δὲ
1220 2132 1273 2168 γῆς
1289 2133 1395 2169 παριὸν,
1408 2133 1512 2160 ἐκεῖθεν
1526 2131 1660 2159 ποιοῦται·
1677 2132 1724 2159 καὶ
1737 2132 1814 2167 ὅμως

1024 2178 1226 2214 μετοχετευθὲν,
1244 2178 1360 2206 παύεται
1379 2178 1430 2214 τῆς
1445 2178 1602 2214 ποιότητος,
1618 2178 1666 2205 καὶ
1679 2177 1719 2204 ἔτι
1736 2178 1814 2204 συνέ-

182 2229 280 2265 frigida
303 2232 428 2257 cessante
451 2227 553 2263 frigore
569 2227 659 2256 adhuc
674 2227 839 2256 consistunt.
863 2227 966 2255 Verum

1025 2234 1138 2262 πηκεν·
1159 2225 1231 2252 οὕτω
1256 2225 1303 2253 καὶ
1327 2225 1361 2252 τὰ
1387 2225 1558 2261 χιονιζόμενα
1582 2224 1629 2251 καὶ
1651 2224 1812 2260 ψυχόμενα,

181 2277 263 2303 etiam
281 2283 341 2310 quae
352 2275 407 2302 vita
418 2273 570 2311 (sensitiva)
582 2276 687 2306 carent,
701 2277 733 2301 ut
747 2273 859 2302 arbores
877 2277 905 2301 et
929 2273 970 2301 la-

182 2321 260 2356 pides
274 2324 301 2348 et
315 2325 399 2354 astra,
419 2328 506 2356 eaque
518 2328 578 2356 quae
591 2323 682 2348 mente
693 2324 806 2352 carent,
825 2324 855 2347 ut
870 2327 970 2355 pecora

182 2367 363 2395 nihilominus
384 2367 548 2395 subsistunt.
574 2365 646 2394 Deus
659 2374 768 2402 quoque
788 2374 851 2394 cum
873 2366 908 2394 sit
924 2374 967 2394 su.

183 2413 387 2450 peressentialis
401 2413 528 2442 essentia:
539 2413 680 2445 eximitur,
703 2416 823 2440 attamen
841 2416 868 2442 et
885 2417 927 2440 est
942 2417 970 2440 et

184 2459 265 2495 1&9
276 2462 340 2486 ante
355 2462 413 2492 est;
426 2467 482 2486 non
493 2459 556 2486 licet
566 2462 657 2486 autem
669 2458 708 2487 sic
718 2459 752 2486 de
766 2459 838 2486 boao
855 2457 946 2485 dicere
960 2467 970 2491 ;

181 2505 236 2533 nisi
252 2505 326 2532 enim
346 2505 504 2540 qualitatem
525 2505 589 2532 boni
612 2504 767 2540 participet,
785 2503 813 2531 in
831 2511 886 2538 quo
901 2502 967 2530 illud

181 2551 334 2580 consistere
351 2558 463 2578 necesse
476 2555 536 2585 est,
549 2558 603 2578 non
628 2554 718 2587 potest
736 2550 886 2578 subsistere
904 2559 910 2576 :
931 2548 966 2576 In

181 2598 238 2633 ipso
256 2598 326 2625 enim
346 2597 456 2625 vivimus
482 2601 507 2624 et
532 2605 640 2629 sumus,
666 2600 696 2624 ut
717 2596 754 2623 ait
777 2595 926 2631 Apostolus
947 2601 969 2624 ι.

177 2643 246 2676 Quid
269 2644 352 2680 ergo?
376 2644 597 2679 intemperansne
617 2643 681 2670 dum
713 2642 898 2676 intemperans
913 2644 955 2668 est

227 2705 240 2725 ⁶
255 2703 336 2732 Prov.
348 2712 378 2737 ι,
392 2703 438 2731 ﬁ.
475 2703 489 2723 h
508 2702 602 2731 Matth.
615 2711 642 2736 γ,
657 2702 702 2732 45.
745 2705 754 2722 ῐ
770 2701 832 2729 Act.
850 2708 918 2734 xvu,
932 2699 978 2728 28.

1024 2272 1201 2308 παυσαμένης
1214 2272 1265 2307 τῆς
1287 2272 1464 2308 ψυχρότητος,
1481 2271 1521 2298 ἔτι
1536 2271 1710 2307 συνέστηκεν.
1732 2270 1813 2297 Ἀλλά

1023 2319 1070 2346 καὶ
1078 2319 1113 2345 τὰ
1127 2318 1200 2354 ζωῆς
1216 2318 1328 2354 ἄμοιρα,
1338 2318 1376 2350 ὡς
1387 2317 1492 2354 δένδρα,
1505 2318 1551 2345 καὶ
1565 2317 1644 2349 λίθοι,
1657 2317 1704 2344 καὶ
1712 2316 1811 2353 ἄστρα,

1023 2366 1070 2392 καὶ
1087 2365 1121 2392 τὰ
1137 2365 1183 2392 νοῦ
1193 2385 1200 2397 ,
1222 2365 1260 2397 ὡς
1281 2365 1316 2392 τὰ
1328 2366 1423 2400 κτήνη,
1438 2365 1513 2400 ὅμως
1525 2364 1680 2399 ὑφίσταται.
1697 2363 1752 2390 Καὶ
1766 2363 1813 2389 οὺ-

1024 2411 1085 2443 σίας
1100 2411 1128 2438 δὲ
1144 2412 1158 2438 ὁ
1173 2411 1239 2443 Θεὸς
1258 2410 1387 2447 ἐξῄρηται
1413 2410 1574 2446 ὑπερούσιος
1598 2409 1635 2436 ὢν
1645 2419 1651 2424 ·
1676 2410 1723 2436 καὶ
1736 2410 1812 2444 ὅμως

1023 2457 1082 2484 ἐστὶ
1095 2457 1142 2484 καὶ
1158 2457 1296 2493 πρόεστιν·
1307 2456 1379 2483 οὕτω
1395 2456 1424 2482 δὲ
1443 2457 1489 2483 καὶ
1509 2456 1559 2483 οὐκ
1573 2455 1646 2483 ἔστιν
1663 2456 1748 2483 εἰπεῖν
1764 2455 1811 2482 ἐπὶ

1021 2504 1068 2531 τοῦ
1085 2502 1198 2539 ἀγαθοῦ·
1216 2504 1240 2530 ει
1263 2503 1299 2539 μὴ
1320 2503 1374 2539 γὰρ
1397 2504 1505 2539 μετέχοι
1522 2503 1664 2538 ποιότητος
1678 2500 1724 2528 τοῦ
1741 2501 1810 2536 ἀγα-

1021 2549 1080 2582 θοῦ,
1099 2550 1128 2576 ἐν
1142 2546 1166 2584 ᾧ
1181 2549 1356 2576 συνίστασθαι
1379 2549 1452 2585 χρὴ,
1468 2549 1499 2576 οὐ
1514 2548 1625 2576 δύναται
1642 2547 1807 2583 ὑφεστάναι·

1028 2596 1076 2623 Έν
1090 2595 1171 2628 αὐτῷ
1186 2595 1241 2631 γὰρ
1256 2595 1348 2630 ζῶμεν
1363 2594 1413 2622 καὶ
1427 2594 1531 2630 ἐσμὲν,
1548 2594 1586 2626 ὥς
1602 2603 1683 2630 φησιν
1699 2595 1713 2620 ὁ
1729 2592 1808 2619 Ἀπό-

1021 2641 1123 2673 στολος.
1141 2641 1174 2668 Τί
1188 2640 1251 2671 οὖνι
1266 2643 1281 2669 ό
1296 2641 1444 2673 ἀκόλαστος
1456 2640 1532 2677 ἐντῷ
1547 2639 1722 2668 ἀκολασταίνε
1735 2648 1748 2665 ν
1759 2638 1810 2666 οὐκ

639 2788 755 2820 ΫΑΒΙΛΕ
772 2787 965 2821 LECTIONES
981 2785 1026 2820 ET
1043 2783 1322 2816 CORRECTIONES.

212 2874 235 2894 ¹⁰
252 2874 510 2914 ἐρρωμενεστέρους.
