1926 3062
114 169 166 198 281

453 168 483 197 S.
504 168 632 198 MAXIM!
648 162 798 198 SCHOLIA
816 168 852 197 ΙΝ
869 168 934 197 LIB.
953 168 998 196 DE
1016 168 1142 196 DIVlNlS
1156 167 1357 197 NOMINIBUS.

1697 169 1751 197 282

114 227 258 263 ἐστέρηται
274 228 321 254 τοῦ
334 227 453 262 ἀγαθοῦ;
470 228 517 255 καὶ
532 228 607 264 ὅμως
622 228 769 264 ὑφέστηκε’
786 227 834 255 καί
850 236 885 263 φη

951 227 1024 256 bono
1035 227 1175 262 privatur?
1190 231 1217 255 et
1230 232 1322 255 tamen
1335 226 1477 260 subsistit;
1489 226 1556 255 dicit
1566 231 1667 261 autem,
1686 229 1750 256 dum

114 283 141 301 σι
160 274 208 310 μὲν
224 275 282 301 κατ’
301 274 366 301 αὐτὸ
382 274 413 301 τὸ
435 274 649 308 ἀκολασταίνειν,
666 275 704 307 ὡς
726 276 755 302 ὲν
776 275 901 311 στερήσει

113 319 151 347 ὢν
166 319 214 347 τοῦ
238 319 341 354 ἀγαθοῦ
363 320 465 357 κυρίως
486 321 536 348 οὐκ
558 319 641 353 ἔστιν,
659 321 715 348 ἀλλ’
738 321 801 348 οὔτε
818 321 902 349 ὄντων

112 366 227 402 ὲκθυμεῖ
239 366 272 382 ⁰¹-
293 366 319 392 τί
333 366 387 402 γάρ
407 367 481 394 ἐστιν
500 367 699 395 αὑτοακολασία
719 367 780 403 δίχα
801 368 848 394 τοῦ
864 367 902 394 εῖ-

111 412 173 444 δους
186 411 232 438 τοῦ
248 412 468 445 ἀκολασταίνειν;
485 413 560 448 ὅμως
569 413 663 449 ἐπειδὴ
686 413 757 440 κατά
775 413 900 448 ψευδοδο-

112 458 171 491 ξίαν
184 458 258 485 δοκεῖ
273 459 354 490 αὐτὸς
370 459 472 493 ἀγαθοῦ
487 468 560 491 τινος
575 459 704 495 ἔχεσθαι,
718 459 766 487 καὶ
782 459 900 495 ἡνῶσθαι

111 503 181 531 κατὰ
195 504 285 538 φιλίαν
301 504 341 540 τῷ
354 505 582 541 συμφθειρομένῳ
598 505 684 542 αὐτῷ,
700 505 752 533 κᾶν
773 505 901 541 διεφθαρ-

110 549 179 585 μένη
195 549 258 586 δοκῇ
273 551 290 586 ἡ
310 550 385 584 φιλία
396 549 473 583 εἶναι,
483 551 558 586 ὅμως
568 550 615 577 τοῦ
630 550 703 577 θείου
718 550 819 587 ἔρωτος
828 551 900 586 ἀμυ.

108 595 172 632 δρόν
186 597 260 623 ἐστιν
276 596 424 632 ἀπήχημα,
442 596 489 624 καὶ
505 597 551 623 διὰ
563 596 611 624 τοῦ
629 596 732 632 ἀγαθοῦ
749 597 899 632 φαντασίαν

108 641 164 677 ἔχει
174 650 180 657 ·
197 642 227 669 οὐ
241 642 295 678 γὰρ
311 642 351 669 δεῖ
362 643 478 677 ἀγνοεῖν,
497 643 549 675 ὅτι,
567 643 630 670 ὅταν
646 642 769 679 κρατηθῇ
785 643 837 670 ὑπὸ
851 643 899 670 τοῦ

107 687 204 724 ἀλόγου
228 688 327 723 μέρους
346 688 377 715 τὸ
397 688 504 723 λογικὸν
528 689 579 724 τῆς
594 689 701 724 ψυχῆς,
724 688 898 724 ὲμποδίζεται

107 733 158 768 μὲν
178 734 213 760 τά
235 735 323 761 οἰκεῖα
344 734 475 770 ἐνεργεῖν,
501 735 656 768 συνῶξάζει
675 735 704 762 δὲ
720 734 791 763 οὕτω
805 735 897 762 λοιπὸν

104 780 144 816 τῷ
160 781 259 816 ἀλόγῳ,
276 780 314 813 ὡς
326 782 393 817 μήτε
411 783 521 817 κρατεῖν
536 781 619 809 αὑτοῦ
632 781 687 808 τῶν
702 781 811 817 ὁρμῶν,
829 781 896 817 μήτε

105 825 324 862 συμψηφίζεσθαι
349 828 410 859 ταῖς
432 827 573 864 πράξεσιν·
599 828 627 854 αἰ
650 827 705 863 γὰρ
732 826 896 862 ψευδοδοξίαι

103 871 155 898 οὐκ
165 872 218 898 είσὶ
234 872 281 899 τοῦ
303 873 413 907 λογικοῦ
430 873 514 906 δόξαι,
534 873 596 901 οὔτε
612 874 641 901 αί
656 873 764 908 ψευδεῖς
783 873 894 902 διάνοιαι

954 274 1138 309 intemperans
1160 277 1213 307 est,
1233 273 1297 308 quia
1316 273 1388 301 bono
1411 274 1534 309 privatus
1559 275 1667 309 proprie
1695 283 1750 302 non

953 321 1007 351 est,
1025 317 1073 346 sed
1087 326 1138 346 nec
1151 318 1255 354 aliquid
1276 319 1349 346 reale
1359 319 1435 354 cupit
1450 328 1455 346 :
1471 319 1536 353 quid
1549 320 1621 346 enim
1631 323 1674 348 est
1692 319 1749 354 ipsa

953 371 1001 399 per
1023 371 1053 391 se
1080 364 1308 400 intemperantia,
1331 365 1390 392 sine
1409 367 1483 392 certa
1499 365 1590 399 specie
1613 365 1750 400 intempe-

951 411 1065 439 rantiae?
1075 415 1166 438 tamen
1177 411 1308 446 quoniam
1320 411 1377 446 ipse
1383 416 1476 438 censet
1485 411 1587 439 bonum
1599 412 1671 446 aliqu
1678 412 1712 438 od
1721 412 1748 438 in

952 457 1021 486 falsa
1028 457 1158 492 opinione
1169 457 1280 489 habere,
1291 464 1323 484 ac
1334 457 1361 484 in
1369 457 1490 484 amicitia
1498 457 1570 485 uniri
1580 465 1642 485 cum
1652 459 1747 492 aliquo

950 503 1033 532 simul
1052 511 1115 530 cum
1138 503 1198 538 ipso
1216 507 1359 539 corrupto,
1375 511 1435 538 quae
1447 503 1499 530 etsi
1514 504 1668 539 perniciosa
1683 512 1744 533 esse

950 550 1075 578 videatur
1089 549 1221 582 amicitia,
1237 553 1328 576 tamen
1344 553 1386 577 est
1401 550 1520 577 obscura
1535 549 1622 577 divini
1640 552 1742 579 amoris

949 597 1141 632 portiuncula,
1162 599 1189 623 et
1213 604 1261 631 per
1275 597 1377 623 bonum
1400 595 1464 624 boni
1492 597 1637 631 imaginem
1659 605 1743 625 occu-

949 646 1010 678 pat:
1031 650 1085 670 non
1109 643 1181 670 enim
1213 642 1341 678 ignorare
1363 646 1471 677 oportet
1490 642 1574 677 quod,
1604 651 1667 670 cum
1697 651 1736 670 ra-

948 688 1059 716 tionalis
1071 696 1135 724 pars
1146 688 1244 715 anima:
1258 688 1292 715 ab
1308 687 1460 715 irrationali
1477 693 1638 722 superatur,
1656 689 1741 724 impe-

948 734 1038 762 diatur
1053 734 1163 770 quidem
1180 734 1291 769 propria
1307 734 1384 762 obire
1402 735 1511 766 munia.
1530 734 1569 761 sic
1584 742 1649 762 vero
1663 739 1740 769 post—

947 788 979 808 ea
991 788 1052 808 cum
1070 780 1221 807 irrationali
1236 781 1382 812 consentit,
1394 784 1423 807 ut
1435 787 1523 814 neque
1540 780 1656 815 impetus
1667 781 1739 809 illius

946 827 1082 859 cohibeat,
1113 835 1201 862 neque
1227 827 1350 854 actiones
1371 827 1548 861 comprobet;
1574 835 1636 854 nam
1664 826 1739 855 falsae

946 873 1089 908 opiniones
1105 881 1158 900 non
1176 877 1240 904 sunt
1256 873 1399 908 opiniones
1416 873 1561 900 rationalis
1576 873 1674 908 partis,
1687 882 1738 901 nec

103 917 158 946 τῶν
172 918 295 946 διανοιῶν
316 920 364 946 τοῦ
383 919 492 954 λογικοῦ
509 921 617 956 μέρους·
633 907 693 947 οὕτε
713 919 768 956 γὰρ
781 920 885 946 διάνοια

947 907 1022 946 falsa:
1041 919 1240 947 intellectiones
1260 907 1325 947 sunt
1346 918 1491 946 rationalis
1514 907 1600 954 partis
1626 919 1736 947 intelle-

103 964 209 1000 κυρίως
226 965 254 992 αἱ
277 965 392 1000 ψευδεῖς.
418 966 516 993 Ἔνθεν
537 967 585 993 καὶ
605 967 619 993 6
640 966 753 1002 θυμικὸς
774 967 830 994 ἐσθ’
850 968 895 994 ὅτε

101 1010 278 1045 ἐςιραλμένως
300 1011 453 1043 ἐπέξεισιν·
476 1012 552 1047 ὅμως
575 1013 624 1039 οὐκ
639 1012 752 1049 ἄμοιρος
780 1012 893 1052 ἀγαθοῦ,

101 1055 189 1083 δοκῶν
203 1057 250 1083 ἐπὶ
264 1056 405 1092 διορθώσει
417 1057 466 1085 τοῦ
482 1057 663 1093 κολαζομένου
686 1058 725 1093 τῷ
740 1058 817 1094 θυμῷ
830 1059 895 1094 χρῆ-

101 1101 174 1133 σθαι,
187 1102 234 1128 καὶ
247 1102 261 1128 6
275 1102 387 1138 αίσχρὸς
402 1102 489 1135 οὕτως
506 1100 627 1130 ὑπονοῶν
642 1103 742 1138 ἀγαθὸν
756 1104 830 1135 τέλος
845 1104 893 1140 τὴν

99 1146 207 1182 ἡδονήν.
223 1147 270 1173 Ἐκ
292 1148 389 1174 τούτου
410 1146 456 1174 οὖν
474 1148 521 1175 καὶ
540 1149 564 1175 οί
580 1149 787 1184 θεομαχοῦντες,
803 1150 846 1176 διὰ
861 1150 892 1176 τὸ

98 1192 168 1225 ὅλως
183 1192 253 1220 εἶναι
267 1194 320 1220 ὑπὸ
333 1194 380 1221 τοῦ
395 1194 510 1229 ἀγαθοῦ,
522 1195 737 1231 συγχωροῦνται·
748 1196 839 1232 τὸγὰρ
852 1197 890 1232 μὴ

98 1238 281 1275 ἐστερημένον
294 1239 343 1266 τοῦ
359 1239 454 1272 καλοῦ,
469 1240 536 1268 ἀλλά
553 1241 672 1276 μερικῶς
685 1242 751 1268 αὐτὸ
764 1242 794 1269 τὸ
813 1243 889 1268 ἑστε-

99 1284 216 1319 ρημένον
234 1284 280 1310 τοῦ
291 1284 393 1320 ἀγαθοῦ
409 1285 579 1318 συνεστάναι,
592 1287 662 1316 ποιεῖ
682 1286 712 1313 τὸ
726 1287 794 1318 ὅλως
811 1286 889 1322 μετέ-

95 1338 154 1364 χειν
166 1338 192 1356 τι
204 1330 250 1356 τοῦ
265 1330 376 1364 ἀγαθοῦ.
395 1331 432 1357 Οὺ
449 1330 504 1367 γὰρ
521 1333 537 1367 ἡ
556 1332 667 1368 μερικὴ,
684 1332 742 1359 ἀλλ’
758 1334 775 1368 ή
793 1342 888 1360 παντε-

94 1375 145 1412 λὴς
167 1376 284 1411 ἔλλειψις
307 1375 354 1404 τοῦ
378 1376 481 1411 ἀγαθοῦ
496 1379 556 1405 ἐστι
578 1378 609 1404 τὸ
633 1378 726 1405 κακόν·
743 1379 790 1406 καὶ
805 1379 836 1409 οὐ
856 1380 887 1407 τὸ

96 1421 227 1457 μερικῶς,
239 1421 307 1450 ἀλλά
321 1422 352 1450 τὸ
366 1423 503 1454 παντελῶς
517 1423 565 1450 τοῦ
580 1424 682 1459 ἀγαθοῦ
693 1426 790 1461 ὲστερη
795 1426 884 1461 μένον,

94 1468 173 1495 τοῦτο
188 1468 249 1495 οὔτε
265 1467 309 1505 ἦν,
326 1468 388 1496 οὒτε
404 1470 488 1501 ἐστὶν,
505 1469 567 1498 οὔτε
583 1470 671 1503 ἔσται.
688 1470 750 1498 οὒτε
763 1469 886 1500 είναιδύ-

93 1523 162 1542 νατα
166 1523 185 1544 ι.

132 1561 206 1588 οὔτε
223 1560 317 1589 ὄντων
329 1562 474 1597 ἐπιθυμεῖ.
490 1563 550 1590 ’Ότι
573 1564 587 1589 ὁ
610 1563 775 1597 ἀκόλαστος,
792 1565 816 1592 εί
834 1565 881 1592 καὶ
895 1578 917 1607 C

92 1607 166 1634 κατὰ
178 1607 209 1634 τὺ
221 1607 287 1634 αὐτὸ
299 1608 331 1635 τὸ
343 1608 547 1636 ἀκολασταίνειν
557 1608 620 1636 οὔτε
634 1610 709 1636 ἐστὶν
723 1609 785 1637 οὔτε
798 1610 882 1639 ὄντων

91 1652 231 1688 ἐπιθυμεῖ,
246 1654 320 1688 ὅμως
335 1655 394 1681 κατ’
409 1654 475 1681 αὐτὸ
488 1655 519 1682 τὸ
534 1655 584 1690 τῆς
596 1655 718 1688 ένώσεως
733 1657 779 1683 καὶ
794 1657 885 1694 φιλίας

92 1698 186 1734 σχῆμα
201 1699 327 1735 ἀμυδρῶς
344 1700 451 1736 μετέχει
463 1700 511 1728 τοῦ
525 1700 641 1735 ἀγαθοῦ.
810 1726 819 1732 ,

127 1745 206 1779 Πρὸς
220 1745 252 1772 τὸ
273 1745 384 1773 δοκοῦν
399 1747 502 1774 καλόν.
519 1747 686 1782 Σημείωσαι,
701 1749 742 1776 ὅτι
756 1750 803 1776 καὶ
817 1750 831 1775 6
844 1749 884 1787 τῷ

91 1790 170 1827 θυμῷ
184 1792 379 1828 ἀποχρώμενος
396 1793 520 1829 μετέχειν
538 1793 647 1828 λέγεται
669 1795 716 1822 τοῦ
729 1795 834 1831 ἀγαθοῦ
853 1798 882 1824 ὲν

89 1837 130 1873 τῷ
144 1837 213 1873 πρὸς
230 1839 370 1874 διόρθωσιν
392 1839 526 1868 κινεῖσθαι
546 1840 600 1868 τῶν
615 1841 764 1869 δοκούντων
777 1843 879 1870 κακῶν·

88 1882 162 1910 οὕτω
176 1884 224 1910 καὶ
237 1885 251 1911 6
264 1885 413 1921 χειρίστης,
437 1886 521 1922 ῆγουν
545 1887 679 1923 κακίστης
701 1888 775 1924 ζωῆς
806 1889 880 1924 ὲφιέ-

91 1937 172 1967 μενος
187 1930 294 1965 μετέχει
308 1930 354 1957 τοῦ
376 1931 480 1965 ἀγαθοῦ
499 1932 528 1959 ἐν
543 1932 582 1968 τῷ
601 1933 652 1968 τῆς
674 1933 788 1971 ἀρίστης
808 1935 881 1971 ζωῆς

89 1975 166 2010 αὑτῷ
187 1975 317 2011 δοκούσης
339 1977 471 2011 ὲφίεσθαιν
487 1978 535 2004 καὶ
553 1979 568 2005 6
582 1978 613 2005 τὸ
629 1979 712 2007 κακὸν
726 1980 754 2006 δὲ
770 1980 879 2016 μετιὼν,

87 2021 119 2048 ἐν
131 2021 169 2056 τῷ
183 2020 271 2048 δοκεῖν
285 2021 365 2049 καλὸν
380 2024 477 2056 ποιεῖν,
499 2025 607 2059 μετέχει
620 2025 668 2053 τοῦ
679 2026 793 2060 ἀγαθοῦ.

123 2067 194 2094 Καθ’
203 2067 278 2094 ὅσον
288 2067 336 2094 καί
346 2069 447 2102 νόσος.
457 2069 488 2096 Ἡ
495 2070 581 2104 νόσος,
589 2070 710 2107 εῠδηλον,
718 2073 756 2104 ὡς
763 2072 880 2108 ἔλλειψίς

86 2114 162 2140 ἐστιν
171 2113 285 2147 ὑγιείας,
295 2115 342 2141 καὶ
352 2115 487 2151 ὑπερϐολὴ
497 2117 630 2152 σωμάτων
642 2118 752 2152 ὲνύλων,
760 2118 822 2146 οὔτε
834 2120 880 2155 μέ-

85 2167 161 2195 τρον,
172 2158 234 2186 οὔτε
245 2159 320 2192 τάξιν
332 2161 534 2197 ὲχομένη,ἀλλά
542 2162 575 2189 δι’
588 2163 723 2199 ἀκρασίας
737 2164 791 2192 τῶν
808 2164 878 2192 ὑλῶν

87 2205 153 2240 μιᾶς
166 2205 235 2240 ὑπὲρ
248 2205 296 2240 τὴν
306 2204 435 2233 εὔτακτον
449 2208 547 2242 κρᾶσιν
561 2208 760 2245 στασιαζούσης
769 2210 878 2238 ποιούν-

946 965 1070 999 ctioncs;
1089 965 1165 993 falsae
1178 965 1250 993 enim
1267 973 1321 992 non
1344 971 1408 992 sunt
1441 965 1552 1000 proprie
1573 965 1737 993 intellectio—

945 1019 1004 1039 nes.
1024 1010 1093 1038 Hinc
1109 1011 1191 1038 etiam
1209 1010 1360 1038 iracundus
1375 1011 1541 1046 quandoque
1561 1018 1623 1038 cum
1643 1019 1737 1040 errore

944 1057 1049 1092 impetit
1065 1067 1072 1084 :
1091 1065 1146 1084 non
1162 1061 1253 1084 tamen
1268 1064 1366 1092 expers
1383 1061 1426 1084 est
1448 1057 1530 1091 boni,
1551 1065 1614 1084 cum
1630 1057 1736 1092 judicet

944 1102 972 1130 in
984 1103 1057 1131 illius
1078 1102 1125 1138 qui
1142 1103 1254 1138 pttnitur
1276 1102 1456 1134 correctione,
1473 1103 1514 1129 ira
1529 1103 1737 1136 υιιειιιίυιιι,εῖο-

943 1157 996 1184 que
1017 1149 1155 1177 obscenus
1179 1148 1244 1176 dum
1271 1149 1439 1184 voluptatem
1463 1149 1544 1176 ﬁnem
1565 1149 1667 1177 bonum
1688 1157 1735 1178 su-

942 1195 1071 1230 spicatur.
1088 1194 1128 1222 Ex
1140 1194 1192 1222 hoc
1211 1195 1295 1230 igitur
1305 1195 1387 1222 etiam
1404 1195 1451 1230 qui
1468 1195 1551 1222 Deum
1574 1199 1735 1231 oppugnant

940 1249 955 1268 a
969 1241 1040 1269 bono
1058 1242 1254 1276 permittuntur
1268 1241 1332 1276 quia
1346 1241 1470 1269 absolute
1482 1244 1560 1274 sunt;
1575 1241 1647 1276 quod
1660 1242 1732 1269 enim

939 1288 1054 1322 pulchro
1075 1295 1131 1315 non
1155 1288 1268 1316 omnino
1289 1288 1425 1323 privatum
1441 1291 1501 1320 est,
1526 1287 1573 1315 sed
1593 1295 1625 1315 ex
1642 1293 1731 1323 parte,

938 1335 1097 1362 exsistentia
1111 1335 1175 1362 boni
1191 1335 1337 1370 privatum,
1360 1334 1425 1362 facit
1436 1338 1465 1362 ut
1481 1334 1585 1369 aliquid
1604 1335 1732 1363 absolute

936 1380 1172 1416 boniparticipet;
1188 1388 1243 1408 non
1258 1381 1330 1408 enim
1347 1380 1536 1416 particularis,
1548 1380 1595 1408 sed
1618 1382 1730 1409 omnino

936 1426 1072 1461 perfectus
1080 1427 1143 1454 boni
1150 1426 1272 1455 defectus
1281 1431 1323 1455 est
1330 1427 1441 1459 malum,
1450 1427 1584 1462 siquidem
1593 1435 1647 1454 non
1656 1427 1730 1463 quod

934 1480 967 1500 ex
980 1476 1067 1507 parte,
1082 1473 1129 1501 sed
1142 1473 1215 1508 quod
1236 1481 1350 1508 prorsus
1364 1474 1435 1501 bono
1447 1474 1583 1508 privatum
1596 1477 1649 1505 est,
1662 1474 1728 1502 illud

933 1525 1023 1554 neque
1035 1522 1104 1551 erat,
1117 1527 1205 1554 neque
1214 1523 1267 1552 est,
1277 1527 1365 1555 neque
1379 1519 1443 1552 erit,
1453 1527 1542 1555 neque
1553 1527 1615 1547 esse
1626 1523 1727 1554 potest.

969 1564 1059 1601 Neque
1073 1565 1216 1601 quidquam
1230 1566 1398 1600 concupiscit.
1411 1564 1650 1601 lntemperantem,
1663 1566 1726 1598 etsi,

936 1615 1071 1646 quatenus
1085 1611 1270 1647 intemperans
1281 1616 1333 1644 est,
1353 1619 1442 1647 neque
1457 1612 1502 1643 sit,
1522 1620 1610 1647 neque
1623 1613 1727 1648 aliquid

935 1658 1008 1686 reale
1022 1658 1129 1693 cupiat;
1146 1662 1238 1686 tamen
1258 1659 1317 1693 ipsa
1333 1657 1465 1686 unitionis
1481 1661 1510 1685 et
1523 1658 1651 1686 amicitiae
1664 1666 1727 1694 spe-

934 1705 986 1735 cie.
1000 1705 1117 1733 obscure
1130 1705 1233 1732 bonum
1250 1704 1426 1740 participare.

968 1750 1010 1778 Ad
1025 1750 1053 1777 id
1065 1750 1134 1785 quod
1151 1750 1211 1777 boni
1225 1751 1334 1785 speciem
1341 1758 1397 1785 prw
1405 1758 1433 1778 se
1444 1749 1505 1785 fert.
1514 1749 1594 1782 Nota,
1609 1750 1726 1778 abuten-

934 1800 989 1824 tem
1005 1796 1045 1823 ira
1061 1796 1116 1824 dici
1134 1796 1296 1832 participem
1309 1797 1385 1828 boni,
1402 1800 1539 1832 quatenus
1553 1801 1678 1824 movetur
1691 1797 1726 1826 ad

933 1843 1132 1871 correctionem
1147 1847 1241 1870 eorum
1259 1850 1320 1878 quae
1344 1843 1416 1870 mala
1439 1843 1585 1877 videntur;
1610 1843 1647 1870 ita
1662 1851 1726 1878 pes-

933 1889 1008 1917 sima:
1031 1897 1080 1917 seu
1103 1890 1307 1918 scelestissimae
1330 1889 1448 1924 cupidus
1473 1889 1534 1916 vitae
1550 1889 1622 1916 bono
1638 1889 1725 1924 parti-

931 1935 1021 1970 cipat,
1037 1939 1173 1971 quatenus
1198 1936 1293 1968 vitam,
1313 1943 1374 1970 quae
1401 1935 1504 1971 optima
1524 1935 1578 1970 ipsi
1603 1936 1722 1967 videtur,

930 1982 1022 2017 cupit;
1039 1987 1121 2018 atque
1141 1983 1164 2010 is
1181 1982 1230 2018 qui
1255 1982 1357 2009 malum
1377 1981 1564 2017 persequitur,
1586 1986 1722 2017 quatenus

931 2027 1039 2055 videtur
1053 2027 1168 2055 honeste
1183 2027 1285 2059 facere,
1301 2027 1366 2054 boni
1382 2027 1410 2054 tit
1425 2029 1573 2062 particeps.

969 2073 1048 2108 150
1064 2073 1138 2101 Sicut
1160 2074 1239 2101 etiam
1260 2073 1377 2100 morbus.
1399 2073 1508 2100 Clarum
1531 2077 1573 2100 est
1595 2073 1720 2101 morbum

929 2126 990 2147 esse
1015 2119 1151 2147 defectum
1172 2119 1318 2152 sanitatis,
1335 2123 1361 2147 et
1379 2126 1521 2147 excessum
1539 2119 1719 2146 maleriaiium

928 2173 1093 2201 corporum,
1108 2174 1197 2202 neque
1221 2174 1392 2199 mensuram,
1411 2173 1501 2200 neque
1520 2165 1644 2193 ordinem
1671 2165 1720 2193 ha-

928 2211 1048 2244 bentem,
1065 2212 1114 2240 sed
1139 2220 1188 2247 per
1209 2212 1397 2247 intemperiem
1422 2212 1505 2240 unius
1524 2211 1646 2239 materiae
1659 2219 1719 2247 qua:

84 2259 139 2277 των
154 2251 204 2286 τὴν
222 2250 308 2278 νόσον.
331 2252 390 2278 Ἐπὶ
404 2252 530 2280 τοσοῦτον
545 2254 594 2289 μὲν
608 2252 656 2282 οὖν
672 2255 689 2291 ή
708 2255 784 2288 νόσος
801 2257 875 2284 ἐστὶν

940 2265 996 2285 tene
1017 2258 1198 2285 constitutum
1217 2258 1383 2292 perturbans
1407 2261 1651 2293 temperamentum
1672 2265 1718 2292 ge-

83 2296 115 2323 ὲν
124 2296 164 2332 τῷ
179 2296 294 2332 σώματι,
309 2297 351 2333 ἐφ’
366 2298 427 2325 ὅσον
436 2299 561 2326 ὁπωσοῦν
575 2300 676 2335 ήτάξις
688 2301 816 2336 ἐλλείποι,
827 2304 874 2330 καὶ

82 2342 114 2369 τὸ
130 2343 208 2378 σῶμα
219 2343 384 2371 συνίσταται·
400 2345 425 2371 εί
440 2343 493 2381 γὰρ
508 2345 643 2382 παντελὴς
656 2347 785 2384 ἀμετρία,
797 2349 873 2376 λύσει

82 2389 114 2416 τὸ
129 2389 218 2424 σῶμα,
233 2389 354 2421 τουτέστι
367 2390 422 2418 τῶν
438 2390 509 2420 ὑλῶν
527 2392 577 2428 τὴν
598 2392 685 2428 τάξιν,
700 2395 747 2421 καὶ
763 2396 779 2430 ἡ
795 2395 872 2428 νόσος

82 2434 251 2470 ἀφανίζεται,
265 2435 313 2462 τοῦ
330 2436 456 2472 σώματος
475 2437 606 2474 λυομένου
621 2441 651 2467 ὲν
669 2437 691 2474 ᾧ
712 2443 872 2478 συνεστήκει

81 2481 100 2516 ἡ
113 2481 200 2512 νόσος·
215 2480 286 2508 οὕτω
303 2482 349 2508 καὶ
359 2483 405 2509 ἐπὶ
419 2483 466 2509 τοῦ
481 2484 584 2518 ἀγαθοῦ
598 2486 628 2512 ὲν
640 2486 695 2521 ὅσῳ
711 2486 826 2519 σώζεται
840 2489 870 2514 ὲν

81 2526 158 2562 ἡμῖν,
179 2525 276 2564 ἔχομεν
298 2527 421 2559 ἐξουσίαν
435 2529 566 2564 πράττειν
586 2531 634 2558 καὶ
649 2531 680 2558 τὸ
698 2532 792 2560 κακόνο
807 2533 870 2569 ἀφι-

82 2572 216 2608 σταμένου
229 2572 284 2607 γὰρ
302 2573 349 2601 τοῦ
368 2574 482 2609 ἀγαθοῦ,
503 2575 564 2603 οὔτε
583 2577 666 2607 κακὸν
687 2578 760 2605 ἔστιν
781 2580 871 2616 εὑρεῖν

80 2619 110 2646 ὲν
124 2620 201 2654 ἡμῖν.

119 2664 153 2691 Τὸ
167 2664 222 2700 γὰρ
239 2664 335 2700 πάντη
352 2666 484 2702 ἄμοιρον.
497 2666 531 2696 '0
546 2670 646 2702 σκοπὸς
659 2671 705 2698 τοῦ
723 2671 795 2698 θείου
810 2673 871 2699 Διο-

79 2710 173 2738 νυσίου
187 2711 220 2738 ὲκ
234 2711 337 2738 πολλῶν
353 2714 450 2749 σαφής·
467 2715 619 2751 μαχόμενος
633 2718 694 2748 ταῖς
711 2726 791 2745 τινων
810 2718 870 2746 Ἑλ-

925 2307 1003 2331 neret
1017 2304 1162 2337 morbum;
1178 2308 1293 2331 eatenus
1314 2303 1397 2339 igitur
1413 2304 1525 2330 morbus
1548 2306 1591 2331 est
1613 2303 1640 2330 in
1656 2311 1719 2330 cor-

924 2356 1000 2384 pore,
1014 2354 1150 2384 quatenus
1165 2350 1366 2385 aliquantulum
1378 2349 1445 2376 ordo
1460 2349 1561 2383 deﬁcit,
1573 2353 1600 2376 ct
1615 2357 1716 2385 corpus

923 2395 1070 2429 consistit;
1088 2396 1112 2423 si
1127 2395 1200 2424 enim
1215 2396 1354 2432 perfectus
1367 2395 1403 2423 sit
1418 2403 1554 2424 mensura:
1571 2404 1713 2428 excessus,

922 2450 1023 2478 corpus
1041 2443 1182 2473 dissolvet.
1197 2442 1225 2469 id
1240 2446 1283 2470 est
1299 2442 1420 2469 materiae
1436 2442 1569 2475 ordinem,
1593 2443 1716 2471 destrui~

923 2493 1023 2524 turque
1032 2488 1156 2520 morbus,
1167 2488 1302 2516 dissoluto
1312 2496 1426 2524 corpore
1437 2488 1464 2515 in
1471 2497 1525 2524 quo
1534 2490 1696 2516 constiterat
1705 2500 1711 2520 :

922 2535 960 2562 ita
975 2535 1056 2563 etiam
1074 2535 1101 2562 in
1124 2535 1197 2563 bono
1215 2538 1351 2570 quatenus
1373 2535 1400 2562 in
1420 2535 1499 2562 nobis
1518 2540 1708 2567 conservatur,

919 2584 1082 2619 potestatem
1096 2580 1228 2608 habemus
1239 2579 1356 2608 faciendi
1365 2581 1448 2609 etiam
1459 2581 1578 2614 malum;
1595 2582 1709 2608 absente

918 2627 991 2654 enim
1004 2627 1087 2658 bono,
1104 2627 1205 2654 malum
1222 2628 1249 2655 in
1262 2627 1342 2655 nobis
1357 2635 1411 2655 non
1426 2628 1585 2663 reperietur.

955 2673 1032 2706 Quod
1046 2673 1115 2700 enim
1127 2673 1234 2701 omnino
1247 2681 1339 2708 expers
1355 2678 1404 2701 est.
1423 2673 1530 2708 Scopus
1547 2673 1631 2701 divini
1646 2672 1710 2700 Dio-

919 2719 992 2755 nysii
1014 2727 1047 2747 ex
1067 2720 1163 2748 multis
1183 2724 1257 2755 patet
1270 2728 1277 2747 :
1290 2728 1452 2756 oppugnatis
1472 2720 1544 2747 enim
1566 2719 1708 2755 gentilium

543 2840 658 2870 VARI/8
679 2842 872 2873 LECTIONES
892 2844 935 2874 ET
955 2843 1229 2873 CORRECTIONES.

94 2917 116 2934 “
145 2916 282 2952 ιπιθυμεῖ.
