1926 3062
181 157 234 184 285

591 157 762 186 ΑΡΡΕΝΒΙΧ
781 158 826 184 AD
841 157 959 185 OPERA
981 156 1009 183 S.
1033 155 1182 184 DlONYSll
1199 155 1439 183 AREOPAGITZE.

1755 153 1809 182 284

181 214 361 250 quorumdam
378 217 523 251 opiniones
545 216 579 244 de
604 216 676 243 malo
687 236 695 247 ,
710 215 776 242 dicit
797 215 899 242 malum
915 222 970 242 non

1035 214 1110 249 ,ἠνων
1125 214 1214 246 δόξαις
1229 214 1292 250 περὶ
1307 213 1354 240 τοῦ
1377 211 1473 245 κακοῦ,
1493 212 1567 247 λέγει
1583 213 1606 228 "
1620 213 1675 248 γὰρ
1691 214 1728 249 μὴ
1741 210 1809 239 εἶναι

181 269 243 289 esse
263 269 329 295 ens;
356 263 457 289 malum
479 262 552 290 enim
579 262 668 297 ipsum
692 268 806 298 prorsus
829 260 976 288 essentiale

182 315 238 334 non
255 313 349 341 posset
364 309 510 340 exsistere,
534 309 588 336 nisi
608 308 759 336 universali
778 307 842 335 boni
867 307 975 334 defectu

183 355 303 381 totaliter
318 355 399 389 hujus
417 363 515 390 expers
531 359 616 388 esset;
635 354 702 382 illud
725 358 815 382 autem
840 361 974 388 nusquam

183 404 225 427 est
252 401 383 435 reperire,
401 408 489 435 neque
508 401 534 427 in
558 401 617 435 ipsa
645 400 755 427 informi
783 401 908 432 materia,
923 400 975 427 etsi

184 446 235 472 hoc
249 446 412 480 quibusdam
428 446 569 481 gentilium
585 446 726 479 videatur;
743 446 814 481 quod
827 446 901 473 enim
915 453 975 473 om-

183 492 250 518 nino
264 499 278 518 a
293 491 348 519 Deo
363 492 526 526 productum
541 496 593 522 est,
609 493 734 527 quamvis
746 493 863 519 obscure
870 497 896 519 et
906 499 975 527 past-

185 546 273 574 .remo,
316 539 494 565 nihilominus
515 539 616 565 bonum
640 539 794 573 participat.
812 538 869 565 [loc
885 543 975 566 autem

184 585 313 619 deinceps
329 586 356 611 in
374 585 480 612 decimo
497 583 693 619 disputationis
711 585 793 619 hujus
808 585 898 619 capite
913 592 976 620 per-

186 630 254 657 fecte
269 631 457 664 demonstrat;
477 631 500 658 si
515 632 587 658 enim
601 632 702 658 malum
718 639 779 658 cum
791 631 864 658 bono
878 631 976 658 misce—

186 681 270 707 retur.
290 677 315 704 id
331 681 374 704 est
394 678 494 704 alicubi
516 677 626 712 quidem
648 686 702 704 non
717 685 766 705 ens
781 681 854 705 esset
872 677 899 703 in
919 677 977 704 exi-

186 731 239 758 guo
253 724 316 750 boni
332 723 439 751 defectu
457 734 463 751 :
477 724 577 751 alicubi
589 728 678 751 autem
695 732 748 750 non
761 732 810 751 ens
824 728 896 751 esset
913 723 976 758 quia

186 769 298 796 omnino
313 774 355 797 cst
370 771 415 804 qui
431 769 505 802 facit,
523 777 577 796 non
591 769 644 796 hoc
661 769 774 802 malum;
790 777 843 796 non
858 769 931 796 enim
948 768 976 795 in

187 814 356 849 aliquantulo
371 814 489 846 defectu,
506 814 555 842 sed
577 814 604 841 in
626 814 773 841 universali
787 814 850 841 boni
868 813 974 841 defectu

187 861 290 888 malum
302 860 446 893 consistit;
464 861 535 895 quod
550 861 632 895 igitur
642 868 738 894 parum
759 867 773 886 a
787 859 858 886 bono
870 859 973 891 deficit,

187 914 242 934 non
253 911 295 934 est
310 907 428 940 malum;
443 910 533 941 potest
549 907 622 934 enim
637 906 718 933 etiam
735 905 884 940 perfectum
904 913 975 936 csse,

187 956 320 988 quantum
333 952 366 979 ad
382 960 459 979 suam
473 956 618 984 naturam;
637 951 739 986 aliquid
750 951 822 978 enim
838 954 890 981 est,
903 950 976 985 quod

187 1002 314 1033 respectu
337 998 400 1025 boni
417 998 557 1030 deﬁciens,
576 1001 701 1032 respectu
718 1004 782 1024 vero
804 1002 907 1023 natura:
922 1003 977 1024 sum

188 1044 338 1078 perfectum
350 1044 396 1076 sit,
409 1045 481 1080 quod
493 1045 617 1079 equidem
630 1044 730 1071 bonum
742 1047 793 1076 est,
806 1050 977 1077 nequaquam

188 1099 254 1118 vero
266 1092 382 1125 malum;
397 1096 479 1126 atque
490 1091 557 1118 adeo
572 1090 707 1125 particeps
719 1088 841 1117 defectus
853 1092 978 1124 respectu

190 1137 269 1172 primi
281 1137 355 1165 boni.
369 1137 446 1170 Quod
456 1145 520 1164 vero
537 1145 591 1163 non
608 1143 722 1171 prorsus
738 1142 835 1170 expers
848 1138 890 1161 est
902 1134 976 1165 boni,

190 1183 238 1211 sed
248 1184 364 1218 amplius
373 1183 505 1211 accedens
517 1183 549 1209 ad
567 1182 678 1214 malum,
691 1189 743 1208 non
757 1181 868 1208 omnino
877 1180 978 1207 malum

190 1234 232 1258 est
243 1239 250 1263 ;
263 1231 334 1257 sicut
348 1230 431 1258 etiam
443 1230 515 1264 quod
529 1230 620 1256 minus
641 1229 675 1255 ad
686 1228 786 1255 bonum
802 1227 916 1259 accedit,
931 1227 980 1253 ali-

191 1276 256 1311 quid
274 1276 337 1303 boni
357 1276 447 1307 habet,
463 1279 545 1311 atque
559 1275 593 1301 ab
608 1275 668 1310 ipso
683 1273 865 1301 substantiam
882 1272 955 1307 capit
971 1282 977 1298 :

192 1329 325 1356 suamque
342 1321 521 1356 privationem
537 1320 656 1348 essentia
673 1320 767 1352 donat,
784 1319 848 1346 dum
861 1319 980 1345 totaliter

193 1368 226 1395 de
242 1368 314 1394 bono
334 1371 436 1400 certat;
453 1368 476 1395 si
488 1367 560 1394 enim
577 1374 645 1402 pure
662 1374 693 1393 ac
706 1366 819 1393 omnino
840 1365 921 1392 fuerit
937 1364 981 1392 ah-

194 1415 282 1441 sentia
305 1414 387 1446 boni,
404 1419 507 1441 certum
524 1417 566 1440 est
582 1413 656 1448 quod
677 1418 734 1440 tum
756 1420 810 1439 non
827 1412 863 1439 sit
878 1412 905 1438 in
925 1415 981 1438 toto

193 1461 306 1493 bonum,
317 1469 404 1496 neque
419 1461 530 1488 mistum
543 1461 654 1491 bonum,
667 1467 755 1494 neque
769 1467 816 1493 per
825 1467 854 1486 se
868 1458 980 1491 malum;

194 1507 239 1534 ubi
247 1507 320 1534 enim
336 1516 390 1534 non
399 1511 441 1535 est
447 1508 560 1537 bonum.
570 1514 658 1541 neque
664 1510 705 1534 est
718 1505 820 1540 aliquid
829 1505 857 1531 in
865 1508 979 1537 natura;

1026 259 1056 287 ὃν
1070 260 1100 287 τὸ
1114 261 1206 287 κακόν.
1219 261 1310 287 Κακὺν
1325 260 1378 296 γὰρ
1392 259 1459 286 αὐτὸ
1471 259 1598 292 καθάπαξ
1619 259 1746 291 οὐσιῶδες
1759 260 1810 286 οὐκ

1027 307 1059 334 ἂν
1075 307 1128 343 εἴη,
1147 309 1169 334 ει
1189 308 1225 344 μὴ
1241 308 1271 334 τὸ
1291 307 1362 334 κατὰ
1378 307 1495 342 παντελῆ
1512 306 1627 341 ἔλλειψιν
1644 306 1691 333 τοῦ
1707 305 1809 340 ἀγαθοῦ

1027 355 1178 390 ὁλοσχερῶς
1191 355 1303 390 ἄμοιρον
1325 354 1355 381 ὃν
1376 354 1483 381 τούτου·
1499 354 1578 380 τοῦτο
1597 354 1650 390 γὰρ
1670 354 1720 380 οὐκ
1736 354 1811 380 ἐστιν

1026 401 1143 437 οὐδαμοῦ
1165 402 1271 436 εὑρεῖν,
1295 401 1354 428 οὐδὲ
1376 402 1404 428 ὲν
1423 402 1456 436 τῇ
1477 400 1527 436 ὕλῃ
1548 401 1616 436 αὐτῇ
1635 401 1667 436 τῇ
1689 400 1810 435 ὰνειδέῳ,

1028 447 1078 474 κᾶν
1094 447 1172 474 τοῦτό
1186 456 1240 474 τισι
1261 447 1314 474 τῶν
1337 447 1470 482 Ἐλλήνων
1487 446 1561 482 δοκῇ·
1581 445 1595 472 ὂ
1609 446 1662 482 γὰρ
1676 446 1744 477 ὅλως
1759 446 1812 472 ὑπὸ

1026 494 1093 520 Θεοῦ
1109 493 1258 529 παρῆκται,
1275 493 1326 519 κᾶν
1345 493 1472 528 ἀμυδρῶς
1487 493 1532 519 καὶ
1549 492 1679 528 ἐσχάτως,
1698 492 1812 528 μετέσχε

1026 540 1048 566 δ’
1062 537 1109 567 οὖν
1123 540 1196 575 ὅμως
1213 539 1259 566 τοῦ
1277 539 1390 573 ἀγαθοῦ.
1407 538 1491 565 Τοῦτο
1513 539 1540 565 δὲ
1560 538 1661 574 προῖὼν
1678 539 1707 565 εν
1718 538 1757 573 τῷ
1770 538 1812 564 δεη-

1027 585 1101 620 κάτῳ
1126 584 1264 620 κεφαλαίῳ
1293 584 1386 611 τούτου
1414 583 1461 610 τοῦ
1487 584 1677 619 προϐλήματος
1703 583 1812 615 τελείως

1027 630 1226 657 ἀποδείκνυσιν·
1243 631 1267 656 ει
1283 630 1337 665 γὰρ
1353 630 1447 665 μικτὸν
1464 629 1506 664 εἴη
1518 630 1556 665 τῷ
1568 629 1663 664 ἀγαθῷ
1672 629 1702 655 τὸ
1716 630 1811 662 κακὸν,

1026 677 1159 709 τουτέστι,
1177 675 1215 711 πῆ
1232 677 1281 712 μὲν
1300 676 1336 711 μὴ
1353 675 1381 702 ὃν
1395 675 1439 702 διὰ
1453 676 1502 710 τῆς
1515 677 1556 702 ἐπ’
1571 675 1658 710 ὀλίγον
1671 675 1814 710 ἐλλείψεως

1026 721 1073 748 τοῦ
1096 721 1210 756 ἀγαθοῦ,
1232 722 1270 758 πῆ
1295 722 1322 748 δὲ
1347 722 1383 758 μὴ
1412 721 1441 748 ὃν
1469 721 1512 748 διὰ
1538 722 1568 748 τὸ
1594 719 1663 748 εἶναι
1678 721 1745 753 ὅλως
1767 721 1814 748 τὸν

1027 768 1174 801 ποιοῦντα,
1199 768 1228 794 οὐ
1254 768 1338 794 κακὸν
1361 768 1448 794 τοῦτο·
1474 768 1505 794 οὐ
1530 767 1585 803 γὰρ
1600 769 1628 794 ἐν
1642 769 1675 803 τῇ
1690 767 1815 794 ὁπωσοῦν

1028 813 1155 848 ἐλλείψει,
1170 813 1226 840 ἀλλ’
1245 814 1272 840 ἐν
1289 815 1322 849 τῇ
1337 813 1463 840 παντελεῖ
1477 813 1591 848 ἐλλείψει
1606 813 1653 839 τοῦ
1668 812 1769 847 ἀγαθοῦ
1783 813 1815 839 τδ

1029 861 1123 887 κακόν.
1136 862 1173 887 Τὸ
1187 860 1252 894 γοῦν
1265 861 1385 887 ἐλλεῖπον
1397 860 1486 894 ὀλίγον
1499 860 1545 886 τοῦ
1559 859 1662 894 ἀγαθοῦ
1673 860 1703 886 οὺ
1718 859 1813 886 κακόνο

1028 906 1139 933 δύναται
1164 907 1218 942 γὰρ
1240 907 1286 934 καὶ
1303 907 1405 933 τέλειον
1424 904 1493 933 εἶναι
1513 906 1551 938 ὡς
1568 906 1637 942 πρὸς
1653 907 1702 942 τὴν
1718 905 1816 933 ἑαυτοῦ

1030 952 1119 986 φύσιν·
1138 952 1195 979 ἐστι
1212 952 1263 988 μὲν
1277 952 1331 988 γάρ
1351 961 1376 978 τι
1399 952 1436 983 ὡς
1458 951 1525 988 πρὸς
1543 952 1591 987 μὲν
1606 953 1636 978 τὸ
1652 952 1752 986 ἀγαθὸν
1771 952 1816 979 ἐλ-

1028 998 1115 1030 λιπὲς,
1133 998 1170 1030 ὡς
1185 998 1213 1024 δὲ
1227 997 1295 1033 πρὸς
1318 997 1367 1032 τὴν
1388 997 1485 1024 ἑαυτοῦ
1513 997 1594 1031 φύσιν
1622 997 1737 1028 τέλειον,
1753 995 1767 1021 ὃ
1783 995 1817 1032 δὴ

1029 1045 1130 1079 ἀγαθὸν
1147 1045 1194 1079 μὲν
1208 1044 1276 1075 ἐστι,
1292 1045 1376 1071 κακὸν
1392 1045 1420 1070 δὲ
1434 1043 1566 1079 οὐδαμῶς·
1585 1043 1673 1070 καίτοι
1689 1051 1718 1069 τε
1731 1042 1817 1070 ἐλλεί-

1029 1090 1102 1126 ψεως
1119 1091 1229 1126 μετέχον
1245 1091 1282 1122 ὡς
1294 1091 1362 1126 πρὸς
1377 1091 1407 1116 τὸ
1421 1090 1528 1126 πρῶτον
1551 1089 1662 1124 ἀγαθόν.
1682 1088 1717 1115 Τδ
1735 1088 1762 1115 δὲ
1778 1088 1817 1124 μὴ

1031 1136 1169 1167 παντελῶς
1182 1137 1295 1171 ἄμοιρον
1315 1136 1362 1162 τοῦ
1384 1135 1497 1170 ἀγαθοῦ,
1518 1135 1586 1161 ἀλλὰ
1599 1135 1668 1161 κατὰ
1688 1134 1718 1160 τὸ
1737 1133 1817 1160 πλέον

1031 1182 1138 1217 ἐγγίζον
1154 1182 1194 1217 τῷ
1209 1182 1286 1217 κακῷ
1297 1182 1332 1214 ’³,
1348 1183 1377 1208 οὑ
1401 1182 1488 1218 πάντη
1502 1182 1596 1209 κακῶν
1615 1182 1708 1217 ὥσπερ
1725 1181 1772 1208 καὶ
1787 1180 1819 1208 τδ

1031 1227 1140 1254 ἔλαττον
1157 1227 1265 1262 ἐγγίζον
1282 1227 1321 1263 τῷ
1338 1227 1446 1262 ἀγαθῷ,
1462 1227 1517 1262 ἔχει
1538 1236 1564 1254 τι
1579 1227 1626 1254 τοῦ
1642 1227 1754 1261 ἀγαθοῦ,
1769 1227 1818 1254 καὶ

1031 1273 1167 1300 οὐσιοῦται
1178 1273 1207 1306 ἐξ
1232 1274 1324 1307 αὐτοῦ,
1339 1274 1387 1300 καὶ
1402 1273 1450 1308 τὴν
1468 1273 1490 1289 ³⁸
1507 1273 1604 1300 ἑαυτοῦ
1625 1273 1750 1309 στέρησιν
1770 1273 1819 1299 οὺ-

1033 1323 1085 1347 σιοῖ
1099 1322 1127 1348 ὲν
1143 1320 1182 1356 τῷ
1202 1320 1271 1352 ὅλως
1291 1319 1425 1356 μάχεσθαι
1444 1319 1467 1335 ⁸⁸
1482 1321 1514 1345 ὲκ
1527 1319 1573 1345 τοῦ
1595 1319 1707 1353 ἀγαθοῦ⁸
1727 1319 1750 1345 εἰ
1763 1318 1820 1354 γὰρ

1032 1367 1159 1403 ἀκράτως
1173 1367 1219 1394 καὶ
1235 1367 1373 1399 παντελῶς
1387 1367 1503 1394 ἀπουσία
1517 1366 1560 1401 είὴ
1580 1366 1626 1392 τοῦ
1642 1365 1755 1400 ἀγαθοῦ,
1771 1365 1820 1401 δῆ-

1031 1413 1075 1440 λον
1090 1413 1127 1445 ὡς
1142 1413 1203 1440 οὔτε
1222 1413 1283 1440 καθ’
1303 1413 1363 1440 ὅλου
1384 1413 1495 1447 ἀγαθὸν,
1512 1412 1574 1438 οὔτε
1598 1412 1691 1447 μικτὸν
1706 1411 1818 1445 ἀγαθὸν,

1032 1458 1094 1484 οὔτε
1109 1459 1271 1485 αὑτόκακον·
1289 1458 1353 1484 ἔνθα
1375 1458 1429 1493 γὰρ
1451 1458 1500 1483 οὐκ
1517 1457 1574 1483 ἐστι
1589 1457 1619 1483 τὸ
1639 1456 1749 1490 ἀγαθὸν,
1765 1455 1820 1482 οὐδ’

1033 1502 1091 1528 ὲστί
1105 1511 1131 1528 τι
1147 1503 1175 1528 ὲν
1193 1504 1226 1537 τῇ
1247 1502 1336 1536 φύσει.
1358 1502 1420 1533 Πῶς
1441 1499 1486 1528 οὖν
1501 1501 1524 1517 ³⁸
1537 1501 1611 1527 ἔσται
1632 1501 1663 1527 τὸ
1683 1501 1766 1527 κακὸν
1781 1500 1820 1536 μὴ

194 1555 332 1589 quonme
347 1555 429 1589 igitur
449 1555 501 1581 erit
527 1554 627 1581 malum
645 1562 660 1580 a
678 1553 754 1580 nullo
767 1552 887 1580 essentia
904 1550 980 1585 151

1035 1548 1086 1574 ὑπό
1100 1557 1172 1579 τινος
1184 1548 1356 1583 οὑσιούμενον
1368 1556 1375 1580 ;
1390 1547 1466 1575 ἄνελε
1483 1547 1537 1583 γὰρ
1555 1547 1588 1574 τὰ
1601 1547 1713 1582 σώματα
1727 1547 1774 1573 καὶ
1789 1547 1820 1573 τὸ

195 1599 343 1632 donatum;
360 1600 437 1627 aufer
453 1600 524 1627 enim
549 1607 663 1634 corpora
691 1603 717 1626 et
740 1598 843 1629 lumen,
858 1605 908 1624 nec
924 1601 980 1623 tum

195 1646 247 1674 erit
274 1646 380 1674 umbra.
405 1646 498 1681 Itaque
515 1646 587 1680 quod
612 1644 774 1680 simpliciter
798 1644 911 1675 malum,
929 1650 982 1669 non

196 1693 304 1720 exsistit
318 1700 366 1727 per
388 1701 427 1725 se,
445 1693 491 1720 sed
510 1693 583 1720 velut
605 1693 632 1718 in
653 1692 792 1726 subjecto;
809 1691 911 1717 bonum
935 1697 984 1716 au-

197 1743 262 1770 tem,
285 1739 367 1766 etiam
392 1740 451 1766 sine
472 1739 596 1774 subjecto
618 1742 744 1765 naturam
771 1737 851 1763 habet
871 1739 897 1763 et
918 1743 984 1762 con-

197 1789 332 1816 servatur,
360 1792 392 1812 ac
419 1785 485 1811 illud
513 1793 560 1819 per
583 1792 612 1812 se
634 1785 754 1815 bonum;
771 1783 871 1809 malum
893 1785 983 1809 autem

197 1831 256 1858 sine
273 1831 395 1864 subjecto
406 1830 479 1865 quod
490 1838 503 1856 a
514 1831 585 1857 bono
598 1833 792 1861 conservatur;
808 1828 899 1855 omnia
912 1827 984 1854 enim

197 1881 275 1904 extra
292 1877 381 1911 ipsum
408 1884 497 1911 neque
518 1879 593 1908 sunt,
619 1883 707 1910 neque
732 1878 873 1909 apparent,
899 1880 985 1907 neque

198 1927 430 1957 corrumpuntur;
449 1931 511 1949 nam
525 1922 570 1958 qui
586 1922 648 1954 fiat,
664 1922 740 1948 nullo
754 1921 903 1948 exsistente
919 1920 985 1946 sub-

196 1969 290 2004 jecto?
304 1970 352 1997 sed
374 1978 488 2004 prorsus
504 1968 665 1996 exsistentia
688 1971 776 1999 caret,
794 1974 845 1994 nec
868 1973 985 2000 usquam

198 2023 251 2046 est.

237 2064 270 2091 Et
286 2069 384 2091 statum
399 2062 455 2090 dat.
473 2062 501 2089 1d
514 2066 556 2089 est
570 2061 634 2088 facit
648 2064 678 2088 ut
693 2060 795 2087 malum
811 2059 847 2086 sit
861 2058 988 2086 substan-

199 2111 246 2138 tia.
265 2110 292 2136 Si
312 2110 383 2137 enim
397 2109 497 2136 malum
514 2108 549 2136 sit
564 2108 680 2143 privatio
696 2106 770 2138 boni,
782 2106 882 2132 bonum
897 2108 987 2131 autem

200 2158 242 2184 sui
257 2157 439 2191 privationem
453 2156 545 2188 faciat,
559 2162 624 2182 sane
640 2154 772 2181 exsistere
788 2151 853 2179 facit
874 2151 987 2182 malum,

200 2203 273 2238 quod
289 2207 330 2230 est
344 2203 409 2229 boni
422 2202 550 2236 privatio.

238 2248 352 2276 Omnino
381 2257 426 2283 per
457 2249 500 2275 sui
524 2247 797 2274 communicationem.
825 2243 989 2272 Particulari

201 2295 264 2322 boni
281 2295 508 2329 participatione,
524 2294 605 2321 etiam
631 2293 811 2328 privationem
835 2291 895 2326 ejus
917 2290 990 2317 exsi-

202 2346 284 2370 stere.

239 2387 351 2420 Quando
363 2386 423 2414 aliis
436 2386 540 2422 quidem
558 2385 657 2413 malum
678 2390 727 2412 est.
744 2384 791 2411 the
806 2383 911 2418 species
926 2386 990 2410 sunt

203 2434 279 2467 mali,
298 2433 369 2460 sicut
379 2437 457 2460 antea
471 2433 606 2466 diximus;
620 2440 674 2458 non
689 2431 762 2458 enim
784 2430 931 2458 essentiale
943 2438 991 2465 per

204 2488 233 2507 se
248 2479 361 2510 malum,
375 2478 446 2514 quod
463 2486 519 2505 non
535 2482 592 2510 est;
606 2484 669 2504 nam
683 2476 785 2511 aliquid
802 2476 902 2503 malum
918 2483 990 2507 esse,

204 2527 278 2562 quod
294 2526 426 2560 voluptati
439 2525 511 2560 turpi
527 2529 657 2559 tanquam
669 2523 742 2550 bono
762 2522 844 2549 alicui
860 2521 990 2553 adhzeret,

206 2581 260 2601 non
276 2577 318 2600 est
333 2580 381 2607 per
393 2580 421 2599 se
434 2572 546 2603 malum,
561 2570 609 2598 sed
623 2570 728 2605 species
740 2569 802 2596 mali
814 2578 822 2602 ;
835 2569 906 2604 quod
921 2569 993 2596 enim

207 2619 320 2646 omnino
336 2618 449 2649 malum,
464 2617 531 2645 illud
556 2625 612 2645 non
631 2618 756 2649 exsistit,
771 2616 902 2651 quoniam
920 2616 995 2643 exsi-

207 2667 314 2699 steudo,
330 2666 524 2702 participaret.
541 2665 592 2692 etsi
616 2664 644 2690 in
665 2667 788 2690 extremo
807 2663 932 2697 vestigio,
945 2662 994 2689 bo—

210 2721 292 2747 num;
316 2713 378 2740 vide
403 2712 475 2739 enim
499 2710 564 2746 quid
591 2709 707 2737 ulterius
728 2715 890 2744 progressus
909 2708 991 2735 dicat.

210 2759 275 2786 Nam
299 2759 323 2787 si
349 2757 440 2786 omnia
465 2757 536 2785 bono
558 2755 734 2791 participant,
758 2762 791 2781 ac
814 2754 842 2781 in
867 2753 995 2781 omnibus

1034 1595 1101 1630 φῶς,
1125 1595 1171 1622 καὶ
1192 1595 1243 1621 οὐχ
1264 1595 1340 1621 ἔσται
1364 1594 1437 1620 σκιά.
1453 1593 1558 1620 Οὐκοῦν
1574 1594 1623 1620 οὺχ
1645 1593 1674 1620 ὃν
1691 1594 1721 1619 τὸ
1737 1593 1821 1619 κακὸν

1034 1641 1136 1672 ἁπλῶς,
1163 1640 1220 1667 ἀλλ’
1237 1641 1274 1672 ὡς
1298 1641 1326 1667 ἐν
1351 1641 1532 1676 ὑποκειμένῳ·
1557 1640 1587 1666 τὸ
1609 1639 1637 1666 δὲ
1659 1639 1759 1672 ἀγαθὸν
1775 1638 1822 1665 καὶ

1033 1687 1094 1721 δίχα
1108 1686 1154 1712 τοῦ
1178 1686 1356 1721 ὑποκειμένου
1379 1686 1426 1712 καὶ
1453 1685 1532 1720 φύσιν
1553 1685 1609 1720 ἔχει
1629 1685 1677 1711 καὶ
1694 1684 1822 1716 σώζεται,

1034 1733 1081 1759 καὶ
1096 1733 1162 1759 αὐτὸ
1184 1731 1245 1759 καθ’
1263 1733 1343 1759 ἑαυτὸ
1364 1732 1474 1766 ἀγαθόνι
1491 1732 1521 1758 τὺ
1542 1732 1570 1758 δὲ
1595 1731 1679 1758 κακὸν
1700 1731 1759 1765 δίχα
1774 1729 1823 1757 τοῦ

1036 1779 1214 1814 ὑποκειμένου
1239 1779 1285 1805 τοῦ
1314 1779 1366 1805 ὑπὸ
1389 1778 1437 1805 τοῦ
1471 1778 1574 1813 ἀγαθοῦ
1608 1777 1821 1812 φυλαττομένου·

1036 1825 1124 1851 πάντα
1138 1825 1191 1861 γὰρ
1208 1825 1237 1858 ἐξ
1256 1825 1337 1851 αὑτοῦ
1356 1824 1417 1851 οὔτε
1439 1825 1523 1856 ἐστὶν,
1535 1823 1596 1850 οὔτε
1609 1824 1743 1859 φαίνεται,
1760 1823 1824 1849 οὔτε

1037 1871 1185 1906 φθείρεται·
1205 1870 1261 1902 πῶς
1288 1871 1350 1906 γὰρ,
1377 1871 1413 1906 μὴ
1435 1871 1510 1901 δντος
1532 1870 1711 1906 ὑποκειμένου
1734 1870 1823 1901 τινὸς;

1036 1917 1104 1943 ἀλλὰ
1138 1916 1277 1948 παντελῶς
1307 1917 1497 1952 ἀνύπαρκτον,
1531 1917 1578 1943 καὶ
1609 1916 1714 1951 οὐδαμῆ
1745 1916 1826 1942 οὐδα-

1039 1962 1096 1998 μῶς
1115 1962 1154 1990 ὃν.

1072 2055 1128 2082 Kal
1143 2055 1250 2082 οὺσιοῖ.
1271 2055 1413 2082 Τουτέστιν
1427 2055 1513 2082 οὑσιοῖ
1531 2055 1561 2081 τὸ
1577 2055 1671 2081 κακόν⁵
1687 2055 1711 2081 εί
1727 2054 1781 2090 γὰρ
1795 2054 1828 2082 τὺ

1039 2102 1123 2129 κακὸν
1147 2103 1273 2138 στέρησίς
1293 2103 1351 2128 ἐστι
1368 2102 1415 2128 τοῦ
1439 2101 1540 2136 ἀγαθοῦ
1552 2121 1559 2133 ,
1575 2102 1606 2128 τὸ
1619 2101 1648 2127 δὲ
1667 2101 1768 2135 ἀγαθὸν
1782 2101 1828 2127 οὑ-

1040 2150 1091 2174 σιοῐ
1106 2148 1155 2185 τὴν
1172 2149 1267 2176 ἑαυτοῦ
1285 2149 1421 2184 στέρησιν,
1438 2149 1523 2175 οὐσιοί
1537 2148 1590 2183 ἄρα
1601 2148 1631 2174 τὸ
1647 2147 1742 2180 κακὸν,
1758 2147 1831 2183 ὅπερ

1041 2195 1166 2230 στέρησίς
1175 2195 1232 2221 ἐστι
1248 2195 1295 2222 τοῦ
1313 2195 1425 2230 ἀγαθοῦ.

1079 2241 1118 2275 Τῇ
1132 2241 1209 2274 ὅλως
1222 2242 1315 2269 αὐτοῦ
1327 2242 1454 2276 μεθέξει,
1470 2242 1528 2268 Ὅτι
1542 2243 1575 2277 τῇ
1593 2243 1690 2277 μερικῇ
1705 2240 1751 2267 τοῦ
1765 2241 1832 2274 ἀγα-

1041 2286 1087 2314 θοῦ
1105 2287 1224 2323 μεθέξει,
1239 2289 1286 2314 καὶ
1301 2289 1317 2323 ἡ
1338 2288 1464 2324 στέρησις
1478 2287 1560 2314 αὐτοῦ
1575 2287 1713 2314 οὺσίωται.

1082 2377 1182 2405 Ἠνίκα
1195 2377 1258 2409 τοῖς
1266 2376 1325 2411 μὲν
1334 2376 1399 2403 ἔστι
1416 2376 1520 2403 κακόν.
1537 2374 1629 2401 Ταῦτα
1643 2374 1700 2409 εἴδη
1714 2373 1766 2400 εἰσὶ
1782 2373 1832 2400 τοῦ

1042 2423 1138 2456 κακοῦ,
1155 2423 1192 2454 ὡς
1207 2423 1382 2458 προείπομεν·
1401 2422 1430 2448 οὑ
1451 2421 1506 2457 γὰρ
1526 2421 1557 2447 τὺ
1570 2420 1698 2452 οὐσιῶδες
1714 2419 1833 2446 αὐτοκα-

1045 2477 1101 2501 κον,
1118 2468 1132 2494 ὃ
1147 2468 1214 2504 μηδέ
1231 2470 1300 2494 ἐστι.
1310 2467 1347 2494 Τὸ
1356 2467 1414 2503 ιγὰρ
1428 2467 1487 2494 τόδε
1504 2465 1572 2494 εἶναι
1585 2467 1679 2498 κακὸν,
1694 2467 1790 2502 ἡδονῆς
1803 2466 1835 2492 δὲ

1046 2516 1161 2551 αἰσχρᾶς
1176 2514 1213 2546 ὡς
1227 2514 1329 2549 ἀγαθοῦ
1344 2523 1416 2545 τινος
1426 2513 1594 2549 ἀντέχεσθαι,
1606 2513 1657 2539 οὐκ
1672 2512 1834 2545 αὺτόκακον,

1044 2561 1101 2588 ἀλλ’
1126 2559 1195 2592 εῖδος
1220 2560 1316 2587 κακοῦ·
1339 2560 1369 2586 τὸ
1389 2560 1443 2596 γὰρ
1469 2561 1556 2595 πάντη
1583 2560 1668 2586 κακὸν
1686 2559 1752 2586 αὐτὸ
1771 2558 1835 2585 οὒτε

1045 2610 1130 2642 ἐστὶν,
1148 2609 1240 2644 ἐπειδὴ
1266 2609 1388 2644 μετέχει,
1407 2607 1458 2634 κᾶν
1479 2608 1540 2633 κατ’
1557 2606 1670 2642 ἔσχατον
1687 2607 1834 2642 ἀπήχημα,

1045 2655 1093 2682 τοῦ
1119 2655 1231 2690 ἀγαθοῦ’
1252 2655 1303 2690 ὅρα
1322 2654 1385 2689 γὰρ,
1401 2653 1426 2679 τί
1447 2661 1512 2688 φησι
1533 2652 1718 2688 παρακατιὼνε
1735 2654 1758 2679 εἰ
1778 2653 1836 2689 γὰρ

1046 2703 1135 2730 πάντα
1158 2702 1267 2738 μετέχει
1288 2701 1335 2727 τοῦ
1355 2700 1469 2734 ἀγαθοῦ,
1490 2701 1537 2727 καὶ
1553 2701 1581 2726 ὲν
1598 2701 1665 2727 πᾶσι
1686 2701 1742 2731 τοῖς
1757 2697 1838 2727 οὗσίν

1047 2751 1105 2775 ἐστι
1119 2749 1150 2775 τὸ
1162 2748 1275 2783 ἀγαθὸν,
1291 2748 1321 2774 τὸ
1338 2747 1432 2778 κακὸν,
1453 2746 1601 2783 προδήλως,
1621 2747 1638 2783 ῆ
1651 2747 1700 2774 οὐκ
1714 2747 1799 2780 ἐστιν,
1817 2747 1836 2784 ἢ

671 2841 786 2869 VARI/l3}
808 2839 998 2869 LECTIONES
1015 2839 1057 2867 ET
1077 2836 1352 2867 CORRECTIONES.

259 2906 280 2921 ⁸³
296 2905 411 2939 λέγεται.
462 2906 484 2921 ³³
500 2904 581 2940 καλῷ.
632 2904 652 2920 ’⁵
669 2904 746 2930 uti.
781 2903 802 2918 ⁸³
819 2901 988 2937 μετέχεςοαι.

1039 2899 1062 2915 ’θ
1074 2898 1123 2925 ποῦ
1139 2896 1194 2925 οὖν.
