1923 3064
150 185 204 214 285

538 185 566 213 S.
584 183 709 213 MAXIM]
728 185 875 214 SCHOLIA
890 185 924 213 IN
944 185 1007 214 LIB.
1024 185 1069 213 DE
1085 185 1212 213 DIVlNlS
1223 184 1423 213 NOMINIBUS.

1724 182 1778 210 286

150 246 179 272 tv
193 244 232 281 τῷ
245 244 340 280 ἀγαθῷ
354 246 437 272 ἐστιν’
448 245 507 272 οὐδὲ
520 245 574 281 γὰρ
590 244 670 280 φύσις
687 244 772 280 πυρὸς
785 244 815 270 τδ
829 244 933 280 ψύχειν·

993 253 1047 280 qua:
1062 245 1199 273 exsistunt
1213 245 1314 272 bonum
1333 244 1380 276 sit,
1397 242 1575 271 manifestum
1586 247 1639 274 est,
1655 244 1702 268 aut
1717 249 1778 268 ma-

148 292 174 318 εἰ
189 291 218 317 δὲ
231 291 340 327 ἄρξεται
356 291 461 327 ψύχειν,
476 291 526 318 οὐκ
545 291 621 318 ἔσται
642 290 707 327 πῦρ.
724 289 827 317 Οὐκοῦν
843 290 889 316 καὶ
903 290 934 316 τὸ

148 337 244 368 κακὸν,
267 337 315 364 ἐὰν
337 337 386 372 μὲν
410 337 517 369 ὕπεστι,
534 337 642 374 μετέχει
665 336 792 372 ἀμυδρῶς
805 335 852 362 τοῦ
866 335 934 369 ἀγα-

148 383 206 409 θοῦ·
222 383 311 409 πάντα
325 383 379 419 γὰρ
391 383 425 409 τὰ
435 383 499 410 ὂντα
510 383 538 409 ἐν
551 382 589 418 τῷ
599 382 693 418 ἀγαθῷ
708 384 760 409 εἰσι
773 383 820 409 καὶ
839 382 935 417 μένου-

149 438 202 457 σιν·
220 431 245 456 εἰ
258 430 286 457 δὲ
300 430 375 457 οὐδὲν
392 430 446 465 ἔχει
462 430 575 464 ἀγαθοῦ,
590 429 651 456 οὗτε
665 429 785 456 ὕπεστιν·
803 430 869 456 αὐτὸ
881 429 936 465 γὰρ

147 477 180 504 τὸ
194 477 279 504 θέλειν
294 478 400 504 ὑπεῖναι
411 477 516 513 ἀγαθῆς
531 477 589 504 ἐστι
606 476 794 512 μεταλήψεως,
815 476 853 508 ὡς
865 476 935 503 ἀνω-

148 523 221 559 τέρω
234 523 362 555 πολλάκις
376 523 491 559 εἴρηται.

187 657 202 693 §
223 657 294 685 XXI.
313 658 438 684 Ἄτοπον
459 657 508 684 καὶ
533 656 693 685 ἀδύνατον.
708 657 878 692 Σημεὶωσαι,
896 657 937 682 ὅτι

148 704 198 731 καὶ
216 703 323 730 ὲπὶ.τοῦ
342 702 409 730 Θεοῦ
434 703 524 735 καλῶς
540 703 646 736 λέγεται
666 703 694 729 έν
709 711 764 729 τισι
783 703 814 729 τὸ
830 703 865 729 οὐ
887 701 939 729 δύ-

148 757 248 781 ναται,
263 749 301 781 ὡς
319 749 367 775 καὶ
384 750 397 775 ὁ
419 748 577 780 Ἀπόστολός
592 757 682 784 φησιν·
693 750 729 775 Εὶ
742 748 937 783 ἀπιστοῦμεν,

149 795 266 828 ἐκεῖνος
279 795 387 827 πιστὸς
397 795 492 830 μένει,
509 795 559 822 καὶ
571 794 761 829 ἀρνήσασθαι
775 795 883 821 ἑαυτὸν
902 795 938 821 οὐ

149 839 272 867 δύναται
277 859 283 866 .

185 885 273 913 Πᾶσα
288 886 344 920 γὰρ
358 886 443 920 δυάς.
462 887 522 914 Ὅτι
545 888 619 914 πᾶσα
640 887 707 918 δυὰς
721 886 770 912 οὐκ
791 885 872 921 ἀρχή·
892 894 939 921 μο-

985 291 1042 318 lum
1059 299 1114 318 non
1129 298 1190 318 esse
1205 295 1252 318 aut
1266 291 1294 318 in
1310 291 1383 318 bono
1397 298 1472 323 esse;
1488 297 1576 325 neque
1588 289 1659 317 enim
1674 293 1779 316 natura:

985 336 1056 373 ignis
1069 337 1211 372 proprium
1226 336 1404 372 refrigerare;
1421 337 1488 371 quin
1504 336 1527 363 si
1540 335 1683 371 incmperit
1697 334 1779 362 relici-

984 389 1090 416 gerare,
1105 390 1161 409 non
1185 383 1237 409 erit
1261 382 1353 417 ignis:
1371 390 1435 417 ergo
1455 386 1482 410 et
1500 382 1614 414 malum,
1627 381 1650 409 si
1668 380 1778 416 quidem

986 428 1134 460 subsistat,
1152 428 1298 463 participat
1319 428 1436 456 obscure
1458 428 1574 461 bonum;
1598 428 1689 454 omnia
1705 427 1778 454 enim

986 474 1059 501 entia
1084 474 1112 501 in
1133 474 1205 501 bono
1229 478 1295 501 sunt
1317 478 1344 501 et
1361 478 1489 507 manent;
1506 474 1530 502 si
1545 482 1611 502 vero
1626 473 1694 501 nihil
1713 473 1778 500 boni

987 520 1084 552 habet,
1107 528 1195 555 neque
1219 521 1301 548 etiam
1316 521 1454 553 subsistit,
1477 521 1566 556 ipsum
1586 521 1659 549 enim
1684 520 1777 547 subsi-

986 566 1076 593 stendi
1105 565 1290 598 desiderium,
1321 566 1404 601 bona:
1427 570 1469 593 est
1500 565 1776 598 communicationis,

987 611 1058 639 sicut
1074 619 1146 646 stepe
1159 611 1287 646 superius
1303 612 1406 639 dictum
1421 617 1473 640 est.

1025 657 1038 692 §
1057 657 1128 685 XXI.
1144 657 1296 684 Absurdum
1313 667 1343 685 ac
1357 658 1525 692 impossibile.
1539 657 1620 690 Nota,
1638 659 1665 686 in
1678 659 1777 694 aliqui-

987 703 1038 731 bus
1058 708 1132 731 recte
1155 704 1237 731 etiam
1261 704 1295 732 de
1322 703 1376 732 Deo
1393 705 1464 736 dici,
1481 713 1531 731 non
1554 710 1648 739 potest,
1665 706 1737 732 sicut
1751 708 1778 731 et

987 750 1135 784 Apostolus
1152 750 1189 776 ait
1205 759 1211 776 :
1229 749 1258 777 Si
1273 759 1326 777 non
1351 750 1493 783 credimus,
1509 750 1554 777 ille
1570 751 1655 785 ﬁdelis
1679 755 1777 784 manet,

988 801 1013 823 et
1026 804 1120 832 negare
1131 796 1244 831 seipsum
1255 805 1306 824 non
1317 800 1401 831 potest
1419 797 1442 824 Ιί.

1026 884 1118 912 Omnis
1143 884 1211 911 enim
1236 883 1366 912 dualitaa.
1397 883 1503 911 Nullam
1528 884 1686 912 dualitatem
1717 893 1779 913 esse

150 931 200 962 νὰς
218 932 246 959 δὲ
267 931 356 967 πάσης
376 933 469 964 δυάδος
489 934 569 969 ἀρχή.
587 933 743 969 Σημείωσαι
763 931 833 958 κατὰ
852 932 938 958 Μανι-

993 931 1169 966 principium;
1193 931 1325 958 unitatem
1352 938 1416 958 vero
1441 938 1502 958 esse
1525 932 1615 959 omnis
1639 931 1780 960 dualitatis

151 978 247 1014 χαίων.

152 1016 155 1019 ’
186 1026 343 1060 [laws],th
360 1027 492 1054 ἐναντία.
511 1027 666 1063 Σημείωσαι
685 1026 780 1054 ταῦτα·
799 1027 869 1054 πάνυ
884 1027 938 1065 γὰρ

150 1071 222 1099 κατὰ
238 1072 395 1108 Μανιχαίων
409 1072 581 1106 ἀγωνίζεται,
596 1072 649 1098 τῶν
664 1072 747 1098 δυάδα
759 1071 844 1108 ἀρχὴν
859 1072 939 1098 ἐναν-

148 1117 216 1144 τίων
226 1117 443 1153 δογματιζόντων
459 1118 588 1153 ἀνοήτως
605 1119 621 1154 ἡ
640 1119 687 1153 μὲν
701 1118 755 1153 γὰρ
772 1117 938 1153 ἀριθμητικὴ

150 1163 181 1190 τὸ
206 1166 235 1191 ὲν
251 1164 376 1200 ἀριθμοῖς
400 1164 532 1200 διαίρεσιν
556 1164 617 1200 ἕχον
648 1164 766 1200 πλήθους
787 1164 828 1195 εἰς
852 1164 939 1199 πέρας

149 1210 255 1245 ἀνάγει,
271 1210 320 1246 τὴν
343 1210 391 1245 μὲν
411 1210 510 1246 μονάδα
527 1210 573 1237 τοῦ
599 1210 698 1242 παντὸς
720 1210 835 1246 ἀριθμοῦ
853 1209 938 1245 ἀρχὴν

150 1256 288 1292 τιθεμένη,
303 1256 352 1292 τὴν
369 1256 397 1283 δὲ
413 1256 496 1283 δυάδα
508 1255 564 1282 τῶν
581 1257 692 1292 ἀρτίων.
708 1256 741 1283 Ἦ
760 1256 848 1282 τοίνυν
867 1256 938 1291 ἀρχὴ

149 1301 182 1327 τὸ
203 1301 388 1328 ἁπλούστατον
413 1303 441 1329 ὲν
464 1302 572 1338 ἑκάστῳ
593 1303 665 1337 γένει
680 1301 763 1336 δηλοῖ.
785 1301 847 1333 Πῶς
861 1299 936 1337 οὖνὴ

149 1347 216 1379 δυὰς
232 1348 303 1384 ἁρχὴ
321 1348 429 1375 πάντων
452 1347 543 1381 ἐσται;
558 1348 588 1374 ού
611 1348 665 1384 γάρ
687 1348 760 1374 ἐστιν
780 1347 853 1383 ἁπλῆ
867 1347 938 1384 ἀρχὴ

149 1395 168 1429 ἡ
183 1394 258 1426 δυὰς,
276 1394 343 1421 ἀλλὰ
358 1394 492 1427 σύνθετος.
506 1394 609 1421 Οὐκοῦν
619 1395 667 1429 οὐχ
683 1393 784 1420 ἁπλοῦν
797 1394 813 1429 ἡ
829 1395 861 1420 ὲκ
875 1402 935 1420 συν-

151 1439 254 1471 θέσεως
274 1440 355 1476 ἀρχή·
370 1441 417 1467 καὶ
433 1441 492 1472 πῶς
514 1440 547 1467 ἂν
570 1439 682 1475 κληθείη
706 1440 792 1475 ἁρχή;
817 1438 869 1474 πρὸ
885 1438 940 1474 γὰρ

150 1486 202 1522 τῆς
221 1487 348 1514 συνθέτου
368 1487 470 1523 ταύτης
488 1487 576 1522 ἀρχῆς
598 1486 674 1513 ἔσται
697 1487 714 1521 ἡ
739 1485 841 1520 κυρίως
857 1484 938 1521 ἁρχὴ,

150 1531 182 1558 τὸ
200 1531 247 1564 ἓν,
267 1533 314 1567 ἀφ’
331 1530 362 1559 οὒ
383 1533 502 1568 μονάδων
522 1531 712 1563 συντεθεισῶν,
729 1531 793 1562 δυὰς
813 1530 940 1557 ἀπετελέ-

988 977 1163 1013 principium.
1177 976 1247 1004 Nota
1263 977 1395 1005 adversus
1411 977 1584 1005 Manichzeos.

1024 1024 1139 1051 Prorsus
1165 1024 1309 1050 contraria.
1339 1023 1402 1051 Haec
1429 1023 1549 1055 adverte,
1574 1031 1688 1059 prorsus
1705 1024 1778 1051 enim

988 1071 1121 1099 adversus
1143 1070 1306 1098 Manichmos
1330 1070 1468 1102 decertat,
1485 1070 1531 1104 qui
1555 1069 1716 1105 insipienter
1730 1070 1780 1097 do-

988 1117 1075 1145 cendo
1089 1117 1239 1144 decernunt
1252 1117 1305 1144 duo
1317 1124 1376 1144 esse
1395 1116 1527 1151 principia
1543 1116 1697 1148 contraria;
1716 1123 1780 1143 nam

989 1170 1034 1190 ars
1059 1163 1222 1190 numerandi
1245 1162 1312 1189 illud
1336 1162 1409 1198 quod
1423 1162 1449 1189 in
1473 1162 1595 1189 numeris
1614 1162 1779 1189 divisionem

988 1208 1172 1236 multitudinis
1189 1209 1280 1240 habet,
1294 1209 1327 1236 ad
1348 1208 1428 1236 ﬁnem
1449 1208 1547 1240 refert,
1567 1209 1700 1236 unitatem
1718 1209 1781 1243 qui--

989 1254 1051 1282 dem
1076 1254 1240 1290 principium
1265 1255 1355 1282 omnis
1379 1255 1486 1282 numeri
1514 1255 1598 1289 ponit,
1620 1255 1780 1282 dualitatem

988 1309 1053 1329 vero
1068 1308 1244 1329 numerorum
1263 1301 1342 1336 152
1356 1302 1474 1337 parium.
1498 1301 1591 1337 Itaque
1614 1301 1778 1337 principium

989 1347 1018 1374 in
1039 1355 1204 1382 unoquoque
1225 1355 1324 1383 genere
1348 1348 1375 1374 id
1395 1347 1467 1383 quod
1490 1348 1723 1382 simplicissimum
1737 1350 1780 1374 est

990 1393 1121 1421 declarat.
1138 1393 1281 1426 Quomodo
1298 1393 1382 1429 igitur
1403 1393 1521 1422 dualitas
1539 1394 1661 1421 omnium
1677 1393 1781 1428 princi—

990 1439 1064 1474 pium
1087 1439 1156 1467 erit?
1170 1439 1288 1468 dualitas
1305 1440 1378 1467 enim
1402 1447 1458 1467 non
1483 1444 1525 1467 est
1548 1440 1662 1475 simplex
1679 1439 1780 1474 princi-

989 1485 1076 1520 pium,
1094 1486 1141 1513 sed
1157 1486 1337 1520 compositum
1353 1493 1359 1511 :
1374 1487 1448 1520 atqui
1462 1493 1517 1512 non
1532 1489 1572 1512 est
1589 1485 1654 1520 quid
1665 1485 1780 1519 simplex

991 1531 1155 1566 principium
1172 1532 1244 1567 quod
1257 1532 1454 1566 compositione
1467 1535 1584 1565 constat,
1601 1536 1627 1558 ct
1644 1529 1781 1565 quomodo

152 1576 214 1612 σθη.
229 1578 313 1614 Δῆλον
324 1576 370 1605 οὖν
390 1579 590 1614 ἁπανταχόθεν,
607 1578 645 1610 ὡς
661 1577 811 1605 ἀσύστατον
825 1576 878 1603 τῶν
895 1575 938 1603 δύο

993 1581 1136 1605 vacaretur
1151 1578 1335 1613 principium?
1350 1586 1412 1604 nam
1438 1582 1501 1605 ante
1526 1577 1707 1612 compositum
1729 1575 1781 1602 hoc

151 1622 243 1658 ἀρχῶν
259 1624 288 1650 τὺ
302 1625 400 1660 δόγμα.

950 1615 973 1646 C
988 1623 1163 1658 principium,
1180 1624 1245 1650 illud
1258 1624 1330 1658 quod
1346 1624 1454 1658 proprie
1473 1626 1514 1650 est
1526 1623 1703 1658 principium,
1715 1621 1778 1652 erit,

151 1677 250 1705 ucinpe
267 1679 360 1702 unum,
371 1670 479 1702 deinde,
498 1669 646 1699 unitatibus
661 1669 830 1703 compositis,
846 1669 962 1697 dualitas
977 1671 1126 1705 perﬁcitur.
1150 1669 1244 1705 Itaque
1259 1671 1371 1697 omnino
1395 1670 1569 1697 manifestum
1582 1673 1625 1697 est
1641 1677 1697 1697 non
1714 1676 1781 1696 con-

152 1719 249 1747 sistere
264 1718 362 1753 dogma
377 1717 411 1745 de
426 1718 534 1745 duobus
547 1717 699 1753 principiis.

187 1763 242 1791 Καὶ
253 1764 317 1799 μὴν
331 1764 399 1791 οὔτε
418 1764 482 1791 δύο.
496 1765 555 1792 Ὅτι
577 1765 606 1791 ού
621 1764 732 1792 δυνατὸν
750 1765 796 1792 δύο
814 1767 937 1798 ἐναντίας

151 1810 239 1846 ἀρχὰς
255 1810 382 1836 ἐναντίων
394 1807 473 1837 εἶναι.

189 1855 258 1882 Οὐδ’
268 1855 355 1888 ἐκτὸς
369 1855 556 1891 δυσχερείας.
573 1857 628 1884 Οὐκ
641 1857 771 1893 ἀὸλαϐής.

187 1901 235 1927 Διὸ
261 1900 310 1928 καὶ
335 1902 410 1936 φίλα
434 1902 470 1931 τὰ
494 1901 598 1937 ἀγαθά.
629 1903 735 1939 Ἐπειδὴ
761 1903 809 1930 τοῦ
835 1903 938 1938 ἀγαθοῦ

152 1946 242 1973 πάντα
268 1947 387 1983 μετέχει,
406 1948 452 1974 καὶ
475 1947 549 1983 αὐτῷ
566 1948 604 1983 τῷ
627 1946 696 1975 εἶναι
720 1950 759 1980 εἰς
781 1949 811 1975 τὸ
838 1949 938 1984 ἀγαθὸν

153 1992 310 2026 ἀνάγονται,
326 1992 357 2019 τὺ
373 1992 472 2026 ἀγαθὸν
488 1994 534 2020 καὶ
547 1993 576 2020 τὸ
593 1993 674 2020 καλὸν
688 1993 742 2020 τῶν
762 1994 870 2021 πάντων
889 1995 939 2021 οὐκ

153 2037 186 2063 ἂν
200 2037 242 2074 εἴη
256 2037 286 2063 τὺ
298 2038 405 2074 πρῶτον
419 2038 511 2070 καλὸν,
534 2035 564 2065 οὗ
587 2039 674 2066 πάντα
698 2040 855 2075 μετέχοντα,
869 2040 939 2066 καλὰ

152 2084 465 2119 γίνονται,ὀμοιωθέντα
490 2094 548 2117 πως
564 2087 597 2121 τῇ
623 2085 770 2121 μεταλήψει
792 2086 831 2121 τῷ
853 2085 938 2121 καλῷ,

153 2130 224 2166 πλὴν
240 2130 330 2165 πολλῷ
341 2131 514 2166 ἀμυδρότατα
539 2131 678 2167 ὁμοιοῦται
698 2131 745 2158 τοῦ
763 2132 822 2164 ὲνὺς
838 2132 939 2166 ἀγαθοῦ

153 2175 203 2203 καὶ
228 2176 328 2208 καλοῦ,
351 2177 477 2213 καθάπερ
501 2177 649 2213 αὐξομένου
681 2178 728 2204 καὶ
747 2178 787 2209 εις
810 2177 859 2213 τὴν
886 2178 939 2204 τῶν

153 2222 246 2248 καλῶν
267 2222 346 2256 φύσιν
373 2223 578 2258 ἐκφαινομένου·
601 2223 672 2256 ὅθεν,
689 2224 735 2250 καὶ
751 2223 849 2250 πάντα
862 2223 941 2250 καλὰ

1017 1762 1117 1799 'Neque
1131 1771 1190 1790 vero
1205 1764 1268 1791 duo.
1291 1763 1463 1799 lmpossibile
1479 1771 1541 1792 esse
1567 1763 1621 1792 duo
1644 1765 1781 1792 contraria

990 1810 1123 1846 principia
1140 1812 1340 1838 contrariorum
1358 1819 1429 1838 esse.

1028 1855 1118 1891 Neque
1137 1865 1233 1883 vacuus
1249 1856 1380 1884 molestia.
1397 1856 1456 1883 Non
1472 1857 1628 1884 incolumis.

1028 1901 1173 1937 Propterea
1187 1902 1256 1937 quod
1270 1903 1351 1929 etiam
1370 1902 1437 1929 bona
1461 1907 1523 1930 sunt
1543 1903 1639 1930 amica.
1653 1903 1781 1936 Quando—

991 1948 1099 1983 quidem
1123 1952 1221 1976 cuncta
1244 1949 1345 1976 bonum
1369 1949 1546 1984 participant,
1572 1953 1599 1977 et
1622 1950 1681 1985 ipsa
1706 1950 1780 1977 exsi-

994 1996 1093 2022 stentia
1118 1995 1152 2022 ad
1177 1995 1279 2028 bonurn
1302 1995 1491 2028 adducuntur,
1508 1996 1581 2031 quod
1596 1997 1717 2024 omnium
1732 1997 1781 2024 bo-

993 2049 1057 2068 num
1074 2045 1100 2069 et
1115 2041 1260 2076 pulchrum
1275 2046 1331 2073 est,
1354 2043 1471 2077 primum
1488 2043 1633 2077 pulchrum
1656 2051 1717 2070 esse
1732 2051 1781 2070 ne-

992 2087 1062 2122 quit,
1078 2095 1133 2122 quo
1149 2088 1275 2115 universa
1300 2088 1476 2122 participant,
1501 2091 1527 2115 et
1551 2089 1663 2123 pulchra
1694 2089 1779 2122 ﬁunt,

992 2133 1058 2160 dum
1072 2133 1189 2168 quadam
1202 2134 1308 2161 ratione
1323 2134 1440 2168 pulchro
1455 2134 1555 2161 similia
1569 2143 1617 2169 per
1633 2134 1777 2170 participa-

992 2179 1094 2207 tionem
1121 2179 1295 2212 elliciuntur,
1323 2181 1375 2207 etsi
1401 2188 1482 2215 quam
1512 2181 1709 2208 obscurissime
1733 2182 1779 2208 uni

992 2225 1064 2253 bono
1087 2228 1114 2253 et
1133 2225 1247 2260 pulchro
1264 2229 1393 2261 tanquam
1409 2226 1542 2253 crescenti
1564 2231 1645 2262 atquc
1666 2227 1693 2254 in
1719 2227 1780 2262 pul-

153 2269 234 2295 λίαν.
260 2268 292 2295 Ἤ
315 2268 342 2295 δὲ
359 2268 413 2295 τῶν
429 2269 519 2296 καλῶν
534 2269 624 2305 φύσις,
636 2269 768 2305 προϊοῦσα
783 2269 854 2296 κατὰ
871 2269 938 2304 πλῆ-

993 2271 1120 2298 chrorum
1146 2276 1244 2299 natura
1270 2273 1410 2307 apparenti
1433 2273 1637 2307 assimilentur;
1655 2274 1728 2301 unde
1752 2278 1780 2301 et

154 2314 210 2346 θος,
230 2315 280 2350 ήδη
294 2324 353 2346 πως
366 2315 413 2342 καὶ
427 2317 466 2347 εἰς
484 2315 518 2342 τὰ
534 2316 646 2343 σύνθετα
656 2336 663 2348 ,
681 2315 698 2343 ἃ
712 2315 744 2352 δὴ
760 2316 808 2342 καὶ
824 2315 939 2351 μάλιστα

153 2360 224 2387 καλὰ
239 2360 350 2387 εἰώθασι
363 2361 455 2388 καλεῖν
468 2362 492 2388 οἰ
511 2361 658 2398 ἄνθρωποι,
672 2362 861 2388 ἀποδείκνυται
876 2362 940 2388 πολ-

153 2406 245 2441 λαχῶς
263 2406 309 2432 τοῦ
326 2406 412 2433 κακοῦ
430 2407 452 2424 ⁸⁷
469 2407 655 2443 συντιθεμένου
673 2409 720 2435 καὶ
735 2409 805 2435 κατὰ
827 2409 941 2440 πολλοὺς

152 2453 271 2488 τρόπους
293 2453 449 2488 λεγομένου·
471 2454 502 2480 τὸ
519 2454 548 2480 δὲ
571 2455 600 2480 ἐν
622 2456 679 2486 τοῖς
703 2452 761 2482 οὖσι
782 2455 862 2482 καλὸν
879 2454 939 2481 οὒτε

152 2498 233 2524 οὐσία
249 2498 334 2530 ἐστὶν,
348 2498 409 2525 οὕτε
421 2500 509 2534 γένος,
523 2500 783 2535 ἁλλὰ-συμϐεϐηκὸς
796 2500 940 2536 ὁμοιότητά

150 2553 215 2571 τινα
240 2545 425 2580 κεκτημένον,
451 2545 521 2572 κατὰ
549 2546 645 2583 μικρὸν
673 2548 885 2584 συναπτομένην·
909 2549 939 2575 οὐ

151 2593 208 2628 γὰρ
225 2592 286 2619 καθ’
305 2592 334 2619 ἓν
350 2590 419 2624 εἶδος
431 2592 537 2628 λέγεται
553 2594 586 2620 τὰ
603 2594 682 2626 καλὰ,
701 2595 769 2622 ἀλλὰ
789 2595 939 2630 πολλαχῶς·

152 2637 300 2673 προσέοικε
319 2638 347 2664 δὲ
364 2638 442 2673 μόνον
457 2639 581 2675 ἀλλήλοις
596 2640 634 2672 ὡς
657 2641 746 2677 ὃμοια,
769 2641 819 2668 κᾶν
835 2642 941 2668 πολυει-

151 2683 207 2716 δῶς
222 2684 286 2716 περὶ
299 2684 330 2710 τὸ
342 2684 389 2711 καὶ
401 2684 470 2711 αὐτὰ
484 2685 553 2712 καλὰ
572 2684 641 2713 εἶναι
653 2687 724 2713 κατὰ
738 2687 773 2713 τὰ
786 2687 872 2714 οἰκεῖα
884 2688 940 2723 εἴδη

202 2764 215 2784 1ι
234 2762 257 2790 ll
274 2761 345 2791 Tim.
363 2770 395 2796 ιι,
414 2763 457 2790 15.

992 2319 1080 2346 omnia
1104 2318 1214 2354 pulchra
1239 2318 1323 2346 valde.
1342 2318 1524 2346 Pulchrorum
1550 2326 1615 2346 vero
1638 2323 1734 2346 natura
1751 2320 1779 2347 in

992 2365 1166 2392 multitudine
1187 2372 1348 2399 progressa,
1362 2364 1419 2399 jam
1437 2373 1544 2400 quoque
1568 2365 1596 2392 in
1621 2366 1780 2401 compositis

991 2419 1052 2445 qua:
1066 2410 1183 2438 maxime
1198 2411 1287 2438 solent
1300 2411 1424 2438 homines
1435 2419 1533 2438 vocare
1548 2411 1672 2446 pulchra,
1687 2416 1781 2440 osten—

992 2456 1076 2489 ditur,
1093 2456 1209 2492 pulchro
1221 2456 1398 2484 multifariam
1410 2457 1561 2492 composito
1575 2465 1607 2485 ac
1620 2458 1779 2486 multimode

992 2503 1066 2531 dicto
1085 2513 1091 2531 :
1108 2503 1253 2538 pulchrum
1275 2508 1365 2531 autem
1380 2503 1453 2539 quod
1477 2504 1503 2531 in
1519 2504 1601 2532 rebus
1622 2509 1674 2536 cst,
1691 2513 1780 2540 neque

992 2553 1033 2577 est
1048 2550 1177 2582 essentia,
1194 2557 1281 2584 neque
1297 2558 1392 2585 genus,
1410 2550 1457 2578 sed
1475 2551 1601 2578 accidens
1617 2550 1688 2586 quod
1702 2551 1780 2578 simi—

992 2595 1134 2623 litudinem
1147 2595 1294 2631 quamdam
1309 2604 1404 2631 parum
1418 2597 1598 2624 cohaerentem
1615 2597 1712 2629 habet;
1728 2604 1779 2624 nec

993 2642 1065 2669 enim
1078 2650 1133 2669 uno
1147 2641 1230 2669 modo
1248 2641 1376 2670 dicuntur
1390 2643 1504 2678 pulchra
1520 2643 1568 2670 scd
1582 2642 1758 2670 multifariam
1769 2664 1777 2675 ,

993 2688 1158 2715 conveniunt
1172 2692 1263 2716 autem
1282 2692 1387 2716 tantum
1411 2689 1482 2717 inter
1504 2696 1534 2716 se
1550 2692 1579 2716 ut
1597 2688 1707 2721 similia,
1723 2691 1776 2717 ets:

615 2841 734 2870 VARIAE
752 2841 942 2870 LECTIONES
960 2842 1003 2870 ET
1022 2842 1295 2873 CORRECTIONES.

211 2920 231 2937 ’⁷
248 2917 341 2950 καινοῦ.
