1926 3062
131 158 185 186 289

130 208 244 250 Ἐλλησι
265 214 312 242 καὶ
328 215 487 249 Μανιχαίοις
502 214 646 250 λεγόμενον
660 213 784 245 διαλύων,
801 214 841 240 ὅτι
860 213 920 240 οὗτε
938 217 958 243 Α

128 261 153 288 οἱ
178 260 303 296 δαίμονες
328 261 407 295 φύσει
432 260 528 287 κακοί·
561 258 620 287 εἶτα
646 260 680 287 τὰ
708 260 769 287 καθ’
793 260 920 287 ὑπόθεσιν

130 309 194 343 παρ’
224 307 313 334 αὐτῶν
348 307 536 343 ἀντιτιθέμενα
561 307 704 343 προτίθησι
729 307 776 334 καὶ
803 307 920 339 διαλύει,

129 353 215 388 λέγων
224 362 231 368 ⁸
242 353 352 389 Πρῶτον
365 354 412 388 μὲν
426 353 456 379 οὐ
471 353 626 388 φθείρουσιν
641 353 666 379 ol
678 353 804 389 δαίμονες
816 353 919 384 οὐσίας’

129 401 158 426 αἱ
174 400 228 436 γάρ
240 400 327 426 οὐσίαι
342 399 401 426 καθ’
418 399 432 426 δ
447 400 535 426 οὐσίαι
548 399 579 426 οὐ
594 399 728 436 χωροῦσιν
740 401 779 432 είς
793 401 918 435 ἀνυπαρ-

130 447 202 480 ξίαν·
221 446 332 478 ἔπειτα,
351 447 397 473 καὶ
417 447 441 472 εί
457 445 537 472 τοῦτο
553 444 603 481 ἦν,
620 447 651 472 οὐ
671 447 753 473 πᾶσιν
769 445 830 473 οὐδὲ
853 446 921 473 πάν-

129 493 214 528 των
230 492 318 528 φθορὰ
340 492 428 527 κακὴ,
452 492 490 524 ὡς
513 493 542 519 ἐν
563 493 619 524 τοῖς
646 492 767 528 θηρίοις,
793 492 839 519 καὶ
863 493 920 524 τοῖς

130 540 275 576 ἕρπουσιν,
292 539 339 566 καὶ
354 539 433 571 πόαις
452 539 601 575 όλεθρίαις,
619 540 666 566 καὶ
682 541 738 571 τοῖς
761 539 850 572 ἄλλοις
864 541 920 572 τοῖς

129 585 241 621 ὁμοίοις.
254 585 387 621 Ζητητέον
399 583 459 617 οὖν,
476 586 513 621 μὴ
528 585 641 621 δύναμιν
657 585 674 621 ἢ
691 586 829 621 ἐνέργειαν
842 587 920 621 φθεί-

131 641 223 668 ρουσιν
239 633 263 659 οι
279 633 412 668 δαίμονες,
430 632 475 659 καὶ
491 633 559 664 τέως
574 633 605 659 ἐν
619 633 743 668 συντόμῳ
754 634 806 669 χρὴ
821 634 919 666 εἰπεῖν,

130 678 156 704 τί
170 678 281 714 δύναμις,
294 679 302 694 ¹
322 679 368 706 καὶ
386 679 412 705 τί
431 679 571 714 ἐνέργεια⁵
596 679 681 706 ἰστέον
698 677 753 711 οὖν,
771 680 812 707 ὅτι
829 681 845 716 ἡ
863 680 921 707 δια-

131 723 218 760 φθορὰ
246 725 296 760 τῆς
315 724 456 760 δυνάμεως
483 725 552 761 πρὸς
575 724 623 760 τὴν
646 725 784 760 ἐνέργειαν
808 725 919 761 τοιαύτη

130 770 214 801 ἐστὶν,
231 769 269 801 ὡς
285 770 302 805 ἡ
325 769 382 802 ἐξις
398 769 466 805 πρὸς
490 770 540 805 τὴν
562 769 701 804 ἐνέργειαν
717 769 767 805 τὴν
785 769 856 796 κατά
870 769 920 804 τὴν

130 816 202 849 ἕξιν*
220 818 237 853 ὴ
264 816 313 852 μὲν
333 814 381 844 οὖν
396 815 452 849 ἕξις
469 816 580 852 ποιότης
600 817 673 843 ἐστὶν
689 816 814 851 ἐμμονος.
832 815 920 850 Σαφὲς

130 864 159 892 δὲ
176 863 251 890 ἔσται
274 862 362 889 οὕτω·
387 863 417 889 τὸ
441 862 496 898 πῦρ
519 862 632 898 δύναμιν
648 863 703 898 ἔχει
725 862 916 898 θερμαντικὴν,

130 908 179 934 καί
193 909 266 934 ἐστιν
290 907 372 934 αὺτοῦ
393 907 450 941 ἕξις
473 908 532 943 ἦτοι
552 908 664 943 ποιότης
678 907 708 934 τὸ
723 907 915 944 θερμαντικόν.

132 955 226 981 Ἔστιν
243 952 289 981 οὖν
303 953 427 990 ἐνέργεια
441 955 457 990 ἡ
473 953 545 981 κατά
561 954 611 989 τὴν
630 954 685 987 ἕξιν
704 954 761 990 ἦτοι
776 955 916 990 ποιότητα,

131 1002 175 1028 ὅτε
191 1001 237 1027 καί
251 1009 278 1027 τι
300 1000 379 1035 σῶμα
393 999 586 1036 θερμαίνεται·
609 1000 663 1027 ίδοὺ
680 1000 735 1036 γὰρ
749 999 917 1027 ἀποτελεῖται

129 1049 146 1083 ἡ
175 1047 299 1083 ἐνέργεια
323 1048 374 1083 τῆς
395 1047 478 1080 ἕξεως
508 1047 555 1074 τοῦ
573 1047 673 1083 πυρός·
695 1047 712 1082 ἡ
735 1045 782 1074 οὖν
804 1046 919 1082 δύναμις

130 1094 195 1129 παρ’
221 1093 320 1129 ἑαυτῆς
345 1093 401 1129 ἔχει
425 1093 474 1129 τὴν
490 1093 647 1129 ἐνέργειανδ
672 1093 758 1128 αὐτῆς
783 1093 838 1129 γάρ
860 1094 918 1119 ἐστι

129 1139 179 1174 τῆς
193 1139 333 1175 δυνάμεως
344 1141 361 1176 ἡ
378 1139 502 1175 ἐνέργεια
515 1139 546 1166 τὸ
560 1139 589 1172 ἐξ
600 1140 685 1175 αὐτῆς
694 1139 916 1175 ἀποτελούμενον-

130 1188 146 1223 ἠ
171 1187 223 1223 γὰρ
244 1187 358 1223 δύναμις
381 1187 453 1214 κατὰ
476 1187 507 1214 τὸ
531 1188 617 1214 ποιεῖν
633 1186 809 1222 λαμϐάνεται.
830 1187 918 1223 Φθορὰ

130 1230 177 1259 οὖν
188 1232 354 1268 δυνάμεωςὴ
370 1232 503 1268 ἐνέργεια.
518 1232 622 1268 Ὥσπερ
628 1230 675 1259 οὖν
686 1232 733 1258 καὶ
743 1232 836 1264 οὐσίας
846 1234 862 1268 ή
874 1233 919 1260 δύ-

130 1286 222 1312 ναμις,
238 1278 335 1305 ταύτὸν
351 1278 379 1304 δὲ
396 1278 442 1304 καὶ
458 1277 521 1314 περὶ
535 1278 584 1313 τῆς
601 1277 763 1314 ἐνεργείαςή
779 1279 853 1314 παρὰ
868 1280 918 1314 τὴν

129 1322 218 1355 τάξιν,
235 1323 282 1350 καὶ
304 1323 354 1359 τὴν
378 1323 561 1359 συμμετρίαν,
587 1323 633 1350 καὶ
657 1324 787 1359 ἁρμονίαν
803 1324 919 1360 ἀσθενὴς

130 1367 253 1404 πρόοδος,
271 1367 331 1395 καθ’
347 1367 381 1403 ἢν
396 1368 543 1403 προϊοῦσαν
561 1368 727 1404 πλημμελῶς
743 1370 773 1396 οὐ
792 1369 919 1397 δύνανται

132 1414 222 1450 μένειν
236 1415 274 1446 ὡς
295 1412 366 1449 εἶχον
391 1415 407 1450 ἡ
423 1414 551 1450 δύναμις,
573 1416 620 1442 καὶ
640 1417 656 1451 ἡ
677 1416 800 1451 ἐνέργεια
813 1436 821 1449 ,
839 1417 916 1453 καὶή

129 1461 221 1488 οὐσία·
237 1462 262 1487 εἰ
277 1460 331 1496 γὰρ
345 1460 490 1496 παντελὴς,
508 1461 546 1492 ὠς
561 1461 676 1497 ἔφημεν,
690 1461 766 1489 ἔσται
783 1463 918 1496 ἀσθένεια,

130 1509 160 1535 οὺ
176 1508 229 1543 μὴν
245 1508 262 1543 ή
278 1507 377 1543 μερικὴ
389 1508 443 1534 τῶν
455 1508 621 1544 εἰρημένων·
638 1508 684 1535 καὶ
697 1509 728 1535 τὸ
742 1509 921 1545 ὑποκείμενον

130 1555 237 1591 φθείρει
253 1556 280 1582 ἐν
296 1552 318 1589 ᾧ
335 1555 351 1590 ἡ
370 1554 494 1590 δύναμις,
512 1556 558 1582 καὶ
573 1556 590 1590 ἡ
613 1556 748 1592 ἐνέργεια,
763 1557 810 1584 καὶ
826 1556 887 1583 οὔτε
902 1558 920 1592 ὴ
934 1567 955 1595 c

130 1601 253 1637 δύναμις,
267 1602 313 1628 καὶ
328 1602 345 1636 ἡ
370 1600 509 1636 ἐνέργεια,
526 1600 564 1632 ὡς
576 1599 638 1626 οὔτε
654 1602 671 1636 ἡ
688 1601 775 1632 οὐσία,
792 1601 848 1628 ἀλλ’
860 1601 921 1628 οὔτε

132 1645 202 1683 ιύτὴ
217 1648 233 1682 ὴ
252 1646 340 1682 φθορά
356 1646 633 1682 παραλειφθήσονται,
658 1647 832 1682 ἀπολομένων
850 1648 922 1674 ἐκεί-

130 1701 185 1720 νων
201 1693 265 1728 περὶ
279 1692 298 1720 ἃ
314 1694 331 1728 ἡ
355 1691 451 1728 φθορά.
470 1692 610 1728 Ἐνέργεια
631 1692 680 1728 μὲν
695 1691 741 1720 οὖν
757 1693 860 1729 νοητῶν
875 1695 922 1722 καὶ

131 1738 232 1774 νοερῶν
251 1737 319 1765 νοῶν
341 1737 372 1765 τὸ
393 1738 462 1765 κατὰ
483 1737 562 1772 φύσιν
585 1738 728 1774 πράττειν,
748 1739 871 1766 τουτέστι
891 1741 922 1766 τὸ

131 1785 173 1816 εις
189 1784 255 1811 Θεὸν
270 1784 465 1812 ἀνατετάσθαι·
480 1784 595 1819 δύναμις
607 1784 637 1811 δὲ
654 1783 700 1811 νοῦ
713 1784 745 1811 τὸ
762 1786 802 1816 εἰς
817 1785 923 1820 νοήσεις

131 1830 272 1862 κατιέναι,
292 1830 356 1866 περὶ
379 1826 410 1856 οὗ
435 1829 470 1856 τὰ
484 1829 627 1866 εἰρημένα,
645 1829 814 1866 πλημμελῶς
830 1830 922 1857 κινού-

134 1884 214 1911 μενα,
235 1875 386 1902 ἐλλείπουσι
407 1874 455 1902 τοῦ
471 1875 583 1910 ἀγαθοῦ,
606 1875 687 1902 Φύσει
710 1873 757 1903 οὖν
778 1876 863 1903 κακὸν
878 1876 923 1902 οὺ-

131 1922 185 1949 δέν.

176 1967 256 1995 Ἀλλ’
271 1967 394 2000 ἐλλιπὲς
409 1967 533 2002 ἀγαθόν.
556 1967 602 1999 Ὠς
617 1967 654 2003 μὴ
671 1967 723 2003 τὴν
736 1967 840 1995 τελείαν
856 1968 922 2004 φθο-

135 2014 185 2050 ρὰν
200 2015 249 2050 τῆς
269 2014 371 2049 φθορᾶς
387 2013 506 2048 εἰσάγον.

170 2060 252 2092 Εἶτα,
267 2059 330 2093 πῶς
344 2061 371 2087 οἱ
380 2059 415 2087 ὲκ
431 2059 514 2086 Θεοῦ.
531 2058 604 2095 Πρὸς
613 2059 677 2091 τοὺς
688 2059 829 2094 λέγοντας·
844 2060 876 2087 Et
890 2061 922 2087 ὲκ

132 2106 201 2133 Θεοῦ
224 2105 347 2140 ἐγένοντο
370 2106 395 2132 ot
411 2105 553 2141 δαίμονες,
577 2106 635 2138 πῶς
651 2107 703 2132 εἰσι
730 2107 825 2140 muni;
844 2107 922 2134 ’Ἐστι

132 2152 163 2178 δὲ
182 2151 258 2182 λύσις
281 2152 330 2187 τῆς
351 2150 472 2183 πεύσεως
495 2151 519 2178 εί
545 2151 624 2178 κακοί
647 2153 715 2178 εἰσιν
740 2153 764 2179 ol
779 2152 923 2188 δαίμονες

935 894 955 921 Β

134 2198 181 2225 καί
199 2206 292 2234 φησιν,
307 2198 347 2224 ὅτι
363 2197 393 2224 οὐ
409 2197 476 2224 καθὸ
498 2197 595 2231 ἀγαθοί
611 2199 663 2224 είσι
681 2197 750 2225 κατὰ
765 2199 814 2234 τὴν
830 2207 920 2234 παρα-

133 2244 228 2279 γωγὴν
244 2244 293 2279 τῆς
306 2243 399 2275 οὐσίας
414 2243 518 2270 αὐτῶν·
537 2244 568 2270 ἐκ
582 2243 629 2270 τοῦ
647 2243 749 2278 ἀγαθοῦ
765 2243 820 2280 γὰρ
851 2251 922 2278 παρ-
937 2237 959 2264 Ῑ)

137 2287 259 2324 ήχθησαν
268 2289 376 2324 ἀγαθοί·
391 2289 459 2315 ἀλλά
479 2289 546 2316 καθὸ
564 2289 715 2325 ὴσθένησαν
734 2290 785 2325 τῆς
807 2291 923 2326 φυσικῆς

134 2335 224 2362 αὐτῶν
239 2335 386 2371 ἐνεργείας.

169 2381 226 2408 Καὶ
247 2380 363 2416 ἀγαθὴν
385 2382 498 2416 ἔλαχον
523 2381 641 2408 οὐσίαν.
669 2382 729 2409 Ὀτι
751 2383 839 2419 ἀγαθὴ
868 2383 922 2410 τῶν

133 2427 268 2463 δαιμόνων
282 2429 299 2463 ἡ
314 2427 402 2454 οὐσία.

177 2473 223 2506 Ὡς
240 2473 275 2500 τὰ
288 2472 381 2508 Λόγιά
394 2481 480 2508 φησι.
503 2473 657 2509 Σημείωσαι
677 2474 735 2506 πῶς
749 2476 804 2501 νοεῖ
817 2475 857 2507 τὸ,
875 2476 926 2510 ἀγ·-

130 2520 231 2555 γέλους
251 2528 280 2546 τε
303 2520 366 2551 τοὺς
383 2520 420 2556 μὴ
441 2521 614 2555 τηρήσαντας
632 2520 681 2556 τὴν
697 2521 800 2548 ἑαυτῶν
822 2521 923 2558 ἀρχήν·

131 2566 221 2602 ἀρχὴν
236 2565 290 2602 γὰρ
303 2565 393 2592 αὐτῶν
408 2574 474 2602 φησι
487 2565 536 2601 τὴν
550 2567 591 2598 εἰς
609 2566 639 2592 τὸ
652 2564 721 2593 εἶναι
737 2568 906 2603 παραγωγήν
917 2577 923 2583 ·

133 2611 315 2647 παρήχθησαν
333 2611 386 2647 γὰρ
412 2611 458 2638 καὶ
482 2611 559 2638 αὐτοὶ
582 2613 622 2643 εἰς
648 2613 701 2638 πᾶν
718 2612 796 2647 ἔργον
813 2612 923 2646 ἀγαθὸν,

132 2657 230 2692 ὥσπερ
244 2657 290 2684 καὶ
302 2658 392 2693 ἡμεῖς.
415 2658 462 2684 Ὲκ
477 2658 579 2685 τούτων
594 2656 640 2685 οὖν
657 2660 725 2685 εἰσιν
747 2659 772 2685 of
788 2659 923 2694 δαίμονες,

132 2704 162 2729 ἐν
177 2703 265 2738 τούτῳ
277 2703 350 2738 μόνῳ
365 2703 587 2739 κακυνόμενοι,ὲν
610 2706 643 2741 τῇ
659 2705 757 2731 παύσει
776 2704 827 2739 τῆς
841 2705 923 2738 ἕξεως

131 2748 187 2776 τῶν
201 2749 320 2783 ἀγαθῶν,
336 2750 383 2776 καὶ
396 2751 423 2776 ἐν
433 2750 473 2785 τῷ
487 2750 525 2786 μὴ
540 2751 659 2787 ἐνεργεῖν
674 2751 704 2777 τὸ
718 2750 819 2785 ἀγαθόν
828 2759 834 2764 ·
851 2750 921 2778 ὥστε

495 154 524 182 S.
545 154 670 182 MAXIMI
691 153 839 182 SCHOLIA
858 153 892 182 IN
910 153 974 182 LIB.
993 153 1037 181 DE
1055 152 1181 182 DlVlNlS
1197 153 1403 183 NOMINIBUS.

1711 159 1764 186 290

975 212 1186 240 Manichaeorum
1201 213 1374 246 dissolvens,
1394 221 1484 250 neque
1503 214 1641 242 daemones
1663 221 1763 244 natura

974 267 1035 287 esse
1050 259 1159 287 malos:
1182 258 1282 287 deinde
1296 268 1357 295 quae
1381 268 1415 288 ex
1438 260 1628 295 suppositione
1653 261 1687 288 ab
1709 262 1764 290 illis

973 309 1163 340 exponuntur,
1182 305 1310 341 proponit
1337 309 1363 333 et
1384 306 1521 339 dissolvit,
1539 307 1654 334 dicens:
1669 307 1762 335 Primo

973 351 1084 386 quidem
1103 350 1242 379 daamones
1264 359 1320 379 non
1345 357 1527 387 corrumpunt
1552 354 1702 384 essentias:
1719 362 1764 382 cs-

972 397 1068 425 scntiaa
1091 398 1162 424 enim
1193 402 1330 433 quatenus
1355 399 1500 432 essentia,
1530 407 1586 426 non
1609 399 1710 426 abeunt
1735 400 1764 427 in

971 443 1107 476 nihilum;
1122 442 1202 479 154
1217 448 1312 479 postea
1330 444 1383 471 etsi
1397 444 1448 472 hoc
1462 449 1547 477 esset,
1562 454 1617 473 non
1633 446 1693 474 ideo
1704 454 1764 473 om-

972 489 1055 517 nibus
1064 497 1156 525 neque
1166 490 1289 517 omnium
1301 491 1442 526 corruptio
1460 492 1541 523 mala,
1554 492 1626 519 sicut
1645 493 1672 519 in
1697 492 1763 520 feris

971 539 998 563 et
1013 536 1169 571 reptilibus,
1183 540 1210 563 et
1229 536 1323 564 herbis
1343 537 1450 568 noxiis,
1472 537 1586 573 aliisque
1603 538 1740 566 similibus
1754 548 1760 566 :

971 583 1150 618 quaerendum
1165 583 1258 618 igitur,
1275 591 1340 611 num
1356 583 1494 612 daemones
1516 585 1644 613 virtutem
1665 589 1692 613 et
1707 586 1764 614 elli-

971 630 1075 656 caciam
1091 635 1288 665 corrumpant;
1307 631 1416 658 interim
1441 631 1536 666 paucis
1551 632 1696 659 dicendum
1720 636 1764 660 est

970 675 1037 710 quid
1053 675 1142 704 virtus
1156 680 1184 703 et
1202 676 1268 712 quid
1286 675 1420 704 efficacia.
1436 676 1583 705 Sciendum
1601 678 1684 713 igitur
1702 686 1761 705 cor-

969 721 1128 756 ruptionem
1150 722 1261 749 virtutis
1282 726 1409 757 respectu
1430 722 1559 750 efficacia:
1577 731 1626 751 seu
1646 724 1764 752 actionis

969 768 1052 795 talem
1081 775 1160 802 esse,
1185 769 1276 804 qualis
1300 772 1342 796 est
1368 769 1479 797 habitus
1502 773 1628 804 respectu
1647 770 1764 798 actionis

970 813 1136 848 ltabitualis;
1152 814 1263 842 habitus
1274 814 1384 850 quidem
1400 820 1444 842 est
1458 815 1576 850 qualitas
1593 815 1761 850 immanens;

970 859 1036 887 illud
1053 864 1143 888 autem
1158 860 1196 888 ita
1216 861 1391 896 perspicuum
1406 861 1470 888 ﬁet:
1489 861 1561 896 ignis
1581 861 1661 888 habet
1676 863 1763 888 virtu-

969 909 1023 932 tem
1035 905 1225 941 calefaciendi,
1235 912 1331 942 estque
1343 907 1430 942 ipsius
1444 907 1555 934 habitus
1569 914 1617 934 seu
1628 907 1766 942 qualitas;

969 951 1079 986 quando
1094 952 1178 989 igitur
1191 960 1292 989 corpus
1314 954 1467 986 incalescit,
1483 961 1547 981 ecce
1560 953 1633 980 actio
1654 953 1767 981 habitus

970 998 1041 1033 ignis
1052 999 1204 1034 perﬁcitur.
1214 999 1302 1027 virtus
1316 1000 1409 1035 itaque
1420 1000 1503 1027 habet
1513 999 1541 1026 in
1554 1007 1584 1027 se
1595 999 1762 1031 efficaciam:

969 1054 1032 1073 nam
1055 1045 1179 1074 efﬁcacia
1206 1049 1249 1073 est
1273 1045 1360 1081 ipsius
1387 1046 1496 1073 virtutis
1515 1045 1650 1077 effectus,
1677 1045 1765 1073 virtus

969 1092 1041 1119 enim
1066 1091 1207 1126 operando
1227 1097 1425 1127 comparatur;
1451 1093 1595 1128 corruptio
1619 1091 1703 1127 igitur
1721 1094 1767 1119 est

969 1137 1082 1164 virtutis
1096 1135 1220 1164 efﬁcacia
1248 1145 1297 1165 seu
1324 1137 1417 1171 actio;
1435 1137 1509 1165 sicut
1534 1145 1600 1173 ergo
1616 1137 1703 1164 virtus
1722 1141 1766 1164 est

969 1182 1107 1215 essentia,
1123 1182 1161 1209 ita
1173 1183 1256 1210 etiam
1271 1183 1418 1210 dicendum
1433 1183 1466 1211 de
1480 1184 1613 1216 efﬁcacia,
1625 1191 1685 1218 qum
1701 1190 1767 1210 cum

970 1230 1026 1265 agit
1054 1233 1153 1264 praeter
1177 1228 1302 1256 ordinem
1326 1233 1353 1256 et
1376 1230 1594 1257 convenientiam
1618 1234 1765 1264 aptamque

969 1277 1195 1312 compositionem
1208 1296 1216 1308 ,
1235 1280 1277 1303 est
1302 1274 1439 1304 imbecilla
1463 1276 1639 1311 progressio,
1666 1275 1694 1302 in
1711 1283 1764 1310 qua

971 1323 1070 1350 vitiose
1084 1322 1250 1358 procedente
1271 1326 1411 1357 nequeunt
1433 1330 1545 1350 manere
1567 1322 1663 1358 quales
1686 1325 1766 1349 erant

974 1369 1063 1397 virtus
1077 1373 1105 1396 et
1122 1368 1246 1397 efﬁcacia
1272 1372 1355 1404 atque
1375 1369 1510 1401 essentia;
1535 1369 1636 1403 alioqui
1661 1368 1767 1400 totalis,

971 1419 1002 1442 ut
1024 1415 1162 1447 diximus,
1184 1417 1237 1442 erit
1258 1414 1450 1448 imbecillitas,
1474 1422 1529 1441 non
1557 1422 1622 1442 vero
1642 1414 1770 1449 partialis

970 1469 1065 1488 eorum
1091 1468 1153 1496 quae
1166 1461 1240 1488 dicta
1261 1464 1327 1489 sunt
1344 1470 1352 1489 :
1377 1461 1466 1488 virtus
1482 1468 1592 1495 quoque
1613 1461 1766 1495 corrumpit

973 1507 1128 1542 subjectum
1148 1507 1175 1534 in
1187 1515 1242 1542 quo
1254 1511 1306 1539 est,
1326 1514 1359 1535 ac
1370 1506 1502 1539 efﬁcacia,
1523 1510 1550 1534 et
1563 1514 1652 1542 neque
1664 1506 1765 1538 virtus,

971 1561 1060 1588 neque
1071 1553 1202 1587 efﬁcacia,
1216 1553 1290 1581 sicut
1309 1560 1397 1588 neque
1413 1552 1543 1586 essentia,
1560 1552 1626 1587 quin
1641 1559 1693 1579 nec
1706 1552 1767 1586 ipsa

973 1600 1113 1634 corruptio
1126 1599 1252 1632 evadent,
1261 1596 1316 1626 illis
1329 1599 1410 1625 etiam
1425 1598 1604 1633 pereuntibus
1619 1598 1692 1625 circa
1705 1605 1771 1633 qua:

973 1646 1114 1680 corruptio
1129 1649 1264 1673 versatur.
1284 1645 1377 1680 itaque
1395 1644 1514 1672 efficacia
1534 1644 1744 1680 intelligibilium
1756 1663 1767 1676 ,

974 1699 1023 1719 seu
1039 1700 1100 1727 qua:
1115 1691 1173 1719 solo
1189 1692 1327 1719 intellectu
1345 1691 1546 1726 percipiuntur,
1564 1699 1595 1718 ac
1612 1692 1768 1727 intelligen—

973 1737 1042 1764 tium
1068 1737 1212 1769 mentium,
1228 1742 1270 1765 est
1288 1737 1439 1765 secundum
1464 1742 1590 1765 naturam
1611 1745 1709 1773 agere,
1738 1738 1769 1765 id

972 1788 1015 1811 est
1026 1791 1137 1811 sursum
1157 1783 1191 1811 ad
1206 1782 1291 1811 Deum
1306 1783 1417 1811 tendere
1428 1792 1437 1818 ;
1448 1784 1534 1812 virtus
1548 1788 1638 1812 autem
1654 1784 1767 1816 mentis,

973 1830 1007 1856 ad
1033 1829 1212 1865 cogitationes
1226 1830 1402 1862 descendere,
1429 1830 1458 1857 in
1486 1838 1541 1866 quo
1564 1838 1596 1857 ea
1616 1839 1677 1866 quas
1693 1831 1765 1858 dicta

973 1879 1038 1903 sunt
1060 1876 1158 1904 vitiose
1172 1877 1286 1910 moveri,
1310 1884 1326 1904 α
1349 1876 1422 1904 bono
1435 1876 1575 1904 deﬁciunt.
1592 1876 1666 1905 Nihil
1682 1878 1769 1913 igitur

973 1925 1071 1950 natura
1086 1923 1199 1951 malum.

1009 1968 1061 1996 Sed
1081 1968 1177 1996 bonum
1197 1969 1331 2004 deﬁciens.
1353 1969 1389 1997 Ut
1413 1977 1469 1997 non
1495 1969 1645 2005 perfectam
1667 1977 1766 1998 corru-

973 2015 1076 2050 ptionis
1091 2015 1297 2050 corruptionem
1315 2015 1459 2043 inducens.

1009 2061 1135 2097 Denique,
1151 2061 1282 2092 quomodo
1296 2062 1342 2096 qui
1354 2070 1370 2088 a
1383 2061 1450 2090 Deo.
1464 2061 1567 2089 Contra
1578 2062 1717 2090 dicentes:
1735 2061 1765 2089 Si

971 2107 1110 2134 daemones
1127 2114 1143 2133 a
1165 2106 1221 2134 Deo
1236 2111 1300 2135 sunt
1315 2107 1430 2140 conditi,
1452 2108 1590 2143 quomodo
1613 2109 1688 2135 mali.
1716 2108 1765 2136 Est

972 2154 1074 2182 solutio
1100 2153 1325 2189 interrogationis
1346 2161 1413 2180 num
1436 2154 1502 2181 mali
1527 2155 1582 2181 sint
1605 2154 1741 2183 daemones
1755 2165 1766 2183 τ

973 2199 1076 2234 aitque,
1092 2207 1148 2226 non
1161 2204 1300 2235 quatenus
1314 2199 1380 2226 boni
1391 2204 1456 2227 sunt
1471 2200 1500 2227 in
1513 2199 1694 2236 productione
1708 2209 1766 2229 sua:

973 2246 1113 2277 essentia.
1141 2253 1203 2273 nam
1232 2253 1248 2272 a
1273 2245 1347 2273 bono
1372 2246 1498 2281 producti
1526 2250 1592 2274 sunt
1619 2247 1763 2281 boni;sed

975 2296 1110 2327 quatenus
1127 2291 1274 2320 dobiliores
1290 2291 1378 2320 effecti
1393 2293 1420 2319 in
1439 2300 1489 2320 sua
1506 2293 1624 2320 naturali
1644 2293 1764 2321 efﬁcacia

975 2346 1023 2367 seu
1037 2339 1208 2373 Operatione.

1010 2385 1047 2411 Ac
1073 2384 1167 2411 bonam
1197 2384 1287 2411 sortiti
1310 2389 1371 2411 sum
1395 2385 1545 2413 essentiam.
1571 2385 1674 2413 Bonam
1703 2394 1765 2414 esse

974 2430 1130 2457 daemonum
1147 2431 1306 2458 essentiam.

1014 2475 1048 2503 Ut
1072 2475 1188 2511 Eloquia
1209 2481 1350 2504 testantur.
1372 2476 1442 2504 Nota
1469 2478 1605 2513 quomodo
1621 2477 1699 2514 155
1722 2479 1765 2505 in—

976 2522 1081 2557 telligat
1103 2522 1188 2554 illud,
1214 2523 1325 2558 angelos
1347 2531 1402 2550 non
1431 2528 1572 2551 servantes
1599 2525 1763 2559 principium

974 2575 1072 2601 suum;
1087 2566 1252 2603 principium
1265 2569 1338 2596 enim
1353 2575 1448 2596 eorum
1463 2569 1539 2602 dicit,
1556 2570 1765 2605 productionem

973 2620 1027 2649 qua
1043 2613 1210 2641 exstiterunt
1224 2623 1230 2640 :
1245 2613 1369 2647 producti
1384 2615 1457 2642 enim
1471 2620 1536 2643 sunt
1552 2616 1579 2642 in
1599 2623 1679 2642 omne
1694 2624 1766 2650 opus

973 2659 1086 2692 bonum,
1103 2660 1176 2687 sicut
1188 2665 1216 2688 et
1231 2669 1303 2694 nos;
1319 2669 1353 2688 ex
1378 2661 1420 2689 his
1437 2662 1520 2696 igitur
1536 2667 1600 2689 sunt
1614 2662 1765 2694 daemones,

975 2706 1002 2733 in
1023 2706 1075 2733 hoc
1091 2706 1150 2734 solo
1174 2707 1239 2733 mali
1260 2707 1347 2735 effecti
1363 2708 1435 2742 quod
1457 2708 1485 2735 in
1509 2708 1642 2735 bonorum
1668 2707 1766 2735 habitu

975 2752 1127 2784 eessarint,
1146 2760 1235 2787 neque
1251 2754 1352 2780 bonum
1376 2753 1534 2786 effecerint,
1557 2754 1652 2788 sieque
1666 2754 1765 2781 volun-

591 2829 707 2857 VARl/E
728 2828 920 2858 LECTIONES
939 2829 984 2857 ET
1004 2829 1283 2860 CORRECTIONES.

201 2897 295 2930 πάθος.
