1926 3062
167 178 217 206 291

563 171 732 201 APPENDIX
749 171 794 199 AD
814 170 928 198 OPERA
949 170 1144 200 8.1)1οΝῐ811
1163 167 1405 197 AREOPAGITE.

1741 165 1795 193 282

170 239 227 262 tate
251 240 318 261 sum.
334 232 411 264 mali,
425 238 481 258 non
511 234 626 262 natura;
648 229 750 256 bonum
774 235 840 255 vero
859 231 957 255 natura

1019 228 1080 256 ιατὰ
1094 227 1255 263 προαίρεσίν
1268 227 1321 253 εἱσι
1336 225 1428 256 κακοὶ,
1443 225 1500 252 ἀλλ’
1515 225 1546 252 οὐ
1567 225 1637 252 κατὰ
1653 225 1732 260 φύσιν
1742 235 1748 241 ·
1764 227 1795 253 τὺ

169 282 241 310 inest
256 281 291 309 iis
302 288 363 315 quae
377 280 532 312 exsistunt;
545 278 630 305 multa
645 277 728 312 igitur
740 275 906 304 ditierentia.

204 371 358 399 Divinarum
365 370 492 397 bonorum
498 367 615 395 habitus.
623 367 691 394 Nota
704 367 837 394 dictiones
846 366 955 394 habitus

169 422 197 446 et
211 418 340 445 efﬁcacia:
354 426 359 444 :
377 424 441 444 ecce
454 416 526 442 enim
544 421 624 449 quam
640 417 721 440 antea
736 413 804 440 dixit
814 413 955 445 virtutem,

170 465 242 492 hanc
256 463 336 491 modo
349 465 426 490 vocat
442 461 577 494 habitum,
594 463 624 487 ut
637 459 816 495 exposuimus
828 459 955 494 superius

170 511 198 538 in
216 518 314 545 magno
329 507 512 544 paragrapho.

205 557 235 583 Si
250 557 337 590 itaque
352 562 462 589 semper.
478 553 538 580 Non
552 560 667 588 prorsus
682 555 808 587 expertes
819 559 880 579 esse
890 550 956 578 boni

169 604 315 630 daamones.

206 648 282 682 Quod
305 649 374 675 enim
397 655 497 681 semper
511 645 579 673 idem
601 650 651 673 est.
673 644 785 680 Semper
798 643 869 671 idem
897 651 958 671 esse

169 695 233 723 boni
252 699 294 723 est
308 694 459 730 proprium.

204 741 285 768 Ρηιυὶ
301 746 387 768 autem
400 748 465 767 esse.
482 738 538 766 Cur
551 738 689 765 (laniones
704 739 834 763 dicuntur
849 735 931 762 mali?

207 831 265 859 Illis
279 831 402 862 desertio,
419 831 467 858 Gr.
483 830 604 861 ἔκϐασις.
619 827 752 854 Ἐκὸασιν
767 830 847 854 vocat
869 833 959 853 reces—

170 886 231 906 sum
248 885 262 904 a
284 876 472 909 convenicnti;
495 876 618 903 ἀτέλειαν
633 881 698 902 vero
713 881 853 901 recessum
867 881 882 900 a
897 881 960 908 per-

171 924 251 954 l‘ccto,
267 931 315 950 seu
332 922 508 958 perfectionis
525 921 673 949 defectum.

206 969 367 1004 Imaginatio
377 976 502 1003 prwceps.
514 968 585 1001 Quid
599 968 634 994 sit
644 965 789 1001 φαντασία,
805 966 960 1001 imaginalio

169 1017 290 1045 diximus
305 1016 332 1043 in
348 1015 436 1051 primo
454 1015 553 1049 capite.

210 1063 306 1090 Verum
326 1063 389 1089 ista.
413 1061 454 1088 En
468 1061 548 1087 aliam
563 1067 671 1095 quoque
697 1059 860 1086 solutionem
873 1078 880 1089 ,
904 1065 960 1085 non

169 1116 231 1136 esse
246 1108 312 1144 quid
335 1108 436 1134 malum
448 1126 455 1138 ,
471 1110 569 1133 natura
597 1105 697 1132 malum
711 1126 718 1137 ,
735 1104 782 1132 sed
809 1104 921 1139 delapsu
945 1111 960 1130 a

170 1155 258 1189 bono;
270 1153 343 1189 quod
356 1153 428 1180 enim
442 1157 544 1180 naturae
559 1152 640 1182 inest,
653 1159 760 1185 semper
771 1150 864 1178 eodem
880 1149 961 1177 modo

170 1209 201 1230 se
221 1202 323 1232 habet,
342 1207 430 1234 neque
454 1199 600 1233 dejicitur,
626 1198 697 1225 sicut
721 1198 810 1232 ipsum
839 1197 959 1229 bonum;

174 1247 278 1274 malum
293 1254 358 1273 vero
374 1253 427 1272 non
443 1249 485 1272 est
500 1244 608 1276 stabile,
625 1245 754 1279 quoniam
771 1243 920 1277 corrumpit
935 1248 961 1270 et

171 1293 269 1320 alterat
283 1292 356 1328 quod
373 1295 415 1319 est
438 1291 545 1318 obvium
559 1310 567 1322 ,
595 1290 667 1317 sicut
690 1290 829 1323 diximus;
850 1289 961 1316 minime

172 1338 255 1373 igitur
267 1341 310 1365 est
327 1337 356 1364 in
376 1340 474 1363 natura
490 1336 606 1367 malum,
620 1335 849 1370 quemadmodum
874 1343 961 1370 neque

172 1385 200 1410 in
224 1383 394 1411 daemonibus
422 1390 483 1410 esse
509 1382 551 1408 vir
568 1381 613 1408 hic
637 1381 747 1408 divinus
775 1381 906 1414 atllrmat;
937 1382 961 1409 si

172 1430 244 1457 enim
259 1436 314 1456 non
331 1436 438 1463 semper
454 1427 520 1454 mali
535 1427 682 1459 daemones,
698 1434 753 1454 non
776 1430 840 1454 sunt
863 1431 960 1454 natura

172 1476 246 1507 mali,
262 1475 334 1510 quod
350 1474 423 1502 enim
439 1478 544 1500 natum
556 1473 638 1504 inest,
652 1480 760 1507 semper
773 1473 867 1500 eodem
880 1473 961 1500 modo

172 1531 202 1550 se
217 1523 307 1549 habet.
333 1520 538 1548 Demonstravit
561 1519 645 1554 igitur
668 1519 805 1546 daemones
827 1524 961 1553 quatenus

171 1573 236 1596 sunt
264 1572 292 1595 et
318 1566 474 1601 intelligunt
500 1574 532 1593 ac
555 1566 653 1592 vivunt
679 1564 869 1599 desiderioque
897 1565 961 1592 boni

172 1618 310 1646 tenentur,
326 1621 382 1640 non
397 1621 458 1641 esse
473 1615 572 1639 natura
587 1611 685 1643 malos,
705 1611 754 1638 sed
777 1611 920 1638 aversione
945 1618 960 1638 a

172 1660 255 1692 bono,
271 1661 298 1687 in
313 1667 367 1694 quo
380 1660 463 1686 etiam
480 1657 602 1685 fuerunt.

209 1705 298 1741 Neque
313 1706 371 1740 ipsa
385 1713 430 1740 per
446 1713 472 1739 se
488 1708 549 1730 sunt
565 1703 646 1731 mala.
661 1703 704 1730 lra
720 1703 779 1731 sine
794 1703 900 1730 ratione
913 1710 962 1737 per

173 1760 213 1784 se,
230 1760 261 1779 ac
276 1759 371 1779 amens
386 1750 524 1785 cupiditas
538 1757 587 1784 per
601 1757 641 1782 se,
656 1753 737 1784 atque
751 1756 872 1784 praeceps
893 1748 960 1775 ima-

172 1798 286 1833 ginatio,
302 1805 357 1824 non
372 1804 486 1832 prorsus
496 1801 523 1823 et
537 1796 566 1822 in
580 1795 709 1823 omnibus
723 1795 825 1822 malum
836 1815 842 1827 ,
860 1802 960 1822 secun-

173 1845 236 1871 dum
252 1852 281 1871 se
296 1842 468 1870 considerata
481 1851 488 1875 ;
505 1841 559 1868 imo
574 1839 962 1876 quandoqueiipsoruminter-

177 1889 231 1916 itus
255 1892 336 1916 nocet
347 1888 457 1914 animali
476 1887 550 1922 quod
564 1894 596 1913 ea
616 1887 743 1918 habebat,
758 1889 787 1913 ut
805 1889 880 1913 recte
894 1885 960 1913 dicit

172 1936 262 1970 capite
277 1935 392 1969 septimo
405 1933 467 1960 libri
488 1933 582 1967 hujus.
600 1932 683 1959 Recte
699 1935 789 1959 autem
810 1932 837 1958 iu
858 1931 959 1958 habiti—

173 1981 226 2008 bus
240 1980 284 2007 his
298 1979 451 2007 calumnias
475 1978 695 2006 adversariorum
714 1978 815 2012 posuit,
831 1977 894 2012 quia
919 1978 959 2004 ira

173 2028 253 2055 etiam
273 2035 334 2054 cum
356 2026 462 2053 ratione
485 2025 671 2060 conjungitur,
688 2025 758 2052 sicut
782 2031 843 2059 qua:
865 2027 960 2050 contra

174 2077 330 2108 peccatum,
347 2076 374 2098 et
396 2072 529 2099 adversus
561 2070 608 2098 Dei
632 2071 744 2102 hostes,
769 2077 801 2097 ac
823 2068 959 2104 cupiditas

175 2119 254 2154 156
269 2119 399 2154 prudens,
422 2121 450 2144 ut
469 2117 496 2144 id
518 2116 591 2152 quod
607 2117 702 2144 melius
717 2119 758 2143 est
778 2123 891 2150 cupere;
912 2119 959 2142 et:

174 2165 309 2192 Desiderio
337 2163 484 2191 desideravi
511 2163 558 2190 hoc
582 2162 680 2197 pascha
694 2162 854 2189 manducare
872 2161 959 2188 vobis-

174 2220 233 2238 cum
243 2216 257 2230 η
273 2221 282 2238 ;
308 2211 345 2237 ita
360 2210 441 2238 etiam
457 2213 500 2237 est
513 2209 674 2244 imaginatio
688 2216 743 2235 non
759 2215 890 2243 praeceps,
906 2215 961 2242 qua

175 2257 355 2292 intelligibilia
375 2256 605 2292 apprehendimus
615 2275 624 2288 ,
641 2255 693 2283 hoc
708 2259 798 2282 mente
812 2259 907 2282 nostra
924 2254 963 2280 fa-

174 2305 287 2330 cientes.

211 2348 273 2376 Non
287 2349 402 2383 affectio,
419 2348 465 2376 Gr.
479 2349 496 2384 ἡ
513 2348 614 2383 σχέσις.
632 2347 727 2383 Σχέσιν
742 2347 865 2374 habitum
881 2352 961 2374 vocat

175 2396 261 2430 ipsam
277 2402 387 2430 quoquo
406 2395 489 2422 modo
509 2395 724 2430 possessionem;
737 2401 798 2429 quze
818 2401 883 2421 vero
898 2398 961 2420 ante

175 2443 257 2472 dicta,
273 2441 323 2472 ira,
341 2449 462 2475 inquam,
478 2445 506 2468 et
528 2448 589 2475 qua:
606 2440 753 2474 conjuncta
772 2439 891 2472 fuerunt,
907 2441 961 2466 vim

175 2487 275 2513 habent
301 2487 486 2514 constituendi
510 2487 669 2513 animalium
693 2486 873 2521 quorumdam
898 2493 963 2520 pro-

175 2532 328 2566 prietatem,
343 2537 371 2558 et
385 2533 412 2558 in
428 2540 460 2559 eo
475 2532 538 2559 talia
554 2540 608 2559 non
624 2536 688 2559 sunt
702 2532 814 2559 malum.

212 2576 263 2603 Sed
279 2581 408 2611 quatenus
423 2585 475 2603 non
503 2583 551 2605 est.
573 2577 796 2605 Subaudiendum
819 2576 890 2603 κατὰ
910 2577 961 2610 φύε

177 2631 229 2654 σιν,
245 2622 386 2649 secundant
403 2628 539 2650 naturam.

212 2667 355 2705 Nunquam
371 2670 454 2704 ipsas.
470 2669 510 2696 En
525 2669 598 2697 clare
617 2669 671 2697 hoc
686 2669 747 2696 loco
767 2668 844 2702 dicit,
860 2668 962 2697 daemo-

213 2763 226 2776 ιι
241 2758 306 2786 Luc.
324 2767 370 2792 xx,
389 2759 433 2786 15.

1005 275 1034 302 δὲ
1051 273 1151 309 ἀγαθὸν
1174 273 1302 308 πρόσεστι
1330 273 1386 303 τοῖς
1406 269 1465 298 οὖσι
1489 279 1558 298 κατα
1586 271 1682 306 φύσιν·
1710 272 1794 309 πολλὴ

1005 322 1095 348 τοίνυν
1111 320 1236 355 διαφορά.

1045 367 1105 394 Τῶν
1126 367 1212 393 θείων
1232 364 1350 400 ἀγαθῶν
1369 364 1468 398 ἕξεως.
1485 364 1640 400 Σημείωσαι
1656 363 1686 389 τὸ
1713 364 1796 396 ἕξεως
1815 355 1819 359 ’

1007 414 1053 441 καὶ
1068 413 1219 449 ἐνεργείας·
1237 412 1292 439 ἰδοὺ
1309 411 1363 447 γὰρ
1378 413 1411 447 ἣν
1434 412 1547 447 προεῖπε
1561 411 1684 446 δύναμιν,
1695 411 1795 447 ταύτην

1006 460 1055 487 νῦν
1068 459 1125 492 ἕξιν
1140 459 1232 495 φησὶν,
1249 459 1287 491 ὡς
1301 459 1511 495 ὴρμηνεύσαμεν
1523 458 1533 473 ¹
1549 458 1578 485 ἐν
1594 459 1650 489 τοῖς
1666 457 1795 493 ἀνωτέρω

1007 507 1037 533 ὲν
1050 508 1083 542 τῇ
1099 506 1204 542 μεγάλη
1217 507 1394 542 mmma-

1045 552 1172 584 οὐκοῦν,
1186 553 1213 578 εί
1225 552 1282 579 dsl.
1295 552 1355 578 ὀτι
1367 551 1398 578 οὐ
1412 551 1501 586 πάντη
1511 550 1620 586 ἄμοιροι
1633 551 1657 577 οἱ
1671 550 1797 586 δαίμονες

1007 599 1054 625 τοῦ
1069 597 1183 633 ἀγαθοῦ.

1047 645 1080 671 Τὸ
1096 645 1151 679 γὰρ
1164 644 1210 672 ἀεὶ
1223 645 1342 671 ταύτόν.
1360 644 1421 670 ’Ότι
1433 644 1465 670 τὸ
1483 644 1528 670 ἀεὶ
1545 643 1653 675 ταύτὸν,
1668 643 1734 670 ῐδιον
1747 641 1797 670 τοῦ

1009 690 1110 726 ἀγαθοῦ
1115 710 1122 717 .

1044 736 1136 763 Κακοί
1148 736 1182 763 δὲ
1201 737 1287 764 εἶναι.
1309 736 1357 763 Διά
1371 735 1396 763 τί
1417 737 1497 763 κακοὶ
1511 735 1633 770 λέγονται
1655 735 1680 762 οἱ
1702 735 1797 771 δαίμο-

1009 792 1054 815 νες
1065 792 1073 815 ;

1044 829 1151 862 Αὺτοῖς
1171 830 1302 862 ἔκϐασις.
1328 828 1460 855 Ἔκϐασιν
1483 827 1532 863 τὴν
1556 827 1726 863 ἀναχώρησιν
1748 826 1795 854 τοῦ

1011 875 1174 912 ἁρμόζοντος
1189 875 1273 910 λέγει·
1298 875 1421 901 ἀτέλειαν
1439 874 1468 901 δὲ
1483 874 1532 909 τὴν
1547 873 1593 900 τοῦ
1607 874 1719 905 τελείου,
1737 873 1796 908 ἦτοι

1010 922 1060 956 τῆς
1073 922 1239 957 τελειότητος
1255 921 1303 956 τὴν
1318 920 1446 955 ἔλλειψιν.

1045 969 1197 995 Φαντασία
1211 967 1371 1002 προπετής.
1384 967 1416 993 Τί
1430 968 1488 993 ἐστι
1500 966 1643 1001 φαντασία,
1657 966 1686 992 ἐν
1697 965 1798 1001 πρώτῳ

1010 1014 1146 1049 κεφαλαίῳ
1160 1014 1289 1050 εἴπομενμ

1051 1060 1143 1087 Ἀλλὰ
1156 1060 1258 1087 ταῦτα.
1285 1059 1350 1086 Ἰδοὺ
1363 1060 1409 1086 καὶ
1426 1060 1506 1096 ἑτέρα
1522 1059 1598 1091 λύσις
1608 1059 1656 1086 τοῦ
1672 1059 1709 1095 μὴ
1729 1057 1798 1086 εἶναι

1009 1106 1039 1132 τὸ
1057 1106 1141 1132 κακὸν
1154 1126 1160 1138 ,
1185 1106 1264 1141 φύσει
1285 1106 1386 1139 κακὸν,
1410 1106 1479 1133 ἀλλὰ
1499 1106 1568 1132 κατά
1593 1106 1728 1133 ἔκπτωσιν
1749 1106 1798 1133 τοῦ

1009 1151 1127 1185 ἀγαθοῦ·
1145 1152 1178 1178 τὸ
1192 1152 1246 1188 γὰρ
1262 1153 1290 1179 ὲν
1305 1153 1384 1187 φύσει
1397 1151 1426 1179 ὂν
1450 1152 1493 1179 ἀεὶ
1513 1151 1643 1183 ὡσαύτως
1659 1151 1731 1187 ἔχει.
1751 1153 1799 1179 καὶ

1010 1198 1040 1224 οὐ
1053 1197 1262 1230 καταϐάλλεται,
1273 1198 1367 1234 ὥσπερ
1382 1199 1447 1226 αὐτὸ
1460 1200 1490 1227 τὸ
1503 1199 1617 1233 ἀγαθόν·
1629 1199 1660 1225 τὺ
1674 1199 1702 1225 δὲ
1715 1198 1800 1225 κακὸν

1010 1243 1126 1270 ἄστατόν
1141 1245 1228 1275 ἐστιν,
1247 1245 1340 1280 ἐπειδὴ
1356 1246 1459 1281 φθείρει
1481 1246 1527 1272 καὶ
1548 1245 1649 1272 ἀλλοιοῖ
1667 1244 1699 1271 τὺ
1713 1253 1798 1280 προσ-

1009 1290 1101 1324 τυχὸν,
1117 1290 1155 1322 ὠς
1167 1290 1279 1326 εἴπομεν
1287 1291 1352 1318 ἀνω.
1362 1292 1466 1318 Οὐκοῦν
1477 1292 1526 1318 οὐκ
1538 1293 1566 1318 ὲν
1578 1290 1694 1326 φύσειτδ
1703 1289 1798 1323 κακὸν,

1009 1336 1104 1373 ὥσπερ
1120 1338 1165 1363 ἐπὶ
1183 1338 1237 1364 τῶν
1254 1338 1390 1373 δαιμόνων
1412 1338 1494 1373 φησὶν
1509 1339 1523 1364 ὁ
1539 1337 1609 1368 θεῖος
1623 1334 1700 1368 οὗτος
1717 1336 1797 1372 ἀνήρ’

1010 1384 1035 1410 εἰ
1050 1383 1105 1419 γὰρ
1128 1384 1178 1410 οὐκ
1192 1384 1235 1410 ἀεὶ
1253 1385 1333 1410 κακοὶ
1350 1385 1374 1410 οἱ
1397 1384 1537 1419 δαίμονες,
1559 1383 1589 1410 οὺ
1605 1383 1684 1418 φύσει
1701 1382 1797 1409 κακοί·

1010 1429 1040 1455 τὺ
1053 1429 1107 1465 γὰρ
1122 1430 1149 1456 ἐν
1159 1429 1238 1463 φύσει
1251 1430 1280 1456 ὃν
1293 1430 1336 1457 ἀεὶ
1349 1430 1478 1461 ὡσαύτως
1492 1430 1558 1465 ἔχει.
1577 1429 1729 1462 Ἀπέδειξεν
1741 1426 1798 1461 οὖν,

1011 1475 1051 1501 ὅτι
1064 1476 1111 1502 καὶ
1126 1475 1250 1511 δαίμονες
1262 1476 1329 1504 καθὸ
1344 1477 1409 1507 eiet,
1420 1476 1466 1503 καὶ
1482 1476 1581 1508 νοοῦσι,
1598 1476 1644 1502 καὶ
1660 1475 1737 1508 ζῶσι,
1753 1475 1800 1502 καὶ

1011 1521 1102 1555 ἔφεσιν
1120 1521 1210 1556 ἔχουσι
1236 1522 1283 1548 τοῦ
1306 1521 1420 1556 ἀγαθοῦ,
1444 1523 1494 1549 οὐκ
1518 1522 1570 1548 εἰσὶ
1596 1521 1676 1556 φύσει
1701 1521 1799 1554 κακοὶ,

1011 1567 1079 1594 ἀλλὰ
1109 1567 1180 1595 κατά
1209 1569 1386 1604 παρατροπὴν
1419 1569 1466 1595 τοῦ
1498 1568 1618 1603 ἀγαθοῦ,
1651 1569 1680 1595 ἐν
1702 1565 1724 1603 ᾧ
1751 1568 1802 1595 καὶ

1011 1613 1142 1648 ἐγένοντο.

1047 1701 1102 1738 [α]
1121 1702 1198 1729 Οὐδὲ
1224 1703 1301 1730 αὐτὰ
1323 1703 1386 1730 καθ’
1406 1703 1481 1731 αὑτὰ
1506 1703 1591 1730 κακά.
1626 1704 1654 1730 '0
1679 1703 1762 1739 θυμὸς
1786 1704 1802 1731 ἃ

1010 1748 1106 1783 ἄλογος
1120 1749 1179 1775 καθ’
1195 1750 1300 1782 ἑαυτὸν,
1317 1751 1363 1777 καὶ
1378 1751 1394 1786 ἡ
1416 1751 1495 1782 ἄνους
1511 1750 1642 1785 ἐπιθυμία
1663 1749 1722 1776 καθ’
1739 1750 1787 1776 ὲαυ

1009 1794 1068 1830 τὴν,
1084 1795 1132 1822 καὶ
1152 1796 1168 1830 ἡ
1190 1795 1328 1831 προπετὴς
1343 1796 1494 1830 φαντασία,
1512 1796 1542 1822 οῦ
1564 1796 1671 1828 πάντως
1687 1796 1735 1822 καὶ
1754 1796 1801 1822 ἐπὶ

1011 1841 1118 1867 πάντων
1134 1841 1228 1872 κακὸν,
1241 1841 1301 1868 καθ’
1319 1841 1403 1868 ἑαυτὰ
1417 1841 1598 1877 σκοπούμενοι,
1615 1841 1670 1868 ἀλλ’
1686 1841 1741 1868 ἐσθ’
1757 1841 1801 1868 ὅτε

1011 1887 1087 1922 καὶὴ
1104 1887 1243 1923 ἀναίρεσις
1261 1887 1349 1914 αὐτῶν
1369 1888 1527 1923 λυμαίνεται
1548 1888 1587 1924 τῷ
1606 1887 1693 1914 ταῦτα
1712 1888 1802 1923 ἔχοντι

1011 1932 1082 1968 ζώῳ,
1097 1933 1136 1965 ὥς
1150 1942 1216 1969 φησι
1231 1933 1340 1966 τελείως
1360 1935 1388 1960 ἐν
1410 1934 1448 1970 τῷ
1469 1935 1490 1966 ζ’
1514 1935 1653 1970 κεφαλαίῳ
1677 1934 1772 1961 τούτου
1789 1932 1803 1950 ⁸

1009 1978 1057 2004 τοῦ
1070 1978 1158 2013 λόγου.
1171 1979 1269 2010 Καλῶς
1279 1979 1308 2005 δὲ
1323 1980 1351 2005 ὲν
1365 1981 1425 2011 ταῖς
1442 1980 1549 2015 σχέσεσι
1564 1981 1677 2011 ταύταις
1692 1980 1725 2007 τὰ
1744 1979 1801 2007 δια-

1010 2024 1140 2051 ϐάλλοντα
1153 2025 1288 2058 τέθεικεν,
1302 2026 1362 2052 ὲπεί
1383 2026 1441 2052 ἐστι
1462 2026 1509 2052 καὶ
1526 2026 1610 2061 θυμὸς
1625 2025 1693 2061 μετά
1709 2025 1803 2060 λόγου,

1010 2071 1047 2102 ὡς
1060 2071 1074 2097 ὁ
1090 2071 1160 2098 κατὰ
1175 2071 1226 2107 τῆς
1241 2071 1387 2108 ἁμαρτίας,
1412 2072 1459 2099 καὶ
1479 2072 1550 2098 κατὰ
1564 2072 1617 2098 τῶν
1635 2072 1738 2107 ἐχθρῶν
1752 2071 1800 2098 τοῦ

1010 2117 1090 2144 Θεοῦ·
1117 2118 1164 2144 καὶ
1189 2118 1320 2154 ἐπιθυμία
1344 2118 1448 2150 ἔννους,
1472 2119 1509 2150 ὠς
1533 2119 1563 2144 τὺ
1592 2118 1733 2153 ἐπιθυμεῖν
1753 2117 1802 2144 τοῦ

1011 2163 1161 2199 βελτίονος·
1187 2165 1234 2191 καλ¹
1261 2165 1302 2191 τό·
1323 2165 1477 2199 Ἐπιθυμίᾳ
1496 2164 1669 2198 ἐπεθύμησα
1695 2163 1803 2198 φαγεῖν

1010 2211 1043 2236 τὸ
1057 2210 1162 2245 πάσχα
1181 2211 1269 2238 τοῦτο
1281 2211 1345 2245 μεθ’
1360 2210 1453 2245 ὑμῶν.
1467 2210 1560 2242 Οὕτως
1581 2210 1641 2236 ἐστὶ
1662 2210 1710 2236 καὶ
1731 2219 1801 2245 φαν-

1010 2256 1091 2283 τασία.
1105 2257 1135 2283 οὐ
1147 2257 1295 2293 προπετὴς,
1308 2257 1368 2284 καθ’
1380 2257 1413 2292 ἡν
1428 2257 1603 2292 ἐφαπόμεθα
1616 2256 1671 2283 τῶν
1685 2256 1798 2292 νοητῶν,

1012 2303 1051 2338 τῷ
1066 2303 1103 2338 νῷ
1116 2304 1195 2339 ἡμῶν
1210 2304 1289 2330 τοῦτο
1302 2304 1451 2335 ποιοῦντες.

1051 2350 1112 2384 οὐχ
1127 2350 1147 2384 ἡ
1166 2350 1283 2384 σχέσις.
1310 2350 1404 2385 Σχέσιν
1428 2350 1476 2385 μέν
1493 2357 1574 2385 φησιν
1597 2349 1661 2376 αὐτὸ
1676 2348 1707 2376 τὸ
1729 2349 1803 2385 ἔχειν

1015 2396 1120 2428 ἀπλῶς·
1136 2396 1171 2422 τὰ
1188 2396 1217 2422 δὲ
1233 2397 1435 2432 προειρημένα,
1451 2396 1522 2430 λέγω
1600 2395 1684 2430 θυμὸς
1703 2396 1748 2422 καὶ
1765 2395 1801 2422 τὰ

1015 2442 1185 2477 συνημμένα,
1201 2442 1250 2477 τῆς
1271 2441 1299 2468 ἐν
1314 2450 1369 2468 τισι
1386 2441 1465 2473 ζώοις
1491 2441 1620 2477 ἰδιότητος
1643 2441 1801 2467 auom-rimi.

1014 2487 1143 2522 δυνάμεις
1157 2488 1221 2519 εἰσὶ,
1243 2488 1290 2514 καὶ
1305 2487 1375 2514 κατά
1389 2487 1467 2514 τοῦτο
1480 2487 1510 2514 οὺ
1525 2486 1609 2514 κακὸν
1627 2487 1661 2513 τά
1676 2486 1798 2513 τοιαῦτα.

1055 2578 1136 2606 Ἀλλ’
1155 2578 1173 2612 ᾔ
1189 2579 1243 2605 οὐκ
1258 2578 1332 2605 ἐστι.
1349 2579 1425 2605 Κατά
1439 2578 1529 2606 κοινοῦ
1541 2578 1571 2605 τὸ
1582 2577 1657 2605 κατὰ
1670 2577 1775 2611 φύσιν.

1049 2667 1090 2704 [γ]
1124 2669 1165 2695 οὺ
1185 2667 1301 2703 μήποτε
1327 2668 1430 2702 αὑτάς.
1469 2668 1533 2696 Ἰδοὺ
1557 2667 1673 2695 ἐνταῦθα
1705 2667 1803 2702 σαφῶς

639 2835 757 2864 VARUE
777 2835 969 2865 LEGTIONES
987 2835 1031 2864 ET
1051 2833 1328 2864 CORREGTIONES.

218 2910 221 2918 '
245 2909 298 2944 πρὸ
320 2909 428 2945 μικροῦ.
465 2909 533 2937 ³τοῦ
545 2908 736 2945 προϐλήματος
751 2908 856 2936 τούτου.
