1923 3064
128 172 183 200 295

510 168 539 197 S.
557 169 681 196 MAXIMI
702 167 847 196 SCHOLIA
864 167 896 194 IN
917 167 979 194 LIB.
994 166 1040 193 DE
1058 165 1183 193 DlV'lNIS
1202 164 1401 193 NOMINIBUS.

1708 167 1760 194 294

130 237 223 264 φησιν,
239 228 280 254 ὅτι
299 227 329 260 ἐξ
344 227 466 263 ἀγγέλων
477 228 501 254 οἱ
511 228 636 263 δαίμονες
646 235 652 242 ·
668 227 718 258 τὰς
731 227 785 263 γὰρ
798 226 914 258 δοθείσας

971 233 1020 253 nes
1030 233 1092 253 esse
1106 233 1137 252 ex
1154 225 1276 260 angelis;
1290 231 1345 251 non
1360 223 1433 251 enim
1450 223 1551 251 donata
1567 224 1620 252 sibi
1637 227 1760 261 angelica

128 276 222 306 αὐτοῖς
232 274 379 308 ἀγγελικὰς
402 274 506 310 δωρεὰς
527 273 577 300 οὐκ
599 273 800 304 ἀποϐάλλουσι,
824 274 917 299 τουτέ-

130 329 188 347 στιν
205 321 273 356 ὅπερ
291 321 323 347 ἐκ
345 321 451 355 φύσεως
469 320 575 355 ἔχουσιν
603 319 720 354 ἀγαθὸν,
734 319 764 345 οὐ
788 319 918 355 μετατρέ-

129 375 236 399 πουσιν,
248 367 272 393 εἰ
284 367 332 393 καὶ
355 367 430 393 αὐτοὶ
447 366 482 402 μὴ
500 366 637 400 βούλονται
656 367 722 401 ὸρᾷν
735 366 766 392 τὸ
783 365 811 391 ἐν
827 366 918 397 αὐτοῖς

128 411 198 446 φῶς,
214 411 346 447 μύσαντες
362 411 450 437 αὺτῶν
465 410 514 442 τὰς
529 410 715 445 ἀγαθοπτικὰς
728 410 864 445 δυνάμεις,
881 411 918 442 ὡς

129 457 160 483 τὸ
181 456 325 492 εἰρημένον
349 457 413 492 περὶ
435 456 488 482 τῶν
511 455 699 491 Ἰσραηλιτῶν·
719 455 791 488 Τοὺς
807 455 917 490 ὀφθαλ-

125 504 205 539 μοὺς
228 502 326 530 αὐτῶν
347 503 543 537 ἐκάμμυσαν,
568 501 617 528 καὶ
644 501 705 534 τοῖς
724 501 799 528 ὠσὶν
819 501 918 528 αὐτῶν

126 550 244 584 ,βαρέως
274 549 429 584 ἤκουσαν,
460 548 577 582 μήποτε
611 547 835 582 ἐπιστρέψωσι,
869 547 918 574 καὶ

128 597 255 631 ἐάσωμαι
268 596 388 628 αὐτούς.
409 595 566 630 Σημείωσαι
582 594 621 625 δὲ,
640 595 681 620 ὅτι
697 594 849 628 φωτοειδεῐς
872 594 918 621 καὶ

128 644 154 670 οἱ
168 643 305 677 δαίμονες,
327 641 425 676 μᾶλλον
442 640 470 666 δὲ
486 639 563 674 φῶτα
583 640 642 666 κατ’
657 638 760 671 οὐσίαν,
781 638 819 670 ὡς
833 638 880 665 καὶ
894 639 918 664 οἱ

128 689 217 715 λοιποὶ
230 687 349 722 ἄγγελοι·
365 687 436 713 οὓτω
450 686 497 712 καὶ
512 686 540 712 ὲν
560 684 743 719 Εὑαγγελίοις’
760 684 915 718 Ἐθεώρουν

127 735 182 762 τὸν
196 733 336 762 Σατανᾶν
350 734 390 766 ὡς
403 731 572 766 ἀστραπήν.

166 781 203 817 [δ]
238 781 380 815 Λέγονται
408 779 502 807 κακοί.
525 780 580 814 υὺχ
604 778 695 809 ἁπλῶς
721 778 751 804 τὸ
774 777 916 811 λέγεσθαι,

128 828 198 855 ἀλλὰ
207 827 238 854 τὸ
249 828 278 854 ὂν
289 829 322 862 τῇ
337 827 417 861 φύσει
428 825 567 861 ζητητέον.
581 825 616 852 Τὸ
625 825 664 856 δὲ,
680 825 751 851 καθὸ
761 825 815 851 οὐκ
828 825 916 855 εἰσὶν,

127 874 200 900 οὕτω
225 873 352 908 νοητέον⁶
372 873 408 899 Οὺ
431 872 573 907 γεγόνασιν
603 871 649 897 ἐπὶ
677 872 838 906 παρατροπῇ
862 870 917 896 τῶν

129 920 220 947 θεόθεν
237 920 327 951 αὐτοῖς
340 919 487 954 δεδομένων
501 917 620 952 ἀγαθῶν,
637 917 721 950 έξεὼν
730 925 760 943 τε
775 917 821 943 καὶ
839 917 916 952 ἐνερ-

127 966 221 1000 γειῶν,
237 966 332 1000 ἥντινα
352 964 531 999 ἀποθέμενοι,
549 962 675 998 γεγόνασι
689 962 785 994 κακοὶ,
808 962 868 988 καθ’
883 962 915 998 ἦν

125 1012 179 1038 οὐκ
193 1012 246 1038 εἰσὶ
259 1011 289 1037 τὸ
304 1009 373 1038 εἶναι
389 1011 525 1046 λαχόντες.

164 1098 206 1134 [α]
240 1099 295 1126 Καὶ
318 1099 370 1125 τοῦ
392 1098 434 1133 μὴ
458 1098 553 1131 ὄντος.
580 1097 642 1130 Πῶς
662 1099 687 1124 οἱ
710 1098 757 1125 τοῦ
781 1099 817 1134 μὴ
841 1098 916 1130 ὄντος

127 1145 266 1180 ἐφιέμενοι
284 1145 330 1171 τοῦ
350 1144 437 1171 κακοῦ
459 1144 598 1178 ἐφίενται,
613 1144 722 1171 λεκτέον
745 1143 865 1180 [οὖτως].
887 1145 916 1171 ὐ

127 1190 194 1222 Θεὸς
214 1190 243 1217 ὃν
259 1191 332 1217 ἐστιν
359 1190 428 1226 ὑπὲρ
443 1191 477 1216 τὰ
492 1190 568 1217 ὅντα·
594 1191 640 1217 καὶ
654 1191 670 1226 ὴ
692 1190 805 1225 ἀλήθεια
825 1188 871 1217 οὖν
886 1191 916 1218 τὸ

125 1236 156 1262 ὅν
171 1237 256 1268 ἐστιν,
269 1237 364 1271 ἐπειδὴ
377 1236 425 1262 καὶ
436 1237 452 1271 ὴ
465 1236 577 1272 ἀλήθεια
590 1236 604 1261 ὁ
618 1235 684 1267 Θεός
698 1237 770 1262 ἐστιν
780 1244 787 1250 ·
804 1236 916 1268 εἰκότως

125 1280 173 1308 οὖν
196 1282 226 1308 τὸ
250 1282 434 1318 ἀντικείμενον
454 1284 487 1318 τῇ
509 1282 621 1318 ἀληθείᾳ
640 1282 736 1316 ψεῦδός
756 1282 829 1313 ἐστι,
847 1283 915 1318 μήτε

125 1327 171 1355 ὅν·
196 1327 248 1360 ἔξω
262 1328 315 1364 γάρ
338 1329 395 1355 ἐστι
418 1328 465 1354 τοῦ
488 1328 554 1355 Θεοῦ
581 1327 734 1359 παντελῶς·
753 1329 820 1364 μήτε
835 1328 915 1356 εἰκὼν

125 1366 253 1411 ἀλιηθείας
274 1375 319 1402 δνυ
336 1375 412 1402 οὐδὲν
428 1375 482 1410 γὰρ
498 1374 598 1408 ἀγαθὸν
620 1375 652 1400 ἐκ
674 1373 721 1400 τοῦ
749 1374 816 1400 Θεοῦ
847 1374 913 1409 ἔχει.

133 1421 242 1457 Ἐπειδὴ
255 1421 283 1447 δὲ
299 1421 385 1448 πείθει
399 1421 474 1452 τινὰς
488 1420 555 1452 ὅλως
566 1418 635 1448 εἷναί
646 1429 681 1453 τι,
692 1420 767 1446 ἔσται
781 1421 914 1447 σκοτεινὸν

126 1468 175 1494 καὶ
196 1467 315 1503 ἀμυδρὸν
342 1467 396 1494 τῶν
419 1467 542 1493 ὁπωσοῦν
563 1467 647 1493 ὄντων
669 1466 786 1493 εἴδωλον.
808 1466 853 1492 Διὸ
869 1468 915 1494 καὶ

124 1513 251 1550 ἐνεργείᾳ.
274 1513 383 1540 εἴδωλον
395 1533 402 1545 ,
432 1514 479 1539 καὶ
500 1513 625 1548 ἐνεργείᾳ
643 1511 755 1547 ψεῦδος,
776 1513 914 1540 τουτέστιν

124 1559 259 1595 ἀληθινῶς
271 1561 281 1574 ⁸
299 1559 345 1585 καὶ
363 1559 446 1591 ὖντως
457 1559 568 1594 ψεῦδος·
592 1556 651 1585 ὅθεν
674 1559 720 1585 καὶ
738 1559 861 1594 ἐνεργείᾳ
878 1559 914 1595 μὴ

934 903 953 929 Β

970 279 1084 298 munera
1111 270 1264 306 ahjiciunt,
1290 270 1317 297 id
1337 274 1379 297 est
1405 269 1506 297 bonum
1529 270 1602 305 quod
1625 278 1642 298 a
1665 277 1761 300 natura

969 317 1088 348 habent,
1104 324 1159 344 non
1173 319 1318 346 evertunt,
1334 315 1461 350 quamvis
1481 315 1534 350 ipsi
1559 316 1647 343 nolint
1669 318 1762 346 videre

969 363 1062 390 lumen
1078 370 1170 395 suum,
1186 362 1252 390 dum
1274 369 1339 390 suas
1353 361 1449 389 videre
1472 363 1595 390 valentes
1617 363 1762 392 facultates

969 409 1135 441 obstruunt,
1158 412 1186 435 ut
1211 407 1352 443 Scriptura
1376 407 1409 434 de
1428 407 1568 442 israelitis,
1586 409 1682 436 Oculos
1699 418 1760 438 suos

969 455 1131 486 clauserunt,
1147 459 1171 482 et
1187 453 1295 481 auribus
1310 454 1425 489 graviter
1441 455 1582 482 audierunt
1596 475 1604 487 ,
1624 457 1760 491 nequando

969 507 1167 534 conuertantur,
1182 507 1206 528 et
1231 509 1321 528 sanem
1336 501 1405 534 ipsos
1417 504 1441 527 ο.
1459 500 1529 528 Nota
1544 509 1608 529 vero
1624 502 1760 531 tleemtmes

969 551 1069 575 natura
1084 555 1134 576 sua
1150 548 1232 575 etiam
1247 547 1353 574 lucidos
1369 554 1440 580 esse,
1457 548 1523 582 quin
1547 549 1639 582 potius
1657 548 1760 576 lumina

970 598 1000 620 ut
1014 593 1105 621 caeteri
1120 592 1226 628 angeli;
1243 593 1284 620 sic
1299 594 1327 620 in
1343 592 1497 629 Evangeliis
1512 603 1518 620 :
1536 593 1662 621 Videbam
1677 594 1759 622 Sata-

969 647 1031 666 nam
1047 644 1171 674 tanquam
1188 639 1279 673 fulgur
1290 644 1308 667 P.

1005 775 1071 803 Mali
1087 777 1269 804 nominantur.
1285 776 1343 803 Non
1359 775 1520 810 simpliciter
1534 775 1600 810 quid
1620 775 1758 808 dicantur,

969 823 1016 850 sed
1035 822 1101 857 quid
1118 827 1217 849 natura
1243 822 1310 854 sint,
1334 822 1523 857 quaerendum.
1558 822 1626 849 Illud
1648 827 1756 853 autem,

969 872 1104 904 quatenus
1118 877 1172 896 non
1187 873 1263 901 sunt,
1281 869 1318 896 ita
1335 868 1557 903 intelligendum:
1573 867 1630 896 Non
1647 868 1758 896 fuerlutt

966 916 1051 942 creati
1068 915 1095 942 in
1108 916 1305 950 depravatione
1316 915 1444 942 datorum
1455 915 1507 943 sibi
1521 915 1653 942 divinitus
1672 915 1759 942 bono-

967 970 1044 995 rum,
1067 963 1265 997 habituumque
1276 966 1303 989 et
1324 962 1479 994 actionum,
1494 969 1575 997 quam
1597 969 1659 989 cum
1675 969 1759 997 appo-

967 1012 1093 1040 suerunt,
1110 1009 1174 1035 mali
1193 1011 1340 1036 e‘vaserunt
1352 1028 1360 1040 ,
1377 1009 1405 1035 in
1421 1015 1474 1043 qua
1495 1014 1622 1035 naturam
1646 1008 1759 1036 minimc

966 1058 1141 1089 acceperunt.

1002 1100 1120 1135 Dumque
1135 1100 1162 1126 id
1176 1100 1245 1136 quod
1260 1108 1311 1127 non
1325 1104 1375 1128 est.
1392 1100 1534 1134 Quomodo
1552 1101 1599 1136 qui
1614 1101 1687 1136 quod
1701 1109 1759 1129 non

965 1151 1007 1174 est
1031 1150 1181 1181 appetunt,
1215 1147 1314 1173 malum
1347 1150 1476 1181 appetant
1505 1146 1653 1174 dicendum
1682 1145 1756 1183 [sic].

966 1192 1038 1220 Deus
1054 1196 1096 1220 est
1113 1200 1162 1220 ens
1178 1199 1261 1227 supra
1281 1193 1370 1224 entia,
1383 1196 1411 1219 et
1426 1193 1527 1219 veritas
1542 1192 1625 1228 igitur
1639 1196 1681 1220 est
1695 1200 1759 1225 ens,

965 1238 1094 1272 quoniam
1110 1237 1182 1265 Deus
1197 1240 1239 1265 est
1253 1237 1371 1269 veritas;
1390 1237 1486 1263 merito
1501 1244 1565 1272 ergo
1585 1237 1695 1264 veritati
1709 1245 1759 1272 op-

966 1283 1077 1318 ponitur
1100 1283 1222 1315 falsitas,
1243 1290 1304 1317 quae
1327 1287 1369 1310 est
1395 1290 1451 1309 non
1469 1290 1537 1316 eus,
1563 1290 1626 1309 nam
1643 1290 1759 1318 prorsus

964 1333 1041 1357 extra
1058 1328 1142 1356 Deum
1157 1332 1209 1362 est,
1230 1336 1318 1363 neque
1333 1331 1376 1356 est
1389 1328 1512 1355 veritatis
1523 1328 1625 1364 imago,
1650 1329 1757 1356 nullum

964 1375 1036 1402 enim
1051 1382 1067 1401 a
1085 1374 1139 1401 Deo
1155 1375 1256 1402 bonum
1273 1373 1374 1407 habet;
1392 1375 1520 1409 quoniam
1534 1379 1623 1402 autem
1639 1383 1757 1410 persua-

965 1420 1010 1449 det
1023 1421 1186 1455 quibusdam
1205 1429 1318 1456 prorsus
1333 1429 1394 1448 esse
1405 1421 1521 1456 aliquid,
1540 1421 1688 1449 obscurum
1705 1423 1758 1449 erit

965 1474 997 1494 ac
1008 1470 1090 1495 tenue
1101 1475 1193 1494 rerum
1207 1467 1252 1494 vix
1264 1467 1458 1495 exsisteutium
1478 1467 1654 1494 simulacrum
1669 1476 1676 1494 :
1690 1475 1760 1502 pro.

965 1516 1056 1547 plerea
1070 1518 1097 1540 et
1110 1512 1230 1540 efﬁcacia
1252 1513 1442 1546 simulacrum,
1458 1517 1484 1540 et
1499 1512 1622 1540 efﬁcacia
1645 1513 1755 1546 falsum,

964 1559 991 1586 id
1003 1563 1046 1586 est
1060 1568 1122 1587 vere
1133 1567 1165 1586 ac
1176 1559 1286 1587 realiter
1301 1559 1418 1592 falsum;
1437 1559 1509 1587 unde
1523 1563 1550 1587 et
1565 1559 1686 1587 efficacia
1702 1569 1757 1588 non

124 1605 166 1636 Eu,
179 1606 228 1632 οὐκ
241 1605 270 1631 ὃν
283 1606 352 1636 ἐστι,
369 1605 415 1632 καὶ
438 1605 521 1636 ὅντως
538 1604 577 1640 μὴ
590 1604 629 1631 ὃν.
648 1604 798 1640 Τοιγαροῦν
819 1604 913 1640 ὥσπερ

967 1613 1024 1637 ens,
1037 1613 1068 1632 ac
1081 1605 1190 1633 realiter
1206 1613 1262 1632 non
1273 1613 1333 1638 ens,
1346 1613 1409 1632 cum
1424 1613 1480 1632 non
1496 1605 1532 1632 sit
1551 1609 1594 1632 est
1614 1609 1716 1639 tamen.
1730 1610 1758 1634 et

124 1651 173 1678 καὶ
186 1651 232 1677 ἐπὶ
248 1652 301 1678 τῶν
316 1651 420 1686 ψευδῶς
435 1651 530 1682 ὅντων,
545 1651 591 1677 καὶ
605 1651 634 1677 τὺ
652 1650 711 1677 ὂλον
725 1650 805 1677 τοῦτο
819 1651 914 1685 ψεῦδος

124 1697 220 1729 ὄντων,
244 1697 274 1723 τὸ
288 1697 395 1732 ψεῦδος,
412 1696 564 1732 ἀναιρεθὲν,
580 1698 669 1723 πᾶσαν
692 1697 741 1732 τὴν
755 1697 846 1724 οὐσίαν
867 1696 914 1723 τοῦ

124 1742 287 1778 πράγματος
307 1744 427 1779 ἀναιρεῖ·
445 1742 516 1770 οὕτω
531 1743 577 1769 και¹
601 1744 614 1769 ὁ
627 1742 675 1769 τοῦ
699 1743 811 1777 ψεύδους
833 1743 914 1778 ἐρῶν,

124 1788 220 1824 ὥσπερ
242 1790 266 1815 οἱ
288 1789 432 1824 δαίμονες,
455 1789 503 1816 τοῦ
525 1789 561 1824 μὴ
577 1789 652 1820 ὄντος
666 1789 733 1824 ἐρᾷ,
754 1788 801 1815 καὶ
825 1789 854 1814 ὲν
876 1789 915 1824 τῷ

123 1834 192 1866 ὄντι,
207 1835 345 1862 τουτέστιν
360 1836 388 1862 ὲν
407 1836 440 1871 τῇ
472 1835 584 1870 ἀληθείᾳ
597 1835 645 1870 οὐχ
657 1835 781 1870 ἕστηκεν,
794 1835 831 1866 ὡς
845 1836 914 1870 αὑτὴ

122 1881 142 1916 ἡ
159 1881 276 1916 Αλήθειά
291 1890 382 1917 φησιν.
406 1881 437 1907 Οἱ
462 1879 507 1908 οὖν
527 1881 668 1916 δαίμονες,
684 1881 774 1913 καθώς
798 1890 879 1917 φησιν
900 1881 914 1907 ὁ

130 1926 251 1962 Ἰησοῦς,
268 1927 382 1962 ψεῦσται
402 1927 493 1960 ὄντες,
516 1928 562 1954 καὶ
583 1927 701 1963 πατέρες
718 1927 765 1954 τοῦ
781 1927 894 1962 ψεύδους
905 1947 914 1958 ,

122 1971 187 2000 οὔτε
201 1974 263 2005 εἰσὶ,
280 1975 325 2000 καὶ
338 1973 385 2000 τοῦ
403 1974 440 2009 μὴ
452 1973 528 2005 ὄντος
540 1973 672 2008 ἐφίενται,
687 1974 751 2000 ὅταν
768 1974 814 2000 καὶ
828 1974 913 2000 κακοῦ

123 2018 246 2053 ἐφίενται
261 2019 308 2045 τοῦ
324 2019 448 2054 ψεύδους.

163 2064 203 2100 [β]
221 2064 341 2100 §XXIV.
359 2067 394 2092 El
414 2066 448 2092 δὲ
467 2065 499 2092 τὸ
523 2066 715 2093 κακὼέσοαι.
742 2066 915 2101 Σημείωσαι,

122 2112 166 2138 ὅτι
194 2112 224 2138 τὸ
252 2112 424 2146 συγγίνεσθαι
453 2113 547 2144 κακοῖς
576 2112 622 2138 ἐπὶ
651 2112 763 2148 προνοίᾳ
793 2111 839 2138 τοῦ
868 2113 914 2139 καὶ

122 2157 196 2183 αὐτὰ
220 2157 399 2192 ἀγαθύνεσθαι
416 2159 426 2173 ³
448 2158 477 2184 οὐ
500 2157 595 2188 κακὸν,
617 2157 686 2183 κατὰ
706 2157 736 2183 τὸ
755 2158 911 2193 εἰρημένον·

130 2203 294 2237 Ἑτενὸμιην
326 2203 388 2236 τοῖς
413 2204 551 2238 ἀνόμοις,
578 2204 618 2236 ὡς
639 2203 763 2238 ἄνομος,
785 2203 835 2229 ἵνα
865 2204 915 2230 καὶ

121 2250 255 2283 ἀνόμους
272 2248 416 2283 κερδήσω.
435 2250 558 2285 Ἔφημεν
574 2249 602 2275 δὲ
618 2249 666 2276 καὶ
681 2250 808 2284 ἀνωτέρω
826 2250 854 2276 ὲν
875 2250 913 2285 τῷ

122 2299 145 2322 ε’
171 2295 325 2331 κεφαλαίῳ,
354 2295 391 2331 μὴ
416 2296 531 2332 παντελῆ
564 2296 690 2332 στέρησιν
714 2295 839 2330 γενέσθαι
865 2296 912 2322 τοῦ

121 2341 227 2375 ἀγαθοῦ
248 2342 277 2368 ἐν
293 2343 349 2372 τοῖς
364 2339 448 2374 οὖσιν,
461 2342 522 2368 ἐπεὶ
542 2341 589 2368 καὶ
606 2341 740 2377 παντελὴς
757 2342 864 2375 ἐγένετο
879 2341 911 2368 ἂν

122 2387 212 2423 φθορὰ
232 2388 278 2414 καὶ
303 2388 389 2423 αὐτῆς
411 2388 460 2423 τῆς
483 2387 600 2422 φθορᾶς,
619 2387 686 2413 ἀλλὰ
713 2388 772 2413 κατ’
797 2386 911 2422 ἔλλειψιν

119 2432 170 2459 τοῦ
187 2433 287 2467 ἀγαθοῦ
302 2434 426 2469 μερικὴν.
440 2432 543 2459 Οὐκοῦν
559 2432 628 2459 κατὰ
640 2432 719 2459 τοῦτο
735 2432 822 2468 οὕτεὴ
839 2432 910 2468 ψυχὴ

120 2479 253 2511 παντελὲς
269 2480 324 2515 ἔχει
341 2480 371 2506 τὸ
388 2480 481 2511 κακὸν,
497 2479 563 2506 ἀλλὰ
579 2479 609 2505 τὸ
628 2479 676 2514 μὲν
692 2479 757 2511 ἕξει,
774 2479 804 2505 τὸ
819 2479 846 2505 δὲ
863 2479 911 2514 οὐχ

119 2525 178 2558 ἕξει
189 2534 196 2540 η
215 2526 261 2552 καὶ
274 2526 304 2552 τὸ
318 2526 366 2560 μὲν
382 2525 482 2560 ἀγαθὸν
499 2526 635 2557 οὐσιῶδες,
652 2526 682 2552 τὸ
695 2525 723 2552 δὲ
743 2525 827 2552 κακὸν
843 2525 909 2557 ἔξω-

119 2572 177 2598 θεν.
199 2571 278 2598 Ἀλλὰ
294 2572 341 2598 καὶ
357 2571 441 2603 οὕτως
465 2573 523 2607 ἐρεῖ
544 2581 585 2603 τις
604 2572 687 2599 κακὸν
703 2569 772 2598 εἶναι
787 2573 821 2607 τῇ
837 2571 909 2607 ψυχῇ

121 2620 167 2645 τὸν
190 2618 358 2654 ὲμποδισμδν
381 2618 430 2653 τῆς
452 2618 555 2649 οἰκείας
576 2618 646 2644 κατὰ
663 2617 742 2652 φύσιν
760 2617 908 2653 ἐνεργείας.

121 2664 152 2691 El
167 2665 215 2691 καὶ
231 2664 331 2698 ἔξωθεν
354 2664 441 2690 τοίνυν
457 2661 490 2699 ἦν
513 2665 527 2690 ὁ
543 2662 723 2698 ἐμποδισμὸς,
737 2663 794 2689 ἀλλ’
808 2661 854 2690 οὖν
872 2663 910 2694 ὡς

152 2750 167 2762 ι’
183 2744 279 2771 Matth.
299 2752 359 2776 xm,
379 2744 421 2770 15.
456 2749 470 2767 P
486 2743 551 2770 Luc.
571 2750 598 2774 ιι,
619 2742 660 2769 13.

930 2283 950 2310 D

964 1651 1074 1678 realiter
1094 1658 1149 1678 non
1165 1656 1217 1679 est.
1240 1651 1335 1686 Itaque
1358 1651 1429 1679 sicut
1445 1651 1527 1678 etiam
1552 1651 1579 1678 in
1595 1651 1664 1679 falso
1682 1651 1757 1679 exsi-

965 1696 1100 1724 stentibus
1110 1704 1142 1723 ac
1153 1697 1264 1724 omnino
1276 1697 1375 1725 falsum
1389 1697 1442 1724 hoc
1455 1697 1534 1732 157
1547 1697 1756 1730 exsistentibus,

966 1742 1063 1782 falsum
1079 1743 1199 1770 ablatum
1212 1764 1219 1776 ,
1235 1751 1342 1771 onmem
1359 1744 1399 1771 rei
1415 1743 1563 1771 essentiam
1578 1743 1668 1771 aufert
1683 1753 1690 1772 :
1716 1744 1757 1772 sic

964 1797 1073 1823 quoque
1087 1788 1217 1816 falsitatis
1233 1796 1328 1816 amans
1344 1793 1373 1816 ut
1387 1789 1536 1822 daemones,
1553 1793 1626 1816 amat
1637 1789 1666 1816 id
1681 1790 1756 1825 quod

964 1842 1018 1861 ιιοιι
1033 1838 1087 1867 est,
1103 1842 1136 1862 ac
1151 1835 1179 1862 in
1197 1842 1230 1862 eo
1244 1835 1317 1870 quod
1330 1839 1373 1862 est
1387 1843 1436 1863 seu
1452 1836 1480 1862 in
1495 1836 1609 1864 veritate
1623 1844 1678 1864 non
1691 1841 1754 1870 stat,

964 1880 1036 1908 sicut
1051 1880 1158 1908 Veritas
1185 1880 1245 1916 ipsa
1271 1881 1338 1908 dicit
1355 1886 1379 1910 ει.
1400 1881 1543 1910 Daemones
1561 1883 1656 1918 igitur,
1684 1884 1758 1911 sicut

963 1926 1044 1954 Jesus
1059 1927 1108 1958 ait,
1121 1927 1268 1955 mendaces
1283 1928 1447 1956 exsistentes
1458 1935 1491 1955 ac
1501 1928 1635 1956 mendacii
1650 1933 1754 1964 patres,

964 1980 1053 2008 neque
1069 1977 1143 2005 sunt,
1164 1981 1195 2000 ac
1212 1973 1237 2000 id
1254 1974 1327 2009 quod
1343 1982 1398 2001 non
1415 1979 1458 2003 est
1479 1979 1626 2011 appetunt,
1644 1977 1756 2012 quando

964 2019 1066 2046 malum
1081 2018 1209 2047 falsitatis
1225 2023 1365 2054 appetunt.

999 2064 1013 2100 §
1035 2063 1130 2092 XXIV.
1154 2064 1203 2092 Sin
1229 2074 1288 2092 vero
1314 2066 1463 2101 depravari.
1491 2066 1576 2099 Nota,
1597 2067 1755 2095 conversari

964 2119 1026 2138 cum
1048 2112 1142 2144 malis,
1168 2111 1346 2147 providendo,
1368 2116 1398 2138 ut
1423 2113 1503 2139 etiam
1529 2113 1600 2139 bona
1621 2113 1755 2145 evadant,

963 2165 1019 2184 nou
1046 2158 1162 2191 malum,
1188 2158 1265 2192 juxta
1293 2157 1483 2193 Scripturam:
1510 2158 1609 2186 Factus
1633 2168 1691 2186 sum
1721 2161 1753 2188 iis

964 2203 1009 2238 qui
1032 2204 1089 2230 sine
1105 2204 1158 2239 lege
1172 2208 1258 2237 erant,
1275 2208 1401 2239 tanquam
1415 2205 1470 2231 sine
1488 2204 1552 2240 lege,
1568 2209 1598 2232 ut
1613 2206 1754 2240 lucriface-

965 2258 1020 2276 rem
1043 2258 1086 2277 eas
1102 2251 1146 2285 qui
1162 2251 1218 2277 sine
1233 2250 1288 2286 lege
1298 2255 1317 2278 τ.
1335 2250 1458 2278 Diximus
1474 2255 1565 2279 autem
1582 2253 1709 2287 superius
1725 2254 1753 2281 in

966 2295 1055 2330 capite
1068 2295 1164 2330 quinto
1184 2304 1238 2322 non
1252 2303 1314 2323 esse
1326 2296 1479 2323 absolutam
1494 2297 1560 2324 boni
1571 2297 1752 2332 privationem

965 2340 993 2367 in
1014 2349 1107 2368 rerum
1123 2345 1233 2375 natura,
1248 2342 1313 2377 quia
1329 2342 1453 2370 absoluta
1473 2350 1582 2378 quoque
1597 2350 1669 2371 esset
1689 2353 1752 2372 cor-

964 2388 1055 2420 ruptio
1075 2386 1163 2421 ipsius
1180 2387 1262 2414 etiam
1285 2387 1484 2422 corruptionis;
1501 2396 1595 2416 verum
1615 2389 1643 2416 in
1667 2390 1754 2424 parti-

965 2432 1051 2460 culari
1067 2432 1131 2458 boni
1147 2432 1253 2460 defectu
1271 2433 1384 2467 (malum
1405 2434 1577 2469 consistere).
1595 2434 1689 2470 itaque
1713 2444 1754 2464 se-

964 2478 1084 2505 cundum
1100 2477 1151 2504 hoc
1165 2485 1253 2512 neque
1267 2478 1357 2505 anima
1372 2478 1528 2506 absolutum
1545 2479 1625 2507 habet
1638 2480 1750 2513 malum,

963 2525 1012 2552 sed
1030 2531 1114 2551 unum
1131 2523 1241 2558 quidem
1265 2524 1391 2557 habebit,
1413 2525 1529 2552 alterum
1551 2533 1606 2552 non
1626 2525 1749 2559 habebit;

963 2570 1075 2605 etquod
1090 2570 1203 2602 bonum,
1216 2571 1362 2598 essentiale
1375 2575 1427 2603 est,
1442 2571 1514 2606 quod
1530 2575 1620 2599 autem
1637 2573 1749 2603 malum,

964 2617 1135 2645 extrinsecus
1157 2617 1267 2644 accidit.
1290 2617 1339 2649 At,
1364 2617 1407 2644 bis
1429 2617 1511 2645 etiam
1541 2617 1653 2652 positis,
1679 2618 1752 2644 dicet

963 2662 1025 2697 quis
1051 2662 1152 2688 malum
1174 2669 1236 2689 esse
1260 2663 1357 2690 animm
1378 2662 1612 2698 impedimentum,
1635 2663 1752 2697 propriae

709 2747 721 2766 τι
739 2741 817 2768 Joan.
837 2739 948 2778 “11,44.
981 2744 994 2758 τ
1011 2739 1021 2765 1
1038 2740 1101 2768 Cor.
1121 2748 1158 2772 ix,
1175 2740 1220 2768 2|.

584 2820 699 2848 νΑιιιΑς
718 2817 911 2847 LECTIONES
928 2817 973 2845 ET
992 2817 1271 2846 CORREGTIONES.

159 2903 171 2918 ⁸
185 2901 323 2937 ἀληθινόν.

367 2900 377 2916 ⁵
393 2899 537 2935 ἀγαθῦναι.
