1923 3064
174 164 228 193 9.95

620 162 792 190 APPENDIX
810 162 856 190 AD
869 162 984 191 OPERA
1000 163 1029 192 S.
1045 163 1195 193 DlONYSll
1212 164 1457 194 AREOPAGITE.

1759 166 1813 194 296

176 220 328 249 secundum
345 224 473 248 naturam
491 221 677 256 operationis;
695 227 761 256 ergo
782 220 908 255 quamvis
922 229 963 248 ex-

1022 222 1051 248 ὲν
1072 221 1160 257 σκότῳ
1176 221 1285 257 βλέπειν
1309 222 1467 258 κωλυομένη
1484 221 1570 259 ψυχὴ,
1597 228 1704 259 ποιησει
1726 223 1812 251 κακά.

175 269 313 296 trinsecus
338 267 386 294 ﬁat
408 267 649 303 impedimentum,
672 267 850 294 nihilominus
872 271 965 295 tamen

176 315 267 342 anima
282 315 356 342 velut
371 315 399 341 in
413 314 536 342 tenebris
546 315 638 342 videre
653 313 802 349 prohibita,
818 313 889 340 mala
903 321 964 349 per-

176 361 305 396 petrabit.
320 361 361 388 Ad
375 361 448 396 quod
464 361 620 392 dicendum,
636 368 670 387 ex
683 360 765 387 dictis
780 360 898 387 inveniri
913 360 965 387 im-

176 407 360 442 pedimentum
373 415 434 435 esse
449 407 512 434 mali
527 406 680 434 ell‘ectivum
690 426 698 438 ,
717 414 773 434 non
788 414 853 434 vero
867 414 916 442 per
936 415 966 435 se

177 454 288 480 malum.
309 453 410 480 Malitia
429 453 501 480 enim
517 460 571 480 non
593 456 635 480 est
655 453 773 487 primum
788 453 901 484 malum,
917 453 964 481 sed

177 500 281 534 species
299 499 374 531 mali,
389 500 461 527 sicut
474 499 560 527 virtus
575 504 615 527 est
633 499 698 534 quid
713 499 746 526 ad
765 499 867 527 bonum
887 499 966 535 adju-

176 553 255 577 vans,
268 553 323 572 non
338 546 455 580 primum
471 545 582 573 bonum.

213 591 298 625 Quasi
322 592 422 618 malum
442 592 475 619 sit
492 600 532 619 res
548 592 648 628 aliqua.
671 592 700 620 Id
723 595 776 624 est,
792 593 894 619 malum
910 600 966 620 non

175 643 217 665 est
229 638 351 672 quaedam
371 637 501 670 essentia,
523 639 590 673 quin
608 646 697 674 neque
716 639 745 665 in
767 639 850 666 rebus
873 639 906 666 ad
921 647 966 666 es-

176 683 292 711 sentiam
320 683 523 718 pertinentibus
550 684 685 717 cernitur,
709 688 838 720 tanquam
863 686 965 721 aliquid

177 729 246 764 quod
262 729 332 755 hanc
346 729 485 764 complere
499 730 599 763 valeat,
613 730 685 758 sicut
698 731 788 758 virtus
803 734 830 758 et
845 730 966 759 efﬁcacia

176 776 291 809 malum;
307 783 339 802 ae
360 783 426 803 sane
441 776 469 803 in
494 776 541 803 tali
563 777 704 804 sententia}
718 777 889 812 expositione
904 778 967 804 uni-

175 830 270 850 versus
293 822 384 850 Patris
403 823 478 850 circa
502 823 555 850 hoc
579 827 774 859 argumentum
800 831 901 859 scopus
921 824 965 852 vi-

176 869 267 896 detur.

207 915 260 944 Sed
274 920 303 942 ut
317 915 444 950 defectus.
456 915 716 949 Quomodo-malum
733 916 910 952 intelligatur.

208 962 221 999 §
236 962 320 990 XXV.
341 962 437 990 Verum
453 971 498 990 nec
513 963 540 989 in
559 963 731 990 animalibus.
751 963 844 998 Neque
859 963 888 990 in
907 964 967 991 ani-

174 1009 290 1036 malibus
309 1009 425 1036 rationis
446 1009 606 1044 expertibus
622 1010 724 1036 malum
745 1017 817 1042 esse,
835 1010 966 1045 quoniam

174 1063 228 1082 non
253 1059 319 1083 sunt
338 1059 437 1082 natura
459 1056 547 1088 mala,
573 1055 639 1090 quin
664 1063 753 1090 neque
781 1055 893 1083 illorum
917 1056 966 1083 ha-

174 1102 245 1129 bitus
258 1102 423 1134 mali,veluti
433 1102 485 1133 ira,
500 1101 819 1137 cupiditas,imaginatio
831 1109 964 1138 praeceps.

209 1147 239 1175 Si
263 1149 334 1175 enim
359 1147 509 1175 sustuleris.
538 1147 739 1175 lrrationalium
768 1148 878 1176 habitus
904 1157 966 1176 esse

174 1195 324 1227 naturales,
341 1195 412 1222 sicut
427 1195 499 1221 leoni
518 1197 546 1222 et
570 1194 715 1230 reptilibus
738 1194 789 1227 ira,
805 1199 831 1222 et
848 1195 965 1223 canibus

173 1241 290 1268 latrandi
317 1241 454 1274 facultas;
477 1240 550 1268 unde
574 1243 605 1268 ut
629 1240 787 1274 naturales,
813 1247 869 1268 non
899 1245 964 1269 sunt

173 1288 248 1315 ntali.

208 1332 330 1369 §XXVL
347 1332 399 1361 Sed
416 1333 533 1368 nequein
554 1337 618 1360 toto.
640 1332 745 1360 Natura
757 1336 800 1361 est
816 1332 965 1361 habitualis

173 1387 218 1406 ars
240 1379 332 1407 divina
348 1379 382 1406 ad
396 1379 600 1415 generationem
617 1379 808 1415 progrediens,
827 1381 907 1415 cujus
923 1381 965 1408 di-

172 1425 243 1452 vinae
264 1427 332 1453 artis
356 1426 484 1458 ell'ectus,
507 1425 588 1460 158
609 1425 709 1460 planta:
729 1429 756 1453 et
788 1426 916 1454 animalia
937 1430 964 1454 et

172 1471 288 1504 fructus,
303 1472 556 1507 elementorumque
571 1472 642 1499 inter
658 1479 687 1499 se
700 1472 879 1504 mutationes,
892 1476 919 1500 et
936 1472 965 1500 in

174 1518 330 1546 universum
346 1519 466 1546 essentia
481 1518 632 1547 secundum
655 1519 773 1553 seipsam
794 1526 889 1546 eorum
904 1527 964 1554 quae

172 1564 372 1599 producuntur,
387 1572 448 1600 quae
463 1570 505 1592 est
526 1565 693 1600 principium
709 1569 800 1592 motus
815 1569 842 1592 et
863 1569 962 1593 status.

172 1610 248 1638 Sicut
265 1610 348 1645 igitur
369 1611 397 1638 in
419 1611 454 1638 iis
469 1611 517 1647 qui
534 1619 625 1639 ceram
647 1611 723 1638 varie
746 1610 860 1646 tingunt,
877 1615 964 1638 artes—

171 1665 224 1691 que
247 1657 364 1692 ﬁngendi
388 1661 533 1690 exercent,
554 1665 668 1686 necesse
688 1662 731 1686 est
755 1657 858 1693 aliquid
881 1657 965 1684 inhae-

170 1711 241 1737 rere,
264 1704 291 1731 id
311 1709 353 1731 est
375 1704 508 1732 rationem
526 1712 558 1732 ac
574 1709 692 1732 mentem
719 1712 780 1740 qua:
800 1712 848 1740 per
866 1712 964 1732 manus

171 1756 221 1776 sua
235 1750 363 1785 exprimit
380 1758 463 1784 opera
479 1759 486 1784 ;
504 1750 544 1778 sic
564 1751 647 1778 etiam
663 1751 690 1778 in
705 1751 897 1779 universorum
915 1759 965 1778 na-

171 1800 243 1827 tura,
263 1796 368 1831 aliquid
384 1796 412 1823 in
435 1796 504 1832 ipsis
521 1801 624 1829 manet,
642 1797 670 1825 id
693 1801 737 1825 est
753 1798 843 1826 virtus
858 1805 907 1825 seu
924 1797 964 1824 fa-

170 1842 270 1874 cultas,
285 1850 339 1869 non
356 1843 486 1871 manibus
502 1850 630 1879 operans,
645 1843 694 1871 sed
708 1844 836 1872 voluntas
850 1848 877 1871 et
897 1851 964 1871 con-

171 1887 262 1914 silium
278 1887 336 1920 Dei,
360 1889 540 1924 progrediens
561 1890 636 1917 velut
657 1898 702 1918 ars
726 1891 760 1918 ad
783 1898 878 1918 eorum
903 1898 964 1926 qua:

171 1933 298 1960 oriuntur
321 1935 540 1969 generationem;
565 1940 663 1963 natura
687 1936 760 1964 enim
781 1944 838 1963 non
861 1936 964 1972 indiget

171 1979 336 2014 quibusdam
362 1981 547 2013 manentibus,
572 1982 633 2009 aliis
647 1991 712 2010 vero
728 1987 757 2010 ut
779 1984 878 2017 motis;
899 1991 962 2011 nam

171 2026 286 2053 materia
309 2031 350 2054 est
371 2035 432 2062 qua:
455 2027 483 2054 in
510 2028 687 2063 generatione
712 2033 848 2062 movetur,
875 2030 961 2065 ipsam

171 2075 260 2100 autem
273 2080 396 2107 movens,
409 2074 521 2101 verbum
531 2078 574 2101 est
590 2082 636 2102 seu
652 2075 724 2102 ratio
739 2075 887 2103 immobilis
901 2084 962 2111 quae

169 2121 212 2145 est
235 2118 262 2146 in
287 2122 359 2151 toto,
381 2119 453 2154 quod
477 2124 518 2148 est
546 2128 591 2148 ars
614 2121 717 2154 divina,
741 2129 822 2156 quam
842 2121 962 2149 diximus

170 2168 313 2198 naturam,
342 2165 429 2192 forma
454 2167 608 2201 exsistens,
633 2175 689 2194 non
718 2174 783 2195 vero
815 2175 850 2195 ex
875 2172 961 2195 mate-

170 2210 210 2237 ria
239 2215 266 2238 et
292 2211 393 2245 forma;
418 2211 484 2247 quid
511 2215 583 2240 enim
613 2213 652 2240 illi
677 2221 746 2249 opus
768 2217 810 2241 est
838 2214 960 2242 materia

170 2257 264 2284 calida:
287 2261 334 2284 aut
358 2257 480 2294 frigidae?
508 2263 600 2286 creata
626 2260 721 2295 utique
751 2261 881 2293 materia,
909 2261 961 2288 hoc

170 2302 223 2330 l'ert
244 2304 272 2331 in
287 2305 393 2339 seipsa;
409 2313 465 2333 non
487 2307 560 2333 enim
579 2307 668 2342 ignem
695 2307 824 2335 accedere
846 2314 960 2335 necesse

169 2353 221 2382 est,
238 2354 268 2377 ut
284 2351 397 2378 materia
417 2351 465 2378 liat
488 2351 574 2386 ignis,
600 2352 648 2380 sed
662 2353 776 2380 verbum
802 2361 851 2381 seu
874 2353 960 2381 ratio—

170 2401 252 2428 nem;
269 2395 342 2430 quod
361 2396 443 2423 etiam
461 2397 568 2432 signum
583 2401 625 2425 est
641 2405 695 2425 non
710 2406 835 2433 parvum,
851 2406 912 2426 esse
931 2399 959 2426 in

168 2440 334 2468 animalibus
355 2445 382 2468 et
404 2442 506 2477 plantis
522 2443 644 2471 rationes
659 2451 720 2478 quae
745 2444 863 2472 eliiciant
884 2449 914 2471 ut
931 2445 959 2472 in

168 2489 267 2513 natura
283 2486 354 2513 ratio
369 2486 486 2521 hareat;
500 2489 621 2516 rationes
636 2496 701 2516 vero
712 2497 772 2524 qum
785 2497 847 2516 cum
863 2488 960 2517 formis

167 2540 262 2559 eorum
287 2540 348 2567 quas
372 2533 514 2566 videntur,
541 2538 646 2562 natura;
672 2542 733 2562 esse
761 2535 883 2570 germina
911 2543 960 2562 seu

168 2579 317 2606 immobilis
339 2587 370 2606 ac
386 2579 414 2606 in
430 2579 489 2614 ipsa
513 2580 642 2608 haerentis
664 2580 739 2608 verbi
763 2588 812 2608 seu
834 2581 959 2608 rationis.

168 2623 312 2658 Quomodo
335 2625 418 2660 igitur
440 2626 469 2653 in
487 2626 615 2653 universa
641 2630 740 2653 natura
763 2627 875 2657 malum,
897 2635 959 2654 cum

168 2672 309 2699 naturales
326 2671 382 2699 sint
402 2671 524 2699 rationes
540 2671 568 2698 in
585 2672 732 2704 creaturis,
749 2679 800 2699 nec
825 2672 851 2698 in
868 2672 961 2707 aliquo

1019 267 1091 304 Πρὸς
1105 268 1120 295 ὃ
1136 268 1255 301 λεκτέον,
1270 269 1311 296 ὃτι
1327 270 1360 295 ὲκ
1374 269 1428 296 τῶν
1449 269 1600 305 εἰρημένων
1624 269 1780 305 εὑρίσκεται
1798 270 1813 296 6

1017 314 1187 350 ἐμποδισμὸς
1202 312 1342 351 ποιητικὸν
1361 315 1459 349 κακοῦ,
1477 316 1506 342 οὐ
1526 315 1578 351 μὴν
1597 315 1765 342 αὺτόκακον-
1781 316 1812 342 οὺ

1017 361 1072 397 γὰρ
1085 363 1102 397 ὴ
1118 363 1201 388 κακία
1216 362 1324 398 πρῶτον
1341 362 1436 395 κακὸν,
1451 362 1508 389 ἀλλ’
1524 361 1593 394 εἶδος
1608 363 1704 395 κακοῦ,
1718 362 1813 398 ὣσπερ

1019 408 1036 443 ή
1050 408 1135 443 ἀρετὴ
1152 408 1282 444 συνεργόν
1297 408 1324 435 τι
1338 409 1396 436 ἐστι
1411 409 1480 445 πρὸς
1491 406 1602 444 ἀγαθὸν,
1616 409 1689 436 οὗτοι
1704 409 1813 445 πρῶτον

1018 454 1129 488 ἀγαθόν.

1055 589 1096 626 [γ]
1111 590 1145 616 Τὸ
1161 590 1263 623 κακὸν,
1277 590 1318 623 ὡς
1337 590 1374 616 ὃν
1389 590 1491 617 κακόν.
1509 587 1654 617 Τουτέστιν
1667 591 1717 617 οὐκ
1732 591 1813 618 οὐσία

1018 646 1061 669 τις
1076 637 1106 663 τὸ
1123 637 1218 668 κακὸν,
1232 637 1289 663 ἀλλ’
1308 637 1368 663 οὐδὲ
1392 638 1420 663 ὲν
1435 638 1492 669 τοῖς
1506 638 1567 664 κατ’
1583 637 1677 664 οὐσίαν
1693 636 1753 664 οὖσι
1773 638 1812 670 ὡς

1020 683 1247 719 συμπληρωτικὸν
1265 683 1367 718 ταύτης
1388 684 1498 719 ὁρᾶται,
1515 683 1610 719 ὥσπερ
1629 683 1743 719 δύναμις
1764 684 1814 711 καὶ

1019 730 1144 766 ἐνέργεια
1163 729 1194 756 τὸ
1209 729 1308 756 κακόν·
1328 730 1376 756 καὶ
1401 729 1468 766 πρὸς
1484 730 1533 765 τὴν
1548 730 1675 765 τοιαύτην
1694 730 1743 765 τῆς
1767 731 1812 756 ὲν-

1019 777 1094 808 νοιας
1106 775 1237 802 ἀπόδοσιν
1250 777 1264 803 6
1281 777 1336 808 πᾶς
1350 776 1415 812 περὶ
1428 775 1523 803 τούτου
1540 775 1640 808 σκοπὸς
1653 776 1749 812 ὁρᾶται
1763 775 1811 802 τοῦ

1020 823 1135 859 Πατρός.

1059 913 1140 941 Ἀλλ’
1154 914 1194 946 ὡς
1208 913 1353 948 ἔλλειψις.
1369 913 1432 945 Πῶς
1445 914 1546 939 νοεῖται
1559 913 1589 939 τὸ
1607 913 1702 940 κακόν.

1053 960 1090 997 [δ]
1112 959 1224 996 ξΧΧν.
1249 960 1330 987 Ἀλλ’
1356 959 1420 986 οὐδ’
1442 960 1477 986 ἐν
1497 958 1588 992 ζώοις.
1604 960 1666 986 Ὅτι
1690 957 1753 985 οὗτε
1781 960 1812 985 ὲν

1017 1006 1096 1039 ζώοις
1111 1006 1218 1041 ἀλόγοις
1237 1007 1296 1032 ἐστὶ
1308 1006 1338 1032 τὸ
1357 1005 1451 1038 κακὸν,
1468 1006 1529 1032 ἐπεὶ
1545 1006 1612 1041 μήτε
1629 1005 1709 1039 φύσει
1736 1005 1812 1032 κακά

1016 1054 1095 1085 εἰσιν,
1110 1053 1166 1080 ἀλλ’
1179 1053 1240 1080 οὔτε
1258 1053 1286 1079 αἱ
1305 1052 1411 1087 σχέσεις
1426 1052 1514 1080 αὐτῶν
1529 1052 1622 1084 κακαὶ,
1639 1049 1694 1079 οἷον
1713 1051 1811 1086 θυμὸς,

1016 1100 1157 1135 ἐπιθυμία,
1177 1099 1309 1134 φαντασία
1324 1099 1473 1135 προπετὴς.

1052 1146 1089 1182 [ε]
1111 1147 1148 1173 El
1170 1146 1225 1181 γὰρ
1244 1143 1375 1178 ἀνέλοις.
1396 1145 1457 1172 ’Ότι
1476 1144 1587 1179 φυσικαὶ
1607 1145 1677 1171 εἰσιν
1695 1145 1724 1171 αἱ
1749 1145 1811 1180 σχέ-

1016 1201 1073 1224 σεις
1094 1191 1147 1219 τῶν
1167 1192 1280 1226 ἀλόγων,
1296 1191 1390 1227 ὥσπερ
1410 1191 1496 1218 λέοντι
1519 1191 1565 1218 καὶ
1588 1192 1713 1227 ἑρπετοῖς
1736 1193 1750 1219 ό
1762 1192 1811 1219 θυ-

1017 1239 1077 1274 μὸς,
1090 1239 1137 1266 καὶ
1155 1238 1218 1265 κυσὶ
1236 1238 1267 1264 τὸ
1285 1237 1443 1264 ὑλακτιτκόν·
1465 1237 1525 1264 ὅθεν
1544 1237 1582 1269 ὡς
1603 1239 1731 1272 φυσικαὶ,
1746 1237 1810 1265 οὔτε

1017 1285 1109 1313 κακαί

1053 1331 1097 1367 [ς]
1117 1330 1241 1367 ςχχνι.
1269 1331 1349 1358 Ἀλλ’
1369 1330 1433 1357 οὐδ’
1447 1330 1482 1357 ἐν
1502 1330 1540 1365 τῇ
1556 1330 1623 1366 ὅλῃ.
1643 1329 1727 1362 Φύσις
1749 1331 1811 1358 ἐστὶ

1015 1377 1076 1404 καθ’
1094 1377 1149 1411 ἕξιν
1172 1377 1232 1413 θείᾳ
1251 1377 1334 1413 τέχνῃ
1349 1378 1389 1409 εἰς
1404 1376 1512 1410 γένεσιν
1526 1376 1669 1412 προϊοῦσα,
1685 1374 1719 1412 ἦς
1734 1376 1811 1408 θείας

1015 1425 1112 1460 τέχνης
1125 1423 1159 1450 τὰ
1175 1424 1385 1460 ἀποτελέσματα
1403 1423 1474 1458 φυτά
1487 1432 1517 1450 τε
1530 1423 1578 1450 καὶ
1598 1423 1655 1455 ζῶα
1674 1424 1721 1450 καὶ
1741 1432 1810 1459 καρ-

1016 1471 1062 1497 ποὶ
1083 1471 1129 1497 καὶ
1148 1470 1202 1497 τῶν
1229 1470 1368 1506 στοιχείων
1388 1471 1429 1502 εἰς
1457 1469 1560 1505 ἄλληλα
1586 1469 1741 1505 μεταϐολαὶ,
1761 1470 1811 1496 καὶ

1016 1517 1084 1548 ὅλως
1115 1516 1176 1543 καθ’
1201 1517 1303 1552 ἑαυτὴν
1329 1517 1345 1552 ἡ
1368 1517 1446 1542 οὐσία
1471 1515 1525 1542 τῶν
1552 1515 1707 1551 φυομένων,
1736 1516 1809 1552 ἀρχὴ

1017 1564 1149 1599 κινήσεως
1177 1560 1244 1590 οὖσα
1266 1563 1313 1589 καὶ⁹
1343 1562 1474 1594 στάσεως.
1497 1563 1602 1598 Ὥσπερ
1622 1560 1668 1589 οὗν
1692 1562 1812 1589 ἐπὶτῶν

1016 1608 1213 1645 κηροπλάστων
1242 1610 1289 1636 καὶ
1312 1609 1366 1636 τῶν
1397 1609 1447 1640 τὰς
1476 1608 1626 1640 πλαστικὰς
1661 1609 1810 1644 μετιόντων

1016 1656 1113 1691 τέχνας
1128 1655 1168 1682 δεῖ
1182 1653 1252 1682 εἷναί
1273 1664 1299 1682 τι
1317 1656 1345 1681 ὲν
1366 1656 1458 1687 αὐτοῖς
1475 1655 1564 1691 μένον,
1585 1654 1706 1681 τουτέστι
1729 1654 1811 1689 λόγον

1015 1703 1064 1729 καὶ
1085 1702 1158 1735 νοῦν,
1174 1701 1198 1729 οἳ
1224 1702 1269 1729 διὰ
1290 1701 1388 1738 χειρῶν
1411 1701 1518 1728 ποιοῦσι
1540 1701 1574 1728 τὰ
1595 1701 1700 1728 ἑαυτῶν
1719 1701 1808 1737 ἓργαε

1015 1749 1087 1776 οὕτω
1101 1750 1147 1775 καὶ
1163 1749 1209 1776 ἐπὶ
1221 1749 1270 1785 τῆς
1285 1749 1392 1783 φύσεως
1408 1749 1462 1776 τῶν
1474 1749 1553 1781 ὅλων,
1566 1748 1624 1775 ἐστι
1637 1757 1663 1775 τι
1677 1749 1705 1775 ὲν
1717 1749 1808 1780 αὐτοῖς

1017 1796 1107 1831 μένον,
1127 1795 1250 1822 τουτέστι
1269 1796 1285 1831 ή
1310 1795 1439 1831 δύναμις,
1461 1795 1490 1822 οὺ
1514 1795 1558 1821 διὰ
1577 1795 1675 1830 χειρῶν
1692 1794 1810 1831 ἐργαζοα

1016 1842 1100 1878 μένη,
1123 1841 1191 1868 ἀλλὰ
1223 1841 1349 1878 βούλησις
1379 1842 1428 1868 καὶ
1454 1841 1595 1877 διανόησις
1626 1838 1695 1868 οὖσα
1721 1840 1807 1871 Θεοῦ,

1015 1888 1146 1924 προϊοῦσα
1166 1885 1221 1915 οἷον
1238 1888 1320 1924 τέχνη
1342 1889 1382 1919 εἰς
1405 1888 1511 1922 γένεσιν
1528 1888 1582 1914 τῶν
1598 1887 1754 1922 φυομένων·
1776 1887 1808 1913 οὐ

1014 1933 1068 1970 γὰρ
1090 1934 1175 1961 δεῖται
1234 1935 1314 1969 φύσις
1337 1934 1418 1961 τινῶν
1440 1934 1583 1969 μενόντων,
1603 1933 1704 1969 ὲτέρων
1724 1933 1753 1959 δὲ
1769 1933 1808 1964 ὡς

1014 1981 1195 2016 κινουμένων·
1211 1981 1229 2016 ἡ
1243 1980 1298 2016 γὰρ
1321 1980 1369 2015 ὕλη
1395 1981 1501 2015 ἐστὶνὴ
1525 1981 1565 2012 εις
1589 1979 1695 2014 γένεσιν
1717 1988 1808 2006 κινου-

1016 2027 1099 2063 μένηο
1114 2027 1144 2054 τὸ
1159 2027 1188 2053 δὲ
1207 2027 1298 2054 κινοῦν
1313 2027 1396 2062 αὐτὴν
1409 2028 1423 2053 6
1438 2026 1564 2063 ἀκίνητός
1578 2028 1636 2053 ἐστι
1655 2026 1734 2060 λόγος
1748 2027 1762 2053 6
1778 2027 1808 2053 ὲν

1013 2074 1051 2109 τῷ
1071 2075 1135 2110 ὅλῳ,
1158 2075 1188 2106 ὃς
1209 2075 1283 2100 ἐστιν
1300 2075 1316 2109 ή
1333 2073 1394 2100 θεία
1416 2074 1509 2110 τέχνη,
1534 2074 1568 2109 ἣν
1589 2073 1694 2109 ἔφημεν
1714 2073 1807 2108 φύσιν,

1013 2117 1082 2152 εἶδος
1098 2118 1175 2152 οὖσα,
1194 2121 1224 2147 οὺ
1243 2121 1296 2155 μὴν
1312 2120 1341 2153 ὲξ
1358 2121 1424 2156 ὕλης
1440 2121 1486 2147 καὶ
1504 2119 1606 2152 εἴδουςι
1622 2120 1648 2146 τί
1666 2119 1720 2155 γὰρ
1737 2119 1808 2155 αὑτὴ

1014 2165 1080 2201 ὒλης
1093 2166 1142 2199 δεῖ,
1157 2166 1291 2202 θερμῆςῆ
1311 2167 1430 2203 ψυχρᾶς
1450 2167 1469 2202 ἡ
1482 2165 1536 2202 γὰρ
1550 2166 1806 2202 δεδημιουργημένη

1014 2212 1064 2247 ὕλη
1079 2211 1158 2238 τοῦτο
1174 2211 1251 2248 φέρει
1269 2213 1298 2238 ὲν
1319 2213 1422 2248 ἑαυτῇ-
1436 2213 1466 2238 οὐ
1483 2211 1538 2248 γὰρ
1556 2212 1597 2238 δεῖ
1615 2211 1670 2248 πῦρ
1693 2212 1807 2247 προσελο

1013 2259 1078 2291 θεῖν,
1096 2258 1140 2285 ῖνα
1152 2258 1207 2294 πῦρ
1223 2259 1239 2294 ἡ
1256 2258 1306 2294 ’ύλη
1327 2259 1448 2294 γένηται,
1464 2258 1532 2285 ἀλλὰ
1556 2258 1643 2292 λόγον·
1662 2258 1676 2284 ὃ
1692 2258 1739 2284 καὶ
1760 2266 1810 2294 σηα

1015 2305 1089 2340 μεῖόν
1105 2305 1178 2332 ἐστιν
1193 2305 1223 2332 οὐ
1241 2306 1339 2341 μικρὸν
1354 2305 1402 2332 τοῦ
1417 2305 1464 2331 καὶ
1480 2306 1508 2332 ἐν
1524 2306 1580 2336 τοῖς
1595 2304 1674 2337 ζώοις
1688 2305 1736 2331 καὶ
1749 2306 1808 2337 τοῖς

1013 2352 1116 2385 φυτοῖς,
1137 2352 1201 2382 τοὺς
1220 2351 1315 2386 λόγους
1332 2350 1401 2378 εἶναι
1415 2352 1478 2383 τοὺς
1497 2352 1654 2386 ποιητικοὺς
1670 2352 1739 2378 κατὰ
1757 2352 1808 2388 τὴν

1013 2398 1093 2432 φύσιν
1106 2396 1173 2424 εἶναι
1188 2397 1266 2432 λόγον
1281 2398 1326 2425 τὸν
1347 2398 1476 2433 μένοντα·
1497 2397 1592 2432 λόγους
1605 2398 1634 2424 δὲ
1653 2399 1716 2430 τοὺς
1736 2398 1808 2425 κατὰ

1011 2443 1062 2476 τὰς
1077 2443 1184 2480 μορφὰς
1198 2443 1252 2470 τῶν
1268 2444 1414 2479 ὁρωμένων
1430 2444 1479 2480 τῆς
1496 2443 1603 2478 φύσεως
1622 2442 1690 2470 εἶναι
1709 2445 1806 2480 γεννή-

1014 2499 1104 2526 ματα,
1128 2491 1188 2524 ἧτοι
1210 2490 1257 2517 τοῦ
1279 2491 1339 2517 κατ’
1360 2491 1444 2526 αὐτὴν
1466 2491 1594 2526 ἀκινήτου
1617 2491 1662 2517 καὶ
1681 2490 1809 2526 μένοντος

1011 2536 1100 2571 λόγου.
1121 2537 1184 2569 Πῶς
1197 2536 1243 2565 οὖν
1259 2539 1288 2564 ὲν
1301 2539 1334 2574 τῇ
1352 2538 1464 2565 καθόλου
1488 2537 1568 2572 φύσει
1592 2537 1623 2564 τὺ
1639 2537 1734 2568 κακὸν,
1750 2537 1808 2564 τῶν

1011 2583 1040 2609 ὲν
1051 2584 1107 2615 τοῖς
1121 2583 1272 2620 δημιουργή
1278 2593 1342 2620 μασι
1357 2585 1443 2619 λόγων
1457 2584 1578 2619 φυσικῶν
1600 2584 1694 2614 ὅντων,
1713 2583 1760 2609 καὶ
1775 2584 1806 2609 ὲν

1010 2629 1099 2655 οὐδενὶ
1113 2631 1325 2666 ἐναντιουμένων
1338 2632 1372 2666 τῇ
1387 2630 1436 2667 ὅλῃ
1447 2630 1528 2665 φύσει
1547 2629 1577 2662 ἐξ
1595 2629 1698 2665 ἀγαθοῦ
1719 2628 1804 2665 οῠσῃ;

1011 2675 1043 2701 El
1054 2676 1142 2702 τοίνυν
1155 2676 1342 2704 ἀποδέδεικται
1355 2676 1404 2712 τὴν
1417 2676 1531 2703 καθόλου
1546 2676 1625 2711 φύσιν
1638 2677 1671 2702 ὲκ
1683 2675 1806 2710 τάγαθοῦ

169 2718 217 2744 ιοιί
241 2722 357 2750 naturae,
379 2725 439 2752 quae
462 2725 495 2745 ex
520 2718 593 2746 bono
617 2721 674 2751 est,
694 2718 906 2745 contrarientur.
927 2717 954 2745 Si

1019 2719 1090 2747 ἷναι·
1112 2723 1176 2754 τοὺς
1191 2723 1220 2749 δὲ
1237 2723 1297 2749 καθ’
1321 2723 1435 2750 ἕκαστον
1453 2723 1483 2749 ὲν
1501 2724 1557 2755 τοῖς
1578 2723 1806 2758 δημιουργήμασι

166 2771 232 2799 ergo
242 2764 459 2792 demonstratum
472 2769 513 2792 est
529 2765 684 2793 universam
697 2768 823 2792 naturam
834 2772 869 2792 ex
884 2764 956 2792 bone

1018 2767 1101 2801 ,όγους
1117 2768 1154 2803 μὴ
1172 2769 1358 2796 ἐναντιοῦσθαι
1378 2771 1411 2805 τῇ
1428 2768 1542 2796 καθόλου
1566 2768 1655 2804 φύσει,
1670 2768 1806 2804 πρόδηλον

166 2817 237 2842 esse,
256 2810 426 2845 singularum
439 2815 532 2840 autem
549 2814 738 2840 creaturarum
761 2811 882 2839 rationes
901 2819 956 2839 non

1007 2812 1045 2845 ὡς
1058 2814 1118 2840 οὐδὲ
1135 2815 1163 2841 ἐν
1179 2815 1259 2850 φύσει
1271 2815 1301 2842 τὸ
1316 2815 1415 2843 κακόν·
1430 2814 1545 2842 τοῦτοδὲ
1559 2815 1597 2844 τῶ
1613 2815 1689 2851 καλῷ
1700 2815 1710 2831 θ
1725 2815 1806 2842 ἐναν-

622 2869 746 2898 VARUE
766 2869 960 2899 LECTIONES
979 2871 1023 2899 ΕΤ
1044 2873 1323 2902 CORBECTIONES.

205 2912 216 2927 '
226 2911 280 2940 τῶν
292 2914 392 2942 καλῶν.
