1923 3064
100 207 152 234 297

468 204 496 232 S.
515 202 639 232 MAXIMI
652 202 798 232 SCHOLIA
817 202 849 230 IN
868 202 932 230 LIB.
951 200 994 229 DE
1012 200 1137 229 DIVINIS
1153 201 1352 231 NOMINIBUS.

1666 204 1722 233 298

99 266 170 292 τεο-ι’
187 263 284 292 οὐκοῦν
301 264 350 292 οὐκ
362 264 418 291 ἔστι
433 263 463 291 τὸ
479 263 573 295 κακδν,
588 263 648 290 οὐδὲ
663 264 691 289 ἐν
705 262 743 298 τῷ
758 262 881 289 καθόλου.

941 261 1096 289 :ontrariari
1121 260 1255 288 universa:
1276 266 1381 288 naturae
1402 261 1578 290 manifestum
1596 267 1648 295 est,
1671 272 1719 291 ne

99 312 140 339 Τὰ
159 312 189 339 δὲ
209 312 238 338 ὲν
253 312 309 343 τοῖς
332 310 392 338 κατ’
408 308 477 342 εἶδος
496 311 545 346 τῆς
562 310 742 345 δημιουργίας
764 308 882 340 ἐναντία,

100 358 154 385 εἴτε
173 359 202 385 ὲν
225 357 365 393 κράσεσιν,
388 356 442 383 εἴτε
465 357 493 383 έν
509 355 604 388 ζώοις,
627 355 673 382 καὶ
697 355 815 387 λοιποῖς,
836 355 884 390 οὐχ

100 405 204 436 ἑαυτοῖς
218 405 271 430 εισι
285 402 361 438 παρὰ
383 402 473 437 φύσιν,
491 402 557 428 ἀλλὰ
571 402 628 433 τοῖς
649 401 772 433 ἄλλοις⁷·
793 403 822 428 ὲν
844 399 884 434 οἷς

98 450 127 476 δὲ
142 449 217 484 παρὰ
233 449 312 484 φύσιν
327 448 493 484 πλημμελῶς
507 448 642 484 φέρονται,
658 447 705 473 τοῦ
720 447 790 474 κατὰ
805 447 885 481 φύσιν

99 496 172 522 ἐστὶν
186 496 322 527 ἀσθένεια,
331 495 362 522 οὐ
375 495 428 530 μὴν
441 494 519 521 τοῦτο
531 494 630 521 κακόν·
643 494 727 520 κακία
741 494 770 520 δὲ
783 493 885 525 τάξεως

102 542 202 577 μᾶλλόν
217 543 283 569 ἐστι.

138 629 196 663 Τῆς
218 629 348 656 καθόλου
361 629 488 664 φύσεως.
505 629 625 656 Καθόλου
648 628 729 664 φύσιν
743 629 792 666 τὴν
811 630 885 658 θείαν

100 674 181 710 φύσιν
201 675 286 702 καλεῖ.

136 720 174 756 [ζ]
192 721 227 747 Εἰ
242 721 296 755 γὰρ
311 723 338 748 οι
352 719 471 754 πάντες.
493 721 608 754 Πάντες,
627 721 719 757 φησὶν,
733 722 758 748 οἱ
772 722 820 757 τῆς
837 722 886 757 φύ-

99 775 169 798 σεως
185 765 270 800 λόγοι,
291 767 374 802 ἤγουν
397 767 425 793 αἱ
445 767 533 794 αίτίαι
556 768 616 794 καθ’
630 767 665 800 ἃς
686 769 813 803 γεγόνασι
838 769 888 797 καὶ

99 811 164 841 εἰσὶ,
181 813 256 848 παρὰ
274 813 323 847 τῆς
339 812 415 844 θείας
428 812 535 847 φύσεως
547 814 723 849 ὑπάρχουσιν,
737 815 781 850 ἢν,
796 815 834 847 ὡς
849 816 887 842 εῖ-

101 866 192 894 ρηται,
208 859 337 886 καθόλου
348 858 434 891 καλεῖ,
449 860 543 896 ἐπειδὴ
560 860 590 892 ἑξ
605 862 689 897 αὐτῆς
705 862 756 897 ἔφυ
772 863 806 889 τὰ
821 863 884 890 ὅλα·

98 903 164 938 ὃλην
177 903 206 929 δὲ
232 903 312 938 φύσιν
333 905 419 932 πάντα
441 905 475 932 τὰ
498 907 550 933 ὑπὸ
577 906 624 934 τοῦ
651 908 718 935 Θεοῦ
743 910 886 938 κτισθέντα

935 316 988 344 que
1004 308 1032 336 in
1047 312 1145 336 natura
1159 309 1260 335 malum
1274 316 1345 341 esse,
1359 308 1412 336 hoc
1427 313 1517 337 autem
1531 309 1645 345 pulchro
1658 317 1721 338 con-

935 354 1068 381 trarium:
1085 361 1150 389 ergo
1169 360 1223 380 non
1243 356 1285 381 est
1309 354 1420 386 malum,
1437 361 1524 389 neque
1539 354 1566 381 in
1583 355 1720 383 universo.

935 400 1000 433 Quae
1026 404 1114 428 autem
1137 400 1164 426 in
1190 400 1332 435 speciebus
1355 405 1543 428 creaturarum
1569 402 1720 434 contraria,

935 447 992 474 sive
1009 446 1036 473 in
1051 446 1192 481 temperie,
1205 446 1262 474 sive
1275 448 1302 473 in
1314 446 1519 484 animalibus,et
1535 447 1721 482 reliquis,non

936 497 1000 520 sunt
1016 492 1068 520 sibi
1078 496 1174 527 praeter
1180 496 1317 524 naturam,
1327 492 1372 519 sed
1381 492 1440 520 aliis
1447 498 1454 523 ί
1461 493 1488 519 in
1497 501 1558 527 qua:
1564 497 1661 527 praeter
1674 502 1722 520 na-

934 542 1023 566 turam
1031 538 1127 566 vitiose
1140 538 1274 568 feruntur,
1282 538 1414 566 naturalis
1425 538 1533 573 quidem
1546 543 1588 566 est
1601 539 1722 566 imbecil-

935 585 1012 618 litas;
1025 588 1051 611 at
1061 585 1113 611 hoc
1125 591 1179 611 non
1192 584 1304 616 malum,
1318 584 1365 612 sed
1383 584 1474 619 potius
1490 584 1594 612 ordinis
1612 584 1720 613 vitium.

973 629 1106 658 Universae
1121 635 1233 657 natum.
1256 630 1418 658 Uuiversam
1442 634 1583 663 naturam,
1601 630 1722 658 divinam

936 680 1016 703 vocat
1034 679 1171 704 naturam.

972 720 1002 748 Si
1016 721 1086 748 enim
1111 730 1210 749 omnes.
1227 720 1339 754 Omnes,
1355 721 1455 757 inquit,
1476 726 1580 750 naturae
1600 722 1722 750 rationes

937 773 984 795 seu
999 775 1098 798 causae,
1113 767 1264 795 secundum
1278 774 1345 802 quas
1362 766 1472 795 fuerunt
1484 773 1508 794 et
1522 772 1596 799 sunt,
1607 777 1620 796 a
1630 767 1722 795 divina

937 816 1034 839 natura
1060 811 1168 848 (quam,
1191 817 1220 840 ut
1244 812 1348 840 dictum
1370 817 1429 844 est,
1460 813 1608 841 universam
1631 813 1722 849 vocat)

937 857 1021 890 ﬁunt,
1042 859 1170 893 quoniam
1190 867 1223 886 ex
1248 859 1307 894 ipsa
1331 859 1463 894 producta
1489 862 1553 887 sunt
1575 859 1721 893 universa;

938 904 1093 932 universam
1114 912 1182 932 vero
1205 909 1332 931 naturam
1354 905 1444 932 omnia
1460 912 1475 931 a
1493 904 1548 932 Deo
1563 909 1655 932 creata
1671 912 1722 932 vo-

99 949 238 976 ὲκάλεσεν.
256 949 338 977 Οὐδὲν
360 949 406 978 οὖν
432 952 505 978 ἐστιν
521 953 550 979 ὲν
565 955 598 989 τῇ
625 955 717 989 φύσει,
741 957 809 994 ὅπερ
828 958 885 985 ὅλον

941 949 1020 977 cavit.
1035 949 1109 977 Nihil
1123 950 1206 985 igitur
1223 954 1266 978 est
1280 950 1307 977 in
1324 955 1432 983 natura,
1451 950 1530 986 159
1545 950 1618 985 quod
1635 954 1721 983 totum

97 995 171 1027 ὅλοις
193 995 357 1023 ἀντίκειται·
375 997 405 1024 τὸ
420 997 474 1034 γάρ
489 1007 542 1026 τινι
563 1000 618 1027 τῶν
639 1001 723 1029 ὅντων
745 1003 820 1039 παρὰ
837 1005 887 1041 τὴν

98 1041 182 1068 αὐτοῦ
209 1042 289 1077 φύσιν
312 1042 397 1079 ἑτέρῳ
421 1043 501 1079 φύσις
526 1046 598 1072 ἐστί’
619 1047 698 1075 τοῦτο
721 1049 750 1076 δὲ
775 1050 885 1084 ἀγαθόν.

98 1087 178 1123 Πάσῃ
192 1085 239 1115 οὖν
253 1088 332 1122 φύσει
347 1089 378 1116 τὸ
396 1090 432 1126 μὴ
451 1091 541 1126 μένειν
556 1093 598 1127 ἐφ’
614 1091 655 1125 οἷς
670 1094 774 1129 γέγονε,
789 1096 884 1123 κακόν·

97 1133 177 1160 τοῦτο
191 1133 245 1170 γὰρ
261 1134 312 1170 ἔφη
326 1134 451 1172 στέρησιν
462 1136 516 1164 τῶν
527 1138 577 1173 τῆς
593 1139 708 1173 φύσεως,
720 1141 750 1167 τὸ
763 1142 799 1178 μὴ
815 1143 888 1169 ἐκτε-

98 1179 156 1226 λεῖν
175 1180 235 1207 καθ’
250 1181 392 1209 ὁποιανοῦν
408 1183 496 1210 αἰτίαν
516 1184 550 1211 τὰ
566 1185 609 1220 ἐφ’
625 1184 665 1218 οἷς
681 1188 805 1226 παρήχθη
820 1188 887 1224 πρὸς

98 1225 235 1261 γέννησιν.

135 1317 178 1354 [η]
197 1317 211 1354 ς
227 1318 333 1347 XXVII.
361 1320 441 1348 Ἀλλ’
462 1321 526 1348 οὐδ’
545 1322 580 1348 ἐν
594 1321 716 1358 σώματι.
736 1323 840 1360 Ὥσπερ
857 1325 887 1351 τὺ

98 1363 198 1396 κάλλος
227 1366 381 1402 συμμετρία
409 1366 468 1393 ἐστὶ
502 1367 591 1402 μελῶν
616 1369 664 1396 καὶ
690 1369 781 1405 μερῶν
818 1370 887 1405 μετὰ

97 1409 243 1445 ιῦχροίας,
265 1411 350 1443 οὕτως
374 1409 467 1447 αἶσχος
489 1413 663 1450 ἀσυμμετρία
685 1416 742 1442 ἐστὶ
764 1415 819 1443 τῶν
837 1417 887 1444 αὺ-

98 1461 166 1482 των.

135 1501 174 1537 [θ]
193 1502 294 1529 Altior
314 1503 352 1538 τῇ
372 1504 469 1539 ψυχῇ.
487 1505 594 1542 Ἐπειδή
616 1514 686 1539 τινες
703 1507 757 1535 τῶν
781 1508 886 1543 φιλοσό-

97 1556 158 1582 φων
173 1548 265 1588 φασὶν,
281 1549 313 1576 ἐκ
333 1549 380 1576 τοῦ
401 1550 498 1586 ἀλόγου
517 1553 567 1588 τῆς
588 1552 678 1589 ψυχῆς
703 1554 811 1590 μέρους,
836 1554 887 1591 ὕλῃ

97 1595 147 1621 καὶ
174 1594 278 1630 σώματι
309 1597 487 1632 μεμιγμένου,
522 1599 658 1635 ῥεπούσης
686 1600 729 1627 ἐπ’
749 1601 814 1628 αὐτὸ
837 1602 888 1638 τῆς

96 1639 199 1675 ψυχῆς,
210 1641 244 1667 τὰ
256 1641 328 1668 κακὰ
343 1642 482 1678 πράττειν,
494 1644 532 1675 ὡς
546 1645 672 1681 ἀνωτέρω
686 1645 802 1681 διῆλθεν,
817 1637 887 1682 παγ-
900 1637 922 1667 c

99 1685 192 1717 κάλως
208 1688 222 1712 ὁ
240 1686 310 1718 θεῖος
330 1687 466 1720 Διονύσιος
482 1688 539 1716 λύει
555 1689 586 1716 τὸ
604 1691 771 1727 ὲπαπόρημα
787 1693 820 1719 ὲκ
833 1693 888 1720 τῶν

97 1731 188 1759 ἄλλων
199 1732 210 1748 ⁸
224 1732 376 1768 ἀσωμάτων
399 1734 446 1761 καὶ
462 1735 568 1770 ἁμιγῶν
592 1734 715 1772 σώματος
741 1738 843 1775 πάντη,
862 1739 888 1766 οἳ

96 1776 147 1804 καὶ
172 1776 233 1812 δίχα
255 1778 391 1813 σώματος,
415 1779 532 1815 ἐλλείψει
559 1781 607 1808 τοῦ
633 1782 734 1816 ἀγαθοῦ
760 1782 887 1820 πλημμε-

98 1821 188 1849 λοῦσι.

133 1868 380 1901 Παρυφίστασθαι
403 1870 519 1897 κακίαν.
535 1871 595 1898 Ὅτι
621 1871 730 1899 δυνατὸν
755 1874 802 1900 καὶ
823 1875 887 1902 ἄνευ

98 1911 227 1947 σώματος
256 1913 475 1949 παρυφίστασθαι
507 1915 614 1948 κακίαν,
634 1917 672 1949 ὼς
697 1919 725 1944 ὲν
744 1919 800 1950 τοῖς
827 1919 887 1946 δαί-

98 1965 164 1992 μοσι
169 1976 177 1984 .

134 2003 192 2030 Καὶ
203 2003 321 2038 σώμασι
335 2006 439 2033 κακόν.
453 2007 485 2034 Τί
499 2007 557 2034 ἐστι
574 2009 668 2035 κακόν.

136 2048 151 2084 §
164 2048 283 2078 XXVIII.
304 2052 341 2078 Ἦ
349 2051 428 2086 μηδὲ
443 2052 476 2079 τὸ
490 2053 620 2088 πάσχειν
630 2054 776 2083 δύνασθαι
786 2057 850 2083 καθ’
859 2057 888 2084 ἑ-

95 2092 206 2126 αυτήν.
218 2093 335 2129 Εῦλογον
349 2096 532 2133 ὲπιδρομάδην
543 2098 669 2126 ἐκθέσθαι
680 2099 730 2132 τὰς
744 2100 822 2134 δόξας
834 2102 887 2129 τῶν

94 2137 231 2172 λεγόντων
240 2139 289 2175 τὴν
301 2140 368 2176 ὕλην
386 2142 423 2178 μὴ
435 2141 529 2174 mm
535 2143 594 2175 πῶς
607 2144 733 2172 καλοῦσιν
750 2146 835 2182 αὐτὴν
849 2147 886 2182 μὴ

94 2182 139 2214 ὃν,
158 2183 201 2210 ἶνα
222 2184 268 2210 καὶ
286 2185 311 2212 οί
329 2185 501 2222 συλλογισμοὶ
514 2188 561 2215 τοῦ
578 2188 650 2216 θείου
674 2191 811 2218 Διονυσίου
826 2200 888 2228 νοη-

95 2228 177 2256 θῶσι.
196 2230 332 2258 Καλοῦσιν
349 2230 395 2260 οὖν
416 2233 465 2269 τὴν
485 2233 550 2270 ὓλην
574 2235 610 2271 μὴ
633 2235 663 2262 ὃν
679 2237 712 2263 ἐκ
729 2237 775 2264 τοῦ
799 2238 887 2265 τοιού-

93 2283 144 2302 του
155 2283 162 2290 ·
181 2277 247 2311 φασὶ
262 2277 328 2313 γὰρ,
341 2279 381 2305 ὅτι
397 2279 427 2306 τὸ
439 2279 478 2312 ὂν,
488 2280 502 2306 ὃ
516 2281 589 2307 ἐστιν
601 2281 631 2308 ἐν
641 2283 697 2313 τοῖς
711 2283 816 2318 νοητοῖς
830 2283 887 2310 δια-

937 996 1002 1024 totis
1029 1000 1198 1031 opponatur;
1231 996 1305 1032 quod
1327 997 1400 1024 enim
1430 997 1511 1023 alicui
1537 1000 1635 1031 printer
1662 996 1723 1032 ejus

936 1046 1062 1069 naturam
1075 1047 1127 1074 est,
1142 1042 1222 1069 alteri
1240 1046 1337 1069 natura
1353 1047 1404 1075 est,
1425 1042 1476 1070 hoc
1491 1047 1582 1070 autem
1597 1043 1721 1072 bonum:

936 1088 1010 1116 omni
1023 1096 1088 1122 ergo
1101 1094 1207 1116 natura;
1221 1089 1321 1116 malum
1335 1093 1377 1117 est
1393 1096 1447 1116 non
1461 1088 1564 1117 hmrere
1580 1089 1608 1116 in
1622 1087 1723 1124 quibus

936 1135 1070 1170 producta
1094 1138 1153 1167 est;
1177 1135 1229 1162 hoc
1249 1134 1321 1162 enim
1347 1135 1510 1161 naturalium
1542 1135 1724 1170 privationem

936 1180 1020 1212 dixit,
1041 1188 1096 1207 non
1118 1187 1324 1211 consummare,
1349 1187 1511 1214 quacunque
1533 1187 1566 1207 ex
1591 1187 1675 1207 causa
1697 1179 1723 1207 id

938 1226 1061 1258 accidat.
1084 1233 1116 1254 ea
1137 1229 1247 1262 propter
1268 1233 1328 1261 quae
1343 1226 1370 1253 in
1392 1226 1569 1261 generatione
1591 1226 1724 1261 producta

937 1273 1059 1305 fuerunt,

972 1318 1107 1355 §XXVIL
1131 1318 1227 1346 Verum
1252 1326 1297 1346 nec
1320 1319 1347 1345 in
1371 1318 1536 1353 corporibus.
1563 1317 1640 1346 Sicut
1661 1318 1724 1354 pul—

936 1365 1063 1393 cliritudo
1076 1369 1119 1393 est
1134 1366 1318 1393 membrorum
1333 1369 1361 1393 et
1375 1366 1492 1401 partium
1507 1373 1569 1393 cum
1585 1365 1658 1393 bono
1677 1373 1725 1392 eo—

938 1413 995 1440 lore
1017 1411 1174 1448 symmetria
1197 1420 1245 1440 seu
1269 1412 1421 1447 preportio,
1437 1411 1474 1439 ita
1498 1411 1659 1440 deformitas
1683 1415 1726 1441 est

937 1458 1093 1486 earumdem
1108 1458 1293 1494 proportionis
1307 1457 1440 1486 defectus.

972 1505 1061 1533 Causa
1080 1505 1184 1531 animus.
1197 1504 1330 1537 Quoniam
1345 1503 1569 1539 philosophorum
1585 1503 1667 1538 aliqui
1683 1503 1726 1530 di—

937 1556 1013 1584 cunt,
1032 1560 1066 1580 ex
1081 1551 1232 1579 irrationali
1257 1554 1334 1586 parte
1358 1550 1465 1582 animm,
1481 1550 1594 1577 materia
1610 1557 1642 1577 ac
1663 1557 1726 1576 eor-

937 1599 997 1634 pori
1021 1599 1151 1634 permista
1172 1597 1262 1625 anima
1278 1597 1306 1624 in
1323 1595 1351 1623 id
1365 1598 1503 1631 vergente,
1521 1595 1592 1622 mala
1610 1595 1678 1626 ﬁeri,
1695 1597 1725 1622 ut

939 1644 1064 1679 superius
1085 1643 1280 1676 disseruimus;
1304 1641 1413 1669 divinus
1428 1640 1572 1676 Dionysius
1596 1641 1724 1676 pulcher-

940 1691 1008 1718 rime
1026 1690 1138 1718 dubium
1158 1688 1240 1718 solvit
1253 1696 1286 1717 ex
1303 1687 1363 1716 aliis
1378 1687 1548 1722 incurporeis
1563 1691 1590 1714 et
1611 1694 1726 1721 prorsus

938 1736 1076 1763 mistionis
1090 1735 1259 1771 expertibus,
1278 1734 1325 1769 qui
1345 1734 1428 1761 etiam
1444 1733 1504 1761 sine
1516 1739 1640 1768 corpore,
1660 1733 1725 1760 boni

939 1782 1047 1810 defectu
1061 1785 1185 1818 peccant.

973 1870 1114 1898 ΑάΙιιει-ενε
1143 1869 1285 1896 malitiam.
1313 1868 1446 1896 Possibile
1468 1875 1528 1896 esse
1556 1868 1638 1896 etiam
1664 1867 1725 1895 sine

938 1923 1053 1952 corpore
1066 1916 1197 1943 malitiam
1214 1915 1364 1944 subsistere
1379 1914 1476 1947 videri,
1496 1914 1567 1942 sicut
1582 1915 1609 1942 in
1623 1915 1723 1943 daemo—

939 1963 1031 1991 nibus.

973 2008 1009 2035 El
1024 2008 1175 2041 corporibus
1190 2007 1300 2035 malum.
1318 2007 1388 2041 Quid
1403 2008 1438 2036 sit
1453 2008 1565 2035 malum.

974 2051 1124 2090 5XXVIII.
1145 2053 1212 2086 Quae
1242 2062 1288 2080 nec
1309 2054 1336 2080 id
1361 2054 1448 2088 ipsum
1475 2053 1551 2080 habet
1575 2053 1644 2089 quod
1667 2054 1724 2088 pali

937 2101 1030 2135 possit.
1047 2100 1267 2127 Consentaneum
1288 2103 1329 2127 est
1345 2099 1445 2127 rationi
1465 2107 1559 2127 eorum
1581 2099 1724 2134 opiniones

938 2147 1041 2174 cursim
1062 2152 1209 2181 exponere,
1223 2146 1269 2180 qui
1282 2145 1377 2173 dicunt
1391 2145 1534 2172 materiam
1551 2153 1605 2172 non
1620 2153 1681 2176 ens,
1697 2150 1724 2173 et

937 2192 1075 2228 quomodo
1097 2195 1195 2219 vocent
1216 2191 1303 2227 ipsam
1323 2199 1378 2218 non
1399 2198 1458 2223 ens,
1482 2194 1513 2218 ut
1535 2190 1616 2218 etiam
1639 2191 1724 2226 syllo-

936 2239 1017 2275 gismi
1040 2238 1125 2266 divini
1146 2237 1268 2273 Dionysii
1295 2237 1491 2272 intelligantur.
1513 2236 1619 2264 Vocant
1642 2237 1726 2272 igitur

938 2285 1079 2312 materiam
1099 2291 1154 2312 non
1175 2291 1224 2311 ens
1237 2283 1286 2310 tali
1306 2283 1340 2311 de
1361 2290 1464 2310 causa:
1480 2283 1575 2310 dicunt
1589 2283 1673 2314 enim,
1698 2283 1725 2310 id

93 2320 220 2356 κόσμοις,
231 2323 264 2349 ὲκ
277 2323 326 2349 τοῦ
343 2323 451 2360 πρώτου
467 2325 514 2352 τοῦ
531 2326 584 2352 ὑπὸ
596 2326 626 2352 τὸ
638 2326 668 2353 ὃν
677 2326 753 2359 ὖντος
767 2327 884 2362 ἐγένετο.

941 2338 988 2358 ens
1004 2329 1078 2365 quod
1092 2334 1134 2358 est
1149 2330 1177 2357 in
1192 2329 1410 2365 intelligibilibus
1430 2328 1599 2356 ornamentis
1616 2336 1664 2356 seu
1693 2340 1726 2357 a-

101 2366 182 2394 Ἐπεὶ
200 2365 247 2394 οὖν
262 2369 365 2401 ἐκεῖνος
381 2370 451 2407 ὑπὲρ
465 2370 496 2398 τὸ
519 2371 549 2398 ὅν
565 2372 638 2404 ἐστι,
659 2373 690 2399 τὸ
709 2372 738 2406 ἐξ
755 2373 837 2400 αὐτοῦ
856 2373 885 2400 ὃν

941 2376 1034 2409 itris,a
1059 2376 1148 2412 primo
1164 2379 1226 2403 ante
1249 2374 1323 2410 quod
1344 2382 1394 2402 ens
1413 2377 1535 2409 superat,
1561 2374 1723 2410 productum

92 2413 200 2449 ὶκλήθη
221 2414 314 2450 ἕτερον
334 2415 364 2442 ὃν
379 2416 426 2443 τοῦ
450 2417 525 2449 ὄντος
540 2417 599 2445 καθ’
617 2418 762 2446 ὑπόϐασιν⁸
778 2419 809 2446 τὸ
831 2419 887 2456 γὰρ

91 2458 137 2490 ὃν,
150 2459 165 2485 ὃ
179 2459 296 2494 λέγουσι,
306 2460 356 2497 τὴν
368 2462 423 2489 τῶν
436 2463 538 2498 νοητῶν
552 2463 618 2499 ὕλην
628 2464 800 2500 ὀνομάζουσι,
814 2465 885 2501 λόγῳ

93 2505 172 2540 μόνῳ
187 2505 336 2542 θεωρητὴν,
351 2507 385 2543 ἣν
401 2509 448 2535 καὶ
462 2509 547 2544 αὐτὴν
561 2507 629 2542 εἶδος
645 2510 691 2537 καὶ
707 2509 779 2546 ζωήν
793 2519 884 2545 φασιν,

89 2551 178 2577 οἱονεὶ
193 2551 224 2578 τὸ
238 2552 415 2588 ὑποκείμενον
436 2555 496 2586 ταῖς
516 2557 624 2590 νοηταῖς
642 2556 758 2588 οὐσίαις·
782 2556 831 2592 τὴν
855 2556 884 2583 δὲ

91 2597 124 2622 δν
146 2598 204 2628 τοῖς
224 2598 362 2633 αἰσθητοῖς
389 2599 463 2635 ὕλην,
485 2600 523 2633 ὡς
548 2601 625 2636 ὲνδεῆ
650 2602 757 2629 πάντων
778 2602 832 2629 τῶν
855 2603 884 2630 ὲν

91 2642 152 2673 τοῖς
175 2644 295 2678 νοητοῖς·
309 2644 371 2671 οὔτε
389 2645 443 2681 γὰρ
456 2644 536 2679 εῐδος,
551 2646 614 2673 οὔτε
629 2647 685 2683 ζωὴ
708 2648 786 2684 αὐτή.
807 2648 883 2682 Ἐγέ-

91 2685 156 2714 νετο
169 2688 198 2715 δὲ
214 2689 298 2726 αὕτη,
324 2690 362 2722 ὣς
380 2700 471 2726 φασιν,
487 2693 540 2719 ὑπὸ
563 2693 610 2720 τοῦ
632 2694 721 2726 ὄντος,
738 2694 767 2721 ὃν
780 2694 883 2730 ἔφησαν

93 2733 221 2766 γενέσθαι
248 2735 302 2763 ἀπὸ
324 2737 371 2763 τοῦ
399 2737 508 2773 πρώτου
542 2740 589 2766 καὶ
621 2740 784 2776 ὑπερόντος·
811 2740 883 2768 ὥστε

91 2777 188 2815 ιτερον
204 2781 288 2817 αὐτὴν
300 2781 383 2810 οὖσαν
397 2783 444 2810 τοῦ
462 2784 539 2816 ὄντος
551 2785 582 2811 οὺ
602 2785 725 2820 λέγουσιν
742 2786 827 2823 αὐτὴν
842 2785 881 2814 εῖ-

934 2427 989 2456 est;
1011 2421 1139 2458 quoniam
1161 2421 1244 2457 igitur
1265 2421 1311 2449 ille
1332 2424 1375 2449 est
1397 2428 1480 2456 supra
1499 2428 1560 2452 ens,
1585 2419 1652 2447 illud
1674 2427 1725 2448 ens

936 2469 1008 2504 quod
1024 2468 1127 2504 abipso
1140 2468 1273 2503 procedit,
1288 2472 1415 2495 vocatum
1435 2466 1485 2494 fuit
1507 2467 1645 2494 diversum
1661 2474 1723 2500 ens,

937 2515 972 2542 ab
985 2519 1048 2542 ente
1062 2514 1088 2541 in
1104 2514 1247 2549 subjecto:
1264 2521 1314 2542 ens
1328 2513 1402 2541 enim
1417 2512 1490 2548 quod
1505 2512 1609 2545 dicunt,
1627 2512 1725 2540 intelli‘

936 2561 1058 2596 gibilium
1076 2560 1218 2588 materiam
1242 2560 1393 2595 appellant,
1415 2559 1522 2587 ratione
1543 2559 1601 2587 sola
1625 2559 1722 2586 visibi-

938 2606 1006 2640 lem;
1031 2614 1112 2641 quam
1135 2606 1216 2633 etiam
1240 2605 1353 2633 formam
1374 2609 1401 2633 et
1416 2606 1498 2632 vitam
1519 2605 1624 2636 dicunt,
1640 2605 1723 2632 veluti

936 2652 1009 2686 quod
1030 2652 1247 2687 intelligibilibus
1267 2651 1414 2686 subjicitur
1428 2651 1567 2683 essentiis,
1582 2650 1722 2677 materiam

936 2705 1002 2725 vero
1015 2697 1186 2725 sensibilium
1204 2701 1234 2724 ut
1248 2697 1366 2732 indigam
1383 2696 1504 2723 omnium
1519 2703 1580 2731 quae
1596 2696 1623 2722 in
1640 2695 1721 2722 intel-

936 2743 1103 2778 ligibilibus;
1117 2751 1150 2771 ea
1175 2743 1247 2771 enim
1262 2750 1351 2777 neque
1371 2741 1458 2769 forma
1478 2749 1566 2776 neque
1589 2741 1643 2767 vita
1663 2744 1721 2767 est-

930 2787 993 2815 Hmc
1013 2792 1104 2815 autem
1126 2788 1257 2821 producta
1273 2787 1334 2820 fuit,
1347 2791 1378 2815 ut
1393 2787 1479 2818 aiunt,
1498 2786 1532 2813 ab
1545 2789 1617 2818 ente,
1640 2792 1722 2821 quem

552 2852 667 2882 VARI/ﬁ
686 2854 879 2883 LECTIONES
896 2854 940 2883 ET
962 2854 1239 2884 CORRECTIONES.

132 2926 144 2944 ⁷
159 2927 278 2962 ἀλόγοις.
327 2929 339 2945 ⁸
356 2929 491 2964 ἀγγέλων.

211 2975 350 3006 Ρλτειοι.
373 2977 432 3007 Gn.
458 2977 512 3008 IV.

1522 2977 1559 3005 1ο
