  <div class='ocr_page' id='page_1' title='image "/cluster/home/n/w/nwhite01/storage/ocr_20150623/4/njp.32101010944526/157.png"; bbox 0 0 1926 3062; ppageno 0'>
   <div class='ocr_carea' id='block_1_1' title="bbox 228 172 281 199">
    <p class='ocr_par' dir='ltr' id='par_1_1' title="bbox 228 172 281 199">
     <span class='ocr_line' id='line_1_1' title="bbox 228 172 281 199; baseline -0.019 0"><span class='ocrx_word' id='word_1_1' title='bbox 228 172 281 199; x_wconf 71' lang='lat'><strong>299</strong></span> 
     </span>
    </p>
   </div>
   <div class='ocr_carea' id='block_1_2' title="bbox 649 163 1488 195">
    <p class='ocr_par' dir='ltr' id='par_1_2' title="bbox 649 163 1488 195">
     <span class='ocr_line' id='line_1_2' title="bbox 649 163 1488 195; baseline -0.004 0"><span class='ocrx_word' id='word_1_2' title='bbox 649 166 818 195; x_wconf 74' lang='lat' dir='ltr'><strong>APPENDIX</strong></span> <span class='ocrx_word' id='word_1_3' title='bbox 836 166 882 194; x_wconf 77' lang='lat' dir='ltr'><strong>AD</strong></span> <span class='ocrx_word' id='word_1_4' title='bbox 896 165 1012 194; x_wconf 78' lang='lat' dir='ltr'><strong>OPERA</strong></span> <span class='ocrx_word' id='word_1_5' title='bbox 1034 165 1062 194; x_wconf 89' lang='lat' dir='ltr'><strong>S.</strong></span> <span class='ocrx_word' id='word_1_6' title='bbox 1080 163 1227 193; x_wconf 72' lang='lat' dir='ltr'><strong>DIONYSII</strong></span> <span class='ocrx_word' id='word_1_7' title='bbox 1248 163 1488 192; x_wconf 57' lang='lat' dir='ltr'><strong>AREOPAGI’L‘E.</strong></span> 
     </span>
    </p>
   </div>
   <div class='ocr_carea' id='block_1_3' title="bbox 1798 166 1844 194">
    <p class='ocr_par' dir='ltr' id='par_1_3' title="bbox 1798 166 1844 194">
     <span class='ocr_line' id='line_1_3' title="bbox 1798 166 1844 194; baseline 0 -1"><span class='ocrx_word' id='word_1_8' title='bbox 1798 166 1844 194; x_wconf 70' lang='lat'><strong>500</strong></span> 
     </span>
    </p>
   </div>
   <div class='ocr_carea' id='block_1_4' title="bbox 229 222 1016 264">
    <p class='ocr_par' dir='ltr' id='par_1_4' title="bbox 229 224 1016 264">
     <span class='ocr_line' id='line_1_4' title="bbox 229 224 1016 264; baseline -0.008 -7"><span class='ocrx_word' id='word_1_9' title='bbox 229 231 359 257; x_wconf 67' lang='lat' dir='ltr'><strong>direrunt</strong></span> <span class='ocrx_word' id='word_1_10' title='bbox 381 236 395 255; x_wconf 90' lang='lat' dir='ltr'><strong>a</strong></span> <span class='ocrx_word' id='word_1_11' title='bbox 411 228 499 264; x_wconf 90' lang='lat' dir='ltr'><strong>primo</strong></span> <span class='ocrx_word' id='word_1_12' title='bbox 514 230 541 255; x_wconf 88' lang='lat' dir='ltr'><strong>et</strong></span> <span class='ocrx_word' id='word_1_13' title='bbox 557 234 684 262; x_wconf 90' lang='lat' dir='ltr'><strong>supremo</strong></span> <span class='ocrx_word' id='word_1_14' title='bbox 705 230 767 254; x_wconf 87' lang='lat' dir='ltr'><strong>ente</strong></span> <span class='ocrx_word' id='word_1_15' title='bbox 788 226 908 260; x_wconf 85' lang='lat' dir='ltr'><strong>genitum</strong></span> <span class='ocrx_word' id='word_1_16' title='bbox 920 224 1016 260; x_wconf 53' lang='grc' dir='ltr'><strong>ᾑμω-</strong></span> 
     </span>
    </p>
   </div>
   <div class='ocr_carea' id='block_1_5' title="bbox 1068 222 1844 264">
    <p class='ocr_par' dir='ltr' id='par_1_5' title="bbox 1068 222 1844 258">
     <span class='ocr_line' id='line_1_5' title="bbox 1068 222 1844 258; baseline -0.001 -8"><span class='ocrx_word' id='word_1_17' title='bbox 1068 232 1109 250; x_wconf 86' lang='grc' dir='ltr'><strong>ναι</strong></span> <span class='ocrx_word' id='word_1_18' title='bbox 1125 223 1165 254; x_wconf 81' lang='grc' dir='ltr'><strong>ὃν,</strong></span> <span class='ocrx_word' id='word_1_19' title='bbox 1182 222 1250 249; x_wconf 76' lang='grc' dir='ltr'>ἀλλὰ</span> <span class='ocrx_word' id='word_1_20' title='bbox 1267 222 1303 258; x_wconf 82' lang='grc' dir='ltr'>μὴ</span> <span class='ocrx_word' id='word_1_21' title='bbox 1320 223 1362 248; x_wconf 71' lang='grc' dir='ltr'><strong><em>ὂψ</em></strong></span> <span class='ocrx_word' id='word_1_22' title='bbox 1382 226 1447 257; x_wconf 80' lang='grc' dir='ltr'><strong>φασὶ</strong></span> <span class='ocrx_word' id='word_1_23' title='bbox 1465 222 1519 258; x_wconf 78' lang='grc' dir='ltr'><strong>γὰρ</strong></span> <span class='ocrx_word' id='word_1_24' title='bbox 1534 222 1631 258; x_wconf 83' lang='grc' dir='ltr'>χρῆναι</span> <span class='ocrx_word' id='word_1_25' title='bbox 1657 222 1706 257; x_wconf 75' lang='grc' dir='ltr'>τὴν</span> <span class='ocrx_word' id='word_1_26' title='bbox 1725 222 1844 250; x_wconf 74' lang='grc' dir='ltr'>ὑπόῦασιν</span> 
     </span>
    </p>
   </div>
   <div class='ocr_carea' id='block_1_6' title="bbox 229 270 1015 311">
    <p class='ocr_par' dir='ltr' id='par_1_6' title="bbox 229 270 1015 311">
     <span class='ocr_line' id='line_1_6' title="bbox 229 270 1015 311; baseline -0.008 -8"><span class='ocrx_word' id='word_1_27' title='bbox 229 281 321 311; x_wconf 88' lang='lat' dir='ltr'><strong>pterea</strong></span> <span class='ocrx_word' id='word_1_28' title='bbox 342 283 418 304; x_wconf 87' lang='lat' dir='ltr'><strong>eam,</strong></span> <span class='ocrx_word' id='word_1_29' title='bbox 441 274 545 302; x_wconf 86' lang='lat' dir='ltr'><strong>scilicet</strong></span> <span class='ocrx_word' id='word_1_30' title='bbox 566 273 721 304; x_wconf 85' lang='lat' dir='ltr'><strong>materiam,</strong></span> <span class='ocrx_word' id='word_1_31' title='bbox 743 278 805 299; x_wconf 91' lang='lat' dir='ltr'><strong>cum</strong></span> <span class='ocrx_word' id='word_1_32' title='bbox 830 271 866 298; x_wconf 86' lang='lat' dir='ltr'><strong>sit</strong></span> <span class='ocrx_word' id='word_1_33' title='bbox 889 271 962 298; x_wconf 82' lang='lat' dir='ltr'><strong>aliud</strong></span> <span class='ocrx_word' id='word_1_34' title='bbox 981 270 1015 298; x_wconf 87' lang='lat' dir='ltr'><strong>ab</strong></span> 
     </span>
    </p>
   </div>
   <div class='ocr_carea' id='block_1_7' title="bbox 229 316 1016 354">
    <p class='ocr_par' dir='ltr' id='par_1_7' title="bbox 229 316 1016 354">
     <span class='ocr_line' id='line_1_7' title="bbox 229 316 1016 354; baseline -0.008 -5"><span class='ocrx_word' id='word_1_35' title='bbox 229 325 301 354; x_wconf 84' lang='lat' dir='ltr'><strong>ente,</strong></span> <span class='ocrx_word' id='word_1_36' title='bbox 320 329 375 348; x_wconf 86' lang='lat' dir='ltr'><strong>non</strong></span> <span class='ocrx_word' id='word_1_37' title='bbox 390 320 484 348; x_wconf 90' lang='lat' dir='ltr'><strong>dicunt</strong></span> <span class='ocrx_word' id='word_1_38' title='bbox 505 319 591 354; x_wconf 84' lang='lat' dir='ltr'><strong>ipsam</strong></span> <span class='ocrx_word' id='word_1_39' title='bbox 612 325 673 346; x_wconf 89' lang='lat' dir='ltr'><strong>esse</strong></span> <span class='ocrx_word' id='word_1_40' title='bbox 688 325 737 345; x_wconf 88' lang='lat' dir='ltr'><strong>ens</strong></span> <span class='ocrx_word' id='word_1_41' title='bbox 757 317 803 344; x_wconf 88' lang='lat' dir='ltr'><strong>sed</strong></span> <span class='ocrx_word' id='word_1_42' title='bbox 819 325 874 344; x_wconf 94' lang='lat' dir='ltr'><strong>non</strong></span> <span class='ocrx_word' id='word_1_43' title='bbox 894 325 958 350; x_wconf 86' lang='lat' dir='ltr'><strong>ens;</strong></span> <span class='ocrx_word' id='word_1_44' title='bbox 973 316 1016 343; x_wconf 93' lang='lat' dir='ltr'><strong>di-</strong></span> 
     </span>
    </p>
   </div>
   <div class='ocr_carea' id='block_1_8' title="bbox 230 362 1016 400">
    <p class='ocr_par' dir='ltr' id='par_1_8' title="bbox 230 362 1016 400">
     <span class='ocr_line' id='line_1_8' title="bbox 230 362 1016 400; baseline -0.006 -6"><span class='ocrx_word' id='word_1_45' title='bbox 230 371 296 394; x_wconf 87' lang='lat' dir='ltr'><strong>cunt</strong></span> <span class='ocrx_word' id='word_1_46' title='bbox 317 367 390 394; x_wconf 90' lang='lat' dir='ltr'><strong>enim</strong></span> <span class='ocrx_word' id='word_1_47' title='bbox 406 369 532 400; x_wconf 79' lang='lat' dir='ltr'><strong>oportere</strong></span> <span class='ocrx_word' id='word_1_48' title='bbox 558 363 710 398; x_wconf 83' lang='lat' dir='ltr'><strong>subjectum</strong></span> <span class='ocrx_word' id='word_1_49' title='bbox 733 363 814 390; x_wconf 89' lang='lat' dir='ltr'><strong>etiam</strong></span> <span class='ocrx_word' id='word_1_50' title='bbox 836 362 869 389; x_wconf 89' lang='lat' dir='ltr'><strong>ad</strong></span> <span class='ocrx_word' id='word_1_51' title='bbox 895 367 1016 390; x_wconf 85' lang='lat' dir='ltr'><strong>extrema</strong></span> 
     </span>
    </p>
   </div>
   <div class='ocr_carea' id='block_1_9' title="bbox 230 408 1017 448">
    <p class='ocr_par' dir='ltr' id='par_1_9' title="bbox 230 408 1017 448">
     <span class='ocr_line' id='line_1_9' title="bbox 230 408 1017 448; baseline -0.005 -8"><span class='ocrx_word' id='word_1_52' title='bbox 230 414 394 448; x_wconf 83' lang='lat' dir='ltr'><strong>pertingere,</strong></span> <span class='ocrx_word' id='word_1_53' title='bbox 418 411 532 446; x_wconf 85' lang='lat' dir='ltr'><strong>ideoque</strong></span> <span class='ocrx_word' id='word_1_54' title='bbox 547 410 642 437; x_wconf 88' lang='lat' dir='ltr'><strong>dicunt</strong></span> <span class='ocrx_word' id='word_1_55' title='bbox 658 409 799 436; x_wconf 88' lang='lat' dir='ltr'><strong>materiam</strong></span> <span class='ocrx_word' id='word_1_56' title='bbox 816 408 880 444; x_wconf 89' lang='lat' dir='ltr'><strong>quid</strong></span> <span class='ocrx_word' id='word_1_57' title='bbox 900 409 933 435; x_wconf 87' lang='lat' dir='ltr'><strong>ab</strong></span> <span class='ocrx_word' id='word_1_58' title='bbox 955 412 1017 436; x_wconf 85' lang='lat' dir='ltr'><strong>cute</strong></span> 
     </span>
    </p>
   </div>
   <div class='ocr_carea' id='block_1_10' title="bbox 229 454 1014 493">
    <p class='ocr_par' dir='ltr' id='par_1_10' title="bbox 229 454 1014 493">
     <span class='ocr_line' id='line_1_10' title="bbox 229 454 1014 493; baseline -0.008 -8"><span class='ocrx_word' id='word_1_59' title='bbox 229 463 256 486; x_wconf 91' lang='lat' dir='ltr'><strong>et</strong></span> <span class='ocrx_word' id='word_1_60' title='bbox 281 458 396 493; x_wconf 90' lang='lat' dir='ltr'><strong>pulchro</strong></span> <span class='ocrx_word' id='word_1_61' title='bbox 419 456 568 487; x_wconf 83' lang='lat' dir='ltr'><strong>diversum,</strong></span> <span class='ocrx_word' id='word_1_62' title='bbox 593 463 656 482; x_wconf 90' lang='lat' dir='ltr'><strong>cum</strong></span> <span class='ocrx_word' id='word_1_63' title='bbox 685 462 773 489; x_wconf 90' lang='lat' dir='ltr'><strong>neque</strong></span> <span class='ocrx_word' id='word_1_64' title='bbox 794 454 938 489; x_wconf 82' lang='lat' dir='ltr'><strong>pulchrum</strong></span> <span class='ocrx_word' id='word_1_65' title='bbox 963 454 1014 487; x_wconf 87' lang='lat' dir='ltr'><strong>sit;</strong></span> 
     </span>
    </p>
   </div>
   <div class='ocr_carea' id='block_1_11' title="bbox 230 499 1016 537">
    <p class='ocr_par' dir='ltr' id='par_1_11' title="bbox 230 499 1016 537">
     <span class='ocr_line' id='line_1_11' title="bbox 230 499 1016 537; baseline -0.004 -8"><span class='ocrx_word' id='word_1_66' title='bbox 230 503 307 529; x_wconf 90' lang='lat' dir='ltr'><strong>aiunt</strong></span> <span class='ocrx_word' id='word_1_67' title='bbox 320 503 402 537; x_wconf 79' lang='lat' dir='ltr'><strong>igitur</strong></span> <span class='ocrx_word' id='word_1_68' title='bbox 416 502 484 529; x_wconf 87' lang='lat' dir='ltr'><strong>nihil</strong></span> <span class='ocrx_word' id='word_1_69' title='bbox 504 501 622 528; x_wconf 83' lang='lat' dir='ltr'><strong>ellieacia</strong></span> <span class='ocrx_word' id='word_1_70' title='bbox 641 508 689 527; x_wconf 92' lang='lat' dir='ltr'><strong>seu</strong></span> <span class='ocrx_word' id='word_1_71' title='bbox 704 501 862 535; x_wconf 83' lang='lat' dir='ltr'><strong>operatione</strong></span> <span class='ocrx_word' id='word_1_72' title='bbox 875 507 952 533; x_wconf 88' lang='lat' dir='ltr'><strong>esse;</strong></span> <span class='ocrx_word' id='word_1_73' title='bbox 969 499 1016 526; x_wconf 90' lang='lat' dir='ltr'><strong>sed</strong></span> 
     </span>
    </p>
   </div>
   <div class='ocr_carea' id='block_1_12' title="bbox 229 545 1017 582">
    <p class='ocr_par' dir='ltr' id='par_1_12' title="bbox 229 545 1017 582">
     <span class='ocr_line' id='line_1_12' title="bbox 229 545 1017 582; baseline -0.004 -8"><span class='ocrx_word' id='word_1_74' title='bbox 229 548 356 575; x_wconf 89' lang='lat' dir='ltr'><strong>omnibus</strong></span> <span class='ocrx_word' id='word_1_75' title='bbox 371 555 431 582; x_wconf 66' lang='lat' dir='ltr'><strong>qum</strong></span> <span class='ocrx_word' id='word_1_76' title='bbox 444 547 472 574; x_wconf 90' lang='lat' dir='ltr'><strong>in</strong></span> <span class='ocrx_word' id='word_1_77' title='bbox 486 547 545 581; x_wconf 84' lang='lat' dir='ltr'><strong>ipsa</strong></span> <span class='ocrx_word' id='word_1_78' title='bbox 558 546 734 578; x_wconf 85' lang='lat' dir='ltr'><strong>conveniunt,</strong></span> <span class='ocrx_word' id='word_1_79' title='bbox 752 546 831 581; x_wconf 76' lang='lat'><strong>160</strong></span> <span class='ocrx_word' id='word_1_80' title='bbox 847 549 877 572; x_wconf 91' lang='lat' dir='ltr'><strong>ut</strong></span> <span class='ocrx_word' id='word_1_81' title='bbox 893 545 979 572; x_wconf 77' lang='lat' dir='ltr'><strong>forma</strong></span> <span class='ocrx_word' id='word_1_82' title='bbox 990 548 1017 572; x_wconf 87' lang='lat' dir='ltr'><strong>et</strong></span> 
     </span>
    </p>
   </div>
   <div class='ocr_carea' id='block_1_13' title="bbox 230 592 1016 629">
    <p class='ocr_par' dir='ltr' id='par_1_13' title="bbox 230 592 1016 629">
     <span class='ocr_line' id='line_1_13' title="bbox 230 592 1016 629; baseline -0.005 -8"><span class='ocrx_word' id='word_1_83' title='bbox 230 594 359 629; x_wconf 85' lang='lat' dir='ltr'><strong>qualitate</strong></span> <span class='ocrx_word' id='word_1_84' title='bbox 374 593 492 628; x_wconf 87' lang='lat' dir='ltr'><strong>privari;</strong></span> <span class='ocrx_word' id='word_1_85' title='bbox 509 599 597 627; x_wconf 89' lang='lat' dir='ltr'><strong>neque</strong></span> <span class='ocrx_word' id='word_1_86' title='bbox 613 592 685 619; x_wconf 91' lang='lat' dir='ltr'><strong>enim</strong></span> <span class='ocrx_word' id='word_1_87' title='bbox 704 592 822 625; x_wconf 85' lang='lat' dir='ltr'><strong>seipsam</strong></span> <span class='ocrx_word' id='word_1_88' title='bbox 844 592 872 618; x_wconf 91' lang='lat' dir='ltr'><strong>in</strong></span> <span class='ocrx_word' id='word_1_89' title='bbox 897 592 1016 626; x_wconf 83' lang='lat' dir='ltr'><strong>aliquam</strong></span> 
     </span>
    </p>
   </div>
   <div class='ocr_carea' id='block_1_14' title="bbox 230 637 1016 674">
    <p class='ocr_par' dir='ltr' id='par_1_14' title="bbox 230 637 1016 674">
     <span class='ocr_line' id='line_1_14' title="bbox 230 637 1016 674; baseline -0.005 -7"><span class='ocrx_word' id='word_1_90' title='bbox 230 640 349 674; x_wconf 87' lang='lat' dir='ltr'><strong>speciem</strong></span> <span class='ocrx_word' id='word_1_91' title='bbox 372 638 511 672; x_wconf 80' lang='lat' dir='ltr'><strong>eﬂ&#39;ormat,</strong></span> <span class='ocrx_word' id='word_1_92' title='bbox 533 638 607 665; x_wconf 86' lang='lat' dir='ltr'><strong>velut</strong></span> <span class='ocrx_word' id='word_1_93' title='bbox 629 637 708 670; x_wconf 75' lang='lat' dir='ltr'><strong>cmli,</strong></span> <span class='ocrx_word' id='word_1_94' title='bbox 723 641 812 669; x_wconf 71' lang='lat' dir='ltr'><strong>terrae,</strong></span> <span class='ocrx_word' id='word_1_95' title='bbox 829 637 912 668; x_wconf 84' lang='lat' dir='ltr'><strong>aeris,</strong></span> <span class='ocrx_word' id='word_1_96' title='bbox 928 643 1016 672; x_wconf 64' lang='lat' dir='ltr'><strong>aquae,</strong></span> 
     </span>
    </p>
   </div>
   <div class='ocr_carea' id='block_1_15' title="bbox 229 682 1017 718">
    <p class='ocr_par' dir='ltr' id='par_1_15' title="bbox 229 682 1017 718">
     <span class='ocr_line' id='line_1_15' title="bbox 229 682 1017 718; baseline -0.003 -6"><span class='ocrx_word' id='word_1_97' title='bbox 229 685 399 716; x_wconf 82' lang='lat' dir='ltr'><strong>animalium,</strong></span> <span class='ocrx_word' id='word_1_98' title='bbox 417 688 564 716; x_wconf 83' lang='lat' dir='ltr'><strong>astrorum,</strong></span> <span class='ocrx_word' id='word_1_99' title='bbox 587 691 675 718; x_wconf 88' lang='lat' dir='ltr'><strong>neque</strong></span> <span class='ocrx_word' id='word_1_100' title='bbox 698 684 832 718; x_wconf 83' lang='lat' dir='ltr'><strong>qualitate</strong></span> <span class='ocrx_word' id='word_1_101' title='bbox 854 683 946 715; x_wconf 83' lang='lat' dir='ltr'><strong>allicit,</strong></span> <span class='ocrx_word' id='word_1_102' title='bbox 969 682 1017 710; x_wconf 88' lang='lat' dir='ltr'><strong>sed</strong></span> 
     </span>
    </p>
   </div>
   <div class='ocr_carea' id='block_1_16' title="bbox 229 729 1017 764">
    <p class='ocr_par' dir='ltr' id='par_1_16' title="bbox 229 729 1017 764">
     <span class='ocr_line' id='line_1_16' title="bbox 229 729 1017 764; baseline -0.004 -6"><span class='ocrx_word' id='word_1_103' title='bbox 229 732 264 758; x_wconf 89' lang='lat' dir='ltr'><strong>ab</strong></span> <span class='ocrx_word' id='word_1_104' title='bbox 279 731 332 758; x_wconf 94' lang='lat' dir='ltr'><strong>alio</strong></span> <span class='ocrx_word' id='word_1_105' title='bbox 351 730 385 757; x_wconf 84' lang='lat' dir='ltr'><strong>ad</strong></span> <span class='ocrx_word' id='word_1_106' title='bbox 402 730 460 757; x_wconf 68' lang='lat' dir='ltr'><strong>hmc</strong></span> <span class='ocrx_word' id='word_1_107' title='bbox 482 730 649 764; x_wconf 83' lang='lat' dir='ltr'><strong>disponitur;</strong></span> <span class='ocrx_word' id='word_1_108' title='bbox 676 733 707 756; x_wconf 89' lang='lat' dir='ltr'><strong>ut</strong></span> <span class='ocrx_word' id='word_1_109' title='bbox 725 730 808 764; x_wconf 83' lang='lat' dir='ltr'><strong>igitur</strong></span> <span class='ocrx_word' id='word_1_110' title='bbox 837 729 904 756; x_wconf 83' lang='lat' dir='ltr'><strong>nihil</strong></span> <span class='ocrx_word' id='word_1_111' title='bbox 926 737 1017 757; x_wconf 85' lang='lat' dir='ltr'><strong>rerum</strong></span> 
     </span>
    </p>
   </div>
   <div class='ocr_carea' id='block_1_17' title="bbox 229 774 1018 810">
    <p class='ocr_par' dir='ltr' id='par_1_17' title="bbox 229 774 1018 810">
     <span class='ocr_line' id='line_1_17' title="bbox 229 774 1018 810; baseline -0.003 -8"><span class='ocrx_word' id='word_1_112' title='bbox 229 776 364 803; x_wconf 78' lang='lat' dir='ltr'><strong>exsislens</strong></span> <span class='ocrx_word' id='word_1_113' title='bbox 377 775 406 802; x_wconf 90' lang='lat' dir='ltr'><strong>in</strong></span> <span class='ocrx_word' id='word_1_114' title='bbox 421 775 628 810; x_wconf 87' lang='lat' dir='ltr'><strong>seipsa,scilicet</strong></span> <span class='ocrx_word' id='word_1_115' title='bbox 641 774 735 802; x_wconf 67' lang='lat' dir='ltr'><strong>formae</strong></span> <span class='ocrx_word' id='word_1_116' title='bbox 747 778 774 802; x_wconf 90' lang='lat' dir='ltr'><strong>et</strong></span> <span class='ocrx_word' id='word_1_117' title='bbox 792 774 943 809; x_wconf 83' lang='lat' dir='ltr'><strong>qualitatis.</strong></span> <span class='ocrx_word' id='word_1_118' title='bbox 956 781 1018 801; x_wconf 91' lang='lat' dir='ltr'><strong>cum</strong></span> 
     </span>
    </p>
   </div>
   <div class='ocr_carea' id='block_1_18' title="bbox 229 820 1019 854">
    <p class='ocr_par' dir='ltr' id='par_1_18' title="bbox 229 820 1019 854">
     <span class='ocr_line' id='line_1_18' title="bbox 229 820 1019 854; baseline -0.001 -6"><span class='ocrx_word' id='word_1_119' title='bbox 229 826 335 849; x_wconf 89' lang='lat' dir='ltr'><strong>tantum</strong></span> <span class='ocrx_word' id='word_1_120' title='bbox 354 822 454 848; x_wconf 87' lang='lat' dir='ltr'><strong>virtute</strong></span> <span class='ocrx_word' id='word_1_121' title='bbox 479 821 536 848; x_wconf 73' lang='lat' dir='ltr'><strong>ham</strong></span> <span class='ocrx_word' id='word_1_122' title='bbox 555 821 670 854; x_wconf 84' lang='lat' dir='ltr'><strong>habeat,</strong></span> <span class='ocrx_word' id='word_1_123' title='bbox 690 821 716 848; x_wconf 90' lang='lat' dir='ltr'><strong>id</strong></span> <span class='ocrx_word' id='word_1_124' title='bbox 740 824 783 848; x_wconf 87' lang='lat' dir='ltr'><strong>est</strong></span> <span class='ocrx_word' id='word_1_125' title='bbox 799 820 833 847; x_wconf 87' lang='lat' dir='ltr'><strong>ad</strong></span> <span class='ocrx_word' id='word_1_126' title='bbox 855 820 970 848; x_wconf 78' lang='lat' dir='ltr'><strong>formam</strong></span> <span class='ocrx_word' id='word_1_127' title='bbox 992 823 1019 847; x_wconf 91' lang='lat' dir='ltr'><strong>et</strong></span> 
     </span>
    </p>
   </div>
   <div class='ocr_carea' id='block_1_19' title="bbox 229 865 1019 902">
    <p class='ocr_par' dir='ltr' id='par_1_19' title="bbox 229 865 1019 902">
     <span class='ocr_line' id='line_1_19' title="bbox 229 865 1019 902; baseline -0.003 -8"><span class='ocrx_word' id='word_1_128' title='bbox 229 868 389 902; x_wconf 85' lang='lat' dir='ltr'><strong>qualitatem</strong></span> <span class='ocrx_word' id='word_1_129' title='bbox 411 867 510 895; x_wconf 84' lang='lat' dir='ltr'><strong>elevari</strong></span> <span class='ocrx_word' id='word_1_130' title='bbox 526 867 627 902; x_wconf 85' lang='lat' dir='ltr'><strong>possit;</strong></span> <span class='ocrx_word' id='word_1_131' title='bbox 646 874 700 894; x_wconf 92' lang='lat' dir='ltr'><strong>non</strong></span> <span class='ocrx_word' id='word_1_132' title='bbox 714 874 779 894; x_wconf 87' lang='lat' dir='ltr'><strong>vero</strong></span> <span class='ocrx_word' id='word_1_133' title='bbox 793 866 950 901; x_wconf 88' lang='lat' dir='ltr'><strong>operatione</strong></span> <span class='ocrx_word' id='word_1_134' title='bbox 970 865 1019 892; x_wconf 91' lang='lat' dir='ltr'><strong>ali-</strong></span> 
     </span>
    </p>
   </div>
   <div class='ocr_carea' id='block_1_20' title="bbox 1067 267 1844 304">
    <p class='ocr_par' dir='ltr' id='par_1_20' title="bbox 1067 267 1844 304">
     <span class='ocr_line' id='line_1_20' title="bbox 1067 267 1844 304; baseline -0.003 -8"><span class='ocrx_word' id='word_1_135' title='bbox 1067 270 1114 296; x_wconf 79' lang='grc' dir='ltr'>καὶ</span> <span class='ocrx_word' id='word_1_136' title='bbox 1133 269 1213 304; x_wconf 83' lang='grc' dir='ltr'>μέχρι</span> <span class='ocrx_word' id='word_1_137' title='bbox 1228 268 1282 295; x_wconf 78' lang='grc' dir='ltr'>τῶν</span> <span class='ocrx_word' id='word_1_138' title='bbox 1302 268 1423 303; x_wconf 77' lang='grc' dir='ltr'><strong>ἐσχάτων</strong></span> <span class='ocrx_word' id='word_1_139' title='bbox 1441 268 1519 299; x_wconf 85' lang='grc' dir='ltr'>ἰέναι,</span> <span class='ocrx_word' id='word_1_140' title='bbox 1538 269 1585 294; x_wconf 76' lang='grc' dir='ltr'>καὶ</span> <span class='ocrx_word' id='word_1_141' title='bbox 1607 267 1650 294; x_wconf 84' lang='grc' dir='ltr'>διὰ</span> <span class='ocrx_word' id='word_1_142' title='bbox 1669 267 1748 294; x_wconf 83' lang='grc' dir='ltr'>τοῦτο</span> <span class='ocrx_word' id='word_1_143' title='bbox 1763 268 1844 302; x_wconf 73' lang='grc' dir='ltr'>ἕτερόν</span> 
     </span>
    </p>
   </div>
   <div class='ocr_carea' id='block_1_21' title="bbox 1068 313 1845 350">
    <p class='ocr_par' dir='ltr' id='par_1_21' title="bbox 1068 313 1845 350">
     <span class='ocr_line' id='line_1_21' title="bbox 1068 313 1845 350; baseline -0.003 -9"><span class='ocrx_word' id='word_1_144' title='bbox 1068 324 1134 349; x_wconf 82' lang='grc' dir='ltr'>φασι</span> <span class='ocrx_word' id='word_1_145' title='bbox 1155 315 1203 350; x_wconf 82' lang='grc' dir='ltr'>τὴν</span> <span class='ocrx_word' id='word_1_146' title='bbox 1220 314 1284 349; x_wconf 76' lang='grc' dir='ltr'>ὓλην</span> <span class='ocrx_word' id='word_1_147' title='bbox 1306 314 1353 340; x_wconf 80' lang='grc' dir='ltr'><strong>τοῦ</strong></span> <span class='ocrx_word' id='word_1_148' title='bbox 1376 314 1468 345; x_wconf 77' lang='grc' dir='ltr'>ὄντος,</span> <span class='ocrx_word' id='word_1_149' title='bbox 1485 313 1593 340; x_wconf 76' lang='grc' dir='ltr'>καὶτοῦ</span> <span class='ocrx_word' id='word_1_150' title='bbox 1615 313 1710 345; x_wconf 79' lang='grc' dir='ltr'>καλοῦ,</span> <span class='ocrx_word' id='word_1_151' title='bbox 1730 313 1766 345; x_wconf 85' lang='grc' dir='ltr'><strong>ὡς</strong></span> <span class='ocrx_word' id='word_1_152' title='bbox 1786 314 1845 350; x_wconf 74' lang='grc' dir='ltr'>μηδὲ</span> 
     </span>
    </p>
   </div>
   <div class='ocr_carea' id='block_1_22' title="bbox 1068 358 1845 395">
    <p class='ocr_par' dir='ltr' id='par_1_22' title="bbox 1068 358 1845 395">
     <span class='ocr_line' id='line_1_22' title="bbox 1068 358 1845 395; baseline -0.001 -8"><span class='ocrx_word' id='word_1_153' title='bbox 1068 361 1148 387; x_wconf 86' lang='grc' dir='ltr'>καλὸν</span> <span class='ocrx_word' id='word_1_154' title='bbox 1168 359 1246 388; x_wconf 69' lang='grc' dir='ltr'>εἶναι.</span> <span class='ocrx_word' id='word_1_155' title='bbox 1263 360 1346 387; x_wconf 78' lang='grc' dir='ltr'>Οὐδὲν</span> <span class='ocrx_word' id='word_1_156' title='bbox 1362 358 1408 387; x_wconf 72' lang='grc' dir='ltr'>οὖν</span> <span class='ocrx_word' id='word_1_157' title='bbox 1431 369 1513 394; x_wconf 87' lang='grc' dir='ltr'>φασιν</span> <span class='ocrx_word' id='word_1_158' title='bbox 1537 359 1621 395; x_wconf 83' lang='grc' dir='ltr'>αὐτὴν</span> <span class='ocrx_word' id='word_1_159' title='bbox 1638 360 1761 395; x_wconf 68' lang='grc' dir='ltr'>ἐνεργείᾳ,</span> <span class='ocrx_word' id='word_1_160' title='bbox 1774 358 1845 391; x_wconf 77' lang='grc' dir='ltr'>εἶναι,</span> 
     </span>
    </p>
   </div>
   <div class='ocr_carea' id='block_1_23' title="bbox 1068 406 1847 442">
    <p class='ocr_par' dir='ltr' id='par_1_23' title="bbox 1068 406 1847 442">
     <span class='ocr_line' id='line_1_23' title="bbox 1068 406 1847 442; baseline -0.003 -8"><span class='ocrx_word' id='word_1_161' title='bbox 1068 407 1137 434; x_wconf 86' lang='grc' dir='ltr'>ἀλλὰ</span> <span class='ocrx_word' id='word_1_162' title='bbox 1158 407 1266 434; x_wconf 80' lang='grc' dir='ltr'>πάντων</span> <span class='ocrx_word' id='word_1_163' title='bbox 1290 406 1451 442; x_wconf 78' lang='grc' dir='ltr'><strong>ἐστερῆσθαι</strong></span> <span class='ocrx_word' id='word_1_164' title='bbox 1465 406 1518 433; x_wconf 82' lang='grc' dir='ltr'>τῶν</span> <span class='ocrx_word' id='word_1_165' title='bbox 1534 407 1577 432; x_wconf 78' lang='grc' dir='ltr'><strong>ἐπ’</strong></span> <span class='ocrx_word' id='word_1_166' title='bbox 1591 406 1675 441; x_wconf 84' lang='grc' dir='ltr'>αὐτῆς</span> <span class='ocrx_word' id='word_1_167' title='bbox 1698 406 1847 441; x_wconf 79' lang='grc' dir='ltr'>συμὸαινόν-</span> 
     </span>
    </p>
   </div>
   <div class='ocr_carea' id='block_1_24' title="bbox 1067 451 1847 488">
    <p class='ocr_par' dir='ltr' id='par_1_24' title="bbox 1067 451 1847 488">
     <span class='ocr_line' id='line_1_24' title="bbox 1067 451 1847 488; baseline -0.001 -9"><span class='ocrx_word' id='word_1_168' title='bbox 1067 462 1132 485; x_wconf 81' lang='grc' dir='ltr'>των,</span> <span class='ocrx_word' id='word_1_169' title='bbox 1155 451 1210 479; x_wconf 76' lang='grc' dir='ltr'>οἷον</span> <span class='ocrx_word' id='word_1_170' title='bbox 1235 453 1322 484; x_wconf 73' lang='grc' dir='ltr'>εἴδους</span> <span class='ocrx_word' id='word_1_171' title='bbox 1344 454 1391 480; x_wconf 70' lang='grc' dir='ltr'>καὶ</span> <span class='ocrx_word' id='word_1_172' title='bbox 1416 453 1570 488; x_wconf 80' lang='grc' dir='ltr'>ποιότητος·</span> <span class='ocrx_word' id='word_1_173' title='bbox 1596 451 1659 479; x_wconf 79' lang='grc' dir='ltr'>οὔτε</span> <span class='ocrx_word' id='word_1_174' title='bbox 1682 452 1737 488; x_wconf 87' lang='grc' dir='ltr'><strong>γὰρ</strong></span> <span class='ocrx_word' id='word_1_175' title='bbox 1758 453 1847 487; x_wconf 75' lang='grc' dir='ltr'>ἑαυτὴν</span> 
     </span>
    </p>
   </div>
   <div class='ocr_carea' id='block_1_25' title="bbox 1071 495 1846 534">
    <p class='ocr_par' dir='ltr' id='par_1_25' title="bbox 1071 495 1846 534">
     <span class='ocr_line' id='line_1_25' title="bbox 1071 495 1846 534; baseline -0.001 -9"><span class='ocrx_word' id='word_1_176' title='bbox 1071 500 1169 534; x_wconf 73' lang='grc' dir='ltr'>μορφοῖ</span> <span class='ocrx_word' id='word_1_177' title='bbox 1183 500 1223 530; x_wconf 86' lang='grc' dir='ltr'><strong>είς</strong></span> <span class='ocrx_word' id='word_1_178' title='bbox 1238 496 1316 530; x_wconf 77' lang='grc' dir='ltr'>εἶδος,</span> <span class='ocrx_word' id='word_1_179' title='bbox 1334 495 1389 525; x_wconf 81' lang='grc' dir='ltr'>οἷον</span> <span class='ocrx_word' id='word_1_180' title='bbox 1410 499 1535 534; x_wconf 79' lang='grc' dir='ltr'>οὐρανοῦ,</span> <span class='ocrx_word' id='word_1_181' title='bbox 1554 499 1615 534; x_wconf 85' lang='grc' dir='ltr'>γῆς,</span> <span class='ocrx_word' id='word_1_182' title='bbox 1633 499 1728 534; x_wconf 81' lang='grc' dir='ltr'><strong>ἀέρος,</strong></span> <span class='ocrx_word' id='word_1_183' title='bbox 1751 498 1846 530; x_wconf 80' lang='grc' dir='ltr'>ὓδατος,</span> 
     </span>
    </p>
   </div>
   <div class='ocr_carea' id='block_1_26' title="bbox 1069 544 1848 580">
    <p class='ocr_par' dir='ltr' id='par_1_26' title="bbox 1069 544 1848 580">
     <span class='ocr_line' id='line_1_26' title="bbox 1069 544 1848 580; baseline -0.003 -8"><span class='ocrx_word' id='word_1_184' title='bbox 1069 545 1156 577; x_wconf 81' lang='grc' dir='ltr'>ζώων,</span> <span class='ocrx_word' id='word_1_185' title='bbox 1171 545 1308 580; x_wconf 80' lang='grc' dir='ltr'><strong>ἀστέρων,</strong></span> <span class='ocrx_word' id='word_1_186' title='bbox 1331 544 1392 571; x_wconf 81' lang='grc' dir='ltr'>οὕτε</span> <span class='ocrx_word' id='word_1_187' title='bbox 1410 545 1492 577; x_wconf 84' lang='grc' dir='ltr'>ποιοῖ,</span> <span class='ocrx_word' id='word_1_188' title='bbox 1509 544 1565 571; x_wconf 81' lang='grc' dir='ltr'>ἀλλ’</span> <span class='ocrx_word' id='word_1_189' title='bbox 1581 544 1610 576; x_wconf 79' lang='grc' dir='ltr'>ἐξ</span> <span class='ocrx_word' id='word_1_190' title='bbox 1635 544 1728 580; x_wconf 78' lang='grc' dir='ltr'>ἐτέρου</span> <span class='ocrx_word' id='word_1_191' title='bbox 1747 546 1848 580; x_wconf 85' lang='grc' dir='ltr'>κοσμεῖ-</span> 
     </span>
    </p>
   </div>
   <div class='ocr_carea' id='block_1_27' title="bbox 1068 588 1847 623">
    <p class='ocr_par' dir='ltr' id='par_1_27' title="bbox 1068 588 1847 623">
     <span class='ocr_line' id='line_1_27' title="bbox 1068 588 1847 623; baseline 0 -5"><span class='ocrx_word' id='word_1_192' title='bbox 1068 601 1112 618; x_wconf 85' lang='grc' dir='ltr'><strong>ται</strong></span> <span class='ocrx_word' id='word_1_193' title='bbox 1128 593 1168 623; x_wconf 78' lang='grc' dir='ltr'>εἰς</span> <span class='ocrx_word' id='word_1_194' title='bbox 1187 591 1283 617; x_wconf 82' lang='grc' dir='ltr'>ταῦτα.</span> <span class='ocrx_word' id='word_1_195' title='bbox 1307 591 1351 622; x_wconf 83' lang='grc' dir='ltr'>Ὠς</span> <span class='ocrx_word' id='word_1_196' title='bbox 1372 589 1418 617; x_wconf 82' lang='grc' dir='ltr'><strong>οὖν</strong></span> <span class='ocrx_word' id='word_1_197' title='bbox 1441 591 1516 617; x_wconf 80' lang='grc' dir='ltr'>οὐδὲν</span> <span class='ocrx_word' id='word_1_198' title='bbox 1535 588 1601 618; x_wconf 77' lang='grc' dir='ltr'>οὖσα</span> <span class='ocrx_word' id='word_1_199' title='bbox 1623 591 1678 618; x_wconf 82' lang='grc' dir='ltr'>τῶν</span> <span class='ocrx_word' id='word_1_200' title='bbox 1697 591 1778 619; x_wconf 77' lang='grc' dir='ltr'>ὄντων</span> <span class='ocrx_word' id='word_1_201' title='bbox 1807 593 1847 618; x_wconf 81' lang='grc' dir='ltr'><strong>ἐπ’</strong></span> 
     </span>
    </p>
   </div>
   <div class='ocr_carea' id='block_1_28' title="bbox 1069 636 1848 674">
    <p class='ocr_par' dir='ltr' id='par_1_28' title="bbox 1069 636 1848 674">
     <span class='ocr_line' id='line_1_28' title="bbox 1069 636 1848 674; baseline 0.001 -10"><span class='ocrx_word' id='word_1_202' title='bbox 1069 637 1247 674; x_wconf 82' lang='grc' dir='ltr'>αὑτῇ,εἱ¹δους</span> <span class='ocrx_word' id='word_1_203' title='bbox 1263 636 1328 671; x_wconf 77' lang='grc' dir='ltr'>φασὶ</span> <span class='ocrx_word' id='word_1_204' title='bbox 1355 637 1401 663; x_wconf 72' lang='grc' dir='ltr'><strong>καὶ</strong></span> <span class='ocrx_word' id='word_1_205' title='bbox 1427 637 1578 672; x_wconf 81' lang='grc' dir='ltr'><strong>ποιότητος,</strong></span> <span class='ocrx_word' id='word_1_206' title='bbox 1603 638 1682 672; x_wconf 82' lang='grc' dir='ltr'>μόνον</span> <span class='ocrx_word' id='word_1_207' title='bbox 1697 638 1725 664; x_wconf 84' lang='grc' dir='ltr'><strong>δὲ</strong></span> <span class='ocrx_word' id='word_1_208' title='bbox 1745 638 1848 674; x_wconf 84' lang='grc' dir='ltr'><strong>δυνάμει</strong></span> 
     </span>
    </p>
   </div>
   <div class='ocr_carea' id='block_1_29' title="bbox 1068 681 1849 719">
    <p class='ocr_par' dir='ltr' id='par_1_29' title="bbox 1068 681 1849 719">
     <span class='ocr_line' id='line_1_29' title="bbox 1068 681 1849 719; baseline 0 -9"><span class='ocrx_word' id='word_1_209' title='bbox 1068 681 1135 710; x_wconf 79' lang='grc' dir='ltr'>οὖσα</span> <span class='ocrx_word' id='word_1_210' title='bbox 1150 682 1247 715; x_wconf 79' lang='grc' dir='ltr'>ταῦτα,</span> <span class='ocrx_word' id='word_1_211' title='bbox 1269 683 1406 709; x_wconf 77' lang='grc' dir='ltr'><strong>τουτέστιν</strong></span> <span class='ocrx_word' id='word_1_212' title='bbox 1430 683 1471 714; x_wconf 77' lang='grc' dir='ltr'><strong>είς</strong></span> <span class='ocrx_word' id='word_1_213' title='bbox 1489 681 1559 715; x_wconf 81' lang='grc' dir='ltr'>εἶδος</span> <span class='ocrx_word' id='word_1_214' title='bbox 1573 684 1620 710; x_wconf 82' lang='grc' dir='ltr'>καὶ</span> <span class='ocrx_word' id='word_1_215' title='bbox 1644 684 1770 719; x_wconf 85' lang='grc' dir='ltr'>ποιότητα</span> <span class='ocrx_word' id='word_1_216' title='bbox 1793 685 1849 710; x_wconf 86' lang='grc' dir='ltr'>ὲνε-</span> 
     </span>
    </p>
   </div>
   <div class='ocr_carea' id='block_1_30' title="bbox 1068 727 1847 765">
    <p class='ocr_par' dir='ltr' id='par_1_30' title="bbox 1068 727 1847 765">
     <span class='ocr_line' id='line_1_30' title="bbox 1068 727 1847 765; baseline 0.001 -9"><span class='ocrx_word' id='word_1_217' title='bbox 1068 730 1164 765; x_wconf 82' lang='grc' dir='ltr'>χθῆναι</span> <span class='ocrx_word' id='word_1_218' title='bbox 1186 729 1336 765; x_wconf 81' lang='grc' dir='ltr'><strong>δυναμένη,</strong></span> <span class='ocrx_word' id='word_1_219' title='bbox 1355 729 1386 755; x_wconf 77' lang='grc' dir='ltr'>οὺ</span> <span class='ocrx_word' id='word_1_220' title='bbox 1403 729 1455 764; x_wconf 80' lang='grc' dir='ltr'><strong>μὴν</strong></span> <span class='ocrx_word' id='word_1_221' title='bbox 1469 729 1593 765; x_wconf 76' lang='grc' dir='ltr'><strong>ἐνεργείᾳ</strong></span> <span class='ocrx_word' id='word_1_222' title='bbox 1607 739 1633 756; x_wconf 92' lang='grc' dir='ltr'><strong>τι</strong></span> <span class='ocrx_word' id='word_1_223' title='bbox 1658 727 1726 756; x_wconf 86' lang='grc' dir='ltr'>οὖσα</span> <span class='ocrx_word' id='word_1_224' title='bbox 1742 731 1847 761; x_wconf 79' lang='grc' dir='ltr'>τούτων,</span> 
     </span>
    </p>
   </div>
   <div class='ocr_carea' id='block_1_31' title="bbox 1070 775 1848 811">
    <p class='ocr_par' dir='ltr' id='par_1_31' title="bbox 1070 775 1848 811">
     <span class='ocr_line' id='line_1_31' title="bbox 1070 775 1848 811; baseline 0.001 -9"><span class='ocrx_word' id='word_1_225' title='bbox 1070 776 1182 807; x_wconf 79' lang='grc' dir='ltr'><strong>εἰκότως</strong></span> <span class='ocrx_word' id='word_1_226' title='bbox 1200 775 1236 810; x_wconf 86' lang='grc' dir='ltr'>μὴ</span> <span class='ocrx_word' id='word_1_227' title='bbox 1254 775 1283 802; x_wconf 77' lang='grc' dir='ltr'>δν</span> <span class='ocrx_word' id='word_1_228' title='bbox 1300 776 1368 807; x_wconf 75' lang='grc' dir='ltr'>ἐστι,</span> <span class='ocrx_word' id='word_1_229' title='bbox 1385 775 1445 801; x_wconf 77' lang='grc' dir='ltr'>καθ’</span> <span class='ocrx_word' id='word_1_230' title='bbox 1461 775 1559 810; x_wconf 79' lang='grc' dir='ltr'>ἑαυτὴν</span> <span class='ocrx_word' id='word_1_231' title='bbox 1575 776 1700 811; x_wconf 72' lang='grc' dir='ltr'><strong>ἐνεργείᾳ</strong></span> <span class='ocrx_word' id='word_1_232' title='bbox 1719 776 1756 811; x_wconf 81' lang='grc' dir='ltr'>μὴ</span> <span class='ocrx_word' id='word_1_233' title='bbox 1768 775 1829 803; x_wconf 80' lang='grc' dir='ltr'>οὖσα</span> <span class='ocrx_word' id='word_1_234' title='bbox 1841 788 1848 792; x_wconf 98' lang='grc'><strong>-</strong></span> 
     </span>
    </p>
   </div>
   <div class='ocr_carea' id='block_1_32' title="bbox 1068 820 1850 857">
    <p class='ocr_par' dir='ltr' id='par_1_32' title="bbox 1068 820 1850 857">
     <span class='ocr_line' id='line_1_32' title="bbox 1068 820 1850 857; baseline 0 -8"><span class='ocrx_word' id='word_1_235' title='bbox 1068 823 1108 849; x_wconf 83' lang='grc' dir='ltr'><strong>διδ</strong></span> <span class='ocrx_word' id='word_1_236' title='bbox 1126 823 1172 849; x_wconf 75' lang='grc' dir='ltr'><strong>καὶ</strong></span> <span class='ocrx_word' id='word_1_237' title='bbox 1192 821 1229 853; x_wconf 82' lang='grc' dir='ltr'>ὡς</span> <span class='ocrx_word' id='word_1_238' title='bbox 1244 820 1362 852; x_wconf 81' lang='grc' dir='ltr'>ἀνείδεος</span> <span class='ocrx_word' id='word_1_239' title='bbox 1381 821 1428 847; x_wconf 78' lang='grc' dir='ltr'>καὶ</span> <span class='ocrx_word' id='word_1_240' title='bbox 1445 820 1482 852; x_wconf 83' lang='grc' dir='ltr'>ὡς</span> <span class='ocrx_word' id='word_1_241' title='bbox 1496 821 1600 853; x_wconf 79' lang='grc' dir='ltr'><strong>ἄποιος,</strong></span> <span class='ocrx_word' id='word_1_242' title='bbox 1615 822 1662 848; x_wconf 79' lang='grc' dir='ltr'>καὶ</span> <span class='ocrx_word' id='word_1_243' title='bbox 1685 822 1722 857; x_wconf 82' lang='grc' dir='ltr'>μὴ</span> <span class='ocrx_word' id='word_1_244' title='bbox 1744 822 1789 853; x_wconf 82' lang='grc' dir='ltr'><strong>ὢν,</strong></span> <span class='ocrx_word' id='word_1_245' title='bbox 1805 823 1850 849; x_wconf 79' lang='grc' dir='ltr'>καὶ</span> 
     </span>
    </p>
   </div>
   <div class='ocr_carea' id='block_1_33' title="bbox 1070 867 1851 903">
    <p class='ocr_par' dir='ltr' id='par_1_33' title="bbox 1070 867 1851 903">
     <span class='ocr_line' id='line_1_33' title="bbox 1070 867 1851 903; baseline -0.001 -7"><span class='ocrx_word' id='word_1_246' title='bbox 1070 869 1107 900; x_wconf 85' lang='grc' dir='ltr'>ὡς</span> <span class='ocrx_word' id='word_1_247' title='bbox 1124 869 1233 896; x_wconf 81' lang='grc' dir='ltr'>πάντων</span> <span class='ocrx_word' id='word_1_248' title='bbox 1245 867 1345 903; x_wconf 75' lang='grc' dir='ltr'>ἐνδεὴς,</span> <span class='ocrx_word' id='word_1_249' title='bbox 1362 867 1463 903; x_wconf 77' lang='grc' dir='ltr'>ἐκλήθη</span> <span class='ocrx_word' id='word_1_250' title='bbox 1478 867 1562 894; x_wconf 79' lang='grc' dir='ltr'>κακὸν</span> <span class='ocrx_word' id='word_1_251' title='bbox 1576 868 1752 903; x_wconf 78' lang='grc' dir='ltr'>παρ’-αὐτῶν.</span> <span class='ocrx_word' id='word_1_252' title='bbox 1765 867 1851 895; x_wconf 83' lang='grc' dir='ltr'>Ταῦτα</span> 
     </span>
    </p>
   </div>
   <div class='ocr_carea' id='block_1_34' title="bbox 230 901 1016 949">
    <p class='ocr_par' dir='ltr' id='par_1_34' title="bbox 230 901 1016 948">
     <span class='ocr_line' id='line_1_34' title="bbox 230 901 1016 948; baseline -0.004 -8"><span class='ocrx_word' id='word_1_253' title='bbox 230 913 295 948; x_wconf 87' lang='lat' dir='ltr'><strong>quid</strong></span> <span class='ocrx_word' id='word_1_254' title='bbox 310 913 405 940; x_wconf 89' lang='lat' dir='ltr'><strong>horum</strong></span> <span class='ocrx_word' id='word_1_255' title='bbox 421 913 467 945; x_wconf 88' lang='lat' dir='ltr'><strong>sit,</strong></span> <span class='ocrx_word' id='word_1_256' title='bbox 483 901 580 940; x_wconf 82' lang='lat' dir='ltr'><strong>merito</strong></span> <span class='ocrx_word' id='word_1_257' title='bbox 590 917 632 939; x_wconf 88' lang='lat' dir='ltr'><strong>est</strong></span> <span class='ocrx_word' id='word_1_258' title='bbox 645 920 698 939; x_wconf 91' lang='lat' dir='ltr'><strong>non</strong></span> <span class='ocrx_word' id='word_1_259' title='bbox 710 920 771 944; x_wconf 82' lang='lat' dir='ltr'><strong>ens,</strong></span> <span class='ocrx_word' id='word_1_260' title='bbox 786 918 848 938; x_wconf 89' lang='lat' dir='ltr'><strong>cum</strong></span> <span class='ocrx_word' id='word_1_261' title='bbox 863 918 911 946; x_wconf 89' lang='lat' dir='ltr'><strong>per</strong></span> <span class='ocrx_word' id='word_1_262' title='bbox 922 918 952 938; x_wconf 88' lang='lat' dir='ltr'><strong>se</strong></span> <span class='ocrx_word' id='word_1_263' title='bbox 965 910 1016 938; x_wconf 75' lang='lat' dir='ltr'><strong>elli-</strong></span> 
     </span>
    </p>
   </div>
   <div class='ocr_carea' id='block_1_35' title="bbox 1068 901 1851 949">
    <p class='ocr_par' dir='ltr' id='par_1_35' title="bbox 1070 901 1851 949">
     <span class='ocr_line' id='line_1_35' title="bbox 1070 901 1851 949; baseline 0 -8"><span class='ocrx_word' id='word_1_264' title='bbox 1070 912 1116 941; x_wconf 76' lang='grc' dir='ltr'>οὗν</span> <span class='ocrx_word' id='word_1_265' title='bbox 1130 914 1200 940; x_wconf 85' lang='grc' dir='ltr'><strong>λύων</strong></span> <span class='ocrx_word' id='word_1_266' title='bbox 1217 915 1231 941; x_wconf 82' lang='grc' dir='ltr'>ὁ</span> <span class='ocrx_word' id='word_1_267' title='bbox 1248 901 1320 945; x_wconf 75' lang='grc' dir='ltr'>θεῖος</span> <span class='ocrx_word' id='word_1_268' title='bbox 1340 901 1478 944; x_wconf 62' lang='grc' dir='ltr'>Διονύσιός</span> <span class='ocrx_word' id='word_1_269' title='bbox 1498 921 1564 949; x_wconf 82' lang='grc' dir='ltr'>φησι</span> <span class='ocrx_word' id='word_1_270' title='bbox 1575 916 1582 927; x_wconf 84' lang='lat'>&quot;</span> <span class='ocrx_word' id='word_1_271' title='bbox 1601 901 1663 945; x_wconf 69' lang='grc' dir='ltr'><strong>Πῶς</strong></span> <span class='ocrx_word' id='word_1_272' title='bbox 1680 914 1786 949; x_wconf 83' lang='grc' dir='ltr'>ποιήσει</span> <span class='ocrx_word' id='word_1_273' title='bbox 1804 923 1851 941; x_wconf 76' lang='grc' dir='ltr'>κα-</span> 
     </span>
    </p>
   </div>
   <div class='ocr_carea' id='block_1_36' title="bbox 230 957 1019 993">
    <p class='ocr_par' dir='ltr' id='par_1_36' title="bbox 230 957 1019 993">
     <span class='ocr_line' id='line_1_36' title="bbox 230 957 1019 993; baseline -0.004 -7"><span class='ocrx_word' id='word_1_274' title='bbox 230 959 307 986; x_wconf 86' lang='lat' dir='ltr'><strong>cacia</strong></span> <span class='ocrx_word' id='word_1_275' title='bbox 331 966 379 986; x_wconf 88' lang='lat' dir='ltr'><strong>seu</strong></span> <span class='ocrx_word' id='word_1_276' title='bbox 406 958 567 993; x_wconf 82' lang='lat' dir='ltr'><strong>operatione</strong></span> <span class='ocrx_word' id='word_1_277' title='bbox 593 966 649 985; x_wconf 90' lang='lat' dir='ltr'><strong>non</strong></span> <span class='ocrx_word' id='word_1_278' title='bbox 676 958 728 991; x_wconf 86' lang='lat' dir='ltr'><strong>sit;</strong></span> <span class='ocrx_word' id='word_1_279' title='bbox 753 960 921 993; x_wconf 85' lang='lat' dir='ltr'><strong>quapropter</strong></span> <span class='ocrx_word' id='word_1_280' title='bbox 944 957 1019 984; x_wconf 86' lang='lat' dir='ltr'><strong>velut</strong></span> 
     </span>
    </p>
   </div>
   <div class='ocr_carea' id='block_1_37' title="bbox 231 1003 1021 1040">
    <p class='ocr_par' dir='ltr' id='par_1_37' title="bbox 231 1003 1021 1040">
     <span class='ocr_line' id='line_1_37' title="bbox 231 1003 1021 1040; baseline -0.001 -8"><span class='ocrx_word' id='word_1_281' title='bbox 231 1005 320 1032; x_wconf 83' lang='lat' dir='ltr'><strong>forma</strong></span> <span class='ocrx_word' id='word_1_282' title='bbox 336 1012 368 1032; x_wconf 91' lang='lat' dir='ltr'><strong>ac</strong></span> <span class='ocrx_word' id='word_1_283' title='bbox 385 1005 515 1040; x_wconf 86' lang='lat' dir='ltr'><strong>qualitate</strong></span> <span class='ocrx_word' id='word_1_284' title='bbox 535 1012 643 1036; x_wconf 86' lang='lat' dir='ltr'><strong>carens,</strong></span> <span class='ocrx_word' id='word_1_285' title='bbox 658 1009 685 1031; x_wconf 87' lang='lat' dir='ltr'><strong>et</strong></span> <span class='ocrx_word' id='word_1_286' title='bbox 700 1011 754 1031; x_wconf 93' lang='lat' dir='ltr'><strong>non</strong></span> <span class='ocrx_word' id='word_1_287' title='bbox 777 1011 827 1031; x_wconf 90' lang='lat' dir='ltr'><strong>ens</strong></span> <span class='ocrx_word' id='word_1_288' title='bbox 844 1003 1021 1038; x_wconf 90' lang='lat' dir='ltr'><strong>omniumque</strong></span> 
     </span>
    </p>
   </div>
   <div class='ocr_carea' id='block_1_38' title="bbox 231 1048 1020 1085">
    <p class='ocr_par' dir='ltr' id='par_1_38' title="bbox 231 1048 1020 1085">
     <span class='ocr_line' id='line_1_38' title="bbox 231 1048 1020 1085; baseline -0.004 -7"><span class='ocrx_word' id='word_1_289' title='bbox 231 1051 368 1085; x_wconf 72' lang='lat' dir='ltr'><strong>indigens,</strong></span> <span class='ocrx_word' id='word_1_290' title='bbox 391 1051 425 1077; x_wconf 88' lang='lat' dir='ltr'><strong>ab</strong></span> <span class='ocrx_word' id='word_1_291' title='bbox 448 1050 516 1085; x_wconf 88' lang='lat' dir='ltr'><strong>ipsis</strong></span> <span class='ocrx_word' id='word_1_292' title='bbox 532 1054 628 1077; x_wconf 84' lang='lat' dir='ltr'><strong>vocata</strong></span> <span class='ocrx_word' id='word_1_293' title='bbox 648 1055 690 1077; x_wconf 89' lang='lat' dir='ltr'><strong>est</strong></span> <span class='ocrx_word' id='word_1_294' title='bbox 711 1049 824 1076; x_wconf 91' lang='lat' dir='ltr'><strong>malum.</strong></span> <span class='ocrx_word' id='word_1_295' title='bbox 850 1048 913 1076; x_wconf 73' lang='lat' dir='ltr'><strong>Haac</strong></span> <span class='ocrx_word' id='word_1_296' title='bbox 937 1049 1020 1083; x_wconf 80' lang='lat' dir='ltr'><strong>igitur</strong></span> 
     </span>
    </p>
   </div>
   <div class='ocr_carea' id='block_1_39' title="bbox 231 1094 1018 1132">
    <p class='ocr_par' dir='ltr' id='par_1_39' title="bbox 231 1094 1018 1132">
     <span class='ocr_line' id='line_1_39' title="bbox 231 1094 1018 1132; baseline -0.005 -7"><span class='ocrx_word' id='word_1_297' title='bbox 231 1097 340 1125; x_wconf 83' lang='lat' dir='ltr'><strong>solvens</strong></span> <span class='ocrx_word' id='word_1_298' title='bbox 363 1096 472 1124; x_wconf 86' lang='lat' dir='ltr'><strong>divinus</strong></span> <span class='ocrx_word' id='word_1_299' title='bbox 498 1095 644 1132; x_wconf 86' lang='lat' dir='ltr'><strong>Dionysius</strong></span> <span class='ocrx_word' id='word_1_300' title='bbox 668 1095 723 1122; x_wconf 88' lang='lat' dir='ltr'><strong>ait:</strong></span> <span class='ocrx_word' id='word_1_301' title='bbox 739 1094 879 1129; x_wconf 87' lang='lat' dir='ltr'><strong>Quomodo</strong></span> <span class='ocrx_word' id='word_1_302' title='bbox 905 1095 1018 1122; x_wconf 85' lang='lat' dir='ltr'><strong>materia</strong></span> 
     </span>
    </p>
   </div>
   <div class='ocr_carea' id='block_1_40' title="bbox 231 1137 1017 1179">
    <p class='ocr_par' dir='ltr' id='par_1_40' title="bbox 231 1137 1017 1179">
     <span class='ocr_line' id='line_1_40' title="bbox 231 1137 1017 1179; baseline -0.008 -8"><span class='ocrx_word' id='word_1_303' title='bbox 231 1143 333 1171; x_wconf 85' lang='lat' dir='ltr'><strong>malum</strong></span> <span class='ocrx_word' id='word_1_304' title='bbox 359 1143 505 1179; x_wconf 85' lang='lat' dir='ltr'><strong>producet,</strong></span> <span class='ocrx_word' id='word_1_305' title='bbox 531 1150 591 1178; x_wconf 80' lang='lat' dir='ltr'><strong>quae</strong></span> <span class='ocrx_word' id='word_1_306' title='bbox 611 1149 726 1178; x_wconf 85' lang='lat' dir='ltr'><strong>prorsus</strong></span> <span class='ocrx_word' id='word_1_307' title='bbox 748 1149 804 1169; x_wconf 91' lang='lat' dir='ltr'><strong>non</strong></span> <span class='ocrx_word' id='word_1_308' title='bbox 819 1145 861 1170; x_wconf 84' lang='lat' dir='ltr'><strong>est</strong></span> <span class='ocrx_word' id='word_1_309' title='bbox 881 1137 1017 1169; x_wconf 77' lang='lat' dir='ltr'><strong>emcaeia?</strong></span> 
     </span>
    </p>
   </div>
   <div class='ocr_carea' id='block_1_41' title="bbox 231 1187 1022 1224">
    <p class='ocr_par' dir='ltr' id='par_1_41' title="bbox 231 1187 1022 1224">
     <span class='ocr_line' id='line_1_41' title="bbox 231 1187 1022 1224; baseline -0.005 -7"><span class='ocrx_word' id='word_1_310' title='bbox 231 1189 383 1224; x_wconf 87' lang='lat' dir='ltr'><strong>producere</strong></span> <span class='ocrx_word' id='word_1_311' title='bbox 412 1189 483 1217; x_wconf 91' lang='lat' dir='ltr'><strong>enim</strong></span> <span class='ocrx_word' id='word_1_312' title='bbox 512 1192 554 1216; x_wconf 89' lang='lat' dir='ltr'><strong>est</strong></span> <span class='ocrx_word' id='word_1_313' title='bbox 588 1188 730 1221; x_wconf 75' lang='lat' dir='ltr'><strong>emcaciae;</strong></span> <span class='ocrx_word' id='word_1_314' title='bbox 753 1187 819 1223; x_wconf 90' lang='lat' dir='ltr'><strong>quin</strong></span> <span class='ocrx_word' id='word_1_315' title='bbox 858 1193 945 1222; x_wconf 90' lang='lat' dir='ltr'><strong>neque</strong></span> <span class='ocrx_word' id='word_1_316' title='bbox 972 1187 1022 1213; x_wconf 90' lang='lat' dir='ltr'><strong>ali-</strong></span> 
     </span>
    </p>
   </div>
   <div class='ocr_carea' id='block_1_42' title="bbox 231 1233 1021 1270">
    <p class='ocr_par' dir='ltr' id='par_1_42' title="bbox 231 1233 1021 1270">
     <span class='ocr_line' id='line_1_42' title="bbox 231 1233 1021 1270; baseline -0.004 -8"><span class='ocrx_word' id='word_1_317' title='bbox 231 1235 298 1270; x_wconf 87' lang='lat' dir='ltr'><strong>quid</strong></span> <span class='ocrx_word' id='word_1_318' title='bbox 321 1235 376 1270; x_wconf 89' lang='lat' dir='ltr'><strong>pati</strong></span> <span class='ocrx_word' id='word_1_319' title='bbox 399 1236 479 1266; x_wconf 81' lang='lat' dir='ltr'><strong>valet,</strong></span> <span class='ocrx_word' id='word_1_320' title='bbox 495 1242 544 1269; x_wconf 91' lang='lat' dir='ltr'><strong>per</strong></span> <span class='ocrx_word' id='word_1_321' title='bbox 565 1234 682 1269; x_wconf 85' lang='lat' dir='ltr'><strong>seipsam</strong></span> <span class='ocrx_word' id='word_1_322' title='bbox 708 1233 796 1261; x_wconf 92' lang='lat' dir='ltr'><strong>solum</strong></span> <span class='ocrx_word' id='word_1_323' title='bbox 809 1233 965 1260; x_wconf 83' lang='lat' dir='ltr'><strong>exsistens:</strong></span> <span class='ocrx_word' id='word_1_324' title='bbox 986 1233 1021 1260; x_wconf 88' lang='lat' dir='ltr'><strong>ab</strong></span> 
     </span>
    </p>
   </div>
   <div class='ocr_carea' id='block_1_43' title="bbox 231 1278 1019 1316">
    <p class='ocr_par' dir='ltr' id='par_1_43' title="bbox 231 1278 1019 1316">
     <span class='ocr_line' id='line_1_43' title="bbox 231 1278 1019 1316; baseline -0.003 -9"><span class='ocrx_word' id='word_1_325' title='bbox 231 1281 286 1308; x_wconf 87' lang='lat' dir='ltr'><strong>alio</strong></span> <span class='ocrx_word' id='word_1_326' title='bbox 301 1280 373 1307; x_wconf 89' lang='lat' dir='ltr'><strong>enim</strong></span> <span class='ocrx_word' id='word_1_327' title='bbox 388 1288 436 1316; x_wconf 90' lang='lat' dir='ltr'><strong>per</strong></span> <span class='ocrx_word' id='word_1_328' title='bbox 450 1287 502 1308; x_wconf 88' lang='lat' dir='ltr'><strong>nos</strong></span> <span class='ocrx_word' id='word_1_329' title='bbox 519 1280 545 1307; x_wconf 89' lang='lat' dir='ltr'><strong>in</strong></span> <span class='ocrx_word' id='word_1_330' title='bbox 565 1279 682 1306; x_wconf 84' lang='lat' dir='ltr'><strong>formam</strong></span> <span class='ocrx_word' id='word_1_331' title='bbox 701 1283 728 1306; x_wconf 91' lang='lat' dir='ltr'><strong>et</strong></span> <span class='ocrx_word' id='word_1_332' title='bbox 744 1278 902 1313; x_wconf 81' lang='lat' dir='ltr'><strong>qualitatem</strong></span> <span class='ocrx_word' id='word_1_333' title='bbox 926 1278 1019 1313; x_wconf 86' lang='lat' dir='ltr'><strong>dispo-</strong></span> 
     </span>
    </p>
   </div>
   <div class='ocr_carea' id='block_1_44' title="bbox 231 1324 1018 1361">
    <p class='ocr_par' dir='ltr' id='par_1_44' title="bbox 231 1324 1018 1361">
     <span class='ocr_line' id='line_1_44' title="bbox 231 1324 1018 1361; baseline -0.003 -8"><span class='ocrx_word' id='word_1_334' title='bbox 231 1326 324 1359; x_wconf 86' lang='lat' dir='ltr'><strong>nitur;</strong></span> <span class='ocrx_word' id='word_1_335' title='bbox 343 1334 397 1353; x_wconf 93' lang='lat' dir='ltr'><strong>non</strong></span> <span class='ocrx_word' id='word_1_336' title='bbox 417 1326 520 1360; x_wconf 87' lang='lat' dir='ltr'><strong>patitur</strong></span> <span class='ocrx_word' id='word_1_337' title='bbox 533 1333 598 1361; x_wconf 91' lang='lat' dir='ltr'><strong>ergo</strong></span> <span class='ocrx_word' id='word_1_338' title='bbox 613 1333 675 1353; x_wconf 92' lang='lat' dir='ltr'><strong>cum</strong></span> <span class='ocrx_word' id='word_1_339' title='bbox 691 1328 734 1352; x_wconf 89' lang='lat' dir='ltr'><strong>est</strong></span> <span class='ocrx_word' id='word_1_340' title='bbox 753 1324 885 1352; x_wconf 87' lang='lat' dir='ltr'><strong>solitaria.</strong></span> <span class='ocrx_word' id='word_1_341' title='bbox 903 1324 932 1351; x_wconf 88' lang='lat' dir='ltr'><strong>Si</strong></span> <span class='ocrx_word' id='word_1_342' title='bbox 954 1332 1018 1352; x_wconf 88' lang='lat' dir='ltr'><strong>vero</strong></span> 
     </span>
    </p>
   </div>
   <div class='ocr_carea' id='block_1_45' title="bbox 231 1367 1018 1406">
    <p class='ocr_par' dir='ltr' id='par_1_45' title="bbox 231 1367 1018 1406">
     <span class='ocr_line' id='line_1_45' title="bbox 231 1367 1018 1406; baseline -0.001 -7"><span class='ocrx_word' id='word_1_343' title='bbox 231 1379 292 1400; x_wconf 85' lang='lat' dir='ltr'><strong>eam</strong></span> <span class='ocrx_word' id='word_1_344' title='bbox 308 1379 361 1399; x_wconf 90' lang='lat' dir='ltr'><strong>non</strong></span> <span class='ocrx_word' id='word_1_345' title='bbox 375 1367 437 1399; x_wconf 83' lang='lat' dir='ltr'><strong>esse</strong></span> <span class='ocrx_word' id='word_1_346' title='bbox 456 1371 558 1405; x_wconf 85' lang='lat' dir='ltr'><strong>dicitis,</strong></span> <span class='ocrx_word' id='word_1_347' title='bbox 577 1379 639 1399; x_wconf 90' lang='lat' dir='ltr'><strong>cum</strong></span> <span class='ocrx_word' id='word_1_348' title='bbox 656 1371 722 1398; x_wconf 89' lang='lat' dir='ltr'><strong>nihil</strong></span> <span class='ocrx_word' id='word_1_349' title='bbox 737 1378 850 1406; x_wconf 79' lang='lat' dir='ltr'><strong>prorsus</strong></span> <span class='ocrx_word' id='word_1_350' title='bbox 865 1371 910 1401; x_wconf 90' lang='lat' dir='ltr'><strong>sit,</strong></span> <span class='ocrx_word' id='word_1_351' title='bbox 930 1378 1018 1405; x_wconf 90' lang='lat' dir='ltr'><strong>neque</strong></span> 
     </span>
    </p>
   </div>
   <div class='ocr_carea' id='block_1_46' title="bbox 231 1415 1015 1453">
    <p class='ocr_par' dir='ltr' id='par_1_46' title="bbox 231 1415 1015 1453">
     <span class='ocr_line' id='line_1_46' title="bbox 231 1415 1015 1453; baseline -0.003 -9"><span class='ocrx_word' id='word_1_352' title='bbox 231 1418 334 1445; x_wconf 83' lang='lat' dir='ltr'><strong>malum</strong></span> <span class='ocrx_word' id='word_1_353' title='bbox 347 1418 398 1445; x_wconf 89' lang='lat' dir='ltr'><strong>erit</strong></span> <span class='ocrx_word' id='word_1_354' title='bbox 413 1425 500 1453; x_wconf 87' lang='lat' dir='ltr'><strong>neque</strong></span> <span class='ocrx_word' id='word_1_355' title='bbox 515 1418 632 1450; x_wconf 86' lang='lat' dir='ltr'><strong>bonum;</strong></span> <span class='ocrx_word' id='word_1_356' title='bbox 648 1417 670 1444; x_wconf 91' lang='lat' dir='ltr'><strong>si</strong></span> <span class='ocrx_word' id='word_1_357' title='bbox 687 1420 776 1444; x_wconf 90' lang='lat' dir='ltr'><strong>autem</strong></span> <span class='ocrx_word' id='word_1_358' title='bbox 791 1416 826 1444; x_wconf 92' lang='lat' dir='ltr'><strong>sit</strong></span> <span class='ocrx_word' id='word_1_359' title='bbox 836 1423 885 1443; x_wconf 89' lang='lat' dir='ltr'><strong>ens</strong></span> <span class='ocrx_word' id='word_1_360' title='bbox 897 1415 1015 1451; x_wconf 88' lang='lat' dir='ltr'><strong>aliquod,</strong></span> 
     </span>
    </p>
   </div>
   <div class='ocr_carea' id='block_1_47' title="bbox 232 1461 1016 1499">
    <p class='ocr_par' dir='ltr' id='par_1_47' title="bbox 232 1461 1016 1499">
     <span class='ocr_line' id='line_1_47' title="bbox 232 1461 1016 1499; baseline -0.003 -9"><span class='ocrx_word' id='word_1_361' title='bbox 232 1467 280 1490; x_wconf 83' lang='lat' dir='ltr'><strong>aut</strong></span> <span class='ocrx_word' id='word_1_362' title='bbox 293 1471 326 1491; x_wconf 81' lang='lat' dir='ltr'><strong>ex</strong></span> <span class='ocrx_word' id='word_1_363' title='bbox 341 1463 397 1491; x_wconf 89' lang='lat' dir='ltr'><strong>Deo</strong></span> <span class='ocrx_word' id='word_1_364' title='bbox 411 1467 464 1495; x_wconf 88' lang='lat' dir='ltr'><strong>est,</strong></span> <span class='ocrx_word' id='word_1_365' title='bbox 485 1467 532 1490; x_wconf 90' lang='lat' dir='ltr'><strong>aut.</strong></span> <span class='ocrx_word' id='word_1_366' title='bbox 544 1471 575 1491; x_wconf 83' lang='lat' dir='ltr'><strong>ex</strong></span> <span class='ocrx_word' id='word_1_367' title='bbox 592 1465 692 1498; x_wconf 86' lang='lat' dir='ltr'><strong>seipsa,</strong></span> <span class='ocrx_word' id='word_1_368' title='bbox 705 1467 752 1490; x_wconf 88' lang='lat' dir='ltr'><strong>aut</strong></span> <span class='ocrx_word' id='word_1_369' title='bbox 766 1470 800 1489; x_wconf 78' lang='lat' dir='ltr'><strong>ex</strong></span> <span class='ocrx_word' id='word_1_370' title='bbox 812 1461 1016 1499; x_wconf 86' lang='lat' dir='ltr'><strong>alioprincipio,</strong></span> 
     </span>
    </p>
   </div>
   <div class='ocr_carea' id='block_1_48' title="bbox 1069 957 1852 996">
    <p class='ocr_par' dir='ltr' id='par_1_48' title="bbox 1069 957 1852 996">
     <span class='ocr_line' id='line_1_48' title="bbox 1069 957 1852 996; baseline 0 -10"><span class='ocrx_word' id='word_1_371' title='bbox 1069 960 1117 987; x_wconf 81' lang='grc' dir='ltr'><strong>κὺν</strong></span> <span class='ocrx_word' id='word_1_372' title='bbox 1130 961 1146 995; x_wconf 87' lang='grc' dir='ltr'>ἡ</span> <span class='ocrx_word' id='word_1_373' title='bbox 1162 960 1223 995; x_wconf 78' lang='grc' dir='ltr'>ὕλη,</span> <span class='ocrx_word' id='word_1_374' title='bbox 1238 961 1255 994; x_wconf 88' lang='grc' dir='ltr'><strong>ή</strong></span> <span class='ocrx_word' id='word_1_375' title='bbox 1277 958 1413 990; x_wconf 82' lang='grc' dir='ltr'><strong>παντελῶς</strong></span> <span class='ocrx_word' id='word_1_376' title='bbox 1428 958 1465 994; x_wconf 82' lang='grc' dir='ltr'>μὴ</span> <span class='ocrx_word' id='word_1_377' title='bbox 1477 957 1544 985; x_wconf 68' lang='grc' dir='ltr'>οὖσα</span> <span class='ocrx_word' id='word_1_378' title='bbox 1556 961 1590 995; x_wconf 80' lang='grc' dir='ltr'>τῇ</span> <span class='ocrx_word' id='word_1_379' title='bbox 1602 959 1742 996; x_wconf 76' lang='grc' dir='ltr'>ἐνεργείᾳ,</span> <span class='ocrx_word' id='word_1_380' title='bbox 1757 959 1786 986; x_wconf 81' lang='grc' dir='ltr'>τὸ</span> <span class='ocrx_word' id='word_1_381' title='bbox 1801 960 1852 996; x_wconf 81' lang='grc' dir='ltr'><strong>γὰρ</strong></span> 
     </span>
    </p>
   </div>
   <div class='ocr_carea' id='block_1_49' title="bbox 1067 1005 1848 1042">
    <p class='ocr_par' dir='ltr' id='par_1_49' title="bbox 1067 1005 1848 1042">
     <span class='ocr_line' id='line_1_49' title="bbox 1067 1005 1848 1042; baseline 0 -10"><span class='ocrx_word' id='word_1_382' title='bbox 1067 1007 1154 1032; x_wconf 78' lang='grc' dir='ltr'>ποιεῖν</span> <span class='ocrx_word' id='word_1_383' title='bbox 1176 1006 1315 1042; x_wconf 75' lang='grc' dir='ltr'>ἐνεργείας</span> <span class='ocrx_word' id='word_1_384' title='bbox 1329 1005 1415 1032; x_wconf 74' lang='grc' dir='ltr'>ἐστίν·</span> <span class='ocrx_word' id='word_1_385' title='bbox 1441 1005 1511 1032; x_wconf 83' lang='grc' dir='ltr'>ἀλλὰ</span> <span class='ocrx_word' id='word_1_386' title='bbox 1527 1005 1594 1041; x_wconf 81' lang='grc' dir='ltr'>μηδὲ</span> <span class='ocrx_word' id='word_1_387' title='bbox 1611 1006 1726 1040; x_wconf 84' lang='grc' dir='ltr'>πάσχειν</span> <span class='ocrx_word' id='word_1_388' title='bbox 1739 1015 1765 1032; x_wconf 81' lang='grc' dir='ltr'><strong>τι</strong></span> <span class='ocrx_word' id='word_1_389' title='bbox 1777 1006 1848 1032; x_wconf 88' lang='grc' dir='ltr'>δυνα-</span> 
     </span>
    </p>
   </div>
   <div class='ocr_carea' id='block_1_50' title="bbox 1068 1049 1852 1088">
    <p class='ocr_par' dir='ltr' id='par_1_50' title="bbox 1068 1049 1852 1088">
     <span class='ocr_line' id='line_1_50' title="bbox 1068 1049 1852 1088; baseline 0 -10"><span class='ocrx_word' id='word_1_390' title='bbox 1068 1053 1144 1088; x_wconf 83' lang='grc' dir='ltr'>μένη,</span> <span class='ocrx_word' id='word_1_391' title='bbox 1167 1052 1226 1078; x_wconf 81' lang='grc' dir='ltr'>καθ’</span> <span class='ocrx_word' id='word_1_392' title='bbox 1243 1052 1341 1088; x_wconf 77' lang='grc' dir='ltr'>ἑαυτὴν</span> <span class='ocrx_word' id='word_1_393' title='bbox 1361 1051 1439 1087; x_wconf 84' lang='grc' dir='ltr'>μόνον</span> <span class='ocrx_word' id='word_1_394' title='bbox 1454 1049 1537 1078; x_wconf 81' lang='grc' dir='ltr'>οὖσα·</span> <span class='ocrx_word' id='word_1_395' title='bbox 1554 1051 1583 1084; x_wconf 80' lang='grc' dir='ltr'>ἐξ</span> <span class='ocrx_word' id='word_1_396' title='bbox 1607 1052 1700 1088; x_wconf 78' lang='grc' dir='ltr'>ἑτέρου</span> <span class='ocrx_word' id='word_1_397' title='bbox 1729 1052 1780 1088; x_wconf 82' lang='grc' dir='ltr'><strong>γὰρ</strong></span> <span class='ocrx_word' id='word_1_398' title='bbox 1795 1049 1852 1078; x_wconf 74' lang='grc' dir='ltr'>καθ’</span> 
     </span>
    </p>
   </div>
   <div class='ocr_carea' id='block_1_51' title="bbox 1067 1096 1852 1134">
    <p class='ocr_par' dir='ltr' id='par_1_51' title="bbox 1067 1096 1852 1134">
     <span class='ocr_line' id='line_1_51' title="bbox 1067 1096 1852 1134; baseline -0.001 -9"><span class='ocrx_word' id='word_1_399' title='bbox 1067 1099 1140 1133; x_wconf 81' lang='grc' dir='ltr'>ἡμᾶς</span> <span class='ocrx_word' id='word_1_400' title='bbox 1159 1099 1299 1133; x_wconf 82' lang='grc' dir='ltr'><strong>κοσμεῖται</strong></span> <span class='ocrx_word' id='word_1_401' title='bbox 1323 1099 1363 1129; x_wconf 88' lang='grc' dir='ltr'><strong>είς</strong></span> <span class='ocrx_word' id='word_1_402' title='bbox 1379 1096 1449 1130; x_wconf 77' lang='grc' dir='ltr'>εἶδος</span> <span class='ocrx_word' id='word_1_403' title='bbox 1472 1099 1519 1124; x_wconf 77' lang='grc' dir='ltr'>καὶ</span> <span class='ocrx_word' id='word_1_404' title='bbox 1536 1098 1680 1134; x_wconf 78' lang='grc' dir='ltr'>ποιότητα·</span> <span class='ocrx_word' id='word_1_405' title='bbox 1699 1099 1729 1124; x_wconf 87' lang='grc' dir='ltr'><strong>οὺ</strong></span> <span class='ocrx_word' id='word_1_406' title='bbox 1754 1098 1852 1133; x_wconf 81' lang='grc' dir='ltr'><strong>πάσχει</strong></span> 
     </span>
    </p>
   </div>
   <div class='ocr_carea' id='block_1_52' title="bbox 1072 1141 1854 1179">
    <p class='ocr_par' dir='ltr' id='par_1_52' title="bbox 1072 1141 1854 1179">
     <span class='ocr_line' id='line_1_52' title="bbox 1072 1141 1854 1179; baseline 0.001 -10"><span class='ocrx_word' id='word_1_407' title='bbox 1072 1141 1118 1170; x_wconf 83' lang='grc' dir='ltr'>οὖν</span> <span class='ocrx_word' id='word_1_408' title='bbox 1131 1143 1192 1170; x_wconf 84' lang='grc' dir='ltr'>καθ’</span> <span class='ocrx_word' id='word_1_409' title='bbox 1208 1144 1305 1178; x_wconf 76' lang='grc' dir='ltr'>ἑαυτὴν</span> <span class='ocrx_word' id='word_1_410' title='bbox 1317 1141 1394 1170; x_wconf 82' lang='grc' dir='ltr'>οὖτα.</span> <span class='ocrx_word' id='word_1_411' title='bbox 1408 1143 1440 1169; x_wconf 76' lang='lat' dir='ltr'><strong>Et</strong></span> <span class='ocrx_word' id='word_1_412' title='bbox 1456 1143 1483 1170; x_wconf 81' lang='grc' dir='ltr'>δὲ</span> <span class='ocrx_word' id='word_1_413' title='bbox 1502 1143 1538 1179; x_wconf 88' lang='grc' dir='ltr'>μὴ</span> <span class='ocrx_word' id='word_1_414' title='bbox 1553 1143 1582 1169; x_wconf 83' lang='grc' dir='ltr'>ὃν</span> <span class='ocrx_word' id='word_1_415' title='bbox 1599 1143 1683 1179; x_wconf 81' lang='grc' dir='ltr'>αὐτὴν</span> <span class='ocrx_word' id='word_1_416' title='bbox 1698 1143 1800 1178; x_wconf 80' lang='grc' dir='ltr'>λέγετε,</span> <span class='ocrx_word' id='word_1_417' title='bbox 1817 1144 1854 1175; x_wconf 80' lang='grc' dir='ltr'>ὡς</span> 
     </span>
    </p>
   </div>
   <div class='ocr_carea' id='block_1_53' title="bbox 1070 1187 1855 1222">
    <p class='ocr_par' dir='ltr' id='par_1_53' title="bbox 1070 1187 1855 1222">
     <span class='ocr_line' id='line_1_53' title="bbox 1070 1187 1855 1222; baseline -0.001 -6"><span class='ocrx_word' id='word_1_418' title='bbox 1070 1189 1207 1221; x_wconf 83' lang='grc' dir='ltr'><strong>παντελῶς</strong></span> <span class='ocrx_word' id='word_1_419' title='bbox 1223 1189 1298 1215; x_wconf 79' lang='grc' dir='ltr'><strong>οὐδὲν</strong></span> <span class='ocrx_word' id='word_1_420' title='bbox 1314 1187 1406 1221; x_wconf 79' lang='grc' dir='ltr'>οὖσαν,</span> <span class='ocrx_word' id='word_1_421' title='bbox 1420 1188 1481 1215; x_wconf 75' lang='grc' dir='ltr'>οὔτε</span> <span class='ocrx_word' id='word_1_422' title='bbox 1501 1189 1585 1215; x_wconf 83' lang='grc' dir='ltr'>κακὸν</span> <span class='ocrx_word' id='word_1_423' title='bbox 1605 1188 1680 1215; x_wconf 73' lang='grc' dir='ltr'>ἔσται</span> <span class='ocrx_word' id='word_1_424' title='bbox 1700 1189 1760 1215; x_wconf 69' lang='grc' dir='ltr'>οὔτε</span> <span class='ocrx_word' id='word_1_425' title='bbox 1785 1190 1855 1222; x_wconf 84' lang='grc' dir='ltr'>ἀγα-</span> 
     </span>
    </p>
   </div>
   <div class='ocr_carea' id='block_1_54' title="bbox 1070 1234 1854 1270">
    <p class='ocr_par' dir='ltr' id='par_1_54' title="bbox 1070 1234 1854 1270">
     <span class='ocr_line' id='line_1_54' title="bbox 1070 1234 1854 1270; baseline -0.001 -8"><span class='ocrx_word' id='word_1_426' title='bbox 1070 1235 1130 1262; x_wconf 81' lang='grc' dir='ltr'>θόν·</span> <span class='ocrx_word' id='word_1_427' title='bbox 1146 1236 1171 1261; x_wconf 86' lang='grc' dir='ltr'>εἰ</span> <span class='ocrx_word' id='word_1_428' title='bbox 1185 1235 1213 1261; x_wconf 88' lang='grc' dir='ltr'>δέ</span> <span class='ocrx_word' id='word_1_429' title='bbox 1233 1235 1291 1261; x_wconf 78' lang='grc' dir='ltr'>ἐστί</span> <span class='ocrx_word' id='word_1_430' title='bbox 1313 1244 1339 1261; x_wconf 87' lang='grc' dir='ltr'><strong>τι</strong></span> <span class='ocrx_word' id='word_1_431' title='bbox 1353 1234 1423 1270; x_wconf 52' lang='lat' dir='ltr'><strong>Emi}</strong></span> <span class='ocrx_word' id='word_1_432' title='bbox 1442 1235 1473 1261; x_wconf 80' lang='grc' dir='ltr'>ὲκ</span> <span class='ocrx_word' id='word_1_433' title='bbox 1495 1234 1562 1261; x_wconf 80' lang='grc' dir='ltr'>Θεοῦ</span> <span class='ocrx_word' id='word_1_434' title='bbox 1578 1235 1650 1261; x_wconf 75' lang='grc' dir='ltr'>ἐστιν</span> <span class='ocrx_word' id='word_1_435' title='bbox 1667 1234 1683 1270; x_wconf 83' lang='grc' dir='ltr'>ἢ</span> <span class='ocrx_word' id='word_1_436' title='bbox 1701 1234 1730 1268; x_wconf 77' lang='grc' dir='ltr'><strong>ἐξ</strong></span> <span class='ocrx_word' id='word_1_437' title='bbox 1746 1235 1854 1270; x_wconf 75' lang='grc' dir='ltr'>ἑαυτῆς,</span> 
     </span>
    </p>
   </div>
   <div class='ocr_carea' id='block_1_55' title="bbox 1069 1278 1856 1315">
    <p class='ocr_par' dir='ltr' id='par_1_55' title="bbox 1069 1278 1856 1315">
     <span class='ocr_line' id='line_1_55' title="bbox 1069 1278 1856 1315; baseline 0 -10"><span class='ocrx_word' id='word_1_438' title='bbox 1069 1279 1086 1314; x_wconf 79' lang='grc' dir='ltr'><strong>ἢ</strong></span> <span class='ocrx_word' id='word_1_439' title='bbox 1100 1279 1130 1311; x_wconf 78' lang='grc' dir='ltr'><strong>ἐξ</strong></span> <span class='ocrx_word' id='word_1_440' title='bbox 1145 1279 1240 1315; x_wconf 82' lang='grc' dir='ltr'>ἑτέρας</span> <span class='ocrx_word' id='word_1_441' title='bbox 1256 1279 1352 1314; x_wconf 86' lang='grc' dir='ltr'>ἀρχῆς,</span> <span class='ocrx_word' id='word_1_442' title='bbox 1369 1279 1415 1305; x_wconf 70' lang='grc' dir='ltr'>καὶ</span> <span class='ocrx_word' id='word_1_443' title='bbox 1430 1279 1498 1314; x_wconf 81' lang='grc' dir='ltr'>αὐτὴ</span> <span class='ocrx_word' id='word_1_444' title='bbox 1511 1279 1559 1306; x_wconf 72' lang='grc' dir='ltr'>καὶ</span> <span class='ocrx_word' id='word_1_445' title='bbox 1573 1279 1661 1310; x_wconf 82' lang='grc' dir='ltr'>ὀΘεός</span> <span class='ocrx_word' id='word_1_446' title='bbox 1672 1287 1679 1294; x_wconf 88' lang='grc'><strong>·</strong></span> <span class='ocrx_word' id='word_1_447' title='bbox 1695 1279 1719 1305; x_wconf 77' lang='grc' dir='ltr'><strong>εί</strong></span> <span class='ocrx_word' id='word_1_448' title='bbox 1731 1278 1759 1305; x_wconf 81' lang='grc' dir='ltr'><strong>δὲ</strong></span> <span class='ocrx_word' id='word_1_449' title='bbox 1774 1279 1856 1313; x_wconf 88' lang='grc' dir='ltr'>ἀναγ-</span> 
     </span>
    </p>
   </div>
   <div class='ocr_carea' id='block_1_56' title="bbox 1070 1324 1857 1360">
    <p class='ocr_par' dir='ltr' id='par_1_56' title="bbox 1070 1324 1857 1360">
     <span class='ocr_line' id='line_1_56' title="bbox 1070 1324 1857 1360; baseline -0.001 -8"><span class='ocrx_word' id='word_1_450' title='bbox 1070 1327 1145 1352; x_wconf 79' lang='grc' dir='ltr'>καῖον</span> <span class='ocrx_word' id='word_1_451' title='bbox 1161 1326 1177 1360; x_wconf 85' lang='grc' dir='ltr'><strong>ή</strong></span> <span class='ocrx_word' id='word_1_452' title='bbox 1196 1324 1256 1360; x_wconf 81' lang='grc' dir='ltr'>ὖλη,</span> <span class='ocrx_word' id='word_1_453' title='bbox 1275 1325 1313 1356; x_wconf 86' lang='grc' dir='ltr'>ὡς</span> <span class='ocrx_word' id='word_1_454' title='bbox 1329 1325 1575 1360; x_wconf 57' lang='grc' dir='ltr'><strong>συμπληρωτικὸν⁸</strong></span> <span class='ocrx_word' id='word_1_455' title='bbox 1594 1325 1707 1360; x_wconf 81' lang='grc' dir='ltr'><strong>κόσμου,</strong></span> <span class='ocrx_word' id='word_1_456' title='bbox 1730 1324 1788 1356; x_wconf 82' lang='grc' dir='ltr'><strong>πῶς</strong></span> <span class='ocrx_word' id='word_1_457' title='bbox 1807 1333 1857 1351; x_wconf 76' lang='grc' dir='ltr'>κα-</span> 
     </span>
    </p>
   </div>
   <div class='ocr_carea' id='block_1_57' title="bbox 1069 1369 1857 1406">
    <p class='ocr_par' dir='ltr' id='par_1_57' title="bbox 1069 1369 1857 1406">
     <span class='ocr_line' id='line_1_57' title="bbox 1069 1369 1857 1406; baseline 0 -10"><span class='ocrx_word' id='word_1_458' title='bbox 1069 1370 1116 1396; x_wconf 81' lang='grc' dir='ltr'>κὸν</span> <span class='ocrx_word' id='word_1_459' title='bbox 1130 1371 1146 1406; x_wconf 86' lang='grc' dir='ltr'>ὴ</span> <span class='ocrx_word' id='word_1_460' title='bbox 1163 1369 1227 1405; x_wconf 83' lang='grc' dir='ltr'>ὓλη;</span> <span class='ocrx_word' id='word_1_461' title='bbox 1243 1370 1324 1405; x_wconf 88' lang='grc' dir='ltr'>Ὂρος</span> <span class='ocrx_word' id='word_1_462' title='bbox 1337 1370 1392 1405; x_wconf 89' lang='grc' dir='ltr'>γὰρ</span> <span class='ocrx_word' id='word_1_463' title='bbox 1405 1370 1565 1404; x_wconf 82' lang='grc' dir='ltr'>ἀναγκαίου,</span> <span class='ocrx_word' id='word_1_464' title='bbox 1580 1370 1674 1402; x_wconf 77' lang='grc' dir='ltr'><strong>ἀΐδιον,</strong></span> <span class='ocrx_word' id='word_1_465' title='bbox 1693 1369 1799 1406; x_wconf 81' lang='grc' dir='ltr'>ἀληθὲς,</span> <span class='ocrx_word' id='word_1_466' title='bbox 1817 1370 1857 1401; x_wconf 85' lang='grc' dir='ltr'>ὡς</span> 
     </span>
    </p>
   </div>
   <div class='ocr_carea' id='block_1_58' title="bbox 1068 1413 1857 1452">
    <p class='ocr_par' dir='ltr' id='par_1_58' title="bbox 1068 1413 1857 1452">
     <span class='ocr_line' id='line_1_58' title="bbox 1068 1413 1857 1452; baseline -0.001 -10"><span class='ocrx_word' id='word_1_467' title='bbox 1068 1416 1219 1450; x_wconf 81' lang='grc' dir='ltr'>ὠφέλιμον,</span> <span class='ocrx_word' id='word_1_468' title='bbox 1234 1416 1279 1442; x_wconf 83' lang='grc' dir='ltr'><strong>οῖα</strong></span> <span class='ocrx_word' id='word_1_469' title='bbox 1303 1416 1376 1442; x_wconf 74' lang='grc' dir='ltr'>ἐστὶν</span> <span class='ocrx_word' id='word_1_470' title='bbox 1397 1417 1414 1451; x_wconf 86' lang='grc' dir='ltr'><strong>ή</strong></span> <span class='ocrx_word' id='word_1_471' title='bbox 1439 1415 1522 1452; x_wconf 82' lang='grc' dir='ltr'>ἀρετὴ</span> <span class='ocrx_word' id='word_1_472' title='bbox 1538 1415 1689 1451; x_wconf 80' lang='grc' dir='ltr'>ὠφελοῦσα.</span> <span class='ocrx_word' id='word_1_473' title='bbox 1706 1415 1785 1442; x_wconf 80' lang='grc' dir='ltr'><strong>Ἀλλο</strong></span> <span class='ocrx_word' id='word_1_474' title='bbox 1809 1413 1857 1442; x_wconf 74' lang='grc' dir='ltr'>οὖν</span> 
     </span>
    </p>
   </div>
   <div class='ocr_carea' id='block_1_59' title="bbox 1059 1462 1557 1496">
    <p class='ocr_par' dir='ltr' id='par_1_59' title="bbox 1059 1462 1557 1496">
     <span class='ocr_line' id='line_1_59' title="bbox 1059 1462 1557 1496; baseline -0.002 -7"><span class='ocrx_word' id='word_1_475' title='bbox 1059 1463 1099 1489; x_wconf 68' lang='grc' dir='ltr'>τὸ</span> <span class='ocrx_word' id='word_1_476' title='bbox 1112 1462 1206 1494; x_wconf 75' lang='grc' dir='ltr'>κακὸν,</span> <span class='ocrx_word' id='word_1_477' title='bbox 1222 1462 1269 1489; x_wconf 77' lang='grc' dir='ltr'>καὶ</span> <span class='ocrx_word' id='word_1_478' title='bbox 1282 1462 1344 1489; x_wconf 81' lang='grc' dir='ltr'>ἄλλο</span> <span class='ocrx_word' id='word_1_479' title='bbox 1357 1462 1387 1489; x_wconf 86' lang='grc' dir='ltr'><strong>τὺ</strong></span> <span class='ocrx_word' id='word_1_480' title='bbox 1400 1463 1557 1496; x_wconf 83' lang='grc' dir='ltr'>ἀναγκαῖον.</span> 
     </span>
    </p>
   </div>
   <div class='ocr_carea' id='block_1_60' title="bbox 232 1508 1859 1545">
    <p class='ocr_par' dir='ltr' id='par_1_60' title="bbox 232 1508 1859 1545">
     <span class='ocr_line' id='line_1_60' title="bbox 232 1508 1859 1545; baseline 0 -7"><span class='ocrx_word' id='word_1_481' title='bbox 232 1513 260 1538; x_wconf 89' lang='lat' dir='ltr'><strong>et</strong></span> <span class='ocrx_word' id='word_1_482' title='bbox 275 1510 335 1545; x_wconf 88' lang='lat' dir='ltr'><strong>ipsa</strong></span> <span class='ocrx_word' id='word_1_483' title='bbox 350 1513 377 1537; x_wconf 87' lang='lat' dir='ltr'><strong>et</strong></span> <span class='ocrx_word' id='word_1_484' title='bbox 396 1509 468 1537; x_wconf 86' lang='lat' dir='ltr'><strong>Deus</strong></span> <span class='ocrx_word' id='word_1_485' title='bbox 486 1513 547 1538; x_wconf 87' lang='lat' dir='ltr'><strong>est:</strong></span> <span class='ocrx_word' id='word_1_486' title='bbox 563 1510 586 1537; x_wconf 85' lang='lat' dir='ltr'><strong>si</strong></span> <span class='ocrx_word' id='word_1_487' title='bbox 615 1516 679 1536; x_wconf 87' lang='lat' dir='ltr'><strong>vero</strong></span> <span class='ocrx_word' id='word_1_488' title='bbox 701 1509 887 1536; x_wconf 83' lang='lat' dir='ltr'><strong>necessarium</strong></span> <span class='ocrx_word' id='word_1_489' title='bbox 909 1508 944 1536; x_wconf 89' lang='lat' dir='ltr'><strong>sit</strong></span> <span class='ocrx_word' id='word_1_490' title='bbox 973 1508 1085 1536; x_wconf 85' lang='lat' dir='ltr'><strong>materia</strong></span> <span class='ocrx_word' id='word_1_491' title='bbox 1111 1512 1142 1536; x_wconf 89' lang='lat' dir='ltr'><strong>ut</strong></span> <span class='ocrx_word' id='word_1_492' title='bbox 1170 1508 1272 1544; x_wconf 90' lang='lat' dir='ltr'><strong>aliquid</strong></span> <span class='ocrx_word' id='word_1_493' title='bbox 1297 1509 1369 1544; x_wconf 89' lang='lat' dir='ltr'><strong>quod</strong></span> <span class='ocrx_word' id='word_1_494' title='bbox 1391 1509 1522 1536; x_wconf 88' lang='lat' dir='ltr'><strong>mundum</strong></span> <span class='ocrx_word' id='word_1_495' title='bbox 1546 1509 1694 1543; x_wconf 83' lang='lat' dir='ltr'><strong>compleat,</strong></span> <span class='ocrx_word' id='word_1_496' title='bbox 1719 1509 1859 1544; x_wconf 85' lang='lat' dir='ltr'><strong>quomodo</strong></span> 
     </span>
    </p>
   </div>
   <div class='ocr_carea' id='block_1_61' title="bbox 232 1554 1856 1591">
    <p class='ocr_par' dir='ltr' id='par_1_61' title="bbox 232 1554 1856 1591">
     <span class='ocr_line' id='line_1_61' title="bbox 232 1554 1856 1591; baseline 0.001 -9"><span class='ocrx_word' id='word_1_497' title='bbox 232 1556 347 1583; x_wconf 83' lang='lat' dir='ltr'><strong>materia</strong></span> <span class='ocrx_word' id='word_1_498' title='bbox 369 1559 412 1584; x_wconf 82' lang='lat' dir='ltr'><strong>est</strong></span> <span class='ocrx_word' id='word_1_499' title='bbox 435 1555 554 1582; x_wconf 83' lang='lat' dir='ltr'><strong>malum?</strong></span> <span class='ocrx_word' id='word_1_500' title='bbox 572 1555 694 1582; x_wconf 80' lang='lat' dir='ltr'><strong>deﬁnitio</strong></span> <span class='ocrx_word' id='word_1_501' title='bbox 718 1555 790 1582; x_wconf 84' lang='lat' dir='ltr'><strong>enim</strong></span> <span class='ocrx_word' id='word_1_502' title='bbox 819 1554 978 1587; x_wconf 82' lang='lat' dir='ltr'><strong>necessarii,</strong></span> <span class='ocrx_word' id='word_1_503' title='bbox 992 1558 1133 1588; x_wconf 65' lang='lat' dir='ltr'><strong>aeternum,</strong></span> <span class='ocrx_word' id='word_1_504' title='bbox 1148 1562 1254 1587; x_wconf 88' lang='lat' dir='ltr'><strong>verum,</strong></span> <span class='ocrx_word' id='word_1_505' title='bbox 1272 1559 1401 1591; x_wconf 88' lang='lat' dir='ltr'><strong>tanquam</strong></span> <span class='ocrx_word' id='word_1_506' title='bbox 1417 1555 1494 1587; x_wconf 84' lang='lat' dir='ltr'><strong>utile,</strong></span> <span class='ocrx_word' id='word_1_507' title='bbox 1517 1555 1589 1582; x_wconf 84' lang='lat' dir='ltr'><strong>sicut</strong></span> <span class='ocrx_word' id='word_1_508' title='bbox 1604 1555 1691 1583; x_wconf 87' lang='lat' dir='ltr'><strong>virtus</strong></span> <span class='ocrx_word' id='word_1_509' title='bbox 1704 1560 1746 1583; x_wconf 82' lang='lat' dir='ltr'><strong>est.</strong></span> <span class='ocrx_word' id='word_1_510' title='bbox 1760 1556 1856 1584; x_wconf 71' lang='lat' dir='ltr'><strong>utilis:</strong></span> 
     </span>
    </p>
   </div>
   <div class='ocr_carea' id='block_1_62' title="bbox 232 1601 932 1638">
    <p class='ocr_par' dir='ltr' id='par_1_62' title="bbox 232 1601 932 1638">
     <span class='ocr_line' id='line_1_62' title="bbox 232 1601 932 1638; baseline -0.004 -8"><span class='ocrx_word' id='word_1_511' title='bbox 232 1609 297 1638; x_wconf 82' lang='lat' dir='ltr'><strong>ergo</strong></span> <span class='ocrx_word' id='word_1_512' title='bbox 313 1602 387 1629; x_wconf 91' lang='lat' dir='ltr'><strong>aliud</strong></span> <span class='ocrx_word' id='word_1_513' title='bbox 412 1606 454 1630; x_wconf 90' lang='lat' dir='ltr'><strong>est</strong></span> <span class='ocrx_word' id='word_1_514' title='bbox 476 1602 576 1628; x_wconf 85' lang='lat' dir='ltr'><strong>malum</strong></span> <span class='ocrx_word' id='word_1_515' title='bbox 600 1604 627 1628; x_wconf 90' lang='lat' dir='ltr'><strong>et</strong></span> <span class='ocrx_word' id='word_1_516' title='bbox 646 1601 719 1628; x_wconf 87' lang='lat' dir='ltr'><strong>aliud</strong></span> <span class='ocrx_word' id='word_1_517' title='bbox 738 1601 932 1628; x_wconf 87' lang='lat' dir='ltr'><strong>necessarium.</strong></span> 
     </span>
    </p>
   </div>
   <div class='ocr_carea' id='block_1_63' title="bbox 267 1645 1016 1684">
    <p class='ocr_par' dir='ltr' id='par_1_63' title="bbox 267 1647 1016 1683">
     <span class='ocr_line' id='line_1_63' title="bbox 267 1647 1016 1683; baseline 0 -9"><span class='ocrx_word' id='word_1_518' title='bbox 267 1647 371 1674; x_wconf 82' lang='lat' dir='ltr'><strong>Malum</strong></span> <span class='ocrx_word' id='word_1_519' title='bbox 385 1648 453 1675; x_wconf 81' lang='lat' dir='ltr'><strong>enim</strong></span> <span class='ocrx_word' id='word_1_520' title='bbox 475 1655 527 1683; x_wconf 84' lang='lat' dir='ltr'><strong>qua</strong></span> <span class='ocrx_word' id='word_1_521' title='bbox 543 1651 619 1682; x_wconf 86' lang='lat' dir='ltr'><strong>parte</strong></span> <span class='ocrx_word' id='word_1_522' title='bbox 640 1647 751 1675; x_wconf 84' lang='lat' dir='ltr'><strong>malum.</strong></span> <span class='ocrx_word' id='word_1_523' title='bbox 774 1647 906 1675; x_wconf 82' lang='lat' dir='ltr'><strong>Evertens</strong></span> <span class='ocrx_word' id='word_1_524' title='bbox 921 1655 1016 1674; x_wconf 91' lang='lat' dir='ltr'><strong>eorum</strong></span> 
     </span>
    </p>
   </div>
   <div class='ocr_carea' id='block_1_64' title="bbox 1068 1645 1859 1684">
    <p class='ocr_par' dir='ltr' id='par_1_64' title="bbox 1107 1645 1859 1684">
     <span class='ocr_line' id='line_1_64' title="bbox 1107 1645 1859 1684; baseline -0.001 -9"><span class='ocrx_word' id='word_1_525' title='bbox 1107 1648 1140 1675; x_wconf 85' lang='grc' dir='ltr'><strong>Τὸ</strong></span> <span class='ocrx_word' id='word_1_526' title='bbox 1161 1648 1216 1683; x_wconf 80' lang='grc' dir='ltr'>γὰρ</span> <span class='ocrx_word' id='word_1_527' title='bbox 1234 1648 1327 1675; x_wconf 78' lang='grc' dir='ltr'>κακὸν·</span> <span class='ocrx_word' id='word_1_528' title='bbox 1347 1645 1368 1684; x_wconf 84' lang='grc' dir='ltr'><em>ᾖ</em></span> <span class='ocrx_word' id='word_1_529' title='bbox 1388 1648 1490 1675; x_wconf 80' lang='grc' dir='ltr'>κακόν.</span> <span class='ocrx_word' id='word_1_530' title='bbox 1513 1648 1685 1684; x_wconf 80' lang='grc' dir='ltr'>’Δνατρέπων</span> <span class='ocrx_word' id='word_1_531' title='bbox 1709 1648 1758 1680; x_wconf 81' lang='grc' dir='ltr'><strong>τὰς</strong></span> <span class='ocrx_word' id='word_1_532' title='bbox 1778 1647 1859 1680; x_wconf 70' lang='grc' dir='ltr'>δόξαις</span> 
     </span>
    </p>
   </div>
   <div class='ocr_carea' id='block_1_65' title="bbox 232 1693 1015 1728">
    <p class='ocr_par' dir='ltr' id='par_1_65' title="bbox 232 1693 1015 1728">
     <span class='ocr_line' id='line_1_65' title="bbox 232 1693 1015 1728; baseline 0.001 -7"><span class='ocrx_word' id='word_1_533' title='bbox 232 1693 374 1728; x_wconf 87' lang='lat' dir='ltr'><strong>opiniones</strong></span> <span class='ocrx_word' id='word_1_534' title='bbox 388 1694 435 1728; x_wconf 83' lang='lat' dir='ltr'><strong>qui</strong></span> <span class='ocrx_word' id='word_1_535' title='bbox 458 1694 562 1725; x_wconf 91' lang='lat' dir='ltr'><strong>dicunt,</strong></span> <span class='ocrx_word' id='word_1_536' title='bbox 583 1694 724 1721; x_wconf 84' lang='lat' dir='ltr'><strong>materiam</strong></span> <span class='ocrx_word' id='word_1_537' title='bbox 746 1701 807 1722; x_wconf 87' lang='lat' dir='ltr'><strong>esse</strong></span> <span class='ocrx_word' id='word_1_538' title='bbox 830 1694 945 1726; x_wconf 89' lang='lat' dir='ltr'><strong>malum,</strong></span> <span class='ocrx_word' id='word_1_539' title='bbox 964 1695 1015 1722; x_wconf 89' lang='lat' dir='ltr'><strong>ait:</strong></span> 
     </span>
    </p>
   </div>
   <div class='ocr_carea' id='block_1_66' title="bbox 232 1738 1016 1775">
    <p class='ocr_par' dir='ltr' id='par_1_66' title="bbox 232 1738 1016 1775">
     <span class='ocr_line' id='line_1_66' title="bbox 232 1738 1016 1775; baseline 0.003 -9"><span class='ocrx_word' id='word_1_540' title='bbox 232 1738 373 1772; x_wconf 85' lang='lat' dir='ltr'><strong>Quomodo</strong></span> <span class='ocrx_word' id='word_1_541' title='bbox 386 1739 468 1775; x_wconf 83' lang='lat' dir='ltr'><strong>igitur</strong></span> <span class='ocrx_word' id='word_1_542' title='bbox 475 1746 508 1766; x_wconf 86' lang='lat' dir='ltr'><strong>ex</strong></span> <span class='ocrx_word' id='word_1_543' title='bbox 518 1740 630 1766; x_wconf 86' lang='lat' dir='ltr'><strong>materia</strong></span> <span class='ocrx_word' id='word_1_544' title='bbox 638 1745 813 1775; x_wconf 88' lang='lat' dir='ltr'><strong>generaturet</strong></span> <span class='ocrx_word' id='word_1_545' title='bbox 821 1741 938 1768; x_wconf 86' lang='lat' dir='ltr'><strong>nutritur</strong></span> <span class='ocrx_word' id='word_1_546' title='bbox 944 1740 1016 1775; x_wconf 87' lang='lat' dir='ltr'><strong>quod</strong></span> 
     </span>
    </p>
   </div>
   <div class='ocr_carea' id='block_1_67' title="bbox 232 1785 1016 1820">
    <p class='ocr_par' dir='ltr' id='par_1_67' title="bbox 232 1785 1016 1820">
     <span class='ocr_line' id='line_1_67' title="bbox 232 1785 1016 1820; baseline 0.001 -7"><span class='ocrx_word' id='word_1_547' title='bbox 232 1793 265 1813; x_wconf 85' lang='lat' dir='ltr'><strong>ex</strong></span> <span class='ocrx_word' id='word_1_548' title='bbox 280 1789 352 1813; x_wconf 89' lang='lat' dir='ltr'><strong>terra</strong></span> <span class='ocrx_word' id='word_1_549' title='bbox 372 1785 504 1816; x_wconf 89' lang='lat' dir='ltr'><strong>nascitur,</strong></span> <span class='ocrx_word' id='word_1_550' title='bbox 520 1785 619 1820; x_wconf 74' lang='lat' dir='ltr'><strong>plantze</strong></span> <span class='ocrx_word' id='word_1_551' title='bbox 632 1790 659 1813; x_wconf 88' lang='lat' dir='ltr'><strong>et</strong></span> <span class='ocrx_word' id='word_1_552' title='bbox 673 1785 819 1813; x_wconf 85' lang='lat' dir='ltr'><strong>animalia?</strong></span> <span class='ocrx_word' id='word_1_553' title='bbox 832 1790 859 1814; x_wconf 89' lang='lat' dir='ltr'><strong>et</strong></span> <span class='ocrx_word' id='word_1_554' title='bbox 871 1787 928 1814; x_wconf 70' lang='lat' dir='ltr'><strong>haec</strong></span> <span class='ocrx_word' id='word_1_555' title='bbox 943 1787 1016 1814; x_wconf 91' lang='lat' dir='ltr'><strong>enim</strong></span> 
     </span>
    </p>
   </div>
   <div class='ocr_carea' id='block_1_68' title="bbox 231 1830 1016 1867">
    <p class='ocr_par' dir='ltr' id='par_1_68' title="bbox 231 1830 1016 1867">
     <span class='ocr_line' id='line_1_68' title="bbox 231 1830 1016 1867; baseline 0.001 -9"><span class='ocrx_word' id='word_1_556' title='bbox 231 1838 265 1858; x_wconf 84' lang='lat' dir='ltr'><strong>ex</strong></span> <span class='ocrx_word' id='word_1_557' title='bbox 287 1830 373 1858; x_wconf 82' lang='lat' dir='ltr'><strong>forma</strong></span> <span class='ocrx_word' id='word_1_558' title='bbox 393 1834 420 1858; x_wconf 87' lang='lat' dir='ltr'><strong>et</strong></span> <span class='ocrx_word' id='word_1_559' title='bbox 444 1831 556 1858; x_wconf 88' lang='lat' dir='ltr'><strong>materia</strong></span> <span class='ocrx_word' id='word_1_560' title='bbox 579 1835 657 1859; x_wconf 87' lang='lat' dir='ltr'><strong>sunt:</strong></span> <span class='ocrx_word' id='word_1_561' title='bbox 681 1832 818 1866; x_wconf 88' lang='lat' dir='ltr'><strong>quomodo</strong></span> <span class='ocrx_word' id='word_1_562' title='bbox 836 1833 920 1867; x_wconf 91' lang='lat' dir='ltr'><strong>igitur</strong></span> <span class='ocrx_word' id='word_1_563' title='bbox 943 1832 1016 1867; x_wconf 90' lang='lat' dir='ltr'><strong>quod</strong></span> 
     </span>
    </p>
   </div>
   <div class='ocr_carea' id='block_1_69' title="bbox 232 1876 1015 1913">
    <p class='ocr_par' dir='ltr' id='par_1_69' title="bbox 232 1876 1015 1913">
     <span class='ocr_line' id='line_1_69' title="bbox 232 1876 1015 1913; baseline 0.004 -11"><span class='ocrx_word' id='word_1_564' title='bbox 232 1883 281 1910; x_wconf 90' lang='lat' dir='ltr'><strong>per</strong></span> <span class='ocrx_word' id='word_1_565' title='bbox 297 1883 327 1903; x_wconf 87' lang='lat' dir='ltr'><strong>se</strong></span> <span class='ocrx_word' id='word_1_566' title='bbox 347 1876 447 1902; x_wconf 88' lang='lat' dir='ltr'><strong>malum</strong></span> <span class='ocrx_word' id='word_1_567' title='bbox 467 1880 509 1903; x_wconf 85' lang='lat' dir='ltr'><strong>est</strong></span> <span class='ocrx_word' id='word_1_568' title='bbox 526 1881 639 1912; x_wconf 75' lang='lat' dir='ltr'><strong>generat</strong></span> <span class='ocrx_word' id='word_1_569' title='bbox 657 1881 684 1903; x_wconf 86' lang='lat' dir='ltr'><strong>et</strong></span> <span class='ocrx_word' id='word_1_570' title='bbox 702 1877 789 1904; x_wconf 84' lang='lat' dir='ltr'><strong>nutrit</strong></span> <span class='ocrx_word' id='word_1_571' title='bbox 812 1885 901 1913; x_wconf 86' lang='lat' dir='ltr'><strong>neque</strong></span> <span class='ocrx_word' id='word_1_572' title='bbox 923 1879 1015 1906; x_wconf 86' lang='lat' dir='ltr'><strong>statim</strong></span> 
     </span>
    </p>
   </div>
   <div class='ocr_carea' id='block_1_70' title="bbox 232 1921 1015 1956">
    <p class='ocr_par' dir='ltr' id='par_1_70' title="bbox 232 1921 1015 1956">
     <span class='ocr_line' id='line_1_70' title="bbox 232 1921 1015 1956; baseline 0.005 -9"><span class='ocrx_word' id='word_1_573' title='bbox 232 1921 382 1955; x_wconf 89' lang='lat' dir='ltr'><strong>corrumpit</strong></span> <span class='ocrx_word' id='word_1_574' title='bbox 397 1928 428 1948; x_wconf 90' lang='lat' dir='ltr'><strong>ac</strong></span> <span class='ocrx_word' id='word_1_575' title='bbox 446 1921 648 1956; x_wconf 86' lang='lat' dir='ltr'><strong>corrumpitur?</strong></span> <span class='ocrx_word' id='word_1_576' title='bbox 664 1921 722 1949; x_wconf 68' lang='lat' dir='ltr'><strong>haec</strong></span> <span class='ocrx_word' id='word_1_577' title='bbox 737 1928 779 1949; x_wconf 89' lang='lat' dir='ltr'><strong>est</strong></span> <span class='ocrx_word' id='word_1_578' title='bbox 793 1923 865 1950; x_wconf 91' lang='lat' dir='ltr'><strong>enim</strong></span> <span class='ocrx_word' id='word_1_579' title='bbox 883 1923 1015 1951; x_wconf 90' lang='lat' dir='ltr'><strong>habitudo</strong></span> 
     </span>
    </p>
   </div>
   <div class='ocr_carea' id='block_1_71' title="bbox 231 1965 1015 2004">
    <p class='ocr_par' dir='ltr' id='par_1_71' title="bbox 231 1965 1015 2004">
     <span class='ocr_line' id='line_1_71' title="bbox 231 1965 1015 2004; baseline 0.006 -12"><span class='ocrx_word' id='word_1_580' title='bbox 231 1965 416 1993; x_wconf 69' lang='lat' dir='ltr'><strong>malitverum</strong></span> <span class='ocrx_word' id='word_1_581' title='bbox 441 1974 529 2002; x_wconf 90' lang='lat' dir='ltr'><strong>neque</strong></span> <span class='ocrx_word' id='word_1_582' title='bbox 554 1967 594 2002; x_wconf 92' lang='lat' dir='ltr'><strong>(ut</strong></span> <span class='ocrx_word' id='word_1_583' title='bbox 610 1967 742 2002; x_wconf 90' lang='lat' dir='ltr'><strong>quosdam</strong></span> <span class='ocrx_word' id='word_1_584' title='bbox 768 1969 869 1996; x_wconf 86' lang='lat' dir='ltr'><strong>sentire</strong></span> <span class='ocrx_word' id='word_1_585' title='bbox 889 1969 1015 2004; x_wconf 87' lang='lat' dir='ltr'><strong>superius</strong></span> 
     </span>
    </p>
   </div>
   <div class='ocr_carea' id='block_1_72' title="bbox 231 2010 1015 2050">
    <p class='ocr_par' dir='ltr' id='par_1_72' title="bbox 231 2010 1015 2050">
     <span class='ocr_line' id='line_1_72' title="bbox 231 2010 1015 2050; baseline 0.006 -13"><span class='ocrx_word' id='word_1_586' title='bbox 231 2010 363 2046; x_wconf 83' lang='lat' dir='ltr'><strong>diximus)</strong></span> <span class='ocrx_word' id='word_1_587' title='bbox 379 2013 492 2039; x_wconf 82' lang='lat' dir='ltr'><strong>materia</strong></span> <span class='ocrx_word' id='word_1_588' title='bbox 515 2012 542 2039; x_wconf 92' lang='lat' dir='ltr'><strong>in</strong></span> <span class='ocrx_word' id='word_1_589' title='bbox 559 2013 689 2040; x_wconf 84' lang='lat' dir='ltr'><strong>malitiam</strong></span> <span class='ocrx_word' id='word_1_590' title='bbox 713 2014 819 2042; x_wconf 85' lang='lat' dir='ltr'><strong>animas</strong></span> <span class='ocrx_word' id='word_1_591' title='bbox 835 2015 948 2042; x_wconf 88' lang='lat' dir='ltr'><strong>attrahit</strong></span> <span class='ocrx_word' id='word_1_592' title='bbox 967 2023 1015 2050; x_wconf 90' lang='lat' dir='ltr'><strong>per</strong></span> 
     </span>
    </p>
   </div>
   <div class='ocr_carea' id='block_1_73' title="bbox 231 2056 1017 2094">
    <p class='ocr_par' dir='ltr' id='par_1_73' title="bbox 231 2056 1017 2094">
     <span class='ocr_line' id='line_1_73' title="bbox 231 2056 1017 2094; baseline 0.008 -12"><span class='ocrx_word' id='word_1_593' title='bbox 231 2056 416 2084; x_wconf 87' lang='lat' dir='ltr'><strong>irrationalem</strong></span> <span class='ocrx_word' id='word_1_594' title='bbox 429 2057 527 2085; x_wconf 64' lang='lat' dir='ltr'><strong>animae</strong></span> <span class='ocrx_word' id='word_1_595' title='bbox 541 2063 656 2093; x_wconf 88' lang='lat' dir='ltr'><strong>partem,</strong></span> <span class='ocrx_word' id='word_1_596' title='bbox 671 2060 743 2094; x_wconf 86' lang='lat' dir='ltr'><strong>quod</strong></span> <span class='ocrx_word' id='word_1_597' title='bbox 761 2060 842 2087; x_wconf 85' lang='lat' dir='ltr'><strong>mista</strong></span> <span class='ocrx_word' id='word_1_598' title='bbox 857 2061 893 2087; x_wconf 90' lang='lat' dir='ltr'><strong>sit</strong></span> <span class='ocrx_word' id='word_1_599' title='bbox 910 2061 938 2088; x_wconf 92' lang='lat' dir='ltr'><strong>in</strong></span> <span class='ocrx_word' id='word_1_600' title='bbox 954 2069 1017 2088; x_wconf 89' lang='lat' dir='ltr'><strong>cor-</strong></span> 
     </span>
    </p>
   </div>
   <div class='ocr_carea' id='block_1_74' title="bbox 230 2101 1015 2137">
    <p class='ocr_par' dir='ltr' id='par_1_74' title="bbox 230 2101 1015 2137">
     <span class='ocr_line' id='line_1_74' title="bbox 230 2101 1015 2137; baseline 0.009 -10"><span class='ocrx_word' id='word_1_601' title='bbox 230 2108 297 2136; x_wconf 87' lang='lat' dir='ltr'><strong>pore</strong></span> <span class='ocrx_word' id='word_1_602' title='bbox 311 2101 381 2136; x_wconf 87' lang='lat' dir='ltr'><strong>parti</strong></span> <span class='ocrx_word' id='word_1_603' title='bbox 398 2102 495 2129; x_wconf 82' lang='lat' dir='ltr'><strong>animae</strong></span> <span class='ocrx_word' id='word_1_604' title='bbox 509 2103 613 2130; x_wconf 85' lang='lat' dir='ltr'><strong>ratione</strong></span> <span class='ocrx_word' id='word_1_605' title='bbox 627 2105 730 2132; x_wconf 89' lang='lat' dir='ltr'><strong>carenti</strong></span> <span class='ocrx_word' id='word_1_606' title='bbox 743 2113 749 2137; x_wconf 87' lang='lat'><strong>;</strong></span> <span class='ocrx_word' id='word_1_607' title='bbox 765 2105 843 2132; x_wconf 84' lang='lat' dir='ltr'><strong>multi</strong></span> <span class='ocrx_word' id='word_1_608' title='bbox 857 2106 930 2133; x_wconf 89' lang='lat' dir='ltr'><strong>enim</strong></span> <span class='ocrx_word' id='word_1_609' title='bbox 944 2106 1015 2134; x_wconf 87' lang='lat' dir='ltr'><strong>hanc</strong></span> 
     </span>
    </p>
   </div>
   <div class='ocr_carea' id='block_1_75' title="bbox 230 2147 1014 2185">
    <p class='ocr_par' dir='ltr' id='par_1_75' title="bbox 230 2147 1014 2185">
     <span class='ocr_line' id='line_1_75' title="bbox 230 2147 1014 2185; baseline 0.008 -12"><span class='ocrx_word' id='word_1_610' title='bbox 230 2150 334 2181; x_wconf 82' lang='lat' dir='ltr'><strong>partem</strong></span> <span class='ocrx_word' id='word_1_611' title='bbox 353 2147 526 2180; x_wconf 88' lang='lat' dir='ltr'><strong>domuerunt,</strong></span> <span class='ocrx_word' id='word_1_612' title='bbox 547 2152 577 2175; x_wconf 86' lang='lat' dir='ltr'><strong>ut</strong></span> <span class='ocrx_word' id='word_1_613' title='bbox 599 2149 685 2177; x_wconf 85' lang='lat' dir='ltr'><strong>sancti</strong></span> <span class='ocrx_word' id='word_1_614' title='bbox 703 2149 908 2185; x_wconf 58' lang='lat' dir='ltr'><strong>Deigquoniam</strong></span> <span class='ocrx_word' id='word_1_615' title='bbox 924 2156 1014 2179; x_wconf 86' lang='lat' dir='ltr'><strong>autem</strong></span> 
     </span>
    </p>
   </div>
   <div class='ocr_carea' id='block_1_76' title="bbox 205 2193 1015 2230">
    <p class='ocr_par' dir='ltr' id='par_1_76' title="bbox 205 2193 1015 2230">
     <span class='ocr_line' id='line_1_76' title="bbox 205 2193 1015 2230; baseline 0.007 -11"><span class='ocrx_word' id='word_1_616' title='bbox 205 2222 207 2225; x_wconf 52' lang='grc'><strong><em>,</em></strong></span> <span class='ocrx_word' id='word_1_617' title='bbox 230 2193 342 2228; x_wconf 84' lang='lat' dir='ltr'><strong>quidam</strong></span> <span class='ocrx_word' id='word_1_618' title='bbox 360 2194 502 2229; x_wconf 79' lang='lat' dir='ltr'><strong>gentilium</strong></span> <span class='ocrx_word' id='word_1_619' title='bbox 514 2194 610 2222; x_wconf 87' lang='lat' dir='ltr'><strong>dicunt</strong></span> <span class='ocrx_word' id='word_1_620' title='bbox 623 2201 765 2230; x_wconf 88' lang='lat' dir='ltr'><strong>propterea</strong></span> <span class='ocrx_word' id='word_1_621' title='bbox 780 2197 880 2224; x_wconf 72' lang='lat' dir='ltr'><strong>coelum</strong></span> <span class='ocrx_word' id='word_1_622' title='bbox 894 2201 921 2225; x_wconf 92' lang='lat' dir='ltr'><strong>et</strong></span> <span class='ocrx_word' id='word_1_623' title='bbox 941 2202 1015 2225; x_wconf 85' lang='lat' dir='ltr'><strong>astra</strong></span> 
     </span>
    </p>
   </div>
   <div class='ocr_carea' id='block_1_77' title="bbox 199 2240 1014 2277">
    <p class='ocr_par' dir='ltr' id='par_1_77' title="bbox 199 2240 1014 2277">
     <span class='ocr_line' id='line_1_77' title="bbox 199 2240 1014 2277; baseline 0.005 -11"><span class='ocrx_word' id='word_1_624' title='bbox 199 2242 206 2262; x_wconf 64' lang='grc'>³.</span> <span class='ocrx_word' id='word_1_625' title='bbox 230 2247 286 2266; x_wconf 91' lang='lat' dir='ltr'><strong>non</strong></span> <span class='ocrx_word' id='word_1_626' title='bbox 307 2240 460 2275; x_wconf 87' lang='lat' dir='ltr'><strong>corrumpi,</strong></span> <span class='ocrx_word' id='word_1_627' title='bbox 483 2241 547 2275; x_wconf 89' lang='lat' dir='ltr'><strong>quia</strong></span> <span class='ocrx_word' id='word_1_628' title='bbox 567 2248 598 2268; x_wconf 83' lang='lat' dir='ltr'><strong>ex</strong></span> <span class='ocrx_word' id='word_1_629' title='bbox 621 2241 724 2276; x_wconf 86' lang='lat' dir='ltr'><strong>puriori</strong></span> <span class='ocrx_word' id='word_1_630' title='bbox 747 2242 879 2277; x_wconf 88' lang='lat' dir='ltr'><strong>producta</strong></span> <span class='ocrx_word' id='word_1_631' title='bbox 905 2242 1014 2270; x_wconf 78' lang='lat' dir='ltr'><strong>fuerunt</strong></span> 
     </span>
    </p>
   </div>
   <div class='ocr_carea' id='block_1_78' title="bbox 230 2286 1013 2323">
    <p class='ocr_par' dir='ltr' id='par_1_78' title="bbox 230 2286 1013 2323">
     <span class='ocr_line' id='line_1_78' title="bbox 230 2286 1013 2323; baseline 0.008 -12"><span class='ocrx_word' id='word_1_632' title='bbox 230 2286 359 2317; x_wconf 86' lang='lat' dir='ltr'><strong>materia,</strong></span> <span class='ocrx_word' id='word_1_633' title='bbox 384 2293 414 2313; x_wconf 87' lang='lat' dir='ltr'><strong>ea</strong></span> <span class='ocrx_word' id='word_1_634' title='bbox 440 2290 530 2314; x_wconf 88' lang='lat' dir='ltr'><strong>autem</strong></span> <span class='ocrx_word' id='word_1_635' title='bbox 555 2295 615 2322; x_wconf 62' lang='lat' dir='ltr'><strong>quae</strong></span> <span class='ocrx_word' id='word_1_636' title='bbox 632 2288 856 2323; x_wconf 87' lang='lat' dir='ltr'><strong>corruptibilibus</strong></span> <span class='ocrx_word' id='word_1_637' title='bbox 879 2289 1013 2317; x_wconf 70' lang='lat' dir='ltr'><strong>inhaerent</strong></span> 
     </span>
    </p>
   </div>
   <div class='ocr_carea' id='block_1_79' title="bbox 1067 1692 1860 1730">
    <p class='ocr_par' dir='ltr' id='par_1_79' title="bbox 1067 1692 1860 1730">
     <span class='ocr_line' id='line_1_79' title="bbox 1067 1692 1860 1730; baseline 0 -10"><span class='ocrx_word' id='word_1_638' title='bbox 1067 1694 1121 1720; x_wconf 84' lang='grc' dir='ltr'>τῶν</span> <span class='ocrx_word' id='word_1_639' title='bbox 1138 1694 1269 1729; x_wconf 84' lang='grc' dir='ltr'>λεγόντων</span> <span class='ocrx_word' id='word_1_640' title='bbox 1285 1694 1369 1721; x_wconf 83' lang='grc' dir='ltr'>κακὸν</span> <span class='ocrx_word' id='word_1_641' title='bbox 1386 1692 1455 1722; x_wconf 74' lang='grc' dir='ltr'>εἶναι</span> <span class='ocrx_word' id='word_1_642' title='bbox 1470 1693 1519 1730; x_wconf 82' lang='grc' dir='ltr'>τὴν</span> <span class='ocrx_word' id='word_1_643' title='bbox 1534 1693 1610 1729; x_wconf 81' lang='grc' dir='ltr'>ὕλην,</span> <span class='ocrx_word' id='word_1_644' title='bbox 1632 1694 1713 1729; x_wconf 81' lang='grc' dir='ltr'>φησί·</span> <span class='ocrx_word' id='word_1_645' title='bbox 1732 1694 1795 1725; x_wconf 82' lang='grc' dir='ltr'><strong>Πῶς</strong></span> <span class='ocrx_word' id='word_1_646' title='bbox 1811 1692 1860 1720; x_wconf 67' lang='grc' dir='ltr'>οὖν</span> 
     </span>
    </p>
   </div>
   <div class='ocr_carea' id='block_1_80' title="bbox 1068 1738 1861 1776">
    <p class='ocr_par' dir='ltr' id='par_1_80' title="bbox 1068 1738 1861 1776">
     <span class='ocr_line' id='line_1_80' title="bbox 1068 1738 1861 1776; baseline -0.001 -10"><span class='ocrx_word' id='word_1_647' title='bbox 1068 1741 1097 1774; x_wconf 79' lang='grc' dir='ltr'><strong>ἐξ</strong></span> <span class='ocrx_word' id='word_1_648' title='bbox 1118 1741 1183 1776; x_wconf 69' lang='grc' dir='ltr'>ὕλης</span> <span class='ocrx_word' id='word_1_649' title='bbox 1199 1741 1323 1775; x_wconf 85' lang='grc' dir='ltr'>γεννᾶται</span> <span class='ocrx_word' id='word_1_650' title='bbox 1346 1740 1393 1767; x_wconf 82' lang='grc' dir='ltr'>καὶ</span> <span class='ocrx_word' id='word_1_651' title='bbox 1407 1740 1534 1776; x_wconf 81' lang='grc' dir='ltr'>τρέφεται</span> <span class='ocrx_word' id='word_1_652' title='bbox 1554 1740 1570 1774; x_wconf 90' lang='grc' dir='ltr'><strong>ἡ</strong></span> <span class='ocrx_word' id='word_1_653' title='bbox 1592 1739 1705 1774; x_wconf 76' lang='grc' dir='ltr'><strong>ἔκφυσις</strong></span> <span class='ocrx_word' id='word_1_654' title='bbox 1727 1738 1782 1766; x_wconf 83' lang='grc' dir='ltr'>τῶν</span> <span class='ocrx_word' id='word_1_655' title='bbox 1803 1740 1861 1766; x_wconf 61' lang='grc' dir='ltr'><strong>ἀπὸ</strong></span> 
     </span>
    </p>
   </div>
   <div class='ocr_carea' id='block_1_81' title="bbox 1068 1785 1861 1821">
    <p class='ocr_par' dir='ltr' id='par_1_81' title="bbox 1068 1785 1861 1821">
     <span class='ocr_line' id='line_1_81' title="bbox 1068 1785 1861 1821; baseline -0.001 -8"><span class='ocrx_word' id='word_1_656' title='bbox 1068 1787 1129 1821; x_wconf 83' lang='grc' dir='ltr'>γῆς,</span> <span class='ocrx_word' id='word_1_657' title='bbox 1150 1786 1220 1821; x_wconf 79' lang='grc' dir='ltr'>φυτὰ</span> <span class='ocrx_word' id='word_1_658' title='bbox 1245 1787 1292 1813; x_wconf 84' lang='grc' dir='ltr'>καὶ</span> <span class='ocrx_word' id='word_1_659' title='bbox 1313 1786 1384 1819; x_wconf 83' lang='grc' dir='ltr'><strong>ζῶα;</strong></span> <span class='ocrx_word' id='word_1_660' title='bbox 1402 1787 1449 1812; x_wconf 80' lang='grc' dir='ltr'><strong>καὶ</strong></span> <span class='ocrx_word' id='word_1_661' title='bbox 1471 1785 1557 1812; x_wconf 80' lang='grc' dir='ltr'>ταῦτα</span> <span class='ocrx_word' id='word_1_662' title='bbox 1575 1785 1629 1820; x_wconf 88' lang='grc' dir='ltr'><strong>γὰρ</strong></span> <span class='ocrx_word' id='word_1_663' title='bbox 1652 1785 1682 1817; x_wconf 78' lang='grc' dir='ltr'>ἐξ</span> <span class='ocrx_word' id='word_1_664' title='bbox 1698 1785 1783 1817; x_wconf 75' lang='grc' dir='ltr'>εἴδους</span> <span class='ocrx_word' id='word_1_665' title='bbox 1810 1786 1861 1812; x_wconf 78' lang='grc' dir='ltr'>καὶ</span> 
     </span>
    </p>
   </div>
   <div class='ocr_carea' id='block_1_82' title="bbox 1068 1830 1862 1867">
    <p class='ocr_par' dir='ltr' id='par_1_82' title="bbox 1068 1830 1862 1867">
     <span class='ocr_line' id='line_1_82' title="bbox 1068 1830 1862 1867; baseline -0.001 -9"><span class='ocrx_word' id='word_1_666' title='bbox 1068 1832 1133 1867; x_wconf 74' lang='grc' dir='ltr'>ὕλης</span> <span class='ocrx_word' id='word_1_667' title='bbox 1156 1832 1216 1858; x_wconf 78' lang='grc' dir='ltr'>εἰσί.</span> <span class='ocrx_word' id='word_1_668' title='bbox 1233 1832 1268 1858; x_wconf 77' lang='grc' dir='ltr'><strong>Τὸ</strong></span> <span class='ocrx_word' id='word_1_669' title='bbox 1284 1830 1329 1858; x_wconf 79' lang='grc' dir='ltr'><strong>οὗν</strong></span> <span class='ocrx_word' id='word_1_670' title='bbox 1345 1831 1493 1858; x_wconf 78' lang='grc' dir='ltr'>αὐτόκακον</span> <span class='ocrx_word' id='word_1_671' title='bbox 1508 1831 1566 1863; x_wconf 87' lang='grc' dir='ltr'><strong>πῶς</strong></span> <span class='ocrx_word' id='word_1_672' title='bbox 1582 1832 1664 1866; x_wconf 81' lang='grc' dir='ltr'>γεννᾷ</span> <span class='ocrx_word' id='word_1_673' title='bbox 1682 1831 1729 1857; x_wconf 81' lang='grc' dir='ltr'>καὶ</span> <span class='ocrx_word' id='word_1_674' title='bbox 1743 1831 1862 1866; x_wconf 74' lang='grc' dir='ltr'>τρέφει,</span> 
     </span>
    </p>
   </div>
   <div class='ocr_carea' id='block_1_83' title="bbox 1067 1877 1863 1913">
    <p class='ocr_par' dir='ltr' id='par_1_83' title="bbox 1067 1877 1863 1913">
     <span class='ocr_line' id='line_1_83' title="bbox 1067 1877 1863 1913; baseline -0.001 -9"><span class='ocrx_word' id='word_1_675' title='bbox 1067 1878 1114 1904; x_wconf 73' lang='grc' dir='ltr'>καὶ</span> <span class='ocrx_word' id='word_1_676' title='bbox 1128 1878 1178 1904; x_wconf 79' lang='grc' dir='ltr'>οὐκ</span> <span class='ocrx_word' id='word_1_677' title='bbox 1192 1878 1272 1909; x_wconf 81' lang='grc' dir='ltr'>εὐθὺς</span> <span class='ocrx_word' id='word_1_678' title='bbox 1288 1877 1392 1913; x_wconf 73' lang='grc' dir='ltr'>φθείρει</span> <span class='ocrx_word' id='word_1_679' title='bbox 1409 1878 1457 1904; x_wconf 77' lang='grc' dir='ltr'>καὶ</span> <span class='ocrx_word' id='word_1_680' title='bbox 1476 1878 1630 1913; x_wconf 75' lang='grc' dir='ltr'>φθείρεται;</span> <span class='ocrx_word' id='word_1_681' title='bbox 1646 1877 1714 1912; x_wconf 79' lang='grc' dir='ltr'>αὕτη</span> <span class='ocrx_word' id='word_1_682' title='bbox 1731 1877 1787 1912; x_wconf 84' lang='grc' dir='ltr'><strong>γὰρ</strong></span> <span class='ocrx_word' id='word_1_683' title='bbox 1801 1877 1863 1911; x_wconf 73' lang='grc' dir='ltr'>ἕξις</span> 
     </span>
    </p>
   </div>
   <div class='ocr_carea' id='block_1_84' title="bbox 1066 1922 1861 1959">
    <p class='ocr_par' dir='ltr' id='par_1_84' title="bbox 1066 1922 1861 1959">
     <span class='ocr_line' id='line_1_84' title="bbox 1066 1922 1861 1959; baseline -0.001 -9"><span class='ocrx_word' id='word_1_684' title='bbox 1066 1923 1113 1950; x_wconf 82' lang='grc' dir='ltr'><strong>τοῦ</strong></span> <span class='ocrx_word' id='word_1_685' title='bbox 1130 1923 1229 1950; x_wconf 75' lang='grc' dir='ltr'>κακοῦ·</span> <span class='ocrx_word' id='word_1_686' title='bbox 1247 1923 1303 1950; x_wconf 82' lang='grc' dir='ltr'>ἀλλ’</span> <span class='ocrx_word' id='word_1_687' title='bbox 1325 1923 1397 1955; x_wconf 72' lang='grc' dir='ltr'>οὔτε,</span> <span class='ocrx_word' id='word_1_688' title='bbox 1413 1924 1450 1955; x_wconf 85' lang='grc' dir='ltr'>ὼς</span> <span class='ocrx_word' id='word_1_689' title='bbox 1464 1923 1568 1959; x_wconf 76' lang='grc' dir='ltr'>ἔφημεν</span> <span class='ocrx_word' id='word_1_690' title='bbox 1587 1923 1642 1950; x_wconf 79' lang='grc' dir='ltr'><strong>ἄνω</strong></span> <span class='ocrx_word' id='word_1_691' title='bbox 1664 1923 1753 1957; x_wconf 87' lang='grc' dir='ltr'>λέγειν</span> <span class='ocrx_word' id='word_1_692' title='bbox 1767 1922 1861 1955; x_wconf 77' lang='grc' dir='ltr'>τινὰς,</span> 
     </span>
    </p>
   </div>
   <div class='ocr_carea' id='block_1_85' title="bbox 1067 1968 1862 2006">
    <p class='ocr_par' dir='ltr' id='par_1_85' title="bbox 1067 1968 1862 2006">
     <span class='ocr_line' id='line_1_85' title="bbox 1067 1968 1862 2006; baseline -0.001 -10"><span class='ocrx_word' id='word_1_693' title='bbox 1067 1970 1207 2004; x_wconf 76' lang='grc' dir='ltr'>ἐφέλκεται</span> <span class='ocrx_word' id='word_1_694' title='bbox 1222 1971 1261 2001; x_wconf 79' lang='grc' dir='ltr'>εἰς</span> <span class='ocrx_word' id='word_1_695' title='bbox 1277 1970 1374 1996; x_wconf 84' lang='grc' dir='ltr'>κακίαν</span> <span class='ocrx_word' id='word_1_696' title='bbox 1388 1970 1437 2002; x_wconf 80' lang='grc' dir='ltr'><strong>τὰς</strong></span> <span class='ocrx_word' id='word_1_697' title='bbox 1450 1970 1538 2005; x_wconf 80' lang='grc' dir='ltr'>ψυχὰς</span> <span class='ocrx_word' id='word_1_698' title='bbox 1551 1971 1566 2006; x_wconf 80' lang='grc' dir='ltr'>ἡ</span> <span class='ocrx_word' id='word_1_699' title='bbox 1579 1969 1628 2005; x_wconf 77' lang='grc' dir='ltr'>ὕλη</span> <span class='ocrx_word' id='word_1_700' title='bbox 1642 1968 1685 1996; x_wconf 83' lang='grc' dir='ltr'>διὰ</span> <span class='ocrx_word' id='word_1_701' title='bbox 1697 1969 1743 1995; x_wconf 79' lang='grc' dir='ltr'>τοῦ</span> <span class='ocrx_word' id='word_1_702' title='bbox 1756 1969 1862 2003; x_wconf 80' lang='grc' dir='ltr'>ἀλόγου</span> 
     </span>
    </p>
   </div>
   <div class='ocr_carea' id='block_1_86' title="bbox 1068 2014 1863 2052">
    <p class='ocr_par' dir='ltr' id='par_1_86' title="bbox 1068 2014 1863 2052">
     <span class='ocr_line' id='line_1_86' title="bbox 1068 2014 1863 2052; baseline -0.001 -10"><span class='ocrx_word' id='word_1_703' title='bbox 1068 2016 1166 2052; x_wconf 80' lang='grc' dir='ltr'>μέρους</span> <span class='ocrx_word' id='word_1_704' title='bbox 1184 2017 1233 2052; x_wconf 80' lang='grc' dir='ltr'>τῆς</span> <span class='ocrx_word' id='word_1_705' title='bbox 1246 2016 1343 2051; x_wconf 75' lang='grc' dir='ltr'>ψυχῆς,</span> <span class='ocrx_word' id='word_1_706' title='bbox 1358 2015 1402 2042; x_wconf 75' lang='grc' dir='ltr'><strong>διὰ</strong></span> <span class='ocrx_word' id='word_1_707' title='bbox 1427 2016 1473 2042; x_wconf 82' lang='grc' dir='ltr'>τοῦ</span> <span class='ocrx_word' id='word_1_708' title='bbox 1497 2014 1621 2051; x_wconf 82' lang='grc' dir='ltr'>σώματος</span> <span class='ocrx_word' id='word_1_709' title='bbox 1639 2015 1795 2051; x_wconf 79' lang='grc' dir='ltr'>μεμιγμένη</span> <span class='ocrx_word' id='word_1_710' title='bbox 1819 2015 1863 2050; x_wconf 83' lang='grc' dir='ltr'><strong>τῷ</strong></span> 
     </span>
    </p>
   </div>
   <div class='ocr_carea' id='block_1_87' title="bbox 1067 2060 1862 2097">
    <p class='ocr_par' dir='ltr' id='par_1_87' title="bbox 1067 2060 1862 2097">
     <span class='ocr_line' id='line_1_87' title="bbox 1067 2060 1862 2097; baseline -0.003 -9"><span class='ocrx_word' id='word_1_711' title='bbox 1067 2062 1155 2097; x_wconf 80' lang='grc' dir='ltr'>ἀλόγῳ</span> <span class='ocrx_word' id='word_1_712' title='bbox 1176 2062 1224 2097; x_wconf 84' lang='grc' dir='ltr'>τῆς</span> <span class='ocrx_word' id='word_1_713' title='bbox 1237 2062 1337 2097; x_wconf 74' lang='grc' dir='ltr'>ψυχῆς·</span> <span class='ocrx_word' id='word_1_714' title='bbox 1357 2061 1448 2088; x_wconf 78' lang='grc' dir='ltr'>πολλοὶ</span> <span class='ocrx_word' id='word_1_715' title='bbox 1462 2061 1516 2096; x_wconf 83' lang='grc' dir='ltr'><strong>γὰρ</strong></span> <span class='ocrx_word' id='word_1_716' title='bbox 1532 2061 1687 2096; x_wconf 76' lang='grc' dir='ltr'>ἐκράτησαν</span> <span class='ocrx_word' id='word_1_717' title='bbox 1701 2060 1748 2087; x_wconf 79' lang='grc' dir='ltr'><strong>τοῦ</strong></span> <span class='ocrx_word' id='word_1_718' title='bbox 1764 2060 1862 2087; x_wconf 75' lang='grc' dir='ltr'>τοιού-</span> 
     </span>
    </p>
   </div>
   <div class='ocr_carea' id='block_1_88' title="bbox 1066 2105 1866 2142">
    <p class='ocr_par' dir='ltr' id='par_1_88' title="bbox 1066 2105 1866 2142">
     <span class='ocr_line' id='line_1_88' title="bbox 1066 2105 1866 2142; baseline -0.003 -8"><span class='ocrx_word' id='word_1_719' title='bbox 1066 2116 1116 2134; x_wconf 81' lang='grc' dir='ltr'>του</span> <span class='ocrx_word' id='word_1_720' title='bbox 1133 2108 1241 2142; x_wconf 87' lang='grc' dir='ltr'>μέρους,</span> <span class='ocrx_word' id='word_1_721' title='bbox 1262 2107 1300 2138; x_wconf 85' lang='grc' dir='ltr'>ὡς</span> <span class='ocrx_word' id='word_1_722' title='bbox 1315 2107 1340 2133; x_wconf 76' lang='grc' dir='ltr'>οἱ</span> <span class='ocrx_word' id='word_1_723' title='bbox 1358 2107 1429 2140; x_wconf 83' lang='grc' dir='ltr'>ἃγιοι</span> <span class='ocrx_word' id='word_1_724' title='bbox 1447 2106 1494 2132; x_wconf 83' lang='grc' dir='ltr'>τοῦ</span> <span class='ocrx_word' id='word_1_725' title='bbox 1517 2106 1594 2132; x_wconf 83' lang='grc' dir='ltr'><strong>Θεοῦ.</strong></span> <span class='ocrx_word' id='word_1_726' title='bbox 1617 2105 1724 2141; x_wconf 71' lang='grc' dir='ltr'>Ἐπειδὴ</span> <span class='ocrx_word' id='word_1_727' title='bbox 1738 2106 1767 2132; x_wconf 83' lang='grc' dir='ltr'><strong>δὲ</strong></span> <span class='ocrx_word' id='word_1_728' title='bbox 1792 2106 1866 2132; x_wconf 75' lang='grc' dir='ltr'>ἔνιοι</span> 
     </span>
    </p>
   </div>
   <div class='ocr_carea' id='block_1_89' title="bbox 1066 2151 1868 2188">
    <p class='ocr_par' dir='ltr' id='par_1_89' title="bbox 1066 2151 1868 2188">
     <span class='ocr_line' id='line_1_89' title="bbox 1066 2151 1868 2188; baseline -0.002 -8"><span class='ocrx_word' id='word_1_729' title='bbox 1066 2153 1118 2180; x_wconf 83' lang='grc' dir='ltr'>τῶν</span> <span class='ocrx_word' id='word_1_730' title='bbox 1141 2153 1271 2188; x_wconf 74' lang='grc' dir='ltr'>Ἑλλήνων</span> <span class='ocrx_word' id='word_1_731' title='bbox 1285 2153 1360 2187; x_wconf 79' lang='grc' dir='ltr'>φασὶ,</span> <span class='ocrx_word' id='word_1_732' title='bbox 1383 2152 1426 2179; x_wconf 79' lang='grc' dir='ltr'>διὰ</span> <span class='ocrx_word' id='word_1_733' title='bbox 1446 2152 1524 2178; x_wconf 76' lang='grc' dir='ltr'>τοῦτο</span> <span class='ocrx_word' id='word_1_734' title='bbox 1542 2152 1587 2178; x_wconf 83' lang='grc' dir='ltr'>τὸν</span> <span class='ocrx_word' id='word_1_735' title='bbox 1614 2151 1726 2187; x_wconf 77' lang='grc' dir='ltr'>οὐρανὸν</span> <span class='ocrx_word' id='word_1_736' title='bbox 1751 2151 1802 2178; x_wconf 76' lang='grc' dir='ltr'>καὶ</span> <span class='ocrx_word' id='word_1_737' title='bbox 1826 2151 1868 2178; x_wconf 75' lang='grc' dir='ltr'>τὰ</span> 
     </span>
    </p>
   </div>
   <div class='ocr_carea' id='block_1_90' title="bbox 1066 2197 1867 2234">
    <p class='ocr_par' dir='ltr' id='par_1_90' title="bbox 1066 2197 1867 2234">
     <span class='ocr_line' id='line_1_90' title="bbox 1066 2197 1867 2234; baseline -0.002 -8"><span class='ocrx_word' id='word_1_738' title='bbox 1066 2199 1153 2234; x_wconf 77' lang='grc' dir='ltr'>ἄστρα</span> <span class='ocrx_word' id='word_1_739' title='bbox 1171 2199 1207 2234; x_wconf 83' lang='grc' dir='ltr'>μὴ</span> <span class='ocrx_word' id='word_1_740' title='bbox 1229 2198 1400 2233; x_wconf 76' lang='grc' dir='ltr'>φθείρεσθαι,</span> <span class='ocrx_word' id='word_1_741' title='bbox 1420 2198 1463 2224; x_wconf 83' lang='grc' dir='ltr'><strong>διὰ</strong></span> <span class='ocrx_word' id='word_1_742' title='bbox 1485 2198 1515 2224; x_wconf 73' lang='grc' dir='ltr'>τὸ</span> <span class='ocrx_word' id='word_1_743' title='bbox 1536 2199 1568 2224; x_wconf 83' lang='grc' dir='ltr'>ὲκ</span> <span class='ocrx_word' id='word_1_744' title='bbox 1591 2197 1637 2224; x_wconf 84' lang='grc' dir='ltr'>τοῦ</span> <span class='ocrx_word' id='word_1_745' title='bbox 1660 2197 1867 2233; x_wconf 76' lang='grc' dir='ltr'>καθαρωτέρου</span> 
     </span>
    </p>
   </div>
   <div class='ocr_carea' id='block_1_91' title="bbox 1066 2243 1867 2280">
    <p class='ocr_par' dir='ltr' id='par_1_91' title="bbox 1066 2243 1867 2280">
     <span class='ocr_line' id='line_1_91' title="bbox 1066 2243 1867 2280; baseline -0.001 -9"><span class='ocrx_word' id='word_1_746' title='bbox 1066 2246 1114 2280; x_wconf 85' lang='grc' dir='ltr'>τῆς</span> <span class='ocrx_word' id='word_1_747' title='bbox 1137 2245 1202 2280; x_wconf 76' lang='grc' dir='ltr'>ὕλης</span> <span class='ocrx_word' id='word_1_748' title='bbox 1225 2244 1367 2278; x_wconf 79' lang='grc' dir='ltr'>γενέσθαι·</span> <span class='ocrx_word' id='word_1_749' title='bbox 1386 2244 1420 2270; x_wconf 86' lang='grc' dir='ltr'><strong>τὰ</strong></span> <span class='ocrx_word' id='word_1_750' title='bbox 1447 2245 1474 2271; x_wconf 82' lang='grc' dir='ltr'><strong>δὲ</strong></span> <span class='ocrx_word' id='word_1_751' title='bbox 1497 2243 1617 2280; x_wconf 80' lang='grc' dir='ltr'>προσεχῆ</span> <span class='ocrx_word' id='word_1_752' title='bbox 1645 2245 1701 2275; x_wconf 85' lang='grc' dir='ltr'>τοῖς</span> <span class='ocrx_word' id='word_1_753' title='bbox 1725 2243 1867 2279; x_wconf 80' lang='grc' dir='ltr'>φθαρτοῖς</span> 
     </span>
    </p>
   </div>
   <div class='ocr_carea' id='block_1_92' title="bbox 1069 2290 1869 2327">
    <p class='ocr_par' dir='ltr' id='par_1_92' title="bbox 1069 2290 1869 2327">
     <span class='ocr_line' id='line_1_92' title="bbox 1069 2290 1869 2327; baseline -0.001 -10"><span class='ocrx_word' id='word_1_754' title='bbox 1069 2291 1191 2327; x_wconf 86' lang='grc' dir='ltr'>σώμασιν</span> <span class='ocrx_word' id='word_1_755' title='bbox 1213 2292 1244 2317; x_wconf 81' lang='grc' dir='ltr'>ὲκ</span> <span class='ocrx_word' id='word_1_756' title='bbox 1264 2292 1313 2326; x_wconf 81' lang='grc' dir='ltr'>τῆς</span> <span class='ocrx_word' id='word_1_757' title='bbox 1335 2291 1510 2326; x_wconf 77' lang='grc' dir='ltr'>ὑποστάθμης</span> <span class='ocrx_word' id='word_1_758' title='bbox 1542 2291 1588 2317; x_wconf 76' lang='grc' dir='ltr'>καὶ</span> <span class='ocrx_word' id='word_1_759' title='bbox 1607 2290 1764 2326; x_wconf 85' lang='grc' dir='ltr'>παχυτέρας</span> <span class='ocrx_word' id='word_1_760' title='bbox 1791 2290 1869 2326; x_wconf 73' lang='grc' dir='ltr'>ὓλης</span> 
     </span>
    </p>
   </div>
   <div class='ocr_carea' id='block_1_93' title="bbox 230 2327 1016 2372">
    <p class='ocr_par' dir='ltr' id='par_1_93' title="bbox 230 2332 1009 2370">
     <span class='ocr_line' id='line_1_93' title="bbox 230 2332 1009 2370; baseline 0.006 -13"><span class='ocrx_word' id='word_1_761' title='bbox 230 2332 404 2366; x_wconf 87' lang='lat' dir='ltr'><strong>corporibus,</strong></span> <span class='ocrx_word' id='word_1_762' title='bbox 423 2340 455 2359; x_wconf 82' lang='lat' dir='ltr'><strong>ex</strong></span> <span class='ocrx_word' id='word_1_763' title='bbox 475 2333 597 2367; x_wconf 84' lang='lat' dir='ltr'><strong>subjecta</strong></span> <span class='ocrx_word' id='word_1_764' title='bbox 617 2338 644 2360; x_wconf 89' lang='lat' dir='ltr'><strong>et</strong></span> <span class='ocrx_word' id='word_1_765' title='bbox 664 2335 799 2362; x_wconf 87' lang='lat' dir='ltr'><strong>crassiore</strong></span> <span class='ocrx_word' id='word_1_766' title='bbox 815 2336 927 2362; x_wconf 86' lang='lat' dir='ltr'><strong>materia</strong></span> <span class='ocrx_word' id='word_1_767' title='bbox 951 2343 1009 2370; x_wconf 93' lang='lat' dir='ltr'><strong>pro-</strong></span> 
     </span>
    </p>
   </div>
   <div class='ocr_carea' id='block_1_94' title="bbox 1068 2327 1869 2372">
    <p class='ocr_par' dir='ltr' id='par_1_94' title="bbox 1068 2336 1869 2372">
     <span class='ocr_line' id='line_1_94' title="bbox 1068 2336 1869 2372; baseline -0.002 -8"><span class='ocrx_word' id='word_1_768' title='bbox 1068 2338 1174 2372; x_wconf 81' lang='grc' dir='ltr'>λέγουσι</span> <span class='ocrx_word' id='word_1_769' title='bbox 1205 2337 1347 2372; x_wconf 83' lang='grc' dir='ltr'>γενέσθαι·</span> <span class='ocrx_word' id='word_1_770' title='bbox 1372 2338 1525 2372; x_wconf 83' lang='grc' dir='ltr'>ἀναγκαίως</span> <span class='ocrx_word' id='word_1_771' title='bbox 1552 2337 1612 2363; x_wconf 74' lang='grc' dir='ltr'>καθ’</span> <span class='ocrx_word' id='word_1_772' title='bbox 1638 2336 1771 2363; x_wconf 78' lang='grc' dir='ltr'>ὑπόὸασιν</span> <span class='ocrx_word' id='word_1_773' title='bbox 1803 2337 1869 2363; x_wconf 83' lang='grc' dir='ltr'><strong>τῶν</strong></span> 
     </span>
    </p>
   </div>
   <div class='ocr_carea' id='block_1_95' title="bbox 230 2373 1014 2408">
    <p class='ocr_par' dir='ltr' id='par_1_95' title="bbox 230 2373 1014 2408">
     <span class='ocr_line' id='line_1_95' title="bbox 230 2373 1014 2408; baseline 0.01 -8"><span class='ocrx_word' id='word_1_774' title='bbox 230 2373 305 2406; x_wconf 91' lang='lat' dir='ltr'><strong>duci,</strong></span> <span class='ocrx_word' id='word_1_775' title='bbox 325 2382 386 2402; x_wconf 91' lang='lat' dir='ltr'><strong>cum</strong></span> <span class='ocrx_word' id='word_1_776' title='bbox 406 2378 560 2404; x_wconf 87' lang='lat' dir='ltr'><strong>necessario</strong></span> <span class='ocrx_word' id='word_1_777' title='bbox 575 2378 602 2404; x_wconf 93' lang='lat' dir='ltr'><strong>in</strong></span> <span class='ocrx_word' id='word_1_778' title='bbox 618 2377 795 2406; x_wconf 80' lang='lat' dir='ltr'><strong>fundamento</strong></span> <span class='ocrx_word' id='word_1_779' title='bbox 809 2384 962 2407; x_wconf 89' lang='lat' dir='ltr'><strong>creatorum</strong></span> <span class='ocrx_word' id='word_1_780' title='bbox 978 2381 1014 2408; x_wconf 88' lang='lat' dir='ltr'><strong>sit</strong></span> 
     </span>
    </p>
   </div>
   <div class='ocr_carea' id='block_1_96' title="bbox 230 2422 1013 2460">
    <p class='ocr_par' dir='ltr' id='par_1_96' title="bbox 230 2422 1013 2460">
     <span class='ocr_line' id='line_1_96' title="bbox 230 2422 1013 2460; baseline 0.009 -14"><span class='ocrx_word' id='word_1_781' title='bbox 230 2423 370 2453; x_wconf 80' lang='lat' dir='ltr'><strong>extrema,</strong></span> <span class='ocrx_word' id='word_1_782' title='bbox 392 2422 472 2449; x_wconf 84' lang='lat' dir='ltr'><strong>talem</strong></span> <span class='ocrx_word' id='word_1_783' title='bbox 495 2423 629 2458; x_wconf 84' lang='lat' dir='ltr'><strong>evadere;</strong></span> <span class='ocrx_word' id='word_1_784' title='bbox 658 2425 774 2460; x_wconf 89' lang='lat' dir='ltr'><strong>ideoque</strong></span> <span class='ocrx_word' id='word_1_785' title='bbox 796 2425 925 2453; x_wconf 82' lang='lat' dir='ltr'><strong>inferiora</strong></span> <span class='ocrx_word' id='word_1_786' title='bbox 949 2434 1013 2454; x_wconf 91' lang='lat' dir='ltr'><strong>cor-</strong></span> 
     </span>
    </p>
   </div>
   <div class='ocr_carea' id='block_1_97' title="bbox 231 2469 1013 2508">
    <p class='ocr_par' dir='ltr' id='par_1_97' title="bbox 231 2469 1013 2508">
     <span class='ocr_line' id='line_1_97' title="bbox 231 2469 1013 2508; baseline 0.01 -16"><span class='ocrx_word' id='word_1_787' title='bbox 231 2471 405 2501; x_wconf 87' lang='lat' dir='ltr'><strong>rumpuntur,</strong></span> <span class='ocrx_word' id='word_1_788' title='bbox 432 2469 597 2504; x_wconf 89' lang='lat' dir='ltr'><strong>minimeque</strong></span> <span class='ocrx_word' id='word_1_789' title='bbox 620 2474 710 2503; x_wconf 85' lang='lat' dir='ltr'><strong>stant,</strong></span> <span class='ocrx_word' id='word_1_790' title='bbox 732 2473 805 2506; x_wconf 88' lang='lat' dir='ltr'><strong>quod</strong></span> <span class='ocrx_word' id='word_1_791' title='bbox 825 2480 879 2499; x_wconf 92' lang='lat' dir='ltr'><strong>non</strong></span> <span class='ocrx_word' id='word_1_792' title='bbox 907 2473 1013 2508; x_wconf 86' lang='lat' dir='ltr'><strong>possint</strong></span> 
     </span>
    </p>
   </div>
   <div class='ocr_carea' id='block_1_98' title="bbox 231 2512 1014 2552">
    <p class='ocr_par' dir='ltr' id='par_1_98' title="bbox 231 2512 1014 2552">
     <span class='ocr_line' id='line_1_98' title="bbox 231 2512 1014 2552; baseline 0.009 -14"><span class='ocrx_word' id='word_1_793' title='bbox 231 2512 339 2539; x_wconf 81' lang='lat' dir='ltr'><strong>fundari</strong></span> <span class='ocrx_word' id='word_1_794' title='bbox 373 2513 540 2549; x_wconf 79' lang='lat' dir='ltr'><strong>tlrmiterque</strong></span> <span class='ocrx_word' id='word_1_795' title='bbox 571 2523 632 2542; x_wconf 92' lang='lat' dir='ltr'><strong>cum</strong></span> <span class='ocrx_word' id='word_1_796' title='bbox 668 2517 766 2552; x_wconf 90' lang='lat' dir='ltr'><strong>seipsis</strong></span> <span class='ocrx_word' id='word_1_797' title='bbox 797 2517 915 2550; x_wconf 66' lang='lat' dir='ltr'><strong>haerere,</strong></span> <span class='ocrx_word' id='word_1_798' title='bbox 944 2519 1014 2545; x_wconf 86' lang='lat' dir='ltr'><strong>sicut</strong></span> 
     </span>
    </p>
   </div>
   <div class='ocr_carea' id='block_1_99' title="bbox 229 2558 1010 2599">
    <p class='ocr_par' dir='ltr' id='par_1_99' title="bbox 229 2558 1010 2599">
     <span class='ocr_line' id='line_1_99' title="bbox 229 2558 1010 2599; baseline 0.01 -15"><span class='ocrx_word' id='word_1_799' title='bbox 229 2558 329 2585; x_wconf 56' lang='lat' dir='ltr'><strong>malum</strong></span> <span class='ocrx_word' id='word_1_800' title='bbox 345 2562 371 2586; x_wconf 88' lang='lat' dir='ltr'><strong>et</strong></span> <span class='ocrx_word' id='word_1_801' title='bbox 386 2563 469 2587; x_wconf 86' lang='lat' dir='ltr'><strong>astra.</strong></span> <span class='ocrx_word' id='word_1_802' title='bbox 487 2559 515 2587; x_wconf 92' lang='lat' dir='ltr'><strong>Si</strong></span> <span class='ocrx_word' id='word_1_803' title='bbox 533 2561 615 2596; x_wconf 86' lang='lat' dir='ltr'><strong>igitur</strong></span> <span class='ocrx_word' id='word_1_804' title='bbox 634 2563 788 2590; x_wconf 89' lang='lat' dir='ltr'><strong>necessario</strong></span> <span class='ocrx_word' id='word_1_805' title='bbox 803 2564 842 2591; x_wconf 90' lang='lat' dir='ltr'><strong>sic</strong></span> <span class='ocrx_word' id='word_1_806' title='bbox 859 2563 918 2595; x_wconf 81' lang='lat' dir='ltr'><strong>(lat,</strong></span> <span class='ocrx_word' id='word_1_807' title='bbox 935 2564 1010 2599; x_wconf 78' lang='lat'><strong>16],</strong></span> 
     </span>
    </p>
   </div>
   <div class='ocr_carea' id='block_1_100' title="bbox 229 2603 1013 2639">
    <p class='ocr_par' dir='ltr' id='par_1_100' title="bbox 229 2603 1013 2639">
     <span class='ocr_line' id='line_1_100' title="bbox 229 2603 1013 2639; baseline 0.009 -10"><span class='ocrx_word' id='word_1_808' title='bbox 229 2603 367 2637; x_wconf 89' lang='lat' dir='ltr'><strong>quomodo</strong></span> <span class='ocrx_word' id='word_1_809' title='bbox 384 2605 497 2631; x_wconf 87' lang='lat' dir='ltr'><strong>materia</strong></span> <span class='ocrx_word' id='word_1_810' title='bbox 520 2609 561 2632; x_wconf 83' lang='lat' dir='ltr'><strong>est</strong></span> <span class='ocrx_word' id='word_1_811' title='bbox 580 2607 692 2639; x_wconf 82' lang='lat' dir='ltr'><strong>malum,</strong></span> <span class='ocrx_word' id='word_1_812' title='bbox 709 2615 771 2635; x_wconf 93' lang='lat' dir='ltr'><strong>cum</strong></span> <span class='ocrx_word' id='word_1_813' title='bbox 790 2608 939 2636; x_wconf 89' lang='lat' dir='ltr'><strong>secundum</strong></span> <span class='ocrx_word' id='word_1_814' title='bbox 962 2617 1013 2636; x_wconf 88' lang='lat' dir='ltr'><strong>nos</strong></span> 
     </span>
    </p>
   </div>
   <div class='ocr_carea' id='block_1_101' title="bbox 230 2649 1011 2689">
    <p class='ocr_par' dir='ltr' id='par_1_101' title="bbox 230 2649 1011 2689">
     <span class='ocr_line' id='line_1_101' title="bbox 230 2649 1011 2689; baseline 0.006 -13"><span class='ocrx_word' id='word_1_815' title='bbox 230 2649 258 2676; x_wconf 83' lang='lat' dir='ltr'><strong>in</strong></span> <span class='ocrx_word' id='word_1_816' title='bbox 279 2657 308 2678; x_wconf 87' lang='lat' dir='ltr'><strong>se</strong></span> <span class='ocrx_word' id='word_1_817' title='bbox 341 2651 526 2679; x_wconf 75' lang='lat' dir='ltr'><strong>necessarium</strong></span> <span class='ocrx_word' id='word_1_818' title='bbox 557 2653 655 2681; x_wconf 81' lang='lat' dir='ltr'><strong>habeat</strong></span> <span class='ocrx_word' id='word_1_819' title='bbox 674 2655 684 2680; x_wconf 86' lang='lat'><strong>?</strong></span> <span class='ocrx_word' id='word_1_820' title='bbox 700 2653 756 2681; x_wconf 86' lang='lat' dir='ltr'><strong>Non</strong></span> <span class='ocrx_word' id='word_1_821' title='bbox 792 2655 874 2689; x_wconf 89' lang='lat' dir='ltr'><strong>igitur</strong></span> <span class='ocrx_word' id='word_1_822' title='bbox 900 2655 1011 2682; x_wconf 78' lang='lat' dir='ltr'><strong>materia</strong></span> 
     </span>
    </p>
   </div>
   <div class='ocr_carea' id='block_1_102' title="bbox 231 2697 341 2724">
    <p class='ocr_par' dir='ltr' id='par_1_102' title="bbox 231 2697 341 2724">
     <span class='ocr_line' id='line_1_102' title="bbox 231 2697 341 2724; baseline 0.009 -1"><span class='ocrx_word' id='word_1_823' title='bbox 231 2697 341 2724; x_wconf 85' lang='lat' dir='ltr'><strong>malum.</strong></span> 
     </span>
    </p>
   </div>
   <div class='ocr_carea' id='block_1_103' title="bbox 1067 2381 1870 2418">
    <p class='ocr_par' dir='ltr' id='par_1_103' title="bbox 1067 2381 1870 2418">
     <span class='ocr_line' id='line_1_103' title="bbox 1067 2381 1870 2418; baseline 0 -8"><span class='ocrx_word' id='word_1_824' title='bbox 1067 2384 1230 2411; x_wconf 81' lang='grc' dir='ltr'>κτισθέντων</span> <span class='ocrx_word' id='word_1_825' title='bbox 1254 2383 1370 2418; x_wconf 70' lang='grc' dir='ltr'>ἐσχάτην</span> <span class='ocrx_word' id='word_1_826' title='bbox 1389 2381 1481 2414; x_wconf 74' lang='grc' dir='ltr'>οὖσαν,</span> <span class='ocrx_word' id='word_1_827' title='bbox 1497 2382 1630 2418; x_wconf 75' lang='grc' dir='ltr'>ἀποϐῆναι</span> <span class='ocrx_word' id='word_1_828' title='bbox 1655 2382 1802 2417; x_wconf 73' lang='grc' dir='ltr'>τοιαύτην·</span> <span class='ocrx_word' id='word_1_829' title='bbox 1822 2383 1870 2410; x_wconf 76' lang='grc' dir='ltr'><strong>διὸ</strong></span> 
     </span>
    </p>
   </div>
   <div class='ocr_carea' id='block_1_104' title="bbox 1067 2427 1869 2464">
    <p class='ocr_par' dir='ltr' id='par_1_104' title="bbox 1067 2427 1869 2464">
     <span class='ocr_line' id='line_1_104' title="bbox 1067 2427 1869 2464; baseline -0.002 -8"><span class='ocrx_word' id='word_1_830' title='bbox 1067 2430 1114 2456; x_wconf 75' lang='grc' dir='ltr'>καὶ</span> <span class='ocrx_word' id='word_1_831' title='bbox 1136 2429 1288 2464; x_wconf 78' lang='grc' dir='ltr'>φθείρονται</span> <span class='ocrx_word' id='word_1_832' title='bbox 1315 2429 1349 2454; x_wconf 75' lang='grc' dir='ltr'><strong>τὰ</strong></span> <span class='ocrx_word' id='word_1_833' title='bbox 1381 2429 1537 2464; x_wconf 81' lang='grc' dir='ltr'>κατώτερα,</span> <span class='ocrx_word' id='word_1_834' title='bbox 1559 2428 1606 2454; x_wconf 77' lang='grc' dir='ltr'>καὶ</span> <span class='ocrx_word' id='word_1_835' title='bbox 1633 2427 1797 2459; x_wconf 70' lang='grc' dir='ltr'>ἀπατοῦσι,</span> <span class='ocrx_word' id='word_1_836' title='bbox 1825 2429 1869 2464; x_wconf 78' lang='grc' dir='ltr'>μὴ</span> 
     </span>
    </p>
   </div>
   <div class='ocr_carea' id='block_1_105' title="bbox 1066 2472 1870 2510">
    <p class='ocr_par' dir='ltr' id='par_1_105' title="bbox 1066 2472 1870 2510">
     <span class='ocr_line' id='line_1_105' title="bbox 1066 2472 1870 2510; baseline -0.004 -10"><span class='ocrx_word' id='word_1_837' title='bbox 1066 2474 1199 2509; x_wconf 82' lang='grc' dir='ltr'>δυνάμενα</span> <span class='ocrx_word' id='word_1_838' title='bbox 1224 2473 1343 2510; x_wconf 80' lang='grc' dir='ltr'>ἱδρῦσθαι</span> <span class='ocrx_word' id='word_1_839' title='bbox 1367 2474 1413 2500; x_wconf 76' lang='grc' dir='ltr'><strong>καὶ</strong></span> <span class='ocrx_word' id='word_1_840' title='bbox 1440 2473 1553 2508; x_wconf 79' lang='grc' dir='ltr'>βεὸαίως</span> <span class='ocrx_word' id='word_1_841' title='bbox 1575 2473 1646 2507; x_wconf 76' lang='grc' dir='ltr'>ἔχειν</span> <span class='ocrx_word' id='word_1_842' title='bbox 1668 2472 1710 2506; x_wconf 76' lang='grc' dir='ltr'><strong>ἐφ’</strong></span> <span class='ocrx_word' id='word_1_843' title='bbox 1729 2472 1870 2503; x_wconf 78' lang='grc' dir='ltr'>ἑαυτοῖς,</span> 
     </span>
    </p>
   </div>
   <div class='ocr_carea' id='block_1_106' title="bbox 1069 2516 1871 2556">
    <p class='ocr_par' dir='ltr' id='par_1_106' title="bbox 1069 2516 1871 2556">
     <span class='ocr_line' id='line_1_106' title="bbox 1069 2516 1871 2556; baseline -0.004 -9"><span class='ocrx_word' id='word_1_844' title='bbox 1069 2521 1105 2552; x_wconf 82' lang='grc' dir='ltr'><strong>ὡς</strong></span> <span class='ocrx_word' id='word_1_845' title='bbox 1125 2521 1139 2546; x_wconf 83' lang='grc' dir='ltr'><strong>ὁ</strong></span> <span class='ocrx_word' id='word_1_846' title='bbox 1168 2521 1281 2556; x_wconf 74' lang='grc' dir='ltr'>οὐρανὸς</span> <span class='ocrx_word' id='word_1_847' title='bbox 1310 2521 1357 2546; x_wconf 80' lang='grc' dir='ltr'>καὶ</span> <span class='ocrx_word' id='word_1_848' title='bbox 1379 2520 1413 2546; x_wconf 81' lang='grc' dir='ltr'>τὰ</span> <span class='ocrx_word' id='word_1_849' title='bbox 1440 2520 1535 2555; x_wconf 83' lang='grc' dir='ltr'>ἄστρα.</span> <span class='ocrx_word' id='word_1_850' title='bbox 1567 2519 1598 2545; x_wconf 82' lang='lat' dir='ltr'><strong>El</strong></span> <span class='ocrx_word' id='word_1_851' title='bbox 1626 2516 1672 2545; x_wconf 80' lang='grc' dir='ltr'><strong>οὖν</strong></span> <span class='ocrx_word' id='word_1_852' title='bbox 1695 2517 1871 2552; x_wconf 76' lang='grc' dir='ltr'>ἀναγκαίως</span> 
     </span>
    </p>
   </div>
   <div class='ocr_carea' id='block_1_107' title="bbox 1067 2563 1872 2602">
    <p class='ocr_par' dir='ltr' id='par_1_107' title="bbox 1067 2563 1872 2602">
     <span class='ocr_line' id='line_1_107' title="bbox 1067 2563 1872 2602; baseline -0.005 -9"><span class='ocrx_word' id='word_1_853' title='bbox 1067 2566 1138 2593; x_wconf 75' lang='grc' dir='ltr'>οὕτω</span> <span class='ocrx_word' id='word_1_854' title='bbox 1163 2567 1266 2600; x_wconf 82' lang='grc' dir='ltr'>γέγονε,</span> <span class='ocrx_word' id='word_1_855' title='bbox 1290 2566 1347 2597; x_wconf 81' lang='grc' dir='ltr'>πῶς</span> <span class='ocrx_word' id='word_1_856' title='bbox 1363 2567 1380 2602; x_wconf 86' lang='grc' dir='ltr'>ἡ</span> <span class='ocrx_word' id='word_1_857' title='bbox 1401 2566 1450 2600; x_wconf 78' lang='grc' dir='ltr'>ὖλη</span> <span class='ocrx_word' id='word_1_858' title='bbox 1475 2565 1568 2597; x_wconf 81' lang='grc' dir='ltr'>κακὸν,</span> <span class='ocrx_word' id='word_1_859' title='bbox 1585 2565 1682 2600; x_wconf 71' lang='grc' dir='ltr'>ἔχουσα</span> <span class='ocrx_word' id='word_1_860' title='bbox 1703 2563 1767 2590; x_wconf 78' lang='grc' dir='ltr'>καθ’</span> <span class='ocrx_word' id='word_1_861' title='bbox 1782 2564 1872 2598; x_wconf 80' lang='grc' dir='ltr'>ἡμᾶς</span> 
     </span>
    </p>
   </div>
   <div class='ocr_carea' id='block_1_108' title="bbox 1067 2609 1874 2648">
    <p class='ocr_par' dir='ltr' id='par_1_108' title="bbox 1067 2609 1874 2648">
     <span class='ocr_line' id='line_1_108' title="bbox 1067 2609 1874 2648; baseline -0.006 -9"><span class='ocrx_word' id='word_1_862' title='bbox 1067 2614 1095 2639; x_wconf 83' lang='grc' dir='ltr'>ἐν</span> <span class='ocrx_word' id='word_1_863' title='bbox 1114 2614 1194 2648; x_wconf 83' lang='grc' dir='ltr'>ἑαυτῇ</span> <span class='ocrx_word' id='word_1_864' title='bbox 1215 2613 1246 2638; x_wconf 78' lang='grc' dir='ltr'>τὸ</span> <span class='ocrx_word' id='word_1_865' title='bbox 1267 2613 1428 2646; x_wconf 79' lang='grc' dir='ltr'>ἀναγκαῖον;</span> <span class='ocrx_word' id='word_1_866' title='bbox 1442 2611 1497 2638; x_wconf 76' lang='grc' dir='ltr'><strong>Οὐκ</strong></span> <span class='ocrx_word' id='word_1_867' title='bbox 1524 2609 1569 2638; x_wconf 77' lang='grc' dir='ltr'><strong>οὖν</strong></span> <span class='ocrx_word' id='word_1_868' title='bbox 1594 2609 1749 2646; x_wconf 78' lang='grc' dir='ltr'>[οὐδαμῶς]</span> <span class='ocrx_word' id='word_1_869' title='bbox 1770 2611 1789 2645; x_wconf 79' lang='grc' dir='ltr'><strong>ἡ</strong></span> <span class='ocrx_word' id='word_1_870' title='bbox 1811 2609 1874 2644; x_wconf 76' lang='grc' dir='ltr'><strong>ὕλη</strong></span> 
     </span>
    </p>
   </div>
   <div class='ocr_carea' id='block_1_109' title="bbox 1066 2658 1157 2684">
    <p class='ocr_par' dir='ltr' id='par_1_109' title="bbox 1066 2658 1157 2684">
     <span class='ocr_line' id='line_1_109' title="bbox 1066 2658 1157 2684; baseline 0 0"><span class='ocrx_word' id='word_1_871' title='bbox 1066 2658 1157 2684; x_wconf 86' lang='grc' dir='ltr'>κακόν.</span> 
     </span>
    </p>
   </div>
   <div class='ocr_carea' id='block_1_110' title="bbox 689 2788 1367 2819">
    <p class='ocr_par' dir='ltr' id='par_1_110' title="bbox 689 2788 1367 2819">
     <span class='ocr_line' id='line_1_110' title="bbox 689 2788 1367 2819; baseline -0.001 -1"><span class='ocrx_word' id='word_1_872' title='bbox 689 2790 802 2818; x_wconf 66' lang='grc' dir='ltr'><strong>νΑῐὶΙιΕ</strong></span> <span class='ocrx_word' id='word_1_873' title='bbox 821 2790 1012 2818; x_wconf 75' lang='lat' dir='ltr'><strong>LECTIONES</strong></span> <span class='ocrx_word' id='word_1_874' title='bbox 1030 2790 1073 2818; x_wconf 85' lang='lat' dir='ltr'><strong>ET</strong></span> <span class='ocrx_word' id='word_1_875' title='bbox 1091 2788 1367 2819; x_wconf 77' lang='lat' dir='ltr'><strong>COIlBECTlONES.</strong></span> 
     </span>
    </p>
   </div>
   <div class='ocr_carea' id='block_1_111' title="bbox 283 2877 531 2915">
    <p class='ocr_par' dir='ltr' id='par_1_111' title="bbox 283 2877 531 2915">
     <span class='ocr_line' id='line_1_111' title="bbox 283 2877 531 2915; baseline 0.008 -11"><span class='ocrx_word' id='word_1_876' title='bbox 283 2877 294 2893; x_wconf 80' lang='grc'><strong><em>⁸</em></strong></span> <span class='ocrx_word' id='word_1_877' title='bbox 307 2886 339 2904; x_wconf 77' lang='grc' dir='ltr'>συ</span> <span class='ocrx_word' id='word_1_878' title='bbox 344 2879 416 2914; x_wconf 77' lang='grc' dir='ltr'>μπλη</span> <span class='ocrx_word' id='word_1_879' title='bbox 421 2879 531 2915; x_wconf 76' lang='grc' dir='ltr'>ρωτική.</span> 
     </span>
    </p>
   </div>
  </div>
