1926 3062
104 187 153 215 3M

475 186 505 216 S.
526 186 647 214 ΜΑΧΙΜΙ
663 186 807 214 SCHOLIA
827 186 860 213 IN
880 187 943 214 LIB.
965 187 1008 215 DE
1022 187 1147 215 DIVlNlS
1164 188 1361 216 NOMINIBUS.

1676 190 1731 217 503

140 243 153 279 §
169 243 264 270 XXIX.
291 244 321 271 Ἠ
332 243 474 279 στέρησις
491 246 566 271 κατὰ
585 245 722 279 δύναμιν.
748 246 778 272 Ἡ
796 245 889 282 στέρη-

980 247 993 282 §
1009 243 1104 275 XXIX.
1121 247 1241 275 Privatio
1264 249 1288 275 vi
1299 257 1359 275 sua.
1375 246 1493 275 Privatio
1508 254 1562 274 non
1579 251 1621 276 est
1637 248 1729 284 aliqua

106 298 147 321 σις
162 290 212 316 οὐκ
229 289 301 316 ἐστιν
314 290 462 322 ὑπόστασις
477 299 529 323 τις,
543 291 611 318 ἀλλὰ
626 292 689 327 περὶ
702 292 732 318 τὸ
743 291 892 327 ὲστερημό-

105 343 149 361 νον
162 334 209 361 τοῦ
225 337 349 370 παρεῖναι
367 336 516 370 πεφυκότος
532 337 579 363 καὶ
594 337 784 368 ἐπιϐάλλοντος
807 337 893 368 εἴδους

104 380 218 414 γίνεται,
233 381 271 413 ὡς
283 382 328 408 καὶ
343 382 459 408 ἐνταῦθα
469 390 475 397 ·
507 382 629 418 μερικῶς
647 382 702 418 γὰρ
725 383 774 418 τῆς
796 383 893 418 στερή-

106 435 174 458 σεως
184 426 266 463 οὔσης
283 429 311 454 ὲν
327 429 360 463 τῇ
378 428 428 464 ὕλῃ
438 428 486 455 τοῦ
497 429 585 460 εἴδους
596 449 603 461 ,
626 428 702 455 ἔσται
718 429 764 455 τοῦ
790 429 892 463 ἀγαθοῦ

103 482 130 499 τι
147 474 175 499 ὲν
189 474 267 509 αὐτῇ,
285 474 352 501 καθὸ
363 475 409 501 καὶ
425 475 511 506 εἴδους
528 475 575 501 καὶ
587 475 690 510 κόσμου
704 476 764 511 ἐρᾷ,
783 476 829 502 καὶ
851 475 893 501 δέ-

104 529 180 556 χεται
193 520 278 547 ταῦτα
292 521 329 552 ὡς
339 520 439 555 ἀγαθά.
455 521 490 547 Τὸ
504 521 532 547 δὲ
547 521 698 548 αὑτόκακον
711 521 771 547 οὔτε
790 522 892 556 ἀγαθοῦ

106 567 250 603 μετουσίαν
260 567 382 602 δέχεται,
402 567 443 593 διὸ
461 566 522 593 οὔτε
544 567 629 593 ἐστίν·
653 568 671 603 ἡ
686 568 740 604 γὰρ
760 568 893 604 παντελὴς

105 613 231 648 στέρησις
248 613 294 639 καὶ
304 613 369 639 αὐτὸ
383 613 413 639 τὸ
428 612 604 647 ὑποκείμενον
622 612 702 648 σῶμα
720 613 835 649 φθείρει,
855 614 893 646 ὼς

105 658 174 693 μηδὲ
186 657 262 685 νόσον
279 658 299 673 ¹⁰
313 658 351 684 ἔτι
362 659 505 693 ὑπομεῖναι
517 667 523 673 ·
541 658 601 684 ὅθεν
622 657 668 684 καὶ
688 657 824 694 ἁδύναμον
842 658 891 684 αὑ-

103 704 153 739 τὴν
170 702 260 730 εἶπεν·
282 705 298 739 ἠ
318 704 346 730 δὲ
362 703 522 740 μερικὴ,ὠς
546 703 645 738 ἔχουσά
664 712 691 730 τι
710 703 757 730 τοῦ
779 703 891 738 ἀγαθοῦ,

103 750 216 785 δύναμιν
227 750 335 785 λέγεται
350 751 433 786 ἔχειν.

139 796 152 832 §
166 796 249 823 XXX.
272 797 360 823 Ἀλλὰ
371 797 443 824 καθὸ
458 798 494 824 οὺ
510 796 669 830 παντελής.
695 797 777 832 Ὅρος
801 796 893 823 σύντο-

105 851 154 878 μος
168 842 214 868 τοῦ
232 842 329 874 κακοῦ,
349 843 390 869 ὅτι
406 844 436 869 οὐ
452 842 522 869 κατὰ
538 843 628 877 φύσιν,
643 842 711 869 ἀλλὰ
725 842 796 869 κατὰ
816 851 892 878 μερι-

103 887 154 923 κὴν
164 887 280 921 ἔλλειψιν
289 887 336 914 τοῦ
351 887 453 922 ἀγαθοῦ
469 889 536 914 ἐστι.

944 293 1122 320 subsistentia
1133 313 1141 325 ,
1161 293 1208 321 sed
1224 297 1266 321 est
1289 295 1317 320 in
1333 301 1365 321 eo
1390 293 1463 328 quod
1480 293 1604 328 privatur
1628 293 1729 327 forma,

944 346 1004 374 quae
1017 346 1138 374 praesens
1152 346 1213 367 esse
1231 343 1320 374 potest
1335 343 1362 367 et
1390 340 1497 372 nititur,
1514 344 1544 366 ut
1565 340 1649 366 etiam
1668 340 1728 373 hic;

943 386 967 414 si
977 386 1050 413 enim
1071 385 1189 421 privatio
1212 386 1305 413 formae
1320 386 1348 413 in
1363 387 1476 414 materia
1496 386 1531 414 sit
1542 386 1730 421 particular-is,

944 431 1046 465 aliquid
1061 431 1088 457 in
1104 438 1135 458 ea
1151 431 1215 458 boni
1230 432 1292 463 erit,
1310 435 1446 465 quatenus
1461 435 1488 458 et
1503 431 1617 458 formam
1638 435 1665 458 et
1680 438 1727 458 or-

943 480 1037 504 natum
1052 477 1139 511 capit;
1155 480 1236 512 atque
1250 477 1306 504 haec
1318 480 1347 504 ut
1361 477 1432 504 bona
1445 477 1572 511 suscipit.
1585 476 1662 509 Quod
1679 484 1729 504 au-

943 525 998 548 tem
1015 527 1062 556 per
1078 528 1108 548 se
1124 521 1237 552 malum,
1253 520 1354 546 nullam
1367 519 1431 547 boni
1446 520 1665 546 communionem
1680 519 1728 546 ad-

944 566 1037 599 mittit,
1054 574 1139 601 quare
1154 573 1242 600 neque
1256 569 1314 599 est;
1332 565 1458 592 absoluta
1472 566 1544 592 enim
1562 565 1678 600 privatio
1690 565 1728 592 ita

943 612 1024 639 etiam
1043 619 1122 639 suum
1143 612 1298 646 subjectum
1322 618 1423 646 corpus
1445 611 1608 645 corrumpit,
1633 616 1662 638 ut
1680 619 1728 638 ne-

943 661 1024 693 queat
1036 657 1153 692 amplius
1168 657 1293 684 morbum
1304 656 1455 685 sustinere:
1472 657 1543 683 unde
1558 657 1644 691 ipsam
1660 665 1728 692 quo-

943 711 996 739 que
1008 703 1114 730 viribus
1138 711 1232 730 carere
1254 703 1382 730 dixerunt
1399 712 1406 736 ;
1423 702 1595 738 particularis
1614 711 1678 731 vero
1698 707 1729 731 ut

944 748 1045 783 aliquid
1059 748 1123 776 boni
1137 748 1293 783 possidens,
1310 748 1364 775 vim
1376 748 1476 775 habere
1485 748 1596 775 dicitur.

980 795 992 831 §
1009 794 1092 822 XXX.
1106 795 1157 822 Sed
1172 794 1315 822 secundum
1337 794 1405 830 quod
1430 803 1482 821 mm
1505 798 1544 821 est
1565 794 1726 822 omnimodo.

943 840 1035 868 Brevis
1051 840 1173 868 deﬁnitio
1186 840 1260 872 mali,
1271 840 1344 875 quod
1357 847 1409 867 non
1423 840 1458 867 sit
1474 840 1501 867 in
1516 843 1624 873 natura,
1642 840 1689 868 sed
1700 841 1727 868 in

943 887 1102 922 particulari
1116 886 1181 914 boni
1199 886 1317 914 defectu.

139 933 190 970 [α]
206 934 261 961 Καὶ
283 933 338 968 τῆς
359 934 434 968 ὅλης
456 935 561 967 αἰτίας.
581 934 665 970 Ὅλην
679 935 768 961 αἰτίαν
778 934 827 970 τὴν
838 935 889 962 τῶν

980 931 1013 958 Et
1023 939 1055 959 ex
1068 932 1168 966 integra
1179 939 1272 958 causa.
1284 931 1402 959 Causam
1411 935 1496 958 totam
1509 935 1588 958 vocat
1598 939 1659 966 qua)
1667 931 1727 958 uni-

101 979 170 1006 ὅλων
187 980 262 1016 φησί.
279 981 315 1007 Τὸ
332 980 360 1006 δὲ
378 981 489 1016 μερικὺν
509 980 617 1016 εἴρηκεν
630 1001 636 1012 ,
658 981 702 1007 ἴνα
722 981 752 1007 τὸ
775 981 887 1007 καθόλου

101 1025 184 1062 ἀνέλῃ
195 1035 201 1040 ·
223 1026 358 1061 παντελὴς
372 1027 426 1062 γὰρ
443 1026 561 1062 ἔλλειψις
575 1027 606 1053 τὸ
623 1026 661 1062 μὴ
679 1024 746 1054 εἶναι
764 1028 889 1062 συνίστη-

101 1080 155 1099 σιν.
889 1091 891 1094 ι

139 1118 226 1146 οἶδεν
241 1121 258 1146 ὁ
275 1119 346 1152 Θεὸς
362 1119 394 1146 τὸ
411 1120 513 1146 κακόν.
532 1120 587 1146 Καὶ
609 1120 644 1147 τὰ
661 1120 794 1156 λεγόμενα
818 1122 890 1147 κακὰ

101 1162 170 1191 οἶδεν
186 1166 200 1192 ὁ
214 1165 280 1197 Θεὸς
291 1165 346 1192 ἐσθ’
361 1166 405 1192 ὅτε
420 1166 458 1197 ὡς
471 1166 570 1200 ἀγαθά.
586 1165 668 1193 Κακὰ
683 1166 711 1192 δὲ
734 1166 781 1192 νῦν
796 1175 888 1202 φησιν,

100 1208 156 1237 οἷον
171 1211 314 1247 πολέμους,
333 1213 425 1244 νόσους
440 1212 628 1244 παιδευτικὰς,
643 1212 774 1244 Θανάτους
790 1213 837 1239 καὶ
856 1213 890 1240 τὰ

99 1258 222 1285 τοιαῦτα·
239 1258 391 1294 νομίζονται
405 1259 461 1295 γὰρ
470 1261 535 1295 ἡμῖν
552 1260 624 1287 κακά
633 1269 639 1274 ·
652 1261 705 1287 εἰσὶ
720 1261 749 1287 δὲ
762 1259 889 1295 δυνάμεις

98 1304 267 1338 ἀγαθοποιοῦ
283 1306 382 1337 αἰτίας·
400 1305 508 1341 καὶγὰρ
522 1305 566 1333 διὰ
574 1305 627 1332 τῶν
643 1306 795 1342 εἰρημένων
807 1307 890 1341 μετά-

99 1359 159 1377 νοια
173 1351 220 1377 καὶ
239 1351 386 1385 ἐπίγνωσις
400 1351 477 1383 Θεοῦ,
491 1352 537 1378 καὶ
551 1351 691 1384 εὐσεϐείας
701 1353 757 1384 τοῖς
771 1352 889 1379 πλείοσιν

99 1397 207 1431 ἐγένετο
220 1397 365 1433 πρόφασις,
384 1398 431 1424 καὶ
454 1399 482 1424 ὲν
507 1400 564 1430 τοῖς
586 1399 737 1434 προφήταις
761 1400 778 1434 ἡ
806 1400 890 1426 κακία

99 1442 209 1469 παιδεία
223 1443 340 1477 λέγεται.
361 1444 508 1478 Ἀνάγνωθι
519 1445 550 1471 τὺ
566 1444 607 1471 κε’
623 1444 780 1480 κεφάλαιον.

136 1532 189 1569 ίβ]
205 1534 275 1568 Παρ’
286 1535 366 1568 αὐτῷ
381 1538 410 1563 a1
430 1537 528 1564 αἰτίαι.
554 1536 631 1563 Attia
647 1537 694 1563 τοῦ
712 1537 741 1563 ὲν
757 1537 796 1572 τῷ
811 1536 890 1564 ἀσελ-

98 1580 204 1614 γαίνειν
217 1583 301 1609 κακοῦ
311 1584 327 1618 ἡ
336 1583 467 1619 ἐπιθυμία
479 1583 553 1619 παρὰ
564 1583 642 1618 λόγον
651 1583 801 1618 κινηθεῖσα.
819 1583 888 1609 Ἀλλ’

98 1628 168 1663 αὑτὴ
185 1628 201 1663 ἡ
224 1628 357 1664 ἐπιθυμία
374 1629 488 1665 δύναμις
513 1630 677 1664 ἀγαθοποιὺς
703 1629 821 1664 λογικοῖς
841 1631 890 1665 μὲν

98 1675 168 1710 πρὸς
183 1675 213 1701 τὸ
227 1676 260 1702 δι’
274 1677 358 1711 αὐτῆς
370 1676 437 1711 πρὸς
459 1676 489 1702 τὸ
503 1676 586 1707 όντως
610 1675 796 1703 ἀνατείνεσθαι
820 1676 889 1710 ἀγα-

98 1720 146 1747 θόν
158 1730 164 1736 ·
180 1722 287 1756 ἀλόγοις
297 1723 326 1749 δὲ
340 1723 409 1758 πρὸς
424 1722 513 1758 ὄρεξιν
529 1722 583 1749 τῶν
603 1722 763 1758 ἐπιτηδείων
782 1722 831 1758 τῆς
851 1723 891 1748 oi-

98 1768 177 1800 κείας
201 1768 339 1804 διαμονῆς.

135 1857 187 1894 [γ]
204 1859 238 1884 El
253 1857 287 1884 δὲ
304 1857 336 1884 τὸ
353 1857 448 1884 κακὸν
468 1858 573 1885 ἀΐδιον.
598 1857 691 1885 Ταῦτα
714 1859 784 1886 κατᾶ
804 1859 889 1885 Μανι-

97 1905 181 1940 χαίων
192 1904 311 1938 ἔλεγχος,
323 1905 370 1930 καὶ
382 1905 431 1940 τῆς
442 1904 520 1940 δόξης
534 1904 623 1931 αὐτῶν
633 1905 783 1941 ἀνατροπὴ.
796 1906 827 1932 Εἰ
835 1905 890 1942 γὰρ

98 1952 147 1978 καὶ
163 1952 269 1987 μήπωὴ
281 1952 395 1988 αἵρεσις,
407 1951 474 1977 ἀλλὰ
485 1951 713 1987 προφυλακτικῶς
724 1952 888 1987 ὲνετινεύσθη

97 1998 134 2024 τὰ
148 1998 197 2033 τὴν
208 1997 311 2033 πλάνην
326 1997 415 2024 αὐτῶν
425 1998 621 2033 ἀνατρέποντα.
635 1999 714 2030 Ἴσως
722 1998 750 2025 δὲ
764 1999 810 2025 καὶ
822 1999 889 2034 πρὸς

97 2052 175 2075 τινας
185 2044 239 2070 τῶν
254 2043 352 2076 ἔξωθεν
364 2043 443 2076 δόξας
456 2044 491 2070 τὰ
514 2044 636 2071 τοιαῦτα.

135 2135 184 2172 [δ]
202 2135 266 2164 Πᾶν
286 2136 319 2162 τὸ
339 2137 412 2163 κατὰ
433 2137 539 2171 φύσιν.
551 2137 696 2164 Τουτέστιν
712 2138 762 2165 οὐκ
778 2139 889 2166 ἄτακτοι

96 2181 153 2209 τῶν
167 2182 274 2216 φύσεων
290 2183 314 2208 οἱ
334 2181 422 2216 λόγοι·
446 2182 541 2208 ἕπεται
559 2183 588 2209 δὲ
607 2183 646 2218 τῷ
666 2183 737 2210 κατὰ
755 2184 836 2218 φύσιν
858 2184 888 2211 τὸ

96 2227 247 2263 ὡρισμένον
257 2235 263 2242 ⁸
285 2227 347 2263 ὅρος
361 2228 415 2263 γάρ
429 2228 486 2254 ἐστι
502 2228 548 2254 καὶ
562 2229 575 2254 ό
598 2229 794 2264 ἑρμηνευτικὺς
810 2229 888 2263 λόγος

96 2272 149 2307 τῆς
163 2272 255 2304 οὐσίας
262 2272 315 2298 τῶν
329 2273 509 2308 πραγμάτων,
525 2274 611 2300 καὶτὸ
625 2273 692 2310 τίῆν
703 2273 772 2302 εἶναι
787 2275 885 2311 δηλῶν,

95 2318 146 2346 τοῦ
162 2319 317 2353 τίῆνεῖναι
335 2319 373 2355 τῷ
389 2320 417 2346 τι
429 2320 514 2347 ἐστιν
530 2321 574 2347 ἴσα
594 2321 752 2356 δυναμένου.
770 2322 826 2348 Πᾶν
841 2320 888 2348 οὖν

95 2365 129 2392 τὸ
144 2365 213 2392 κατὰ
225 2365 304 2400 φύσιν
315 2365 343 2398 ἐξ
357 2366 445 2397 αἰτίας
458 2366 612 2402 ὡρισμένης
628 2368 696 2399 ἐστὶ,
711 2368 744 2394 δι’
756 2368 790 2403 ἢν
797 2368 886 2395 αἰτίαν

96 2411 202 2446 γίνεται
216 2411 246 2438 τὸ
261 2411 414 2447 γενόμενον.
425 2412 455 2438 Εἰ
468 2411 513 2439 οὖν
528 2413 558 2439 τὸ
567 2413 784 2447 κακὸι,ἁναιτιόν
801 2415 884 2446 ἐστιν,

96 2458 129 2485 οὐ
144 2457 198 2492 γὰρ
213 2457 257 2484 διὰ
274 2466 300 2484 τι
313 2458 424 2492 γέγονεν
434 2480 440 2491 ,
454 2459 565 2490 εικὸτως
580 2460 626 2486 καὶ
649 2461 677 2486 ὲν
700 2461 837 2496 ἀοριστίᾳ·
855 2463 886 2488 οὐ

95 2504 153 2539 γάρ
164 2504 221 2529 ἐστι
237 2503 321 2530 αὑτοῦ
335 2503 422 2538 λόγος,
440 2505 471 2531 τὸ
481 2505 507 2530 τί
520 2503 554 2540 ἦν
569 2503 639 2532 εἶναι
658 2505 816 2541 ἑρμηνεύων
827 2526 833 2538 ,
858 2506 888 2538 ἐξ

96 2549 230 2585 ἀνάγκης,
245 2549 306 2576 οὐδὲ
321 2549 390 2576 κατὰ
406 2550 493 2584 φύσιν.
516 2551 547 2577 Εἰ
559 2550 604 2578 οὖν
624 2552 697 2588 παρὰ
716 2553 811 2587 φύσιν,
837 2553 885 2587 οὐχ

95 2596 154 2628 ἕξει
173 2596 201 2621 ὲν
215 2596 247 2630 τῇ
265 2594 343 2629 φύσει
363 2595 441 2629 λόγος
459 2595 478 2611 ¹¹
491 2616 498 2628 ,
514 2596 552 2628 ὡς
572 2596 632 2623 οὔτε
657 2598 685 2623 ἐν
707 2600 740 2633 τῇ
762 2599 844 2635 τέχνῃ
868 2600 884 2634 ἡ

96 2641 218 2676 ἀτεχνία.

135 2775 173 2812 [ε]
188 2777 222 2803 El
231 2777 289 2810 μὲν
304 2777 404 2811 φύσει.
422 2778 455 2804 Ei
475 2778 511 2814 μὴ
539 2778 609 2805 κατὰ
626 2778 753 2814 στέρησιν
771 2776 887 2815 μερικὴι

941 984 1083 1004 versorum
1107 981 1159 1003 est.
1181 975 1255 1003 Dixit
1282 981 1372 1003 autem
1402 976 1584 1011 particulare,
1609 981 1639 1004 ut
1665 978 1725 1004 uni.

941 1022 1047 1049 versale
1065 1021 1200 1049 auferret:
1213 1021 1339 1049 absoluta
1356 1022 1429 1050 enim
1449 1021 1565 1049 defectio
1579 1023 1727 1050 exsistendi

942 1067 1121 1102 privationem
1138 1067 1291 1094 constituit.

977 1111 1103 1146 Cognovit
1120 1111 1188 1139 Deus
1205 1111 1315 1138 malum.
1329 1111 1402 1140 Deus
1419 1112 1501 1139 etiam
1529 1121 1561 1140 ea
1581 1121 1642 1148 quae
1657 1114 1728 1141 mala

942 1157 1071 1184 dicuntur
1082 1157 1174 1191 novit;
1188 1157 1351 1193 quandoque
1364 1158 1435 1184 mala
1447 1162 1575 1195 tanquam
1592 1159 1664 1186 bona
1679 1167 1728 1194 ap-

942 1204 1035 1239 pellat,
1052 1208 1081 1231 ut
1097 1203 1177 1236 bella,
1189 1204 1311 1236 morbos,
1326 1204 1372 1239 qui
1387 1212 1477 1232 mores
1494 1206 1641 1241 corrigam,
1655 1214 1728 1233 mur-

943 1253 984 1277 tes
995 1254 1022 1278 et
1036 1250 1147 1278 similia.
1161 1249 1336 1290 Reputantur
1350 1251 1422 1278 enim
1438 1260 1453 1279 a
1470 1253 1548 1280 nobis
1563 1253 1648 1287 mala;
1665 1260 1730 1282 sunt

942 1300 1033 1324 autem
1043 1297 1115 1325 vires
1126 1305 1216 1325 causa:
1224 1298 1325 1325 bonum
1341 1299 1510 1333 praestantis;
1523 1306 1585 1326 nam
1597 1307 1646 1335 per
1658 1308 1729 1335 prae—

941 1343 1014 1370 dicta
1029 1343 1190 1378 pmnilentia
1203 1347 1230 1371 et
1243 1343 1290 1371 Dei
1307 1344 1428 1378 cognitio
1443 1345 1596 1379 acquiritur
1608 1366 1615 1378 ,
1642 1346 1729 1381 pluri-

942 1387 1048 1422 busque
1072 1388 1182 1422 pietatis
1210 1388 1320 1416 occasio
1346 1388 1408 1421 fuit,
1428 1393 1510 1424 atque
1536 1390 1563 1417 in
1588 1391 1730 1426 prophetis

941 1433 1056 1467 malitia,
1071 1434 1219 1469 disciplina
1240 1442 1288 1463 seu
1310 1435 1455 1471 castigatio
1473 1436 1584 1465 dicitur.
1599 1437 1670 1473 Lege
1682 1445 1730 1465 ca—

941 1484 989 1514 put
1004 1479 1049 1506 22.

976 1525 1060 1552 Penes
1077 1526 1163 1560 ipsum
1178 1534 1276 1554 causw.
1288 1526 1377 1554 Causa
1386 1527 1451 1553 mali
1462 1527 1491 1554 in
1508 1527 1675 1555 lasciviendo
1686 1534 1729 1555 est

942 1571 1166 1606 concupiscentia
1179 1576 1278 1606 praeter
1294 1572 1427 1599 rationem
1443 1578 1526 1599 mota.
1549 1572 1610 1608 Ipsa
1634 1577 1727 1600 tamen

903 1619 924 1648 C
942 1617 1164 1652 concupiscentia
1181 1623 1222 1645 est
1250 1617 1368 1645 facultas
1395 1619 1459 1645 boni
1479 1618 1603 1645 eﬁectrix
1624 1619 1729 1646 ratione

943 1663 1053 1699 quidem
1067 1664 1217 1696 utentibus,
1231 1670 1260 1691 ut
1275 1672 1322 1699 per
1337 1665 1424 1699 ipsam
1447 1672 1557 1691 sursum
1578 1665 1611 1692 ad
1634 1673 1727 1692 verum

943 1710 1183 1742 bonumtcndant;
1199 1710 1304 1737 ratione
1319 1716 1384 1737 vero
1412 1710 1537 1745 privatis.
1565 1715 1594 1737 ut
1618 1718 1650 1738 ea
1668 1719 1729 1746 qua:

942 1755 976 1782 ad
992 1755 1130 1791 propriam
1154 1763 1231 1782 suam
1255 1756 1492 1784 conservationem
1509 1756 1628 1790 iaciunt,
1643 1765 1727 1792 appe-

941 1807 1009 1829 tant.

978 1847 1055 1881 Quod
1069 1848 1093 1874 si
1109 1847 1209 1874 malum
1221 1852 1348 1875 wtemum
1360 1853 1408 1876 est.
1419 1847 1476 1876 Hoc
1487 1853 1677 1884 argumentum
1686 1853 1728 1877 est

942 1899 1038 1922 contra
1058 1894 1223 1922 Manichatos
1236 1914 1244 1926 ,
1261 1895 1474 1929 opinionemque
1495 1903 1589 1922 eorum
1613 1897 1726 1924 evertit:

940 1938 1074 1965 etsienim
1089 1945 1139 1966 nec
1153 1938 1217 1966 dum
1234 1938 1347 1967 haeresis
1365 1943 1437 1971 orta,
1447 1943 1538 1968 tamen
1557 1940 1590 1967 ad
1605 1949 1728 1976 praecau—

941 1985 1042 2012 tionem
1058 1985 1238 2020 inspiratione
1261 1986 1366 2021 accepit
1387 1993 1448 2022 quae
1466 1987 1588 2021 ipsorum
1605 1995 1727 2014 errorem

940 2035 1102 2058 everterent.
1119 2030 1257 2059 Fortassis
1274 2032 1357 2059 etiam
1371 2032 1429 2059 haec
1448 2038 1513 2060 sunt
1527 2037 1624 2060 contra
1643 2041 1727 2068 quas-

940 2077 1001 2104 dam
1014 2077 1185 2107 ethnicorum
1201 2078 1355 2112 opiniones.

976 2123 1060 2151 Omne
1073 2124 1142 2159 quod
1153 2129 1193 2151 est
1202 2124 1345 2151 secundum
1356 2129 1491 2153 naturam.
1507 2124 1536 2152 Id
1551 2128 1593 2153 est
1606 2125 1727 2154 rationes

939 2174 1101 2197 naturarum
1126 2177 1181 2197 non
1197 2170 1376 2204 inordinata;
1387 2171 1459 2205 quod
1477 2174 1567 2198 autem
1582 2171 1724 2199 deﬁnitum

939 2221 991 2248 est,
1009 2215 1134 2250 sequitur
1150 2215 1178 2242 id
1194 2215 1266 2250 quod
1284 2215 1411 2243 naturale
1437 2219 1498 2248 est;
1515 2215 1637 2243 deﬁnitio
1651 2215 1724 2243 enim

939 2265 981 2289 est
998 2262 1068 2289 ratio
1085 2262 1234 2290 essentiam
1246 2269 1338 2289 rerum
1359 2261 1510 2296 explicans,
1522 2262 1635 2296 etquod
1659 2261 1725 2297 quid

939 2312 981 2335 est
1002 2308 1165 2339 declarans,
1193 2308 1271 2343 162
1298 2307 1344 2334 illo
1367 2308 1393 2334 τί
1416 2305 1449 2343 ἦν
1463 2305 1532 2334 εῐναι
1553 2307 1625 2335 idem
1642 2308 1726 2343 signi-

940 2354 1038 2381 ﬁcante
1053 2354 1125 2388 quod
1136 2354 1161 2380 τί
1178 2355 1261 2380 ἐστιν.
1278 2353 1365 2382 Omne
1380 2354 1463 2389 igitur
1482 2354 1555 2388 quod
1569 2358 1611 2382 est
1627 2362 1725 2382 secun-

939 2399 1004 2427 dum
1021 2403 1158 2432 naturam,
1184 2408 1216 2428 ex
1232 2400 1361 2428 distincta
1378 2407 1462 2427 causa
1484 2404 1546 2432 est,
1571 2408 1620 2435 per
1641 2408 1725 2435 quam

941 2452 1052 2473 causam
1065 2453 1134 2481 opus
1145 2446 1303 2480 perﬁcitur;
1325 2445 1348 2473 si
1369 2446 1451 2481 igitur
1463 2446 1564 2473 malum
1579 2453 1661 2474 causa
1678 2454 1725 2473 ca-

939 2495 992 2523 ret,
1006 2499 1021 2518 a
1035 2492 1110 2518 nullo
1121 2491 1193 2519 enim
1205 2491 1368 2526 productum
1382 2495 1435 2524 est,
1453 2492 1549 2519 merito
1563 2499 1613 2519 nec
1627 2491 1725 2519 deﬁni-

941 2542 997 2564 tum
1011 2541 1064 2569 est.
1081 2545 1143 2564 cum
1159 2537 1234 2564 nulla
1249 2537 1285 2565 sit
1296 2537 1356 2572 ejus
1368 2537 1438 2564 ratio
1447 2545 1507 2571 qua:
1518 2537 1665 2565 essentiam
1677 2537 1725 2565 dc-

940 2584 1025 2611 claret
1039 2589 1047 2609 2
1060 2584 1216 2611 necessario
1238 2583 1377 2618 sequitur,
1398 2591 1486 2618 neque
1500 2583 1650 2611 secundum
1676 2591 1724 2609 na-

941 2633 1029 2656 turam
1041 2630 1189 2662 exsistere;
1206 2630 1228 2656 si
1242 2633 1331 2657 autem
1342 2633 1438 2657 contra
1450 2635 1585 2661 naturam,
1601 2634 1657 2655 tum
1668 2637 1723 2656 non

939 2675 1050 2703 habebit
1065 2675 1092 2702 in
1108 2680 1206 2703 natura
1218 2677 1362 2708 rationem,
1381 2676 1450 2704 sicut
1466 2684 1554 2711 neque
1577 2676 1643 2702 artis
1667 2675 1724 2709 pri-

940 2722 1012 2748 vatio
1025 2721 1051 2748 in
1066 2725 1134 2749 arte.

977 2779 1112 2815 Siquidem
1124 2785 1230 2807 natura.
1242 2780 1298 2810 Nisi
1314 2782 1403 2808 anima
1417 2779 1574 2816 particulari
1588 2780 1649 2808 boui
1665 2779 1721 2814 pri-

558 2864 676 2894 VARl/E
696 2866 890 2896 LECTIONES
906 2867 949 2895 ET
969 2867 1244 2897 CORRECTIONES.

145 2921 167 2937 "
179 2922 218 2948 ὗν.
254 2922 272 2938 ¹¹
287 2921 374 2958 λόγον.
