1926 3062
200 175 254 205 305

604 172 776 200 APPENDlX
795 172 839 199 AD
857 171 970 200 OPERA
987 171 1016 199 S.
1033 171 1182 199 DIONYSII
1202 170 1446 200 AREOPAGITIE.

1771 177 1819 206 501

199 235 307 263 vatione
330 234 502 269 depravctur,
519 232 552 259 ab
567 236 643 260 extra
658 232 786 260 essentia:
812 239 868 258 sua:
897 231 978 258 alicnt

1036 231 1081 258 τοῦ
1098 230 1200 264 ἀγαθοῦ
1215 231 1360 257 κακύνεται
1371 230 1443 266 ψυχὴ
1455 251 1462 262 ,
1475 229 1573 263 ἔξωθεν
1593 231 1642 267 τῆς
1664 233 1757 265 οὐσίας
1775 235 1819 261 αὐ-

192 282 288 315 ‘liquo
300 280 472 311 adveniente,
482 278 530 306 sed
540 278 611 305 bono
621 278 747 306 essentia:
755 285 812 304 sua:
822 277 983 312 privabitur,

197 332 278 362 atque
294 327 394 353 malum
405 325 458 352 erit
469 324 520 360 ipsi
541 323 689 352 essentiale
701 343 708 354 ,
729 327 756 351 et
772 323 909 358 quomodo
932 323 986 350 erit

197 373 287 400 anima
299 372 310 399 Τ
322 379 410 407 neque
423 371 497 398 enim
512 371 596 401 vivet,
610 377 672 396 nam
691 371 773 396 vitam
790 377 846 396 non
855 369 984 402 habebit;

196 420 251 446 vita
267 423 357 446 autem
377 422 419 446 est
435 418 552 444 bonum:
570 416 593 443 si
612 423 677 443 vero
700 416 736 442 sit
756 415 858 447 anima,
872 415 983 447 bonum,

196 466 223 493 id
248 469 291 492 est
306 465 399 495 vitam,
419 462 580 498 participat:
595 468 660 496 ergo
674 461 756 488 etiam
769 461 871 488 bonum
889 468 983 488 essen-

195 512 260 538 tiale
271 510 393 540 habebit,
410 516 465 536 non
475 512 567 535 autem
581 507 683 534 malum
697 506 828 542 ,ideoque
847 507 910 534 boni
922 514 985 541 spe-

194 558 262 584 ciem
273 564 328 592 pra:
337 564 366 584 se
378 557 448 583 terre
457 554 569 582 dicitur.
581 554 772 581 lmbecillitate
786 561 851 581 vero
862 553 982 588 propria,

195 604 348 632 secundum
367 607 493 629 naturam
505 600 644 636 operando
657 600 834 635 depravatur,
851 604 881 627 ut
896 600 983 627 imbe-

194 650 257 677 cilla
272 654 354 684 atque
365 649 396 675 ad
413 648 557 683 passiones
574 653 727 682 propensa;
749 646 924 674 imbecillitas
936 654 984 673 au-

192 698 248 720 tem
257 693 366 724 animm,
385 700 438 720 non
456 696 499 719 est
510 692 583 719 sicut
607 692 635 718 in
659 691 823 726 corporibus
848 691 983 726 pinguedo

193 744 240 767 aut
253 740 362 767 exilitas
377 739 404 766 in
419 739 479 773 cjus
494 738 626 770 essentia,
647 737 695 766 sed
711 737 854 764 inclinatio
877 738 911 764 ad
926 744 984 763 ma-

192 785 299 813 tcrialia
322 789 348 812 ct
371 784 554 819 temporaria;
577 783 650 811 unde
674 784 757 811 etiam
773 782 871 810 vitiose
887 786 983 818 postea

192 835 328 859 movetur.
346 831 465 865 Ἔκγονοι
485 837 551 857 vero
574 830 633 865 ejus
660 838 707 857 scu
728 829 817 861 fetus,
832 836 914 864 opera
932 829 983 856 hoc

193 878 254 906 loco
265 881 361 910 vocat;
376 881 440 904 nota
451 884 516 904 vero
533 876 680 904 etlicaciam
694 876 803 908 animae,
822 877 921 911 (utpote
936 883 982 903 ae-

1037 278 1096 314 τῆς,
1111 277 1168 304 ἀλλ’
1179 277 1318 312 ἀλλοτρίου
1334 277 1406 308 τινος
1419 277 1671 312 ἑπισυμὸαίνοντος,
1689 279 1819 316 ἔσταιτῆς

1035 323 1129 354 οὐσίας
1142 323 1226 358 αὐτῆς
1239 324 1255 358 ἡ
1266 323 1392 359 στέρησις
1400 323 1447 349 τοῦ
1459 323 1572 357 ἀγαθοῦ,
1583 324 1630 351 καὶ
1641 324 1716 352 ἔσται
1732 326 1819 353 οὐσιῶ-

1035 370 1079 401 δες
1099 369 1167 405 αὐτῇ
1187 369 1218 396 τὸ
1233 369 1327 395 κακόν
1347 369 1467 401 καὶπῶς
1490 369 1565 397 ἔσται
1583 369 1748 406 ψυχήςοῠτε
1769 372 1818 408 γὰρ

1035 416 1110 442 ἔσται
1129 415 1217 448 ζῶσα·
1233 416 1264 442 οὐ
1284 415 1339 452 γὰρ
1358 416 1413 448 ἕξει
1433 416 1514 452 ζωήν·
1538 417 1639 451 ἀγαθὸν
1661 418 1689 444 δὲ
1707 417 1772 454 ζωή.
1789 420 1818 446 Εἰ

1035 461 1062 488 δὲ
1071 461 1143 497 ψυχή
1158 462 1226 492 ἐστι,
1243 462 1350 497 μετέχει
1366 462 1413 489 τοῦ
1424 463 1536 497 ἀγαθοῦ,
1547 463 1668 490 τουτέστι
1684 464 1765 500 ζωῆς·
1781 466 1820 492 οὔ.

1036 507 1130 538 σιῶδες
1140 505 1186 534 οὖν
1207 506 1262 538 ἔξει
1285 508 1315 534 τὸ
1332 508 1443 542 ἀγαθὸν,
1460 509 1507 535 καὶ
1524 510 1554 535 οὺ
1569 509 1599 535 τὸ
1613 509 1708 536 κακόν⁸
1724 510 1764 536 διὸ
1775 511 1820 538 καὶ

1035 553 1193 588 ἀγαθοειδὴς
1208 553 1326 588 λέγεται.
1348 554 1486 590 Ἀσθενείᾳ
1501 555 1529 581 δὲ
1545 557 1578 591 τῇ
1596 556 1661 591 περὶ
1678 555 1712 582 τὰ
1724 557 1818 590 οἰκεῖα,

1035 599 1105 626 κατὰ
1115 599 1195 634 φύσιν
1208 601 1329 636 ἐνεργεῖν
1344 600 1502 632 κακύνεται,
1519 601 1556 632 ὡς
1566 601 1681 637 ἀσθενὴς
1695 603 1742 629 καὶ
1751 603 1819 629 εὐκί-

1034 655 1112 682 νητος
1132 644 1199 673 οὖσα
1215 647 1283 682 πρὸς
1297 646 1331 673 τὰ
1354 647 1438 682 πάθη.
1468 647 1605 674 Ἀσθὲνεια
1621 647 1649 674 δὲ
1668 647 1758 683 ψυχῆς
1773 649 1819 684 οὺχ

1031 692 1071 724 ὡς
1087 693 1132 719 ἐπὶ
1146 692 1281 728 σωμάτων
1296 692 1420 728 παχύτης
1434 692 1451 727 ἢ
1471 693 1594 728 ίσχνότης
1608 694 1649 726 εἰς
1666 694 1715 729 τὴν
1729 695 1819 722 οὐσίαν

1033 739 1117 775 αὐτῆς
1130 759 1137 771 ,
1157 739 1213 766 ἀλλ’
1230 740 1277 765 ὲπὶ
1303 738 1337 765 τὰ
1354 738 1434 765 ὑλικὰ
1463 740 1510 765 καὶ
1525 739 1680 776 πρόσκαιρα
1705 741 1818 774 ἔνδοσις·

1033 785 1093 812 ὅθεν
1104 786 1150 812 καὶ
1168 785 1334 821 πλημμελῶς
1341 785 1434 812 λοιπον
1442 787 1567 812 κινεῖται.
1587 786 1707 820 Ἔκγονα
1722 787 1750 813 δὲ
1758 787 1820 814 ταύ-

1032 839 1082 868 της
1091 831 1206 858 ὲνταῦθα
1221 831 1256 858 τὰ
1268 832 1405 867 ποιήματα
1417 831 1500 865 λέγει.
1517 832 1672 868 Σημείωσαι
1691 832 1720 859 δὲ
1747 833 1787 860 ὅτι
1803 835 1818 870 ἡ

1033 878 1157 914 ἐνέργεια
1167 878 1218 913 τῆς
1226 877 1316 913 ψυχῆς
1329 877 1379 904 οὐκ
1389 877 1445 912 ἔχει
1457 877 1488 904 τὸ
1498 877 1697 914 ἀμετάϐλητον,
1707 879 1745 912 ὡς
1755 888 1820 916 συμ-

192 923 333 951 cedentem
356 927 383 950 et
406 922 577 950 recedentem
590 943 597 955 ,
623 930 677 949 non
691 922 791 950 habere
806 921 978 950 immutabili-

1034 924 1161 951 ϐαίνουσα
1175 924 1222 951 καί
1234 922 1486 959 ἀποσυμϐαίνουσα.

192 973 289 997 tatem.

227 1015 274 1043 Sin
285 1023 330 1050 per
341 1015 467 1042 actiones.
484 1014 520 1042 Ut
532 1014 629 1050 paucis
645 1014 820 1042 absolvamus
829 1034 836 1047 ,
854 1013 912 1041 haec
923 1013 983 1049 ejus

190 1067 232 1090 est
246 1061 381 1089 sententia
394 1070 400 1088 :
423 1065 549 1088 naturam
564 1060 662 1087 anima:
676 1068 738 1088 esse
754 1061 853 1088 bonam
867 1080 874 1091 ,
895 1067 983 1095 quan-

191 1107 339 1143 doquidem
351 1115 366 1133 a
375 1107 447 1134 bono
457 1106 592 1141 producta
607 1107 653 1140 sit,
663 1107 778 1141 ejusque
788 1106 910 1134 actiones
922 1113 983 1133 esse

190 1155 277 1182 bonas
288 1164 294 1181 :
312 1154 435 1182 videmus
446 1153 520 1181 enim
533 1153 607 1181 viros
616 1154 718 1188 probos
729 1152 781 1181 sibi
792 1152 982 1179 convenientia

191 1200 315 1235 operari;
333 1207 366 1227 ex
380 1199 525 1227 eversione
538 1203 564 1225 et
578 1198 686 1225 defectu
703 1198 768 1225 boni
778 1198 852 1226 subit
868 1197 980 1224 malum:

191 1253 255 1281 ergo
270 1245 371 1272 malum
387 1252 474 1280 neque
485 1249 526 1272 cst
537 1244 565 1271 in
579 1248 689 1275 natura,
705 1251 795 1278 neque
809 1243 945 1271 subsistit.

224 1322 359 1360 §XXXIL
376 1322 406 1350 Si
417 1322 484 1350 bona
502 1322 614 1350 malum.
629 1322 711 1350 Multa
725 1325 788 1350 sunt
808 1322 856 1349 uni
870 1326 981 1349 contra-

189 1370 250 1403 ria;
274 1376 340 1405 ergo
365 1369 389 1396 si
414 1369 461 1396 uni
478 1373 505 1396 et
530 1369 607 1396 bonae
631 1376 720 1396 causa:
735 1368 905 1396 contrarium
926 1369 982 1397 sint

190 1416 288 1449 multa,
304 1416 375 1443 malo
389 1415 481 1443 multa:
492 1419 573 1444 erunt
585 1423 693 1448 causae;
709 1419 791 1451 atque
806 1415 840 1447 si,
855 1419 883 1443 ut
898 1423 981 1450 supra

189 1462 321 1495 diximus,
337 1463 458 1490 rationes
471 1466 498 1490 et
519 1462 664 1490 facultates
683 1466 747 1489 sunt
760 1469 851 1489 rerum
868 1466 981 1489 natura-

190 1509 256 1537 lium
270 1509 490 1537 convenientium
505 1509 667 1540 eﬂ‘ectrices,
685 1508 776 1536 vitiosi
790 1508 913 1543 profecto
930 1517 979 1536 na—

189 1555 320 1583 turalium
336 1559 427 1584 motus
440 1563 473 1582 ex
492 1555 676 1582 imbecillitate
692 1554 886 1589 facultatisque
905 1553 980 1582 defe-

1069 1012 1103 1038 El
1113 1011 1148 1038 δὲ
1162 1012 1226 1045 ταῖς
1241 1012 1411 1047 ἐνεργείαις.
1431 1012 1489 1038 Ἵνα
1537 1013 1552 1040 ὁ
1567 1012 1630 1045 νοῦς
1650 1013 1681 1040 ὲν
1696 1014 1820 1050 συντόμῳ

1033 1057 1119 1090 οὕτως
1129 1067 1135 1073 -
1153 1059 1222 1094 ὅτιή
1244 1058 1324 1093 φύσις
1339 1058 1388 1093 τῆς
1404 1058 1492 1094 ψυχῆς
1502 1058 1600 1095 ἀγαθὴ,
1612 1060 1704 1096 ἐπειδὴ
1727 1061 1759 1087 ἐκ
1773 1061 1820 1088 τοῦ

1033 1101 1135 1135 ἀγαθοῦ
1144 1101 1281 1137 παρήχθη,
1297 1102 1344 1128 καὶ
1354 1103 1381 1128 αί
1395 1102 1530 1138 ἐνέργειαι
1542 1103 1626 1139 αὐτῆς
1634 1104 1744 1139 ἀγαθαί·
1753 1106 1821 1142 ὁρῶ-

1035 1155 1084 1182 μεν
1098 1147 1152 1183 γὰρ
1160 1148 1223 1180 τοὺς
1234 1148 1352 1182 ἀγαθοὺς
1368 1149 1467 1185 ἄνδρας
1482 1150 1658 1186 ἐνεργοῦντας
1673 1150 1708 1178 τὰ
1723 1152 1820 1178 οἰκεῖαι

1032 1193 1064 1218 ὲκ
1081 1194 1259 1229 παρατροπῆς
1274 1194 1358 1221 δὲκαὶ
1373 1195 1515 1230 ἐλλείψεως
1528 1195 1575 1222 τοῦ
1588 1196 1691 1230 ἀγαθοῦ
1709 1205 1821 1234 παρεισ-

1031 1237 1103 1265 δύνει
1119 1239 1149 1265 τὸ
1165 1239 1258 1266 κακόν.
1283 1240 1386 1267 Οὐκοῦν
1402 1241 1452 1268 οὐκ
1476 1242 1506 1268 ἐν
1521 1242 1610 1276 φύσει,
1627 1242 1686 1269 οὐδὲ
1702 1243 1821 1270 ὲνούσιον

1031 1284 1062 1310 τὸ
1077 1285 1172 1311 κακόν.

1067 1331 1081 1367 §
1101 1330 1208 1358 XXXII.
1227 1330 1279 1368 [ς]
1303 1333 1338 1359 El
1356 1332 1397 1366 τῷ
1416 1333 1516 1368 ἀγαθῷ
1538 1334 1570 1360 τὸ
1593 1335 1696 1362 κακόν.
1719 1335 1764 1371 Τῷ
1779 1336 1820 1364 ἐνὶ

1031 1377 1139 1404 ἐναντία
1154 1377 1188 1404 τὰ
1204 1378 1298 1405 πολλά·
1315 1379 1412 1405 οὐκοῦν
1427 1380 1451 1406 εί
1465 1380 1504 1415 τῷ
1520 1381 1559 1406 ἐνὶ
1574 1381 1621 1407 καὶ
1636 1380 1730 1417 ἀγαθῷ
1741 1381 1821 1417 αἰτίῳ

1031 1423 1150 1450 ἐναντίον
1165 1423 1200 1450 τὰ
1210 1424 1305 1458 πολλὰ,
1320 1426 1394 1452 αἴτια
1402 1425 1486 1453 πολλά
1499 1426 1539 1462 τῷ
1555 1427 1642 1464 κακῷ·
1658 1428 1715 1461 καὶ,
1732 1429 1756 1455 ει
1766 1428 1822 1455 τῶν

1031 1468 1100 1496 κατά
1118 1469 1208 1504 φύσιν⁷
1224 1470 1262 1502 ὡς
1278 1471 1333 1498 ἄνω
1349 1471 1417 1507 ἔφην
1428 1493 1436 1506 ,
1453 1472 1526 1507 λόγοι
1549 1474 1596 1500 καὶ
1615 1474 1744 1510 δυνάμεις
1766 1475 1821 1502 εἰσὶ

1030 1515 1064 1543 τὰ
1081 1516 1220 1552 ποιητικὰ,
1237 1517 1290 1544 τῶν
1306 1518 1382 1554 παρὰ
1397 1519 1477 1554 φύσιν
1492 1520 1620 1555 ποιητικά
1639 1522 1668 1548 αι
1690 1521 1820 1558 πλημμε-

1031 1563 1086 1596 λείς
1100 1563 1154 1591 τῶν
1171 1564 1242 1591 κατὰ
1252 1565 1332 1600 φύσιν
1343 1567 1463 1601 κινήσεις
1471 1566 1502 1600 ἐξ
1516 1567 1658 1600 ἀσθενείας
1667 1568 1714 1595 καὶ
1725 1568 1822 1595 ἀδυναε

190 1606 237 1630 ctu
252 1602 456 1637 provenientes,
473 1601 612 1628 contraria
625 1604 731 1627 natura:
745 1600 911 1635 producunt,
922 1600 978 1635 qui-

1034 1610 1097 1646 μίας
1113 1611 1324 1646 συμϐαίνουσαν
1338 1611 1371 1638 δι’
1387 1600 1424 1639 ὧν
1439 1613 1485 1640 καὶ
1500 1613 1703 1649 παρυφίσταται
1719 1614 1751 1641 τδ
1765 1623 1820 1641 κα-

189 1649 242 1676 bus
255 1649 337 1676 etiam
353 1648 454 1674 malum
468 1646 670 1682 quodammodo
683 1647 835 1674 subsistere
849 1646 957 1674 videtur
969 1656 977 1680 ;

188 1701 271 1731 porro
284 1695 448 1730 quandoque
462 1694 544 1722 etiam
573 1693 673 1720 malum
696 1696 826 1728 operatur
860 1691 979 1720 diisimi-

188 1741 256 1768 lium
272 1742 332 1768 sine
344 1748 504 1768 commensu
519 1739 623 1771 mistio,
646 1746 708 1766 cum
726 1743 772 1766 aut
786 1738 915 1771 calidum,
932 1742 979 1766 aut

187 1786 329 1821 frigidum,
345 1789 392 1812 aut
420 1785 535 1816 siccum,
553 1785 630 1820 163
649 1789 696 1812 aut
725 1784 869 1811 humidum
883 1803 890 1817 ,
916 1784 978 1819 plus

189 1832 251 1858 aliis
263 1831 420 1858 dominatur
428 1839 433 1861 ;
441 1831 512 1858 unde
524 1835 550 1857 et
560 1830 648 1857 morbi
659 1829 825 1864 frequentes-
838 1829 978 1863 Quomodo

188 1881 280 1904 autem
297 1877 411 1908 malum,
427 1877 510 1904 rebus
520 1876 649 1904 omnibus
665 1876 737 1903 sicut
753 1876 833 1903 facta:
843 1880 908 1903 sunt
921 1884 979 1903 ma-

189 1923 331 1954 nentibus,
345 1922 491 1951 consistat?
505 1922 547 1949 liae
556 1922 629 1949 enim
643 1929 677 1949 ex
691 1926 766 1949 motu
777 1921 825 1949 Dei
839 1922 978 1950 voluntate

187 1969 328 2006 productae
339 1972 414 2002 sunt,
431 1976 463 1996 ac
473 1969 502 1995 in
519 1968 644 1995 terminis
656 1968 774 2003 propriis
792 1972 904 1996 manent
926 1969 978 1995 im-

188 2019 342 2052 motae,cum
359 2019 431 2043 stent
442 2020 469 2043 et
488 2014 670 2042 terminentur
684 2014 711 2041 in
724 2014 790 2042 Deo.
814 2013 917 2042 Harum
928 2021 977 2042 au-

187 2066 243 2090 tem
254 2061 434 2094 coatrarium,
447 2069 544 2097 nempe
559 2061 649 2097 ipsum
675 2069 723 2096 per
739 2068 768 2089 se
785 2061 897 2094 malum,
921 2068 977 2088 non

185 2114 229 2136 est
244 2109 353 2141 stabile,
379 2116 431 2136 nec
457 2108 604 2137 terminum
622 2108 712 2140 habet,
724 2115 813 2143 neque
836 2107 977 2135 deﬁnitum

185 2159 244 2188 est,
260 2163 376 2190 quorum
393 2155 497 2182 nullum
515 2155 543 2182 in
565 2155 665 2182 creatis
679 2155 801 2182 videmus
818 2153 976 2189 :quomodo

186 2201 270 2236 igitur
284 2201 384 2228 malum
401 2201 552 2229 subsistere
572 2201 679 2236 potest?

222 2246 347 2274 Rationes
365 2256 396 2274 ac
412 2248 566 2282 facultates.
582 2247 611 2275 ld
626 2251 668 2275 est
684 2255 739 2275 non
759 2247 910 2276 secundum
931 2255 975 2275 ra-

186 2293 288 2321 tionem
299 2294 418 2328 aliquam
434 2298 539 2321 natura;
549 2293 735 2330 necessariam
750 2315 757 2327 ,
783 2298 829 2321 aut
841 2293 975 2321 essentia-

186 2337 239 2365 lem
254 2339 400 2373 quamdam
417 2340 610 2374 proprietatem
627 2339 684 2367 haec
698 2340 790 2368 animo
805 2344 870 2368 sunt
883 2340 977 2368 conci-

186 2384 300 2419 pienda;
313 2385 433 2412 arbitror
449 2389 550 2417 autem,
569 2394 617 2420 per
632 2387 780 2414 mixtionem
791 2387 973 2420 dissimilium,

186 2430 339 2465 intelligere
362 2431 529 2458 naturalium
558 2431 731 2466 facultatum,
748 2433 780 2460 ad
796 2440 828 2460 ea
843 2441 904 2468 qua:
920 2441 975 2460 non

187 2477 365 2509 conveniunt,
383 2478 542 2510 motionem,
553 2479 629 2513 quod
652 2479 972 2514 intemperiesoperatur,

187 2530 249 2550 cum
262 2528 353 2551 motus
368 2531 422 2550 non
435 2528 571 2559 coguntur
584 2525 690 2552 ratione
704 2525 775 2552 intra
789 2525 932 2558 terminos,
945 2525 974 2552 in

186 2569 286 2605 quibus
303 2569 428 2604 producti
444 2575 520 2601 sunt.
542 2578 665 2599 manere.

223 2615 347 2644 Omnium
363 2617 443 2643 etiam
467 2617 609 2645 malorum.
637 2616 764 2644 Omnium
788 2617 922 2645 bonorum
947 2622 975 2646 et

186 2663 319 2690 malorum
334 2664 497 2699 princnpium
505 2667 532 2691 et
549 2663 628 2691 finem
641 2671 703 2691 esse
718 2664 831 2696 bonum,
844 2664 972 2699 quoniam

186 2709 319 2745 quidquid
338 2710 464 2743 facimus,
495 2711 597 2738 bonum
624 2711 715 2738 facere
742 2710 910 2738 arbitramur
924 2720 930 2742 ς
946 2715 973 2738 et

187 2756 288 2783 malum
300 2765 354 2785 non
370 2757 471 2784 habere
486 2757 706 2791 subsistentiam,
729 2757 777 2784 sed
803 2757 858 2784 fere
880 2756 972 2785 subsi-

1029 1656 1087 1684 κόν.
1105 1657 1181 1683 [local
1194 1657 1223 1684 δὲ
1237 1657 1310 1685 κακά
1325 1657 1380 1685 ἐσθ’
1394 1659 1439 1685 ὅτε
1455 1659 1502 1686 καὶ
1519 1659 1592 1694 μίξις
1606 1659 1661 1686 τῶν
1683 1660 1820 1696 ἀνομοίων

1029 1702 1216 1738 ἀσύμμετρος,
1230 1703 1294 1731 ὅταν
1308 1704 1325 1739 ἢ
1338 1704 1368 1731 τὸ
1383 1703 1482 1740 θερμὸν
1498 1705 1515 1740 ἢ
1530 1705 1560 1732 τὸ
1569 1705 1711 1742 ψυχρὸν,ἢ
1726 1707 1757 1733 τδ
1768 1707 1819 1742 ξη-

1031 1749 1086 1785 ρὸν,
1101 1749 1118 1785 ἢ
1134 1750 1165 1776 τὺ
1177 1749 1259 1786 ὑγρὸν
1272 1749 1352 1777 πλέον
1365 1750 1419 1778 τῶν
1433 1750 1521 1778 ἄλλων
1536 1753 1675 1789 κρατήσῃ·
1692 1753 1752 1780 ὅθεν
1770 1753 1825 1782 καὶ

1029 1795 1099 1822 νόσοι
1110 1795 1248 1827 πολλάκις.
1259 1796 1321 1828 Πῶς
1328 1796 1357 1823 δὲ
1364 1796 1475 1832 συσταίη
1485 1797 1579 1830 κακὸν,
1593 1797 1648 1824 τῶν
1663 1798 1820 1834 γενομένων

1028 1841 1166 1873 ἁπάντων,
1181 1841 1219 1873 ὼς
1234 1841 1410 1877 ἐποιήθησαν,
1428 1842 1561 1878 μενόντων
1573 1851 1581 1875 ;
1595 1842 1680 1870 ταῦτα
1697 1844 1746 1878 μὲν
1762 1843 1821 1880 γὰρ

1028 1887 1061 1913 ἐκ
1076 1889 1208 1923 κινήσεως
1218 1887 1367 1924 βουλήματι
1377 1888 1443 1915 Θεοῦ
1462 1888 1588 1925 παρήχθη
1601 1909 1608 1921 ,
1629 1889 1677 1916 καὶ
1701 1889 1821 1925 ἀκίνητα

1028 1933 1121 1965 ἐντοῖς
1139 1932 1213 1964 ἰδίοις
1231 1933 1305 1969 ὅροις
1328 1934 1403 1969 μένει
1426 1934 1531 1961 ἑστῶτα
1550 1935 1597 1961 καὶ
1619 1935 1821 1971 πεπερασμένα

1028 1977 1057 2003 ὲν
1078 1977 1117 2012 τῷ
1135 1977 1203 2013 Θεῷ·
1228 1977 1257 2004 τὸ
1278 1978 1306 2005 δὲ
1328 1978 1431 2005 τούτων
1452 1978 1592 2013 ἐναντίον,
1606 1979 1638 2005 τὸ
1653 1979 1823 2010 αὐτόκακον,

1028 2023 1153 2055 ἄστατον,
1164 2024 1211 2050 καὶ
1227 2024 1313 2060 πέρας
1323 2025 1373 2051 οὐκ
1388 2025 1448 2060 ἔχον
1458 2024 1518 2051 οὒτε
1525 2024 1686 2061 ὡρισμένον,
1696 2021 1734 2052 ὧν
1740 2024 1821 2051 οὐδὲν

1028 2071 1056 2096 ὲν
1071 2071 1104 2106 τῇ
1120 2069 1283 2106 δημιουργίᾳ
1305 2069 1421 2106 ὁρῶμεν.
1439 2071 1502 2103 Πῶς
1514 2068 1560 2097 οῦν
1581 2070 1762 2098 ὲνυπύστατον
1786 2071 1821 2098 τὸ

1027 2117 1111 2144 κακόν
1119 2126 1126 2148 ;

1062 2247 1110 2284 [ζ]
1128 2249 1216 2283 Λόγοι
1237 2248 1285 2275 καὶ
1307 2247 1458 2283 δυνάμεις.
1476 2248 1622 2276 Τουτέστιν
1643 2249 1672 2276 οὒ
1689 2249 1759 2277 κατὰ
1770 2250 1821 2277 λό-

1026 2303 1074 2329 γον
1089 2296 1235 2329 ἀναγκαῑον
1255 2295 1288 2330 τῇ
1319 2295 1417 2329 φύσει,
1435 2295 1451 2330 ἢ
1467 2294 1530 2321 τινὰ
1553 2295 1669 2331 οὺσιώδη
1696 2296 1825 2332 ίδιότητιι

1025 2339 1110 2366 ταῦτα
1121 2339 1275 2374 λογίζεσθαι
1288 2339 1351 2376 χρή.
1361 2340 1451 2372 Μίξιν
1467 2340 1494 2366 δὲ
1510 2339 1569 2367 τῶν
1580 2334 1728 2375 ἀνομοίων
1736 2339 1821 2377 οἶμαι

1026 2387 1118 2422 νοῆσαι
1134 2386 1183 2421 τὴν
1200 2385 1256 2412 τῶν
1274 2386 1396 2420 φυσικῶν
1405 2386 1545 2421 δυνάμεων
1560 2386 1606 2412 ἐπὶ
1615 2386 1650 2412 τὰ
1657 2387 1694 2422 μὴ
1712 2389 1822 2424 προσή-

1024 2441 1106 2460 κοντα
1119 2433 1236 2468 κίνησιν,
1251 2432 1319 2468 ὅπερ
1328 2433 1345 2468 ἡ
1360 2432 1478 2468 ἀμετρία
1488 2433 1578 2465 ποιεῖ,
1602 2433 1640 2468 μὴ
1665 2431 1735 2468 λόγῳ
1747 2441 1823 2468 κρα-

1024 2479 1161 2515 τουμένων
1175 2479 1231 2506 τῶν
1247 2479 1381 2514 κινήσεων
1398 2479 1464 2505 εἴσω
1481 2478 1571 2514 μένειν
1591 2478 1646 2505 τῶν
1656 2479 1726 2515 ὅρων
1738 2500 1746 2513 ,
1771 2479 1822 2514 ἐφ’

1024 2524 1064 2559 οἷς
1075 2526 1123 2553 καὶ
1135 2525 1271 2560 γεγόνασι.

1072 2618 1196 2646 Πάντων
1210 2617 1259 2644 καὶ
1274 2616 1333 2643 τῶν
1355 2614 1464 2643 κακῶν.
1489 2616 1549 2642 Ὀτι
1573 2616 1681 2642 πάντων
1696 2614 1744 2642 καὶ
1758 2615 1827 2642 τῶν

1028 2664 1122 2691 κακῶν
1145 2663 1217 2699 ἀρχὴ
1242 2664 1289 2689 καὶ
1303 2662 1379 2694 τέλος
1401 2663 1458 2688 ἐστὶ
1473 2661 1505 2688 τὸ
1523 2661 1640 2696 ἀγαθὸν,
1658 2661 1751 2697 ἐπειδὴ
1770 2663 1826 2689 καὶ

1028 2710 1082 2736 πᾶν
1099 2708 1237 2740 ποιοῦντες
1254 2708 1285 2740 ¹¹,
1303 2707 1403 2742 ἀγαθὸν
1419 2708 1505 2734 ποιεῖν
1527 2706 1671 2742 νομίζομεν
1683 2715 1689 2722 ·
1713 2707 1759 2733 καὶ
1777 2707 1827 2735 ὅτι

1027 2755 1174 2782 ὑπόστασιν
1190 2755 1239 2780 οὐκ
1255 2754 1311 2790 ἔχει
1333 2753 1365 2780 τὸ
1385 2753 1483 2786 κακὸν,
1507 2752 1576 2780 ἀλλά
1596 2752 1826 2788 παρυπόστασιν,

647 2845 762 2875 VARI/13
783 2845 972 2875 LECTIONES
991 2845 1035 2873 ET
1055 2843 1333 2876 CORREC'LIONES,

235 2906 256 2921 "
271 2907 353 2934 κακὸν
372 2907 516 2940 ποιοῦντες.
