1926 3062
95 207 147 237 305

482 208 512 237 S.
534 208 657 236 MAXIMI
676 207 819 236 SCIIOLIA
841 207 874 234 IN
893 207 956 236 LIB.
978 208 1022 234 DE
1039 207 1165 236 DIVINIS
1184 206 1380 236 NOMINIBUS.

1667 211 1719 238 306

94 263 140 291 τοῦ
156 263 259 298 ἀγαθοῦ
274 264 366 298 ἕνεκα,
383 265 430 293 καὶ
444 267 493 301 οὐχ
509 265 606 292 ἑαυτοῦ
622 266 771 301 γινόμενον.
796 265 873 292 Τοῦτ(

933 265 1071 297 stentiam,
1086 265 1151 292 boni
1166 273 1250 293 causa
1266 273 1319 293 non
1332 274 1397 294 vero
1413 266 1454 294 sui
1470 265 1589 300 factum;
1603 267 1652 295 hoc
1671 276 1721 296 au-

93 311 122 337 δὲ
137 311 184 338 καὶ
199 311 326 347 ἀνωτέρω
340 312 506 348 εἰρήκαμεν,
533 312 573 338 ὅτι
596 312 625 338 οὺ
651 311 719 347 πρὸς
742 311 772 337 τὸ
796 311 880 337 κακὸν

93 357 209 394 ὁρῶντες
230 356 310 384 τοῦτο
334 358 502 394 πράττομεν,
528 357 595 385 ἀλλά
617 357 758 389 δοκοῦντες
779 357 880 391 ἀγαθὸν

94 404 191 435 ποιεῖν,
207 404 231 430 εί
247 405 293 430 καὶ
309 405 325 439 ἡ
343 403 453 436 ἔκϐασις
468 404 622 431 τούναντίον
636 403 780 431 δείκνυσιν.

132 449 199 476 Ὅτι
209 449 262 476 τοῦ
278 450 389 485 ἀγαθοῦ
411 450 509 478 ἕνεκα.
540 451 572 478 "O
589 448 649 477 εἷπε
665 450 712 476 καὶ
727 451 756 476 ὲν
771 448 810 484 τῷ
827 449 880 485 πρὸ

92 495 187 523 τούτου
203 495 408 532 κεφαλαίῳ,διὰ
421 497 453 524 τὸ
465 497 587 532 ἀγαθὸν,
599 497 693 533 ἐπειδὴ
705 496 849 532 νομίζομεν
865 497 879 524 ὃ

93 542 222 578 ποιοῦμεν
237 543 347 577 ἀγαθόν.

132 587 173 621 Τῷ
187 588 250 615 ὄντι
263 588 298 615 δὲ
311 590 367 616 οὐκ
382 591 479 624 ὀρθόν.
503 590 655 626 Ἐφιέμενοι
671 589 726 625 γὰρ
742 589 811 616 κατά
828 590 878 624 φύ-

93 643 136 661 σιν
152 635 198 661 καὶ
212 635 326 671 δύναμιν
341 635 388 662 τοῦ
396 636 499 671 ἀγαθοῦ
516 637 637 673 ἐκτικὴν,
655 635 810 672 πράττομεν
821 636 876 663 ἐσθ’

90 679 135 706 ὅτε
151 680 308 715 ἀγνοοῦντες
323 682 354 708 τὸ
369 682 454 709 κακὸν
464 701 471 714 ,
487 682 501 708 ὃ
517 683 581 718 ἡμῖν
598 683 647 718 μὲν
671 682 810 718 νομίζεται
825 691 876 709 κα-

90 725 146 757 λὸν,
162 727 196 761 τῇ
217 725 245 752 δὲ
260 726 372 762 ἀληθείᾳ
388 728 447 754 ἐστὶ
462 727 560 754 κακόν·
578 728 604 754 τί
628 728 698 763 γάρ;
721 729 773 760 ὅτι,
789 737 876 764 τιμω-

92 770 201 806 ροῦντες
216 770 255 806 τῷ
270 771 436 808 ἠδικημένῳ,
452 773 601 808 φονεύομεν
615 773 672 799 ἐσθ’
687 774 731 800 ὅτε
752 774 798 800 τὺν
821 773 878 800 ἀδι-

90 817 212 852 κήσαντα
229 816 266 852 μὴ
282 816 356 850 ἀξιον
371 818 435 844 ὅντα
451 817 574 846 Θανάτου.
599 819 678 846 Οὕτω
692 819 758 853 νόει,
785 819 831 847 καὶ
846 820 875 847 οὐ

90 861 194 897 σφάλλῃ
199 881 206 888 .

125 906 270 941 Στέρησις
284 907 341 942 ἄρα
354 907 430 936 ἐστί.
441 908 605 945 Θαυμασίως
612 909 711 946 ἔδειξεν
727 910 876 937 ἀνυπόστα-

88 960 135 978 τον
151 952 181 978 τὸ
197 953 291 985 κακὸν,
309 953 437 989 στέρησιν
453 954 596 987 ἀποδείξας
611 955 665 982 τῶν
689 956 718 982 ἐν
739 955 814 988 τάξει
831 956 877 983 καὶ
892 969 913 997 Β

89 997 179 1033 φύσει.
203 998 234 1024 Ἠ
250 999 278 1025 δὲ
294 999 420 1035 στέρησις
442 1001 492 1027 οὐκ
508 1002 730 1034 αὑτοῠπόστασις,
746 1001 783 1034 ὡς
800 1002 876 1038 προέ-

88 1051 189 1080 φημεν,
206 1044 272 1071 ἀλλὰ
288 1044 318 1072 τὺ
335 1046 454 1081 πεφυκὸς
470 1048 517 1074 καὶ
533 1047 674 1074 ἐπιϐάλλον
696 1050 820 1084 παρεῖναι
838 1047 875 1084 μὴ

87 1090 176 1125 παρόν
188 1099 195 1105 ³
211 1090 273 1117 ὅθεν
288 1093 335 1118 καὶ
357 1093 494 1128 ἁμαρτίαν
505 1113 512 1125 ,
528 1094 665 1121 τουτέστιν
687 1094 813 1128 ἀτευξίαν
829 1096 875 1121 καὶ

87 1134 246 1164 ἁπόπτωσίν
261 1146 322 1165 τινα
336 1138 384 1165 τοῦ
400 1140 593 1175 προσήκοντος,
610 1141 675 1167 αὐτὸ
699 1140 730 1167 τὸ
744 1141 794 1176 τῆς
816 1149 875 1167 στε-

88 1182 196 1218 ρήσεως
212 1183 303 1216 καλεῖ,
320 1185 367 1211 καὶ
382 1185 583 1217 ἀσκοπον,ἀντὶ
598 1186 655 1219 τοῦ,
663 1186 736 1223 παρὰ
751 1187 797 1214 τὸν
813 1195 875 1214 σκο-

87 1227 138 1254 πὸν
155 1229 264 1264 βάλλον,
282 1231 315 1257 ἐκ
331 1232 486 1268 μεταφορᾶς
509 1232 563 1259 τῶν
584 1233 763 1266 τοξευόντων·
780 1233 874 1270 ὥσπερ

86 1275 143 1312 γὰρ
158 1276 273 1309 ἐκεῖνοι,
290 1278 516 1313 ἐπιτυγχάνοντες
539 1278 586 1305 τοῦ
610 1279 729 1311 σκοποῦ,
751 1280 873 1306 τουτέστι

85 1321 133 1348 τοῦ
151 1322 264 1358 σημείου
280 1324 323 1358 ἐφ’
339 1323 353 1351 ὃ
367 1324 530 1357 τοξεύουσιν,
541 1325 556 1351 ὅ
570 1325 602 1360 δὴ
619 1325 665 1352 καὶ
682 1325 782 1357 σκοπὸς
797 1326 873 1360 λέγε-

85 1375 141 1399 ται,
159 1368 249 1400 καλῶς
271 1369 411 1405 προΐασιν·
429 1370 514 1402 οὕτως
530 1371 553 1398 oi
575 1371 628 1403 ἔξω
649 1371 696 1398 τοῦ
714 1372 814 1399 σκοποῦ
831 1381 874 1398 το-

85 1412 210 1446 ξεύοντες
227 1415 412 1451 ἀμαρτάνουσι
429 1417 451 1432 ¹³
466 1417 513 1443 τοῦ
530 1418 724 1455 προσήκοντος.

115 1460 171 1487 Καὶ
183 1461 320 1496 ἁμαρτία.
338 1462 374 1489 Τὸ
389 1463 517 1497 ἁμαρτία
534 1464 680 1500 μὴνοήο-ῃς
696 1464 745 1500 τὴν
761 1464 874 1500 γενομέ-

84 1514 135 1541 νην
165 1507 194 1533 έν
224 1508 300 1542 ἡμῖν,
331 1505 387 1535 οἷον
414 1509 548 1544 μοιχείαν,
565 1509 581 1544 ἧ
599 1509 721 1542 ἀδικίαν,
738 1509 754 1545 ἢ
771 1509 834 1537 ἄλλο
847 1519 873 1537 τι

83 1551 203 1579 τοιοῦτον
215 1562 221 1568 ·
247 1553 303 1579 ἀλλ’
319 1554 333 1580 ὃ
360 1554 443 1589 λέγει,
456 1555 577 1582 τοιοῦτόν
593 1557 651 1582 ἐστι
661 1565 667 1571 ·
694 1556 747 1582 Τοῦ
769 1556 872 1591 ἀγαθοῦ

83 1598 133 1625 καὶ
148 1598 197 1633 τῆς
214 1600 283 1626 κατὰ
300 1600 379 1635 φύσιν
396 1602 527 1636 κινήσεως
549 1602 608 1637 ἦτοι
629 1601 732 1635 τάξεως
754 1603 872 1637 ἀποτυγ-

932 315 987 338 tem
1003 311 1084 338 etiam
1099 311 1225 346 superius
1237 311 1366 344 diximus,
1380 312 1508 339 nimirum
1523 313 1595 347 quod
1617 322 1671 340 non
1685 315 1718 341 ad

931 356 1034 383 malum
1049 357 1227 392 respicientes
1247 357 1349 392 aliquid
1361 365 1484 393 agamus,
1500 358 1547 386 sed
1563 358 1718 393 judicantes

931 401 1033 429 bonum
1046 403 1163 437 operari,
1180 403 1232 431 etsi
1248 403 1338 431 exitus
1350 404 1519 431 conlrarium
1535 405 1673 433 ostendat.

966 447 1037 480 Quia
1049 447 1110 475 boni
1120 449 1218 483 gratia.
1235 448 1313 482 Quod
1327 449 1396 476 dixit
1409 450 1491 476 etiarn
1509 450 1535 477 in
1549 452 1718 486 praecedente

929 493 1028 527 capite,
1044 493 1087 520 διὰ
1101 493 1133 520 τὸ
1151 494 1261 528 ἀγαθόν,
1271 499 1382 530 propter
1395 495 1508 529 bonum,
1521 497 1585 531 quia
1601 498 1716 525 arbitra-

929 546 990 566 mur
1002 539 1029 566 id
1043 539 1116 574 quod
1129 539 1244 568 facimus
1255 549 1318 569 esse
1333 541 1445 569 bonum.

964 584 1064 612 Revera
1078 590 1166 613 autem
1177 594 1230 614 non
1244 592 1353 614 rectum.
1367 586 1516 623 Cupientes
1525 590 1597 616 enim
1614 590 1715 626 aliquid

928 629 1079 658 secundum
1103 634 1229 658 naturam
1258 635 1285 660 et
1308 632 1438 660 virtutem
1453 633 1517 660 boni
1537 634 1714 668 habitualem,

927 677 1074 713 aliquando
1087 678 1176 706 nescii
1191 678 1294 706 malum
1310 686 1467 713 operamur,
1481 680 1554 715 quod
1565 681 1644 709 nobis
1654 682 1710 716 qui-

928 722 989 750 dem
1005 722 1107 750 bonum
1127 723 1250 756 videtur,
1263 728 1451 751 verumtamen
1470 730 1512 752 est
1526 726 1647 752 malum:
1666 734 1715 753 cur

926 768 999 796 enim
1009 770 1101 804 ?quod
1115 769 1216 805 injuria
1227 770 1353 798 allectum
1361 770 1543 804 vindicantes,
1552 773 1716 808 quandoque

927 821 989 842 eum
1004 815 1052 849 qui
1068 815 1197 850 injuriam
1219 815 1283 843 fecit
1295 820 1382 844 morte
1407 816 1549 852 indignum
1575 818 1714 847 interfeci-

927 868 1003 888 mus:
1024 861 1065 889 sic
1076 861 1207 898 intelligo,
1223 866 1314 890 etnon
1325 870 1411 891 erras.

964 906 1084 934 Privan‘o
1099 915 1160 943 ergo
1175 911 1225 936 est.
1237 906 1363 936 Ostendit
1374 909 1539 938 mirabiliter
1546 910 1647 937 malum
1659 918 1715 938 non

927 951 1306 985 subsistere,demonstrando
1323 961 1384 981 esse
1399 954 1580 989 privationem
1604 955 1715 982 ordina-

928 1000 1017 1024 torum
1030 1001 1058 1025 et
1069 998 1237 1025 naturalium
1251 1007 1258 1026 :
1274 998 1394 1034 privatio
1405 1003 1495 1027 autem
1512 1007 1566 1027 non
1581 1005 1623 1028 est
1631 1001 1714 1035 (sicut

926 1043 1008 1071 etiam
1035 1047 1098 1071 ante
1115 1043 1246 1078 diximus)
1267 1052 1316 1079 per
1331 1052 1360 1072 se
1375 1046 1539 1078 substantia,
1569 1047 1617 1074 sed
1641 1047 1713 1082 quod

926 1093 1018 1124 aptum
1031 1093 1058 1116 et
1073 1089 1163 1117 nitens
1183 1089 1281 1118 adesse
1300 1098 1354 1118 non
1377 1091 1469 1119 adest:
1489 1092 1606 1127 ideoque
1623 1093 1713 1129 ἀμαρ-

924 1134 998 1167 τίαν,
1015 1135 1042 1163 id
1054 1139 1096 1163 est
1111 1135 1312 1164 aberrationem
1327 1144 1358 1164 ac
1369 1138 1572 1173 prolapsionem
1584 1146 1598 1165 a
1614 1146 1714 1167 conve-

924 1180 1022 1213 nienti,
1040 1181 1221 1216 privationem
1231 1186 1320 1215 vocat,
1336 1186 1363 1211 et
1375 1183 1496 1211 ἄσκοπον
1512 1192 1561 1219 pro
1577 1185 1646 1211 ultra
1655 1192 1714 1212 sco-

925 1234 989 1262 pum
1004 1226 1160 1261 iacientem,
1178 1231 1286 1264 sumpta
1312 1237 1328 1256 a
1351 1230 1504 1265 sagittariis
1531 1231 1707 1266 metaphora-

925 1273 998 1300 sicut
1017 1274 1089 1301 enim
1107 1274 1146 1301 illi
1166 1274 1332 1310 attingentes
1348 1283 1473 1310 scopum,
1501 1276 1527 1303 id
1543 1281 1584 1304 est
1604 1277 1712 1312 signum

927 1318 1006 1355 164
1022 1319 1049 1346 in
1060 1320 1132 1355 quod
1146 1320 1315 1354 jaculantur,
1337 1321 1411 1356 quod
1426 1322 1510 1349 etiam
1529 1321 1628 1353 σκοπός
1641 1322 1712 1349 dici-

924 1369 979 1398 tur,
992 1366 1059 1394 bene
1071 1366 1231 1401 proccdunt,
1249 1367 1286 1394 ita
1301 1367 1347 1402 qui
1366 1371 1442 1394 extra
1460 1375 1574 1403 scopum
1585 1368 1712 1402 jaculan-

924 1416 979 1445 tur,
995 1420 1009 1440 a
1029 1413 1201 1442 convenienti
1215 1414 1354 1442 aberrant.

960 1458 994 1485 Et
1013 1464 1158 1494 peccatum.
1173 1459 1225 1488 Per
1245 1465 1380 1494 peccatum
1401 1468 1456 1487 non
1483 1460 1619 1496 intelligas
1644 1460 1711 1488 illud

923 1504 997 1540 quod
1022 1505 1050 1532 in
1077 1505 1158 1534 nobis
1174 1505 1276 1533 factum
1293 1510 1346 1540 est,
1371 1507 1455 1534 veluti
1471 1507 1646 1540 adulterium,
1664 1513 1712 1535 aut

923 1550 1096 1586 iniustitiam,
1114 1555 1162 1579 aut
1177 1552 1251 1579 aliud
1264 1552 1330 1587 quid
1346 1552 1452 1585 simile;
1471 1553 1518 1580 sed
1534 1553 1585 1580 hoc
1599 1554 1658 1580 vult
1673 1553 1712 1580 di-

924 1604 1025 1625 cere:a
1039 1597 1113 1625 bono
1128 1601 1155 1625 et
1170 1598 1289 1625 naturali
1309 1602 1385 1626 motu
1400 1607 1448 1626 seu
1464 1599 1560 1627 ordine
1581 1600 1712 1626 aberran-

82 1644 222 1679 χάνοντες,
235 1647 372 1682 φερόμεθα
388 1648 428 1679 εἰς
443 1647 495 1683 τὴν
511 1647 586 1683 παρὰ
600 1648 681 1682 φύσιν
703 1648 810 1683 ἀλογον,
827 1649 873 1675 καὶ

931 1650 977 1675 Les,
993 1642 1107 1671 ferimur
1117 1643 1145 1670 in
1161 1651 1222 1671 eam
1238 1652 1298 1679 qua:
1313 1648 1409 1672 contra
1430 1647 1557 1672 naturam
1572 1648 1623 1677 est.
1641 1646 1711 1672 irra-

82 1690 214 1726 παντελῆ,
230 1693 278 1719 καὶ
293 1692 416 1719 ἀνούσιον
425 1693 606 1729 ἀνυπαρξίαν·
622 1693 683 1720 ὅθεν
698 1694 745 1721 καὶ
762 1694 872 1730 μηδαμῆ

83 1736 168 1773 μηδὲν
184 1738 213 1765 ὃν
228 1738 301 1773 λέγει
317 1739 347 1766 τὺ
357 1740 451 1766 κακόν.

123 1828 165 1854 οὐ
178 1826 276 1854 πάντα
286 1826 370 1855 πᾶσι.
382 1828 466 1860 Θείως
487 1827 536 1860 τὰς
553 1828 699 1861 ὑποῦάσεις
722 1829 778 1858 τῶν
794 1832 823 1857 ἐν
839 1833 872 1867 τῇ

79 1874 247 1910 δημιουργίᾳ
271 1874 415 1901 διέσωσεν·
432 1875 447 1902 ὁ
464 1875 513 1910 μὲν
529 1874 583 1911 γὰρ
599 1875 679 1908 νοῦς,
697 1876 757 1903 καθ’
773 1876 802 1903 ὃν
824 1878 871 1904 οὺ-

82 1920 193 1947 σίωνται
213 1921 237 1946 οἱ
253 1920 318 1948 θεῖοι
333 1921 394 1953 νόες
409 1921 455 1947 καὶ
476 1921 563 1957 πάντη
580 1921 665 1955 ἀῦλοι,
683 1922 818 1959 ἀνώτερος
825 1923 872 1958 ψυ-

81 1966 135 2001 χῆς
151 1967 233 1993 ἐστιν.
258 1966 287 1993 '0
302 1965 348 1993 οὖν
371 1967 503 2001 ἄγγελος,
525 1967 540 1994 ὁ
565 1967 640 2004 παρά
659 1969 706 1996 τὸν
727 1969 870 2006 ἀγαθοειδῆ

80 2011 145 2039 νοῦν
160 2012 290 2048 κινηθεὶς,
307 2013 410 2049 δαίμων
425 2014 528 2049 ἀπέϐη·
544 2015 560 2048 ἡ
577 2015 606 2041 δὲ
613 2014 696 2051 ψυχὴ,
710 2015 776 2043 καθὸ
791 2015 870 2051 νοερά

81 2059 129 2086 καὶ
145 2058 250 2095 λογικὴ,
262 2060 291 2086 οὺ
308 2059 378 2086 κατά
391 2060 469 2095 λόγον
480 2061 536 2077 ¹δ·¹⁸
549 2061 696 2097 ὲνεργοῦσα
711 2062 756 2089 τὸν
772 2061 871 2089 ὑποδε-

80 2105 188 2140 δηκὰτα
203 2105 264 2132 νοῦν
280 2105 326 2133 τὸν
342 2106 452 2141 νοητὸν,
476 2107 525 2134 οὐκ
540 2108 647 2143 ἐνεργεῖ
662 2107 695 2134 τὰ
710 2109 812 2135 οἰκεῖα·
837 2109 871 2136 τὰ

78 2152 110 2178 δὲ
128 2151 243 2188 σώματα
267 2152 300 2179 τὰ
317 2153 506 2189 ὑποϐεϐηκότα
521 2154 567 2181 τὸν
593 2154 684 2190 νοερὸν
702 2155 778 2189 λόγον
794 2157 870 2192 παρά

79 2199 164 2233 φύσιν
173 2198 328 2235 εὑρεθέντα,
344 2199 394 2226 οὐκ
410 2199 543 2235 ἔρρωνται
559 2201 598 2232 εἰς
613 2200 648 2228 τά
664 2201 777 2228 ἑαυτῶν.

121 2289 187 2323 Πῶς
199 2289 276 2323 ὅλως
288 2290 324 2318 τὰ
338 2290 424 2318 κακά.
434 2291 465 2317 Et
483 2291 593 2327 πρόνοια
609 2292 638 2318 ὲν
655 2291 736 2324 πᾶσι,
753 2291 869 2328 οὐδαμοῦ

80 2337 163 2371 φύσει
179 2337 209 2363 τὸ
224 2337 317 2364 κακόν.

118 2382 132 2418 §
149 2381 267 2412 XXXIII.
292 2383 380 2410 Ἀλλὰ
395 2383 444 2410 καὶ
461 2384 522 2417 τοῖς
538 2384 713 2419 γινομένοις.
740 2385 800 2411 ’Ότι
823 2385 870 2411 καὶ

77 2431 139 2461 τοῖς
153 2429 305 2465 γινομένοις
328 2431 374 2458 καὶ
395 2430 581 2466 νομιζομένοις
602 2432 697 2463 κακοῖς
713 2431 869 2466 ἀγαθοπρε-

78 2475 141 2508 πῶς
163 2475 294 2513 κέχρηται
320 2478 335 2504 ὁ
358 2477 424 2509 Θεὸς
448 2476 516 2513 πρὸς
541 2477 713 2514 διόρθωσιν-ἢ
736 2477 871 2513 ὠφέλειαν

78 2524 97 2558 ἡ
101 2522 163 2558 μῶν
178 2521 194 2557 ἤ
213 2523 323 2558 ἑτέρων.

121 2569 160 2595 “Η
173 2568 277 2595 ἄλλων
295 2569 315 2604 ἢ
337 2569 444 2604 ὶδικήν.
469 2571 542 2607 Προς
565 2572 628 2603 τοὺς
650 2571 799 2606 λέγοντας,
831 2571 872 2598 δτι

80 2615 168 2651 ἐχρῆν
181 2615 255 2651 ἡμᾶς
270 2617 317 2642 καὶ
330 2616 446 2649 ἄκοντας
461 2616 531 2644 εἶναι
541 2617 669 2651 ἀγαθούς.

123 2661 157 2688 02
173 2660 284 2696 χρῆναί
294 2670 369 2696 φασι
389 2662 447 2697 τὴν
464 2664 618 2698 πρόνοιαν.
636 2664 792 2699 Σημείωσαι
815 2665 873 2697 πῶς

82 2707 245 2742 ἐπιπλήττει
268 2710 325 2740 τοῖς
348 2708 472 2743 λέγουσι·
495 2709 544 2736 Διά
569 2710 595 2736 τί
617 2710 671 2746 γὰρ
689 2710 726 2746 μὴ
745 2711 872 2746 ἐποίησεν

84 2752 157 2786 ἡμᾶς
173 2753 187 2778 ὁ
203 2753 268 2784 Θεὸς
283 2752 380 2786 οὕτως,
398 2754 451 2786 ἵνα,
469 2754 519 2781 κᾶν
536 2754 666 2790 θέλωμεν,
694 2756 730 2790 μὴ
746 2756 870 2792 ἀμαρτὰ-

83 2805 192 2832 νωμεν;
207 2797 285 2824 τοῦτο
301 2799 354 2835 γὰρ
370 2799 445 2826 οὐδὲν
467 2799 558 2835 ἔτερόν
574 2800 645 2826 ἐστιν
661 2799 677 2835 ἢ
701 2800 803 2834 λέγειν·
822 2801 870 2827 Διὰ

924 1690 1062 1722 tionalem,
1076 1695 1103 1717 et
1119 1690 1284 1722 absolutam,
1297 1698 1329 1717 ac
1341 1690 1400 1718 sine
1411 1691 1565 1718 substantia
1575 1691 1710 1718 exsisten-

926 1736 971 1763 tiae
982 1735 1185 1771 privationem:
1208 1735 1324 1771 ideoque
1352 1736 1420 1764 dicit
1447 1736 1547 1763 malum
1576 1744 1710 1772 nusquam

924 1781 979 1808 ullo
999 1781 1080 1808 modo
1096 1789 1165 1809 esse.

958 1826 1019 1854 Non
1039 1829 1127 1855 omnia
1148 1827 1280 1855 omnibus.
1297 1827 1393 1855 Divine
1405 1828 1507 1864 gradus
1521 1833 1710 1856 creaturarum

923 1873 1041 1901 servavit
1051 1888 1056 1892 -
1068 1881 1144 1902 mens
1152 1875 1232 1907 enim,
1242 1881 1313 1910 aqua
1322 1875 1472 1902 essentiam
1486 1875 1623 1910 accipiunt
1637 1883 1711 1903 men-

922 1923 963 1947 tes
987 1920 1086 1947 divina:
1100 1923 1127 1947 et
1145 1927 1259 1957 prorsus
1286 1920 1492 1951 immateriales.
1519 1921 1645 1957 superior
1670 1925 1712 1949 est

923 1966 1032 1999 anima;
1051 1967 1164 2002 angelus
1185 1967 1278 2002 igitur,
1291 1967 1337 2002 qui
1354 1971 1451 2002 praeter
1477 1972 1594 1995 mentem
1609 1968 1711 1996 bonum

922 2020 978 2048 prae
989 2020 1018 2040 se
1028 2013 1159 2041 ferentem
1171 2017 1306 2046 movetur,
1320 2013 1425 2041 daemon
1440 2014 1547 2047 evadit;
1562 2015 1653 2041 anima
1667 2022 1712 2042 au-

921 2063 975 2088 tem
986 2063 1120 2095 quatenus
1135 2060 1290 2095 intelligens
1306 2067 1338 2087 ac
1349 2061 1501 2093 rationalis,
1513 2069 1568 2088 non
1579 2068 1711 2089 exercens

922 2106 1073 2134 secundum
1089 2106 1223 2133 rationem
1236 2105 1387 2141 subiectam
1405 2111 1524 2135 mentem
1553 2107 1711 2142 intelligibi-

921 2151 985 2184 lem,
1002 2159 1058 2179 non
1075 2156 1203 2187 operatur
1220 2152 1352 2187 propria;
1378 2160 1494 2189 corpora
1519 2162 1584 2181 vero
1611 2153 1712 2181 intelli-

921 2198 995 2233 genti
1023 2198 1129 2226 ratione
1146 2197 1294 2231 inferiora,
1312 2202 1410 2233 praeter
1435 2204 1562 2226 naturam
1588 2200 1710 2232 inventa,

920 2252 976 2272 non
991 2245 1082 2272 valent
1097 2245 1125 2272 in
1146 2245 1254 2280 seipsis.

957 2290 1093 2324 Quomodo
1103 2292 1157 2318 sint
1169 2292 1274 2319 omnino
1287 2292 1368 2320 mala.
1386 2291 1415 2320 Si
1430 2292 1603 2328 providentia
1615 2292 1642 2320 in
1651 2301 1711 2320 om-

887 2328 908 2355 D
923 2337 1014 2370 nibus,
1032 2345 1168 2373 nusquam
1175 2341 1274 2365 natura
1288 2339 1391 2365 malum

958 2383 971 2420 §
987 2383 1106 2411 XXXIII.
1126 2384 1196 2417 Quin
1212 2385 1293 2412 etiam
1310 2385 1344 2412 iis
1358 2385 1404 2420 qui
1435 2389 1506 2412 sunt.
1525 2384 1610 2412 Deum
1627 2386 1710 2413 etiam

923 2431 956 2458 iis
973 2431 1019 2466 qui
1036 2435 1101 2458 sunt
1114 2435 1160 2458 aut
1177 2435 1324 2459 censentur
1340 2431 1414 2464 mali,
1428 2432 1470 2466 pia
1485 2439 1534 2458 sua
1544 2431 1710 2467 benignitate

923 2478 957 2505 ad
974 2478 1172 2506 correctionem
1191 2481 1219 2506 et
1239 2479 1384 2506 utilitatem
1400 2482 1522 2507 nostram
1535 2483 1582 2507 aut
1594 2479 1708 2506 aliorum

924 2524 973 2551 uti.

955 2570 1144 2602 Autuliorum,
1159 2570 1198 2598 vel
1211 2571 1358 2606 propriam.
1376 2571 1478 2599 Contra
1492 2579 1540 2600 eos
1558 2571 1604 2606 qui
1616 2572 1710 2601 dicunt

921 2624 971 2643 nos
984 2616 1083 2644 debere
1099 2617 1180 2644 etiam
1199 2617 1299 2644 invitos
1311 2625 1371 2645 esse
1383 2618 1480 2645 bonos.

958 2662 1011 2695 Qui
1023 2663 1097 2690 aiunt
1108 2662 1200 2690 debere
1213 2663 1416 2698 providentiam.
1436 2663 1503 2690 Nota
1515 2662 1651 2698 quomodo
1666 2662 1708 2689 in-

921 2713 1014 2744 crepat
1029 2710 1161 2742 dicentes,
1172 2709 1229 2736 Cur
1242 2709 1313 2736 Deus
1330 2717 1384 2736 non
1401 2709 1436 2736 ita
1448 2708 1512 2736 fecit
1528 2716 1587 2740 nos,
1607 2713 1645 2738 ut,
1656 2708 1708 2734 etsi

923 2755 1049 2786 velimus.
1063 2763 1119 2782 non
1136 2763 1297 2789 peccemus;
1325 2757 1377 2783 hoc
1393 2755 1465 2782 enim
1482 2753 1556 2780 aliud
1580 2753 1647 2779 nihil
1667 2757 1709 2780 est

924 2809 1005 2836 quam
1023 2802 1123 2835 dicere,
1137 2801 1228 2835 Quare
1243 2810 1293 2830 nos
1305 2803 1403 2829 mentis
1413 2805 1440 2828 et
1454 2799 1569 2827 rationis
1584 2803 1708 2834 expertes

548 2879 666 2907 VARI/Ii}
683 2879 876 2908 LECTIONES
892 2878 934 2906 ET
954 2879 1229 2908 CORBECTIONES.

141 2957 163 2973 ⁸³
175 2955 262 2988 οὕτως
275 2957 298 2983 οἱ
317 2956 367 2990 ἔξω
383 2957 431 2993 τῆς
446 2957 571 2993 ἀληθείας
587 2957 737 2992 βάλλοντες,
759 2957 953 2993 ἁμαρτάνουσι.

1007 2958 1065 2974 ¹”””¹⁰
1080 2957 1173 2992 λογικὴ
1186 2957 1255 2984 κατὰ
1267 2956 1353 2991 λόγον.
