1926 3062
197 202 252 229 307

567 202 735 230 ἐιΡΡΕΝΒΙΧ
751 203 795 230 AD
812 202 925 230 OPERA
943 203 972 231 S.
993 202 1141 231 DIONYSII
1166 203 1406 232 AREOPAGITIE.

1762 202 1812 231 508

197 268 253 288 non
271 259 388 293 creavit;
401 258 423 286 si
439 259 511 286 enim
527 261 683 287 necessario
699 259 732 286 ad
750 260 877 286 virtutem
899 259 982 287 duce-

1046 260 1059 286 t
1077 261 1114 296 μὴ
1131 261 1231 296 ἀνόητα
1247 262 1293 288 καὶ
1317 261 1401 295 ἄλογα
1417 260 1490 296 ἡμᾶς
1505 259 1633 295 ἐποίησε;
1658 259 1689 285 τδ
1713 258 1767 295 γὰρ
1788 259 1816 291 ἐξ

198 314 301 339 remur,
313 313 400 340 neque
415 313 466 332 nos
478 307 655 339 imperatores
667 305 799 340 quosdam
810 313 905 333 eorum
921 314 981 340 quae

199 352 228 380 in
244 352 324 380 nobis
340 356 403 379 sunt
422 351 597 383 ostendisset.
609 359 696 386 neque
711 355 837 379 naturam
859 355 981 380 nostram

199 398 395 433 intelligentem
410 405 470 425 esse
485 398 663 432 permisisset,
684 397 711 425 id
727 402 769 425 est
787 398 983 433 intelligentem

200 445 339 478 animam;
358 443 434 471 aufer
447 444 520 471 enim
533 444 686 471 libertatem
697 447 836 476 nostram,
852 448 879 471 et
895 452 984 479 neque

200 490 248 519 Dei
265 491 356 526 imago
379 490 497 522 erimus,
513 497 601 525 neque
612 490 702 517 anima
719 490 825 518 ratione
839 494 866 518 et
878 491 984 518 intelle-

200 543 245 564 ctu
265 537 388 572 praedita,
404 540 431 564 et
445 541 542 564 natura
561 544 675 572 prorsus
688 542 896 572 corrumpetur,
919 537 984 564 dum

200 591 256 610 non
274 588 316 611 est
329 583 401 618 quod
429 583 517 618 ipsam
542 591 604 610 esse
620 583 774 618 oportebat.
791 583 869 616 Quod
893 587 984 611 autem

200 629 249 659 ait,
263 629 456 664 αὐτοκινήτων,
472 628 575 655 dictum
591 637 652 657 esse
667 637 716 664 pro
734 629 768 657 iis
779 637 840 664 quae
853 637 910 657 suae
921 633 986 658 sunt

200 675 343 709 potestatis
356 678 383 702 et
395 674 502 709 imperii
518 674 742 710 intelligendum;
758 683 814 703 non
830 680 921 703 autem
935 683 986 710 pro

200 721 235 754 ijs
251 720 297 755 qui
314 720 420 755 seipsos
435 725 555 753 movent,
571 721 655 748 veluti
672 715 802 748 animalia
832 721 867 749 ad
886 722 986 749 distin-

199 767 318 794 ctionem
329 767 520 801 immobilium,
536 771 564 794 ut
575 768 718 795 domorum
730 772 758 795 et
772 769 917 800 montium,
939 772 986 796 aut

198 820 293 840 eorum
301 820 361 848 qua:
367 813 402 840 ab
409 813 471 840 aliis
480 817 632 847 moventur,
639 817 669 840 ut
679 813 799 849 lapidum
807 814 986 850 etlignorum:

199 858 337 886 disserens
345 859 417 886 enim
427 858 460 886 de
466 859 564 886 virtute
572 860 634 891 τοὺς
641 859 841 895 αὑτοκινήτους,
853 860 930 895 165
939 867 988 888 seu

199 905 246 939 qui
260 905 371 939 proprio
383 909 527 933 moventur
539 905 652 932 arbitrio
658 906 817 941 assumpsit,
826 914 943 941 quorum
950 906 988 933 ait

1034 307 1157 342 ἀνάγκης
1173 308 1246 343 ἡμᾶς
1261 306 1375 342 ἄγεσθαι
1391 308 1434 333 ἐπ’
1451 306 1552 343 ἀρετὴν
1575 305 1636 332 οὔτε
1652 305 1817 340 αὐτοκράτο-

1035 356 1084 392 ράς
1098 365 1173 387 τινας
1189 357 1262 392 ἡμᾶς
1277 357 1381 383 ἐδείκνυ
1397 355 1451 382 τῶν
1467 355 1526 382 καθ’
1543 355 1665 385 ἑαυτοὺς,
1687 353 1748 380 οὔτε
1769 354 1818 389 τὴν

1033 402 1129 440 νοερὰν
1151 403 1230 438 ἡμῶν
1255 402 1335 437 φύσιν
1358 400 1428 429 εἷναι
1445 400 1611 436 συνεχώρει,
1634 399 1755 426 τουτέστι
1770 399 1817 434 τὴν

1034 450 1130 487 νοεράν
1145 449 1248 486 ψυχήν·
1267 449 1344 476 ἄνελε
1360 449 1415 484 γὰρ
1430 448 1508 484 ἡμῶν
1524 447 1554 474 τὸ
1569 446 1755 478 αὐτεξούσιον,
1772 445 1818 472 καὶ

1033 496 1096 523 οὔτε
1111 495 1192 522 εἱκὼν
1214 495 1281 522 Θεοῦ
1304 494 1438 531 ἐσόμεθα,
1462 494 1523 521 οὔτε
1552 493 1624 529 ψυχὴ
1654 492 1749 527 λογικὴ
1773 492 1819 519 καὶ

1034 541 1127 578 νοερὰ,
1144 542 1244 577 καὶτῷ
1268 541 1324 568 livet
1343 541 1512 577 φθαρήσεται
1534 541 1550 576 ή
1568 540 1659 575 φύσις.
1681 539 1731 565 οὐκ
1754 535 1819 565 οὖσα

1034 589 1102 624 ὅπερ
1118 589 1170 615 ἔδει
1185 589 1269 624 αὐτὴν
1281 586 1359 615 εἴναι.
1378 588 1466 623 Ὅπερ
1481 587 1509 614 δέ
1524 584 1828 621 φησιν,αὐτοκινήτων,

1035 635 1095 662 ἀντὶ
1107 633 1155 661 τοῦ
1171 633 1352 666 αὐτεξουσιων
1364 653 1371 665 ,
1395 634 1442 660 καὶ
1464 631 1672 668 αὐτοκρατόρων
1696 629 1819 666 εὶρῆσθαι

1036 681 1157 716 νοητέον·
1175 680 1205 707 οὐ
1223 680 1277 716 γὰρ
1292 679 1346 706 τῶν
1360 679 1472 710 ἑαυτοὺς
1487 677 1644 710 κινούντων,
1665 673 1721 703 οἷον
1736 675 1822 711 ἐμψύ-

1035 735 1102 763 χων,
1116 726 1184 764 πρὸς
1206 725 1409 761 ἀντιδιαστολὴν
1423 725 1478 751 τῶν
1503 724 1639 759 ἀκινήτων
1652 743 1659 755 ,
1681 723 1720 754 ὡς
1740 722 1821 749 οἴκων

1037 774 1084 800 καὶ
1099 773 1186 810 ὀρῶν·
1212 772 1229 807 ἢ
1245 772 1458 808 ὲτεροκινήτων,
1483 771 1521 803 ὡς
1548 771 1628 797 λίθων
1653 770 1701 796 καὶ
1725 768 1819 801 ξύλων,

1036 819 1105 855 Περὶ
1128 818 1182 855 γάρ
1207 818 1307 855 ἀρετῆς
1337 817 1527 852 διαλεγόμενος
1548 817 1611 848 τοὺς
1631 815 1822 851 αὺτοκινήτους

1037 865 1200 901 παρέλαϐεν,
1216 861 1253 891 ὧν
1270 873 1336 899 φησι
1353 864 1506 900 πρόσφορον
1526 863 1576 898 τὴν
1601 862 1745 898 πρόνοιαν,
1768 858 1822 887 οἷον

1036 911 1085 947 τὴν
1100 911 1143 938 διὰ
1159 911 1241 947 νόμου
1258 911 1304 938 καὶ
1320 909 1483 945 προφητῶν,
1509 909 1558 944 τὴν
1577 908 1621 935 διά
1644 909 1697 935 τῶν
1714 908 1824 943 εὐεργε-

200 949 433 977 accommodatam
449 951 659 985 providentiam,
674 955 703 978 ut
717 955 744 979 et
756 960 815 980 eam
828 953 988 988 quasinlege

1046 957 1222 990 πιῶν,ὡςκαὶ
1235 959 1249 984 ὁ
1276 956 1435 987 Ἀπόστολος
1458 955 1549 992 δηλοῖ,
1573 954 1736 990 δημηγορῶν
1760 953 1823 990 παρ’

199 1003 232 1023 ac
247 995 400 1031 prophetis,
427 1000 454 1023 et
469 996 620 1029 beneﬁciis,
645 997 716 1025 sicut
740 998 824 1026 etiam
838 998 985 1034 Apostolus

200 1042 272 1077 apud
289 1042 470 1070 Athenienses
482 1043 650 1071 concionans
660 1043 791 1072 declarat.

236 1086 337 1115 Invitos
356 1096 413 1116 nos.
429 1087 549 1116 Pulchre
563 1096 658 1116 eorum
671 1090 803 1117 rationem
815 1091 923 1124 evertit,
939 1091 987 1126 qui

200 1134 296 1162 dicunt
311 1138 437 1169 oportere
450 1142 501 1162 nos
516 1135 598 1163 etiam
613 1135 713 1163 invitoa
729 1139 757 1164 et
773 1144 806 1164 ex
823 1137 988 1165 necessitate

199 1189 262 1209 esse
284 1181 387 1214 bonos;
411 1181 464 1209 hoc
487 1182 562 1210 enim
581 1185 655 1210 esset
669 1183 795 1210 essentiaa
809 1187 911 1211 nostrae
927 1191 989 1211 cor-

201 1228 293 1263 ruptio
309 1236 316 1260 ;
331 1227 485 1255 auferretur
499 1228 571 1255 enim
586 1228 702 1257 liberum
714 1229 866 1258 arbitrium.

237 1274 290 1301 Per
309 1283 337 1301 se
358 1274 505 1307 mobilium,
524 1274 572 1302 Gr.
590 1275 645 1302 τῶν
660 1275 852 1312 αὐτοκινήτων.
867 1275 921 1304 Pro
935 1276 990 1304 τῶν

200 1321 394 1356 αὐτεξουσίων,
411 1321 445 1350 iis
462 1322 509 1357 qui
525 1329 575 1350 suo
590 1321 686 1349 vivunt
701 1321 817 1350 arbitrio
829 1342 837 1355 ,
854 1323 926 1351 sicut
941 1323 990 1350 ad-

198 1368 295 1404 jacens
310 1367 432 1395 declarat
448 1368 646 1404 paragraphus.

238 1414 253 1451 ᾗ
268 1414 390 1442 XXXIV.
413 1414 449 1441 Et
463 1415 586 1442 mutatio.
603 1413 673 1442 Nota
687 1415 849 1450 incorporea
864 1418 891 1443 et
905 1419 991 1443 mate-

201 1462 251 1490 rie
268 1461 392 1497 expertia
415 1461 531 1494 mutari,
553 1460 619 1488 dum
639 1468 693 1489 non
712 1466 823 1489 manent
835 1462 948 1490 omnino
962 1464 990 1490 in

201 1508 267 1535 boni
289 1508 445 1535 identitate:
466 1507 569 1534 bonum
585 1507 669 1540 enim,
690 1510 720 1534 ut
739 1515 846 1543 semper
868 1512 944 1536 stans
964 1513 992 1537 et

202 1554 323 1587 ﬁrmum,
335 1553 406 1581 idem
417 1558 524 1588 manet;
540 1553 613 1588 quod
627 1561 692 1581 vero
706 1557 838 1587 mutatur,
849 1561 905 1581 non
919 1554 990 1582 idem

202 1604 305 1628 manet.

238 1647 273 1675 In
286 1647 397 1675 scientia
417 1655 477 1675 vero
497 1651 643 1682 peccantes.
668 1646 736 1675 Vide
757 1646 894 1682 quomodo
916 1646 989 1674 istud
1003 1642 1027 1674 C

202 1694 417 1729 interpretetur:
441 1693 488 1721 Vae
501 1694 580 1721 vobis
593 1701 655 1720 cum
672 1693 829 1728 cognitione
848 1692 989 1727 peccanti-

202 1739 265 1766 bus.
289 1739 337 1766 Et:
361 1739 458 1767 Servus
479 1740 563 1767 sciens
585 1739 746 1766 voluntatem
767 1739 867 1766 domini
889 1740 948 1773 sui,
964 1743 990 1766 at

202 1793 254 1813 non
270 1785 368 1820 faciens
386 1793 455 1820 eam,
471 1785 605 1820 vapulabit
620 1786 769 1814 νηπίη-ενδ.

239 1831 299 1859 Sive
321 1832 452 1865 scientiw,
469 1831 518 1860 Gr.
539 1832 555 1868 ἢ
576 1833 625 1868 τῆς
649 1832 783 1866 γνώσεως.
808 1831 888 1860 Forte
911 1837 990 1860 vocat

202 1877 302 1911 γνῶσιν
318 1878 501 1912 cognitionem
517 1886 578 1912 quae
592 1877 716 1905 doctrina
732 1878 894 1913 acquiritur,
906 1886 989 1914 quam

203 1923 307 1950 oblivio
328 1922 485 1958 frequenter
503 1923 652 1951 obscurare
671 1927 778 1959 potest,
802 1932 884 1958 quam
907 1925 990 1952 etiam

203 1969 332 2003 superius
350 1968 419 1995 dixit
439 1976 472 1996 ex
491 1969 585 1996 auditu
606 1969 701 2004 gigni;
717 1970 901 2005 cognitionem
926 1979 990 1998 vero

203 2010 339 2041 oblivione
355 2018 508 2047 carentem,
533 2015 699 2042 censendum
714 2023 773 2043 eam
788 2023 849 2051 quae
863 2024 895 2043 ex
908 2020 991 2044 natu-

202 2060 255 2088 rali
284 2061 479 2095 meditatione,
508 2065 556 2088 aut
584 2061 767 2090 illustratione
793 2063 852 2090 siue
877 2063 990 2091 doctore

203 2107 327 2135 inhteret.

245 2153 340 2180 Verum
365 2153 420 2180 haec
443 2154 548 2189 quidem
572 2155 658 2182 nobis.
687 2155 755 2182 Nota
783 2155 857 2183 aliud
882 2163 991 2191 quoque

203 2199 292 2234 ipsius
309 2207 370 2228 esse
384 2207 455 2235 opus
470 2200 503 2228 de
524 2200 600 2235 justo
623 2205 650 2228 et
673 2201 766 2229 divino
788 2201 909 2236 judicio;
926 2206 992 2229 nota

203 2253 269 2273 vero
281 2252 362 2282 caput
376 2246 429 2273 hoc
445 2247 585 2275 continere
606 2248 642 2275 25
661 2247 834 2284 syllogismos
846 2269 853 2282 ,
874 2248 989 2276 demon~

203 2296 322 2320 strantes
337 2293 438 2320 malum
455 2301 509 2320 non
522 2301 584 2321 esse
596 2301 656 2322 6115.

501 2392 535 2420 ΙΝ
554 2392 631 2420 CAP.
652 2393 684 2421 ν.

239 2437 289 2472 ⁵1.
310 2437 371 2465 Non
394 2440 687 2473 supersubstantialem.
707 2440 818 2475 Antiqui
838 2440 922 2468 Deum
940 2449 989 2468 vo-

202 2484 302 2510 cabant
326 2491 424 2517 unum,
447 2493 502 2512 non
524 2489 654 2520 tanquam
675 2486 782 2514 numeri
803 2487 988 2521 principium;

203 2529 251 2557 sed
273 2530 338 2564 quia
362 2530 396 2557 ab
418 2532 545 2559 omnibus
561 2535 683 2559 secretus
697 2537 755 2565 est,
773 2533 895 2567 nihilque
910 2533 991 2560 habet

202 2583 298 2602 eorum
314 2584 376 2611 quae
391 2581 452 2612 post
467 2577 554 2612 ipsum
571 2578 682 2605 fuerunt
697 2578 741 2605 cui
758 2581 988 2610 connumeretur,

202 2621 269 2656 quin
285 2622 366 2649 etiam
381 2623 453 2657 quod
470 2624 676 2658 compositionis
700 2632 798 2659 expers
821 2632 852 2651 ac
875 2624 989 2659 simplex

203 2668 255 2701 sit;
274 2668 328 2696 hoc
350 2673 440 2696 autem
465 2677 520 2696 non
543 2674 720 2704 repraesentat
749 2678 810 2706 quae
835 2671 870 2698 sit
885 2671 931 2698 Dei
946 2679 990 2699 es-

204 2714 310 2748 sentia;
334 2715 453 2742 essentia
478 2716 551 2742 enim
577 2716 724 2751 improprie
747 2717 782 2744 de
797 2716 852 2744 Deo
865 2717 989 2750 dicatur,

203 2767 266 2787 nam
280 2761 518 2795 superessentialis
533 2765 584 2788 est.

240 2805 403 2835 Substantiaz
419 2807 519 2842 dei/ica:
536 2808 704 2843 principium,
720 2808 767 2837 Gr.
784 2809 931 2846 Θεαρχικῆς
946 2810 990 2837 οὺ-

205 2853 339 2888 σιαρχίας.
354 2854 518 2889 οὺσιαρχίαν
529 2863 577 2883 seu
592 2855 717 2883 essentia:
731 2856 897 2893 principium
911 2861 990 2885 vocat

248 2935 257 2948 ⁵
269 2933 290 2951 εί
309 2933 376 2962 Luc.
393 2941 442 2968 xu,
464 2933 508 2962 47.

1043 1004 1202 1040 Ἀθηναίοις.

1075 1093 1221 1123 "Anci-tag-
1235 1089 1323 1124 ἡμᾶς.
1350 1088 1448 1120 Καλῶς
1469 1086 1600 1122 ἀνέτρεψε·
1620 1085 1666 1112 τδν
1680 1085 1758 1119 λόγον
1771 1082 1835 1110 τῶι

1038 1138 1181 1173 λεγόντων,
1197 1137 1237 1163 ὅτι
1255 1135 1337 1171 ἐχρῆν
1351 1135 1424 1170 ἡμᾶς
1439 1134 1484 1161 καὶ
1500 1133 1615 1163 ἄκοντας
1628 1131 1675 1158 καὶ
1693 1130 1826 1164 ὲξ.ἀνάγ-

1039 1194 1090 1221 κης
1108 1183 1178 1211 εἶναι
1200 1182 1316 1213 καλούς·
1342 1181 1420 1207 τοῦτο
1444 1180 1497 1215 γὰρ
1520 1178 1607 1214 φθορά
1625 1175 1658 1213 ἦν
1680 1176 1757 1212 ήμῶν
1777 1176 1826 1211 τῆς

1039 1230 1133 1262 οὐσίας
1145 1239 1151 1244 ·
1168 1228 1288 1264 ἀνῄρητο
1301 1227 1356 1263 γὰρ
1370 1227 1403 1254 ἂν
1418 1226 1449 1252 τὸ
1462 1224 1640 1258 αὐτεξούσιον.

1078 1276 1139 1304 Τῶν
1157 1274 1369 1307 αὐτοκινήτων.
1394 1273 1465 1299 Ἀντὶ
1488 1271 1534 1298 τοῦ
1556 1268 1827 1301 τῶνναύτεξουσὶων,

1041 1323 1079 1355 ὡς
1094 1323 1110 1357 ἠ
1128 1321 1315 1357 παρακειμένη
1329 1319 1405 1355 δηλοῖ
1418 1317 1596 1354 παραγραφή.

1075 1411 1226 1450 θχΧΧιν.
1251 1411 1307 1439 Καὶ
1336 1410 1508 1441 ἀλλοίωσις.
1535 1405 1690 1442 Σημείωσαι
1717 1404 1759 1431 ὅτι
1781 1403 1836 1433 καὶ,

1040 1460 1078 1488 τὰ
1087 1459 1220 1495 ἀσώματα
1241 1458 1288 1485 καὶ
1307 1456 1342 1484 τὰ
1355 1456 1422 1484 ἀῡλα
1437 1453 1599 1484 ἀλλοιοῦται,
1617 1453 1654 1488 μὴ
1671 1451 1785 1487 μένοντα
1798 1450 1828 1476 ὲν

1040 1509 1074 1543 τῇ
1089 1505 1135 1533 τοῦ
1152 1504 1254 1540 ἀγαθοῦ
1268 1502 1396 1534 ὁλοτελῶς
1411 1501 1554 1535 ταύτότητι
1566 1507 1579 1517 '-
1588 1499 1618 1525 τὸ
1637 1498 1685 1533 μὲν
1697 1497 1751 1532 γὰρ
1761 1498 1830 1530 ἁγα-

1042 1553 1088 1580 θδν
1104 1552 1212 1583 ταύτὸν,
1229 1551 1267 1583 ὡς
1281 1550 1324 1577 ἀεὶ
1341 1548 1425 1579 ἑστὼς
1441 1547 1488 1574 καὶ
1506 1545 1613 1582 βέϐαιον
1624 1553 1631 1559 ·
1646 1544 1677 1570 τὸ
1692 1543 1720 1569 δὲ
1731 1544 1830 1578 19:755-

1043 1608 1122 1635 μενον
1136 1599 1167 1625 οὐ
1180 1598 1287 1625 ταύτόν.

1083 1646 1134 1672 Ἐν
1157 1644 1266 1680 γνώσει
1290 1641 1324 1669 δὲ
1348 1640 1582 1675 ἁμαρτάνοντας.
1607 1638 1678 1674 Ὅρα
1699 1636 1758 1667 πῶς
1782 1636 1829 1670 ἑρ-

1043 1692 1155 1728 μηνεύει
1167 1692 1208 1718 τό’
1224 1691 1290 1717 Οὐαὶ
1302 1690 1356 1720 τοῖς
1363 1689 1392 1714 ὲν
1404 1687 1503 1722 γνώσει
1516 1685 1711 1722 ἁμαρτάνουσι,
1725 1682 1771 1709 καὶ
1783 1682 1829 1728 τοι

1048 1727 1079 1765 ’ό
1093 1738 1205 1770 δοῦλος
1220 1739 1237 1764 ὁ
1252 1735 1337 1768 εἰδὼς
1351 1735 1384 1762 τὸ
1401 1734 1515 1768 θέλημα
1529 1732 1581 1759 τοῦ
1598 1731 1702 1765 κυρίου
1717 1727 1811 1756 αὑτοῦ
1821 1748 1829 1760 ,

1040 1784 1090 1812 καί
1103 1784 1145 1820 μὴ
1162 1783 1254 1810 ποιῶν
1269 1781 1352 1814 αὐτὸ,
1369 1780 1530 1814 δαρήσεται
1546 1777 1672 1810 πολλάς.

1077 1832 1115 1859 Ἥ
1129 1830 1183 1864 τῆς
1199 1829 1344 1865 γνώσεως.
1369 1826 1470 1853 Γνῶσίν
1493 1833 1575 1860 φησιν
1597 1824 1661 1854 ἴσως
1676 1823 1725 1858 τὴν
1743 1822 1775 1847 ὲκ
1792 1821 1832 1848 δι-

1040 1877 1189 1907 δασκαλίας
1204 1873 1431 1912 προσ-γινομένην,
1447 1873 1479 1908 ἣν
1496 1872 1543 1898 καὶ
1554 1871 1624 1906 λήθη
1639 1869 1769 1900 πολλάκις
1785 1867 1832 1894 δύ-

1041 1933 1119 1951 ναται
1142 1922 1324 1958 ἀμαυρῶσαι,
1347 1921 1379 1956 ἣν
1394 1919 1441 1946 καὶ
1461 1918 1589 1954 ἀνωτέρω
1606 1916 1687 1952 φησὶν
1702 1915 1731 1948 ἐξ
1745 1915 1832 1950 ἀκοῆς

1041 1969 1206 2005 ἐγγίνεσθαι·
1232 1967 1346 2002 ἄληστον
1367 1965 1396 1992 δὲ
1417 1965 1466 2000 τὴν
1488 1963 1588 1998 γνῶσιν
1609 1962 1712 1997 οἰητέον
1733 1962 1783 1996 τὴν
1798 1961 1832 1987 ὲκ

1042 2016 1160 2052 φυσικῆς
1176 2013 1291 2049 θεωρίας
1312 2012 1329 2048 ἢ
1350 2011 1509 2046 ὲλλάμψεως
1525 2009 1673 2040 ἀδιδάκτως
1687 2015 1832 2042 προσγινο-

1043 2063 1136 2098 μένην.

1085 2155 1177 2184 Ἀλλὰ
1192 2155 1285 2182 ταῦτα
1295 2153 1354 2189 μὲν
1369 2153 1450 2188 ἡμῖν.
1467 2151 1632 2188 Σημείωσαι,
1650 2151 1690 2176 ὃτι
1706 2149 1753 2176 καὶ
1766 2149 1834 2176 ἀλλο

1042 2204 1115 2230 ἐστὶν
1130 2202 1212 2229 αὑτοῦ
1226 2202 1368 2236 σύνταγμα
1384 2200 1448 2235 περὶ
1467 2198 1570 2225 δικαίου
1583 2197 1630 2224 καὶ
1641 2196 1712 2223 θείου
1721 2195 1836 2222 δικαιω-

1041 2249 1137 2284 τηρίου
1149 2257 1155 2264 ·
1174 2247 1326 2283 σημείωσαι
1340 2246 1379 2278 δὲ,
1396 2246 1442 2272 καὶ
1455 2246 1496 2271 ὅτι
1511 2244 1597 2270 εἴκοσι
1614 2244 1661 2270 καί
1675 2244 1750 2278 τρεῖς
1766 2242 1834 2268 συλ-

1007 2313 1029 2341 D
1042 2295 1188 2330 λογισμοὺς
1204 2293 1262 2329 ἔχει
1275 2293 1305 2319 τὸ
1320 2292 1466 2327 κεφάλαιον
1486 2290 1564 2317 τοῦτο
1576 2309 1584 2322 ,
1600 2288 1812 2320 ἀποδεικνύντας
1825 2309 1834 2321 ,

1042 2343 1083 2368 ὅτι
1098 2341 1147 2368 οὐκ
1162 2341 1234 2367 ἔστιν
1251 2339 1279 2366 ὃν
1293 2339 1323 2366 τὸ
1338 2338 1431 2365 κακόν.

1288 2394 1344 2420 ΕΙΣ
1363 2393 1406 2420 ΤΟ
1425 2392 1548 2419 ΚΕΦΑΛ.
1569 2392 1607 2418 Ε’.

1077 2441 1090 2477 §
1108 2441 1128 2467 l.
1148 2441 1189 2467 Οὐ
1205 2440 1262 2474 τὴν
1277 2440 1469 2473 ὑπερούσιοιν.
1485 2440 1540 2465 Ἓν
1549 2438 1692 2474 ὠνόμασαν
1705 2437 1750 2463 τὸν
1764 2437 1835 2464 Θεὸν

1043 2490 1068 2515 οἱ
1084 2488 1167 2515 πάλαι
1183 2487 1231 2522 οὐχ
1248 2487 1285 2517 ὼς
1299 2485 1424 2521 ἀριθμῶν
1439 2485 1537 2520 ἀρχὴν,
1549 2484 1616 2510 ἀλλὰ
1629 2483 1673 2510 διὰ
1683 2483 1712 2509 τὸ
1722 2483 1835 2510 πάντων

1044 2534 1191 2571 ἐξῃρῆσθαι
1205 2554 1212 2565 ,
1230 2534 1278 2560 καὶ
1304 2532 1385 2569 μηδὲν
1409 2532 1480 2567 ἔχειν
1504 2530 1750 2566 συναριθμούμενον
1777 2529 1836 2555 τῶν

1045 2582 1102 2616 μετ’
1120 2580 1200 2607 αὐτὸν
1213 2599 1220 2612 ,
1237 2579 1304 2606 ἀλλά
1320 2579 1368 2605 καὶ
1388 2578 1431 2605 διὰ
1451 2578 1481 2604 τὸ
1497 2576 1639 2603 ἀσύνθετον
1656 2575 1702 2602 καὶ
1717 2574 1834 2601 ἁπλοῦν·

1043 2628 1073 2653 οὑ
1087 2626 1166 2653 τοῦτο
1178 2626 1207 2653 δὲ
1222 2625 1381 2661 παρίστησι,
1394 2624 1437 2656 τίς
1451 2625 1468 2659 ἠ
1481 2623 1558 2649 οὐσία
1570 2622 1616 2648 τοῦ
1631 2621 1712 2648 Θεοῦ·
1730 2620 1837 2656 κυρίως

1043 2674 1097 2709 γὰρ
1118 2673 1195 2700 οὐσία
1216 2674 1262 2699 ἐπὶ
1280 2672 1347 2699 Θεοῦ
1363 2671 1460 2698 οὑκ-ἂν
1477 2671 1590 2704 λέγοιτο·
1608 2668 1732 2704 ἔστιγὰρ
1746 2668 1836 2702 ὑπερ-

1042 2728 1140 2751 ουσιος.

1079 2810 1243 2845 Θεαρχινιῆς
1276 2809 1460 2843 οὺσιαρχίας.
1492 2805 1656 2841 Οὑσιαρχὶαν
1686 2804 1752 2839 φησὶ
1783 2804 1840 2840 τὴν

1043 2856 1134 2893 πάσης
1164 2856 1249 2893 ἀρχὴν
1265 2855 1358 2887 οὐσίας
1372 2855 1419 2882 καὶ
1433 2854 1521 2881 αἰτίαν
1533 2862 1539 2868 ⁵
1555 2852 1622 2887 αὑτὴ
1634 2850 1687 2886 γὰρ
1699 2851 1715 2885 ἡ
1729 2849 1840 2884 Θεότης
