1926 3062
101 177 154 205 509

472 167 498 195 S.
519 167 643 194 ΜΑΧΙΜΙ
665 166 810 194 SCIlOLlA
831 166 863 192 IN
883 165 948 193 LIB.
970 165 1014 192 DE
1034 164 1160 192 DlVlNlS
1174 163 1371 192 NOMINIBL‘S.

1671 169 1725 196 3N

101 236 172 272 ὑπὲρ
187 234 276 260 πᾶσαν
293 229 394 257 οὐσίαν.
415 227 530 263 Πρόοδον
545 227 573 253 δὲ
589 227 639 262 τὴν
655 226 730 253 θείαν
746 225 882 262 ἐνέργειαν

938 231 1049 256 causam
1065 227 1091 252 et
1107 223 1270 259 principium
1286 224 1375 252 omnis
1396 225 1540 257 essentia);
1568 225 1625 260 ipsa
1650 227 1724 253 enim

100 282 184 316 λέγει,
201 280 261 314 ἥτις
277 277 365 304 πᾶσαν
381 274 474 301 οὐσίαν
491 274 646 309 παρήγαγε,

135 413 190 441 Καὶ
207 412 261 448 γὰρ
276 413 296 444 ἡ
312 410 440 446 τάγαθοῦ
455 410 610 444 Osann-Illa.
632 409 694 441 Πῶς
717 409 818 443 ἀγαθὸς
841 410 884 437 λέ-

99 469 177 496 γεται
191 460 206 486 6
221 459 296 491 Θεὸς.
314 459 383 493 Ὅρα
406 457 434 483 δὲ
460 457 518 488 πῶς
541 465 605 492 φησι
631 456 664 482 τὸ
680 456 791 490 ἀγαθὸν
802 476 808 487 ,
826 457 885 491 ἢτοι

102 508 148 543 τὴν
158 505 240 534 αὐτοῦ
254 505 415 541 θεωνυμίαν,
427 503 592 531 ὲκτείνεσθαι
606 504 646 535 εἰς
659 503 693 530 τὰ
708 503 771 532 ὄντα
785 503 884 536 πάντα,

99 554 148 583 καὶ
168 555 208 585 εἰς
226 552 261 580 τὰ
281 552 331 579 οὐκ
350 551 414 578 ὄντα
437 548 531 578 εἶναι’.
544 550 574 576 τὸ
596 550 624 576 δὲ
643 549 678 576 ἐν
692 550 762 585 ὑπὲρ
774 549 808 576 τὰ
821 550 885 576 ὂντα

99 597 179 631 εἶναι,
197 599 244 626 καὶ
256 597 493 634 ὐπερεκτείνεσθαι
515 597 595 623 αὑτό)
613 596 670 630 τὴν
682 596 710 622 δὲ
726 595 801 629 ζωὴν
816 596 885 631 ὑπὲρ

99 646 135 673 τὰ
151 646 238 678 ζῶντα
253 643 321 672 εἶναι
331 653 338 660 ·
360 645 406 671 καὶ
422 644 479 678 τὴν
492 644 603 677 σοφίαν
619 642 690 678 ὑπὲρ
699 642 733 668 τὰ
747 642 828 678 νοερὰ
839 643 885 669 καὶ

99 692 197 727 λογικὰ
216 692 263 719 καὶ
282 691 428 727 αἰσθητικὰ
446 689 611 717 ὲκτείνεσθαι
622 709 629 720 ,
647 689 684 720 ὡς
705 686 772 715 εἶναι
788 689 882 724 δῆλον,

99 738 186 767 ὅτιτὸ
200 738 322 774 ἀγαθόν,
337 737 474 764 τουτέστιν
490 737 504 763 6
517 735 592 767 Θεὸς,
613 736 660 762 καὶ
673 735 720 762 τοῦ
737 735 821 767 ὄντος,
837 736 884 762 καὶ

98 783 189 820 ζωῆς,
207 785 252 811 καὶ
271 783 365 818 σοφίας
386 783 470 810 αῐτιον
481 790 487 798 ·
504 782 534 808 τὸ
549 782 578 808 δὲ
592 780 708 817 ὂνοζωῆς
726 782 773 808 καὶ
790 781 885 815 σοφίας

98 829 194 862 αἴτιον,
211 831 267 862 τοῖς
281 827 341 856 οὖσι
354 830 408 857 νόει
422 828 574 863 ἀκολούθως
589 827 656 864 [τοῖς
670 827 794 863 λοιποῖς].

132 963 188 991 Καὶ
205 963 248 996 εὶς
263 963 328 990 τὰ¹⁶
347 963 403 990 οὐκ
425 962 498 989 ὄντα
519 961 689 988 ἐκτείνεται.
714 960 769 987 Καὶ
790 961 829 992 είς
849 961 883 986 τὰ

97 1010 149 1036 οὐκ
162 1009 225 1036 ὄντα
239 1009 386 1036 ἐκτείνεται
397 1009 427 1035 τὸ
440 1007 551 1042 ἀγαθὸν,
566 1008 603 1038 ὡς
614 1008 653 1038 είς
664 1007 694 1033 τὸ
705 1004 772 1033 εἶναι
785 1005 883 1033 καλοῦν

97 1055 168 1087 αὑτά
180 1064 186 1071 ·
202 1055 218 1091 ἢ
233 1056 279 1082 καὶ
292 1055 363 1082 κατὰ
378 1055 408 1081 τὸ
422 1054 565 1090 εἰρημένον
580 1053 652 1088 αὑτῷ
666 1053 704 1088 τῷ
720 1053 806 1088 Harp).
818 1072 825 1083 ,
842 1052 883 1078 ὅτι

97 1102 145 1129 καὶ
164 1102 229 1129 αὐτὸ
241 1102 272 1128 τὺ
289 1101 325 1138 μὴ
339 1102 368 1128 ὃν
383 1101 463 1129 καλὸν
474 1121 481 1132 ,
502 1101 565 1128 ὅταν
580 1102 608 1126 ὲν
623 1100 681 1135 Θεῷ
695 1099 739 1125 διὰ
754 1099 784 1125 τὸ
798 1099 882 1134 ὑπερ-

95 1149 187 1176 ούσιον
202 1147 347 1183 θεωρῆται.
367 1149 450 1174 Ὄντα
464 1148 492 1174 δὲ
506 1147 540 1173 τὰ
555 1147 603 1173 οὐκ
617 1146 680 1173 ὄντα
696 1146 775 1172 ὑλικά
790 1154 882 1180 φησιν,

94 1196 136 1226 ὡς
158 1194 285 1226 πολλάκις
307 1193 479 1229 ἐδηλώσαμεν
502 1194 572 1220 ἄνω·
589 1193 605 1228 ἧ
622 1192 708 1224 οὕτως
719 1212 725 1223 ,
743 1192 835 1227 ἐπειδὴ
851 1192 882 1218 οὐ

95 1241 296 1276 περιγράφεται
316 1239 391 1275 τόπῳ
408 1241 422 1266 6
441 1240 506 1269 Θεὸς
517 1259 523 1271 ,
546 1239 657 1270 εἰκότως
672 1239 738 1273 φησὶ
753 1238 799 1264 καὶ
812 1238 882 1273 ὑπὲρ

94 1285 131 1312 τὰ
146 1286 196 1313 οὐκ
208 1285 273 1312 ὄντα
287 1285 368 1313 αὑτὸν
382 1283 450 1312 εἶναι
462 1306 469 1318 ,
486 1285 529 1312 ἵνα
544 1284 615 1320 δείξῃ
632 1285 662 1311 τὸ
677 1283 885 1320 ἀπερίγραπτον.

95 1331 187 1367 αὐτοῦ.

130 1422 185 1448 Καὶ
201 1422 276 1457 ὑπὲρ
291 1422 328 1450 τὰ
344 1422 443 1452 ζῶντα.
468 1423 702 1459 Ἑπισημήνασθαι
718 1423 770 1458 χρὴ
781 1443 788 1454 ,
806 1423 863 1454 πῶς
873 1442 885 1458 ,-

93 1467 159 1494 ὃταν
182 1468 231 1504 μὲν
254 1469 318 1505 περὶ
340 1469 462 1504 ἀγγέλων
486 1471 552 1506 φησι
568 1470 614 1497 καὶ
628 1469 794 1506 ἀνθρώπων,
819 1470 882 1501 τοὺς

93 1513 227 1548 ἀγγέλους
236 1515 318 1551 νοητά
328 1524 393 1551 φησι
406 1524 412 1530 ·
428 1516 477 1547 τὰς
489 1516 516 1542 δὲ
528 1516 664 1552 ἡμετέρας
677 1515 765 1551 ψυχὰς
775 1516 879 1551 νοερὰς,

93 1560 136 1609 ᾡς
151 1561 278 1609 πολλακις
293 1562 421 1609 ἀνωτέρω
437 1563 659 1609 παρεστήσαμεντ
677 1561 782 1609 gutta;
795 1562 882 1609 ὲρμηέ
895 1580 916 1609 C

93 1606 169 1638 νείας
183 1607 323 1642 ἑκθέμενοι
337 1608 384 1634 τοῦ
398 1607 494 1644 νοητοῦ
509 1609 554 1635 καὶ
571 1608 674 1644 vespm").
688 1607 745 1634 Νῦν
754 1608 775 1635 δ’
790 1608 882 1644 ἐπειδὴ

93 1654 161 1689 τέρὶ
180 1653 227 1680 τοῦ
243 1654 309 1681 Θεοῦ
332 1655 439 1691 πρῶτόν
459 1663 551 1691 φησιν,
568 1655 678 1686 εἰκότως
693 1655 740 1681 καὶ
754 1655 816 1687 τοὺς
832 1656 882 1690 ἀγ-

90 1696 190 1735 ζέλους
204 1700 261 1735 μεθ’
276 1700 354 1736 ἡμῶν
367 1701 476 1736 νοερούς
492 1709 584 1736 φησιν,
601 1701 648 1727 ἆτε
665 1701 711 1727 καὶ
726 1701 823 1732 αὐτοὺς
838 1701 886 1728 διὰ

93 1745 142 1772 τοῦ
159 1747 228 1773 νοεῖν
242 1747 288 1773 τὸν
303 1747 368 1773 Θεὸν
381 1767 389 1778 ,
415 1747 476 1773 ὅσον
500 1745 555 1773 οἶόν
577 1755 606 1773 τε
618 1768 625 1779 ,
648 1747 831 1786 τρεφομένους
848 1748 881 1782 τῇ

93 1792 195 1827 νοήσει,
210 1792 248 1828 τῷ
262 1793 446 1829 ἐπεστράφθαι
460 1793 505 1819 ὲπὶ
518 1793 566 1828 τὴν
581 1793 654 1819 θείαν
669 1793 772 1827 σοφίαν,
785 1793 823 1825 ὡς
836 1793 883 1819 καὶ

94 1838 124 1864 αἱ
139 1838 306 1874 ἀνθρώπιναι
320 1839 402 1874 ψυχαί
415 1848 421 1854 ·
437 1840 482 1866 καὶ
496 1839 530 1866 τὰ
542 1839 688 1874 αἰσθητικά
700 1838 728 1865 δὲ
739 1859 745 1871 ,
760 1839 882 1866 τουτέστι

93 1883 130 1910 τὰ
143 1884 235 1919 ἄλογα.
256 1885 384 1921 Ἐμψυχα
399 1886 427 1913 δὲ
442 1886 517 1921 ὅμως
531 1886 619 1913 πάντα
632 1885 728 1920 σοφίας
742 1885 882 1920 μετέχουσι

95 1930 169 1962 θείας
180 1951 188 1963 ,
205 1931 251 1957 καὶ
267 1932 295 1958 ὲν
310 1933 370 1963 ταῖς
393 1934 519 1967 φυσικαῖς
539 1932 628 1959 αὐτῶν
648 1933 747 1968 ὁρμαῖς
758 1951 766 1963 ,
783 1932 820 1963 ὡς
836 1932 883 1958 καὶ

93 1977 108 2003 6
123 1976 193 2009 θεῖος
214 1977 352 2010 Βασίλειος
374 1978 402 2004 ὲν
425 1978 463 2012 τῇ
490 1977 657 2012 Ἐξαημέρῳ
680 1978 818 2009 δείκνυσι,
836 1978 883 2004 καὶ

95 2023 162 2058 αὐτὸ
176 2023 204 2049 δὲ
218 2024 249 2050 τὸ
265 2025 293 2050 ὲν
314 2024 394 2060 σοφίᾳ
413 2024 538 2058 γενέσθαι
560 2025 649 2052 πάντα
674 2023 744 2053 κατὰ
759 2024 789 2050 τὸ
805 2025 881 2059 εἰρη-

97 2070 188 2106 μένον⁸
205 2070 307 2097 Πάντα
322 2071 357 2097 ἐν
370 2071 463 2106 σοφίᾳ
477 2071 633 2105 ἐποίησας.
651 2071 682 2097 Ἡ
698 2071 727 2097 δὲ
744 2070 822 2105 σοφία
838 2071 882 2097 ὲσ-

93 2118 137 2144 τὶν
161 2119 175 2144 ὁ
199 2118 263 2150 Υἱὸς
278 2119 292 2144 ὁ
326 2118 381 2145 ὤν’
409 2118 497 2145 πάντα
520 2116 565 2146 οὖν
591 2119 620 2145 ὲν
642 2118 680 2154 τῷ
696 2118 754 2153 Υἰῷ
772 2117 810 2152 τῷ
825 2117 881 2145 ὄντι

93 2163 227 2198 ἐγένοντο,
244 2164 335 2200 φησιν.

129 2296 144 2332 §
166 2297 199 2322 Il.
232 2296 471 2330 Ἐκφαντορικάς.
505 2297 717 2332 Ἑκφαντορικάς
740 2305 806 2332 φησι
831 2296 880 2328 τὰς

93 2342 274 2377 ὲκφαινούσας
289 2342 347 2377 ἤτοι
364 2343 543 2378 παριστάσας.

132 2431 190 2466 Τῆς
212 2431 288 2466 ὑπὲρ
311 2430 414 2459 πᾶσαν
443 2432 619 2466 ἀγαθότητα.
654 2431 807 2467 Σημείωσαι
840 2432 879 2458 ὅτι

93 2478 185 2513 καλῶς
199 2478 324 2513 λέγομεν,
336 2478 377 2504 ὅτι
389 2478 463 2504 ἐστὶν
475 2478 545 2515 ὑπὲρ
562 2479 650 2505 πᾶσαν
661 2478 817 2514 ἀγαθότητα
833 2479 880 2507 καὶ

93 2524 217 2559 θεότητα·
235 2524 436 2560 ὑποϐεϐηκυιας
457 2522 502 2551 οὖν
531 2524 658 2559 θεότητας
680 2524 775 2559 νόησον
797 2525 880 2559 ᾴγγὲ-

92 2571 146 2598 λων
162 2572 207 2597 καὶ
223 2571 373 2606 ἀνθρώπων
388 2571 509 2597 δικαίων.

136 2619 187 2644 Ἐν
206 2618 400 2652 ἀποκρύφοις.
430 2618 473 2649 Ὡς
494 2617 540 2644 τό·
564 2618 668 2644 Ἕθετο
684 2619 794 2651 σκότος
808 2619 881 2645 ἀπο-

93 2662 213 2696 κρυφὴν
227 2662 318 2689 αὐτοῦ
329 2671 335 2677 ’
352 2663 399 2689 καὶ
414 2663 493 2689 πάλιν
503 2672 509 2677 ·
536 2663 585 2689 Ἐν
604 2663 765 2697 ἀποκρύφῳ
783 2672 881 2690 καται-

94 2708 185 2743 τΙὸος.

141 2794 153 2807 ιι
172 2787 245 2816 Psal.
263 2796 322 2822 cm,
340 2789 384 2816 Ἡ.
420 2793 432 2807 ν
450 2788 523 2818 Psal.
543 2797 609 2822 xvii,
630 2789 672 2817 l2.

933 270 1067 299 Divinitas
1083 275 1124 298 est
1140 279 1223 306 supra
1238 279 1345 299 omnem
1362 272 1519 299 essentiam.
1533 272 1648 307 Πρόοδον
1659 280 1723 301 vero

937 325 984 344 seu
1004 317 1211 351 progressionem
1232 321 1312 343 vocat
1336 317 1454 344 divinam
1479 316 1645 350 edicaciam,
1663 324 1724 352 quae

937 362 1092 389 universam
1107 361 1255 388 essentiam
1273 361 1410 396 produxit.

973 408 1052 443 166
1074 407 1208 442 Siquidem
1232 416 1324 434 nomen
1345 408 1405 434 boni
1430 408 1461 435 de
1487 407 1551 434 Deo.
1580 407 1722 442 Quomodo

936 453 1008 482 Deus
1036 453 1143 480 dicatur
1170 455 1270 482 bonus.
1295 453 1360 482 Vide
1383 458 1472 481 autem
1496 454 1633 489 quomodo
1656 454 1723 482 dicit

939 502 1034 528 bunum
1055 508 1103 527 seu
1117 501 1238 527 divinum
1256 500 1315 535 ejus
1330 507 1428 528 nomen
1447 500 1556 528 extendi
1579 501 1613 528 ad
1630 501 1722 528 omnia

936 553 996 580 quae
1009 550 1073 574 sunt
1087 550 1114 573 et
1135 554 1195 582 qua:
1217 554 1273 574 non
1299 551 1382 578 sunt,
1409 550 1490 581 atque
1516 554 1600 582 supra
1616 554 1647 575 ea
1661 555 1723 582 quae

936 599 990 619 non
1003 596 1066 620 sunt
1081 600 1157 626 esse;
1176 599 1256 620 unum
1274 599 1339 619 vero
1354 599 1416 620 esse
1431 599 1514 627 supra
1529 599 1559 619 ea
1574 600 1635 628 qua:
1645 596 1720 624 sunt,

936 639 1080 674 ipsumque
1096 638 1212 666 ulterius
1226 638 1368 673 protendi:
1389 638 1470 666 vitam
1488 642 1578 666 autem
1593 646 1722 674 superare
1758 630 1762 635 ’

935 685 1026 712 omnia
1040 692 1100 720 quae
1115 685 1220 715 vivunt,
1240 688 1267 711 et
1279 684 1437 719 sapientiam
1458 691 1539 719 supra
1555 684 1646 712 omnia
1661 692 1723 720 quae

935 731 1109 766 intelligunt,
1135 734 1162 758 et
1182 737 1243 766 quae
1264 730 1369 758 ratione
1386 733 1414 758 et
1431 737 1491 764 quae
1505 737 1588 758 sensu
1607 734 1722 770 utuntur

934 777 1041 805 extendi
1055 798 1062 810 ,
1075 777 1111 804 ita
1126 781 1156 804 ut
1169 776 1343 804 manifestum
1366 776 1402 804 sit
1416 776 1489 812 quod
1507 777 1616 809 bonum,
1635 777 1662 804 id
1681 781 1723 805 est

936 822 1017 855 Deus,
1032 824 1068 850 sit
1086 830 1169 851 causa
1186 826 1213 850 et
1228 822 1288 857 ejus
1302 822 1375 857 quod
1388 826 1440 856 est,
1455 825 1483 854 et
1496 822 1560 850 vitae
1572 827 1600 850 et
1614 823 1723 858 sapien-

935 868 997 901 tize;
1013 868 1078 899 illud
1094 871 1185 896 autem
1201 867 1273 902 quod
1288 871 1330 895 est
1341 887 1349 898 .
1371 867 1434 895 vitae
1448 870 1475 895 et
1497 867 1638 902 sapientia:
1656 875 1723 895 cau-

896 913 918 940 B
933 922 1002 945 sam,
1018 914 1138 949 intellige
1153 913 1186 941 ad
1200 921 1245 941 res
1259 913 1475 949 accommodate,

969 960 1053 994 Atque
1064 959 1098 986 ad
1115 968 1147 986 ea
1162 967 1221 994 quw
1238 967 1291 988 non
1305 963 1367 987 sunt
1402 958 1563 993 extenditur.
1583 960 1672 996 Atque
1686 961 1722 988 ad

933 1013 965 1032 ea
979 1013 1039 1039 quae
1051 1012 1105 1032 non
1122 1009 1185 1032 sunt
1197 1004 1354 1036 extenditur
1368 1004 1470 1032 bonum
1485 1024 1492 1036 ,
1515 1009 1646 1040 tanquam
1660 1005 1721 1041 ipsa

933 1055 963 1086 ut
977 1051 1031 1078 sint
1046 1058 1162 1083 vocans,
1179 1054 1225 1083 aut
1246 1050 1324 1085 juxta
1347 1049 1431 1084 illud,
1458 1050 1531 1086 quod
1551 1050 1632 1078 Pater
1656 1051 1719 1078 alibi

933 1097 1000 1132 dixit
1013 1117 1020 1129 ,
1037 1097 1101 1131 quia
1116 1096 1198 1124 etiam
1218 1096 1244 1125 id
1261 1096 1335 1132 quod
1349 1104 1405 1123 non
1419 1096 1527 1124 exsistit
1543 1100 1584 1124 est
1599 1096 1699 1124 bonum
1711 1117 1719 1128 ,

933 1151 994 1171 cum
1008 1144 1035 1170 in
1048 1143 1103 1171 Deo
1117 1147 1226 1178 propter
1242 1144 1368 1171 essentia:
1389 1151 1533 1171 excessum
1558 1143 1721 1171 considera-

933 1194 987 1219 tur.
1008 1190 1246 1217 'Ov-caverovocat
1260 1197 1291 1217 ea
1306 1197 1366 1224 quae
1388 1197 1442 1217 non
1466 1192 1530 1217 sunt
1547 1190 1698 1217 materialia
1711 1210 1719 1222 ,

934 1236 1004 1269 sicut
1017 1243 1088 1270 saepe
1103 1235 1231 1270 superius
1254 1235 1472 1267 declaravimus;
1496 1238 1543 1261 aut
1565 1235 1626 1266 sic,
1652 1243 1721 1270 quo-

933 1281 1005 1308 niam
1028 1279 1099 1307 Deus
1123 1280 1183 1307 loco
1207 1287 1262 1306 non
1286 1279 1544 1312 circumscribitur,
1570 1280 1666 1307 merito
1682 1281 1720 1307 ait

932 1334 993 1354 eum
1006 1326 1087 1353 etiam
1103 1333 1186 1361 supra
1200 1333 1231 1353 ea
1246 1333 1306 1361 qua:
1320 1333 1375 1353 non
1388 1330 1453 1353 sunt
1465 1333 1536 1358 esse,
1553 1329 1583 1353 ut
1593 1327 1719 1355 ostendat

932 1372 1009 1398 illum
1023 1371 1134 1399 minime
1148 1372 1337 1400 circumscribi
1349 1379 1440 1407 posse.

967 1417 1002 1444 Et
1013 1425 1094 1451 supra
1109 1418 1232 1446 viventia.
1253 1417 1401 1446 Advertere
1416 1421 1523 1453 oportet
1536 1438 1542 1450 ,
1559 1418 1696 1453 quomodo
1709 1438 1717 1450 ,

936 1463 1047 1498 quando
1062 1463 1095 1491 de
1117 1465 1221 1500 angelis
1241 1469 1269 1493 et
1288 1465 1446 1494 hominibus
1461 1466 1594 1501 loquitur,
1613 1466 1724 1502 angelos

935 1513 1015 1537 vocet
1027 1510 1110 1546 νοητά
1120 1518 1167 1538 seu
1180 1519 1239 1546 qua:
1251 1511 1436 1547 intelliguntur
1446 1520 1456 1544 ;
1467 1517 1576 1540 nostras
1587 1520 1651 1540 vero
1666 1513 1726 1540 ani-

935 1563 995 1584 mas
1004 1556 1100 1593 νοερᾶς
1113 1564 1161 1585 seu
1175 1566 1234 1593 quae
1246 1558 1408 1594 intelligunt,
1423 1559 1495 1587 sicut
1507 1559 1664 1595 frequenter
1676 1566 1724 1587 su-

935 1602 1027 1637 perius
1046 1604 1320 1638 reprasentavimus,
1336 1605 1401 1638 dum
1422 1605 1657 1641 interpretationes
1677 1603 1725 1632 τοῦ

933 1648 1028 1684 νοητοῦ
1043 1653 1071 1676 et
1084 1648 1177 1684 νοεροΰ
1193 1649 1412 1684 exponebamus:
1430 1656 1503 1676 nunc
1514 1656 1578 1676 vero
1589 1648 1719 1684 quoniam

933 1694 1022 1730 primo
1036 1699 1063 1722 et
1081 1694 1271 1730 principaliter
1285 1694 1320 1729 de
1333 1694 1389 1722 Deo
1404 1694 1537 1730 loquitur,
1552 1694 1651 1727 merito
1669 1701 1720 1721 an-

932 1734 1018 1776 gelos,
1033 1740 1104 1775 sicut
1121 1745 1147 1771 et
1161 1748 1212 1768 nos
1226 1740 1293 1768 dicit
1312 1741 1440 1777 νοερούς,
1457 1741 1535 1776 quasi
1560 1741 1642 1773 etiam
1666 1741 1718 1776 ipsi

933 1786 1017 1814 Deum
1035 1787 1210 1822 intelligendo
1223 1807 1230 1819 ,
1246 1791 1378 1822 quantum
1394 1787 1452 1814 lieri
1477 1791 1586 1822 potest,
1611 1787 1719 1815 intelle-

933 1833 1023 1865 ctione
1035 1833 1153 1866 alantur,
1164 1833 1228 1868 quia
1239 1832 1273 1860 ad
1285 1833 1405 1860 divinam
1418 1832 1578 1868 sapientiam
1593 1832 1720 1860 conversi

933 1883 1016 1912 sunt,
1032 1880 1104 1907 sicut
1126 1883 1154 1907 et
1177 1879 1319 1908 hominum
1341 1879 1439 1907 animae
1451 1900 1459 1913 ,
1480 1883 1561 1915 atque
1577 1879 1610 1906 τὰ
1624 1879 1719 1915 αἰσθη-

931 1926 995 1952 τικά
1006 1946 1013 1958 ,
1030 1925 1057 1953 id
1072 1929 1114 1954 est
1128 1926 1244 1954 rationis
1257 1926 1390 1962 expertia.
1407 1925 1535 1953 Animata
1549 1933 1614 1954 vero
1625 1925 1719 1953 omnia

932 1972 1034 2007 pariter
1056 1972 1176 1999 divinam
1203 1972 1285 1999 etiam
1311 1972 1479 2008 participant
1505 1972 1668 2008 sapientiam
1690 1972 1720 1999 in

932 2019 991 2047 suis
1005 2019 1178 2046 naturalibus
1192 2018 1425 2054 propensionibus
1437 2038 1445 2051 ,
1460 2018 1532 2046 sicut
1545 2018 1654 2046 divinus
1667 2017 1720 2045 Ba—

932 2066 1011 2094 silius
1023 2066 1143 2094 ostendit
1156 2066 1185 2093 in
1201 2064 1376 2099 Hexaemerp,
1391 2069 1471 2100 atque
1487 2065 1554 2092 illud
1571 2065 1673 2100 ipsum,
1689 2064 1719 2091 in

931 2113 1066 2148 sapientia
1079 2112 1150 2139 facta
1161 2120 1222 2140 esse
1236 2112 1340 2144 omnia,
1358 2111 1508 2139 secundum
1531 2110 1717 2146 Seripturam:

934 2159 1030 2186 Omnia
1040 2159 1068 2185 in
1079 2159 1209 2193 sapientia
1227 2158 1347 2192 fecisti“.
1361 2156 1502 2193 Sapientia
1515 2160 1606 2184 autem
1620 2161 1661 2184 est
1672 2155 1719 2184 Fi-

931 2204 996 2237 lius,
1011 2205 1057 2239 qui
1069 2208 1130 2238 est;
1144 2203 1236 2231 omnia
1248 2203 1342 2241 igitur,
1354 2203 1453 2238 inquit,
1466 2206 1547 2230 erant
1558 2203 1585 2229 in
1593 2201 1664 2230 Filio
1671 2203 1718 2238 qui

895 2252 920 2282 D
933 2254 984 2278 est.

970 2296 984 2332 §
1000 2296 1031 2325 ll.
1047 2295 1286 2331 Manifestatorias,
1314 2295 1361 2323 Gr.
1378 2295 1584 2331 ἐκφαντορικάς.
1604 2295 1719 2331 Ἐκφαν-

932 2342 1043 2379 τορικάς
1068 2347 1147 2370 vocat
1171 2350 1218 2375 eas
1243 2349 1305 2377 qua:
1329 2341 1469 2369 declarant
1497 2349 1546 2369 seu
1570 2349 1718 2376 repraesen-

933 2392 1003 2416 tant.

970 2435 1036 2468 sz
1062 2442 1142 2469 supra
1169 2443 1271 2462 omnem
1297 2422 1448 2461 bonitatem.
1475 2432 1545 2460 Nota
1569 2440 1620 2461 nos
1644 2436 1720 2461 recte

935 2482 1025 2510 dicere
1039 2482 1112 2517 quod
1125 2489 1234 2514 omnem
1248 2485 1358 2516 superet
1370 2481 1518 2508 bonitatem
1532 2484 1559 2507 et
1569 2479 1717 2513 deitatem;

935 2536 998 2564 ergo
1013 2536 1062 2563 per
1077 2528 1202 2556 subditas
1215 2528 1332 2555 deitates
1348 2527 1470 2562 intelligo
1496 2526 1654 2561 angelorum
1669 2526 1716 2561 ju-

932 2578 1092 2609 storumquc
1105 2574 1224 2601 virorum
1241 2573 1367 2601 deitates.

970 2619 1048 2654 167
1081 2618 1113 2645 In
1132 2618 1302 2645 absconditis.
1327 2617 1363 2645 Ut
1385 2618 1468 2645 illud:
1487 2617 1580 2645 Posuit
1601 2616 1718 2645 tenebrat

933 2665 1073 2692 latibulum
1097 2674 1173 2692 suum
1184 2670 1211 2699 ';
1227 2670 1254 2693 et
1273 2673 1385 2693 rursus:
1402 2664 1434 2692 In
1455 2664 1606 2692 abscondito
1623 2669 1729 2697 tempe-._

933 2712 1008 2737 statis
1018 2716 1040 2738 ‘.

723 2796 735 2810 ι
752 2789 826 2818 Psal.
845 2797 927 2822 Lxxx,
946 2789 971 2817 8.

554 2849 671 2878 VARIAI
691 2849 881 2878 LECTIONES
900 2849 944 2877 ET
964 2849 1237 2879 CORRECTIONES.

140 2895 163 2912 "
182 2895 217 2924 τὰ
230 2896 308 2925 αὐτὰ.
