1923 3064
194 175 244 204 3H

568 173 740 202 APPENDIX
754 173 799 200 AD
812 173 926 201 OPERA
945 172 974 199 S.
995 171 1144 200 DIONYSII
1164 169 1407 198 AREOPAGIT/E.

1759 167 1816 195 312

232 232 265 259 Et
279 240 369 259 sensus
383 232 555 267 participant.
577 231 711 264 Quoniam
726 231 806 267 paulo
821 234 884 258 ante
899 231 972 258 visus

1060 229 1114 256 Καὶ
1138 228 1305 262 αἰσθήσεως
1318 227 1545 263 μετειληφότων.
1576 225 1683 261 Ἐπειδὴ
1699 225 1752 261 πρὸ
1769 234 1815 260 μι-

193 281 237 305 est
253 277 344 305 dicere
358 297 366 310 ,
382 277 482 305 bonum
494 284 555 304 esse
570 277 722 311 subjectum
735 296 742 308 ,
763 284 825 303 cum
840 275 908 304 dixit
921 284 977 304 esse

193 323 252 358 ejus
265 322 334 358 quod
344 327 384 350 est
396 330 516 355 causam,
531 326 558 350 et
569 323 605 349 ita
615 322 754 357 deinceps,
770 330 804 350 ne
814 321 860 357 qui
874 322 976 357 absque

195 369 335 397 intellectu
349 369 468 404 legerent
481 367 655 396 occasionem
669 368 799 403 arguendi
814 368 975 403 reperirent,

194 415 250 443 ait:
265 415 327 442 Non
347 419 434 442 autem
449 414 522 442 aliud
536 422 592 441 esse
604 414 699 441 bonum
711 434 718 447 ,
734 419 759 441 et
781 414 853 441 aliud
866 414 893 441 id
907 413 976 450 quod

192 465 243 489 est.
259 461 346 496 Atque
359 462 456 488 iterum
466 482 474 495 ,
490 460 564 488 aliud
580 461 682 493 vitam;
697 467 778 496 quam
793 460 953 495 sapientiam
966 480 974 492 ,

195 515 277 535 unam
291 507 424 543 siquidem
438 506 561 534 omnium
575 513 636 534 esse
649 513 761 534 causam
771 527 779 540 ,
795 510 822 534 et
836 513 892 534 non
906 505 976 533 mul-

193 557 250 586 tas,
264 556 345 588 atque
359 552 456 581 merito
468 560 549 580 unam
560 552 690 580 Deitatem
702 561 762 588 quae
773 552 900 581 universa
913 560 976 588 pro-

192 598 280 630 duxit,
297 601 420 625 sanctam
433 604 483 625 nec
495 605 552 624 non
565 597 672 625 beatam
687 597 847 625 Trinitatem
860 617 867 630 ,
883 600 910 625 et
924 598 976 624 mi-

192 645 266 672 nime
278 644 376 672 multas
390 643 547 672 divinitates
562 644 729 678 creatrices;
746 643 797 671 hoc
812 647 903 671 autem
920 651 975 671 non

192 696 393 725 supervacanee
407 689 492 721 dixit.
508 690 556 718 sed
572 689 682 717 Graecos
708 690 845 726 stringens
865 690 974 726 sapien-

192 740 234 764 tes
253 739 280 763 et
303 735 447 764 haareticos
470 734 590 764 Simonis
615 739 784 768 sectatores,
808 736 856 772 qui
881 735 976 764 dicunt

195 782 262 810 deos
281 782 375 810 mundi
399 782 579 811 fabricatores
592 802 599 815 ,
613 787 717 818 quanto
732 782 875 812 inferiores
892 787 973 816 sunt,

190 833 267 858 tanto
292 836 400 864 quoque
428 828 595 857 inﬁrmiores
629 829 783 864 producere
811 834 974 862 creaturas,

191 876 274 904 etiam
289 883 377 910 usque
393 875 426 902 ad
442 875 564 904 omnium
580 875 785 904 fundamentum
799 896 805 909 ,
830 879 861 903 ut
875 876 953 903 aiunt
966 896 973 908 ,

191 921 218 948 id
233 924 276 948 est
290 921 442 948 materiam.

227 966 260 994 Et
272 966 339 993 Ιιαηε
353 966 457 1002 quidem
467 975 534 995 esse.
550 967 616 995 Boni
628 967 836 1003 appellationem
848 966 975 1002 perfectae

190 1013 301 1040 omnino
324 1013 502 1048 providentia:
525 1013 719 1041 declarativam
734 1033 741 1046 ,
758 1013 796 1040 ait
809 1020 888 1046 esse;
908 1013 974 1041 reli-

189 1067 258 1095 quas
277 1067 340 1087 vero
356 1059 547 1095 particulares,
565 1063 595 1086 ut
609 1059 694 1087 vitam
716 1063 743 1087 et
764 1058 925 1094 sapientiam
947 1062 975 1087 et

189 1106 342 1140 rationem;
360 1114 423 1134 nam
438 1114 482 1134 res
496 1113 592 1134 omnes
612 1113 661 1141 per
677 1105 725 1133 Dei
746 1105 895 1133 bonitatem
910 1113 975 1141 pro-

189 1151 278 1179 ducta:
293 1156 398 1180 suntut
412 1153 587 1185 exsisterent,
607 1155 725 1187 suntque
739 1151 817 1179 bonae
832 1159 881 1180 seu
896 1151 975 1180 valde

189 1197 285 1231 bona;
301 1205 355 1226 non
370 1201 460 1226 autem
474 1206 569 1227 omnes
586 1198 671 1226 vitam
685 1202 732 1225 aut
751 1198 912 1233 sapientiam
928 1201 975 1226 aut

189 1245 323 1273 rationem
342 1244 643 1280 participant,ideoque
657 1244 793 1280 ejusmodi
816 1244 975 1280 appellatio-

189 1298 240 1319 nes
270 1291 303 1318 ad
332 1290 459 1326 perfectae
488 1291 692 1319 distinctionem
725 1290 826 1326 posuit.
862 1290 974 1318 Ὀλικω-

188 1338 270 1374 τέρας
286 1345 350 1365 vero
366 1346 414 1366 seu
437 1337 622 1373 generaliores
637 1341 717 1365 vocat
731 1345 777 1365 eas
792 1345 852 1372 quae
868 1337 894 1364 in
912 1337 973 1373 plu-

188 1383 265 1410 ribus
279 1387 440 1416 cernuntur,
456 1387 485 1410 ut
496 1383 594 1416 vitam;
611 1383 735 1418 pervenit
749 1383 821 1410 enim
837 1391 924 1419 usque
939 1383 974 1411 ad

189 1429 297 1464 plantas
312 1432 339 1456 et
351 1429 479 1456 animalia
493 1429 637 1456 rationalia
651 1428 820 1464 rationisque
833 1429 971 1465 expertia:

189 1475 322 1510 sapientia
346 1479 436 1503 autem
458 1478 486 1503 et
506 1475 576 1502 ratio
596 1475 775 1510 particulare‘s
789 1475 893 1511 magis;
910 1482 973 1502 nam

188 1519 231 1549 ha:
246 1521 272 1547 in
290 1521 357 1548 solis
372 1521 487 1548 rationis
507 1520 687 1556 participibus
701 1520 918 1556 conspiciuntur.

1027 275 1093 311 κροῦ
1119 274 1191 308 ἐδοξέ
1208 283 1265 306 πως
1285 273 1420 301 ὑπόϐασιν
1439 272 1530 307 λέγειν
1547 272 1578 298 τὸ
1594 271 1695 306 ἀγαθὸν
1707 290 1715 303 ,
1730 269 1816 297 εἰπὼν

1026 321 1079 348 τοῦ
1102 320 1188 354 ὄντος
1208 320 1322 353 αἴτιον,
1344 320 1392 346 καὶ
1416 318 1487 346 οὕτω
1512 317 1629 353 καθεξῆς
1642 339 1650 351 ,
1667 318 1710 344 ῐνα
1732 317 1769 353 μὴ
1789 318 1815 344 ol

1026 367 1163 399 ἀσυνέτως
1176 366 1408 402 ἀναγινώσκοντες
1422 365 1522 401 εὕρωσι
1536 364 1665 400 μέμψεως
1676 364 1814 400 ἀφορμὴν,

1026 412 1118 450 φησίν·
1135 415 1196 441 Οὐκ
1210 413 1287 440 ἀλλο
1299 412 1333 440 δὲ
1346 413 1424 440 εἶναι
1437 411 1471 439 τὸ
1485 411 1607 446 ἀγαθὸν,
1622 411 1671 438 καὶ
1685 411 1763 438 ἄλλο
1780 411 1816 438 τὸ

1025 460 1076 487 ὅγ’
1093 460 1140 487 καὶ
1153 458 1187 488 αὖ
1204 460 1302 492 πάλιν,
1317 459 1381 487 ἄλλο
1395 459 1445 495 τὴν
1459 458 1542 494 ζωὴν,
1558 458 1575 494 ἢ
1591 457 1641 494 τὴν
1657 457 1762 492 σοφίαν’
1785 457 1816 484 ἐν

1025 506 1079 543 γὰρ
1095 504 1164 534 εῖναι
1186 506 1240 534 τῶν
1257 506 1384 534 ἁπάντων
1400 505 1486 532 αῐτιον
1497 525 1505 538 ,
1528 505 1575 531 καὶ
1590 504 1620 531 οὑ
1643 504 1728 531 πολλὰ
1738 524 1745 535 ,
1767 504 1816 531 καὶ

1027 553 1091 589 μίαν
1105 552 1217 584 εἰκότως
1233 552 1348 588 θεὸτητα
1362 552 1450 580 πάντα
1467 552 1655 588 παράγουσαν,
1669 551 1719 586 τὴν
1734 550 1816 585 ἁγίαν

1025 599 1072 626 καὶ
1093 598 1229 634 μακαρίαν
1239 598 1259 614 ¹⁷
1275 598 1389 634 Τριάδα,
1415 598 1463 624 καὶ
1486 598 1523 634 μὴ
1538 597 1640 629 πολλὰς
1681 597 1812 632 Θεότητας

1024 644 1205 680 δημιουργούς
1215 653 1223 660 ·
1238 644 1316 672 τοῦτο
1329 645 1358 672 δέ
1371 644 1403 671 οὐ
1417 643 1552 680 περιττῶς
1568 640 1655 675 εἶπεν,
1671 642 1738 669 ἀλλὰ
1752 641 1816 669 καθ-

1024 691 1174 726 απτόμενος
1196 690 1250 718 τῶν
1271 691 1336 727 παρ’
1357 690 1470 726 Ἕλλησι
1490 689 1598 724 σοφῶν,
1621 689 1669 716 καὶ
1689 688 1745 715 τῶν
1760 687 1815 714 ἀπὸ

1025 738 1145 774 Σίμωνος
1169 736 1333 773 αἱρετικῶν,
1359 737 1386 764 οἳ
1418 735 1606 773 κοσμοποιούς,
1624 743 1690 770 φασι
1721 734 1815 765 Θεοὺς.

1025 785 1140 812 καθόσον
1156 783 1342 819 ὑποϐεσήκασι
1353 802 1360 815 ,
1380 782 1507 809 τοσοῦτον
1522 781 1570 809 καὶ
1585 781 1619 808 τὰ
1633 780 1814 815 ἀσθενέστερα

1025 831 1077 858 τῶν
1092 830 1248 866 κτισμάτων
1263 830 1451 865 παράγοντας,
1468 828 1522 860 ἓως
1534 828 1582 855 κα)⁸
1597 827 1646 864 τῆς
1658 827 1714 854 τῶν
1729 826 1815 855 ἀπάν-

1025 885 1077 903 των
1092 875 1278 911 ὑποστάθμης,
1294 874 1333 906 ὥς
1345 882 1421 910 φασι,
1436 873 1558 901 τουτέστι
1574 873 1625 908 τῆς
1641 872 1718 908 ὕλης.

1059 976 1115 1004 Καὶ
1130 976 1187 1011 τὴν
1202 976 1260 1011 μὲν
1280 975 1366 1003 εἶναι,
1388 974 1444 1011 Τὴν
1464 973 1512 1002 τοῦ
1534 972 1638 1008 ἀγαθοῦ
1655 971 1815 1008 ἐπωνυμίαν

1025 1022 1171 1054 παντελοῦς
1184 1021 1310 1058 προνοίας
1325 1021 1451 1057 δεκτικὴν
1468 1019 1537 1047 εἷναί
1552 1027 1618 1055 φησι
1628 1028 1634 1034 ·
1651 1017 1701 1050 τὰς
1716 1017 1744 1044 δέ
1758 1017 1813 1044 λοι-

1026 1069 1089 1102 πὰς,
1108 1069 1232 1105 μερικὰς,
1249 1065 1303 1094 οἷον
1320 1067 1392 1104 ζωὴν
1407 1067 1454 1094 καὶ
1470 1066 1576 1100 σοφίαν,
1592 1065 1639 1092 καὶ
1653 1064 1732 1099 λόγον
1742 1072 1749 1079 ·
1767 1064 1815 1091 καὶ

1025 1116 1113 1144 πάντα
1130 1116 1178 1151 μὲν
1191 1115 1247 1151 γὰρ
1261 1114 1294 1141 τὰ
1309 1114 1373 1141 ὄντα
1387 1113 1420 1141 δι’
1436 1113 1591 1148 ἀγαθότητα
1602 1111 1669 1139 Θεοῦ
1685 1110 1813 1147 παρήχθη

1025 1162 1093 1198 πρὸς
1107 1160 1240 1197 ὓπαρξιν,
1256 1159 1303 1188 καί
1317 1160 1385 1186 εἰσιν
1402 1157 1507 1193 ἀγαθὰ,
1524 1158 1582 1193 ἤτοι
1598 1156 1669 1184 καλὰ
1683 1156 1743 1183 λίαν
1755 1164 1761 1171 ·
1781 1156 1815 1182 οὐ

1025 1207 1114 1236 πάντα
1128 1206 1156 1233 δὲ
1171 1206 1243 1241 ζωῆς
1260 1205 1277 1241 ἢ
1294 1205 1373 1239 λόγου
1395 1204 1412 1241 ἢ
1430 1203 1524 1238 σοφίας
1540 1202 1693 1239 μετέχουσι*
1708 1202 1749 1229 διδ
1763 1202 1815 1234 τὰς

1024 1253 1150 1285 τοιαύτας
1168 1251 1327 1287 ἐπωνυμίας
1342 1250 1414 1278 κατὰ
1427 1249 1630 1285 ἀντιδιαστολὴν
1644 1249 1694 1284 τῆς
1713 1257 1814 1276 παντε-

1024 1300 1086 1332 λοῦς
1103 1299 1234 1326 τέθεικεν.
1265 1297 1445 1332 Ὀλικωτέρας
1467 1296 1495 1324 δέ
1512 1304 1578 1332 φησι
1596 1295 1647 1327 τὰς
1662 1295 1708 1322 ἐπὶ
1722 1294 1814 1322 πλειό-

1024 1354 1076 1373 νων
1090 1344 1287 1380 θεωρουμένας,
1302 1340 1357 1370 οἴον
1371 1341 1443 1378 ζωήν
1455 1350 1462 1357 '
1479 1342 1574 1376 φθάνει
1588 1341 1642 1377 γὰρ
1658 1341 1705 1368 ἐπὶ
1722 1339 1814 1376 φυτῶν

1024 1392 1071 1419 καὶ
1086 1391 1173 1425 ζώων,
1188 1389 1304 1425 λογικῶν
1323 1397 1352 1416 τε
1367 1389 1414 1416 καὶ
1428 1388 1531 1423 ἀλόγων
1544 1396 1552 1404 θ
1570 1388 1651 1424 σοφία
1665 1388 1694 1414 δὲ
1708 1388 1754 1414 καὶ
1767 1387 1813 1414 λό-

1024 1446 1070 1472 γος
1094 1436 1291 1473 μερικώτεραι·
1314 1435 1359 1462 ἐπὶ
1385 1434 1472 1470 μόνων
1493 1433 1547 1470 γὰρ
1565 1433 1682 1468 λογικῶν
1697 1433 1814 1470 ὁρῶνται

1023 1490 1118 1509 ταυτα.

224 1566 238 1602 ς
254 1565 298 1594 lll.
315 1568 353 1593 Ac
367 1567 426 1594 vita
445 1567 613 1602 sapientiam.
637 1566 705 1594 Cum
727 1567 808 1602 paulo
829 1566 972 1594 obscurior

1059 1570 1073 1607 θ
1086 1571 1132 1598 ill.
1148 1571 1202 1598 Καὶ
1218 1571 1274 1606 τῆς
1289 1570 1363 1605 ζωῆς
1385 1569 1443 1604 τὴν
1464 1569 1585 1604 σοφίαν.
1615 1568 1817 1605 Ἀσαφέστερόν

188 1613 225 1642 sit
239 1620 339 1646 sermo,
356 1613 475 1640 arbitror
490 1614 571 1641 talem
592 1612 734 1640 insinuare
749 1612 910 1640 sententiam
921 1634 928 1646 ,
943 1617 973 1639 ut

188 1657 280 1692 aliquo
291 1659 433 1687 dubitante
443 1667 476 1687 ac
483 1660 590 1688 dicente
601 1670 607 1687 :
622 1659 688 1692 Cur,
705 1659 816 1687 nomine
826 1658 913 1694 ipsius
926 1659 973 1685 τοῦ

187 1705 263 1737 δντος
279 1713 327 1733 seu
348 1707 414 1733 emis
439 1710 586 1741 superante
610 1706 671 1733 vita:
693 1705 922 1741 appellationem,
946 1708 974 1732 et

187 1759 285 1780 rursus
297 1753 406 1779 nomine
419 1752 481 1779 vitae
491 1755 635 1788 praestante
646 1751 795 1786 sapientiae,
809 1751 881 1778 sicut
891 1750 973 1778 etiam

187 1798 255 1826 ordo
278 1799 337 1833 ipse
360 1798 412 1826 hoc
436 1798 576 1832 postulat,
603 1797 832 1832 quemadmodum
860 1796 973 1832 ipsemet

187 1845 268 1879 paulo
283 1848 347 1872 ante
362 1844 511 1871 declaravit
524 1844 639 1871 dicendo
650 1863 658 1876 ,
678 1847 705 1870 et
725 1851 774 1870 ens
795 1846 822 1870 et
835 1843 934 1874 vitam,
947 1845 974 1869 et

187 1890 349 1924 sapientiam
360 1890 487 1917 essentia!
499 1889 673 1922 effectricem,
687 1892 714 1916 ct
724 1889 786 1916 vitae
797 1888 971 1920 eil‘ectricem,

187 1942 213 1964 et
228 1937 369 1972 sapientia:
384 1936 526 1968 datricem,
540 1936 667 1964 essentia:
682 1943 804 1966 causam,
817 1938 845 1962 et
858 1934 930 1966 vitae,
946 1937 974 1960 et

187 1983 287 2010 mentis
300 2002 307 2014 ,
324 1986 352 2010 et
370 1983 486 2010 rationis
501 1982 664 2017 participum
682 1986 764 2017 atque
783 1988 881 2008 sensus
893 2000 900 2012 ,
918 1987 973 2007 non

187 2029 304 2065 amplius
326 2029 449 2057 ordinem
473 2029 545 2056 hunc
559 2029 586 2056 in
601 2029 682 2056 rebus
704 2027 844 2055 videmus?
861 2026 973 2062 Oportet

186 2077 258 2103 enim
282 2075 431 2104 secundum
447 2075 536 2102 dictos
553 2082 567 2102 a
584 2079 610 2102 te
626 2074 727 2110 gradus
739 2093 747 2105 ,
765 2081 796 2101 ea
816 2080 877 2108 qua:
899 2072 972 2099 exsi-

187 2124 263 2149 stunt
278 2121 364 2157 magis
377 2121 411 2149 iis
422 2128 482 2156 quae
496 2121 591 2148 vivunt
604 2125 630 2148 et
643 2121 764 2148 sentiunt
781 2122 807 2147 et
820 2118 973 2153 intelligunt

186 2171 213 2195 et
230 2167 437 2199 ratiocinantur,
456 2167 482 2194 id
498 2170 541 2194 est
554 2170 672 2194 mentem
689 2173 720 2193 ac
737 2165 870 2192 rationem
887 2164 973 2199 parti-

185 2214 353 2249 cipantibus,
371 2212 426 2241 Deo
446 2213 558 2249 propius
577 2211 657 2248 168
674 2212 822 2245 accedere;
839 2218 892 2238 non
911 2217 971 2237 am-

1025 1626 1082 1649 πως
1105 1617 1265 1653 ἐγκειμένης
1288 1617 1338 1651 τῆς
1362 1616 1483 1652 ρἠεως,
1509 1614 1586 1651 οἶμαι
1612 1615 1643 1642 τὸ
1668 1615 1814 1651 λεγόμενον

1023 1662 1141 1690 τοιοῦτόν
1150 1671 1210 1690 τινα
1222 1662 1283 1689 νοῦν
1291 1662 1458 1697 ὑποφαίνειν
1476 1661 1513 1694 ὥς
1527 1670 1600 1693 τινος
1611 1661 1815 1697 ἐπαποροῦντος

1024 1709 1072 1736 καὶ
1090 1708 1284 1743 λέγοντοςοΔιὰ
1299 1708 1335 1741 τί,
1351 1707 1397 1734 τοῦ
1414 1708 1543 1743 ὀνόματος
1560 1706 1642 1734 αὑτοῦ
1655 1707 1709 1734 τοῦ
1725 1706 1815 1740 ὄντος

1024 1754 1201 1790 ὑπερέχοντος
1215 1754 1266 1789 τῆς
1290 1753 1362 1790 ζωῆς
1377 1753 1426 1790 τὴν
1444 1753 1628 1789 προσηγορίαν
1640 1773 1648 1786 ,
1667 1753 1714 1780 καὶ
1732 1752 1814 1780 πάλιν

1022 1801 1069 1828 τοῦ
1083 1801 1213 1836 ὀνόματος
1227 1800 1277 1836 τῆς
1290 1800 1363 1836 ζωῆς
1376 1800 1568 1836 ὑπεραίροντος
1581 1799 1629 1835 τὴν
1645 1799 1750 1833 σοφίαν,
1764 1799 1813 1826 ἅτε

1024 1847 1071 1874 καὶ
1086 1847 1135 1882 τῆς
1147 1845 1251 1878 τάξεως
1263 1845 1342 1872 τοῦτο
1356 1845 1532 1881 ἀπαιτούσης,
1550 1846 1588 1876 ὡς
1599 1845 1647 1872 καὶ
1661 1845 1742 1877 αὐτὸς
1758 1845 1814 1881 πρὸ

1025 1892 1147 1929 βραχέως
1162 1892 1295 1927 ἐδήλωσεν
1309 1891 1404 1923 ειπὼν,
1421 1891 1467 1918 κα)⁴
1478 1891 1518 1924 ὂν,
1536 1892 1584 1917 καὶ
1599 1890 1686 1927 ζωὴν,
1703 1891 1749 1918 καὶ
1767 1900 1813 1918 σο-

1024 1939 1087 1974 φίαν
1101 1939 1150 1973 τὴν
1163 1937 1323 1970 οὐσιοποιδν,
1338 1938 1385 1963 καὶ
1396 1938 1535 1969 ζωοποιδν,
1551 1937 1598 1964 καὶ
1613 1938 1749 1972 σοφοδότιν
1773 1939 1814 1965 αι-

1022 1985 1082 2012 τίαν
1096 1984 1152 2011 τῶν
1160 1983 1270 2016 οὐσίας,
1287 1984 1334 2010 καὶ
1353 1983 1433 2018 ζωῆς,
1454 1983 1500 2010 καὶ
1517 1983 1573 2015 νοῦ,
1590 1983 1636 2010 καὶ
1653 1983 1730 2018 λόγου
1749 1994 1814 2020 μετ-

1023 2030 1187 2066 ειληφότων,
1204 2030 1251 2057 καὶ
1265 2029 1431 2065 αἰσθήσεως,
1444 2029 1536 2056 οὐκέτι
1552 2029 1600 2064 τὴν
1616 2029 1693 2063 τάξιν
1708 2030 1813 2066 ταύτην

1023 2076 1131 2113 ὁρῶμεν
1146 2076 1176 2103 ἐν
1189 2077 1245 2108 τοῖς
1257 2073 1333 2108 οὖσι;
1350 2075 1409 2102 δέον
1421 2075 1475 2110 γὰρ
1489 2074 1559 2101 κατὰ
1572 2076 1636 2107 τοὺς
1651 2076 1813 2112 εἰρημένους

1024 2122 1076 2149 ὑπὸ
1098 2121 1145 2149 σοῦ
1167 2121 1286 2157 βαθμοὺς
1297 2141 1304 2152 ,
1321 2121 1355 2148 τὰ
1369 2121 1435 2148 ὅντα
1451 2121 1531 2149 πλέον
1546 2121 1600 2148 τῶν
1618 2120 1725 2153 ζώντων
1735 2142 1742 2153 ,
1764 2121 1812 2150 καὶ

1022 2168 1076 2195 τῶν
1095 2167 1312 2203 αἰσθανομένων,
1336 2167 1384 2194 καὶ
1403 2167 1456 2193 τῶν
1479 2167 1596 2202 νοερῶν,
1616 2167 1662 2194 καὶ
1676 2167 1810 2201 λογικῶν,

1022 2215 1143 2241 τουτέστι
1155 2213 1202 2240 τοῦ
1215 2213 1260 2240 νοῦ
1275 2213 1321 2240 καὶ
1334 2212 1412 2247 λόγου
1427 2212 1635 2248 μετειληφότων,
1651 2212 1811 2248 πλησιάζειν

185 2260 258 2294 plius
272 2264 362 2287 autem
380 2260 420 2287 sic
432 2280 439 2291 ,
464 2259 511 2287 sed
526 2259 695 2286 contrarium
712 2261 770 2291 est;
788 2256 869 2284 veluti
885 2255 968 2286 casio,

1024 2261 1096 2296 θεῷ·
1115 2260 1205 2287 οὐκέτι
1225 2259 1274 2294 μὲν
1289 2258 1375 2290 οὕτως
1386 2277 1393 2290 ,
1414 2257 1443 2290 ἐξ
1464 2258 1584 2284 ἐναντίου
1600 2259 1628 2286 δέ
1645 2259 1719 2285 ἐστιν
1732 2280 1738 2290 ,
1754 2258 1811 2286 οἷον

185 2309 211 2332 el
226 2305 319 2337 astris,
335 2309 362 2332 et
375 2309 460 2337 terra,
476 2309 503 2332 ct
521 2312 602 2340 aqua,
617 2307 644 2332 et
659 2312 732 2336 aere,
747 2307 774 2331 et
796 2302 830 2330 iis
855 2310 916 2337 quae
936 2309 970 2329 ex

185 2350 253 2385 ipsis
267 2351 410 2383 oriuntur,
427 2350 558 2378 viciniora
574 2353 639 2378 sunt
659 2349 734 2377 circa
755 2349 802 2376 Dei
823 2347 970 2384 providen-

185 2396 251 2422 tiam
266 2403 297 2423 ea
310 2404 371 2431 quas
383 2396 489 2428 vivunt,
503 2396 554 2423 etsi
571 2396 625 2423 vita
643 2395 792 2431 vegetativa
814 2395 923 2426 vivant,
940 2396 970 2420 ut

187 2442 285 2476 planta:
300 2446 327 2469 et
340 2442 451 2474 similia,
465 2442 675 2477 viventibuSque
691 2442 821 2469 viciniora
836 2445 900 2469 sunt
912 2448 972 2468 sen-

186 2487 257 2518 silia,
274 2487 300 2514 id
312 2491 354 2515 est
373 2488 487 2516 rationis
501 2489 640 2523 expertia;
656 2488 757 2523 plantis
768 2488 840 2516 enim
856 2495 887 2514 ac
903 2487 970 2514 her-

185 2533 228 2562 bis
238 2553 245 2565 ,
266 2533 427 2568 pretiosiora
441 2538 505 2561 sunt
519 2535 546 2561 in
567 2534 622 2561 vita
637 2534 742 2562 ratione
756 2534 887 2567 carentia,
904 2543 972 2570 qua-

184 2583 265 2608 tenus
281 2580 362 2608 etiam
377 2584 482 2607 tantum
499 2580 621 2608 sentiunt
641 2581 741 2616 plantis
759 2580 827 2608 nihil
847 2581 968 2608 sentien-

185 2625 274 2660 tibus;
296 2633 356 2661 quaa
380 2629 469 2653 autem
493 2627 598 2653 ratione
614 2629 729 2654 utuntur
751 2626 883 2654 viciniora
904 2629 969 2654 sunt

184 2673 240 2701 Deo
257 2673 404 2701 sensilibus
416 2693 424 2705 .
442 2674 651 2702 rationabilibus
667 2682 732 2702 vero
745 2679 850 2703 mentes
862 2695 869 2707 ,
886 2675 912 2702 id
927 2678 969 2702 est

185 2719 340 2754 superiores
354 2719 456 2747 mundo
471 2721 595 2752 virtutes,
611 2725 640 2747 ut
651 2721 730 2749 nobis
742 2722 788 2756 qui
799 2722 903 2749 ratione
914 2722 968 2748 uti-

185 2773 245 2794 nmr
260 2765 432 2800 superiores,
449 2766 678 2795 immaterialitate
698 2772 779 2803 atque
801 2767 968 2804 intelligendi

1022 2305 1148 2342 οὐρανοῦ,
1163 2306 1210 2332 καὶ
1223 2305 1339 2340 ἄστρων,
1356 2304 1403 2330 καὶ
1415 2304 1476 2339 γῆς,
1488 2304 1535 2330 καὶ
1546 2304 1650 2336 ὕδατος,
1660 2306 1707 2332 καὶ
1718 2306 1809 2341 ἀέρος,

1023 2353 1070 2380 καὶ¹
1092 2352 1146 2379 τῶν
1167 2351 1299 2384 ἐξαύτῶν
1317 2350 1497 2386 πλησιαίτερα
1521 2350 1585 2386 περὶ
1608 2351 1657 2387 τὴν
1681 2352 1809 2388 πρόνοιαν

1022 2399 1069 2427 τοῦ
1083 2399 1150 2426 Θεοῦ
1171 2398 1205 2425 τὰ
1224 2397 1312 2430 ζῶντα
1322 2417 1329 2430 ,
1346 2398 1370 2423 ει
1384 2397 1430 2424 καὶ
1443 2396 1492 2432 τὴν
1508 2397 1623 2433 φυτικὴν
1637 2397 1704 2430 ζῶσι
1721 2399 1807 2435 ζωὴν,

1020 2443 1065 2473 οἷα
1078 2445 1112 2472 τὰ
1126 2444 1197 2480 φυτὰ
1212 2445 1259 2471 καὶ
1276 2444 1310 2470 τὰ
1326 2443 1440 2470 τοιαῦτα
1451 2464 1458 2475 ,
1481 2444 1528 2470 καὶ
1542 2443 1596 2470 τῶν
1615 2443 1722 2476 ζώντων
1738 2444 1808 2480 πλη-

1022 2493 1145 2528 σιαίτερα
1160 2490 1194 2518 τὰ
1208 2490 1364 2526 αίσθητικὰ,
1378 2489 1499 2516 τουτέστι
1514 2489 1548 2516 τὰ
1563 2490 1646 2524 ἄλογα
1658 2498 1665 2506 ο
1681 2490 1735 2517 τῶν
1751 2491 1808 2527 γὰρ

1021 2539 1112 2574 φυτῶν
1134 2538 1181 2565 κα)⁵
1203 2536 1321 2573 βοτανῶν
1343 2535 1490 2572 τιμιώτερα
1514 2535 1544 2562 ἐν
1566 2534 1622 2571 ζωῇ
1647 2535 1681 2562 τὰ
1702 2536 1807 2570 ἄλογα,

1021 2584 1081 2612 καθ’
1095 2585 1109 2612 ὃ
1125 2584 1176 2611 κᾶν
1193 2584 1271 2620 μόνον
1287 2582 1475 2614 αἰσθάνωνται,
1490 2581 1543 2608 τῶν
1557 2581 1648 2616 φυτῶν
1665 2582 1702 2618 μὴ
1717 2582 1809 2609 αἰσθα-

1022 2631 1140 2666 νομένων
1152 2639 1158 2645 ·
1180 2629 1233 2656 τῶν
1255 2629 1283 2656 δὲ
1308 2627 1471 2662 αἰσθητικῶν
1494 2627 1628 2663 ἐγγύτερα
1643 2627 1682 2663 τῷ
1699 2628 1758 2663 Θεῷ
1772 2629 1808 2656 τὰ

1022 2676 1117 2711 λογικά
1127 2685 1134 2692 ’
1151 2675 1204 2702 τῶν
1219 2675 1247 2702 δέ
1260 2675 1375 2710 λογικῶν
1390 2674 1414 2700 οἱ
1427 2673 1502 2704 νόες,
1520 2673 1656 2699 τουτέστιν
1673 2674 1700 2700 αἱ
1720 2674 1791 2710 ὑπερ

1023 2722 1129 2756 κόσμιοι
1150 2720 1275 2755 δυνάμεις
1287 2739 1294 2752 ,
1311 2719 1348 2750 ὡς
1361 2717 1439 2754 ἡμῶν
1457 2717 1511 2743 τῶν
1525 2717 1639 2751 λογικῶν
1654 2717 1805 2754 ἁνώτεραι,

1023 2766 1093 2793 κατὰ
1112 2766 1143 2792 τὸ
1162 2765 1241 2793 ᾶῡλον
1261 2765 1307 2792 καὶ
1327 2765 1417 2800 νοερὸν
1439 2763 1594 2798 ἐγγίζουσαι
1612 2763 1711 2798 μᾶλλον
1727 2763 1806 2800 ἡμῶν

627 2847 744 2876 VARUS
760 2848 950 2878 LECTIOSES
968 2848 1011 2877 ET
1033 2844 1306 2876 CORRECTIONES.

221 2902 237 2916 "‘
254 2902 402 2940 ἑμοοῦτιον.
