1926 3062
120 173 171 202 315

476 174 505 204 S.
525 175 650 204 MAXIM!
670 177 817 207 SCHOLIA
836 179 869 206 IN
887 179 951 207 LIB.
969 179 1014 207 DE
1033 179 1159 208 DlVlNlS
1176 180 1372 210 NOMINIBUS.

1694 184 1746 212 5H

120 231 155 267 τῷ
167 230 236 267 Θεῷ·
246 231 334 258 καίτοι
347 231 400 259 ἔδει
413 232 444 260 τὸ
457 233 578 261 ἐναντίον
591 234 626 262 τὰ
639 235 702 262 ὄντα
718 237 764 263 καὶ
779 237 901 273 μειζόνωι

960 237 1089 265 facultate
1103 243 1168 266 sunt
1181 238 1260 267 nobis
1276 238 1332 266 Deo
1346 238 1442 266 vicina:
1456 237 1560 274 magis;
1574 238 1649 274 atqui
1664 247 1745 275 opor-

117 276 224 312 δωρεῶν
247 277 417 304 ἀπολαύοντα
438 278 486 305 τοῦ
506 279 574 306 Θεοῦ
599 281 669 316 ὑπὲρ
683 281 717 308 τὰ
732 282 799 309 ἄλλα
818 280 886 309 εἶναι
899 303 905 315 ,

117 321 173 351 οἷον
184 323 229 350 τὸν
243 323 367 359 οὐρανὸν,
378 323 413 351 τὰ
424 325 511 361 ἄστρα
523 326 570 353 καὶ
583 326 618 353 τὰ
631 327 753 354 τοιαῦτα.
768 328 824 355 Καὶ
837 328 906 365 αὕτη

118 368 167 404 μὲν
187 369 203 404 ἡ
222 368 408 405 ὲπαπύρησις·
430 370 522 398 λοιπὸν
543 369 590 398 οὖν
610 372 787 409 ἀποκρίνεται
807 375 821 401 6
837 374 908 406 θεῖος

115 414 252 447 Διονύσιος
268 416 300 443 ὲκ
313 415 361 443 τοῦ
377 416 423 443 νοῦ
432 436 440 449 ,
455 417 502 444 καὶ
515 417 562 444 τοῦ
575 417 653 453 λόγου
664 439 671 452 ,
686 419 796 454 καὶτῆς
810 420 906 456 αἰσθή-

118 468 186 493 σεως
208 461 268 488 καθ’
288 461 420 489 ὕπόὸασιν
443 463 490 490 καὶ
511 463 560 495 τὰς
583 465 761 501 προτιμήσεις
781 466 904 494 τάττων-

116 507 202 538 οὖτως
217 507 343 543 εὑρήσεις
359 508 427 543 μετὰ
444 509 509 544 μίαν
526 509 626 536 σελίδα.

151 553 252 582 Καίτοι
271 553 331 580 ἔδει
347 554 384 581 τὰ
401 554 460 582 τῶν
476 554 626 590 μειζόνων.
646 555 782 588 Μείζονας
802 556 907 593 δωρεάς

117 607 184 634 φησι
199 597 249 630 τὰς
264 599 311 625 ἐπὶ
333 599 451 627 πλεόνων
472 601 677 637 θεωρουμένας,
695 599 750 629 οἷον
768 602 799 630 τὸ
813 603 843 631 ὸν
859 604 906 630 καὶ

115 644 166 680 τὴν
181 643 254 680 ζωήν
263 652 270 660 “
287 645 355 672 ἀλλὰ
374 645 409 672 τὰ
423 646 525 674 τούτων
549 647 627 683 μόνον
652 648 799 684 μετέχοντα
813 649 863 677 οὐκ
877 650 907 677 ὲν

117 688 236 725 πρώτοις
252 690 300 717 καὶ
314 691 476 727 κρείττοσιν,
494 691 551 719 ἀλλ’
567 692 596 719 ἐν
615 694 672 725 τοῖς
691 693 800 728 ἥττοσιν
820 694 906 730 ὁρῶν-

116 743 178 768 ται,
195 735 288 772 ἐπειδὴ
309 735 344 763 τὰ
360 737 410 772 μὲν
426 737 594 773 ὑπερέχοντα
605 758 613 771 ,
637 738 745 770 καὶτὰς
759 738 813 765 τῶν
828 740 905 773 ὑφει-

117 780 205 816 μένων
218 781 325 817 ἔχουσιν
335 782 468 819 ἰδιότητας
481 784 527 811 τοῦ
542 782 623 818 εἶναι,
634 784 681 812 τοῦ
697 784 758 820 ζῇν,
772 786 819 812 καὶ
832 785 906 813 κατὰ

115 826 195 854 τοῦτο
207 827 358 863 κρείττονα,
375 829 399 856 εί
412 829 460 856 καὶ
474 829 519 857 διὰ
534 830 726 867 μερικωτέρων
741 831 905 866 ὲπωνυμιῶν

117 873 282 908 σημαίνοντα
291 881 300 892 ε
314 873 349 900 τὰ
363 874 392 901 δὲ
407 874 461 902 τῶν
476 875 645 912 ὀλικωτέρων
657 877 687 903 οὐ
702 876 843 912 μετέχουσι
854 876 904 912 τῆς

115 917 170 945 τῶν
185 919 347 955 κρειττόνων
364 920 509 957 ἰδιότητος,
526 922 647 949 τουτέστι
663 923 760 957 σοφίας
770 943 778 955 ,
795 923 842 950 καὶ
862 922 906 948 λό-

116 972 166 999 γου
190 965 237 992 καὶ
259 966 436 1002 νοεράτητος·
461 967 509 996 καὶ
535 967 606 995 κατὰ
627 968 706 995 τοῦτο
729 969 846 1004 ἥττονα,
868 967 906 1001 ὡς

115 1011 244 1046 ἡττόνων,
259 1012 342 1047 ἤγουν
358 1012 528 1049 ὀλιγωτέρων
543 1014 652 1050 δωρεῶν
669 1014 816 1050 μετέχοντα
825 1035 833 1047 ,
848 1014 903 1042 ὧσ-

115 1064 169 1093 περ
188 1054 235 1084 οὖν
255 1057 290 1084 τὰ
307 1057 405 1094 ἔτερα,
429 1058 467 1091 ὼς
481 1058 627 1093 πλειόνων,
642 1059 689 1087 καὶ
703 1059 845 1096 κρείττονα
859 1060 906 1086 καὶ

114 1101 175 1138 Θεῷ
189 1103 382 1140 πλησιαίτερα.

148 1148 204 1175 Καὶ
223 1148 311 1179 ζῶσιν
324 1149 401 1184 ὑπὲρ
417 1150 454 1178 τὰ
473 1150 562 1178 ἄλλα.
581 1151 642 1178 Ὀτι
662 1151 698 1178 τὰ
719 1151 905 1188 ὑπερκείμενα

113 1194 162 1221 καὶ
177 1194 276 1230 μᾶλλον
289 1194 349 1231 Θεῷ
369 1195 552 1231 πλησιάζοντα
571 1197 678 1231 λέγεται
693 1197 773 1224 πλέον
787 1197 837 1233 ζῇν
850 1197 904 1225 τῶν

113 1240 334 1276 ὑποϐεϐηκότων,
348 1239 403 1268 οἷον
419 1242 444 1269 οἱ
458 1242 525 1270 θεῖοι
545 1243 604 1275 νόες
624 1243 696 1279 ὑπὲρ
715 1243 789 1278 ἡμᾶς
803 1243 885 1276 ζῶσιν
895 1263 902 1277 ,

113 1286 152 1318 ὡς
167 1287 267 1322 μᾶλλον
281 1287 340 1323 Θεῷ
356 1288 560 1323 πλησιάζοντες.
578 1289 662 1316 Πάλιν
676 1290 757 1325 ἡμεῖς
772 1289 810 1322 ὡς
829 1290 903 1324 λογι-

113 1334 166 1366 κοὶ,
179 1335 234 1361 τῶν
242 1334 346 1369 ἀλόγων
358 1334 438 1361 πλέον
449 1335 582 1371 λεγόμεθα
594 1335 652 1371 ςῇνι
665 1335 746 1362 πάλιν
759 1335 794 1362 τὰ
807 1335 902 1370 ἄλογα,

111 1380 151 1412 ὡς
164 1379 290 1415 αἴσθησιν
305 1380 411 1416 ἔχοντα,
429 1381 509 1408 πλέον
523 1381 555 1417 ζῇ
569 1381 623 1408 τῶν
637 1380 738 1416 φυτῶν,
755 1381 794 1412 ὼς
808 1380 903 1417 αἴσθη-

113 1435 155 1453 σιν
174 1426 211 1463 μὴ
225 1427 350 1463 ἑχόντων,
365 1427 433 1454 ἀλλὰ
447 1428 531 1463 μόνην
544 1427 594 1463 τὴν
608 1427 724 1463 φυτικὴν
738 1427 820 1463 ζωήν.

147 1472 162 1508 §
178 1472 223 1500 IV.
247 1473 278 1499 '0
291 1473 333 1500 ὢν
343 1473 416 1501 ὅλου
431 1473 484 1501 τοῦ
499 1474 584 1501 εἶναι.
602 1474 638 1501 Τὸ
652 1473 691 1507 ὃν,
710 1474 756 1501 ἐπὶ
771 1474 818 1501 106
835 1474 902 1502 Θεοῦ

111 1518 266 1555 λεγόμενον,
277 1519 338 1546 ὅλου
352 1519 501 1556 συλλήϐδην
516 1519 564 1547 τοῦ
581 1519 649 1547 εἶναι
665 1520 793 1556 ὑπέρεστι
803 1528 810 1535 ·
825 1519 904 1547 τοῦτο

111 1565 166 1601 γάρ
182 1573 263 1601 φησιν
279 1565 457 1602 ὑπερούσιον,
474 1566 535 1593 ἀντὶ
550 1566 598 1594 τοῦ
615 1566 686 1602 ὑπὲρ
700 1567 731 1594 τὸ
752 1567 781 1594 ὲν
791 1567 902 1615 γενέσει
915 1586 937 1615 c

111 1611 158 1638 ὃν·
186 1611 217 1638 τὸ
248 1611 303 1648 γὰρ
339 1611 369 1638 ὃν
406 1612 502 1639 οὐσία·
531 1613 586 1639 ἀπὸ
614 1612 668 1648 γὰρ
697 1612 745 1639 τοῦ
777 1611 846 1640 εἶναι
871 1614 902 1640 τὸ

111 1657 197 1693 ὕνομα
225 1657 363 1694 παρῆκται
393 1658 443 1694 τῆς
472 1658 573 1690 οὐσίας.
611 1658 640 1686 '0
667 1656 713 1685 οὖν
740 1658 806 1690 Θεὸς
825 1679 832 1692 ,
864 1659 902 1691 ὡς

111 1703 161 1730 καὶ
195 1703 242 1731 τοῦ
274 1702 342 1732 εἶναι
373 1704 570 1740 ὑπερκείμενος
608 1703 657 1740 (τὸ
684 1704 738 1740 γὰρ
765 1704 844 1732 εῖναι
871 1705 902 1738 ἐξ

110 1751 201 1782 αίτίας
218 1750 290 1782 τινὸς
305 1750 380 1786 δηλοῖ
393 1751 433 1782 είς
446 1749 477 1777 τὸ
491 1749 559 1777 εἶναι
572 1750 715 1786 ἀχθῆναι),
730 1750 767 1778 ὢν
784 1751 900 1787 ὑπερου-

111 1795 178 1828 σίως
191 1798 303 1823 νοεῖται·
313 1796 354 1823 διὸ
364 1796 411 1823 καὶ
424 1796 489 1823 αίὼν
499 1796 607 1831 λέγεται
617 1794 747 1824 εἶναιτῶν
756 1798 901 1834 παρηγμέ-

110 1850 164 1868 νων
178 1842 223 1868 ὑπ⁷
234 1841 317 1869 αὐτοῦ
327 1841 430 1868 αἰώνων
439 1850 445 1858 ·
457 1842 525 1878 ὅπερ
534 1842 588 1879 γὰρ
600 1844 667 1879 μήτε
677 1841 721 1879 ἦν,
734 1844 802 1880 μήτε
813 1844 899 1878 ἔσται,

110 1887 168 1915 ἀλλ’
191 1887 249 1914 ἔστι
271 1887 361 1923 μόνον,
376 1887 456 1917 τοῦτο
477 1888 563 1920 ἑστὼς
584 1889 644 1924 ἔχον
669 1890 700 1916 τὸ
721 1887 801 1923 εἶναι,
817 1891 847 1918 τὸ
863 1892 900 1928 μὴ

111 1933 288 1968 μεταϐάλλειν
304 1935 344 1966 εἰς
357 1934 388 1961 τὸ
403 1934 489 1968 ἔσται,
498 1935 560 1971 μήτ’
566 1934 600 1963 αὖ
618 1936 832 1972 μεταϐεϐηκέναι
846 1937 900 1964 ἀπὸ

109 1978 157 2006 τοῦ
172 1977 218 2015 [ἦν
235 1981 275 2011 είς
293 1977 336 2014 τὸ]
347 1981 416 2012 ἐστι,
432 1980 510 2007 τοῦτό
522 1981 596 2008 ἐστιν
612 1981 679 2008 αἰών
690 1990 696 1997 ·
709 1983 740 2009 οὐ
754 1983 808 2018 γὰρ
821 1983 900 2018 μόνον

109 2024 145 2051 τὰ
163 2025 227 2052 ὄντα
248 2025 336 2053 πάντα
349 2026 389 2053 δεῖ
404 2028 530 2063 παρεῖναι
545 2027 585 2063 τῷ
599 2028 680 2054 παντὶ
695 2028 742 2055 καὶ
755 2028 817 2063 ὅλῳ,
832 2029 901 2056 ἀλλὰ

109 2070 158 2098 καὶ
173 2071 203 2097 τὸ
219 2072 302 2107 μηδὲν
314 2071 361 2098 τοῦ
376 2078 441 2098 ποτε
457 2072 494 2108 μὴ
510 2073 586 2105 ὄντος
596 2082 602 2089 ·
624 2073 685 2100 οὐδὲ
699 2074 753 2110 γάρ
769 2083 796 2101 τι
811 2083 898 2111 προσ-

109 2116 220 2151 γέγονεν
241 2117 325 2152 αὐτῷ,
340 2118 377 2153 μὴ
399 2117 428 2145 ὸν
442 2118 584 2154 πρότερον.
597 2119 672 2155 Αὕτη
686 2118 732 2146 οὖν
749 2121 765 2155 ή
780 2120 899 2152 διάθεσις

109 2162 157 2189 καὶ
178 2162 257 2198 φύσις
278 2160 385 2191 καλοῖτο
397 2164 440 2198 ἂν,
456 2165 503 2191 καὶ
523 2165 566 2201 εἴη
584 2166 674 2195 αἰών·
693 2166 760 2193 αἰὼν
775 2167 829 2202 γὰρ
844 2167 898 2193 ἀπὸ

107 2208 155 2235 τοῦ
166 2209 210 2236 ἀεὶ
219 2209 305 2243 ὄντος
318 2211 434 2246 εἴρηται.
449 2210 484 2238 El
493 2219 535 2243 τις
548 2210 593 2238 οὖν
608 2211 679 2239 οὕτω
693 2212 739 2239 τὸν
753 2212 838 2239 αἰῶνα
852 2213 896 2239 λέ-

960 281 1034 309 tebat
1048 282 1216 310 contrarium
1229 303 1237 315 ,
1253 283 1382 310 nimirum
1398 291 1442 312 res
1457 291 1518 319 quae
1532 284 1682 318 majoribus
1697 285 1745 313 Dei

959 327 1039 354 donis
1065 327 1194 356 fruuntur
1207 328 1269 356 aliis
1284 329 1403 357 eminere
1414 350 1421 363 ,
1441 329 1524 356 veluti
1543 330 1653 363 ctelum,
1670 335 1745 358 astra

958 379 991 400 ac
1006 372 1115 406 similia,
1127 377 1209 408 atque
1223 374 1275 402 hoc
1287 374 1396 409 quidem
1408 375 1538 409 dubium;
1554 379 1648 410 postea
1662 377 1745 411 igitur

958 419 1105 454 respondet
1126 419 1235 447 divinus
1258 419 1405 455 Dionysius
1419 428 1451 447 ex
1466 424 1555 448 mente
1568 441 1575 453 ,
1595 424 1623 449 et
1637 423 1745 450 ratione

957 468 985 492 et
998 473 1080 494 sensu
1092 486 1099 498 ,
1117 465 1147 493 in
1161 466 1295 493 descensu
1311 466 1392 493 etiam
1407 468 1581 502 praestantias
1593 468 1742 503 ordinans;

958 509 996 536 ita
1010 511 1130 545 reperies
1145 515 1206 545 post
1221 519 1303 538 unam
1317 512 1453 547 paginam.

992 555 1073 591 Atqui
1087 556 1192 584 decebat
1208 565 1240 584 ea
1256 565 1315 592 qua:
1329 557 1444 592 majora.
1460 557 1563 592 Majora
1578 559 1649 587 dona
1663 564 1744 588 vocat

957 608 1017 636 qua!
1039 601 1067 629 in
1089 601 1213 637 pluribus
1235 606 1404 636 cernuntur,
1428 607 1457 629 ut
1472 610 1535 631 esse
1550 608 1578 631 et
1596 604 1701 639 vivere;
1716 611 1744 634 at

957 654 1017 682 quae
1031 647 1074 675 his
1089 651 1194 675 tantum
1209 648 1393 684 participant,
1409 655 1464 676 non
1479 653 1543 676 sunt
1563 650 1590 677 in
1608 651 1703 686 primis
1717 656 1744 680 et

956 692 1194 727 prastantioribus
1205 713 1213 725 ,
1236 700 1331 720 verum
1348 692 1376 720 in
1390 693 1533 721 vilioribus
1548 693 1741 723 advertuntur:

956 738 1084 774 quoniam
1111 746 1172 774 quae
1195 739 1333 767 excellunt
1354 739 1457 767 habent
1476 739 1559 767 etiam
1584 739 1743 768 inferiorum

955 784 1137 819 proprietates
1159 785 1319 818 exsistendi,
1335 785 1460 819 vivendi,
1485 789 1512 813 et
1533 785 1561 813 in
1585 786 1636 814 hoc
1650 787 1743 814 excel-

956 829 1026 861 lunt,
1042 830 1095 858 etsi
1111 830 1157 858 illa
1173 832 1260 866 magis
1281 831 1495 866 particularibus
1508 831 1681 860 declarentur
1696 840 1744 867 ap—

956 875 1166 910 pellationibus;
1182 876 1240 904 luee-
1254 884 1319 904 vero
1330 877 1546 913 generalioribus
1560 885 1615 905 non
1632 878 1745 913 partici-

957 924 1023 955 pant
1037 919 1227 956 superioribus
1242 921 1473 957 proprietatibus,
1492 921 1519 948 id
1534 927 1575 950 est
1590 921 1723 957 sapientia
1734 942 1742 953 .

956 970 984 994 et
996 966 1102 994 ratione
1114 970 1141 995 et
1154 967 1304 1000 intellectu,
1319 971 1400 1003 atque
1411 967 1515 996 idcirco
1527 967 1656 996 inferiora
1668 971 1743 1001 sunt,

956 1015 986 1039 ut
1007 1012 1161 1040 minoribus
1176 1021 1225 1041 seu
1241 1013 1417 1049 paucioribus
1432 1013 1512 1042 donis
1533 1013 1723 1049 participantia
1734 1033 1742 1046 ,

955 1057 1183 1092 quemadmodum
1198 1059 1261 1092 alia,
1275 1062 1305 1086 ut
1316 1059 1439 1094 pluribus
1453 1059 1658 1094 participantia,
1672 1067 1743 1095 pra-

955 1103 1089 1131 stantiora
1103 1108 1167 1132 sunt
1181 1110 1262 1140 atque
1276 1104 1331 1132 Deo
1340 1105 1479 1133 viciniora.

990 1148 1170 1177 Euellentius
1192 1158 1250 1186 qua:
1272 1151 1359 1178 vivant
1381 1151 1453 1179 aliis.
1478 1150 1624 1186 Superiora
1640 1158 1672 1178 ac
1687 1150 1743 1179 Deo

954 1195 1065 1230 propria
1078 1196 1143 1224 dicit
1158 1197 1245 1232 magis
1259 1197 1353 1225 vivere
1372 1197 1558 1230 inferioribus,
1573 1197 1656 1225 veluti
1673 1198 1743 1225 divi-

954 1248 996 1268 na:
1009 1245 1113 1270 mentes
1130 1243 1303 1278 praestantius
1316 1243 1395 1271 nobis
1406 1243 1511 1275 vivunt,
1525 1247 1554 1270 ut
1567 1243 1622 1270 Deo
1632 1243 1742 1278 propio-

953 1295 1008 1316 res.
1028 1287 1137 1317 Rursus
1158 1297 1210 1318 nos
1230 1293 1261 1317 ut
1274 1290 1381 1317 ratione
1395 1289 1520 1325 praediti,
1543 1289 1661 1317 dicimur
1680 1290 1745 1324 plus

954 1333 1045 1361 vivere
1058 1334 1163 1368 brutis;
1180 1335 1277 1362 iterum
1292 1335 1383 1367 bruta,
1396 1339 1425 1362 ut
1440 1343 1523 1363 sensu
1538 1335 1665 1370 praedita,
1680 1335 1742 1370 plus

953 1379 1049 1406 vivunt
1075 1379 1186 1414 plantis,
1212 1384 1306 1415 utpote
1334 1388 1416 1408 sensu
1442 1380 1599 1413 destitutis,
1630 1381 1744 1415 solaque

953 1425 1010 1452 vita
1024 1429 1177 1461 vegetstlva
1192 1426 1347 1454 instructis.

989 1471 1065 1507 §lV.
1088 1472 1140 1506 Qui
1153 1478 1191 1500 est
1208 1474 1288 1501 totius
1302 1482 1367 1501 esse.
1394 1473 1473 1507 Quod
1497 1477 1540 1501 est
1558 1473 1593 1501 de
1616 1473 1672 1501 Deo
1697 1473 1741 1501 di-

954 1521 1040 1551 ctum,
1056 1522 1167 1553 superat
1181 1523 1268 1546 totum
1285 1519 1358 1555 quod
1370 1523 1412 1548 est
1430 1519 1571 1547 collective
1584 1523 1741 1554 sumptum;

954 1563 1006 1590 hoc
1036 1564 1108 1590 enim
1142 1564 1230 1599 inquit
1266 1565 1550 1600 supersubstantiale,
1579 1572 1630 1600 pro
1658 1572 1742 1599 supra

953 1615 1003 1636 ens
1024 1608 1208 1644 productum;
1229 1617 1278 1638 ens
1297 1610 1370 1638 enim
1390 1610 1531 1638 essentia:
1556 1617 1619 1636 nam
1634 1610 1668 1637 ab
1679 1617 1741 1637 esse

952 1661 1053 1682 nomen
1068 1655 1193 1682 essentia
1207 1655 1355 1682 deductum
1371 1659 1423 1683 est.
1439 1654 1509 1690 Ergo
1522 1654 1605 1687 Deus,
1618 1659 1648 1681 ut
1658 1655 1740 1682 etiam

952 1700 1012 1736 ipso
1031 1708 1093 1728 esse
1111 1701 1237 1736 superior
1260 1701 1333 1736 (esse
1350 1701 1423 1729 enim
1440 1701 1560 1729 declarat
1576 1701 1740 1737 productum

954 1747 1035 1782 169
1052 1746 1136 1774 fuisse
1152 1747 1188 1774 ab
1205 1747 1295 1782 aliqua
1316 1754 1400 1774 causa
1415 1747 1449 1774 ad
1462 1747 1659 1783 cxsistendum)
1670 1769 1677 1781 ,
1693 1747 1740 1782 qui

951 1796 1003 1826 est,
1019 1800 1101 1828 supra
1114 1793 1261 1821 essentiam
1280 1793 1454 1827 intelligitur;
1470 1793 1531 1820 ideo
1545 1793 1627 1821 etiam
1639 1793 1741 1820 dicitur

951 1846 1013 1867 esse
1024 1839 1163 1867 aeternitas
1174 1839 1336 1867 saeculorum
1346 1839 1382 1867 ab
1394 1847 1427 1867 eo
1440 1839 1652 1875 productorum;
1667 1839 1740 1875 quod

950 1884 1024 1912 enim
1050 1893 1139 1920 neque
1153 1889 1222 1917 erat,
1241 1893 1331 1921 neque
1344 1886 1407 1918 erit,
1431 1885 1478 1913 sed
1502 1889 1606 1913 tantum
1622 1889 1675 1919 est,
1691 1886 1740 1912 ha—

950 1930 1018 1959 bens
1040 1931 1093 1959 hoc
1107 1939 1169 1959 esse
1182 1931 1348 1963 consistens,
1365 1939 1420 1959 non
1443 1932 1543 1959 mutari
1559 1932 1587 1959 in
1603 1931 1738 1962 futurum,

950 1985 1039 2013 neque
1052 1982 1148 2006 contra
1164 1978 1199 2006 ab
1214 1986 1277 2006 esse
1293 1977 1340 2014 [in
1354 1978 1412 2015 est]
1427 1979 1600 2011 Iransivisse,
1624 1979 1676 2006 hoc
1697 1982 1742 2006 est

949 2024 1100 2052 aeternitas.
1121 2023 1182 2052 Non
1205 2024 1279 2052 enim
1302 2029 1409 2052 tantum
1425 2026 1498 2053 entia
1522 2025 1613 2053 omnia
1632 2029 1740 2060 oportet

950 2070 1046 2098 adesse
1059 2071 1134 2098 omni
1145 2074 1173 2098 et
1185 2071 1246 2103 toti.
1265 2070 1313 2098 sed
1327 2071 1408 2098 etiam
1431 2072 1498 2098 nihil
1513 2071 1573 2105 ejus
1587 2072 1659 2106 quod
1673 2071 1738 2098 alibi

949 2124 1004 2144 non
1016 2121 1074 2150 est;
1090 2124 1178 2152 neque
1194 2117 1266 2144 enim
1281 2117 1385 2151 aliquid
1399 2117 1451 2151 ipsi
1467 2116 1555 2144 adfuit
1574 2116 1646 2151 quod
1660 2117 1738 2151 prius

948 2171 1003 2191 non
1018 2163 1124 2191 fuisset.
1141 2163 1204 2191 Haec
1219 2163 1302 2198 igitur
1315 2163 1461 2198 dispositio
1475 2166 1502 2190 et
1522 2168 1630 2194 natura,
1644 2162 1737 2189 vocari

949 2213 1041 2245 posset
1065 2213 1147 2244 atque
1171 2213 1244 2237 esset
1258 2209 1409 2240 wtcrm'laa,‘
1422 2207 1489 2235 αίών
1501 2207 1573 2235 enim
1588 2208 1622 2235 ab
1637 2208 1680 2234 det
1693 2208 1738 2234 6v-

107 2263 151 2289 γοι
175 2255 247 2291 ζωὴν
269 2256 392 2292 ἄπειρον,
405 2256 444 2292 τῷ
468 2258 557 2284 πᾶσαν
580 2257 629 2294 ἤδη
660 2255 739 2291 εἶναι,
755 2258 801 2285 καὶ
816 2258 898 2294 μηδὲν

954 2264 995 2287 ιος
1008 2263 1055 2283 seu
1070 2255 1139 2290 quod
1150 2263 1250 2290 semper
1258 2255 1303 2287 sit,
1315 2254 1425 2282 dicitur.
1441 2254 1468 2281 Si
1483 2254 1565 2289 igitur
1575 2254 1674 2289 aliquis
1684 2254 1737 2282 ista

107 2301 264 2330 ἀναλίσκειν
281 2302 366 2338 αὐτῆς
378 2302 417 2338 τῷ
432 2303 656 2339 παρεληλυθέναι,
674 2305 734 2341 μηδ’
744 2303 777 2331 αὖ
793 2305 894 2340 μένειν,

106 2347 158 2374 οὐκ
177 2347 210 2374 ἂν
231 2348 274 2383 εἴη
294 2349 381 2375 πᾶσιν
399 2349 482 2384 ὲγγὺς
501 2349 528 2375 δὲ
543 2349 577 2376 ἂν
595 2350 637 2385 εῐη
656 2350 703 2377 106
718 2350 855 2386 ὁρίζεσθαι
869 2352 896 2377 τί

105 2393 185 2420 αἰών.
200 2394 302 2421 Ἐκεῖνο
323 2396 388 2429 γοῦν
409 2396 481 2422 ἐστιν
498 2395 621 2432 ἄπειρον,
638 2396 668 2423 τὸ
687 2396 723 2432 μὴ
736 2397 873 2424 ἐπιλεῖπον
887 2406 893 2413 ·

106 2438 155 2467 καὶ
168 2438 247 2465 10610
260 2439 371 2475 κυρίως,
386 2439 427 2466 ὅτι
441 2440 523 2476 μηδὲν
535 2440 630 2467 ἑαυτοῦ
643 2441 795 2468 ἀναλίσκει·
810 2441 896 2474 οὕτως

102 2483 151 2512 οὖν
167 2485 181 2511 6
193 2484 259 2516 Θεὸς
273 2484 320 2511 καὶ
335 2484 412 2517 αἰὼν,
431 2485 478 2512 καὶ
496 2485 596 2517 αἰῶνας
612 2485 706 2512 ποιῶν.
721 2485 792 2512 Λίὼν
807 2486 895 2513 τοίνυν

103 2531 178 2558 ἐστὶν
199 2530 231 2557 οὗ
251 2530 282 2557 τὸ
298 2531 486 2567 ὑποκείμενον,
500 2531 567 2558 ἀλλὰ
582 2531 612 2558 τὸ
628 2530 657 2563 ἐξ
673 2532 753 2558 αὐτοῦ
767 2531 814 2559 106
830 2532 896 2558 ὑπο-

103 2577 233 2612 κειμένου
248 2576 388 2612 ἐκλάμπον
398 2585 404 2592 ·
423 2576 459 2604 τὰ
472 2576 518 2604 οὖν
532 2577 615 2612 νοητὰ
630 2577 724 2604 καὶτὰ
737 2578 774 2612 μὴ
789 2577 896 2613 ὁρώμε-

103 2631 136 2648 να
151 2622 222 2648 κατὰ
244 2622 290 2648 τὸν
313 2623 470 2650 ’Δπόστολον
486 2623 597 2650 αἰώνια·
614 2623 720 2650 αἰώνιον
734 2624 763 2650 δὲ
776 2623 826 2650 οὑκ
845 2624 894 2651 αὑ-

101 2668 148 2699 τός
162 2667 236 2694 ἐστιν
257 2667 272 2694 6
289 2667 366 2700 αἰὼν,
381 2668 449 2695 ἀλλὰ
463 2669 494 2695 τὸ
513 2668 610 2700 αἰῶνος
633 2668 755 2705 μετέχον,
773 2670 895 2696 τουτέστι

101 2713 152 2749 τῆς
174 2713 336 2740 ἀδιαστάτου
352 2714 399 2740 καὶ
411 2714 526 2750 ἀπείρου
541 2713 623 2750 ζωῆς.
641 2715 684 2747 Ὠς
705 2713 751 2742 οὖν
773 2715 818 2742 καὶ
839 2715 892 2742 τῶν

102 2759 209 2791 αἰῶνος,
234 2759 357 2786 τουτέστι
383 2759 430 2786 τοῦ
457 2761 501 2787 ἀεὶ
527 2761 603 2792 ὸντος
633 2761 809 2796 μετεχόντων,
832 2761 896 2788 καθ’

101 2806 247 2842 ὁμοιότητα
253 2804 359 2833 αἰώνων
369 2806 522 2842 λεγομένων
537 2807 650 2843 ποιητὴς
663 2808 676 2834 6
688 2807 763 2840 Θεὸς,
779 2815 893 2844 πεποιη-

152 2900 166 2918 ν
184 2896 263 2924 Rom.
285 2902 304 2928 ι,
323 2895 365 2923 20.

948 2303 1054 2330 ratione
1079 2301 1177 2329 dixerit
1200 2301 1377 2328 aeternitatem
1396 2301 1479 2328 vitam
1502 2299 1648 2332 infinitam,
1663 2301 1737 2336 quod

949 2351 1005 2375 tota
1025 2347 1081 2382 jam
1108 2346 1155 2378 sit,
1170 2346 1294 2381 nihilque
1317 2346 1377 2380 ejus
1396 2349 1573 2372 consumatur
1585 2345 1734 2380 prmterito,

948 2402 1035 2430 neque
1047 2397 1142 2421 contra
1158 2393 1267 2426 futuro;
1282 2400 1336 2420 non
1349 2393 1421 2420 enim
1444 2395 1518 2420 esset
1537 2396 1611 2421 tota:
1622 2393 1735 2420 accede-

947 2444 989 2468 ret
1003 2447 1068 2468 vero
1082 2440 1116 2467 ad
1127 2439 1312 2467 deliniean
1327 2438 1392 2473 quid
1406 2438 1443 2466 sit
1457 2439 1606 2466 aeternitas.
1620 2438 1668 2466 llla
1684 2439 1735 2475 igi-

948 2490 993 2514 tur
1006 2490 1048 2514 est
1065 2485 1180 2518 inﬁnita,
1196 2493 1252 2513 non
1271 2484 1416 2518 deficiens;
1431 2488 1514 2519 atque
1537 2484 1589 2512 hoc
1611 2485 1732 2520 proprie,

945 2532 1010 2568 quia
1024 2532 1092 2559 nihil
1107 2532 1149 2560 sui
1165 2531 1304 2559 consumit
1319 2540 1325 2558 :
1342 2531 1379 2558 ita
1395 2530 1478 2566 igitur
1493 2529 1565 2558 Deus
1579 2533 1606 2558 et
1622 2531 1734 2558 ειεξτηί-

946 2582 998 2610 tas,
1013 2578 1250 2613 zeternitatumque
1273 2577 1418 2610 conditor;
1443 2584 1507 2612 ergo
1528 2576 1668 2604 aeternitas
1691 2578 1735 2604 est

944 2631 1000 2651 non
1019 2624 1183 2659 subjectum,
1203 2623 1250 2651 sed
1270 2623 1344 2658 quod
1357 2630 1391 2650 ex
1406 2623 1466 2657 ipso
1481 2622 1605 2657 subjecto
1620 2622 1710 2649 elueet
1724 2630 1734 2654 -,

944 2675 1009 2703 ergo
1023 2668 1232 2704 inintclligibilia
1247 2672 1274 2696 et
1291 2667 1438 2695 invisibilia
1455 2667 1604 2695 secundum
1615 2666 1734 2701 Aposto-

944 2715 1001 2742 lum
1024 2719 1156 2747 aeternet;
1172 2718 1302 2742 azternum
1316 2717 1368 2746 est,
1381 2720 1436 2740 non
1458 2719 1523 2739 vero
1542 2712 1600 2747 ipsa
1621 2712 1731 2739 αξιοι-ηἰ-

946 2761 1236 2793 tas,sedaeternitatem
1250 2759 1430 2795 participans,
1444 2757 1470 2785 id
1485 2761 1527 2785 est
1542 2757 1653 2784 minime
1684 2754 1730 2782 di.

949 2807 1046 2834 Stantis
1067 2814 1114 2835 seu
1138 2806 1281 2841 praesentis
1307 2805 1472 2839 inﬁnitasque
1495 2803 1557 2831 vita:
1580 2803 1729 2840 particeps.
