1923 3064
161 162 220 190 '3l5

560 160 731 188 APPENNX
747 160 791 188 AD
803 159 916 188 OPERA
933 159 962 187 δ’.
983 159 1132 187 DlONYSll
1151 159 1394 188 AREOPAGITAL‘.

1747 163 1800 191 M0

166 217 402 253 Quemadmodum
417 217 500 252 igitur
514 216 585 244 Deus
610 217 734 244 conditor
754 224 847 244 eorum
869 216 951 243 etiam

1010 215 1081 242 κέναι
1102 216 1165 247 τοὺς
1186 216 1287 247 αἰῶνας
1304 216 1413 250 λέγεται
1429 216 1488 243 ἀντὶ
1504 216 1550 243 τοῦ
1566 216 1600 243 τὰ
1617 217 1708 252 νοητὰ,
1731 219 1798 247 αἰὼν

165 273 228 300 quae
238 265 427 295 aeternitatem,
446 264 471 290 id
484 267 526 291 est
546 264 611 291 illud
626 262 698 298 quod
715 269 822 297 semper
834 265 948 296 est,par-

165 311 290 346 ticipant,
307 313 334 337 et
350 309 527 337 similitudine
540 309 656 344 quadam
673 308 839 336 aiternitates
854 307 952 335 dicun-

166 361 222 388 tur,
238 357 417 383 a'ternitatem
442 363 551 383 creasse
573 356 673 382 dicitur
689 362 737 390 pro
760 355 951 389 intclligibilia,

166 410 228 428 cum
253 402 290 429 sit
313 409 406 428 eorum
423 401 571 431 aeternitas,
599 404 681 434 atque
704 403 900 431 conservatur;
916 400 953 426 ita

165 448 247 475 etiam
264 451 372 482 tempus
387 447 487 473 dicitur
502 447 548 482 qui
564 446 695 481 temporis
709 454 819 480 expers,
835 450 865 473 ut
890 450 956 473 lem-

164 501 261 528 porum
280 497 390 525 auctor;
404 492 475 527 quod
492 493 564 519 enim
592 491 619 518 in
643 491 861 526 intelligibilibus
875 495 954 519 aeter-

165 538 238 565 nitas
251 546 298 565 seu
315 546 412 567 :cvum.
430 536 495 564 illud
514 537 601 570 ipsum
620 540 661 563 est
678 536 705 563 in
720 536 868 563 sensilibus
883 540 952 563 tein-

165 592 217 618 pus
234 593 240 610 :
255 583 327 611 sicut
348 584 431 618 igitur
446 583 564 610 visiliilia
589 585 654 610 sunt
680 583 813 617 imagines
828 583 953 610 invisibi-

165 630 231 657 lium
246 633 273 657 et
288 630 510 664 intclligibilium,
527 637 559 656 ac
571 629 750 656 mternitatem
766 629 882 656 dicimus
904 630 955 656 mi-

165 676 238 702 nime
253 679 412 702 trementem
430 676 502 702 illam
519 679 601 710 atque
616 674 696 702 simul
713 678 796 702 totam
817 675 900 702 vitam
923 683 955 702 ac

165 721 298 748 inﬁnitam
321 721 447 756 protinus
469 721 635 755 omninoque
661 721 776 751 ﬁrmam,
800 728 831 748 ac
856 721 956 748 inuno

166 771 248 802 atque
271 775 320 802 per
344 775 426 794 unum
447 770 565 794 stantem
583 776 589 793 :
608 767 649 793 sic
663 766 745 793 etiam
762 769 881 800 tempus,
898 770 954 793 tum

164 813 274 849 quidem
286 813 313 840 in
329 821 362 840 eo
377 813 450 848 quod
467 820 574 847 semper
590 816 631 840 est
642 812 824 846 requiescere,
839 819 954 847 appare-

164 867 195 887 re
209 866 274 886 vero
298 859 326 886 in
348 859 483 894 subjecto,
497 858 607 893 quando
622 859 703 885 etiam
719 861 812 892 postea
829 862 954 884 naturam

164 905 300 933 visibilem
326 905 475 940 procedere
500 904 653 940 oportebat.
670 903 764 938 Itaque
780 911 955 938 progressum

164 951 263 978 divina:
280 951 409 979 bonitatis
432 950 466 977 ad
490 950 601 978 sensilia
623 954 653 977 ut
668 957 699 977 ea
717 949 859 984 producat.
873 957 954 976 voca-

165 1005 226 1024 mus
249 1003 374 1032 tempus;
396 1005 451 1024 non
478 997 550 1024 enim
576 1000 666 1023 motus
692 995 901 1022 iuterstitiorum
920 995 954 1022 ad

164 1047 257 1078 partes
273 1047 301 1070 et
316 1046 493 1077 tempestates
509 1046 536 1069 et
550 1044 645 1068 noctes
660 1044 687 1067 et
699 1040 768 1073 dies,
780 1045 821 1068 est
833 1044 952 1076 tempus,

165 1087 214 1115 sed
228 1088 350 1123 ejusdem
367 1095 428 1114 cum
442 1091 564 1122 tempore
575 1086 694 1113 nominis
705 1095 712 1119 ;
723 1085 951 1120 quemadmodum

164 1133 238 1160 enim
255 1133 326 1168 quod
343 1137 483 1161 inensurat
510 1136 537 1159 et
561 1135 746 1162 mensuratur,
762 1132 883 1159 solemus
907 1139 954 1158 eo-

165 1185 226 1208 dem
252 1180 389 1215 appellare
414 1179 547 1206 nomine:
568 1179 605 1204 ita
630 1179 722 1210 etiam,
747 1178 803 1209 hic,
822 1178 905 1205 veluti
931 1179 954 1206 si

165 1226 238 1261 quod
252 1226 344 1253 cubito
358 1226 577 1253 mensuravimus
592 1225 671 1260 170
696 1225 753 1252 sive
768 1225 953 1259 pavimentum

1006 261 1094 288 αὐτῶν
1108 261 1154 291 ὢν,
1172 261 1219 288 καὶ
1236 262 1377 296 συνοχεύς·
1394 262 1465 289 οὕτω
1485 263 1531 289 καὶ
1551 263 1644 298 χρόνος
1656 265 1670 290 ὁ
1685 264 1799 300 ἄχρονος

1007 307 1126 341 λέγεται,
1141 308 1188 334 ἅτε
1200 308 1247 334 καὶ
1259 309 1362 344 χρόνων
1376 308 1473 340 αἴτιος·
1487 309 1554 345 ὅπερ
1565 309 1619 345 γὰρ
1629 310 1657 336 ἐν
1671 312 1728 342 τοῖς
1737 319 1799 347 νοη-

1005 355 1061 385 τοῖς
1086 353 1171 385 αἰὼν,
1197 355 1276 381 τοῦτό
1303 356 1377 381 ἐστιν
1400 356 1428 381 ὲν
1451 357 1507 387 τοῖς
1530 356 1667 391 αἰσθητοῖς
1692 357 1796 392 χρόνος.

1007 401 1111 435 ’Ὠσπερ
1125 399 1171 427 οὖν
1186 401 1220 427 τὰ
1234 401 1360 436 ὁρώμενα
1374 402 1477 434 εἰκόνες
1491 403 1543 428 εἰσί
1553 403 1606 429 τῶν
1618 403 1741 439 ἀοράτων
1751 404 1799 431 καὶ

1006 445 1118 478 νοητῶν,
1135 445 1182 471 καὶ
1197 445 1282 471 αἰῶνα
1298 445 1412 480 λέγομεν
1431 446 1479 481 τὴν
1502 446 1606 482 ἀτρεμῆ
1631 446 1738 482 ἐκείνην
1752 447 1802 474 καὶ

1006 490 1074 525 ὁμοῦ
1090 491 1180 516 πᾶσαν
1195 490 1277 525 ζωὴν,
1294 491 1341 517 καὶ
1360 491 1471 527 ἄπειρον
1491 491 1540 527 ἤδη
1557 491 1603 518 καὶ
1619 491 1713 526 ἀκλινῆ
1729 491 1797 518 πάν-

1006 544 1050 572 τη,
1067 537 1114 562 καὶ
1127 537 1156 562 ὲν
1175 537 1225 567 ἑνὶ,
1243 537 1289 562 καὶ
1305 537 1494 572 προεστῶσαν·
1515 536 1586 563 οὕτω
1607 537 1653 563 καὶ
1672 536 1717 563 τὸν
1736 537 1799 572 χρό-

1006 590 1061 614 νον,
1076 583 1137 608 τὸτε
1154 583 1202 617 μὲν
1218 583 1247 608 ἐν
1263 582 1302 617 τῷ
1316 581 1360 609 ἀεὶ
1369 583 1424 609 ὄντι
1440 583 1635 615 ἀναπαύεσθαι,
1647 583 1798 619 ἐκφανῆναι

1006 628 1035 655 δὲ
1061 628 1121 654 καθ’
1137 628 1280 659 ὑπόῦασιν,
1304 629 1348 654 ὅτε
1376 628 1423 654 καὶ
1451 628 1564 664 ὓστερον
1591 629 1672 662 φύσιν
1699 629 1806 664 ὁρατὴν.

1007 673 1090 709 ἐχρῆν
1104 672 1254 707 προελθεῖν.
1266 673 1322 708 Τὴν
1337 671 1383 699 οὖν
1398 674 1438 704 εἰς
1450 673 1484 699 τὰ
1499 673 1616 708 αἰσθητὰ
1627 673 1737 709 πρόοδον
1750 674 1799 709 τῆς

1006 720 1047 750 εἰς
1062 718 1094 745 τὸ
1106 718 1191 745 ταῦτα
1203 718 1377 754 δημιουργεῖν
1392 718 1557 754 ἀγαθότητος
1569 719 1616 745 τοῦ
1626 719 1692 746 Θεοῦ
1701 719 1799 746 καλοῦ-

1008 772 1057 799 μεν
1081 764 1191 799 χρόνον·
1207 765 1238 790 οὐ
1262 764 1316 800 γὰρ
1339 765 1355 799 ὴ
1377 764 1484 800 κίνησις
1507 764 1560 791 τῶν
1581 765 1621 796 εἰς
1641 765 1738 800 μοίρας
1752 765 1799 791 καὶ

1007 810 1081 846 ὥρας
1098 811 1145 837 καί
1167 810 1266 842 νύκτας
1282 811 1330 837 καί
1344 811 1450 846 ἡμέρας
1463 810 1723 841 διαστάσε‹ον,τοῦτο
1736 811 1801 847 χρό-

1008 865 1062 888 νος,
1080 857 1135 883 ἀλλ’
1151 856 1295 892 ὁμώνυμον
1310 857 1348 892 τῷ
1362 857 1463 892 χρόνῳ·
1477 856 1570 893 ὥσπερ
1581 857 1635 892 γὰρ
1644 857 1674 883 τὸ
1686 857 1801 892 μετροῦν

1008 903 1055 929 καὶ
1081 903 1263 938 μετρούμενον
1282 902 1417 938 εἰώθαμεν
1437 903 1590 938 ὁμωνύμως
1612 903 1714 934 καλεῖν,
1730 903 1801 929 οὕτω

1008 949 1054 975 καὶ
1069 948 1199 975 ἐνταῦθα’
1215 946 1280 980 οἷον,
1296 949 1343 975 ἐὰν
1356 949 1387 975 τὸ
1406 949 1458 975 ὑπὸ
1479 950 1588 985 πήχεως
1607 949 1799 985 μετρούμενον,

1007 996 1062 1021 εἴτε
1076 995 1181 1029 ἔδαφος,
1197 996 1251 1022 εἴτε
1267 997 1365 1030 τεῖχος,
1380 994 1396 1030 ἣ
1409 995 1513 1030 ἕτερον,
1529 995 1616 1030 πῆχυν
1629 995 1753 1030 λέγομεν.
1767 995 1800 1021 Αἰ

1008 1041 1073 1075 γοῦν
1087 1041 1141 1068 τῶν
1155 1042 1277 1077 ἀστέρων
1296 1042 1387 1077 φοραὶ,
1400 1041 1470 1068 κατά
1482 1041 1511 1067 τὸ
1524 1041 1676 1077 εἰρημένον,
1691 1042 1801 1068 Ἔστω-

1009 1094 1068 1113 σαν
1082 1088 1125 1120 εἰς
1139 1087 1247 1122 σημεῖα
1261 1087 1310 1113 καί
1323 1088 1366 1120 εἰς
1380 1087 1512 1120 καιροὺς,
1522 1086 1570 1113 καὶ
1580 1088 1623 1120 εὶς
1632 1086 1800 1120 ἐνιαυτοὺς,

1009 1133 1078 1168 πρὸς
1091 1133 1228 1168 διορισμὸν
1246 1134 1293 1160 καὶ
1312 1133 1427 1168 δήλωσιν
1442 1133 1507 1167 ἡμῖν
1523 1133 1622 1168 ὲναργῆ
1640 1132 1715 1168 παρά
1731 1131 1800 1159 Θεοῦ

1007 1180 1140 1213 ἐγένοντο.
1155 1181 1183 1205 '0
1204 1178 1250 1206 οὖν
1273 1180 1320 1206 καὶ
1341 1179 1426 1206 ταῦτα
1448 1179 1585 1212 διατάξας,
1600 1179 1681 1210 αὐτὸς
1703 1179 1736 1205 ἂν
1758 1177 1800 1214 εἰη

1009 1226 1198 1261 ὕπεραιωνίως
1210 1226 1256 1253 καὶ
1270 1226 1392 1262 ἀχρόνως
1408 1225 1493 1252 ταῦτα
1508 1226 1545 1257 ὡς
1560 1226 1654 1257 αἴτιος.

165 1272 224 1300 sive
239 1279 346 1299 murum
363 1277 410 1299 aut
423 1273 495 1299 aliud
511 1273 633 1300 cubitum
650 1273 777 1301 dicimus.
801 1273 890 1301 Motus
924 1273 1008 1309 igitur
1034 1278 1184 1307 astrorum,
1219 1275 1369 1302 secundum
1395 1274 1461 1301 illm]
1485 1273 1636 1309 Scriptum
1666 1283 1673 1302 :
1701 1273 1760 1301 Sint
1774 1274 1801 1301 in

165 1319 242 1353 signa
252 1323 276 1346 et
288 1319 315 1345 in
330 1323 446 1353 tempora
460 1324 484 1346 et
501 1320 527 1346 in
539 1328 622 1346 annos
647 1324 669 1351 ι,
682 1319 746 1346 facti
761 1325 825 1348 sunt
839 1328 853 1347 a
867 1320 920 1347 Deo
933 1321 966 1348 ad
999 1320 1185 1348 deﬁnitionem
1202 1326 1228 1348 et
1242 1321 1493 1349 manifestationcm
1516 1321 1596 1348 nobis
1624 1321 1776 1349 evidentem
1791 1327 1800 1346 :

166 1365 191 1392 is
213 1372 278 1400 ergo
298 1365 344 1399 qui
361 1364 418 1392 Ι]ωο
434 1365 580 1400 disposuit,
597 1369 691 1400 posset
711 1366 768 1393 haec
793 1374 854 1393 esse
875 1373 958 1401 supra
974 1366 1156 1394 aeternitatem
1177 1370 1258 1401 atque
1275 1367 1335 1394 sine
1351 1370 1472 1401 tempore
1488 1370 1516 1393 ut
1531 1374 1624 1393 causa.

200 1410 234 1437 Et
248 1419 330 1446 neque
349 1416 417 1439 erat.
438 1411 532 1447 Neque
546 1418 705 1450 erat,neque
722 1419 773 1447 est.
796 1423 885 1450 neque
906 1416 956 1443 erit

165 1456 276 1492 proprie
299 1456 333 1484 de
359 1456 414 1484 Deo
435 1457 548 1489 dicitur.
566 1458 638 1486 Deus
654 1459 726 1487 enim
745 1460 802 1488 haec
822 1465 955 1496 superat;

166 1502 270 1529 dicitur
292 1510 358 1529 vero
382 1503 465 1530 etiam
491 1504 549 1531 lucc
564 1513 635 1537 esse,
650 1511 796 1540 propterea
811 1507 883 1542 quod
898 1507 957 1542 ipse

165 1547 316 1574 secundum
340 1555 448 1576 omnem
472 1550 664 1585 cogitationem
689 1553 956 1587 superessentialiter

165 1593 283 1621 exsistit.
717 1612 721 1616 .
890 1621 893 1624 ⁴

203 1639 293 1675 Neque
304 1645 371 1668 erat.
391 1641 474 1669 Recte
486 1643 565 1673 dixit.
581 1652 662 1679 neque
671 1650 738 1673 erat.
752 1645 819 1673 Nam
835 1651 893 1673 erat
906 1646 955 1674 de-

165 1686 325 1714 clarativum
338 1692 380 1715 est
388 1689 536 1723 temporis.
555 1689 627 1717 Deus
640 1699 705 1718 vero
721 1695 762 1719 est
777 1691 858 1718 etiam
873 1699 957 1726 supra

164 1737 234 1766 erat,
251 1733 277 1760 id
288 1737 330 1761 est
339 1742 422 1768 supra
439 1739 554 1770 tempus.
570 1735 603 1762 At
615 1736 705 1765 dices:
718 1736 892 1772 thuomodn
907 1738 957 1764 lia-

163 1778 243 1805 bctur
265 1778 300 1806 de
323 1779 370 1806 Dei
386 1779 476 1807 Verbo
494 1791 499 1808 :
519 1781 550 1807 In
572 1782 702 1817 principio
718 1788 775 1810 erat
799 1783 957 1810 Verbum“?

164 1824 236 1852 Ecce
250 1825 321 1852 enim
336 1825 381 1852 hic
395 1825 511 1853 habetur
525 1831 581 1853 erat
595 1835 603 1853 :
617 1835 689 1862 sche
705 1828 832 1858 dicimus.
846 1828 954 1856 Patrem

164 1878 226 1898 esse
250 1871 415 1906 principium
433 1876 460 1899 et
484 1880 594 1900 causam
619 1875 756 1907 omnium;
786 1875 846 1903 ideo
874 1875 956 1909 igitur

164 1918 213 1948 ait,
226 1916 257 1943 In
270 1918 398 1952 principio
412 1923 469 1945 erat
486 1918 608 1951 Verbum,
626 1921 755 1954 quoniam
772 1921 858 1949 Filius
873 1926 916 1950 est
927 1922 954 1949 in

162 1961 254 1989 Patre.
271 1961 341 1997 Ergo
356 1962 424 1989 bene
441 1963 509 1990 dixit
526 1973 533 1990 :
550 1963 583 1990 In
600 1965 728 1999 principio
741 1970 798 1992 erat
818 1966 930 1993 Verbum
947 1976 955 1993 :

163 2014 248 2042 porro
270 2008 330 2039 erit,
355 2008 459 2035 clarum
483 2013 536 2040 est,
554 2009 606 2036 hoc
630 2011 701 2038 enim
725 2011 860 2046 signiﬁcat
883 2013 955 2047 quod

163 2059 238 2080 nunc
252 2061 307 2080 non
322 2053 367 2085 sit,
384 2054 432 2081 sed
447 2054 594 2090 aliquando
617 2055 680 2088 erit,
697 2057 769 2090 quod
793 2056 827 2084 de
843 2057 899 2085 Deo
914 2057 955 2084 di-

164 2107 226 2127 cere
242 2100 354 2134 impium
368 2105 395 2127 et
408 2101 540 2135 ineptum.

198 2146 251 2172 Aut
271 2147 359 2180 potius
380 2155 431 2174 non
452 2152 501 2175 est.
539 2147 762 2176 Subaudiendum
790 2149 870 2176 etiam
898 2150 955 2177 haec

1043 1415 1098 1442 Kal
1117 1415 1186 1441 οὔτε
1207 1414 1257 1448 ἦν.
1279 1415 1340 1441 ’Ὁτι
1361 1413 1423 1440 οὗτε
1446 1414 1476 1440 τὸ
1501 1414 1550 1448 ἦν,
1567 1413 1628 1440 οὔτε
1650 1414 1680 1440 τὸ
1702 1414 1800 1448 ἔστιν,

1007 1460 1069 1487 οὔτε
1088 1461 1118 1487 τὺ
1139 1461 1225 1488 ἔσται
1250 1460 1351 1496 κυρίως
1367 1460 1475 1494 λέγεται
1496 1461 1542 1487 ἐπὶ
1559 1460 1640 1486 Θεοΰ’
1658 1460 1727 1496 ὑπὲρ
1746 1460 1802 1497 γὰρ

1007 1507 1094 1533 ταῦτα
1109 1508 1123 1533 ὁ
1139 1507 1214 1538 Θεός.
1230 1507 1345 1541 Λέγεται
1359 1507 1387 1532 δὲ
1400 1507 1447 1533 καὶ
1462 1506 1548 1532 ταῦτα
1565 1506 1609 1532 διὰ
1621 1507 1651 1532 τὸ
1665 1506 1734 1533 κατὰ
1747 1506 1802 1533 πᾶν

1009 1561 1059 1579 σαν
1074 1553 1194 1579 ἐπίνοιαν
1208 1552 1379 1588 ὑπερουσίως
1393 1551 1474 1579 αὐτὸν
1490 1549 1569 1578 εἰναι.

1045 1643 1118 1670 Οὔτε
1133 1644 1181 1677 ἦν.
1201 1642 1299 1674 Καλῶς
1315 1639 1403 1674 εἶπεν,
1418 1642 1486 1669 οὔτε
1507 1641 1560 1676 ἦν·
1576 1641 1607 1667 τὸ
1626 1640 1681 1676 γὰρ
1696 1640 1736 1675 ἦν
1752 1640 1802 1676 δη-

1007 1690 1121 1717 λωτικόν
1131 1691 1189 1716 ἐστι
1206 1688 1312 1725 χρόνον.
1325 1689 1402 1714 Ἔστι
1420 1688 1448 1714 δὲ
1462 1689 1475 1714 ὁ
1488 1687 1553 1719 Θεὸς
1569 1687 1614 1714 καὶ
1628 1687 1697 1722 ὑπὲρ
1711 1686 1741 1712 τὸ
1755 1684 1801 1721 ἦν,

1007 1737 1146 1763 τουτέστιν
1166 1736 1236 1771 ὑπὲρ
1259 1735 1364 1771 χρόνον.
1381 1735 1467 1770 Ἐρεῖς
1481 1731 1526 1760 οὖν
1539 1742 1545 1748 ·
1563 1733 1617 1759 Καὶ
1634 1732 1692 1764 πῶς
1713 1733 1806 1758 κεῖται-

1007 1783 1072 1818 περὶ
1090 1781 1137 1808 τοῦ
1154 1781 1220 1807 Θεοῦ
1237 1781 1334 1815 Λόγου·
1354 1780 1404 1807 Ἐν
1420 1778 1499 1814 ἀρχῇ
1518 1779 1556 1813 ἦν
1572 1780 1587 1805 ὀ
1603 1779 1710 1812 Ach-oc;
1733 1778 1799 1804 Ἰδοὺ

1007 1828 1061 1864 γὰρ
1077 1827 1193 1855 ἐνταῦθα
1209 1829 1296 1854 κεῖται
1309 1827 1339 1853 τὸ
1353 1826 1404 1861 ἦν·
1418 1825 1545 1857 πολλάκις
1559 1825 1684 1860 λέγομεν,
1695 1824 1736 1850 ὅτι
1751 1824 1802 1859 ἀρ-

1007 1875 1041 1910 χὴ
1055 1874 1102 1901 καὶ
1115 1874 1189 1900 αἰτία
1203 1873 1311 1899 πάντων
1323 1873 1337 1898 ὁ
1353 1872 1461 1907 Πατήρ·
1476 1870 1520 1897 διὰ
1531 1871 1609 1897 τοῦτο
1623 1868 1679 1901 οὖν,
1694 1870 1741 1896 Ἐν
1749 1870 1802 1903 ἀρ-

1007 1921 1049 1957 χῇ
1061 1921 1110 1955 ἦν,
1130 1921 1221 1956 φησὶν,
1237 1921 1253 1946 ό
1268 1920 1372 1953 Λόγος,
1387 1917 1480 1953 ἐπειδὴ
1495 1919 1508 1944 ὁ
1522 1917 1586 1948 Υἱὸς
1604 1917 1631 1943 ὲν
1655 1916 1694 1952 τῷ
1711 1915 1802 1952 Πατρι

1007 1970 1076 1995 ἐστι.
1092 1967 1190 1998 Καλῶς
1208 1963 1254 1992 οὖν
1276 1963 1367 1991 εἶπεν·
1390 1965 1440 1991 Ἐν
1455 1962 1533 1997 ἀρχῇ
1549 1962 1589 1997 ἦν
1606 1963 1623 1989 d
1641 1963 1735 1996 Λόγος
1746 1970 1752 1977 ⁸
1769 1960 1802 1988 τὺ

1007 2015 1034 2041 δὲ
1049 2015 1133 2042 ἔσται
1154 2014 1239 2048 σαφές
1257 2013 1324 2038 ἐστι.
1343 2011 1428 2038 Τοῦτο
1444 2009 1498 2045 γὰρ
1518 2008 1601 2044 δηλοῖ,
1617 2008 1658 2034 ὅτι
1679 2007 1727 2034 νῦν
1750 2008 1803 2034 οὐκ

1007 2060 1095 2093 ἐστιν,
1110 2060 1166 2087 ἀλλ’
1181 2059 1257 2086 ἔσται
1274 2058 1348 2089 ποτὲ,
1365 2058 1434 2092 ὅπερ
1453 2056 1498 2082 ἐπὶ
1513 2054 1579 2081 Θεοῦ
1594 2054 1683 2087 λέγειν
1694 2054 1801 2081 ἀνόσιον

1007 2106 1054 2133 καὶ
1065 2105 1245 2142 ἀπρόσφορον.

1043 2151 1168 2179 Μᾶλλον
1199 2151 1241 2183 δὲ,
1273 2150 1343 2176 οὔτε
1369 2149 1445 2176 ἐστί.
1466 2147 1724 2182 Προσυπακουστέον
1754 2147 1805 2173 καὶ

163 2193 263 2227 quibus
291 2193 402 2228 proprie
421 2193 578 2228 adjungitur
594 2199 661 2228 erat,
680 2200 721 2222 ‘et
744 2203 804 2230 qua:
827 2196 851 2222 ci
879 2197 953 2231 adja—

1010 2198 1124 2224 ταῦτα¹⁸
1143 2195 1184 2229 οἷς
1208 2196 1362 2229 ὲπιλέγεται
1381 2195 1481 2231 κυρίως
1501 2195 1530 2220 τὸ
1548 2193 1675 2228 ἐγένετο,
1697 2193 1743 2219 καὶ
1766 2194 1801 2220 τὰ

162 2241 242 2269 cent;
264 2241 311 2264 aut
334 2238 412 2265 aliter
445 2239 650 2273 intelligendum
681 2244 711 2267 ut
740 2248 822 2276 supra
848 2249 955 2269 omnem

163 2282 252 2317 ipsius
281 2291 337 2310 esse
368 2284 562 2319 cogitationem
598 2293 629 2312 ac
660 2286 879 2321 imaginationem
907 2295 956 2314 cx-

164 2328 276 2356 sistens.
302 2328 422 2357 Dicendo
442 2335 531 2358 autem
552 2331 586 2358 τὰ
606 2332 681 2361 ὄντα,
706 2332 827 2360 declarat
848 2341 879 2360 ea
894 2341 954 2360 om-

163 2374 230 2400 nino
246 2374 280 2400 ad
296 2374 483 2402 exsistentiam
497 2376 613 2403 adducta
631 2386 637 2404 :
656 2377 722 2404 illud
737 2386 801 2405 vero
822 2383 847 2405 et
868 2379 955 2414 ipsum

163 2429 221 2449 esse
234 2430 324 2448 eorum
339 2431 397 2457 qum
410 2429 470 2450 sunt
483 2432 636 2459 apponens,
652 2426 760 2453 illorum
777 2435 955 2461 perseveran-

164 2467 230 2495 tiam
246 2468 419 2503 signiﬁcavit.

202 2519 218 2549 θ
234 2513 267 2541 ν.
289 2514 388 2549 Estque
410 2517 496 2550 ipsum
521 2525 566 2550 per
583 2526 620 2545 se.
641 2518 750 2547 Minime
766 2520 955 2547 arbitraudum

164 2563 218 2593 est,
235 2559 294 2587 haec
306 2559 360 2587 dici
383 2561 417 2588 de
432 2562 552 2589 omnium
567 2571 662 2595 causa,
680 2565 727 2591 sed
743 2565 777 2592 de
794 2565 828 2593 iis
843 2573 902 2600 qua:
922 2566 956 2592 ab

166 2605 228 2640 ipso
251 2613 300 2641 per
323 2607 489 2634 creationem
514 2608 669 2636 subsistunt
693 2610 913 2644 intclligibilibus
928 2615 955 2638 et

166 2651 391 2686 intelligentibus,
418 2656 499 2687 atque
531 2654 678 2682 sensilibus
706 2663 812 2682 necnon
837 2657 952 2684 caeteris.

165 2696 246 2724 Sicut
258 2697 330 2725 enim
346 2702 409 2725 ante
424 2698 555 2732 diximus,
572 2699 644 2728 Deus
659 2704 700 2728 est
725 2705 787 2729 ante
809 2710 865 2729 esse
876 2710 953 2729 :nam

201 2780 212 2794 ²
230 2775 298 2804 Gen.
317 2785 336 2809 ι,
357 2778 399 2805 Η.
449 2786 461 2799 ιι
479 2778 557 2807 Joan.
581 2787 598 2812 I,
619 2781 645 2808 i.

1008 2245 1056 2271 σὺν
1079 2243 1153 2279 αὺτῷ
1169 2243 1282 2278 κείμενα
1294 2251 1300 2257 '
1319 2242 1335 2278 ἢ
1351 2242 1398 2268 καὶ
1424 2241 1525 2276 ἑτέρως
1539 2239 1658 2275 νοητέον,
1674 2239 1712 2271 ὡς
1731 2238 1803 2274 ὑπὲρ

1009 2293 1098 2318 πᾶσαν
1113 2290 1159 2317 τοῦ
1174 2291 1250 2317 εἶναι
1266 2289 1369 2316 ἔννοιάν
1383 2297 1412 2314 τε
1425 2288 1472 2314 καὶ
1487 2286 1635 2322 φαντασίαν
1659 2285 1800 2320 ὑπάρχων.

1008 2337 1057 2364 Διὰ
1071 2337 1099 2363 δὲ
1115 2336 1161 2363 τοῦ
1176 2338 1264 2363 εἰπεῖν
1285 2335 1321 2362 τὰ
1336 2336 1408 2361 ὄντα
1421 2335 1451 2360 τὸ
1464 2334 1531 2364 ὅλως
1545 2332 1615 2359 αὐτὰ
1630 2331 1696 2366 πρὸς
1712 2331 1802 2367 ὓπαρ-

1009 2383 1049 2415 ξιν
1064 2383 1177 2418 ἀχθῆναι
1190 2382 1274 2418 δηλοῖ.
1289 2381 1325 2407 Τὸ
1339 2381 1367 2407 δὲ
1387 2380 1435 2406 καὶ
1451 2379 1523 2406 αὐτὸ
1538 2379 1570 2405 τὸ
1585 2378 1660 2405 εἶναι
1678 2377 1736 2403 τῶν
1751 2376 1802 2402 ὅν-

1008 2438 1066 2456 των
1081 2428 1218 2464 προσθεὶς,
1234 2428 1283 2463 τὴν
1298 2426 1426 2462 διαμονὴν
1443 2425 1530 2453 αὐτῶν
1548 2426 1678 2460 ἐσήμανε.

1043 2520 1056 2555 §
1073 2519 1104 2547 V.
1126 2518 1181 2545 Bal
1195 2519 1281 2545 ἐστιν·
1298 2516 1369 2543 αὐτὸ
1384 2515 1446 2542 καθ’
1461 2514 1544 2542 αὐτό.
1564 2511 1656 2539 Ταῦτα
1667 2512 1697 2537 οὐ
1708 2511 1748 2537 δεῖ
1757 2520 1801 2537 νο-

1009 2566 1096 2600 μίζειν
1118 2565 1182 2600 περὶ
1202 2564 1248 2590 τοῦ
1269 2563 1323 2590 τῶν
1339 2562 1465 2589 ἁπάντων
1480 2560 1566 2588 αἰτίου
1582 2558 1717 2592 λέγεσθαι,
1733 2556 1802 2583 ἀλλὰ

1007 2612 1071 2647 περί
1083 2611 1136 2637 τῶν
1150 2610 1179 2642 ἐξ
1195 2610 1276 2636 αὐτοῦ
1293 2606 1495 2645 δημιουργικῶς
1511 2605 1684 2632 ὑποστάντων
1697 2602 1802 2638 νοητῶν

1006 2667 1035 2684 τε
1050 2659 1096 2684 καὶ
1111 2657 1221 2692 νοερῶν,
1238 2657 1285 2683 καὶ
1305 2655 1451 2690 αἰσθητῶν,
1468 2654 1514 2680 καὶ
1528 2651 1642 2678 λοιπῶν
1658 2650 1728 2677 καθὰ
1745 2649 1802 2685 γὰρ

1007 2704 1222 2739 προειρήκαμεν,
1245 2703 1259 2728 ὁ
1283 2702 1348 2733 Θεὸς
1365 2701 1417 2737 πρὸ
1433 2699 1479 2726 τοῦ
1495 2700 1586 2726 εἶναι’
1602 2698 1649 2724 καὶ
1672 2697 1726 2731 γάρ
1741 2697 1801 2722 ἔστι

617 2836 737 2865 ΥΜΠᾸΞ
759 2835 952 2866 LECTIONES
967 2835 1010 2863 ΕΤ
1031 2833 1305 2864 CORliECTlONES.

216 2891 240 2908 "
251 2892 322 2919 κατὰ
332 2893 426 2923 ταῦτα.
