1923 3064
85 200 88 202 ’
115 205 169 233 517

472 206 500 233 S.
521 204 645 233 ΜΑΧΙΜΙ
663 205 808 233 SCHOLIA
829 205 864 233 IN
880 205 944 233 LIB.
962 205 1007 233 DE
1023 205 1148 234 DlVlNlS
1167 205 1368 234 NOMiNlBUS.‘

1690 204 1742 232 318

113 264 205 300 προών
217 272 223 278 ·
241 263 273 290 τὸ
292 263 321 290 δὲ
339 258 411 291 εἶναι
433 261 487 290 οἷον
512 263 629 298 ἔμφασιν
655 263 710 299 ἔχει
724 264 784 290 τινὰ
800 267 904 299 προῦπ-

957 271 998 293 est
1014 266 1104 302 προών
1117 273 1164 293 seu
1176 266 1383 300 prrcexsislcns;
1401 271 1461 291 esse
1476 267 1566 292 autem
1590 263 1673 292 habet
1688 266 1745 292 vel-

112 311 189 342 όντος
213 310 311 337 αἰτίου.
341 311 445 344 Προὼν
469 311 516 346 μὲν
533 309 579 337 οὖν
594 310 701 345 λέγεται
724 312 739 337 ὁ
760 310 841 342 Θεὸς,
859 312 905 337 καὶ

113 356 205 383 λοιπὸν
221 355 328 390 λέγεται
351 357 398 382 καὶ
418 355 470 387 ὢν,
486 356 523 388 ὡς
541 356 668 383 ἁπάντων
682 357 766 388 αἴτιος
777 365 783 372 ·
802 354 861 384 εἶτα
875 357 905 383 τὸ

113 401 183 429 εἶναι
197 402 230 429 τὰ
246 402 334 429 πάντα
352 401 382 434 ἐξ
396 403 489 429 αὑτοῦ.
507 403 543 429 Τὸ
557 401 604 429 οὖν
617 403 692 430 εἶναι
709 404 769 430 κατ’
784 403 905 430 ἐπίνοιαν

114 449 148 475 ὲκ
171 448 287 484 μετοχῆς
308 447 411 483 ὑπέστη
426 448 472 475 τοῦ
490 450 612 483 προεῖναι
629 448 722 482 αὑτοῦ,
740 449 788 484 οὐχ
803 450 840 480 ὼς
856 458 904 484 με-

114 494 253 530 ρισθέντος
262 492 310 520 τοῦ
325 493 392 520 Θεοῦ
407 495 447 525 εἰς
458 495 490 520 τὸ
501 492 569 521 εἶναι
583 495 628 521 καὶ
642 497 775 531 προεῖναι,
791 495 857 521 ἀλλὰ
875 494 905 521 τὸ

114 539 220 574 θέλημα
243 538 325 565 αὐτοῦ
341 539 372 566 τὸ
388 540 547 576 παραγαγὺν
568 542 608 572 εἰς
629 541 659 567 τὸ
682 538 752 567 εἶναι
773 540 807 568 τὰ
829 541 903 572 ὄντα,

112 585 193 611 τοῦτο
207 585 314 619 λέγεται
328 583 398 612 εἶναι
413 586 586 622 προῦποστὰν
606 588 634 613 ὲν
647 586 685 622 τῷ
700 586 769 622 Θεῷ,
785 587 831 613 καὶ
844 586 904 613 rod-

112 640 161 658 του
176 631 223 658 τοῦ
239 632 310 659 θείου
327 631 478 668 θελήματος
495 633 535 664 εἰς
555 633 586 659 τὸ
604 631 673 659 εἶναι
690 633 778 660 κτίσιν
792 641 903 668 προορι-

114 677 234 709 σθέντος,
250 678 361 709 εἰκότως
374 677 427 713 πρὸ
439 677 492 705 τῶν
509 678 605 710 ἀλλων,
618 675 654 705 ὦν
671 678 779 714 μετέχει
794 678 829 704 τὰ
841 679 904 705 ὄντα

112 723 161 750 τοῦ
179 723 258 753 Θεοῦ.
277 723 451 759 πρεσϐυτέρα
466 733 507 755 τις
521 724 592 760 ἀρχὴ
606 725 622 759 ἡ
636 724 683 750 τοῦ
699 722 779 756 εἶναι,
790 725 904 751 ἐπινοεῖ-

112 776 159 794 ται
173 769 254 801 αὐτὸς
270 769 285 795 ό
299 768 365 800 Θεός
376 777 383 783 ·
396 769 503 805 πρῶτον
519 768 573 805 γάρ
587 770 644 796 ὲστί
658 778 694 802 τι,
706 770 753 796 καὶ
762 770 822 796 τότε
843 770 901 798 ἐστὶ

112 814 162 841 καὶ
183 813 251 850 ζωὴ,
267 815 314 841 καὶ
339 815 428 848 σοφία.
445 815 476 841 Οἰ
498 815 564 849 γοῦν
583 815 693 851 ἀόρατοι
710 815 756 842 καὶ
772 815 903 842 ἁνώτατοι

111 860 172 891 νόες
189 860 295 896 πρῶτον
309 859 356 887 τοῦ
372 861 446 887 εἶναι
461 861 601 896 μετέσχον,
616 861 663 888 καὶ
685 861 756 888 οὕτω
771 861 842 897 ζωῆς
856 863 903 888 καὶ

113 905 330 942 σοφίας.Ὧσπερ
343 906 398 942 γὰρ
415 907 457 941 ἐφ’
468 906 545 942 ἡμῶν
561 906 655 942 πρώτη
666 916 708 939 τις
721 907 823 943 ὑπέστη
840 907 901 942 ὕλη,

110 952 159 987 ἀφ’
177 950 211 988 ἦς
235 953 337 988 ἐσμέν·
353 952 424 979 οὕτω
440 953 487 980 καὶ
507 953 552 979 ἐπὶ
572 952 626 978 τῶν
650 952 802 988 ἀσωμάτων
824 952 902 984 νοῶν,
919 948 940 975 Β

110 998 195 1024 οἱονεὶ
210 997 271 1034 ὖλη,
281 1000 382 1025 νοεῖται
396 999 461 1026 αὐτὸ
474 998 504 1025 τὸ
517 998 547 1024 ὂν
558 998 673 1025 ἑκάστου
687 998 731 1025 διὰ
743 998 815 1033 ζωῆς
823 996 901 1031 εἶδος,

111 1044 161 1070 καὶ
176 1044 237 1071 καθ’
254 1044 269 1070 ὃ
284 1045 412 1071 οὐσίωται
433 1046 472 1077 εἰς
489 1044 561 1080 ζωὴν
576 1045 623 1071 καὶ
643 1045 738 1079 σοφίαν
754 1045 801 1071 καὶ
814 1045 904 1080 ὁμοιό-

111 1098 192 1125 τητα.
202 1090 361 1126 Ὀμοιότητα
373 1091 402 1117 δὲ
418 1091 464 1117 καὶ
480 1091 535 1118 ἄνω
549 1090 721 1126 διεξήλθομεν
741 1092 787 1117 καὶ
808 1091 904 1117 ταύτό-

111 1143 196 1171 τητα,
210 1136 260 1168 τὰς
285 1137 444 1171 ἀναγωγοὺς
469 1137 516 1163 ἐπὶ
539 1137 604 1164 Θεὸν
623 1137 760 1172 δυνάμεις,
787 1136 846 1163 καθ’
871 1136 904 1168 ἃς

110 1180 269 1217 ὁμοιοῦνται
287 1181 362 1216 αὐτῷ
380 1184 523 1217 προσεχεῖς
538 1182 612 1218 αὐτῷ
630 1180 718 1216 οὖσαι,
735 1183 782 1209 καὶ
801 1183 903 1209 τούτων

109 1227 173 1254 καθ’
189 1227 320 1254 ὑπόϐασιν
337 1228 479 1263 μετέχουσι
491 1227 526 1254 τὰ
543 1228 611 1263 μετὰ
631 1228 717 1255 ταῦτα
736 1229 842 1264 πρῶτον
857 1228 906 1254 καὶ

109 1274 183 1302 αὐτὰ
196 1274 243 1301 τοῦ
260 1272 330 1301 εἶναι
347 1274 504 1310 μετέχοντα.
520 1275 620 1311 Ἀρχὰς
640 1275 668 1301 δὲ
688 1274 745 1302 τῶν
756 1275 839 1302 ὄντων
854 1275 904 1306 τὰς

110 1319 224 1356 πρώτας
240 1320 396 1352 ὑποστάσας
417 1321 446 1346 ὲν
464 1321 497 1356 τῇ
521 1320 606 1347 κτίσει
625 1320 718 1352 οὐσίας
731 1320 835 1356 νόησον,
853 1321 903 1356 ἀρ-

109 1366 164 1401 χὰς
184 1366 343 1402 λεγομένας,
359 1366 420 1401 οὐχ’
432 1366 472 1392 ὅτι
494 1365 523 1399 ἐξ
545 1365 634 1392 αὐτῶν
652 1365 686 1392 τὰ
702 1366 775 1399 ὄντα,
792 1366 830 1398 ὡς
850 1366 904 1393 ἀπὸ

109 1412 262 1447 στοιχείων,
284 1411 341 1438 ἀλλ’
357 1413 409 1444 ὅτι,
425 1411 496 1438 καθὰ
511 1411 627 1447 εἴρηται,
644 1412 697 1447 πρὸ
711 1412 765 1439 τῶν
780 1413 837 1447 μετ’
854 1413 903 1439 αὺ-

107 1457 160 1490 τάς
173 1457 426 1494 ὲδημιουργήθησαν
435 1466 441 1472 ·
456 1456 512 1484 οἷον
523 1458 569 1484 ἐπὶ
586 1458 635 1493 μὲν
647 1457 701 1484 τῶν
714 1458 816 1494 νοητῶν
832 1458 904 1494 ἀρχὴ

109 1504 229 1535 κτίσεως
243 1503 343 1539 θρόνοι,
359 1504 405 1530 καὶ
415 1502 486 1530 οὕτω
497 1503 531 1530 τὰ
546 1502 623 1539 ὲξῆς¹
639 1504 685 1531 ἐπὶ
700 1503 728 1530 δὲ
739 1503 793 1531 τῶν
808 1504 909 1540 αἰσθη-Δ

108 1549 166 1576 τῶν
188 1549 259 1585 ἀρχὴ
284 1549 398 1581 κτίσεως
416 1549 530 1585 οὐρανὸς
546 1549 592 1576 καὶ
608 1549 645 1585 γῆ
657 1558 663 1564 ·
686 1550 733 1576 Ἐν
751 1550 831 1585 ἀρχῇ
849 1550 904 1586 γὰρ

107 1595 255 1628 ἐποίησεν
269 1596 285 1622 ό
301 1595 372 1628 Θεὸς
392 1594 444 1622 τὸν
463 1595 593 1629 οὐρανὸν
616 1595 664 1622 καὶ
686 1595 743 1630 τὴν
760 1596 833 1631 γῆν·
850 1597 903 1623 τῶν

108 1640 166 1676 γὰρ
183 1640 319 1675 αἰσθητῶν
336 1641 525 1676 πρωτόκτιστα
546 1641 644 1669 ταῦτα.
662 1640 728 1668 Εἶτα
751 1643 798 1669 καὶ
817 1642 904 1675 ἄλλως

108 1688 137 1714 αἱ
155 1687 222 1714 ἰδέαι
238 1688 284 1714 καὶ
297 1687 330 1714 τὰ
347 1687 565 1722 παραδείγματα,
582 1688 653 1723 ἅπερ
668 1689 721 1714 εἰσὶ
731 1689 837 1724 νοήσεις
853 1689 904 1715 αὺ-

109 1733 228 1765 τοτελεῖς
253 1733 332 1759 ἀΐδιοι
355 1732 401 1759 τοῦ
427 1733 513 1760 ἀϊδίου
538 1733 617 1764 Θεοῦ,
638 1733 709 1759 καθὰ
733 1733 902 1769 προέφημεν,

110 1779 282 1807 ὲητινοοῦνται
295 1780 376 1806 οἱονεὶ
385 1781 512 1815 στοιχεῖα,
528 1780 575 1806 καὶ
589 1780 681 1815 ἀρχαὶ,
697 1781 743 1807 καὶ
758 1780 807 1816 ὕλη
825 1781 904 1813 ἄῡλος

109 1825 160 1851 καὶ
174 1823 319 1859 ἀσώματος
329 1823 381 1850 τῶν
394 1824 560 1859 μετεχόντων
575 1825 622 1851 καὶ
637 1825 725 1852 αὐτῶν
742 1825 796 1852 τῶν
817 1826 903 1859 ἰδεῶν,

108 1867 167 1897 οἷον
182 1869 236 1896 τῶν
251 1870 442 1906 παραχθεισῶν
458 1870 611 1906 ἀσωμάτων
623 1871 740 1904 τάξεων·
758 1872 773 1906 ἡ
786 1872 840 1907 γὰρ
855 1873 905 1898 αὐ-

108 1915 215 1951 τοζωὴς
232 1916 279 1943 καὶ
300 1916 458 1950 αὑτοσοψία,
476 1917 522 1942 καὶ
542 1916 694 1948 αὑτόταξις,
711 1918 758 1943 καὶ
771 1918 852 1944 τᾶλλα
869 1918 904 1945 τὰ

109 1961 140 1987 ὲν
164 1960 223 1996 Θεῷ
245 1961 454 1997 παραδείγματά
475 1963 554 1993 εἰσιν,
567 1958 604 1988 ὧν
630 1961 788 1996 μετέχουσιν
810 1963 838 1988 αἱ
858 1963 905 1998 δη-

111 2007 264 2041 μιουργίαι,
279 2007 317 2038 ὡς
333 2006 446 2042 σημείου
466 2007 525 2042 ἤτοι
545 2007 657 2043 κέντρου
674 2007 702 2033 αἱ
717 2008 776 2035 κατ’
796 2008 903 2035 εὐθεῖαν

109 2053 240 2087 γραμμαὶ
254 2053 300 2078 ἐπὶ
312 2052 358 2079 τὸν
373 2052 472 2080 κύκλον
485 2052 645 2088 φερόμεναι.

957 314 994 340 uti
1020 313 1165 348 quamdam
1191 312 1453 340 demonstrationem
1479 318 1569 338 causa;
1594 318 1655 346 quae
1681 315 1744 340 ante

956 357 1088 387 subsistit.
1098 357 1189 393 Itaque
1197 358 1266 386 Deus
1273 358 1371 385 dicitur
1379 357 1479 392 προών,
1497 364 1528 383 ac
1545 357 1663 391 denique
1676 357 1745 384 dici-

955 407 1001 430 tur
1021 403 1102 430 etiam
1118 403 1165 434 ὢν,
1183 406 1210 429 ut
1228 403 1350 429 omnium
1369 406 1475 434 auctor,
1492 402 1590 429 deinde
1604 403 1695 429 omnia
1711 411 1745 430 ex

955 449 1014 483 ipso
1029 457 1101 477 esse.
1116 449 1187 484 Ergo
1212 457 1267 476 esse
1291 449 1440 476 secundum
1457 448 1660 483 cogitationem,
1677 448 1744 475 sub-

955 492 1028 520 sistit
1052 500 1101 527 per
1125 492 1364 528 participationem
1388 492 1450 526 ejus
1468 492 1540 527 quod
1557 493 1719 528 przeexstitit
1737 503 1742 520 :

955 546 1009 566 non
1025 539 1098 574 quod
1114 538 1186 566 Deus
1200 539 1306 566 divisus
1321 539 1357 566 sit
1373 539 1400 565 in
1411 547 1472 566 esse
1488 546 1519 566 ac
1532 543 1595 566 ante
1609 546 1681 571 esse,
1697 539 1745 566 sed

955 585 1042 620 ipsius
1066 585 1193 612 voluntas
1217 592 1277 620 quin
1294 592 1339 612 res
1363 584 1391 611 in
1411 592 1472 612 esse
1487 585 1627 619 produxit,
1646 584 1746 612 dicitur

955 631 984 658 in
1003 631 1058 659 Deo
1071 636 1133 658 ante
1149 631 1317 663 substitisse,
1333 635 1415 666 atque
1429 631 1527 658 divinae
1552 631 1634 665 hujus
1649 631 1747 658 volun-

954 677 1029 709 tatis,
1053 677 1086 704 ad
1114 681 1247 704 creaturae
1272 677 1462 705 exsistentiam
1490 676 1744 712 praedeterminatze,

954 724 1052 751 merito
1069 727 1133 751 ante
1149 724 1212 755 alia,
1236 724 1337 759 quibus
1353 730 1398 750 res
1415 723 1471 750 Deo
1486 723 1660 758 participant,
1675 723 1747 749 anti-

954 770 1035 805 quius
1050 769 1160 804 aliquod
1174 769 1338 804 principium
1353 769 1441 804 ipsius
1453 776 1524 800 esse,
1541 768 1612 796 Deus
1628 769 1746 803 ipseco-

954 816 1072 850 gitatur;
1090 815 1179 850 primo
1193 815 1267 842 enim
1283 814 1387 850 aliquid
1400 818 1453 847 est,
1467 822 1498 841 ac
1510 819 1566 841 tum
1580 818 1622 842 est
1648 818 1675 841 et
1688 815 1745 842 vita

954 865 980 889 et
1002 861 1146 896 sapientia.
1173 861 1249 896 171
1273 860 1428 888 lnvisibilcs
1445 861 1529 895 igitur
1555 867 1588 887 ac
1613 867 1746 894 suprema:

953 912 1069 939 mentes,
1086 908 1174 942 primo
1198 907 1398 942 participarunt
1421 915 1486 938 esse,
1504 910 1587 941 atque
1609 906 1647 933 ita
1663 906 1746 933 vitam

954 963 986 982 ac
1000 955 1162 990 sapientiam
1175 964 1183 988 -,
1200 955 1272 981 sicut
1287 954 1360 981 enim
1378 953 1405 980 in
1417 952 1503 980 'nobis
1518 953 1606 988 prima
1621 952 1745 988 quaedam

954 1001 1080 1028 subsistit
1097 1001 1211 1027 materia
1227 1008 1260 1027 ex
1273 1007 1327 1034 qua
1340 1007 1448 1031 sumus,
1465 999 1502 1026 ita
1516 999 1598 1026 etiam
1619 1000 1747 1034 incorpo-

954 1047 1009 1074 reis
1024 1047 1160 1074 mentibus
1175 1047 1248 1074 velut
1263 1046 1377 1073 materia
1402 1046 1564 1080 intelligitur
1583 1045 1672 1080 ipsum
1696 1053 1750 1073 ens

955 1093 1042 1120 forma
1057 1093 1190 1128 cujusque
1206 1093 1234 1120 in
1254 1093 1320 1124 vita,
1337 1097 1363 1120 et
1378 1100 1433 1127 quo
1449 1092 1651 1120 substantiatur
1664 1092 1691 1119 in
1705 1092 1749 1119 vi-

954 1143 1009 1167 tam
1022 1144 1049 1167 et
1064 1139 1227 1174 sapientiam
1241 1143 1267 1166 et
1280 1139 1499 1167 similitudinem.
1515 1138 1602 1165 Porro
1617 1139 1748 1166 similitu-

954 1186 1046 1213 dinem
1061 1187 1143 1213 etiam
1159 1193 1241 1220 supra
1257 1186 1449 1220 explicuimus,
1464 1188 1546 1220 atque
1562 1185 1746 1216 identitatem,

954 1233 1069 1259 virtutes
1083 1239 1144 1266 qua:
1158 1232 1191 1258 ad
1205 1231 1291 1258 Deum
1317 1239 1427 1259 sursum
1443 1231 1557 1263 ducunt,
1572 1231 1673 1266 quibus
1691 1230 1751 1258 Deo

955 1278 1143 1306 assimilantur
1157 1279 1222 1304 dum
1238 1277 1289 1312 ipsi
1306 1277 1455 1309 adhaerent,
1469 1285 1501 1304 ac
1514 1277 1556 1304 liis
1572 1278 1599 1304 in
1611 1277 1751 1304 descensu

954 1324 1122 1358 participant
1137 1331 1196 1358 quae
1210 1327 1374 1358 sequuntur,
1387 1331 1449 1350 cum
1463 1323 1521 1358 ipsa
1532 1324 1614 1350 etiam
1627 1324 1746 1359 primum

954 1377 1016 1397 esse
1032 1369 1208 1404 participem.
1222 1368 1323 1396 Rerum
1350 1372 1439 1396 autem
1466 1368 1610 1403 principia,
1628 1368 1756 1403 intellige

954 1414 1089 1442 essentias
1104 1422 1165 1449 quae
1178 1414 1268 1449 primo
1281 1413 1309 1441 in
1324 1413 1462 1441 creatione
1478 1414 1673 1445 substiterunt,
1687 1420 1757 1448 quae-

955 1460 1084 1488 dicuntur
1096 1460 1243 1495 principia,
1257 1467 1314 1487 non
1328 1460 1401 1495 quod
1415 1467 1460 1487 res
1476 1467 1508 1487 ex
1525 1459 1593 1494 ipsis
1615 1463 1755 1494 tanquam-

954 1507 1113 1540 elementis;
1131 1506 1178 1535 sed
1193 1506 1268 1542 quia,
1288 1507 1370 1534 sicuti
1386 1506 1490 1533 dictum
1505 1509 1557 1536 est,
1569 1509 1668 1532 creatae
1684 1507 1753 1532 sunt

956 1557 1019 1581 ante
1042 1553 1227 1588 posteriores;
1252 1553 1327 1581 velut
1351 1554 1377 1580 in
1400 1551 1629 1587 intelligibililms,
1644 1551 1749 1586 princi-

955 1601 1029 1635 pium
1043 1600 1191 1628 creationis
1211 1603 1276 1627 sunt
1305 1599 1406 1629 throni.
1436 1602 1463 1626 et
1487 1599 1525 1625 ita
1554 1597 1701 1632 deinceps;
1720 1597 1747 1624 in

957 1646 1105 1673 sensilibus
1129 1650 1231 1677 autem,
1245 1645 1409 1680 principium
1434 1643 1582 1671 creationis
1598 1643 1698 1670 cmlum
1722 1646 1752 1669 et

957 1697 1028 1719 terra
1043 1700 1049 1718 ε
1069 1690 1100 1717 1η
1114 1690 1242 1725 principio
1262 1689 1334 1717 enim
1356 1689 1453 1716 creavit
1474 1688 1544 1714 Deus
1557 1687 1649 1714 malum
1661 1691 1684 1714 et
1697 1691 1749 1713 ter-

957 1745 1026 1764 ram.
1051 1736 1114 1763 llaec
1135 1736 1207 1763 enim
1229 1735 1367 1764 creatione
1394 1734 1536 1762 sensilium
1552 1734 1650 1768 prima.
1668 1733 1750 1760 Deni—

959 1791 1011 1818 que
1025 1783 1106 1810 etiam
1121 1782 1200 1809 aliter
1221 1782 1292 1809 idem
1314 1785 1340 1809 et
1356 1781 1533 1815 exemplaria,
1552 1787 1612 1814 qua!
1627 1783 1691 1806 sunt
1707 1778 1751 1806 in-

956 1828 1128 1856 tellectiones
1143 1835 1191 1862 per
1205 1834 1235 1855 se
1249 1826 1377 1862 perfectae
1387 1829 1496 1853 aeternae
1509 1824 1604 1852 aeterni
1618 1824 1678 1856 Dei,
1694 1823 1752 1851 sic-

956 1878 986 1901 ut
1002 1879 1080 1901 antea
1095 1873 1225 1905 diximus,
1243 1872 1336 1899 animo
1353 1871 1546 1906 concipiuntur
1559 1873 1589 1897 ut
1603 1870 1748 1900 elementa,

955 1922 982 1947 et
998 1919 1143 1954 principia,
1159 1922 1185 1946 et
1208 1917 1328 1946 materiae
1342 1924 1439 1952 expers
1455 1920 1538 1952 atque
1552 1916 1611 1943 sine
1630 1921 1756 1949 corpore

956 1966 1082 1997 materia,
1100 1964 1326 2000 participantium
1345 1964 1523 1999 ipsarumque
1538 1961 1672 1992 idearum,
1690 1963 1751 1986 tan-

955 2017 1038 2045 quam
1061 2011 1287 2044 incorporeorum
1315 2009 1512 2044 productorum
1542 2007 1679 2034 ordinum.
1707 2004 1752 2031 Si-

954 2055 1065 2091 quidem
1088 2056 1149 2091 ipsa
1164 2056 1231 2087 vita,
1247 2056 1362 2090 ipsaque
1379 2053 1524 2088 sapientia,
1544 2056 1571 2080 et
1588 2052 1647 2086 ipse
1669 2049 1750 2083 ordo,

110 2102 195 2132 atque
212 2097 265 2125 alia
288 2102 351 2125 sunt
366 2099 397 2128 in.
413 2098 465 2126 Deo
492 2099 671 2134 exemplaria,
689 2107 806 2134 quorum
822 2103 957 2129 creaturae
981 2102 1143 2138 participes,
1158 2105 1188 2129 ut
1209 2101 1304 2137 puncti
1335 2108 1383 2128 seu
1399 2099 1486 2127 centri
1516 2105 1577 2134 quae
1604 2100 1681 2125 recta
1717 2096 1755 2123 ad.

109 2145 246 2173 circulum
261 2144 385 2172 feruntur
403 2145 491 2173 linea).

145 2191 271 2218 Πάντων
284 2191 340 2218 οὖν
351 2192 478 2224 εἰκότως.
505 2192 609 2228 Ἑαυτῷ
624 2192 725 2228 ταύτην
736 2193 785 2229 τὴν
801 2202 904 2230 προση-

109 2237 208 2273 γορίαν
218 2236 403 2268 ἑθετοόθεὸς,
419 2237 518 2264 εἰπών·
538 2237 607 2272 Ἐγώ
623 2239 681 2273 εἰμι
692 2240 708 2265 ὁ
724 2238 781 2265 ὥν·
797 2239 838 2266 διὸ
854 2239 912 2275 πρὸ.

972 2212 975 2215 ι
995 2191 1090 2218 Merito
1103 2192 1184 2226 igitur
1197 2189 1327 2218 omnibus.
1349 2189 1421 2216 Deus
1445 2189 1496 2216 sibi
1517 2188 1570 2215 hoc
1586 2195 1685 2214 nomen
1699 2188 1753 2215 im-

959 2238 1060 2274 posuit,
1073 2245 1135 2265 cum
1150 2237 1234 2264 dixit:
1245 2236 1299 2271 Ego
1311 2244 1369 2262 sum
1379 2236 1423 2270 qui
1436 2235 1536 2262 ρετινετ
1548 2233 1610 2261 ideo
1619 2237 1683 2261 ante
1698 2233 1752 2260 alia

109 2283 167 2311 τῶν
183 2282 281 2314 ἄλλων,
297 2283 347 2308 ὅσα
365 2283 428 2318 περὶ
449 2283 530 2310 αὐτοῦ
551 2283 671 2318 λέγεται,
687 2283 744 2310 οἷον
760 2284 842 2320 ζωῆς,
860 2285 904 2312 καὶ

960 2291 1020 2319 qua:
1034 2283 1067 2310 de
1082 2283 1142 2318 ipso
1158 2282 1298 2314 dicuntur,
1311 2281 1395 2309 veluti
1407 2281 1490 2307 vitam
1506 2283 1533 2307 et
1549 2279 1711 2315 sapientiam
1725 2283 1754 2307 et

111 2329 220 2364 σοφίας,
233 2329 280 2355 καὶ
293 2329 346 2355 τῶν
357 2329 495 2361 τοιούτων,
508 2330 620 2362 εἰκότως
631 2331 838 2367 ἀναγορεύεται.
863 2331 907 2366 Τῷ

109 2375 139 2402 δὲ
155 2375 243 2401 εἰπεῖν
264 2374 396 2409 προεῖναι
412 2374 460 2401 καὶ
480 2375 642 2409 ὐπερεῒνοιι,
671 2375 702 2402 τὸ
725 2377 842 2412 ἄναρχον
860 2376 909 2403 καὶ

111 2421 203 2456 πάντη
220 2421 404 2457 ἀκατανόητον
414 2421 460 2449 τοῦ
471 2420 539 2448 εἶναι
554 2422 599 2448 τὸν
614 2422 680 2448 Θεὸν
696 2423 866 2458 ὑφηγήσατο,
878 2422 908 2454 ὃς

111 2467 162 2499 καὶ
189 2467 228 2502 τῷ
255 2467 414 2503 π-ροορισμῷ
436 2468 486 2503 τῆς
510 2469 613 2499 οἰκείας
638 2469 758 2504 ἀρρήτου
781 2467 907 2502 γνώσεως

111 2514 339 2550 προῦπεστήσατο
359 2514 390 2540 τὸ
406 2514 473 2546 ὅλως
491 2511 560 2540 εἶναι
578 2514 612 2541 τὰ
629 2515 734 2541 πάντα”
749 2515 836 2550 τούτῳ
853 2514 907 2551 γὰρ

111 2559 205 2596 ἀθρόῳ
216 2560 237 2574 "
253 2559 323 2586 κατὰ
330 2559 440 2595 πρώτην
449 2559 601 2596 προσϐολὴν
618 2560 758 2587 ἐπιϐάλλει
769 2562 783 2587 ὁ
795 2560 858 2591 νοῦς
868 2559 907 2596 τῷ

112 2605 199 2632 εἶναι’
222 2603 270 2632 εἷθ’
285 2605 356 2632 οὕτω
377 2606 407 2632 τὸ
427 2606 551 2633 ὁπωσοῦν
573 2605 641 2633 εἶναι
664 2606 733 2633 αὐτὰ
748 2607 854 2642 Θεωρεῐ.
871 2606 907 2632 Τὸ

112 2651 159 2679 οὖν
183 2651 275 2684 ἁπλῶς
297 2650 415 2690 εἶναι,οὐ
438 2653 468 2679 τὸ
490 2653 549 2684 πῶς
570 2651 638 2680 εἶναι
662 2653 805 2689 ἐδήλωσεν,
822 2652 906 2679 εἰπὼν

113 2697 175 2724 καθ’
190 2697 256 2724 αὐτὸ
280 2697 311 2723 τὸ
332 2695 411 2732 εἶναι,
427 2698 521 2734 ὥσπερ
541 2698 602 2735 ἑξῆς
626 2699 674 2734 τὴν
691 2699 839 2734 αὑτοζωὴν,
857 2698 906 2734 τὴν

113 2744 337 2780 αὐτοομοιότητα,
355 2745 449 2771 καὶτὰ
467 2745 516 2772 σὺν
529 2746 620 2777 αὺτοῖς
633 2745 728 2777 εἰπὼν,
743 2746 773 2772 τὸ
788 2745 855 2776 ὅλως
869 2743 907 2772 εἷ-

145 2823 187 2843 i'l
205 2822 291 2850 Exod.
311 2829 353 2854 Ill,
372 2821 414 2848 14.

960 2329 1036 2361 talia,
1057 2329 1120 2364 jure
1144 2328 1307 2363 appellatur.
1323 2327 1445 2354 Dicendo
1459 2331 1551 2354 autem
1566 2327 1689 2362 προεῖναι
1707 2326 1754 2353 καὶ

960 2376 1110 2411 ὕπερεῐναι,
1123 2383 1170 2402 seu
1186 2373 1337 2409 priusesse
1352 2376 1378 2400 et
1394 2380 1476 2407 supra
1488 2379 1559 2404 esse,
1576 2371 1661 2399 Deum
1674 2371 1753 2407 prin-

961 2422 1034 2457 cipio
1060 2429 1165 2454 carere,
1188 2420 1355 2455 omninoque
1382 2427 1437 2446 non
1466 2418 1666 2453 intelligibilem
1691 2425 1754 2445 esse

959 2467 1120 2499 declaravit.
1148 2466 1194 2502 qui
1224 2466 1306 2494 etiam
1330 2464 1616 2501 prmdeterminatione
1636 2463 1754 2499 propria:

960 2513 1104 2541 ineﬂ‘abilis
1110 2513 1278 2549 cognitionis
1284 2511 1376 2539 omnia
1385 2510 1514 2546 produxit
1520 2513 1667 2545 antequam
1678 2517 1755 2545 pror-

961 2568 1009 2588 sus
1025 2563 1134 2593 essent;
1150 2567 1228 2587 mens
1240 2558 1314 2586 enim
1327 2557 1417 2593 primo
1431 2557 1533 2591 impetu
1551 2555 1616 2582 huic
1627 2555 1656 2582 in
1669 2561 1754 2581 unum

961 2607 1076 2634 collecto
1090 2613 1151 2633 esse
1166 2604 1317 2638 incumbit;
1341 2607 1436 2639 postea
1457 2602 1498 2630 sic
1519 2602 1581 2637 ipsa
1598 2600 1754 2635 aliquantu-

960 2653 1015 2680 lum
1031 2660 1092 2680 esse
1107 2651 1206 2679 cernit.
1221 2651 1293 2686 Ergo
1319 2649 1481 2685 simpliciter
1504 2655 1576 2679 esse,
1592 2654 1648 2674 non
1660 2649 1754 2678 autem

960 2698 1052 2732 aliquo
1068 2696 1149 2724 modo
1164 2704 1226 2724 esse
1241 2695 1400 2726 declaravit,
1414 2701 1475 2722 cum
1492 2693 1561 2720 dixit
1571 2699 1620 2727 per
1631 2699 1661 2718 se
1671 2696 1755 2722 esse;

961 2744 1032 2771 sicut
1049 2743 1178 2777 deinceps
1189 2749 1252 2769 cum
1267 2741 1354 2777 ipsam
1371 2740 1466 2773 vitam,
1483 2739 1569 2773 ipsam
1594 2732 1758 2765 similitudi-n

559 2879 676 2907 VARle
696 2878 894 2908 LECTIONES
912 2878 955 2906 ΕΤ
975 2858 1251 2907 (ΖΟΒΒΕΟΤΙΟΝΕΞ.

147 2934 170 2951 ¹⁹
200 2936 278 2964 τοῦτο
300 2937 354 2972 γὰρ
380 2935 495 2972 ἁθρόωςέ
