1926 3062
201 197 254 226 519

199 262 273 286 nem.
289 259 316 282 et
331 261 393 289 quae
407 261 469 281 cum
485 254 552 288 ipsis
568 253 646 285 dixit,
662 260 775 288 prorsus
783 260 843 280 esse
858 253 940 280 vitam
956 260 988 280 ac
1003 256 1025 283 Α

199 299 361 334 simpliciter
375 300 476 331 vivere,
492 305 548 325 non
560 306 624 325 vero
639 298 720 324 talem
736 298 820 324 vitam
830 298 985 332 explicavit,

198 349 226 373 et
241 345 294 371 aiia
309 344 447 376 similiter,
464 344 517 371 hoe
531 344 649 379 primum
665 344 803 378 appellant
819 352 890 372 esse.

237 390 316 425 172
333 389 367 416 Et
379 391 402 417 εἰ
415 391 453 417 vis
468 390 619 417 viventium.
637 389 715 416 Sicut
737 389 827 424 aliqua
840 390 946 418 ratione
959 391 988 419 in

197 436 376 472 qualitatibus
391 443 488 470 nempe
503 439 565 463 ante
579 435 734 463 subsistunt
754 436 819 471 ipsae
829 437 986 471 qualitates,

198 485 293 517 postea
309 482 465 509 accidentes
479 482 610 516 qualitate
624 481 762 514 alliciunt;
781 482 819 508 ita
833 482 915 510 etiam
931 483 989 511 haec

198 528 319 564 intellige
333 528 413 564 quasi
436 535 486 563 per
511 535 541 556 se
562 535 696 563 corporea
712 528 808 555 albedo
822 529 932 564 corpori
945 529 988 557 in-

197 574 315 607 bau'ens,
340 574 430 609 ipsum
452 573 561 601 dealbat
581 583 587 600 :
605 573 646 601 sic
667 573 750 600 etiam
768 581 829 608 qua:
848 573 892 600 hic
914 574 988 601 dicta

197 623 263 646 sunt
287 627 348 646 cum
365 619 544 654 proportione
560 619 692 654 intellige,
707 619 779 654 quod
795 618 868 647 Deus
884 627 989 655 praeca-

158 694 165 698 ,
197 666 364 697 sistens,seu
378 666 444 698 vita,
467 669 568 693 cuncta
583 665 703 693 viviﬁcat
725 672 786 700 qua:
801 665 888 700 ipsam
903 666 989 701 parti—

196 711 300 746 cipant.

230 756 284 784 Per
300 764 327 783 se
340 757 567 792 participationes.
588 756 816 792 Participationes
832 757 909 789 dicit,
927 759 988 793 qui—

194 802 247 830 bus
262 810 307 830 res
319 804 494 838 participant,
509 807 538 830 ut
552 804 640 838 ipsum
656 810 729 837 esse,
741 807 788 830 aut
802 804 868 836 vita,
883 808 928 831 aut
940 811 986 832 sa.

195 848 309 883 pientia,
325 852 373 876 aut
395 849 475 882 ordo,
490 853 518 877 et
543 853 653 882 czetera,
670 857 731 885 quae
758 850 986 885 participationes

194 892 288 920 divina
303 897 368 921 sunt
381 893 463 927 dona,
479 901 540 929 quae
549 894 632 922 etiam
648 895 784 930 principia
799 902 891 922 rerum
902 902 985 922 voca-

194 940 245 966 vit.

230 985 245 1020 ς
258 985 301 1013 Vl.
323 985 421 1021 Estque
433 994 465 1014 ex
481 987 540 1021 ipsa
554 991 579 1014 et
591 987 618 1014 in
632 987 700 1021 ipsa.
721 986 758 1013 lta
772 986 989 1022 intelligendum:

191 1040 264 1059 metu
270 1040 332 1059 cum
339 1033 374 1060 sit
382 1041 430 1068 per
436 1033 605 1061 seexcellens
612 1033 731 1066 bonitas,
738 1036 849 1068 totaque
855 1033 988 1065 efﬁcacia,

191 1078 219 1107 in
226 1078 343 1113 seipsam
350 1086 492 1110 conversa.
500 1078 618 1106 ellicacia
631 1087 678 1107 seu
691 1084 752 1106 actu
760 1082 813 1109 est.
821 1086 877 1106 non
888 1079 989 1107 virtute

191 1131 240 1151 seu
248 1123 354 1156 habitu,
363 1124 440 1159 prius
447 1125 582 1152 exsistens
595 1125 724 1157 amentia,
733 1129 827 1160 postea
836 1129 898 1152 actu
910 1132 988 1152 meus

190 1169 286 1198 eﬂecta
296 1169 385 1204 ;unde
398 1170 480 1198 etiam
493 1174 599 1198 tantum
609 1174 651 1198 est
658 1167 735 1198 mens
742 1179 822 1206 pura,
829 1178 884 1198 non
891 1179 989 1207 super-

191 1214 333 1243 induetam
347 1216 451 1244 habens
464 1216 637 1251 sapientiam,
646 1216 693 1244 sed
702 1224 815 1251 prorsus
823 1224 838 1243 a
846 1217 937 1252 seipsa
946 1217 988 1244 in-

190 1261 298 1297 telligit.
309 1261 338 1289 Si
345 1262 418 1290 enim
426 1262 546 1290 essentia
552 1261 612 1297 ejus
619 1262 673 1290 alia
679 1266 731 1296 est,
738 1271 799 1298 quae
805 1267 896 1291 autem
906 1263 987 1291 intel-

189 1307 248 1342 ligit
262 1311 327 1335 sunt
341 1308 376 1335 ab
395 1308 456 1343 ipso
470 1308 591 1340 diversa,
605 1309 664 1344 ipse
681 1309 797 1344 intelligi
814 1310 920 1344 nequit,
936 1318 986 1338 seu

193 1353 255 1388 ejus
271 1354 408 1387 essentia;
423 1355 445 1382 si
460 1362 526 1382 vero
541 1355 643 1390 aliquid
658 1355 749 1389 habet,
762 1363 778 1382 a
790 1355 880 1391 seipso
892 1356 984 1389 habet,

188 1407 244 1428 non
253 1400 289 1428 ab
302 1401 370 1434 alio;
385 1401 407 1429 si
422 1405 513 1428 autem
528 1408 543 1428 a
558 1401 659 1436 seipse,
666 1406 694 1429 et
703 1410 737 1429 ex
747 1402 838 1438 seipso
849 1402 984 1438 intelligit,

186 1446 247 1482 ipse
271 1451 314 1476 est
338 1455 399 1483 qua:
420 1448 566 1483 intelligit;
581 1456 647 1484 ergo
661 1455 725 1476 cum
738 1449 774 1476 sit
789 1456 878 1482 mens,
894 1453 924 1477 ut
936 1449 985 1484 qui

186 1497 239 1526 est,
255 1501 351 1522 revera
376 1502 420 1522 res
436 1495 582 1530 intelligit;
598 1495 622 1522 si
641 1499 732 1522 autem
747 1495 867 1530 seipsum
882 1496 985 1524 intelli-

186 1547 254 1575 gens
277 1547 322 1568 res
345 1540 481 1575 intelligit,
497 1541 555 1576 ipse
576 1544 620 1568 est
634 1548 689 1573 res,
705 1546 753 1568 aut
768 1541 841 1568 enim
856 1541 922 1569 alibi
935 1549 984 1569 θιε

185 1586 318 1616 ιίεισηιεε
334 1587 408 1621 ipsas
421 1587 565 1622 intelliget,
581 1590 629 1614 aut
642 1587 670 1614 in
685 1587 788 1621 seipso,
799 1591 830 1614 ut
844 1595 905 1622 qua
917 1592 983 1616 sunt

185 1633 266 1667 ejus;
282 1632 346 1660 alibi
362 1633 471 1668 quidem
481 1641 526 1661 res
540 1634 674 1663 exsistere
688 1633 840 1669 intelligere
853 1633 982 1669 impossi-

185 1679 251 1712 bile,
276 1680 322 1707 ubi
352 1680 426 1708 enim
461 1681 599 1708 exsistunt
627 1682 656 1709 in
682 1681 851 1710 sensilibus?
869 1681 983 1709 sensilia

185 1726 258 1754 enim
276 1734 330 1754 non
344 1730 419 1758 sunt.
438 1730 532 1762 utpote
553 1728 698 1755 mutationi
722 1728 851 1760 obnoxia,
867 1735 981 1764 genera-

186 1772 252 1800 bilia
268 1776 296 1800 et
306 1773 513 1808 corruptibilia;
529 1781 594 1810 ergo
610 1775 732 1810 seipsum
748 1778 775 1802 et
792 1775 819 1802 in
834 1774 924 1810 seipso
939 1775 982 1802 in—

185 1819 294 1855 telligit.
309 1819 444 1853 Quoniam
461 1824 552 1848 autem
568 1821 639 1850 Deus
655 1824 698 1849 est
714 1822 796 1849 etiam
811 1829 903 1849 rerum
919 1829 983 1848 con-

186 1864 269 1896 ditor,
284 1865 311 1892 in
335 1873 368 1892 eo
392 1866 466 1901 quod
489 1867 607 1894 necdum
625 1872 678 1900 est,
693 1875 741 1895 eas
755 1871 919 1902 cognoscet;
934 1875 982 1895 ve-

185 1918 248 1938 rum
266 1911 324 1945 ipse
348 1916 392 1939 est
419 1912 541 1939 universi
559 1912 643 1947 hujus
669 1913 858 1948 archetypum,
871 1917 900 1941 et
920 1920 981 1948 quae

186 1956 313 1992 intelligit
339 1965 394 1984 non
415 1958 450 1984 ab
477 1958 540 1986 aliis
566 1961 660 1994 typum
679 1959 816 1994 accipiens
841 1959 979 1994 intelligit,

1001 928 1023 957 Β

185 2009 248 2029 cum
265 2001 301 2030 sit
315 2010 409 2030 eorum
426 2011 486 2038 quae
501 2007 565 2031 sunt
578 2004 736 2039 exemplar;
763 2004 803 2032 sic
818 2012 907 2040 neque
921 2005 981 2040 ipse

185 2048 215 2075 in
228 2048 299 2082 loco,
312 2057 401 2084 neque
411 2057 443 2077 ea
456 2057 517 2085 quae
531 2050 559 2077 in
576 2050 636 2085 ipso
648 2050 723 2078 velut
736 2050 764 2077 in
777 2050 854 2084 loco;
871 2050 919 2079 sed
931 2050 980 2077 ha-

185 2093 232 2122 bet
246 2102 278 2122 ea
294 2100 323 2122 ut
340 2096 463 2131 seipsum
480 2096 596 2128 habens,
614 2096 736 2132 ipsisque
751 2097 899 2129 exsistens,
918 2104 978 2124 om-

185 2141 268 2169 nibus
284 2142 393 2177 quidem
409 2142 492 2171 simul
507 2142 712 2175 exsistcntibus,
730 2147 757 2171 et
774 2142 980 2171 indivisibiliter

185 2187 215 2215 in
230 2188 290 2222 ipso
304 2188 517 2222 assistentibus;
536 2188 676 2216 distinctis
699 2192 801 2221 autem,
816 2188 844 2216 in
860 2189 980 2216 indivisi-

185 2233 234 2260 bili
245 2234 458 2262 indivisibiliter.
473 2234 539 2270 Ejus
553 2235 637 2271 igitur
650 2235 830 2271 cogitationes
845 2239 909 2263 sunt
922 2243 976 2270 res,

185 2287 230 2307 res
254 2284 344 2308 autem
371 2284 436 2309 sunt
458 2283 575 2316 species.
590 2281 770 2317 Cogitationes
785 2290 850 2310 vero
865 2290 920 2309 non
940 2282 977 2310 ita
992 2283 1014 2311 Ι)

185 2325 402 2361 intelligendum,
421 2327 495 2362 quod
521 2332 666 2363 postquam
684 2329 794 2364 aliquod
816 2329 884 2357 certi
901 2329 977 2364 cogi-

185 2372 264 2404 tavit,
281 2372 349 2400 illud
367 2373 456 2408 ipsum
472 2374 554 2401 fuerit
569 2379 616 2402 aut
630 2375 683 2409 sit;
700 2375 770 2402 hanc
787 2375 860 2403 enim
875 2376 978 2411 cogita—

185 2419 287 2446 tionem
310 2419 413 2454 aliquid
437 2420 510 2455 quod
534 2421 696 2456 intelligitur
715 2421 870 2456 praecedere
884 2421 975 2454 debet,

185 2469 215 2491 ut
230 2467 373 2499 postquam
391 2465 456 2493 illud
471 2466 642 2500 cogitaverit,
658 2466 757 2499 faciat;
774 2467 821 2494 sed
839 2475 884 2495 res
900 2467 977 2495 intel-

184 2507 255 2542 ligit,
273 2511 302 2534 ut
327 2509 446 2542 seipsum
463 2509 541 2545 173
557 2510 720 2546 intelligens,
738 2519 770 2539 ac
789 2511 978 2539 inexsistenti-

184 2553 237 2583 bus
250 2554 431 2588 conjunctus;
448 2556 507 2590 ipsa
520 2556 593 2583 enim
607 2556 668 2591 ejus
683 2557 822 2592 cogitatio,
841 2558 922 2585 rebus
934 2563 977 2586 est

185 2600 345 2635 generatio;
361 2601 435 2636 quod
452 2602 536 2637 igitur
551 2602 619 2638 ipsis
633 2603 716 2636 inest,
738 2603 765 2631 id
789 2607 832 2631 est
857 2604 974 2639 species,

185 2649 268 2681 atque
284 2646 337 2674 hoc
356 2650 399 2675 est
424 2647 484 2675 idea
500 2657 508 2675 ι
524 2648 582 2683 ipse
596 2656 660 2676 vero
674 2657 738 2676 cum
750 2652 823 2677 totus
838 2649 873 2677 sit
887 2657 975 2682 mens,

185 2696 262 2721 totus
276 2697 318 2721 est
333 2694 447 2722 scientia
460 2703 466 2721 :
479 2702 539 2729 qua:
552 2702 618 2722 vero
629 2703 660 2722 ex
673 2695 733 2730 ipso
745 2699 772 2723 ct
784 2696 811 2723 in
824 2696 883 2731 ipso
899 2703 976 2723 men-

186 2743 228 2767 tes
244 2739 518 2775 contemplationibus
530 2740 652 2768 scientiae
665 2741 780 2769 similes.
797 2742 867 2769 Sunt
883 2746 973 2769 autem

186 2782 269 2810 simul
284 2783 366 2811 etiam
386 2783 523 2812 distincta:
546 2785 573 2812 in
595 2785 665 2820 ipso,
681 2789 710 2813 ut
737 2786 829 2814 multa:
853 2786 974 2815 scientia:

606 194 777 221 API’ENDIX
794 193 840 220 AD
859 192 970 220 CPERA
987 193 1016 221 S.
1036 189 1184 220 DIONYSH
1203 188 1443 219 AREOPACITA‘I.

1775 187 1829 214 37.0

1039 261 1083 278 ναι
1107 250 1190 286 ζωὴν,
1211 250 1259 276 καὶ
1283 249 1375 281 ἁπλῶς
1397 248 1428 275 τὸ
1452 247 1512 283 ζῇν,
1527 246 1588 282 οὐχ).
1608 245 1637 273 δὲ
1661 245 1709 281 τὴν
1724 245 1828 272 τοιάνδε

1039 296 1110 333 ζωὴν
1135 297 1311 332 εἰσηγήσατο,
1335 296 1382 322 καὶ
1405 295 1440 321 τὰ
1467 294 1533 321 ἄλλα
1558 292 1586 320 δὲ
1612 292 1722 328 ὁμοίως,
1749 291 1829 318 τοῦτο

1039 344 1147 381 πρῶτον
1163 342 1379 379 κατηγοροῦνται
1392 341 1422 368 τὸ
1438 339 1518 367 εἶναι.

1073 390 1129 417 Καὶ
1143 391 1170 417 ει
1183 390 1290 422 βούλει
1307 388 1366 416 τῶν
1377 387 1500 418 ζὶὒντων.
1522 387 1628 421 ’Ὠσπερ
1637 385 1708 420 λόγῳ
1719 385 1772 411 τινὶ
1782 385 1829 411 ἐπὶ

1037 437 1092 463 τῶν
1108 437 1257 472 ποιοτήτων
1271 435 1353 462 οἱονεὶ
1371 434 1530 470 προΰπεισιν
1553 434 1580 461 αἱ
1602 432 1807 467 αὑτοποιότητες
1819 440 1826 446 ·

1038 481 1098 510 εἷτα
1123 483 1320 519 συμϐαίνουσι-αι
1341 480 1463 508 ποιοῦσιν
1480 480 1568 507 οὕτω·
1586 479 1634 506 καὶ
1655 478 1742 505 ταῦτα
1761 478 1827 510 νόει,

1038 526 1093 556 οἷον
1109 529 1126 564 ἡ
1146 528 1338 564 αὑτοσώματος
1352 527 1491 562 λευκότης,
1507 525 1684 560 ἐπιγενομένη
1711 524 1826 558 σώματι,

1038 574 1174 602 λευκαίνει
1198 575 1277 602 τοῦτο
1288 582 1295 589 ·
1319 573 1390 600 οὕτω
1403 574 1450 599 καὶ
1470 572 1505 599 τὰ
1519 573 1650 609 εἰρημένα
1666 568 1716 598 ὦδε
1732 572 1829 607 νόησον

1039 620 1188 655 ἀναλόγως,
1204 621 1245 647 ὃτι
1271 620 1401 657 προῦπὼν
1424 621 1438 646 ὁ
1457 620 1533 652 Θεὸς,
1553 620 1612 656 ήτοι
1635 619 1653 654 ή
1675 618 1742 654 ζωή,
1764 618 1830 651 ζωοῖ

1038 666 1128 693 πάντα
1143 666 1178 693 τὰ
1193 666 1275 694 αὑτοῦ
1294 667 1449 703 μετέχοντα.

1076 757 1130 790 Τὰς
1137 757 1348 792 αὐτομετοχάς.
1360 757 1484 792 Μετοχάς
1496 765 1586 793 φησιν,
1597 752 1635 783 ὧν
1645 755 1680 783 τὰ
1688 755 1751 782 ὄντα
1765 764 1829 791 μετ’-

1037 802 1144 838 ἐχουσιν
1156 823 1164 835 ,
1174 799 1230 829 οἷον
1245 803 1311 829 αὐτὸ
1330 803 1361 830 τὸ
1375 800 1445 829 εἶναι
1460 803 1476 838 ἢ
1489 803 1555 839 ζωὴ.
1572 803 1589 838 ἢ
1604 803 1695 837 σοφία,
1711 803 1727 838 ἢ
1741 802 1827 835 τάξις,

1037 849 1084 876 καὶ
1096 849 1131 876 τὰ
1142 849 1234 881 λοιπὰ,
1253 849 1355 880 αἵτινες
1379 849 1490 884 μετοχαὶ
1511 849 1581 877 θεῖαι
1602 849 1763 884 τυγχάνουσι
1776 848 1828 875 δω-

1038 895 1109 930 ρεαὶ,
1124 895 1158 927 ἃς
1173 895 1220 922 καὶ
1235 895 1322 931 ἀρχὰς
1338 895 1392 922 τῶν
1403 895 1487 922 ὄντων
1501 895 1624 923 ἐκάλεσε.

1077 985 1150 1022 ςνι.
1171 984 1227 1012 Καὶ
1248 985 1333 1011 ἐστιν
1355 984 1389 1016 ἐξ
1412 983 1507 1018 αὐτῆς
1528 983 1576 1010 καὶ
1592 984 1627 1010 ὲν
1642 984 1729 1019 αὐτῇ.
1751 985 1830 1012 οὕτω

1040 1033 1164 1069 νοητὲον⁸
1189 1032 1205 1067 ή
1229 1030 1511 1067 αὑτοῡπεραγαοὸτης,
1524 1030 1598 1063 νοῦς
1620 1029 1697 1063 οὖσα,
1712 1031 1759 1058 καὶ
1780 1032 1828 1068 ὅλη

1040 1079 1173 1114 ἐνέργεια,
1189 1079 1229 1110 εις
1253 1077 1351 1113 ἑαυτήν
1368 1077 1554 1113 ὲστραμμένη,
1568 1077 1693 1112 ἐνεργείᾳ
1707 1077 1829 1111 ὲστὶν,οὑ

1038 1125 1162 1160 δυνάμει,
1170 1124 1300 1160 πρότερον
1314 1122 1380 1151 οὖσα
1393 1123 1543 1159 ἀφροσύνη,
1557 1121 1616 1150 εἶτα
1630 1123 1691 1155 νοῦς
1705 1125 1832 1160 ἐνεργείᾳ

1038 1171 1183 1206 γινομένη*
1209 1170 1270 1197 ὅθεν
1297 1170 1343 1197 καί
1364 1171 1422 1196 ἐστι
1443 1168 1506 1201 νοῦς
1525 1169 1604 1204 μόνον
1628 1169 1756 1205 καθαρὸς,
1779 1171 1831 1197 οὐκ

1038 1217 1197 1244 ἐπείσακτον
1217 1216 1286 1252 ἔχων
1301 1217 1332 1244 τὸ
1345 1217 1462 1252 φρονεῖν,
1479 1215 1546 1242 ἀλλὰ
1564 1217 1628 1252 παρ’
1641 1216 1738 1243 ἑαυτοῦ
1758 1217 1829 1244 πάν-

1037 1271 1091 1295 τως
1105 1264 1168 1291 νοεί.
1184 1263 1216 1290 Εἰ
1227 1262 1281 1298 γὰρ
1295 1263 1312 1298 ἡ
1327 1263 1376 1298 μὲν
1389 1262 1468 1289 οὐσία
1482 1261 1564 1289 αὑτοῦ
1580 1262 1647 1298 ἇλλη
1669 1262 1753 1295 ἐστὶν,
1769 1262 1787 1290 ὃ.
1799 1263 1830 1290 δὲ

1037 1311 1093 1338 νοεῖ
1107 1309 1187 1345 ἕτερα
1204 1309 1298 1340 αὑτοῦ,
1316 1309 1396 1341 αὐτὸς
1410 1309 1524 1344 ἀνόητος
1546 1308 1632 1340 ἔσται,
1649 1309 1732 1344 ήγουν
1749 1309 1766 1344 ἡ
1783 1309 1830 1336 οὺ-

1038 1355 1084 1383 σία
1104 1355 1186 1382 αὑτοῦ
1197 1365 1204 1371 ·
1220 1355 1247 1382 εἴ
1260 1364 1286 1382 τι
1296 1353 1326 1380 δὲ
1345 1355 1411 1390 ἔχει,
1429 1356 1493 1391 παρ’
1509 1354 1606 1381 ἑαυτοῦ
1627 1355 1693 1390 ἔχει,
1707 1355 1738 1381 οὺ
1762 1363 1820 1391 παρ

1036 1401 1115 1429 ἄλλου
1127 1410 1133 1417 ·
1157 1403 1181 1428 ει
1199 1401 1228 1429 δὲ
1244 1403 1308 1438 παρ’
1324 1400 1431 1434 ἑαυτοῦ,
1445 1401 1492 1429 καὶ
1514 1400 1544 1434 ἐξ
1567 1401 1650 1428 αὑτοῦ
1666 1402 1730 1432 νοεῖ,
1747 1401 1828 1433 αὑτός

1036 1447 1109 1476 ἐστιν
1125 1448 1143 1475 ἃ
1158 1449 1221 1475 νοεῖ.
1239 1447 1343 1474 Οὐκοῦν
1357 1447 1418 1479 νοῦς
1433 1446 1480 1479 ὢν,
1497 1446 1581 1479 ὅντως
1596 1448 1651 1474 νοεῖ
1662 1446 1699 1474 τὰ
1709 1448 1774 1476 ὂντα
1789 1448 1827 1480 ὡς

1035 1493 1081 1521 ὧν.
1100 1494 1133 1521 Εἰ
1155 1492 1201 1520 οὖν
1220 1493 1288 1521 νοῶν
1303 1493 1398 1520 ἑαυτὸν
1413 1493 1447 1520 τὰ
1461 1493 1526 1522 ὄντα
1543 1495 1608 1526 νοεῖ,
1624 1494 1704 1525 αὑτός
1718 1493 1776 1520 ἐστι
1791 1494 1827 1521 τὰ

1034 1540 1113 1567 ὄντα·
1130 1540 1146 1576 ἢ
1162 1539 1217 1576 γὰρ
1232 1539 1344 1575 ἑτέρωθι
1361 1540 1427 1567 ὅντα
1446 1540 1515 1567 αὐτὰ
1529 1540 1630 1576 νοήσει,
1647 1540 1663 1575 ἢ
1681 1541 1710 1566 ὲν
1726 1540 1824 1574 ὲαυτῷ,

1034 1587 1072 1619 ὼς
1093 1587 1176 1614 αὐτοῦ
1201 1587 1282 1613 ὅντα’
1314 1586 1430 1622 ἀλλαχοῦ
1448 1587 1496 1622 μὲν
1512 1587 1575 1613 ὕντα
1597 1584 1643 1614 οὖν
1664 1586 1694 1613 οὐ
1714 1586 1827 1613 δυνατὸν

1034 1633 1144 1668 νοῆσαι·
1160 1632 1213 1660 ποῦ
1231 1632 1286 1668 γὰρ
1300 1633 1365 1660 ὄντα
1378 1634 1406 1660 ὲν
1420 1633 1574 1670 αἰσθητοϊςς
1595 1633 1629 1660 τὰ
1642 1633 1696 1669 γὰρ
1710 1633 1828 1669 αἰσθητὰ

1032 1678 1082 1705 οὐκ
1096 1678 1164 1706 εἰσιν
1178 1679 1254 1710 ὂντα,
1271 1679 1319 1706 ἅτε
1341 1679 1445 1714 τρεπτὰ
1467 1679 1542 1710 ὂντα,
1555 1679 1603 1706 καὶ
1623 1679 1763 1714 γινόμενα,
1779 1679 1827 1706 καὶ

1032 1724 1214 1760 ἀπολλύμενα.
1235 1725 1345 1752 Ἑαυτὸν
1367 1723 1413 1753 οὖν
1440 1725 1494 1761 ἄρα
1520 1726 1568 1752 καὶ
1591 1726 1621 1752 ὲν
1646 1725 1734 1760 ἑαυτῷ
1758 1727 1823 1752 νοεῖ.

1039 1771 1147 1807 Ἐπειδὴ
1162 1771 1190 1798 δὲ
1206 1771 1253 1798 καὶ⁴
1269 1771 1383 1807 ποιητὴς
1400 1771 1453 1798 τῶν
1471 1771 1554 1798 ὄντων
1570 1773 1643 1798 ἐστὶν
1663 1773 1678 1799 ὀ
1697 1773 1774 1805 Θεὸς,
1796 1775 1827 1800 ὲν

1031 1817 1070 1853 τῷ
1082 1818 1165 1853 μήπω
1176 1817 1232 1844 ὄντι
1243 1819 1335 1854 νοήσει
1348 1818 1420 1846 αὐτά
1429 1827 1435 1833 ·
1447 1818 1504 1845 ἀλλ’
1517 1818 1597 1850 αὐτὸς
1606 1819 1758 1854 ἀρχέτυπός
1766 1819 1826 1848 ἐστι

1030 1863 1126 1891 τούτου
1141 1863 1188 1891 τοῦ
1203 1865 1317 1896 παντὸς·
1336 1865 1382 1891 καὶ
1397 1864 1415 1892 ἃ
1427 1866 1490 1896 νοεῖ,
1505 1865 1536 1891 οὺ
1554 1864 1655 1896 τύπους
1680 1864 1825 1900 λαμϐάνων

1031 1910 1077 1944 ἀφ’
1091 1910 1202 1946 ἑτέρων,
1222 1911 1304 1942 αὐτὸς
1324 1909 1362 1936 ὣν
1381 1910 1434 1938 τῶν
1449 1910 1533 1938 ὄντων
1549 1911 1737 1946 παράδειγμα·
1753 1911 1824 1938 ὥστε

1030 1955 1092 1983 οὔτε
1107 1957 1188 1989 αὐτὸς
1203 1958 1232 1984 ὲν
1248 1957 1333 1992 τόπῳ,
1349 1956 1411 1983 οὔτε
1429 1957 1463 1984 τὰ
1482 1958 1511 1984 ἐν
1531 1957 1605 1993 αὺτῷ
1621 1957 1659 1989 ὡς
1682 1959 1710 1984 ὲν
1731 1957 1805 1994 τόπῳ
1815 1967 1822 1975 υ

1031 2003 1087 2030 ἀλλ’
1109 2003 1165 2039 ἔχει
1191 2003 1260 2030 αὐτὰ
1281 2003 1320 2035 ὠς
1340 2003 1436 2030 ἑαυτὸν
1456 2003 1536 2039 ἔχων,
1558 2004 1605 2030 καὶ
1629 2003 1697 2031 ἐνὼν
1719 2005 1823 2038 αὐτοῖς,

1030 2050 1138 2077 πάντων
1153 2051 1201 2086 μὲν
1218 2049 1286 2085 ὁμοῦ
1302 2049 1396 2082 ὄντων,
1411 2050 1458 2076 καὶ
1472 2050 1501 2076 ὲν
1517 2050 1617 2085 ἀμερεῖ
1631 2049 1716 2076 ὄντων
1731 2050 1760 2076 ὲν
1774 2051 1824 2077 αὺ-

1029 2095 1084 2131 τῷ·
1101 2095 1314 2131 διακεκριμένων
1331 2095 1370 2127 δὲ,
1391 2097 1421 2122 ὲν
1444 2095 1483 2128 τῷ
1498 2095 1628 2130 ἀμερεῖ²⁰
1651 2095 1772 2131 ἁμερῶς.
1789 2098 1822 2124 At

1028 2141 1117 2168 τοίνυν
1136 2141 1241 2177 νοήσεις
1253 2140 1334 2168 αὑτοῦ
1350 2142 1402 2168 εἰσι
1417 2141 1450 2168 τὰ
1465 2141 1544 2168 ὅντα·
1560 2141 1596 2168 τὰ
1609 2141 1637 2168 δὲ
1648 2142 1712 2169 ὄντα
1726 2143 1779 2169 εἰσὶ
1788 2144 1822 2171 τὰ

1029 2187 1096 2223 εἴδη.
1114 2187 1244 2221 Νοήσεις
1263 2188 1291 2214 δὲ
1313 2188 1362 2224 οὐχ
1382 2187 1469 2219 οὕτως
1483 2188 1639 2221 ἀκουστέον,
1659 2189 1710 2221 ὅτι,
1726 2191 1821 2226 ἐπειδὴ

1028 2234 1089 2261 τόδε
1103 2234 1226 2274 ὲνόησενι
1237 2235 1345 2269 ἐγένετο
1360 2235 1429 2267 τόδε,
1447 2235 1463 2270 ἦ
1479 2236 1538 2262 ἐστὶ
1556 2235 1629 2262 τόδε·
1647 2236 1750 2273 ταύτης
1767 2238 1822 2274 γὰρ

1028 2280 1078 2315 τῆς
1092 2280 1211 2317 νοήσεως
1222 2272 1402 2316 λπροηγεῖσθαι
1424 2281 1465 2308 δεῖ
1486 2281 1630 2318 νοούμενόν
1644 2291 1680 2315 τι,
1695 2284 1737 2310 ἴνα
1755 2272 1822 2312 αὐτὸ

1030 2327 1129 2362 νοήσας
1143 2327 1243 2363 ποιήσῃ
1255 2335 1262 2342 ο
1278 2326 1344 2353 ἀλλὰ
1360 2328 1416 2354 νοεῖ
1432 2327 1466 2354 τὰ
1478 2327 1553 2359 ὅντα,
1570 2328 1616 2355 ἅτε
1630 2329 1725 2356 ἑαυτὸν
1740 2330 1818 2363 νοῶν,

1030 2373 1077 2400 καὶ
1089 2375 1146 2406 τοῖς
1160 2374 1249 2400 tvo-3m.
1268 2374 1482 2409 συναπτόμενος·
1496 2374 1564 2410 αὐτὴ
1579 2374 1633 2410 γὰρ
1644 2375 1718 2411 αὐτῷ
1730 2376 1746 2411 ἡ
1759 2377 1821 2412 νόη-

1031 2428 1073 2452 σις
1095 2420 1200 2454 γένεσίς
1223 2421 1280 2447 ἐστι
1308 2422 1363 2451 τοῖς
1383 2419 1451 2447 οὖσι.
1468 2421 1505 2447 Τὸ
1522 2419 1569 2448 οὖν
1589 2421 1649 2448 ἐνὸν
1666 2423 1696 2448 ὲν
1716 2423 1818 2456 αὐτοῖς,

1029 2465 1108 2493 τοῦτό
1122 2467 1179 2493 ἐστι
1193 2466 1223 2493 τὸ
1237 2464 1316 2498 εἶδος,
1328 2467 1375 2493 καὶ
1386 2466 1466 2493 τοῦτό
1481 2468 1554 2494 ἐστιν
1571 2468 1587 2503 ή
1604 2468 1658 2494 ἰδέα
1669 2477 1676 2483 ·
1689 2468 1768 2500 αὐτὸς
1779 2469 1818 2501 δὲ,

1030 2512 1093 2544 νοῦς
1106 2512 1143 2539 ὣν
1155 2512 1232 2545 ὅλως,
1247 2512 1307 2544 ὅλος
1319 2513 1393 2540 ἐστὶν
1412 2513 1551 2550 ἐπιστήμη
1561 2523 1568 2530 ο
1584 2514 1618 2541 τὰ
1633 2515 1662 2542 δὲ
1683 2514 1713 2548 ἐξ
1735 2516 1818 2542 αὑτοῦ

1029 2558 1076 2584 καὶ
1087 2559 1116 2584 ὲν
1131 2557 1205 2593 αὐτῷ
1221 2558 1280 2590 νόες
1297 2558 1414 2591 ἐοικότες
1427 2558 1585 2594 θεωρήμασι
1595 2559 1644 2594 τῆς
1652 2560 1817 2595 ἐπιστήμης.

1028 2603 1088 2630 Εἰσὶ
1106 2603 1134 2630 δὲ
1150 2603 1218 2639 ὁμοῦ
1238 2604 1285 2631 καὶ
1299 2604 1491 2641 διακεκριμένα
1513 2606 1543 2632 ὲν
1563 2606 1647 2641 αὐτῷ,
1669 2606 1706 2638 ὡς
1725 2606 1772 2632 καὶ
1788 2607 1819 2633 ὲν

1026 2649 1099 2685 ψυχῇ
1124 2649 1192 2685 ὁμοῦ
1214 2650 1309 2677 πολλαὶ
1329 2651 1478 2686 ἐπιστῆμαι
1499 2649 1587 2682 οὖσαι,
1600 2652 1745 2687 ἀσύγχυτοι
1767 2652 1818 2688 μέ-

1026 2704 1110 2728 νουσι,
1119 2697 1166 2723 καὶ
1179 2696 1320 2732 ἐνεργοῦσι
1331 2696 1383 2730 ἔξω
1394 2697 1464 2724 κατὰ
1477 2698 1622 2733 μίαν,ὂταν
1636 2698 1692 2734 δέῃ·
1702 2698 1748 2724 καὶ
1763 2699 1818 2725 πά-

1027 2750 1077 2774 σας
1087 2742 1154 2777 ὁμοῦ
1165 2743 1213 2775 τὰς
1223 2742 1352 2779 δυνάμεις
1365 2744 1381 2779 ἡ
1401 2743 1472 2779 ψυχὴ
1492 2745 1520 2770 ὲν
1535 2744 1617 2780 ἑαυτῇ
1634 2744 1700 2779 ἔχει,
1712 2743 1772 2770 καθ’
1783 2744 1817 2776 ἃς

1026 2790 1134 2824 προνοεί
1154 2788 1202 2815 τοῦ
1228 2789 1362 2836 σώματος,
1388 2790 1434 2817 καὶ
1458 2790 1532 2826 ὅμως
1553 2790 1712 2826 ἀσυγχύτως
1731 2790 1816 2822 αὐτὰς

634 2874 752 2902 νΑῐΠΛΞ
773 2875 966 2904 LECTIONES
981 2877 1025 2904 ET
1042 2876 1318 2907 CORRECTIONES.

220 2933 242 2949 ¹⁰
260 2932 387 2970 Pachyni.
404 2936 430 2962 iv
448 2935 522 2972 μέρει
543 2936 648 2969 vitiose,
667 2936 730 2972 quia
745 2937 832 2972 agitur
847 2937 878 2964 tit‘
894 2940 982 2972 puncti

1035 2936 1178 2964 idii‘isibili.
