1923 3064
120 186 171 214 Sil

476 187 505 215 S.
524 187 647 216 MAXlMl
665 186 812 216 SCHOLlA
831 187 863 216 ΙΝ
881 189 946 219 LIB.
964 189 1009 217 DE
1024 188 1151 219 DlVlNlS
1166 187 1365 221 NOMlNlBUS.

1699 196 1754 225 32!

119 242 193 270 κατὰ
212 242 306 278 καιρὸν
325 238 483 279 προὸἇλλει,
499 244 547 279 τὴν
565 245 614 279 μὲν
632 245 748 280 φυσικὴν
765 245 896 281 ἐνεργοῦσ

965 247 1046 274 simul
1072 248 1100 275 in
1123 249 1214 276 anima
1234 250 1411 283 exsistentes,
1424 255 1535 279 manent
1549 255 1604 280 non
1617 253 1751 288 confusae,

119 289 185 324 περὶ
198 288 229 314 τὸ
241 288 320 323 σῶμα
333 288 457 324 δύναμιν,
472 289 532 315 καθ’
548 290 580 324 ἢν
595 289 689 324 τρέφει
704 289 793 322 τοῦτο,
805 291 852 317 καὶ
865 290 914 317 αὕ-

119 334 171 368 ξει,
183 334 231 361 καὶ
245 335 314 370 πρὸς
329 335 424 368 γένναν
438 335 590 371 ἐπιτήδειον
608 337 693 361 ποιεῖ·
713 336 763 371 τὴν
778 335 806 362 δὲ
819 336 914 372 αἰσθη-

117 380 197 416 τικὴν
228 381 334 415 ἐνεργεῖ
354 380 467 416 δύναμιν
488 382 551 417 περὶ
573 382 674 416 φλέϐας
698 383 746 409 καὶ
768 383 911 419 ἀρτηρίας,

117 428 163 454 καὶ
188 427 236 462 τὴν
259 427 357 462 σάρκα,
370 428 417 453 καὶ
436 428 469 454 τὰ
484 428 566 463 νεῦρα
577 437 583 443 ’
603 429 664 455 καθ’
675 429 708 464 ἢν
725 429 839 464 δύναμιν
856 430 911 457 τῶν

117 473 253 508 αἰσθητῶν
268 473 537 509 ἀντιλαμϐανόμεθα·
555 474 604 510 τὴν
614 475 642 502 δὲ
661 475 832 512 δοξαστικὴν,
849 476 912 503 καθ’

115 518 151 554 ἣν
165 519 252 554 κρίνει
271 518 306 545 τὰ
321 520 453 555 αἰσθητά·
469 521 517 547 καὶ
532 521 581 556 τὴν
591 522 785 557 φανταστικὴν,
801 523 861 549 καθ’
877 523 910 558 ἥν

117 565 281 599 φαντάζεται
296 565 330 592 τὰ
347 566 479 601 αἰσθητά·
495 566 724 603 ἀναζωγραφικὴν
746 568 785 601 δὲ,
801 568 860 595 καθ’
877 569 909 604 ἣν

115 611 294 638 ἀναπλάττει·
312 613 359 639 καὶ
380 614 606 649 μνημονευτικὴν,
621 615 681 640 καθ’
697 614 731 650 ἦν
753 615 888 650 μέμνηται
900 622 907 630 ⁴

115 657 261 694 ὀρεκτικὴν
282 658 320 692 δὲ,
339 658 400 685 καθ’
415 659 447 694 ἢν
469 660 605 695 ὀρέγεται,
621 661 669 687 καὶ
695 662 764 687 κινεῖ
786 661 816 687 τὺ
839 661 907 693 ζῶον

115 704 187 732 κατὰ
199 705 293 732 τόπον·
310 706 358 732 καὶ
373 706 540 741 εἰκαστικήν,
556 707 602 732 καὶ
621 706 758 742 θυμοειδῆ,
777 707 823 733 καὶ
846 708 908 734 ὲπι-

115 752 280 788 θυμητικήν.
298 752 407 784 Ταύτας
431 752 485 788 γὰρ
500 752 555 788 ἔχει
569 752 698 788 δυνάμεις
715 752 821 788 σώματι
834 762 907 789 χρω-

116 798 183 833 μένη
200 799 229 824 ἐν
244 798 283 834 τῷ
299 798 388 834 ἀλόγῳ
403 799 487 833 αὐτῆς
502 798 589 834 μέρει.
612 799 690 826 Μετά
711 799 741 825 δὲ
763 799 877 826 θάνατον
893 799 908 826 ὁ

113 843 176 875 νοῦς
193 844 271 879 μόνος
287 844 363 870 ἔσται
377 845 505 880 ἐνεργῶν,
521 845 623 872 τούτων
636 844 787 880 ἀργουσῶν.

965 297 993 321 et
1009 293 1146 328 sigillatim
1160 294 1226 322 foris
1238 299 1399 330 operantur,
1415 303 1478 323 cum
1494 304 1607 324 necesse
1620 298 1713 332 fuerit;
1725 303 1754 327 et

964 339 1055 366 anima
1070 347 1165 368 omnes
1181 340 1325 369 facultates
1340 342 1367 369 in
1382 342 1473 376 seipsa
1486 343 1568 370 simul
1583 343 1674 377 habet,
1688 346 1753 380 qui-

963 382 1015 410 bus
1036 384 1146 418 corpori
1170 385 1304 419 providet,
1321 389 1509 414 verumtamen
1523 387 1596 422 ipsas
1611 389 1671 417 sine
1685 398 1754 418 con-

962 427 1071 456 fusione
1083 428 1147 456 dum
1162 432 1270 465 tempus
1284 435 1337 462 est,
1347 431 1457 464 exserit,
1465 433 1618 461 naturalem
1640 434 1752 469 quidem

962 475 1035 501 circa
1050 481 1151 510 corpus
1164 482 1296 503 exercens
1312 475 1540 513 facultatem.qua
1552 479 1641 514 ipsum
1653 482 1750 515 nutrit,

960 524 1051 556 auget,
1070 525 1152 556 atque
1166 525 1259 557 aptum
1276 522 1310 549 ad
1324 524 1527 558 generationem
1541 526 1640 559 edicit;
1662 529 1751 556 sensi-

959 567 1012 594 lem
1029 575 1093 594 vero
1107 571 1216 595 exercet
1234 567 1392 596 facultatem
1415 570 1490 597 circa
1512 579 1606 604 venas,
1623 575 1750 608 arterias,

957 621 1070 641 carnem
1095 621 1127 640 ac
1149 621 1259 646 nervos.
1275 622 1328 649 qua
1343 614 1471 643 facultate
1495 617 1606 644 sensilia
1632 619 1752 654 percipi-

960 667 1039 692 mus;
1054 659 1183 694 opinandi
1196 663 1287 687 autcm
1302 660 1471 692 facultatem.
1485 669 1539 696 qua
1557 664 1668 691 sensilia
1680 664 1751 699 judi-

958 709 1012 737 cat.
1029 713 1061 732 ac
1076 705 1292 740 imaginativam,
1306 713 1360 740 qua
1380 707 1491 733 sensilia
1507 707 1683 743 imaginatur,
1702 711 1750 737 dc-

959 751 1089 786 pingendi
1107 751 1265 779 facultatem
1280 759 1333 786 qua
1349 751 1461 788 eﬂingit,
1475 754 1672 783 reminiscendi
1685 764 1749 784 vero

958 795 1114 822 facultatem
1138 803 1192 830 qua
1214 796 1348 828 meminit,
1365 798 1509 831 appetendi
1524 803 1616 827 autem
1632 809 1749 836 quaap—

959 842 1037 878 petit,
1053 845 1081 869 et
1094 841 1196 869 animal
1206 842 1266 869 loco
1282 847 1382 875 movet,
1402 851 1434 870 ac
1455 844 1637 878 assimilaudi,
1651 852 1678 875 et
1693 848 1748 875 ira-

113 889 239 917 scibilem
262 893 344 925 atque
359 890 619 926 concupiscibilem;
637 891 687 919 has
715 893 787 919 enim
801 891 883 919 habet
904 889 1049 917 facultates
1067 896 1129 915 cum
1145 896 1260 924 corpore
1271 890 1368 923 utitur,
1380 890 1407 917 in
1423 898 1473 919 sua
1497 892 1613 921 rationis
1637 899 1748 929 experte

111 939 209 971 parte;
232 939 294 971 post
317 939 432 964 mortem
452 944 516 964 vero
539 944 617 964 mens
642 937 700 964 sola
724 937 896 972 operabitur,
912 935 955 962 his
970 933 1156 961 cessantibus.

149 992 206 1019 Καὶ
229 993 265 1019 τὰ
286 993 429 1027 ὁπωσοῦν
450 994 490 1026 τῷ
514 993 599 1020 εἶναι.
630 994 678 1020 Ἐκ
699 994 748 1029 τῆς
770 993 816 1020 τοῦ
832 992 896 1020 Θεοῦ

987 989 1021 1016 Ει
1034 997 1093 1025 qua?
1105 990 1336 1026 quomodocuuque
1353 992 1513 1020 emittenda.
1530 992 1569 1020 Ex
1582 994 1744 1024 eminentis—

111 1038 351 1074 ὑπεραγαθότητός
367 1047 449 1074 φησιν
459 1059 465 1071 ,
489 1040 550 1075 ἥτις
565 1040 637 1066 ἐστὶν
653 1039 718 1066 αὐτὸ
732 1039 763 1066 τὸ
777 1037 846 1066 εἶναι
856 1040 904 1066 αὺ-

110 1084 159 1111 τοῦ
175 1084 223 1110 τοῦ
240 1084 319 1117 Θεοῦ,
337 1085 353 1120 ή
378 1084 495 1120 ὖπαρξις
517 1085 571 1112 τῶν
587 1086 689 1118 ὄντων,
706 1086 753 1112 καὶ
768 1087 784 1121 ἠ
801 1086 903 1112 τούτων

110 1131 236 1166 διαμονή.
255 1131 378 1163 Ἑνιαίως
394 1132 486 1167 φησὶν,
502 1132 587 1167 ἦγουν
602 1132 673 1159 κατὰ
690 1132 778 1167 ἁπλῆν
787 1140 847 1158 τινα
857 1132 903 1159 καὶ

112 1177 290 1213 περιεκτικὴν
313 1177 368 1204 τῶν
392 1177 460 1205 ὅλων
482 1178 589 1210 αἰτίαν,
606 1178 653 1205 καὶ
669 1178 797 1213 ἄσχετον·
815 1178 902 1204 οὐδενί

110 1222 167 1259 γὰρ
182 1223 291 1259 λόγῳ,ἧ
308 1225 436 1259 νοήματι,
453 1225 500 1251 καὶ
512 1224 654 1260 πράγματι
665 1224 720 1259 ἔχει
730 1224 760 1250 τὸ
770 1224 845 1250 Θεῖον
852 1223 902 1259 τὴν

110 1269 180 1305 πρὸς
203 1269 237 1296 τὰ
262 1269 326 1297 ὅντα
350 1270 440 1305 σχέσιν
461 1278 491 1296 τε
517 1271 563 1297 καὶ
587 1270 745 1297 κοινωνίαν*
772 1269 828 1296 ἀλλ’
844 1269 901 1296 ἔστι

109 1316 199 1350 πάντ-η
216 1316 263 1342 καὶ
278 1316 347 1342 κατά
364 1316 452 1343 πάντα
467 1317 666 1353 ὑπερηρμένον,
680 1317 752 1352 μόνῳ
767 1316 806 1351 τῷ
823 1316 901 1342 συνέ-

109 1371 168 1398 χειν
184 1363 231 1389 ml.
247 1363 419 1398 προνοεῖσθαι
434 1363 537 1389 τούτων
552 1362 796 1398 ὲφαπτόμενον,ὡς
811 1362 843 1389 ἀν
859 1371 900 1394 τις

109 1408 191 1434 εἰποι.
210 1408 250 1435 Τὰ
266 1408 294 1435 δὲ
310 1408 374 1444 ἑξῆς
390 1409 576 1444 ὑποδείγματα
592 1409 743 1437 πιστωτικὰ
757 1409 804 1437 τοῦ
820 1409 899 1444 λόγου

106 1442 156 1481 τοῦ
172 1452 242 1481 εἶναι
259 1455 347 1482 πάντα
362 1456 395 1482 ὲκ
409 1455 534 1488 Θεοῦ,ὡς
541 1456 627 1483 αἰτίου
636 1456 685 1492 τῆς
699 1456 801 1483 τούτων
811 1456 899 1491 ὑπάρ-

108 1499 193 1532 ξεως,
209 1500 274 1528 ἄλλο
288 1501 363 1538 παρά
379 1501 466 1528 ταῦτα
488 1502 656 1537 ὑπάρχοντος
666 1523 672 1535 ,
694 1503 741 1529 καὶ⁴
765 1503 793 1529 ὲν
809 1502 899 1538 ἑαυτῷ

109 1546 268 1573 συνεστάναι
284 1547 355 1583 ἄλλῳ
371 1547 447 1583 παρὰ
462 1547 549 1574 ταῦτα.
565 1549 722 1584 ὑπάρχοντι.

142 1603 197 1630 Καὶ
215 1604 277 1638 ἔχει
293 1604 390 1631 πάντα
405 1605 537 1639 ἀριθμόν.
556 1606 584 1631 '0
595 1606 649 1642 γὰρ
665 1606 780 1642 ἀριθμὸς
790 1607 822 1633 ὲκ
832 1606 897 1634 πολ-

106 1648 161 1675 λῶν
180 1650 302 1684 μονάδων
319 1650 515 1686 συντιθεμένων
531 1652 571 1683 εἰς
589 1652 702 1687 μέγεθος
719 1652 864 1688 παραύξει·
877 1654 894 1688 ἡ

105 1693 153 1721 οὖν
172 1695 265 1730 μονὰς,
283 1696 321 1728 ὡς
336 1696 409 1723 αἰτία
425 1696 559 1732 ἀριθμῶν,
577 1697 699 1730 ὲνοειδώς
714 1698 776 1730 τοὺς
793 1699 896 1731 πάντας

105 1742 280 1778 περιείληφεν
305 1743 454 1778 ἀριθμούς·
481 1743 552 1770 οὕτω
567 1745 614 1771 καὶ
629 1744 659 1770 τὸ
684 1744 811 1780 κέντρον,
837 1746 896 1780 ἦτοι

106 1789 229 1823 σημεῖον,
246 1788 297 1820 τὰς
311 1788 357 1815 ἐπὶ
372 1789 417 1816 τὸν
433 1789 531 1816 κύκλον
547 1789 653 1822 εὐθείας
671 1790 800 1826 περιέχει.

139 1886 194 1913 Kal
217 1887 253 1913 ἐν
273 1887 395 1921 κέντρῳ.
420 1887 512 1914 Ταῦτα
543 1887 707 1922 βεϐαιωτικὰ
736 1888 784 1915 τοῦ
815 1889 893 1924 λόγου

104 1932 301 1968 ὑποδείγματα.
326 1933 480 1969 Σημείωσαι
501 1934 539 1966 ὡς
555 1935 601 1961 καὶ
625 1935 679 1961 ἀπὸ
700 1935 754 1962 τῶν
769 1944 894 1971 γραμμι-

104 1979 161 2005 κῶν
175 1979 209 2005 τά
225 1979 289 2014 περὶ
304 1979 371 2005 Θεοῦ
389 1980 548 2015 σαφηνίζει,
568 1980 671 2016 κέντρῳ
693 1981 771 2008 αὐτὸν
794 1990 892 2018 παρει-

104 2024 206 2055 κάζων.

144 2070 299 2104 Ἑνοείδῶς
320 2072 485 2106 ήνωμένας.
509 2072 546 2099 Τὸ
561 2072 696 2106 ἑνοειδῶς
712 2074 828 2101 ἐνταῦθα
849 2074 893 2101 τέ-

102 2115 192 2143 θεικεν
213 2117 274 2143 ἀντὶ
297 2116 344 2143 τοῦ
367 2117 460 2149 ἁπλῶς
484 2117 531 2144 καὶ
553 2118 654 2154 ὁμοίως
672 2127 678 2133 ·
702 2119 732 2145 οὐ
755 2119 810 2155 γὰρ
835 2120 890 2146 ἐτε-

102 2162 193 2199 ροίως.

145 2217 238 2245 Ἀλλὰ
261 2220 308 2246 καὶ
325 2219 360 2246 ἐν
381 2219 419 2254 τῇ
439 2220 496 2254 ὅλῃ
511 2220 571 2247 τῶν
586 2220 672 2248 ὅλων.
691 2221 825 2257 Πρόδηλον
849 2222 890 2249 ὅτι

99 2264 131 2290 ὲν
145 2263 185 2298 τῷ
200 2264 253 2299 ὅλῳ
267 2265 302 2292 τὰ
320 2266 400 2302 μέρη·
418 2266 516 2293 οὐκοῦν
532 2268 555 2293 οἰ
581 2268 610 2293 ὲν
625 2267 682 2298 τοῖς
697 2267 758 2293 καθ’
775 2267 890 2295 ἕκαστον

99 2309 154 2336 τῶν
170 2310 253 2338 ὅντων
269 2312 391 2346 φυσικῶς
406 2312 588 2349 θεωρούμενοι
603 2313 656 2340 τῶν
679 2314 889 2349 ἐνυπαρχουσῶν

98 2358 192 2389 αὐτοῖς
213 2358 353 2394 δυνάμεων
376 2359 392 2395 ἢ
416 2361 548 2396 κινήσεων
569 2360 642 2395 λόγοι
666 2362 695 2387 ὲν
716 2361 750 2396 τῇ
773 2360 885 2387 καθόλου

99 2404 290 2441 λαμϐανομένη
308 2406 387 2440 φύσει
406 2405 570 2442 θεωροῦνται
580 2426 587 2438 ,
602 2406 699 2442 φησίν·
723 2404 778 2433 οἷον
800 2407 824 2432 οἱ
837 2406 886 2442 τῆς

98 2450 152 2484 ἔξω
171 2452 330 2486 φιλοσοφίας
354 2453 442 2480 πάντα
463 2452 498 2479 τὰ
522 2453 582 2479 καθ’
609 2452 712 2480 ἑαυτῶν
731 2452 886 2489 ὑπάρχοντα

98 2498 146 2524 καὶ
161 2499 190 2524 ὲν
212 2498 301 2530 ἄλλοις
325 2499 498 2535 θεωρούμενα
510 2519 517 2531 ,
533 2499 550 2526 ἃ
565 2499 673 2535 ἔμψυχά
690 2508 720 2526 τε
736 2500 782 2526 καὶ
796 2499 887 2534 ἀψυχα

98 2552 190 2579 φαμεν
202 2553 208 2559 ·
230 2545 318 2572 ταῦτα
334 2546 423 2572 πάντα
443 2545 496 2572 ὑπὸ
512 2546 576 2581 μίξιν
591 2545 756 2581 κατηγορίαν
772 2545 885 2581 ἧγαγον,

97 2589 221 2621 εἰπόντες
239 2590 378 2620 οὺσίαν,ὲν
399 2593 431 2627 τῇ
447 2591 558 2627 τοιαύτῃ
581 2592 655 2626 φωνῇ
672 2586 885 2627 περιλαμϐάνον-

97 2642 142 2660 ται
168 2635 216 2661 καὶ
229 2635 263 2661 τὰ
276 2636 326 2671 τῆς
339 2636 399 2663 καθ’
416 2637 529 2663 ἕκαστον
541 2637 633 2668 οὐσίας
646 2636 785 2672 ἰδιώματα,
803 2636 850 2663 καὶ
860 2636 884 2662 oi

97 2679 171 2714 λόγοι
181 2680 329 2717 ἀσύγχυτοι
347 2682 481 2717 μένοντες·
495 2682 590 2718 ἕτερος
604 2682 659 2718 γὰρ
673 2682 728 2708 τῶν
744 2681 885 2717 ἐμψύχων,

97 2726 145 2752 καὶ
160 2726 239 2758 ἄλλος
255 2727 309 2753 τῶν
322 2727 433 2763 ἀψύχων
449 2729 463 2754 ὸ
475 2727 563 2762 λόγος’
581 2727 710 2759 ὡσαύτως
722 2727 768 2753 καὶ
778 2726 832 2753 τῶν
843 2727 886 2753 αι-

98 2771 243 2807 σθητικῶν,
259 2774 380 2800 τουτέστι
395 2773 511 2808 λογικῶν
527 2782 556 2800 τε
579 2774 625 2800 καὶ
644 2773 747 2808 ἀλόγων
758 2793 766 2806 ,
797 2772 885 2800 καίτοι

98 2818 168 2844 κατὰ
181 2819 227 2845 τὸν
238 2820 290 2854 τῆς
302 2820 405 2852 οὐσίας,
421 2820 480 2855 ἦτοι
495 2819 541 2846 τοῦ
562 2819 654 2851 ἁπλῶς
668 2817 738 2846 εἶναι
762 2827 883 2854 συνηνω-

98 2864 173 2898 μένοι
196 2864 281 2899 λόγον.
306 2865 343 2892 Τὸ
366 2866 395 2892 δὲ
409 2867 438 2892 ὲν
452 2866 524 2901 ψυχῇ
543 2865 683 2901 μονοειδῶς
703 2865 814 2901 εἴρηκε,
835 2873 883 2900 ση-

98 2907 200 2942 μαίνων
219 2909 282 2945 μίαν
299 2908 365 2937 εἶναι
382 2911 431 2945 τὴν
448 2912 479 2937 ἐκ
494 2910 582 2946 ψυχῆς
598 2910 768 2946 ἐνδιδομένην
780 2910 832 2946 ὅλῳ
843 2911 880 2946 τῷ

954 1035 1034 1067 sima,
1053 1035 1152 1070 inquit,
1166 1035 1213 1063 Dei
1226 1036 1358 1068 bonitate.
1373 1045 1433 1073 qua:
1447 1042 1490 1066 est
1505 1039 1591 1073 ipsius
1608 1039 1656 1067 Dei
1670 1049 1743 1075 esse,

953 1089 1044 1109 rerum
1055 1082 1215 1109 cxsistentia
1231 1086 1258 1109 et
1273 1086 1487 1118 perseverantia.
1504 1084 1584 1112 Unite
1596 1086 1636 1112 ait
1650 1094 1698 1114 seu
1714 1088 1743 1115 in

953 1127 1072 1162 simplici
1089 1128 1205 1162 quadam
1227 1132 1254 1156 et
1268 1130 1391 1156 omnium
1417 1131 1645 1166 comprehensiva
1661 1137 1745 1169 atque

952 1173 1054 1200 invicta
1066 1181 1168 1207 causa;
1192 1175 1267 1202 nulla
1280 1175 1354 1202 enim
1368 1177 1485 1209 ratione,
1504 1181 1552 1204 aut
1564 1178 1742 1213 cogitatione,

952 1223 1000 1246 aut
1013 1219 1120 1246 actione
1133 1219 1256 1247 divinum
1272 1220 1378 1249 Numen
1393 1229 1455 1250 cum
1470 1223 1552 1252 rebus
1570 1225 1745 1260 conjunctio-

951 1271 1013 1292 nem
1029 1268 1056 1291 et
1074 1266 1295 1294 communionem
1309 1267 1402 1299 habet;
1414 1268 1462 1296 sed
1477 1273 1520 1297 est
1533 1271 1634 1304 omnia,
1644 1276 1671 1299 et
1681 1281 1743 1300 om-

951 1311 1033 1338 nibus
1048 1311 1248 1346 supereminet,
1269 1312 1313 1340 his
1325 1314 1384 1340 sola
1402 1316 1613 1344 conservatione
1628 1325 1660 1345 ac
1675 1326 1741 1353 pro-

950 1356 1080 1388 videntia,
1094 1360 1124 1383 ut
1136 1357 1235 1392 aliquis
1249 1358 1358 1391 dixerit,
1376 1360 1532 1394 adhaerens;
1543 1367 1638 1390 caetera
1651 1369 1742 1392 autem

950 1403 1073 1438 exempla
1088 1402 1168 1430 fidem
1185 1403 1291 1431 faciunt
1302 1406 1564 1435 sermoniasserenti
1580 1410 1671 1436 omnia
1681 1418 1743 1438 esse

951 1457 965 1475 ι
982 1448 1053 1481 Deo,
1077 1452 1106 1476 ut
1131 1449 1228 1477 horum
1247 1451 1414 1479 exsistentite
1430 1460 1526 1486 causa,
1547 1455 1620 1482 aliud
1634 1456 1669 1483 ab
1688 1456 1743 1485 illis

949 1496 1101 1523 exsistente
1118 1503 1150 1523 ac
1165 1496 1193 1524 in
1208 1497 1310 1532 seipso,
1328 1498 1382 1525 alio
1399 1499 1497 1527 abillis
1512 1501 1663 1530 cxsistente
1674 1510 1742 1530 con-

949 1541 1057 1570 sistere.

987 1597 1072 1624 !!alzel
1088 1606 1188 1624 omnem
1204 1607 1351 1626 numerum.
1367 1599 1503 1628 Numerus
1516 1603 1589 1629 enim
1600 1610 1633 1629 ex
1645 1603 1741 1632 multis

950 1643 1114 1671 monadihus
1139 1645 1308 1679 compositus
1326 1646 1425 1673 crescit
1447 1647 1475 1674 in
1498 1649 1737 1683 magnitudinem:

948 1696 1044 1715 monas
1062 1689 1153 1725 igitur,
1165 1694 1194 1716 ut
1212 1699 1388 1718 numerorum
1404 1699 1505 1725 causa,
1524 1702 1578 1721 uno
1593 1695 1673 1722 modo
1688 1704 1740 1723 nu—

948 1743 1038 1762 meros
1050 1743 1145 1763 omnes
1167 1737 1194 1762 in
1213 1744 1242 1763 se
1266 1738 1407 1772 complexa
1430 1742 1473 1766 est
1491 1749 1497 1766 :
1521 1739 1558 1767 ita
1574 1741 1657 1768 etiam
1672 1749 1739 1770 cen-

948 1785 1019 1807 trum
1038 1790 1085 1808 seu
1102 1787 1242 1817 punctum,
1262 1787 1350 1811 rectas
1367 1783 1396 1811 in
1416 1784 1522 1813 circulo
1547 1786 1636 1815 lineas
1662 1795 1739 1815 com-

946 1826 1084 1862 plectitur.

979 1883 1065 1919 Atque
1088 1885 1115 1911 in
1137 1890 1237 1913 centro.
1256 1885 1319 1914 Haec
1341 1888 1465 1923 exempla
1484 1889 1617 1917 rationem
1636 1892 1737 1919 conﬁr-

945 1933 1020 1955 mant
1034 1938 1041 1960 ;
1060 1934 1124 1957 nota
1141 1932 1278 1966 quomodo
1295 1932 1377 1960 etiam
1394 1941 1427 1961 ex
1453 1934 1532 1963 lineis
1558 1935 1679 1965 declaret
1704 1946 1737 1966 ea

943 1982 1005 2010 qum
1018 1975 1103 2004 Deum
1116 1982 1250 2012 spectant,
1266 1979 1356 2014 ipsum
1373 1984 1468 2008 centro
1481 1982 1650 2012 assimilans.

980 2067 1059 2104 174
1075 2067 1249 2103 ΠηὶῙονηιὶιεν
1271 2070 1420 2105 copulatas.
1444 2071 1511 2100 Illud
1529 2082 1581 2101 uno
1596 2074 1672 2102 modo
1689 2076 1734 2104 hic

942 2115 1044 2148 posuit,
1059 2123 1109 2150 pro
1125 2115 1286 2151 simpliciter
1302 2121 1329 2145 et
1350 2117 1492 2153 similiter;
1515 2127 1568 2147 non
1594 2120 1667 2148 enim
1684 2121 1734 2148 ali~

941 2163 993 2189 ter.

978 2215 1036 2243 Ima
1048 2221 1073 2243 et
1089 2217 1116 2244 in
1132 2221 1189 2244 tota
1204 2222 1301 2245 natura
1318 2220 1445 2247 universi.
1464 2219 1651 2252 Manifestum,
1669 2228 1732 2257 par-

941 2264 983 2289 tes
999 2269 1062 2289 esse
1079 2262 1105 2289 in
1123 2266 1200 2291 toto:
1218 2271 1283 2299 ergo
1298 2264 1419 2292 rationes
1431 2273 1493 2300 quas
1510 2265 1538 2293 in
1554 2266 1670 2301 singulis
1687 2274 1732 2294 re-

940 2308 992 2335 bus
1008 2309 1169 2336 naturaliter
1185 2310 1406 2342 considerantur,
1424 2310 1646 2339 inexsistentium
1661 2312 1730 2348 ipsis

903 2349 924 2376 D
940 2354 1100 2382 facultatum
1115 2360 1161 2383 aut
1177 2361 1310 2389 motuum,
1330 2357 1357 2384 in
1374 2362 1482 2390 natura,
1500 2358 1599 2393 inquit,
1616 2366 1730 2394 genera-

940 2402 1002 2430 liter
1015 2408 1122 2437 sumpta
1140 2403 1366 2437 considerantur;
1386 2403 1467 2431 veluti
1484 2403 1591 2439 profani
1609 2404 1730 2439 philoso-

940 2449 985 2484 phi
999 2449 1091 2476 omnia
1108 2457 1169 2484 quae
1184 2457 1233 2485 per
1246 2458 1275 2477 se
1291 2450 1428 2478 exsistunt
1441 2453 1468 2477 et
1483 2450 1510 2477 in
1525 2450 1586 2478 aliis
1600 2451 1729 2479 conside—

939 2499 1036 2521 rantur
1047 2515 1054 2527 ,
1072 2502 1131 2530 quae
1148 2495 1268 2522 animata
1293 2498 1320 2523 et
1344 2495 1443 2523 animae
1458 2497 1580 2531 expertia
1597 2496 1726 2529 dicimus.
1742 2519 1746 2526 .

940 2539 998 2567 haec
1024 2540 1116 2567 omnia
1142 2541 1193 2569 sub
1211 2548 1291 2568 unam
1310 2542 1518 2576 appellationem
1538 2542 1726 2575 adduxerunt,

939 2586 1062 2614 dicentes
1081 2587 1241 2620 essentiam;
1253 2587 1281 2614 in
1301 2587 1349 2614 tali
1366 2595 1432 2615 voce
1452 2588 1672 2623 complectuntur
1699 2592 1727 2615 et

936 2632 1062 2659 essentia:
1080 2632 1250 2668 singulorum
1268 2633 1460 2668 proprietates,
1478 2637 1505 2661 et
1528 2634 1648 2661 rationes
1671 2641 1724 2661 non

936 2677 1058 2706 confusa:
1074 2683 1230 2712 manentes;
1249 2679 1301 2706 alia
1317 2680 1390 2707 enim
1408 2680 1608 2712 animatorum,
1626 2684 1653 2707 et
1673 2679 1726 2706 alia

933 2724 1149 2752 inanimatorum
1157 2725 1238 2758 ratio,
1248 2725 1373 2753 similiter
1381 2726 1462 2753 etiam
1477 2726 1630 2758 sensilium,
1642 2724 1669 2752 id
1682 2728 1725 2752 est

935 2770 1120 2802 rationalium,
1138 2774 1165 2798 et
1176 2771 1391 2805 irrationalinm;
1406 2772 1457 2799 etsi
1469 2772 1595 2799 essentiaa
1614 2778 1661 2798 seu
1683 2770 1724 2804 ip-

936 2817 994 2845 sius
1018 2817 1179 2852 simpliciter
1203 2818 1371 2845 exsistentize
1391 2818 1497 2844 ratione
1519 2818 1600 2845 simul
1625 2816 1723 2843 unian-

936 2868 998 2890 tur:
1017 2863 1082 2890 illud
1104 2867 1194 2890 autem
1213 2864 1241 2890 in
1258 2863 1348 2890 anima
1366 2871 1420 2890 uno
1437 2863 1517 2890 modo
1538 2863 1622 2896 dixit,
1638 2861 1724 2897 signi-

935 2910 1020 2938 licans
1045 2917 1127 2936 uuam
1154 2917 1215 2938 esse
1238 2909 1273 2937 ab
1297 2909 1386 2936 anima
1410 2910 1458 2937 toti
1479 2909 1587 2944 corpori
1611 2909 1722 2937 vitalem
