  <div class='ocr_page' id='page_1' title='image "/cluster/home/n/w/nwhite01/storage/ocr_20150623/4/njp.32101010944526/169.png"; bbox 0 0 1926 3062; ppageno 0'>
   <div class='ocr_carea' id='block_1_1' title="bbox 216 163 269 191">
    <p class='ocr_par' dir='ltr' id='par_1_1' title="bbox 216 163 269 191">
     <span class='ocr_line' id='line_1_1' title="bbox 216 163 269 191; baseline 0 0"><span class='ocrx_word' id='word_1_1' title='bbox 216 163 269 191; x_wconf 71' lang='grc'><strong>523</strong></span> 
     </span>
    </p>
   </div>
   <div class='ocr_carea' id='block_1_2' title="bbox 599 161 1450 192">
    <p class='ocr_par' dir='ltr' id='par_1_2' title="bbox 599 161 1450 192">
     <span class='ocr_line' id='line_1_2' title="bbox 599 161 1450 192; baseline -0.004 0"><span class='ocrx_word' id='word_1_2' title='bbox 599 163 771 192; x_wconf 73' lang='lat' dir='ltr'><strong>APPENDIX</strong></span> <span class='ocrx_word' id='word_1_3' title='bbox 786 162 831 190; x_wconf 86' lang='lat' dir='ltr'><strong>AD</strong></span> <span class='ocrx_word' id='word_1_4' title='bbox 845 162 959 190; x_wconf 80' lang='lat' dir='ltr'><strong>OPERA</strong></span> <span class='ocrx_word' id='word_1_5' title='bbox 980 163 1008 190; x_wconf 89' lang='lat' dir='ltr'><strong>S.</strong></span> <span class='ocrx_word' id='word_1_6' title='bbox 1030 161 1179 190; x_wconf 71' lang='lat' dir='ltr'><strong>DlONYSll</strong></span> <span class='ocrx_word' id='word_1_7' title='bbox 1203 161 1450 190; x_wconf 66' lang='grc' dir='ltr'><strong>ΑΚΕΟΡΑΟΙΤέΕ.</strong></span> 
     </span>
    </p>
   </div>
   <div class='ocr_carea' id='block_1_3' title="bbox 1791 165 1837 193">
    <p class='ocr_par' dir='ltr' id='par_1_3' title="bbox 1791 165 1837 193">
     <span class='ocr_line' id='line_1_3' title="bbox 1791 165 1837 193; baseline 0.022 -1"><span class='ocrx_word' id='word_1_8' title='bbox 1791 165 1837 193; x_wconf 67' lang='grc'><strong>524</strong></span> 
     </span>
    </p>
   </div>
   <div class='ocr_carea' id='block_1_4' title="bbox 216 221 997 263">
    <p class='ocr_par' dir='ltr' id='par_1_4' title="bbox 216 221 997 257">
     <span class='ocr_line' id='line_1_4' title="bbox 216 221 997 257; baseline 0 -8"><span class='ocrx_word' id='word_1_9' title='bbox 216 222 390 255; x_wconf 74' lang='lat' dir='ltr'><strong>facultatem,</strong></span> <span class='ocrx_word' id='word_1_10' title='bbox 407 222 482 250; x_wconf 84' lang='lat' dir='ltr'><strong>varie</strong></span> <span class='ocrx_word' id='word_1_11' title='bbox 499 222 527 249; x_wconf 90' lang='lat' dir='ltr'><strong>in</strong></span> <span class='ocrx_word' id='word_1_12' title='bbox 545 223 674 250; x_wconf 86' lang='lat' dir='ltr'><strong>membris</strong></span> <span class='ocrx_word' id='word_1_13' title='bbox 691 226 849 257; x_wconf 84' lang='lat' dir='ltr'><strong>operantem</strong></span> <span class='ocrx_word' id='word_1_14' title='bbox 861 241 869 254; x_wconf 85' lang='lat'><strong>,</strong></span> <span class='ocrx_word' id='word_1_15' title='bbox 887 221 997 249; x_wconf 85' lang='lat' dir='ltr'><strong>attribu-</strong></span> 
     </span>
    </p>
   </div>
   <div class='ocr_carea' id='block_1_5' title="bbox 1052 221 1838 263">
    <p class='ocr_par' dir='ltr' id='par_1_5' title="bbox 1059 221 1838 259">
     <span class='ocr_line' id='line_1_5' title="bbox 1059 221 1838 259; baseline 0.003 -12"><span class='ocrx_word' id='word_1_16' title='bbox 1059 221 1163 256; x_wconf 80' lang='grc' dir='ltr'>σώματι</span> <span class='ocrx_word' id='word_1_17' title='bbox 1186 221 1304 256; x_wconf 80' lang='grc' dir='ltr'><strong>ζωτικὴν</strong></span> <span class='ocrx_word' id='word_1_18' title='bbox 1324 222 1456 257; x_wconf 76' lang='grc' dir='ltr'>δύναμιν,</span> <span class='ocrx_word' id='word_1_19' title='bbox 1482 221 1610 253; x_wconf 78' lang='grc' dir='ltr'><strong>ποικίλως</strong></span> <span class='ocrx_word' id='word_1_20' title='bbox 1633 222 1793 259; x_wconf 78' lang='grc' dir='ltr'><strong>ἐνεργοῦσαν</strong></span> <span class='ocrx_word' id='word_1_21' title='bbox 1812 224 1838 249; x_wconf 85' lang='grc' dir='ltr'><strong>ἐν</strong></span> 
     </span>
    </p>
   </div>
   <div class='ocr_carea' id='block_1_6' title="bbox 215 271 283 295">
    <p class='ocr_par' dir='ltr' id='par_1_6' title="bbox 215 271 283 295">
     <span class='ocr_line' id='line_1_6' title="bbox 215 271 283 295; baseline 0.015 -1"><span class='ocrx_word' id='word_1_22' title='bbox 215 271 283 295; x_wconf 88' lang='lat' dir='ltr'><strong>tam.</strong></span> 
     </span>
    </p>
   </div>
   <div class='ocr_carea' id='block_1_7' title="bbox 251 313 1006 350">
    <p class='ocr_par' dir='ltr' id='par_1_7' title="bbox 251 313 1006 350">
     <span class='ocr_line' id='line_1_7' title="bbox 251 313 1006 350; baseline 0.003 -11"><span class='ocrx_word' id='word_1_23' title='bbox 251 313 266 349; x_wconf 59' lang='grc' dir='ltr'>ᾗ</span> <span class='ocrx_word' id='word_1_24' title='bbox 286 313 341 341; x_wconf 90' lang='lat' dir='ltr'><strong>Vll.</strong></span> <span class='ocrx_word' id='word_1_25' title='bbox 360 313 495 349; x_wconf 77' lang='lat' dir='ltr'><strong>Siquidem</strong></span> <span class='ocrx_word' id='word_1_26' title='bbox 507 315 665 348; x_wconf 70' lang='lat' dir='ltr'><strong>principium</strong></span> <span class='ocrx_word' id='word_1_27' title='bbox 683 319 723 345; x_wconf 73' lang='lat' dir='ltr'><strong>es;</strong></span> <span class='ocrx_word' id='word_1_28' title='bbox 743 323 840 342; x_wconf 79' lang='lat' dir='ltr'><strong>rerum.</strong></span> <span class='ocrx_word' id='word_1_29' title='bbox 859 313 888 341; x_wconf 87' lang='lat' dir='ltr'>Si</span> <span class='ocrx_word' id='word_1_30' title='bbox 904 315 1006 350; x_wconf 87' lang='lat' dir='ltr'><strong>princi-</strong></span> 
     </span>
    </p>
   </div>
   <div class='ocr_carea' id='block_1_8' title="bbox 215 361 1006 396">
    <p class='ocr_par' dir='ltr' id='par_1_8' title="bbox 215 361 1006 396">
     <span class='ocr_line' id='line_1_8' title="bbox 215 361 1006 396; baseline 0.001 -9"><span class='ocrx_word' id='word_1_31' title='bbox 215 361 290 395; x_wconf 80' lang='lat' dir='ltr'><strong>pium</strong></span> <span class='ocrx_word' id='word_1_32' title='bbox 310 363 367 393; x_wconf 81' lang='lat' dir='ltr'><strong>est,</strong></span> <span class='ocrx_word' id='word_1_33' title='bbox 395 361 421 388; x_wconf 91' lang='lat' dir='ltr'><strong>id</strong></span> <span class='ocrx_word' id='word_1_34' title='bbox 445 369 500 396; x_wconf 84' lang='lat' dir='ltr'><strong>quo</strong></span> <span class='ocrx_word' id='word_1_35' title='bbox 520 369 564 388; x_wconf 91' lang='lat' dir='ltr'><strong>res</strong></span> <span class='ocrx_word' id='word_1_36' title='bbox 584 361 710 392; x_wconf 82' lang='lat' dir='ltr'><strong>exsistit,</strong></span> <span class='ocrx_word' id='word_1_37' title='bbox 727 361 825 388; x_wconf 90' lang='lat' dir='ltr'><strong>merito</strong></span> <span class='ocrx_word' id='word_1_38' title='bbox 842 361 869 388; x_wconf 93' lang='lat' dir='ltr'><strong>in</strong></span> <span class='ocrx_word' id='word_1_39' title='bbox 885 361 1006 388; x_wconf 90' lang='lat' dir='ltr'><strong>omnium</strong></span> 
     </span>
    </p>
   </div>
   <div class='ocr_carea' id='block_1_9' title="bbox 216 407 1007 441">
    <p class='ocr_par' dir='ltr' id='par_1_9' title="bbox 216 407 1007 441">
     <span class='ocr_line' id='line_1_9' title="bbox 216 407 1007 441; baseline 0.003 -8"><span class='ocrx_word' id='word_1_40' title='bbox 216 407 351 441; x_wconf 85' lang='lat' dir='ltr'><strong>principio</strong></span> <span class='ocrx_word' id='word_1_41' title='bbox 375 407 466 434; x_wconf 81' lang='lat' dir='ltr'><strong>omnia</strong></span> <span class='ocrx_word' id='word_1_42' title='bbox 483 411 546 434; x_wconf 85' lang='lat' dir='ltr'><strong>ante</strong></span> <span class='ocrx_word' id='word_1_43' title='bbox 569 408 770 439; x_wconf 85' lang='lat' dir='ltr'><strong>substiterunt,</strong></span> <span class='ocrx_word' id='word_1_44' title='bbox 790 411 818 434; x_wconf 92' lang='lat' dir='ltr'><strong>ut</strong></span> <span class='ocrx_word' id='word_1_45' title='bbox 845 407 872 434; x_wconf 94' lang='lat' dir='ltr'><strong>in</strong></span> <span class='ocrx_word' id='word_1_46' title='bbox 897 407 957 435; x_wconf 86' lang='lat' dir='ltr'><strong>idea</strong></span> <span class='ocrx_word' id='word_1_47' title='bbox 980 413 1007 435; x_wconf 85' lang='lat' dir='ltr'><strong>et</strong></span> 
     </span>
    </p>
   </div>
   <div class='ocr_carea' id='block_1_10' title="bbox 215 453 1005 487">
    <p class='ocr_par' dir='ltr' id='par_1_10' title="bbox 215 453 1005 487">
     <span class='ocr_line' id='line_1_10' title="bbox 215 453 1005 487; baseline 0.001 -7"><span class='ocrx_word' id='word_1_48' title='bbox 215 453 374 487; x_wconf 75' lang='lat' dir='ltr'><strong>exemplari,</strong></span> <span class='ocrx_word' id='word_1_49' title='bbox 392 453 465 480; x_wconf 88' lang='lat' dir='ltr'><strong>sicut</strong></span> <span class='ocrx_word' id='word_1_50' title='bbox 481 457 544 480; x_wconf 88' lang='lat' dir='ltr'><strong>ante</strong></span> <span class='ocrx_word' id='word_1_51' title='bbox 559 453 690 485; x_wconf 78' lang='lat' dir='ltr'><strong>diximus,</strong></span> <span class='ocrx_word' id='word_1_52' title='bbox 704 453 787 480; x_wconf 86' lang='lat' dir='ltr'><strong>simul</strong></span> <span class='ocrx_word' id='word_1_53' title='bbox 800 457 826 480; x_wconf 88' lang='lat' dir='ltr'><strong>et</strong></span> <span class='ocrx_word' id='word_1_54' title='bbox 841 461 897 480; x_wconf 91' lang='lat' dir='ltr'><strong>uno</strong></span> <span class='ocrx_word' id='word_1_55' title='bbox 913 454 1005 486; x_wconf 88' lang='lat' dir='ltr'><strong>modo,</strong></span> 
     </span>
    </p>
   </div>
   <div class='ocr_carea' id='block_1_11' title="bbox 214 498 1006 532">
    <p class='ocr_par' dir='ltr' id='par_1_11' title="bbox 214 498 1006 532">
     <span class='ocr_line' id='line_1_11' title="bbox 214 498 1006 532; baseline 0.003 -8"><span class='ocrx_word' id='word_1_56' title='bbox 214 506 247 525; x_wconf 88' lang='lat' dir='ltr'><strong>ac</strong></span> <span class='ocrx_word' id='word_1_57' title='bbox 258 499 408 531; x_wconf 84' lang='lat' dir='ltr'><strong>contraria,</strong></span> <span class='ocrx_word' id='word_1_58' title='bbox 427 504 456 526; x_wconf 85' lang='lat' dir='ltr'><strong>ut</strong></span> <span class='ocrx_word' id='word_1_59' title='bbox 474 499 501 526; x_wconf 90' lang='lat' dir='ltr'><strong>in</strong></span> <span class='ocrx_word' id='word_1_60' title='bbox 518 498 584 532; x_wconf 88' lang='lat' dir='ltr'><strong>Deo,</strong></span> <span class='ocrx_word' id='word_1_61' title='bbox 601 499 674 526; x_wconf 90' lang='lat' dir='ltr'><strong>sicut</strong></span> <span class='ocrx_word' id='word_1_62' title='bbox 690 499 793 526; x_wconf 87' lang='lat' dir='ltr'><strong>dictum</strong></span> <span class='ocrx_word' id='word_1_63' title='bbox 811 503 863 531; x_wconf 89' lang='lat' dir='ltr'><strong>est,</strong></span> <span class='ocrx_word' id='word_1_64' title='bbox 879 499 1006 527; x_wconf 79' lang='lat' dir='ltr'><strong>conside-</strong></span> 
     </span>
    </p>
   </div>
   <div class='ocr_carea' id='block_1_12' title="bbox 214 545 1007 581">
    <p class='ocr_par' dir='ltr' id='par_1_12' title="bbox 214 545 1007 581">
     <span class='ocr_line' id='line_1_12' title="bbox 214 545 1007 581; baseline 0.001 -10"><span class='ocrx_word' id='word_1_65' title='bbox 214 550 289 579; x_wconf 74' lang='lat' dir='ltr'><strong>rata;</strong></span> <span class='ocrx_word' id='word_1_66' title='bbox 307 545 444 580; x_wconf 87' lang='lat' dir='ltr'><strong>quomodo</strong></span> <span class='ocrx_word' id='word_1_67' title='bbox 461 550 552 573; x_wconf 84' lang='lat' dir='ltr'><strong>autem</strong></span> <span class='ocrx_word' id='word_1_68' title='bbox 570 546 718 581; x_wconf 84' lang='lat' dir='ltr'><strong>eonjuncte</strong></span> <span class='ocrx_word' id='word_1_69' title='bbox 729 567 736 579; x_wconf 84' lang='lat'><strong>,</strong></span> <span class='ocrx_word' id='word_1_70' title='bbox 752 550 779 573; x_wconf 87' lang='lat' dir='ltr'><strong>et</strong></span> <span class='ocrx_word' id='word_1_71' title='bbox 802 546 951 577; x_wconf 87' lang='lat' dir='ltr'><strong>contraria,</strong></span> <span class='ocrx_word' id='word_1_72' title='bbox 969 547 1007 573; x_wconf 89' lang='lat' dir='ltr'><strong>ita</strong></span> 
     </span>
    </p>
   </div>
   <div class='ocr_carea' id='block_1_13' title="bbox 213 590 1006 626">
    <p class='ocr_par' dir='ltr' id='par_1_13' title="bbox 213 590 1006 626">
     <span class='ocr_line' id='line_1_13' title="bbox 213 590 1006 626; baseline 0.004 -9"><span class='ocrx_word' id='word_1_73' title='bbox 213 590 368 625; x_wconf 75' lang='lat' dir='ltr'><strong>intelliges:</strong></span> <span class='ocrx_word' id='word_1_74' title='bbox 386 591 459 626; x_wconf 86' lang='lat' dir='ltr'><strong>quod</strong></span> <span class='ocrx_word' id='word_1_75' title='bbox 484 597 611 619; x_wconf 73' lang='lat' dir='ltr'><strong>ornatum</strong></span> <span class='ocrx_word' id='word_1_76' title='bbox 629 596 682 624; x_wconf 90' lang='lat' dir='ltr'><strong>est,</strong></span> <span class='ocrx_word' id='word_1_77' title='bbox 703 592 786 620; x_wconf 83' lang='lat' dir='ltr'><strong>habet</strong></span> <span class='ocrx_word' id='word_1_78' title='bbox 806 592 921 620; x_wconf 78' lang='lat' dir='ltr'><strong>formam</strong></span> <span class='ocrx_word' id='word_1_79' title='bbox 936 593 1006 620; x_wconf 83' lang='lat' dir='ltr'><strong>divi-</strong></span> 
     </span>
    </p>
   </div>
   <div class='ocr_carea' id='block_1_14' title="bbox 211 637 1004 669">
    <p class='ocr_par' dir='ltr' id='par_1_14' title="bbox 211 637 1004 669">
     <span class='ocr_line' id='line_1_14' title="bbox 211 637 1004 669; baseline 0.003 -5"><span class='ocrx_word' id='word_1_80' title='bbox 211 644 283 669; x_wconf 82' lang='lat' dir='ltr'><strong>sam,</strong></span> <span class='ocrx_word' id='word_1_81' title='bbox 299 640 328 663; x_wconf 86' lang='lat' dir='ltr'><strong>ut</strong></span> <span class='ocrx_word' id='word_1_82' title='bbox 350 637 377 663; x_wconf 88' lang='lat' dir='ltr'><strong>in</strong></span> <span class='ocrx_word' id='word_1_83' title='bbox 402 637 514 669; x_wconf 89' lang='lat' dir='ltr'><strong>mundo,</strong></span> <span class='ocrx_word' id='word_1_84' title='bbox 539 638 603 664; x_wconf 92' lang='lat' dir='ltr'><strong>alibi</strong></span> <span class='ocrx_word' id='word_1_85' title='bbox 621 642 696 666; x_wconf 83' lang='lat' dir='ltr'><strong>astra</strong></span> <span class='ocrx_word' id='word_1_86' title='bbox 713 642 740 666; x_wconf 87' lang='lat' dir='ltr'><strong>et</strong></span> <span class='ocrx_word' id='word_1_87' title='bbox 761 639 824 666; x_wconf 81' lang='lat' dir='ltr'><strong>alibi</strong></span> <span class='ocrx_word' id='word_1_88' title='bbox 842 638 980 666; x_wconf 85' lang='lat' dir='ltr'><strong>hominem</strong></span> <span class='ocrx_word' id='word_1_89' title='bbox 997 648 1004 666; x_wconf 91' lang='lat'>:</span> 
     </span>
    </p>
   </div>
   <div class='ocr_carea' id='block_1_15' title="bbox 213 683 1004 720">
    <p class='ocr_par' dir='ltr' id='par_1_15' title="bbox 213 683 1004 720">
     <span class='ocr_line' id='line_1_15' title="bbox 213 683 1004 720; baseline 0.005 -12"><span class='ocrx_word' id='word_1_90' title='bbox 213 683 367 717; x_wconf 88' lang='lat' dir='ltr'><strong>iterumque</strong></span> <span class='ocrx_word' id='word_1_91' title='bbox 379 683 432 709; x_wconf 88' lang='lat' dir='ltr'><strong>alio</strong></span> <span class='ocrx_word' id='word_1_92' title='bbox 444 684 471 710; x_wconf 90' lang='lat' dir='ltr'><strong>in</strong></span> <span class='ocrx_word' id='word_1_93' title='bbox 488 683 548 710; x_wconf 88' lang='lat' dir='ltr'><strong>loco</strong></span> <span class='ocrx_word' id='word_1_94' title='bbox 563 684 652 719; x_wconf 80' lang='lat' dir='ltr'><strong>ignem</strong></span> <span class='ocrx_word' id='word_1_95' title='bbox 669 692 701 711; x_wconf 84' lang='lat' dir='ltr'><strong>ac</strong></span> <span class='ocrx_word' id='word_1_96' title='bbox 718 685 771 711; x_wconf 85' lang='lat' dir='ltr'><strong>alio</strong></span> <span class='ocrx_word' id='word_1_97' title='bbox 785 685 811 711; x_wconf 92' lang='lat' dir='ltr'><strong>in</strong></span> <span class='ocrx_word' id='word_1_98' title='bbox 824 685 884 712; x_wconf 91' lang='lat' dir='ltr'><strong>loco</strong></span> <span class='ocrx_word' id='word_1_99' title='bbox 895 692 1004 720; x_wconf 86' lang='lat' dir='ltr'><strong>aquam;</strong></span> 
     </span>
    </p>
   </div>
   <div class='ocr_carea' id='block_1_16' title="bbox 212 730 1006 764">
    <p class='ocr_par' dir='ltr' id='par_1_16' title="bbox 212 730 1006 764">
     <span class='ocr_line' id='line_1_16' title="bbox 212 730 1006 764; baseline 0.004 -9"><span class='ocrx_word' id='word_1_100' title='bbox 212 736 274 755; x_wconf 89' lang='lat' dir='ltr'><strong>cum</strong></span> <span class='ocrx_word' id='word_1_101' title='bbox 292 730 365 756; x_wconf 90' lang='lat' dir='ltr'><strong>enim</strong></span> <span class='ocrx_word' id='word_1_102' title='bbox 383 730 438 756; x_wconf 88' lang='lat' dir='ltr'><strong>sint</strong></span> <span class='ocrx_word' id='word_1_103' title='bbox 456 731 603 763; x_wconf 88' lang='lat' dir='ltr'><strong>contraria,</strong></span> <span class='ocrx_word' id='word_1_104' title='bbox 623 731 645 758; x_wconf 91' lang='lat' dir='ltr'><strong>si</strong></span> <span class='ocrx_word' id='word_1_105' title='bbox 669 732 751 758; x_wconf 88' lang='lat' dir='ltr'><strong>simul</strong></span> <span class='ocrx_word' id='word_1_106' title='bbox 775 732 926 764; x_wconf 84' lang='lat' dir='ltr'><strong>exsistent,</strong></span> <span class='ocrx_word' id='word_1_107' title='bbox 944 739 1006 758; x_wconf 86' lang='lat' dir='ltr'><strong>cor-</strong></span> 
     </span>
    </p>
   </div>
   <div class='ocr_carea' id='block_1_17' title="bbox 211 776 1005 813">
    <p class='ocr_par' dir='ltr' id='par_1_17' title="bbox 211 776 1005 813">
     <span class='ocr_line' id='line_1_17' title="bbox 211 776 1005 813; baseline 0.006 -12"><span class='ocrx_word' id='word_1_108' title='bbox 211 780 393 810; x_wconf 86' lang='lat' dir='ltr'><strong>rumpuntur;</strong></span> <span class='ocrx_word' id='word_1_109' title='bbox 409 776 436 803; x_wconf 89' lang='lat' dir='ltr'><strong>in</strong></span> <span class='ocrx_word' id='word_1_110' title='bbox 453 776 501 803; x_wconf 88' lang='lat' dir='ltr'><strong>Dei</strong></span> <span class='ocrx_word' id='word_1_111' title='bbox 516 781 606 803; x_wconf 85' lang='lat' dir='ltr'><strong>autem</strong></span> <span class='ocrx_word' id='word_1_112' title='bbox 620 778 845 813; x_wconf 77' lang='lat' dir='ltr'><strong>cogitationibus,</strong></span> <span class='ocrx_word' id='word_1_113' title='bbox 865 783 892 806; x_wconf 91' lang='lat' dir='ltr'><strong>et</strong></span> <span class='ocrx_word' id='word_1_114' title='bbox 910 786 1005 806; x_wconf 85' lang='lat' dir='ltr'><strong>omnes</strong></span> 
     </span>
    </p>
   </div>
   <div class='ocr_carea' id='block_1_18' title="bbox 211 822 1004 858">
    <p class='ocr_par' dir='ltr' id='par_1_18' title="bbox 211 822 1004 858">
     <span class='ocr_line' id='line_1_18' title="bbox 211 822 1004 858; baseline 0.005 -11"><span class='ocrx_word' id='word_1_115' title='bbox 211 828 256 847; x_wconf 88' lang='lat' dir='ltr'><strong>res</strong></span> <span class='ocrx_word' id='word_1_116' title='bbox 282 822 364 848; x_wconf 87' lang='lat' dir='ltr'><strong>simul</strong></span> <span class='ocrx_word' id='word_1_117' title='bbox 381 827 471 854; x_wconf 81' lang='lat' dir='ltr'><strong>erant,</strong></span> <span class='ocrx_word' id='word_1_118' title='bbox 498 827 526 849; x_wconf 91' lang='lat' dir='ltr'><strong>et</strong></span> <span class='ocrx_word' id='word_1_119' title='bbox 543 831 598 850; x_wconf 90' lang='lat' dir='ltr'><strong>non</strong></span> <span class='ocrx_word' id='word_1_120' title='bbox 623 823 749 856; x_wconf 80' lang='lat' dir='ltr'><strong>confuse,</strong></span> <span class='ocrx_word' id='word_1_121' title='bbox 777 832 866 858; x_wconf 83' lang='lat' dir='ltr'><strong>neque</strong></span> <span class='ocrx_word' id='word_1_122' title='bbox 883 824 910 851; x_wconf 92' lang='lat' dir='ltr'><strong>in</strong></span> <span class='ocrx_word' id='word_1_123' title='bbox 928 824 1004 858; x_wconf 90' lang='lat' dir='ltr'><strong>loco;</strong></span> 
     </span>
    </p>
   </div>
   <div class='ocr_carea' id='block_1_19' title="bbox 210 867 1004 904">
    <p class='ocr_par' dir='ltr' id='par_1_19' title="bbox 210 867 1004 904">
     <span class='ocr_line' id='line_1_19' title="bbox 210 867 1004 904; baseline 0.006 -12"><span class='ocrx_word' id='word_1_124' title='bbox 210 874 267 893; x_wconf 86' lang='lat' dir='ltr'><strong>non</strong></span> <span class='ocrx_word' id='word_1_125' title='bbox 288 867 361 893; x_wconf 89' lang='lat' dir='ltr'><strong>enim</strong></span> <span class='ocrx_word' id='word_1_126' title='bbox 389 872 453 895; x_wconf 88' lang='lat' dir='ltr'><strong>sunt</strong></span> <span class='ocrx_word' id='word_1_127' title='bbox 479 876 614 903; x_wconf 86' lang='lat' dir='ltr'><strong>corpora,</strong></span> <span class='ocrx_word' id='word_1_128' title='bbox 639 877 691 897; x_wconf 82' lang='lat' dir='ltr'><strong>nec</strong></span> <span class='ocrx_word' id='word_1_129' title='bbox 711 870 738 896; x_wconf 86' lang='lat' dir='ltr'><strong>in</strong></span> <span class='ocrx_word' id='word_1_130' title='bbox 762 877 895 904; x_wconf 87' lang='lat' dir='ltr'><strong>corpore,</strong></span> <span class='ocrx_word' id='word_1_131' title='bbox 913 870 959 898; x_wconf 84' lang='lat' dir='ltr'><strong>sed</strong></span> <span class='ocrx_word' id='word_1_132' title='bbox 976 871 1004 897; x_wconf 92' lang='lat' dir='ltr'><strong>in</strong></span> 
     </span>
    </p>
   </div>
   <div class='ocr_carea' id='block_1_20' title="bbox 1056 266 1248 301">
    <p class='ocr_par' dir='ltr' id='par_1_20' title="bbox 1056 266 1248 301">
     <span class='ocr_line' id='line_1_20' title="bbox 1056 266 1248 301; baseline 0.005 -9"><span class='ocrx_word' id='word_1_133' title='bbox 1056 267 1113 298; x_wconf 84' lang='grc' dir='ltr'>τοῖς</span> <span class='ocrx_word' id='word_1_134' title='bbox 1131 266 1248 301; x_wconf 81' lang='grc' dir='ltr'>μέλεσιν.</span> 
     </span>
    </p>
   </div>
   <div class='ocr_carea' id='block_1_21' title="bbox 1094 311 1839 347">
    <p class='ocr_par' dir='ltr' id='par_1_21' title="bbox 1094 311 1839 347">
     <span class='ocr_line' id='line_1_21' title="bbox 1094 311 1839 347; baseline 0.004 -10"><span class='ocrx_word' id='word_1_135' title='bbox 1094 311 1108 347; x_wconf 82' lang='lat'><strong>§</strong></span> <span class='ocrx_word' id='word_1_136' title='bbox 1127 311 1180 338; x_wconf 81' lang='lat' dir='ltr'><strong>Vll.</strong></span> <span class='ocrx_word' id='word_1_137' title='bbox 1194 311 1284 347; x_wconf 80' lang='grc' dir='ltr'><strong>Ἀρχὴ</strong></span> <span class='ocrx_word' id='word_1_138' title='bbox 1299 312 1354 347; x_wconf 76' lang='grc' dir='ltr'>γάρ</span> <span class='ocrx_word' id='word_1_139' title='bbox 1369 314 1434 340; x_wconf 83' lang='grc' dir='ltr'>ἐστι</span> <span class='ocrx_word' id='word_1_140' title='bbox 1449 313 1507 340; x_wconf 78' lang='grc' dir='ltr'><strong>τῶν</strong></span> <span class='ocrx_word' id='word_1_141' title='bbox 1524 313 1627 340; x_wconf 79' lang='grc' dir='ltr'><strong>ὄντων.</strong></span> <span class='ocrx_word' id='word_1_142' title='bbox 1648 313 1680 340; x_wconf 81' lang='lat' dir='ltr'><strong>El</strong></span> <span class='ocrx_word' id='word_1_143' title='bbox 1695 313 1778 340; x_wconf 80' lang='grc' dir='ltr'>αἴτιόν</span> <span class='ocrx_word' id='word_1_144' title='bbox 1787 315 1839 341; x_wconf 82' lang='grc' dir='ltr'>ἐστι</span> 
     </span>
    </p>
   </div>
   <div class='ocr_carea' id='block_1_22' title="bbox 1056 353 1840 395">
    <p class='ocr_par' dir='ltr' id='par_1_22' title="bbox 1056 353 1840 395">
     <span class='ocr_line' id='line_1_22' title="bbox 1056 353 1840 395; baseline 0.003 -11"><span class='ocrx_word' id='word_1_145' title='bbox 1056 358 1086 384; x_wconf 85' lang='grc' dir='ltr'>τὸ</span> <span class='ocrx_word' id='word_1_146' title='bbox 1098 357 1131 384; x_wconf 82' lang='grc' dir='ltr'><strong>δι1</strong></span> <span class='ocrx_word' id='word_1_147' title='bbox 1145 358 1159 384; x_wconf 80' lang='grc' dir='ltr'><strong>ὃ</strong></span> <span class='ocrx_word' id='word_1_148' title='bbox 1174 359 1277 392; x_wconf 84' lang='grc' dir='ltr'>γίνεται</span> <span class='ocrx_word' id='word_1_149' title='bbox 1291 359 1322 385; x_wconf 82' lang='grc' dir='ltr'>τὸ</span> <span class='ocrx_word' id='word_1_150' title='bbox 1337 360 1488 394; x_wconf 86' lang='grc' dir='ltr'>γινόμενον,</span> <span class='ocrx_word' id='word_1_151' title='bbox 1506 360 1617 391; x_wconf 83' lang='grc' dir='ltr'><strong>εἰκότως</strong></span> <span class='ocrx_word' id='word_1_152' title='bbox 1634 361 1663 386; x_wconf 87' lang='grc' dir='ltr'><strong>ἐν</strong></span> <span class='ocrx_word' id='word_1_153' title='bbox 1681 359 1719 395; x_wconf 81' lang='grc' dir='ltr'>τῷ</span> <span class='ocrx_word' id='word_1_154' title='bbox 1740 353 1840 387; x_wconf 83' lang='grc' dir='ltr'>πάντων</span> 
     </span>
    </p>
   </div>
   <div class='ocr_carea' id='block_1_23' title="bbox 1056 405 1840 442">
    <p class='ocr_par' dir='ltr' id='par_1_23' title="bbox 1056 405 1840 442">
     <span class='ocr_line' id='line_1_23' title="bbox 1056 405 1840 442; baseline 0.001 -11"><span class='ocrx_word' id='word_1_155' title='bbox 1056 405 1135 440; x_wconf 77' lang='grc' dir='ltr'>αἰτίῳ</span> <span class='ocrx_word' id='word_1_156' title='bbox 1151 405 1238 431; x_wconf 83' lang='grc' dir='ltr'>πάντα</span> <span class='ocrx_word' id='word_1_157' title='bbox 1249 406 1465 442; x_wconf 79' lang='grc' dir='ltr'>προῠφέστηκεν,</span> <span class='ocrx_word' id='word_1_158' title='bbox 1483 407 1521 438; x_wconf 88' lang='grc' dir='ltr'>ὼς</span> <span class='ocrx_word' id='word_1_159' title='bbox 1537 408 1566 433; x_wconf 86' lang='grc' dir='ltr'><strong>ἐν</strong></span> <span class='ocrx_word' id='word_1_160' title='bbox 1585 406 1640 442; x_wconf 77' lang='grc' dir='ltr'><strong>ἰδέᾳ</strong></span> <span class='ocrx_word' id='word_1_161' title='bbox 1656 407 1703 433; x_wconf 83' lang='grc' dir='ltr'>καὶ</span> <span class='ocrx_word' id='word_1_162' title='bbox 1720 406 1840 441; x_wconf 84' lang='grc' dir='ltr'>παραδεί-</span> 
     </span>
    </p>
   </div>
   <div class='ocr_carea' id='block_1_24' title="bbox 1056 451 1839 489">
    <p class='ocr_par' dir='ltr' id='par_1_24' title="bbox 1056 451 1839 489">
     <span class='ocr_line' id='line_1_24' title="bbox 1056 451 1839 489; baseline 0.003 -12"><span class='ocrx_word' id='word_1_163' title='bbox 1056 459 1150 486; x_wconf 80' lang='grc' dir='ltr'>γματι,</span> <span class='ocrx_word' id='word_1_164' title='bbox 1168 451 1239 478; x_wconf 86' lang='grc' dir='ltr'>καθὰ</span> <span class='ocrx_word' id='word_1_165' title='bbox 1266 452 1508 489; x_wconf 69' lang='grc' dir='ltr'>προέφημενιὸμοῦ</span> <span class='ocrx_word' id='word_1_166' title='bbox 1525 453 1571 480; x_wconf 79' lang='grc' dir='ltr'><strong>καὶ</strong></span> <span class='ocrx_word' id='word_1_167' title='bbox 1587 453 1709 485; x_wconf 79' lang='grc' dir='ltr'>ἐνοειόῶς</span> <span class='ocrx_word' id='word_1_168' title='bbox 1721 474 1728 485; x_wconf 94' lang='grc'><strong>,</strong></span> <span class='ocrx_word' id='word_1_169' title='bbox 1751 454 1794 480; x_wconf 74' lang='grc' dir='ltr'><strong>καὶ</strong></span> <span class='ocrx_word' id='word_1_170' title='bbox 1808 453 1839 479; x_wconf 72' lang='grc' dir='ltr'>τὰ</span> 
     </span>
    </p>
   </div>
   <div class='ocr_carea' id='block_1_25' title="bbox 1056 497 1839 535">
    <p class='ocr_par' dir='ltr' id='par_1_25' title="bbox 1056 497 1839 535">
     <span class='ocr_line' id='line_1_25' title="bbox 1056 497 1839 535; baseline 0.004 -12"><span class='ocrx_word' id='word_1_171' title='bbox 1056 497 1175 529; x_wconf 83' lang='grc' dir='ltr'>ἐναντία,</span> <span class='ocrx_word' id='word_1_172' title='bbox 1192 498 1229 530; x_wconf 84' lang='grc' dir='ltr'><strong>ὡς</strong></span> <span class='ocrx_word' id='word_1_173' title='bbox 1243 499 1271 524; x_wconf 86' lang='grc' dir='ltr'><strong>ἐν</strong></span> <span class='ocrx_word' id='word_1_174' title='bbox 1287 498 1326 533; x_wconf 81' lang='grc' dir='ltr'>τῷ</span> <span class='ocrx_word' id='word_1_175' title='bbox 1342 498 1400 533; x_wconf 84' lang='grc' dir='ltr'><strong>Θεῴ</strong></span> <span class='ocrx_word' id='word_1_176' title='bbox 1416 499 1524 535; x_wconf 77' lang='grc' dir='ltr'>εἴρηται</span> <span class='ocrx_word' id='word_1_177' title='bbox 1538 498 1769 535; x_wconf 75' lang='grc' dir='ltr'>ἐπιϐεωροὺμενα.</span> <span class='ocrx_word' id='word_1_178' title='bbox 1783 499 1839 532; x_wconf 84' lang='grc' dir='ltr'><strong>Πῶς</strong></span> 
     </span>
    </p>
   </div>
   <div class='ocr_carea' id='block_1_26' title="bbox 1056 543 1840 580">
    <p class='ocr_par' dir='ltr' id='par_1_26' title="bbox 1056 543 1840 580">
     <span class='ocr_line' id='line_1_26' title="bbox 1056 543 1840 580; baseline 0.003 -11"><span class='ocrx_word' id='word_1_179' title='bbox 1056 543 1084 570; x_wconf 74' lang='grc' dir='ltr'><strong>δὲ</strong></span> <span class='ocrx_word' id='word_1_180' title='bbox 1099 544 1145 570; x_wconf 73' lang='grc' dir='ltr'>καὶ</span> <span class='ocrx_word' id='word_1_181' title='bbox 1161 544 1307 579; x_wconf 82' lang='grc' dir='ltr'>ἡνωμένως</span> <span class='ocrx_word' id='word_1_182' title='bbox 1317 564 1324 576; x_wconf 90' lang='grc'><strong>,</strong></span> <span class='ocrx_word' id='word_1_183' title='bbox 1350 545 1397 571; x_wconf 76' lang='grc' dir='ltr'>καὶ</span> <span class='ocrx_word' id='word_1_184' title='bbox 1422 545 1532 572; x_wconf 79' lang='grc' dir='ltr'><strong>ἐναντία</strong></span> <span class='ocrx_word' id='word_1_185' title='bbox 1547 545 1581 578; x_wconf 86' lang='grc'><strong>¹¹,</strong></span> <span class='ocrx_word' id='word_1_186' title='bbox 1597 544 1668 571; x_wconf 75' lang='grc' dir='ltr'>οὕτω</span> <span class='ocrx_word' id='word_1_187' title='bbox 1685 545 1796 580; x_wconf 69' lang='grc' dir='ltr'>νοήσεις</span> <span class='ocrx_word' id='word_1_188' title='bbox 1812 545 1840 571; x_wconf 80' lang='grc' dir='ltr'><strong>τὸ</strong></span> 
     </span>
    </p>
   </div>
   <div class='ocr_carea' id='block_1_27' title="bbox 1056 590 1840 628">
    <p class='ocr_par' dir='ltr' id='par_1_27' title="bbox 1056 590 1840 628">
     <span class='ocr_line' id='line_1_27' title="bbox 1056 590 1840 628; baseline 0.001 -12"><span class='ocrx_word' id='word_1_189' title='bbox 1056 590 1193 626; x_wconf 80' lang='grc' dir='ltr'>κοσμηοὲν</span> <span class='ocrx_word' id='word_1_190' title='bbox 1220 591 1276 626; x_wconf 75' lang='grc' dir='ltr'>ἔχει</span> <span class='ocrx_word' id='word_1_191' title='bbox 1302 591 1333 618; x_wconf 83' lang='grc' dir='ltr'>τὸ</span> <span class='ocrx_word' id='word_1_192' title='bbox 1360 590 1429 624; x_wconf 78' lang='grc' dir='ltr'>εἶδος</span> <span class='ocrx_word' id='word_1_193' title='bbox 1458 591 1670 628; x_wconf 78' lang='grc' dir='ltr'><strong>μεμερισμένον,</strong></span> <span class='ocrx_word' id='word_1_194' title='bbox 1697 591 1734 623; x_wconf 85' lang='grc' dir='ltr'><strong>ὡς</strong></span> <span class='ocrx_word' id='word_1_195' title='bbox 1757 593 1785 618; x_wconf 84' lang='grc' dir='ltr'>ὲν</span> <span class='ocrx_word' id='word_1_196' title='bbox 1804 591 1840 626; x_wconf 83' lang='grc' dir='ltr'>τῷ</span> 
     </span>
    </p>
   </div>
   <div class='ocr_carea' id='block_1_28' title="bbox 1056 634 1840 672">
    <p class='ocr_par' dir='ltr' id='par_1_28' title="bbox 1056 634 1840 672">
     <span class='ocr_line' id='line_1_28' title="bbox 1056 634 1840 672; baseline 0.001 -12"><span class='ocrx_word' id='word_1_197' title='bbox 1056 634 1160 670; x_wconf 81' lang='grc' dir='ltr'>κόσμῳ,</span> <span class='ocrx_word' id='word_1_198' title='bbox 1178 635 1293 671; x_wconf 81' lang='grc' dir='ltr'>ἀλλαχοῦ</span> <span class='ocrx_word' id='word_1_199' title='bbox 1309 635 1343 662; x_wconf 80' lang='grc' dir='ltr'>τὰ</span> <span class='ocrx_word' id='word_1_200' title='bbox 1359 636 1447 672; x_wconf 80' lang='grc' dir='ltr'>ἄστρα</span> <span class='ocrx_word' id='word_1_201' title='bbox 1457 656 1464 667; x_wconf 91' lang='grc'><strong>,</strong></span> <span class='ocrx_word' id='word_1_202' title='bbox 1482 636 1528 662; x_wconf 79' lang='grc' dir='ltr'>καὶ</span> <span class='ocrx_word' id='word_1_203' title='bbox 1547 635 1663 670; x_wconf 73' lang='grc' dir='ltr'>ἀλλαχοῦ</span> <span class='ocrx_word' id='word_1_204' title='bbox 1684 635 1729 661; x_wconf 81' lang='grc' dir='ltr'><strong>τὸν</strong></span> <span class='ocrx_word' id='word_1_205' title='bbox 1745 635 1840 671; x_wconf 77' lang='grc' dir='ltr'>ἀνορω-</span> 
     </span>
    </p>
   </div>
   <div class='ocr_carea' id='block_1_29' title="bbox 1057 680 1837 718">
    <p class='ocr_par' dir='ltr' id='par_1_29' title="bbox 1057 680 1837 718">
     <span class='ocr_line' id='line_1_29' title="bbox 1057 680 1837 718; baseline 0 -11"><span class='ocrx_word' id='word_1_206' title='bbox 1057 690 1116 708; x_wconf 85' lang='grc' dir='ltr'>πον·</span> <span class='ocrx_word' id='word_1_207' title='bbox 1143 682 1190 708; x_wconf 75' lang='grc' dir='ltr'><strong>καὶ</strong></span> <span class='ocrx_word' id='word_1_208' title='bbox 1212 680 1288 713; x_wconf 76' lang='grc' dir='ltr'>αὖθις</span> <span class='ocrx_word' id='word_1_209' title='bbox 1313 682 1380 718; x_wconf 81' lang='grc' dir='ltr'>ἄλλῃ</span> <span class='ocrx_word' id='word_1_210' title='bbox 1404 682 1436 708; x_wconf 87' lang='grc' dir='ltr'>τὸ</span> <span class='ocrx_word' id='word_1_211' title='bbox 1460 682 1532 717; x_wconf 76' lang='grc' dir='ltr'>πῦρ,</span> <span class='ocrx_word' id='word_1_212' title='bbox 1559 682 1605 708; x_wconf 76' lang='grc' dir='ltr'><strong>καὶ</strong></span> <span class='ocrx_word' id='word_1_213' title='bbox 1621 681 1688 717; x_wconf 81' lang='grc' dir='ltr'>ἄλλῃ</span> <span class='ocrx_word' id='word_1_214' title='bbox 1709 681 1739 707; x_wconf 80' lang='grc' dir='ltr'>τὸ</span> <span class='ocrx_word' id='word_1_215' title='bbox 1762 681 1837 718; x_wconf 72' lang='grc' dir='ltr'>ὕδωρ.</span> 
     </span>
    </p>
   </div>
   <div class='ocr_carea' id='block_1_30' title="bbox 1063 725 1840 763">
    <p class='ocr_par' dir='ltr' id='par_1_30' title="bbox 1063 725 1840 763">
     <span class='ocr_line' id='line_1_30' title="bbox 1063 725 1840 763; baseline -0.001 -11"><span class='ocrx_word' id='word_1_216' title='bbox 1063 726 1185 754; x_wconf 83' lang='grc' dir='ltr'>Ἐναντία</span> <span class='ocrx_word' id='word_1_217' title='bbox 1200 726 1255 763; x_wconf 80' lang='grc' dir='ltr'><strong>γὰρ</strong></span> <span class='ocrx_word' id='word_1_218' title='bbox 1271 727 1344 759; x_wconf 72' lang='grc' dir='ltr'>ὅντα,</span> <span class='ocrx_word' id='word_1_219' title='bbox 1361 726 1408 753; x_wconf 83' lang='grc' dir='ltr'><strong>ἐὰν</strong></span> <span class='ocrx_word' id='word_1_220' title='bbox 1425 726 1493 761; x_wconf 80' lang='grc' dir='ltr'>ὁμοῦ</span> <span class='ocrx_word' id='word_1_221' title='bbox 1510 726 1652 760; x_wconf 81' lang='grc' dir='ltr'><strong>γένωνται,</strong></span> <span class='ocrx_word' id='word_1_222' title='bbox 1670 725 1840 760; x_wconf 63' lang='grc' dir='ltr'>συμφθείρον-</span> 
     </span>
    </p>
   </div>
   <div class='ocr_carea' id='block_1_31' title="bbox 1056 772 1839 809">
    <p class='ocr_par' dir='ltr' id='par_1_31' title="bbox 1056 772 1839 809">
     <span class='ocr_line' id='line_1_31' title="bbox 1056 772 1839 809; baseline -0.003 -9"><span class='ocrx_word' id='word_1_223' title='bbox 1056 782 1117 801; x_wconf 87' lang='grc' dir='ltr'>ται·</span> <span class='ocrx_word' id='word_1_224' title='bbox 1141 775 1168 800; x_wconf 77' lang='grc' dir='ltr'><strong>ἐν</strong></span> <span class='ocrx_word' id='word_1_225' title='bbox 1190 773 1219 800; x_wconf 78' lang='grc' dir='ltr'><strong>δὲ</strong></span> <span class='ocrx_word' id='word_1_226' title='bbox 1240 775 1301 806; x_wconf 88' lang='grc' dir='ltr'>ταῖς</span> <span class='ocrx_word' id='word_1_227' title='bbox 1320 774 1429 809; x_wconf 80' lang='grc' dir='ltr'>νοήσεσι</span> <span class='ocrx_word' id='word_1_228' title='bbox 1451 772 1497 799; x_wconf 82' lang='grc' dir='ltr'>τοῦ</span> <span class='ocrx_word' id='word_1_229' title='bbox 1521 772 1588 799; x_wconf 76' lang='grc' dir='ltr'>Θεοῦ</span> <span class='ocrx_word' id='word_1_230' title='bbox 1606 772 1652 799; x_wconf 79' lang='grc' dir='ltr'><strong>καὶ</strong></span> <span class='ocrx_word' id='word_1_231' title='bbox 1674 773 1762 799; x_wconf 78' lang='grc' dir='ltr'>πάντα</span> <span class='ocrx_word' id='word_1_232' title='bbox 1777 772 1839 807; x_wconf 78' lang='grc' dir='ltr'>ὁμοῦ</span> 
     </span>
    </p>
   </div>
   <div class='ocr_carea' id='block_1_32' title="bbox 1055 818 1840 856">
    <p class='ocr_par' dir='ltr' id='par_1_32' title="bbox 1055 818 1840 856">
     <span class='ocr_line' id='line_1_32' title="bbox 1055 818 1840 856; baseline -0.004 -9"><span class='ocrx_word' id='word_1_233' title='bbox 1055 818 1124 856; x_wconf 81' lang='grc' dir='ltr'>ἦσαν</span> <span class='ocrx_word' id='word_1_234' title='bbox 1140 819 1204 846; x_wconf 73' lang='grc' dir='ltr'>ὄντα</span> <span class='ocrx_word' id='word_1_235' title='bbox 1219 820 1266 846; x_wconf 63' lang='grc' dir='ltr'>καὶ</span> <span class='ocrx_word' id='word_1_236' title='bbox 1281 819 1451 854; x_wconf 80' lang='grc' dir='ltr'>ἀσυγχύτως,</span> <span class='ocrx_word' id='word_1_237' title='bbox 1467 819 1513 845; x_wconf 79' lang='grc' dir='ltr'>καὶ</span> <span class='ocrx_word' id='word_1_238' title='bbox 1526 819 1575 845; x_wconf 74' lang='grc' dir='ltr'><strong>οὐκ</strong></span> <span class='ocrx_word' id='word_1_239' title='bbox 1590 820 1619 844; x_wconf 90' lang='grc' dir='ltr'><strong>ἐν</strong></span> <span class='ocrx_word' id='word_1_240' title='bbox 1641 818 1724 854; x_wconf 84' lang='grc' dir='ltr'>τόπῳ·</span> <span class='ocrx_word' id='word_1_241' title='bbox 1744 819 1773 844; x_wconf 84' lang='grc' dir='ltr'>οὐ</span> <span class='ocrx_word' id='word_1_242' title='bbox 1789 819 1840 856; x_wconf 76' lang='grc' dir='ltr'><strong>γὰρ</strong></span> 
     </span>
    </p>
   </div>
   <div class='ocr_carea' id='block_1_33' title="bbox 1057 864 1840 902">
    <p class='ocr_par' dir='ltr' id='par_1_33' title="bbox 1057 864 1840 902">
     <span class='ocr_line' id='line_1_33' title="bbox 1057 864 1840 902; baseline 0 -10"><span class='ocrx_word' id='word_1_243' title='bbox 1057 866 1170 902; x_wconf 82' lang='grc' dir='ltr'>σώματά</span> <span class='ocrx_word' id='word_1_244' title='bbox 1186 867 1264 898; x_wconf 73' lang='grc' dir='ltr'>εἰσιν,</span> <span class='ocrx_word' id='word_1_245' title='bbox 1277 865 1338 892; x_wconf 67' lang='grc' dir='ltr'>οὔτε</span> <span class='ocrx_word' id='word_1_246' title='bbox 1355 867 1383 893; x_wconf 81' lang='grc' dir='ltr'><strong>ἐν</strong></span> <span class='ocrx_word' id='word_1_247' title='bbox 1397 866 1513 901; x_wconf 76' lang='grc' dir='ltr'>σώματί,</span> <span class='ocrx_word' id='word_1_248' title='bbox 1531 864 1587 891; x_wconf 80' lang='grc' dir='ltr'>ἀλλ’</span> <span class='ocrx_word' id='word_1_249' title='bbox 1599 867 1628 891; x_wconf 90' lang='grc' dir='ltr'><strong>ἐν</strong></span> <span class='ocrx_word' id='word_1_250' title='bbox 1642 864 1736 896; x_wconf 80' lang='grc' dir='ltr'><strong>ἀϊδίοις</strong></span> <span class='ocrx_word' id='word_1_251' title='bbox 1750 866 1840 900; x_wconf 82' lang='grc' dir='ltr'>νοήσε-</span> 
     </span>
    </p>
   </div>
   <div class='ocr_carea' id='block_1_34' title="bbox 210 909 997 950">
    <p class='ocr_par' dir='ltr' id='par_1_34' title="bbox 210 913 997 950">
     <span class='ocr_line' id='line_1_34' title="bbox 210 913 997 950; baseline 0.005 -11"><span class='ocrx_word' id='word_1_252' title='bbox 210 913 320 941; x_wconf 74' lang='lat' dir='ltr'><strong>aeternis</strong></span> <span class='ocrx_word' id='word_1_253' title='bbox 336 914 547 948; x_wconf 72' lang='lat' dir='ltr'><strong>cogitationibus</strong></span> <span class='ocrx_word' id='word_1_254' title='bbox 561 923 621 949; x_wconf 63' lang='lat' dir='ltr'><strong>quin</strong></span> <span class='ocrx_word' id='word_1_255' title='bbox 638 918 702 942; x_wconf 88' lang='lat' dir='ltr'><strong>sunt</strong></span> <span class='ocrx_word' id='word_1_256' title='bbox 718 916 905 950; x_wconf 83' lang='lat' dir='ltr'><strong>exemplaria:</strong></span> <span class='ocrx_word' id='word_1_257' title='bbox 928 915 997 943; x_wconf 88' lang='lat' dir='ltr'><strong>unde</strong></span> 
     </span>
    </p>
   </div>
   <div class='ocr_carea' id='block_1_35' title="bbox 1052 909 1840 950">
    <p class='ocr_par' dir='ltr' id='par_1_35' title="bbox 1052 911 1840 948">
     <span class='ocr_line' id='line_1_35' title="bbox 1052 911 1840 948; baseline -0.003 -9"><span class='ocrx_word' id='word_1_258' title='bbox 1052 921 1102 945; x_wconf 81' lang='grc' dir='ltr'>σιν,</span> <span class='ocrx_word' id='word_1_259' title='bbox 1124 912 1224 944; x_wconf 77' lang='grc' dir='ltr'>αἵτινές</span> <span class='ocrx_word' id='word_1_260' title='bbox 1249 913 1301 939; x_wconf 85' lang='grc' dir='ltr'>εἰσι</span> <span class='ocrx_word' id='word_1_261' title='bbox 1325 912 1543 948; x_wconf 69' lang='grc' dir='ltr'>παραδείγμαται</span> <span class='ocrx_word' id='word_1_262' title='bbox 1569 911 1629 937; x_wconf 80' lang='grc' dir='ltr'>ὅθεν</span> <span class='ocrx_word' id='word_1_263' title='bbox 1656 911 1703 938; x_wconf 75' lang='grc' dir='ltr'>καὶ</span> <span class='ocrx_word' id='word_1_264' title='bbox 1737 911 1840 938; x_wconf 82' lang='grc' dir='ltr'>πάντων</span> 
     </span>
    </p>
   </div>
   <div class='ocr_carea' id='block_1_36' title="bbox 210 958 1003 997">
    <p class='ocr_par' dir='ltr' id='par_1_36' title="bbox 210 958 1003 997">
     <span class='ocr_line' id='line_1_36' title="bbox 210 958 1003 997; baseline 0.004 -12"><span class='ocrx_word' id='word_1_265' title='bbox 210 958 293 985; x_wconf 85' lang='lat' dir='ltr'><strong>etiam</strong></span> <span class='ocrx_word' id='word_1_266' title='bbox 317 959 389 987; x_wconf 89' lang='lat' dir='ltr'><strong>Deus</strong></span> <span class='ocrx_word' id='word_1_267' title='bbox 413 961 535 987; x_wconf 87' lang='lat' dir='ltr'><strong>omnium</strong></span> <span class='ocrx_word' id='word_1_268' title='bbox 553 967 595 988; x_wconf 89' lang='lat' dir='ltr'><strong>est</strong></span> <span class='ocrx_word' id='word_1_269' title='bbox 615 962 797 996; x_wconf 81' lang='lat' dir='ltr'><strong>principium;</strong></span> <span class='ocrx_word' id='word_1_270' title='bbox 815 969 877 988; x_wconf 88' lang='lat' dir='ltr'><strong>nam</strong></span> <span class='ocrx_word' id='word_1_271' title='bbox 900 963 1003 997; x_wconf 85' lang='lat' dir='ltr'><strong>princi-</strong></span> 
     </span>
    </p>
   </div>
   <div class='ocr_carea' id='block_1_37' title="bbox 210 1005 1002 1042">
    <p class='ocr_par' dir='ltr' id='par_1_37' title="bbox 210 1005 1002 1042">
     <span class='ocr_line' id='line_1_37' title="bbox 210 1005 1002 1042; baseline 0.006 -11"><span class='ocrx_word' id='word_1_272' title='bbox 210 1005 285 1039; x_wconf 87' lang='lat' dir='ltr'><strong>pium</strong></span> <span class='ocrx_word' id='word_1_273' title='bbox 303 1009 345 1033; x_wconf 85' lang='lat' dir='ltr'><strong>est</strong></span> <span class='ocrx_word' id='word_1_274' title='bbox 361 1006 494 1042; x_wconf 83' lang='lat' dir='ltr'><strong>quidquid</strong></span> <span class='ocrx_word' id='word_1_275' title='bbox 508 1011 571 1035; x_wconf 83' lang='lat' dir='ltr'><strong>ante</strong></span> <span class='ocrx_word' id='word_1_276' title='bbox 585 1007 712 1035; x_wconf 74' lang='lat' dir='ltr'><strong>cﬂ‘ectum</strong></span> <span class='ocrx_word' id='word_1_277' title='bbox 730 1016 810 1036; x_wconf 89' lang='lat' dir='ltr'><strong>suum</strong></span> <span class='ocrx_word' id='word_1_278' title='bbox 832 1008 1002 1042; x_wconf 79' lang='lat' dir='ltr'><strong>substitit,ac</strong></span> 
     </span>
    </p>
   </div>
   <div class='ocr_carea' id='block_1_38' title="bbox 210 1050 1000 1089">
    <p class='ocr_par' dir='ltr' id='par_1_38' title="bbox 210 1050 1000 1089">
     <span class='ocr_line' id='line_1_38' title="bbox 210 1050 1000 1089; baseline 0.008 -12"><span class='ocrx_word' id='word_1_279' title='bbox 210 1050 238 1078; x_wconf 92' lang='lat' dir='ltr'><strong>in</strong></span> <span class='ocrx_word' id='word_1_280' title='bbox 253 1051 315 1079; x_wconf 85' lang='lat' dir='ltr'><strong>aliis</strong></span> <span class='ocrx_word' id='word_1_281' title='bbox 341 1052 409 1079; x_wconf 86' lang='lat' dir='ltr'><strong>ordo</strong></span> <span class='ocrx_word' id='word_1_282' title='bbox 427 1057 469 1080; x_wconf 89' lang='lat' dir='ltr'><strong>est</strong></span> <span class='ocrx_word' id='word_1_283' title='bbox 491 1061 586 1080; x_wconf 89' lang='lat' dir='ltr'><strong>eorum</strong></span> <span class='ocrx_word' id='word_1_284' title='bbox 600 1062 661 1088; x_wconf 65' lang='lat' dir='ltr'><strong>quae</strong></span> <span class='ocrx_word' id='word_1_285' title='bbox 683 1054 758 1082; x_wconf 83' lang='lat' dir='ltr'><strong>velut</strong></span> <span class='ocrx_word' id='word_1_286' title='bbox 777 1054 902 1081; x_wconf 84' lang='lat' dir='ltr'><strong>ordinata</strong></span> <span class='ocrx_word' id='word_1_287' title='bbox 922 1059 1000 1089; x_wconf 82' lang='lat' dir='ltr'><strong>sunt;</strong></span> 
     </span>
    </p>
   </div>
   <div class='ocr_carea' id='block_1_39' title="bbox 209 1097 1002 1128">
    <p class='ocr_par' dir='ltr' id='par_1_39' title="bbox 209 1097 1002 1128">
     <span class='ocr_line' id='line_1_39' title="bbox 209 1097 1002 1128; baseline 0.005 -4"><span class='ocrx_word' id='word_1_288' title='bbox 209 1097 277 1124; x_wconf 90' lang='lat' dir='ltr'><strong>ordo</strong></span> <span class='ocrx_word' id='word_1_289' title='bbox 294 1102 385 1126; x_wconf 88' lang='lat' dir='ltr'><strong>autem</strong></span> <span class='ocrx_word' id='word_1_290' title='bbox 404 1102 445 1126; x_wconf 82' lang='lat' dir='ltr'><strong>est</strong></span> <span class='ocrx_word' id='word_1_291' title='bbox 467 1099 587 1126; x_wconf 85' lang='lat' dir='ltr'><strong>ellicacia</strong></span> <span class='ocrx_word' id='word_1_292' title='bbox 611 1100 800 1128; x_wconf 76' lang='lat' dir='ltr'><strong>similitudinis</strong></span> <span class='ocrx_word' id='word_1_293' title='bbox 824 1101 944 1128; x_wconf 84' lang='lat' dir='ltr'><strong>omnium</strong></span> <span class='ocrx_word' id='word_1_294' title='bbox 962 1109 1002 1128; x_wconf 82' lang='lat' dir='ltr'><strong>re-</strong></span> 
     </span>
    </p>
   </div>
   <div class='ocr_carea' id='block_1_40' title="bbox 209 1144 1001 1177">
    <p class='ocr_par' dir='ltr' id='par_1_40' title="bbox 209 1144 1001 1177">
     <span class='ocr_line' id='line_1_40' title="bbox 209 1144 1001 1177; baseline 0.005 -7"><span class='ocrx_word' id='word_1_295' title='bbox 209 1151 271 1170; x_wconf 86' lang='lat' dir='ltr'><strong>rum</strong></span> <span class='ocrx_word' id='word_1_296' title='bbox 290 1144 361 1171; x_wconf 86' lang='lat' dir='ltr'><strong>inter</strong></span> <span class='ocrx_word' id='word_1_297' title='bbox 381 1153 425 1177; x_wconf 89' lang='lat' dir='ltr'><strong>se,</strong></span> <span class='ocrx_word' id='word_1_298' title='bbox 451 1149 477 1173; x_wconf 89' lang='lat' dir='ltr'><strong>et</strong></span> <span class='ocrx_word' id='word_1_299' title='bbox 500 1147 734 1174; x_wconf 84' lang='lat' dir='ltr'><strong>commensuratio</strong></span> <span class='ocrx_word' id='word_1_300' title='bbox 761 1147 897 1174; x_wconf 79' lang='lat' dir='ltr'><strong>exsistens</strong></span> <span class='ocrx_word' id='word_1_301' title='bbox 918 1155 1001 1175; x_wconf 76' lang='lat' dir='ltr'><strong>causa</strong></span> 
     </span>
    </p>
   </div>
   <div class='ocr_carea' id='block_1_41' title="bbox 209 1191 1000 1228">
    <p class='ocr_par' dir='ltr' id='par_1_41' title="bbox 209 1191 1000 1228">
     <span class='ocr_line' id='line_1_41' title="bbox 209 1191 1000 1228; baseline 0.006 -12"><span class='ocrx_word' id='word_1_302' title='bbox 209 1191 411 1218; x_wconf 85' lang='lat' dir='ltr'><strong>communionis</strong></span> <span class='ocrx_word' id='word_1_303' title='bbox 423 1199 514 1219; x_wconf 89' lang='lat' dir='ltr'><strong>rerum</strong></span> <span class='ocrx_word' id='word_1_304' title='bbox 529 1192 651 1219; x_wconf 86' lang='lat' dir='ltr'><strong>universi</strong></span> <span class='ocrx_word' id='word_1_305' title='bbox 673 1192 745 1220; x_wconf 87' lang='lat' dir='ltr'><strong>inter</strong></span> <span class='ocrx_word' id='word_1_306' title='bbox 761 1201 807 1227; x_wconf 89' lang='lat' dir='ltr'><strong>se;</strong></span> <span class='ocrx_word' id='word_1_307' title='bbox 829 1194 895 1228; x_wconf 93' lang='lat' dir='ltr'><strong>quin</strong></span> <span class='ocrx_word' id='word_1_308' title='bbox 917 1194 1000 1221; x_wconf 82' lang='lat' dir='ltr'><strong>etiam</strong></span> 
     </span>
    </p>
   </div>
   <div class='ocr_carea' id='block_1_42' title="bbox 208 1232 1001 1268">
    <p class='ocr_par' dir='ltr' id='par_1_42' title="bbox 208 1232 1001 1268">
     <span class='ocr_line' id='line_1_42' title="bbox 208 1232 1001 1268; baseline 0.008 -8"><span class='ocrx_word' id='word_1_309' title='bbox 208 1232 280 1261; x_wconf 86' lang='lat' dir='ltr'><strong>Deus</strong></span> <span class='ocrx_word' id='word_1_310' title='bbox 295 1239 337 1261; x_wconf 90' lang='lat' dir='ltr'><strong>est</strong></span> <span class='ocrx_word' id='word_1_311' title='bbox 356 1238 445 1262; x_wconf 85' lang='lat' dir='ltr'><strong>status</strong></span> <span class='ocrx_word' id='word_1_312' title='bbox 458 1237 559 1268; x_wconf 88' lang='lat' dir='ltr'><strong>omnis,</strong></span> <span class='ocrx_word' id='word_1_313' title='bbox 575 1241 602 1263; x_wconf 92' lang='lat' dir='ltr'><strong>et</strong></span> <span class='ocrx_word' id='word_1_314' title='bbox 617 1240 707 1264; x_wconf 89' lang='lat' dir='ltr'><strong>motus</strong></span> <span class='ocrx_word' id='word_1_315' title='bbox 719 1238 809 1265; x_wconf 88' lang='lat' dir='ltr'><strong>omnis</strong></span> <span class='ocrx_word' id='word_1_316' title='bbox 821 1246 922 1266; x_wconf 89' lang='lat' dir='ltr'><strong>rerum.</strong></span> <span class='ocrx_word' id='word_1_317' title='bbox 938 1238 1001 1266; x_wconf 74' lang='lat' dir='ltr'><strong>Haec</strong></span> 
     </span>
    </p>
   </div>
   <div class='ocr_carea' id='block_1_43' title="bbox 208 1280 1000 1320">
    <p class='ocr_par' dir='ltr' id='par_1_43' title="bbox 208 1280 1000 1320">
     <span class='ocr_line' id='line_1_43' title="bbox 208 1280 1000 1320; baseline 0.009 -15"><span class='ocrx_word' id='word_1_318' title='bbox 208 1283 300 1306; x_wconf 85' lang='lat' dir='ltr'><strong>autem</strong></span> <span class='ocrx_word' id='word_1_319' title='bbox 318 1280 425 1308; x_wconf 75' lang='lat' dir='ltr'><strong>diverse</strong></span> <span class='ocrx_word' id='word_1_320' title='bbox 449 1282 646 1317; x_wconf 77' lang='lat' dir='ltr'><strong>intelligenda:</strong></span> <span class='ocrx_word' id='word_1_321' title='bbox 668 1283 803 1318; x_wconf 88' lang='lat' dir='ltr'><strong>siquidem</strong></span> <span class='ocrx_word' id='word_1_322' title='bbox 828 1285 855 1311; x_wconf 93' lang='lat' dir='ltr'><strong>in</strong></span> <span class='ocrx_word' id='word_1_323' title='bbox 877 1285 1000 1320; x_wconf 75' lang='lat' dir='ltr'><strong>intelligi-</strong></span> 
     </span>
    </p>
   </div>
   <div class='ocr_carea' id='block_1_44' title="bbox 207 1324 999 1365">
    <p class='ocr_par' dir='ltr' id='par_1_44' title="bbox 207 1324 999 1365">
     <span class='ocr_line' id='line_1_44' title="bbox 207 1324 999 1365; baseline 0.009 -14"><span class='ocrx_word' id='word_1_324' title='bbox 207 1324 310 1353; x_wconf 74' lang='lat' dir='ltr'><strong>liilibus</strong></span> <span class='ocrx_word' id='word_1_325' title='bbox 324 1326 586 1362; x_wconf 76' lang='lat' dir='ltr'><strong>etintelligentibus,</strong></span> <span class='ocrx_word' id='word_1_326' title='bbox 602 1332 699 1356; x_wconf 81' lang='lat' dir='ltr'><strong>natura</strong></span> <span class='ocrx_word' id='word_1_327' title='bbox 714 1338 776 1356; x_wconf 93' lang='lat' dir='ltr'><strong>cum</strong></span> <span class='ocrx_word' id='word_1_328' title='bbox 792 1330 999 1365; x_wconf 88' lang='lat' dir='ltr'><strong>sitprineipium</strong></span> 
     </span>
    </p>
   </div>
   <div class='ocr_carea' id='block_1_45' title="bbox 207 1375 1000 1409">
    <p class='ocr_par' dir='ltr' id='par_1_45' title="bbox 207 1375 1000 1409">
     <span class='ocr_line' id='line_1_45' title="bbox 207 1375 1000 1409; baseline 0.008 -11"><span class='ocrx_word' id='word_1_329' title='bbox 207 1375 298 1399; x_wconf 87' lang='lat' dir='ltr'><strong>motus</strong></span> <span class='ocrx_word' id='word_1_330' title='bbox 313 1376 341 1399; x_wconf 88' lang='lat' dir='ltr'><strong>et</strong></span> <span class='ocrx_word' id='word_1_331' title='bbox 353 1377 452 1406; x_wconf 87' lang='lat' dir='ltr'><strong>status,</strong></span> <span class='ocrx_word' id='word_1_332' title='bbox 473 1382 521 1401; x_wconf 90' lang='lat' dir='ltr'><strong>seu</strong></span> <span class='ocrx_word' id='word_1_333' title='bbox 539 1375 650 1409; x_wconf 84' lang='lat' dir='ltr'><strong>quietis,</strong></span> <span class='ocrx_word' id='word_1_334' title='bbox 668 1375 738 1402; x_wconf 88' lang='lat' dir='ltr'><strong>idem</strong></span> <span class='ocrx_word' id='word_1_335' title='bbox 756 1376 829 1403; x_wconf 91' lang='lat' dir='ltr'><strong>enim</strong></span> <span class='ocrx_word' id='word_1_336' title='bbox 840 1380 892 1408; x_wconf 87' lang='lat' dir='ltr'><strong>est,</strong></span> <span class='ocrx_word' id='word_1_337' title='bbox 911 1376 1000 1404; x_wconf 64' lang='lat' dir='ltr'><strong>edica-</strong></span> 
     </span>
    </p>
   </div>
   <div class='ocr_carea' id='block_1_46' title="bbox 207 1417 998 1457">
    <p class='ocr_par' dir='ltr' id='par_1_46' title="bbox 207 1417 998 1457">
     <span class='ocr_line' id='line_1_46' title="bbox 207 1417 998 1457; baseline 0.008 -13"><span class='ocrx_word' id='word_1_338' title='bbox 207 1417 277 1445; x_wconf 87' lang='lat' dir='ltr'><strong>ciam</strong></span> <span class='ocrx_word' id='word_1_339' title='bbox 299 1418 435 1457; x_wconf 75' lang='lat' dir='ltr'><strong>declarat;</strong></span> <span class='ocrx_word' id='word_1_340' title='bbox 454 1427 517 1447; x_wconf 87' lang='lat' dir='ltr'><strong>nam</strong></span> <span class='ocrx_word' id='word_1_341' title='bbox 534 1426 625 1448; x_wconf 89' lang='lat' dir='ltr'><strong>motus</strong></span> <span class='ocrx_word' id='word_1_342' title='bbox 639 1421 687 1456; x_wconf 90' lang='lat' dir='ltr'><strong>qui</strong></span> <span class='ocrx_word' id='word_1_343' title='bbox 705 1421 731 1448; x_wconf 87' lang='lat' dir='ltr'><strong>in</strong></span> <span class='ocrx_word' id='word_1_344' title='bbox 750 1422 912 1450; x_wconf 88' lang='lat' dir='ltr'><strong>ministeriis</strong></span> <span class='ocrx_word' id='word_1_345' title='bbox 927 1422 998 1450; x_wconf 88' lang='lat' dir='ltr'><strong>divi-</strong></span> 
     </span>
    </p>
   </div>
   <div class='ocr_carea' id='block_1_47' title="bbox 206 1463 999 1500">
    <p class='ocr_par' dir='ltr' id='par_1_47' title="bbox 206 1463 999 1500">
     <span class='ocr_line' id='line_1_47' title="bbox 206 1463 999 1500; baseline 0.005 -9"><span class='ocrx_word' id='word_1_346' title='bbox 206 1463 250 1492; x_wconf 89' lang='lat' dir='ltr'><strong>nis</strong></span> <span class='ocrx_word' id='word_1_347' title='bbox 269 1465 347 1500; x_wconf 78' lang='lat'><strong>175</strong></span> <span class='ocrx_word' id='word_1_348' title='bbox 363 1473 395 1492; x_wconf 85' lang='lat' dir='ltr'><strong>ac</strong></span> <span class='ocrx_word' id='word_1_349' title='bbox 409 1465 572 1493; x_wconf 83' lang='lat' dir='ltr'><strong>inferiorum</strong></span> <span class='ocrx_word' id='word_1_350' title='bbox 597 1467 825 1495; x_wconf 86' lang='lat' dir='ltr'><strong>instructionibus</strong></span> <span class='ocrx_word' id='word_1_351' title='bbox 851 1468 940 1496; x_wconf 87' lang='lat' dir='ltr'><strong>vitalis</strong></span> <span class='ocrx_word' id='word_1_352' title='bbox 957 1473 999 1497; x_wconf 91' lang='lat' dir='ltr'><strong>est</strong></span> 
     </span>
    </p>
   </div>
   <div class='ocr_carea' id='block_1_48' title="bbox 205 1509 998 1547">
    <p class='ocr_par' dir='ltr' id='par_1_48' title="bbox 205 1509 998 1547">
     <span class='ocr_line' id='line_1_48' title="bbox 205 1509 998 1547; baseline 0.006 -10"><span class='ocrx_word' id='word_1_353' title='bbox 205 1509 336 1542; x_wconf 81' lang='lat' dir='ltr'><strong>etlicacia,</strong></span> <span class='ocrx_word' id='word_1_354' title='bbox 354 1515 382 1538; x_wconf 88' lang='lat' dir='ltr'><strong>et</strong></span> <span class='ocrx_word' id='word_1_355' title='bbox 397 1512 476 1546; x_wconf 86' lang='lat' dir='ltr'><strong>quies</strong></span> <span class='ocrx_word' id='word_1_356' title='bbox 493 1516 575 1547; x_wconf 87' lang='lat' dir='ltr'><strong>atque</strong></span> <span class='ocrx_word' id='word_1_357' title='bbox 590 1516 688 1546; x_wconf 86' lang='lat' dir='ltr'><strong>status,</strong></span> <span class='ocrx_word' id='word_1_358' title='bbox 706 1521 768 1540; x_wconf 91' lang='lat' dir='ltr'><strong>cum</strong></span> <span class='ocrx_word' id='word_1_359' title='bbox 785 1514 821 1541; x_wconf 86' lang='lat' dir='ltr'><strong>sit</strong></span> <span class='ocrx_word' id='word_1_360' title='bbox 838 1518 957 1542; x_wconf 62' lang='lat' dir='ltr'><strong>asternus</strong></span> <span class='ocrx_word' id='word_1_361' title='bbox 972 1519 998 1542; x_wconf 90' lang='lat' dir='ltr'><strong>et</strong></span> 
     </span>
    </p>
   </div>
   <div class='ocr_carea' id='block_1_49' title="bbox 205 1556 997 1596">
    <p class='ocr_par' dir='ltr' id='par_1_49' title="bbox 205 1556 997 1596">
     <span class='ocr_line' id='line_1_49' title="bbox 205 1556 997 1596; baseline 0.006 -14"><span class='ocrx_word' id='word_1_362' title='bbox 205 1556 318 1583; x_wconf 87' lang='lat' dir='ltr'><strong>minime</strong></span> <span class='ocrx_word' id='word_1_363' title='bbox 347 1557 500 1589; x_wconf 87' lang='lat' dir='ltr'><strong>mutabilis,</strong></span> <span class='ocrx_word' id='word_1_364' title='bbox 529 1557 651 1585; x_wconf 86' lang='lat' dir='ltr'><strong>declarat</strong></span> <span class='ocrx_word' id='word_1_365' title='bbox 679 1563 784 1586; x_wconf 88' lang='lat' dir='ltr'><strong>mentes</strong></span> <span class='ocrx_word' id='word_1_366' title='bbox 812 1560 864 1587; x_wconf 90' lang='lat' dir='ltr'><strong>sibi</strong></span> <span class='ocrx_word' id='word_1_367' title='bbox 887 1561 997 1596; x_wconf 83' lang='lat' dir='ltr'><strong>propria</strong></span> 
     </span>
    </p>
   </div>
   <div class='ocr_carea' id='block_1_50' title="bbox 205 1602 996 1637">
    <p class='ocr_par' dir='ltr' id='par_1_50' title="bbox 205 1602 996 1637">
     <span class='ocr_line' id='line_1_50' title="bbox 205 1602 996 1637; baseline 0.006 -10"><span class='ocrx_word' id='word_1_368' title='bbox 205 1602 323 1636; x_wconf 84' lang='lat' dir='ltr'><strong>operari,</strong></span> <span class='ocrx_word' id='word_1_369' title='bbox 342 1610 373 1628; x_wconf 88' lang='lat' dir='ltr'><strong>ac</strong></span> <span class='ocrx_word' id='word_1_370' title='bbox 384 1602 484 1630; x_wconf 85' lang='lat' dir='ltr'><strong>divinis</strong></span> <span class='ocrx_word' id='word_1_371' title='bbox 500 1603 619 1637; x_wconf 89' lang='lat' dir='ltr'><strong>impleri;</strong></span> <span class='ocrx_word' id='word_1_372' title='bbox 637 1604 665 1630; x_wconf 88' lang='lat' dir='ltr'><strong>in</strong></span> <span class='ocrx_word' id='word_1_373' title='bbox 682 1605 829 1632; x_wconf 79' lang='lat' dir='ltr'><strong>sensilibus</strong></span> <span class='ocrx_word' id='word_1_374' title='bbox 844 1609 933 1632; x_wconf 85' lang='lat' dir='ltr'><strong>autem</strong></span> <span class='ocrx_word' id='word_1_375' title='bbox 951 1614 996 1632; x_wconf 87' lang='lat' dir='ltr'><strong>na-</strong></span> 
     </span>
    </p>
   </div>
   <div class='ocr_carea' id='block_1_51' title="bbox 205 1641 995 1686">
    <p class='ocr_par' dir='ltr' id='par_1_51' title="bbox 205 1641 995 1686">
     <span class='ocr_line' id='line_1_51' title="bbox 205 1641 995 1686; baseline 0.008 -13"><span class='ocrx_word' id='word_1_376' title='bbox 205 1651 266 1673; x_wconf 83' lang='lat' dir='ltr'><strong>tura</strong></span> <span class='ocrx_word' id='word_1_377' title='bbox 281 1647 418 1675; x_wconf 80' lang='lat' dir='ltr'><strong>exsistens</strong></span> <span class='ocrx_word' id='word_1_378' title='bbox 431 1649 596 1683; x_wconf 85' lang='lat' dir='ltr'><strong>principium</strong></span> <span class='ocrx_word' id='word_1_379' title='bbox 613 1641 744 1677; x_wconf 51' lang='lat' dir='ltr'><strong>motus&#39;et</strong></span> <span class='ocrx_word' id='word_1_380' title='bbox 756 1654 844 1678; x_wconf 83' lang='lat' dir='ltr'><strong>status</strong></span> <span class='ocrx_word' id='word_1_381' title='bbox 855 1659 903 1679; x_wconf 88' lang='lat' dir='ltr'><strong>seu</strong></span> <span class='ocrx_word' id='word_1_382' title='bbox 918 1652 995 1686; x_wconf 86' lang='lat' dir='ltr'><strong>quie-</strong></span> 
     </span>
    </p>
   </div>
   <div class='ocr_carea' id='block_1_52' title="bbox 203 1693 994 1731">
    <p class='ocr_par' dir='ltr' id='par_1_52' title="bbox 203 1693 994 1731">
     <span class='ocr_line' id='line_1_52' title="bbox 203 1693 994 1731; baseline 0.008 -12"><span class='ocrx_word' id='word_1_383' title='bbox 203 1693 250 1724; x_wconf 90' lang='lat' dir='ltr'><strong>tis,</strong></span> <span class='ocrx_word' id='word_1_384' title='bbox 263 1697 366 1720; x_wconf 90' lang='lat' dir='ltr'><strong>motum</strong></span> <span class='ocrx_word' id='word_1_385' title='bbox 381 1694 491 1728; x_wconf 85' lang='lat' dir='ltr'><strong>quidem</strong></span> <span class='ocrx_word' id='word_1_386' title='bbox 513 1695 634 1722; x_wconf 87' lang='lat' dir='ltr'><strong>declarat</strong></span> <span class='ocrx_word' id='word_1_387' title='bbox 655 1695 685 1722; x_wconf 87' lang='lat' dir='ltr'><strong>in</strong></span> <span class='ocrx_word' id='word_1_388' title='bbox 705 1695 887 1731; x_wconf 85' lang='lat' dir='ltr'><strong>productione</strong></span> <span class='ocrx_word' id='word_1_389' title='bbox 907 1707 913 1725; x_wconf 88' lang='lat'><strong>:</strong></span> <span class='ocrx_word' id='word_1_390' title='bbox 936 1702 994 1725; x_wconf 88' lang='lat' dir='ltr'><strong>sta-</strong></span> 
     </span>
    </p>
   </div>
   <div class='ocr_carea' id='block_1_53' title="bbox 203 1740 995 1777">
    <p class='ocr_par' dir='ltr' id='par_1_53' title="bbox 203 1740 995 1777">
     <span class='ocr_line' id='line_1_53' title="bbox 203 1740 995 1777; baseline 0.008 -12"><span class='ocrx_word' id='word_1_391' title='bbox 203 1742 261 1765; x_wconf 83' lang='lat' dir='ltr'><strong>tum</strong></span> <span class='ocrx_word' id='word_1_392' title='bbox 279 1747 344 1766; x_wconf 85' lang='lat' dir='ltr'><strong>vero</strong></span> <span class='ocrx_word' id='word_1_393' title='bbox 369 1747 417 1766; x_wconf 88' lang='lat' dir='ltr'><strong>seu</strong></span> <span class='ocrx_word' id='word_1_394' title='bbox 442 1740 581 1774; x_wconf 88' lang='lat' dir='ltr'><strong>quietem,</strong></span> <span class='ocrx_word' id='word_1_395' title='bbox 607 1749 640 1768; x_wconf 83' lang='lat' dir='ltr'><strong>ex</strong></span> <span class='ocrx_word' id='word_1_396' title='bbox 666 1743 843 1777; x_wconf 86' lang='lat' dir='ltr'><strong>corruptione</strong></span> <span class='ocrx_word' id='word_1_397' title='bbox 868 1745 995 1771; x_wconf 59' lang='lat' dir='ltr'><strong>essentia:</strong></span> 
     </span>
    </p>
   </div>
   <div class='ocr_carea' id='block_1_54' title="bbox 203 1786 993 1818">
    <p class='ocr_par' dir='ltr' id='par_1_54' title="bbox 203 1786 993 1818">
     <span class='ocr_line' id='line_1_54' title="bbox 203 1786 993 1818; baseline 0.009 -7"><span class='ocrx_word' id='word_1_398' title='bbox 203 1788 251 1811; x_wconf 85' lang='lat' dir='ltr'><strong>aut</strong></span> <span class='ocrx_word' id='word_1_399' title='bbox 274 1786 457 1813; x_wconf 87' lang='lat' dir='ltr'><strong>cessationem</strong></span> <span class='ocrx_word' id='word_1_400' title='bbox 483 1790 530 1813; x_wconf 84' lang='lat' dir='ltr'><strong>aut</strong></span> <span class='ocrx_word' id='word_1_401' title='bbox 557 1787 745 1816; x_wconf 84' lang='lat' dir='ltr'><strong>mutationem.</strong></span> <span class='ocrx_word' id='word_1_402' title='bbox 774 1788 880 1817; x_wconf 88' lang='lat' dir='ltr'><strong>Dicitur</strong></span> <span class='ocrx_word' id='word_1_403' title='bbox 903 1794 993 1818; x_wconf 88' lang='lat' dir='ltr'><strong>autem</strong></span> 
     </span>
    </p>
   </div>
   <div class='ocr_carea' id='block_1_55' title="bbox 202 1830 994 1869">
    <p class='ocr_par' dir='ltr' id='par_1_55' title="bbox 202 1830 994 1869">
     <span class='ocr_line' id='line_1_55' title="bbox 202 1830 994 1869; baseline 0.008 -11"><span class='ocrx_word' id='word_1_404' title='bbox 202 1830 275 1859; x_wconf 86' lang='lat' dir='ltr'><strong>Deus</strong></span> <span class='ocrx_word' id='word_1_405' title='bbox 293 1832 350 1859; x_wconf 84' lang='lat' dir='ltr'><strong>haec</strong></span> <span class='ocrx_word' id='word_1_406' title='bbox 369 1840 439 1864; x_wconf 79' lang='lat' dir='ltr'><strong>esse,</strong></span> <span class='ocrx_word' id='word_1_407' title='bbox 453 1833 525 1867; x_wconf 90' lang='lat' dir='ltr'><strong>quod</strong></span> <span class='ocrx_word' id='word_1_408' title='bbox 539 1836 598 1869; x_wconf 84' lang='lat' dir='ltr'><strong>ipse</strong></span> <span class='ocrx_word' id='word_1_409' title='bbox 614 1835 880 1869; x_wconf 83' lang='lat' dir='ltr'><strong>superessentialiter</strong></span> <span class='ocrx_word' id='word_1_410' title='bbox 895 1837 930 1864; x_wconf 90' lang='lat' dir='ltr'><strong>sit</strong></span> <span class='ocrx_word' id='word_1_411' title='bbox 946 1845 994 1864; x_wconf 91' lang='lat' dir='ltr'><strong>au-</strong></span> 
     </span>
    </p>
   </div>
   <div class='ocr_carea' id='block_1_56' title="bbox 202 1878 995 1917">
    <p class='ocr_par' dir='ltr' id='par_1_56' title="bbox 202 1878 995 1917">
     <span class='ocr_line' id='line_1_56' title="bbox 202 1878 995 1917; baseline 0.008 -13"><span class='ocrx_word' id='word_1_412' title='bbox 202 1882 272 1905; x_wconf 79' lang='lat' dir='ltr'><strong>ctor.</strong></span> <span class='ocrx_word' id='word_1_413' title='bbox 289 1878 378 1906; x_wconf 85' lang='lat' dir='ltr'><strong>Motus</strong></span> <span class='ocrx_word' id='word_1_414' title='bbox 395 1884 486 1906; x_wconf 86' lang='lat' dir='ltr'><strong>autem</strong></span> <span class='ocrx_word' id='word_1_415' title='bbox 505 1880 533 1906; x_wconf 90' lang='lat' dir='ltr'><strong>in</strong></span> <span class='ocrx_word' id='word_1_416' title='bbox 549 1880 604 1907; x_wconf 88' lang='lat' dir='ltr'><strong>Deo</strong></span> <span class='ocrx_word' id='word_1_417' title='bbox 615 1901 621 1912; x_wconf 85' lang='lat'><strong>,</strong></span> <span class='ocrx_word' id='word_1_418' title='bbox 639 1884 682 1907; x_wconf 87' lang='lat' dir='ltr'><strong>est</strong></span> <span class='ocrx_word' id='word_1_419' title='bbox 704 1881 839 1916; x_wconf 80' lang='lat' dir='ltr'><strong>benignus</strong></span> <span class='ocrx_word' id='word_1_420' title='bbox 853 1883 995 1917; x_wconf 83' lang='lat' dir='ltr'><strong>providen-</strong></span> 
     </span>
    </p>
   </div>
   <div class='ocr_carea' id='block_1_57' title="bbox 201 1925 994 1962">
    <p class='ocr_par' dir='ltr' id='par_1_57' title="bbox 201 1925 994 1962">
     <span class='ocr_line' id='line_1_57' title="bbox 201 1925 994 1962; baseline 0.006 -11"><span class='ocrx_word' id='word_1_421' title='bbox 201 1925 246 1951; x_wconf 70' lang='lat' dir='ltr'><strong>tize</strong></span> <span class='ocrx_word' id='word_1_422' title='bbox 258 1932 405 1959; x_wconf 80' lang='lat' dir='ltr'><strong>processus</strong></span> <span class='ocrx_word' id='word_1_423' title='bbox 421 1925 449 1952; x_wconf 91' lang='lat' dir='ltr'><strong>in</strong></span> <span class='ocrx_word' id='word_1_424' title='bbox 463 1933 494 1952; x_wconf 87' lang='lat' dir='ltr'><strong>ea</strong></span> <span class='ocrx_word' id='word_1_425' title='bbox 508 1934 569 1960; x_wconf 69' lang='lat' dir='ltr'><strong>qua:</strong></span> <span class='ocrx_word' id='word_1_426' title='bbox 589 1934 621 1952; x_wconf 77' lang='lat' dir='ltr'><strong>ex</strong></span> <span class='ocrx_word' id='word_1_427' title='bbox 642 1927 701 1961; x_wconf 87' lang='lat' dir='ltr'><strong>ipso</strong></span> <span class='ocrx_word' id='word_1_428' title='bbox 712 1932 738 1953; x_wconf 91' lang='lat' dir='ltr'><strong>et</strong></span> <span class='ocrx_word' id='word_1_429' title='bbox 756 1935 804 1962; x_wconf 82' lang='lat' dir='ltr'><strong>per</strong></span> <span class='ocrx_word' id='word_1_430' title='bbox 818 1928 907 1962; x_wconf 89' lang='lat' dir='ltr'><strong>ipsum</strong></span> <span class='ocrx_word' id='word_1_431' title='bbox 919 1938 925 1962; x_wconf 89' lang='lat'><strong>;</strong></span> <span class='ocrx_word' id='word_1_432' title='bbox 941 1933 994 1957; x_wconf 87' lang='lat' dir='ltr'><strong>sta-</strong></span> 
     </span>
    </p>
   </div>
   <div class='ocr_carea' id='block_1_58' title="bbox 201 1972 994 2007">
    <p class='ocr_par' dir='ltr' id='par_1_58' title="bbox 201 1972 994 2007">
     <span class='ocr_line' id='line_1_58' title="bbox 201 1972 994 2007; baseline 0.008 -10"><span class='ocrx_word' id='word_1_433' title='bbox 201 1973 246 1998; x_wconf 88' lang='lat' dir='ltr'><strong>tus</strong></span> <span class='ocrx_word' id='word_1_434' title='bbox 262 1979 338 2003; x_wconf 81' lang='lat' dir='ltr'><strong>vero,</strong></span> <span class='ocrx_word' id='word_1_435' title='bbox 349 1975 391 1999; x_wconf 89' lang='lat' dir='ltr'><strong>est</strong></span> <span class='ocrx_word' id='word_1_436' title='bbox 407 1980 516 2007; x_wconf 85' lang='lat' dir='ltr'><strong>semper</strong></span> <span class='ocrx_word' id='word_1_437' title='bbox 527 1972 622 1999; x_wconf 88' lang='lat' dir='ltr'><strong>eodem</strong></span> <span class='ocrx_word' id='word_1_438' title='bbox 634 1973 716 2000; x_wconf 83' lang='lat' dir='ltr'><strong>modo</strong></span> <span class='ocrx_word' id='word_1_439' title='bbox 728 1982 756 2001; x_wconf 88' lang='lat' dir='ltr'><strong>se</strong></span> <span class='ocrx_word' id='word_1_440' title='bbox 768 1974 878 2007; x_wconf 87' lang='lat' dir='ltr'><strong>habere,</strong></span> <span class='ocrx_word' id='word_1_441' title='bbox 893 1983 924 2002; x_wconf 86' lang='lat' dir='ltr'><strong>ac</strong></span> <span class='ocrx_word' id='word_1_442' title='bbox 934 1976 994 2004; x_wconf 88' lang='lat' dir='ltr'><strong>sine</strong></span> 
     </span>
    </p>
   </div>
   <div class='ocr_carea' id='block_1_59' title="bbox 200 2018 992 2056">
    <p class='ocr_par' dir='ltr' id='par_1_59' title="bbox 200 2018 992 2056">
     <span class='ocr_line' id='line_1_59' title="bbox 200 2018 992 2056; baseline 0.005 -12"><span class='ocrx_word' id='word_1_443' title='bbox 200 2025 325 2053; x_wconf 79' lang='lat' dir='ltr'><strong>egressu,</strong></span> <span class='ocrx_word' id='word_1_444' title='bbox 337 2018 502 2053; x_wconf 78' lang='lat' dir='ltr'><strong>incognitam</strong></span> <span class='ocrx_word' id='word_1_445' title='bbox 514 2019 556 2045; x_wconf 90' lang='lat' dir='ltr'><strong>sui</strong></span> <span class='ocrx_word' id='word_1_446' title='bbox 572 2018 658 2053; x_wconf 79' lang='lat' dir='ltr'><strong>ipsius</strong></span> <span class='ocrx_word' id='word_1_447' title='bbox 670 2019 787 2053; x_wconf 87' lang='lat' dir='ltr'><strong>quietem</strong></span> <span class='ocrx_word' id='word_1_448' title='bbox 795 2024 822 2047; x_wconf 85' lang='lat' dir='ltr'><strong>et</strong></span> <span class='ocrx_word' id='word_1_449' title='bbox 830 2020 992 2056; x_wconf 58' lang='lat' dir='ltr'><strong>intrepidam</strong></span> 
     </span>
    </p>
   </div>
   <div class='ocr_carea' id='block_1_60' title="bbox 199 2064 993 2099">
    <p class='ocr_par' dir='ltr' id='par_1_60' title="bbox 199 2064 993 2099">
     <span class='ocr_line' id='line_1_60' title="bbox 199 2064 993 2099; baseline 0.005 -9"><span class='ocrx_word' id='word_1_450' title='bbox 199 2064 287 2091; x_wconf 75' lang='lat' dir='ltr'><strong>turba:</strong></span> <span class='ocrx_word' id='word_1_451' title='bbox 296 2064 459 2092; x_wconf 80' lang='lat' dir='ltr'><strong>vacuitatem</strong></span> <span class='ocrx_word' id='word_1_452' title='bbox 475 2065 627 2099; x_wconf 81' lang='lat' dir='ltr'><strong>possidere.</strong></span> <span class='ocrx_word' id='word_1_453' title='bbox 644 2064 798 2092; x_wconf 83' lang='lat' dir='ltr'><strong>Notandum</strong></span> <span class='ocrx_word' id='word_1_454' title='bbox 810 2070 911 2099; x_wconf 87' lang='lat' dir='ltr'><strong>autem,</strong></span> <span class='ocrx_word' id='word_1_455' title='bbox 930 2075 993 2095; x_wconf 86' lang='lat' dir='ltr'><strong>eum</strong></span> 
     </span>
    </p>
   </div>
   <div class='ocr_carea' id='block_1_61' title="bbox 200 2111 994 2147">
    <p class='ocr_par' dir='ltr' id='par_1_61' title="bbox 200 2111 994 2147">
     <span class='ocr_line' id='line_1_61' title="bbox 200 2111 994 2147; baseline 0.004 -10"><span class='ocrx_word' id='word_1_456' title='bbox 200 2111 384 2147; x_wconf 81' lang='lat' dir='ltr'><strong>intelligiblles</strong></span> <span class='ocrx_word' id='word_1_457' title='bbox 397 2111 542 2138; x_wconf 83' lang='lat' dir='ltr'><strong>facultates</strong></span> <span class='ocrx_word' id='word_1_458' title='bbox 552 2115 667 2139; x_wconf 66' lang='lat' dir='ltr'><strong>aeternas</strong></span> <span class='ocrx_word' id='word_1_459' title='bbox 676 2119 800 2145; x_wconf 87' lang='lat' dir='ltr'><strong>vocasse,</strong></span> <span class='ocrx_word' id='word_1_460' title='bbox 810 2116 841 2139; x_wconf 90' lang='lat' dir='ltr'><strong>ut</strong></span> <span class='ocrx_word' id='word_1_461' title='bbox 855 2114 994 2141; x_wconf 67' lang='lat' dir='ltr'><strong>mtcrnita-</strong></span> 
     </span>
    </p>
   </div>
   <div class='ocr_carea' id='block_1_62' title="bbox 199 2157 993 2194">
    <p class='ocr_par' dir='ltr' id='par_1_62' title="bbox 199 2157 993 2194">
     <span class='ocr_line' id='line_1_62' title="bbox 199 2157 993 2194; baseline 0.004 -10"><span class='ocrx_word' id='word_1_462' title='bbox 199 2162 253 2185; x_wconf 90' lang='lat' dir='ltr'><strong>tem</strong></span> <span class='ocrx_word' id='word_1_463' title='bbox 266 2159 479 2194; x_wconf 84' lang='lat' dir='ltr'><strong>participantes;</strong></span> <span class='ocrx_word' id='word_1_464' title='bbox 496 2157 637 2193; x_wconf 83' lang='lat' dir='ltr'><strong>Scriptura</strong></span> <span class='ocrx_word' id='word_1_465' title='bbox 653 2158 784 2186; x_wconf 88' lang='lat' dir='ltr'><strong>enimhoc</strong></span> <span class='ocrx_word' id='word_1_466' title='bbox 797 2160 912 2187; x_wconf 84' lang='lat' dir='ltr'><strong>asserit:</strong></span> <span class='ocrx_word' id='word_1_467' title='bbox 927 2160 993 2193; x_wconf 77' lang='lat' dir='ltr'><strong>Qua:</strong></span> 
     </span>
    </p>
   </div>
   <div class='ocr_carea' id='block_1_63' title="bbox 198 2203 993 2238">
    <p class='ocr_par' dir='ltr' id='par_1_63' title="bbox 198 2203 993 2238">
     <span class='ocr_line' id='line_1_63' title="bbox 198 2203 993 2238; baseline 0 -8"><span class='ocrx_word' id='word_1_468' title='bbox 198 2205 268 2230; x_wconf 80' lang='lat' dir='ltr'><strong>enim</strong></span> <span class='ocrx_word' id='word_1_469' title='bbox 284 2204 414 2236; x_wconf 80' lang='lat' dir='ltr'><strong>videnlur,</strong></span> <span class='ocrx_word' id='word_1_470' title='bbox 423 2203 580 2238; x_wconf 84' lang='lat' dir='ltr'><strong>temporalia</strong></span> <span class='ocrx_word' id='word_1_471' title='bbox 591 2208 651 2230; x_wconf 77' lang='lat' dir='ltr'><strong>sunt</strong></span> <span class='ocrx_word' id='word_1_472' title='bbox 662 2211 737 2238; x_wconf 71' lang='lat' dir='ltr'><strong>,‘quzn</strong></span> <span class='ocrx_word' id='word_1_473' title='bbox 745 2208 832 2230; x_wconf 85' lang='lat' dir='ltr'><strong>autem</strong></span> <span class='ocrx_word' id='word_1_474' title='bbox 842 2212 894 2231; x_wconf 84' lang='lat' dir='ltr'><strong>non</strong></span> <span class='ocrx_word' id='word_1_475' title='bbox 904 2204 993 2231; x_wconf 83' lang='lat' dir='ltr'><strong>viden-</strong></span> 
     </span>
    </p>
   </div>
   <div class='ocr_carea' id='block_1_64' title="bbox 1054 957 1840 994">
    <p class='ocr_par' dir='ltr' id='par_1_64' title="bbox 1054 957 1840 994">
     <span class='ocr_line' id='line_1_64' title="bbox 1054 957 1840 994; baseline -0.001 -10"><span class='ocrx_word' id='word_1_476' title='bbox 1054 958 1125 994; x_wconf 82' lang='grc' dir='ltr'>ἀρχὴ</span> <span class='ocrx_word' id='word_1_477' title='bbox 1139 959 1152 984; x_wconf 80' lang='grc' dir='ltr'>ὁ</span> <span class='ocrx_word' id='word_1_478' title='bbox 1167 959 1242 990; x_wconf 75' lang='grc' dir='ltr'>Θεός·</span> <span class='ocrx_word' id='word_1_479' title='bbox 1256 959 1328 994; x_wconf 78' lang='grc' dir='ltr'><strong>ἀρχὴ</strong></span> <span class='ocrx_word' id='word_1_480' title='bbox 1345 958 1399 994; x_wconf 79' lang='grc' dir='ltr'><strong>γάρ</strong></span> <span class='ocrx_word' id='word_1_481' title='bbox 1415 959 1474 984; x_wconf 85' lang='grc' dir='ltr'>ἐστι</span> <span class='ocrx_word' id='word_1_482' title='bbox 1492 958 1545 984; x_wconf 78' lang='grc' dir='ltr'><strong>πᾶν</strong></span> <span class='ocrx_word' id='word_1_483' title='bbox 1555 957 1586 983; x_wconf 83' lang='grc' dir='ltr'>τὸ</span> <span class='ocrx_word' id='word_1_484' title='bbox 1602 957 1780 993; x_wconf 71' lang='grc' dir='ltr'>προῦφεστὼς</span> <span class='ocrx_word' id='word_1_485' title='bbox 1795 957 1840 984; x_wconf 76' lang='grc' dir='ltr'>τοῦ</span> 
     </span>
    </p>
   </div>
   <div class='ocr_carea' id='block_1_65' title="bbox 1053 1003 1840 1041">
    <p class='ocr_par' dir='ltr' id='par_1_65' title="bbox 1053 1003 1840 1041">
     <span class='ocr_line' id='line_1_65' title="bbox 1053 1003 1840 1041; baseline -0.003 -9"><span class='ocrx_word' id='word_1_486' title='bbox 1053 1005 1206 1041; x_wconf 78' lang='grc' dir='ltr'><strong>γινομένου·</strong></span> <span class='ocrx_word' id='word_1_487' title='bbox 1225 1005 1352 1041; x_wconf 76' lang='grc' dir='ltr'>καὶπρὸς</span> <span class='ocrx_word' id='word_1_488' title='bbox 1368 1007 1424 1037; x_wconf 76' lang='grc' dir='ltr'>τοῖς</span> <span class='ocrx_word' id='word_1_489' title='bbox 1438 1005 1539 1037; x_wconf 80' lang='grc' dir='ltr'>ἄλλοις,</span> <span class='ocrx_word' id='word_1_490' title='bbox 1558 1005 1605 1031; x_wconf 78' lang='grc' dir='ltr'><strong>καὶ</strong></span> <span class='ocrx_word' id='word_1_491' title='bbox 1620 1003 1696 1037; x_wconf 78' lang='grc' dir='ltr'>τάξις</span> <span class='ocrx_word' id='word_1_492' title='bbox 1717 1004 1775 1031; x_wconf 80' lang='grc' dir='ltr'>ἐστὶ</span> <span class='ocrx_word' id='word_1_493' title='bbox 1789 1004 1840 1031; x_wconf 82' lang='grc' dir='ltr'>τῶν</span> 
     </span>
    </p>
   </div>
   <div class='ocr_carea' id='block_1_66' title="bbox 1052 1050 1841 1088">
    <p class='ocr_par' dir='ltr' id='par_1_66' title="bbox 1052 1050 1841 1088">
     <span class='ocr_line' id='line_1_66' title="bbox 1052 1050 1841 1088; baseline -0.004 -9"><span class='ocrx_word' id='word_1_494' title='bbox 1052 1052 1090 1084; x_wconf 86' lang='grc' dir='ltr'>ὡς</span> <span class='ocrx_word' id='word_1_495' title='bbox 1109 1052 1292 1088; x_wconf 77' lang='grc' dir='ltr'><strong>τεταγμένων·</strong></span> <span class='ocrx_word' id='word_1_496' title='bbox 1311 1051 1388 1084; x_wconf 80' lang='grc' dir='ltr'>τάξις</span> <span class='ocrx_word' id='word_1_497' title='bbox 1406 1051 1435 1078; x_wconf 76' lang='grc' dir='ltr'><strong>δέ</strong></span> <span class='ocrx_word' id='word_1_498' title='bbox 1456 1053 1530 1078; x_wconf 83' lang='grc' dir='ltr'>ἐστιν</span> <span class='ocrx_word' id='word_1_499' title='bbox 1552 1050 1667 1087; x_wconf 76' lang='grc' dir='ltr'><strong>ἐργασία</strong></span> <span class='ocrx_word' id='word_1_500' title='bbox 1686 1050 1841 1086; x_wconf 80' lang='grc' dir='ltr'>ὁμοιότητος</span> 
     </span>
    </p>
   </div>
   <div class='ocr_carea' id='block_1_67' title="bbox 1053 1097 1842 1135">
    <p class='ocr_par' dir='ltr' id='par_1_67' title="bbox 1053 1097 1842 1135">
     <span class='ocr_line' id='line_1_67' title="bbox 1053 1097 1842 1135; baseline -0.003 -10"><span class='ocrx_word' id='word_1_501' title='bbox 1053 1099 1120 1135; x_wconf 79' lang='grc' dir='ltr'>πρὸς</span> <span class='ocrx_word' id='word_1_502' title='bbox 1134 1098 1237 1134; x_wconf 82' lang='grc' dir='ltr'>ἄλληλα</span> <span class='ocrx_word' id='word_1_503' title='bbox 1253 1098 1360 1125; x_wconf 87' lang='grc' dir='ltr'>πάντων</span> <span class='ocrx_word' id='word_1_504' title='bbox 1371 1097 1426 1124; x_wconf 83' lang='grc' dir='ltr'>τῶν</span> <span class='ocrx_word' id='word_1_505' title='bbox 1436 1098 1530 1130; x_wconf 76' lang='grc' dir='ltr'>ὄντων,</span> <span class='ocrx_word' id='word_1_506' title='bbox 1543 1098 1589 1124; x_wconf 73' lang='grc' dir='ltr'><strong>καὶ</strong></span> <span class='ocrx_word' id='word_1_507' title='bbox 1606 1098 1761 1133; x_wconf 75' lang='grc' dir='ltr'>συμμετρία</span> <span class='ocrx_word' id='word_1_508' title='bbox 1772 1106 1842 1132; x_wconf 84' lang='grc' dir='ltr'>γινο-</span> 
     </span>
    </p>
   </div>
   <div class='ocr_carea' id='block_1_68' title="bbox 1054 1143 1841 1180">
    <p class='ocr_par' dir='ltr' id='par_1_68' title="bbox 1054 1143 1841 1180">
     <span class='ocr_line' id='line_1_68' title="bbox 1054 1143 1841 1180; baseline -0.003 -9"><span class='ocrx_word' id='word_1_509' title='bbox 1054 1145 1121 1180; x_wconf 81' lang='grc' dir='ltr'>μένη</span> <span class='ocrx_word' id='word_1_510' title='bbox 1141 1144 1215 1171; x_wconf 79' lang='grc' dir='ltr'>αἰτία</span> <span class='ocrx_word' id='word_1_511' title='bbox 1232 1144 1373 1176; x_wconf 83' lang='grc' dir='ltr'>κοινωνίας</span> <span class='ocrx_word' id='word_1_512' title='bbox 1393 1144 1447 1171; x_wconf 84' lang='grc' dir='ltr'>τῶν</span> <span class='ocrx_word' id='word_1_513' title='bbox 1462 1144 1530 1179; x_wconf 84' lang='grc' dir='ltr'>πρὸς</span> <span class='ocrx_word' id='word_1_514' title='bbox 1545 1143 1648 1179; x_wconf 69' lang='grc' dir='ltr'>ἄλληλα</span> <span class='ocrx_word' id='word_1_515' title='bbox 1673 1143 1772 1175; x_wconf 76' lang='grc' dir='ltr'>παντὸς</span> <span class='ocrx_word' id='word_1_516' title='bbox 1795 1144 1841 1170; x_wconf 82' lang='grc' dir='ltr'>τοῦ</span> 
     </span>
    </p>
   </div>
   <div class='ocr_carea' id='block_1_69' title="bbox 1051 1189 1842 1225">
    <p class='ocr_par' dir='ltr' id='par_1_69' title="bbox 1051 1189 1842 1225">
     <span class='ocr_line' id='line_1_69' title="bbox 1051 1189 1842 1225; baseline -0.004 -7"><span class='ocrx_word' id='word_1_517' title='bbox 1051 1191 1140 1224; x_wconf 74' lang='grc' dir='ltr'>ὄντος,</span> <span class='ocrx_word' id='word_1_518' title='bbox 1167 1190 1234 1217; x_wconf 79' lang='grc' dir='ltr'>ἀλλὰ</span> <span class='ocrx_word' id='word_1_519' title='bbox 1257 1191 1304 1217; x_wconf 75' lang='grc' dir='ltr'><strong>καὶ</strong></span> <span class='ocrx_word' id='word_1_520' title='bbox 1327 1191 1402 1217; x_wconf 82' lang='grc' dir='ltr'>πᾶσα</span> <span class='ocrx_word' id='word_1_521' title='bbox 1427 1190 1540 1222; x_wconf 80' lang='grc' dir='ltr'><strong>στάσις,</strong></span> <span class='ocrx_word' id='word_1_522' title='bbox 1571 1190 1618 1216; x_wconf 74' lang='grc' dir='ltr'>καὶ</span> <span class='ocrx_word' id='word_1_523' title='bbox 1641 1190 1715 1216; x_wconf 77' lang='grc' dir='ltr'>πᾶσα</span> <span class='ocrx_word' id='word_1_524' title='bbox 1737 1189 1842 1225; x_wconf 80' lang='grc' dir='ltr'>κίνησίς</span> 
     </span>
    </p>
   </div>
   <div class='ocr_carea' id='block_1_70' title="bbox 1051 1235 1840 1272">
    <p class='ocr_par' dir='ltr' id='par_1_70' title="bbox 1051 1235 1840 1272">
     <span class='ocr_line' id='line_1_70' title="bbox 1051 1235 1840 1272; baseline -0.003 -9"><span class='ocrx_word' id='word_1_525' title='bbox 1051 1238 1110 1264; x_wconf 89' lang='grc' dir='ltr'>ἐστι</span> <span class='ocrx_word' id='word_1_526' title='bbox 1123 1236 1178 1263; x_wconf 86' lang='grc' dir='ltr'>τῶν</span> <span class='ocrx_word' id='word_1_527' title='bbox 1193 1237 1277 1263; x_wconf 68' lang='grc' dir='ltr'>ὄντων</span> <span class='ocrx_word' id='word_1_528' title='bbox 1294 1238 1308 1263; x_wconf 87' lang='grc' dir='ltr'>ὁ</span> <span class='ocrx_word' id='word_1_529' title='bbox 1320 1236 1396 1268; x_wconf 84' lang='grc' dir='ltr'>Θεός.</span> <span class='ocrx_word' id='word_1_530' title='bbox 1410 1235 1552 1272; x_wconf 81' lang='grc' dir='ltr'>Διαφόρως</span> <span class='ocrx_word' id='word_1_531' title='bbox 1565 1235 1594 1262; x_wconf 78' lang='grc' dir='ltr'><strong>δὲ</strong></span> <span class='ocrx_word' id='word_1_532' title='bbox 1607 1236 1709 1267; x_wconf 86' lang='grc' dir='ltr'>ταύτας</span> <span class='ocrx_word' id='word_1_533' title='bbox 1723 1236 1840 1270; x_wconf 79' lang='grc' dir='ltr'>νοητέον·</span> 
     </span>
    </p>
   </div>
   <div class='ocr_carea' id='block_1_71' title="bbox 1052 1281 1843 1318">
    <p class='ocr_par' dir='ltr' id='par_1_71' title="bbox 1052 1281 1843 1318">
     <span class='ocr_line' id='line_1_71' title="bbox 1052 1281 1843 1318; baseline -0.004 -8"><span class='ocrx_word' id='word_1_534' title='bbox 1052 1283 1099 1310; x_wconf 77' lang='grc' dir='ltr'><strong>καὶ</strong></span> <span class='ocrx_word' id='word_1_535' title='bbox 1122 1283 1169 1309; x_wconf 75' lang='grc' dir='ltr'><strong>ἐπὶ</strong></span> <span class='ocrx_word' id='word_1_536' title='bbox 1185 1283 1234 1318; x_wconf 88' lang='grc' dir='ltr'>μὲν</span> <span class='ocrx_word' id='word_1_537' title='bbox 1249 1282 1304 1309; x_wconf 83' lang='grc' dir='ltr'><strong>τῶν</strong></span> <span class='ocrx_word' id='word_1_538' title='bbox 1320 1282 1423 1317; x_wconf 79' lang='grc' dir='ltr'>νοητῶν</span> <span class='ocrx_word' id='word_1_539' title='bbox 1439 1282 1486 1308; x_wconf 74' lang='grc' dir='ltr'><strong>καὶ</strong></span> <span class='ocrx_word' id='word_1_540' title='bbox 1499 1281 1554 1308; x_wconf 78' lang='grc' dir='ltr'>τῶν</span> <span class='ocrx_word' id='word_1_541' title='bbox 1570 1282 1670 1318; x_wconf 84' lang='grc' dir='ltr'>νοερῶν</span> <span class='ocrx_word' id='word_1_542' title='bbox 1680 1302 1687 1314; x_wconf 87' lang='grc'><strong>,</strong></span> <span class='ocrx_word' id='word_1_543' title='bbox 1710 1283 1727 1317; x_wconf 85' lang='grc' dir='ltr'>ἡ</span> <span class='ocrx_word' id='word_1_544' title='bbox 1744 1282 1823 1316; x_wconf 82' lang='grc' dir='ltr'>φύσις</span> <span class='ocrx_word' id='word_1_545' title='bbox 1833 1302 1843 1314; x_wconf 85' lang='grc'><strong>,</strong></span> 
     </span>
    </p>
   </div>
   <div class='ocr_carea' id='block_1_72' title="bbox 1051 1327 1841 1365">
    <p class='ocr_par' dir='ltr' id='par_1_72' title="bbox 1051 1327 1841 1365">
     <span class='ocr_line' id='line_1_72' title="bbox 1051 1327 1841 1365; baseline -0.004 -9"><span class='ocrx_word' id='word_1_546' title='bbox 1051 1329 1122 1365; x_wconf 79' lang='grc' dir='ltr'>ἀρχὴ</span> <span class='ocrx_word' id='word_1_547' title='bbox 1138 1327 1205 1356; x_wconf 82' lang='grc' dir='ltr'>οὖσα</span> <span class='ocrx_word' id='word_1_548' title='bbox 1231 1330 1366 1365; x_wconf 80' lang='grc' dir='ltr'>κινήσεως</span> <span class='ocrx_word' id='word_1_549' title='bbox 1388 1328 1436 1355; x_wconf 78' lang='grc' dir='ltr'><strong>καὶ</strong></span> <span class='ocrx_word' id='word_1_550' title='bbox 1462 1328 1598 1360; x_wconf 83' lang='grc' dir='ltr'>στάσεως,</span> <span class='ocrx_word' id='word_1_551' title='bbox 1624 1328 1683 1364; x_wconf 71' lang='grc' dir='ltr'>ἤτοι</span> <span class='ocrx_word' id='word_1_552' title='bbox 1707 1327 1841 1363; x_wconf 78' lang='grc' dir='ltr'>ἠρεμίας,</span> 
     </span>
    </p>
   </div>
   <div class='ocr_carea' id='block_1_73' title="bbox 1049 1374 1841 1412">
    <p class='ocr_par' dir='ltr' id='par_1_73' title="bbox 1049 1374 1841 1412">
     <span class='ocr_line' id='line_1_73' title="bbox 1049 1374 1841 1412; baseline -0.003 -10"><span class='ocrx_word' id='word_1_553' title='bbox 1049 1375 1147 1402; x_wconf 81' lang='grc' dir='ltr'>ταύτὸν</span> <span class='ocrx_word' id='word_1_554' title='bbox 1160 1376 1214 1412; x_wconf 84' lang='grc' dir='ltr'>γὰρ</span> <span class='ocrx_word' id='word_1_555' title='bbox 1230 1376 1306 1408; x_wconf 84' lang='grc' dir='ltr'>ἐστι,</span> <span class='ocrx_word' id='word_1_556' title='bbox 1330 1374 1470 1410; x_wconf 74' lang='grc' dir='ltr'>ἐνέργειαν</span> <span class='ocrx_word' id='word_1_557' title='bbox 1486 1374 1569 1408; x_wconf 78' lang='grc' dir='ltr'>δηλοῐ’</span> <span class='ocrx_word' id='word_1_558' title='bbox 1585 1374 1602 1409; x_wconf 85' lang='grc' dir='ltr'>ἦ</span> <span class='ocrx_word' id='word_1_559' title='bbox 1619 1382 1649 1400; x_wconf 89' lang='grc' dir='ltr'><strong>τε</strong></span> <span class='ocrx_word' id='word_1_560' title='bbox 1665 1374 1720 1411; x_wconf 77' lang='grc' dir='ltr'><strong>γὰρ</strong></span> <span class='ocrx_word' id='word_1_561' title='bbox 1735 1374 1841 1409; x_wconf 77' lang='grc' dir='ltr'>κίνησις</span> 
     </span>
    </p>
   </div>
   <div class='ocr_carea' id='block_1_74' title="bbox 1049 1420 1842 1458">
    <p class='ocr_par' dir='ltr' id='par_1_74' title="bbox 1049 1420 1842 1458">
     <span class='ocr_line' id='line_1_74' title="bbox 1049 1420 1842 1458; baseline -0.001 -10"><span class='ocrx_word' id='word_1_562' title='bbox 1049 1423 1066 1458; x_wconf 84' lang='grc' dir='ltr'><strong>ή</strong></span> <span class='ocrx_word' id='word_1_563' title='bbox 1083 1423 1123 1454; x_wconf 83' lang='grc' dir='ltr'><strong>εἰς</strong></span> <span class='ocrx_word' id='word_1_564' title='bbox 1138 1422 1273 1453; x_wconf 82' lang='grc' dir='ltr'>διακονίας</span> <span class='ocrx_word' id='word_1_565' title='bbox 1290 1421 1364 1453; x_wconf 83' lang='grc' dir='ltr'>θείας</span> <span class='ocrx_word' id='word_1_566' title='bbox 1380 1422 1427 1447; x_wconf 78' lang='grc' dir='ltr'><strong>καὶ</strong></span> <span class='ocrx_word' id='word_1_567' title='bbox 1443 1420 1616 1453; x_wconf 77' lang='grc' dir='ltr'>διδασκαλίας</span> <span class='ocrx_word' id='word_1_568' title='bbox 1630 1421 1686 1448; x_wconf 82' lang='grc' dir='ltr'><strong>τῶν</strong></span> <span class='ocrx_word' id='word_1_569' title='bbox 1708 1421 1842 1457; x_wconf 68' lang='grc' dir='ltr'>ὑποϐεϐη-</span> 
     </span>
    </p>
   </div>
   <div class='ocr_carea' id='block_1_75' title="bbox 1049 1468 1842 1504">
    <p class='ocr_par' dir='ltr' id='par_1_75' title="bbox 1049 1468 1842 1504">
     <span class='ocr_line' id='line_1_75' title="bbox 1049 1468 1842 1504; baseline -0.001 -9"><span class='ocrx_word' id='word_1_570' title='bbox 1049 1469 1135 1495; x_wconf 83' lang='grc' dir='ltr'>κότων</span> <span class='ocrx_word' id='word_1_571' title='bbox 1152 1469 1276 1504; x_wconf 79' lang='grc' dir='ltr'>ἐνέργειά</span> <span class='ocrx_word' id='word_1_572' title='bbox 1292 1470 1349 1495; x_wconf 83' lang='grc' dir='ltr'>ἐστι</span> <span class='ocrx_word' id='word_1_573' title='bbox 1367 1468 1468 1504; x_wconf 81' lang='grc' dir='ltr'>ζωτικὴ</span> <span class='ocrx_word' id='word_1_574' title='bbox 1481 1488 1487 1500; x_wconf 93' lang='grc'><strong>,</strong></span> <span class='ocrx_word' id='word_1_575' title='bbox 1509 1468 1526 1503; x_wconf 83' lang='grc' dir='ltr'><strong>ἧ</strong></span> <span class='ocrx_word' id='word_1_576' title='bbox 1542 1476 1572 1494; x_wconf 89' lang='grc' dir='ltr'><strong>τε</strong></span> <span class='ocrx_word' id='word_1_577' title='bbox 1596 1468 1698 1504; x_wconf 67' lang='grc' dir='ltr'>ἠρεμία</span> <span class='ocrx_word' id='word_1_578' title='bbox 1714 1468 1760 1495; x_wconf 75' lang='grc' dir='ltr'><strong>καὶ</strong></span> <span class='ocrx_word' id='word_1_579' title='bbox 1778 1469 1842 1495; x_wconf 79' lang='grc' dir='ltr'>στά-</span> 
     </span>
    </p>
   </div>
   <div class='ocr_carea' id='block_1_76' title="bbox 1050 1513 1841 1551">
    <p class='ocr_par' dir='ltr' id='par_1_76' title="bbox 1050 1513 1841 1551">
     <span class='ocr_line' id='line_1_76' title="bbox 1050 1513 1841 1551; baseline -0.001 -9"><span class='ocrx_word' id='word_1_580' title='bbox 1050 1524 1091 1547; x_wconf 87' lang='grc' dir='ltr'><strong>σις</strong></span> <span class='ocrx_word' id='word_1_581' title='bbox 1111 1515 1217 1547; x_wconf 87' lang='grc' dir='ltr'>αἰώνιος</span> <span class='ocrx_word' id='word_1_582' title='bbox 1239 1513 1307 1542; x_wconf 79' lang='grc' dir='ltr'>οὖσα</span> <span class='ocrx_word' id='word_1_583' title='bbox 1329 1515 1376 1542; x_wconf 77' lang='grc' dir='ltr'>καὶ</span> <span class='ocrx_word' id='word_1_584' title='bbox 1390 1515 1542 1551; x_wconf 74' lang='grc' dir='ltr'>ἄτρεπτος,</span> <span class='ocrx_word' id='word_1_585' title='bbox 1559 1514 1593 1541; x_wconf 81' lang='grc' dir='ltr'>τὰ</span> <span class='ocrx_word' id='word_1_586' title='bbox 1609 1516 1697 1542; x_wconf 79' lang='grc' dir='ltr'>οἰκεῖα</span> <span class='ocrx_word' id='word_1_587' title='bbox 1719 1516 1841 1551; x_wconf 74' lang='grc' dir='ltr'>ἐνεργεῖν</span> 
     </span>
    </p>
   </div>
   <div class='ocr_carea' id='block_1_77' title="bbox 1048 1561 1840 1597">
    <p class='ocr_par' dir='ltr' id='par_1_77' title="bbox 1048 1561 1840 1597">
     <span class='ocr_line' id='line_1_77' title="bbox 1048 1561 1840 1597; baseline -0.001 -8"><span class='ocrx_word' id='word_1_588' title='bbox 1048 1562 1123 1597; x_wconf 84' lang='grc' dir='ltr'>δηλοῖ</span> <span class='ocrx_word' id='word_1_589' title='bbox 1137 1562 1199 1593; x_wconf 79' lang='grc' dir='ltr'>τοὺς</span> <span class='ocrx_word' id='word_1_590' title='bbox 1208 1562 1280 1594; x_wconf 82' lang='grc' dir='ltr'>νόας,</span> <span class='ocrx_word' id='word_1_591' title='bbox 1294 1562 1340 1588; x_wconf 74' lang='grc' dir='ltr'>καὶ</span> <span class='ocrx_word' id='word_1_592' title='bbox 1355 1562 1411 1588; x_wconf 82' lang='grc' dir='ltr'>τῶν</span> <span class='ocrx_word' id='word_1_593' title='bbox 1427 1561 1505 1588; x_wconf 79' lang='grc' dir='ltr'>θείων</span> <span class='ocrx_word' id='word_1_594' title='bbox 1528 1561 1717 1597; x_wconf 79' lang='grc' dir='ltr'>ἐμφορεῖσθαι.</span> <span class='ocrx_word' id='word_1_595' title='bbox 1733 1561 1795 1588; x_wconf 76' lang='grc' dir='ltr'><strong>Ἐπὶ</strong></span> <span class='ocrx_word' id='word_1_596' title='bbox 1811 1562 1840 1588; x_wconf 77' lang='grc' dir='ltr'><strong>δὲ</strong></span> 
     </span>
    </p>
   </div>
   <div class='ocr_carea' id='block_1_78' title="bbox 1048 1605 1841 1644">
    <p class='ocr_par' dir='ltr' id='par_1_78' title="bbox 1048 1605 1841 1644">
     <span class='ocr_line' id='line_1_78' title="bbox 1048 1605 1841 1644; baseline 0 -9"><span class='ocrx_word' id='word_1_597' title='bbox 1048 1609 1101 1636; x_wconf 80' lang='grc' dir='ltr'>τῶν</span> <span class='ocrx_word' id='word_1_598' title='bbox 1114 1608 1250 1644; x_wconf 83' lang='grc' dir='ltr'>αἰσθητῶν</span> <span class='ocrx_word' id='word_1_599' title='bbox 1266 1609 1282 1644; x_wconf 88' lang='grc' dir='ltr'><strong>ή</strong></span> <span class='ocrx_word' id='word_1_600' title='bbox 1295 1608 1375 1642; x_wconf 87' lang='grc' dir='ltr'>φύσις</span> <span class='ocrx_word' id='word_1_601' title='bbox 1396 1607 1466 1643; x_wconf 72' lang='grc' dir='ltr'><strong>ἁρχὴ</strong></span> <span class='ocrx_word' id='word_1_602' title='bbox 1483 1605 1550 1634; x_wconf 79' lang='grc' dir='ltr'>οὖσα</span> <span class='ocrx_word' id='word_1_603' title='bbox 1566 1610 1698 1644; x_wconf 76' lang='grc' dir='ltr'>κινήσεως</span> <span class='ocrx_word' id='word_1_604' title='bbox 1713 1608 1760 1634; x_wconf 78' lang='grc' dir='ltr'><strong>καὶ</strong></span> <span class='ocrx_word' id='word_1_605' title='bbox 1775 1609 1841 1635; x_wconf 84' lang='grc' dir='ltr'>στά-</span> 
     </span>
    </p>
   </div>
   <div class='ocr_carea' id='block_1_79' title="bbox 1048 1653 1840 1691">
    <p class='ocr_par' dir='ltr' id='par_1_79' title="bbox 1048 1653 1840 1691">
     <span class='ocr_line' id='line_1_79' title="bbox 1048 1653 1840 1691; baseline 0 -10"><span class='ocrx_word' id='word_1_606' title='bbox 1048 1663 1127 1687; x_wconf 86' lang='grc' dir='ltr'>σεως,</span> <span class='ocrx_word' id='word_1_607' title='bbox 1149 1655 1209 1690; x_wconf 75' lang='grc' dir='ltr'>ἦτοι</span> <span class='ocrx_word' id='word_1_608' title='bbox 1232 1655 1369 1691; x_wconf 74' lang='grc' dir='ltr'>ἠρεμίας,</span> <span class='ocrx_word' id='word_1_609' title='bbox 1395 1654 1443 1690; x_wconf 79' lang='grc' dir='ltr'>τὴν</span> <span class='ocrx_word' id='word_1_610' title='bbox 1466 1653 1514 1689; x_wconf 73' lang='grc' dir='ltr'>μὲν</span> <span class='ocrx_word' id='word_1_611' title='bbox 1531 1654 1637 1689; x_wconf 82' lang='grc' dir='ltr'>κίνησιν</span> <span class='ocrx_word' id='word_1_612' title='bbox 1653 1654 1729 1689; x_wconf 81' lang='grc' dir='ltr'>δηλοῖ</span> <span class='ocrx_word' id='word_1_613' title='bbox 1753 1655 1793 1685; x_wconf 72' lang='grc' dir='ltr'><strong>εἰς</strong></span> <span class='ocrx_word' id='word_1_614' title='bbox 1808 1654 1840 1681; x_wconf 73' lang='grc' dir='ltr'>τὸ</span> 
     </span>
    </p>
   </div>
   <div class='ocr_carea' id='block_1_80' title="bbox 1046 1699 1840 1738">
    <p class='ocr_par' dir='ltr' id='par_1_80' title="bbox 1046 1699 1840 1738">
     <span class='ocr_line' id='line_1_80' title="bbox 1046 1699 1840 1738; baseline -0.001 -10"><span class='ocrx_word' id='word_1_615' title='bbox 1046 1699 1114 1728; x_wconf 78' lang='grc' dir='ltr'>εἶναι</span> <span class='ocrx_word' id='word_1_616' title='bbox 1131 1702 1308 1738; x_wconf 58' lang='grc' dir='ltr'>παραγωγήν</span> <span class='ocrx_word' id='word_1_617' title='bbox 1319 1701 1368 1736; x_wconf 81' lang='grc' dir='ltr'>τὴν</span> <span class='ocrx_word' id='word_1_618' title='bbox 1374 1701 1404 1728; x_wconf 75' lang='grc' dir='ltr'><strong>δὲ</strong></span> <span class='ocrx_word' id='word_1_619' title='bbox 1414 1701 1518 1733; x_wconf 81' lang='grc' dir='ltr'>στάσιν,</span> <span class='ocrx_word' id='word_1_620' title='bbox 1527 1701 1585 1736; x_wconf 78' lang='grc' dir='ltr'>ἦτοι</span> <span class='ocrx_word' id='word_1_621' title='bbox 1596 1701 1724 1736; x_wconf 74' lang='grc' dir='ltr'>ἠρεμίαν,</span> <span class='ocrx_word' id='word_1_622' title='bbox 1735 1701 1784 1737; x_wconf 80' lang='grc' dir='ltr'>τὴν</span> <span class='ocrx_word' id='word_1_623' title='bbox 1793 1701 1840 1728; x_wconf 80' lang='grc' dir='ltr'><strong>διὰ</strong></span> 
     </span>
    </p>
   </div>
   <div class='ocr_carea' id='block_1_81' title="bbox 1045 1745 1841 1784">
    <p class='ocr_par' dir='ltr' id='par_1_81' title="bbox 1045 1745 1841 1784">
     <span class='ocr_line' id='line_1_81' title="bbox 1045 1745 1841 1784; baseline 0.001 -11"><span class='ocrx_word' id='word_1_624' title='bbox 1045 1748 1094 1783; x_wconf 84' lang='grc' dir='ltr'>τῆς</span> <span class='ocrx_word' id='word_1_625' title='bbox 1102 1747 1203 1784; x_wconf 80' lang='grc' dir='ltr'>φθορᾶς</span> <span class='ocrx_word' id='word_1_626' title='bbox 1211 1747 1256 1773; x_wconf 81' lang='grc' dir='ltr'>τοῦ</span> <span class='ocrx_word' id='word_1_627' title='bbox 1265 1745 1359 1782; x_wconf 81' lang='grc' dir='ltr'>εἶναιῆ</span> <span class='ocrx_word' id='word_1_628' title='bbox 1371 1746 1494 1782; x_wconf 81' lang='grc' dir='ltr'>παῦσινῆ</span> <span class='ocrx_word' id='word_1_629' title='bbox 1509 1746 1670 1782; x_wconf 81' lang='grc' dir='ltr'>μεταὸολήν.</span> <span class='ocrx_word' id='word_1_630' title='bbox 1681 1747 1797 1781; x_wconf 77' lang='grc' dir='ltr'>Λέγεται</span> <span class='ocrx_word' id='word_1_631' title='bbox 1812 1747 1841 1774; x_wconf 81' lang='grc' dir='ltr'><strong>δὲ</strong></span> 
     </span>
    </p>
   </div>
   <div class='ocr_carea' id='block_1_82' title="bbox 1045 1791 1839 1830">
    <p class='ocr_par' dir='ltr' id='par_1_82' title="bbox 1045 1791 1839 1830">
     <span class='ocr_line' id='line_1_82' title="bbox 1045 1791 1839 1830; baseline -0.001 -9"><span class='ocrx_word' id='word_1_632' title='bbox 1045 1795 1132 1821; x_wconf 85' lang='grc' dir='ltr'>ταῦτα</span> <span class='ocrx_word' id='word_1_633' title='bbox 1148 1791 1216 1820; x_wconf 70' lang='grc' dir='ltr'>εἶναι</span> <span class='ocrx_word' id='word_1_634' title='bbox 1228 1795 1241 1820; x_wconf 85' lang='grc' dir='ltr'><strong>ὁ</strong></span> <span class='ocrx_word' id='word_1_635' title='bbox 1258 1794 1334 1825; x_wconf 84' lang='grc' dir='ltr'>Θεὸς,</span> <span class='ocrx_word' id='word_1_636' title='bbox 1352 1794 1389 1826; x_wconf 83' lang='grc' dir='ltr'><strong>ὡς</strong></span> <span class='ocrx_word' id='word_1_637' title='bbox 1405 1794 1491 1825; x_wconf 82' lang='grc' dir='ltr'>αίτιος</span> <span class='ocrx_word' id='word_1_638' title='bbox 1507 1794 1587 1825; x_wconf 79' lang='grc' dir='ltr'>αὐτὸς</span> <span class='ocrx_word' id='word_1_639' title='bbox 1604 1793 1733 1830; x_wconf 77' lang='grc' dir='ltr'>ὑπάρχων</span> <span class='ocrx_word' id='word_1_640' title='bbox 1752 1795 1839 1830; x_wconf 84' lang='grc' dir='ltr'>ὑπερ-</span> 
     </span>
    </p>
   </div>
   <div class='ocr_carea' id='block_1_83' title="bbox 1045 1840 1840 1877">
    <p class='ocr_par' dir='ltr' id='par_1_83' title="bbox 1045 1840 1840 1877">
     <span class='ocr_line' id='line_1_83' title="bbox 1045 1840 1840 1877; baseline -0.001 -9"><span class='ocrx_word' id='word_1_641' title='bbox 1045 1841 1151 1873; x_wconf 80' lang='grc' dir='ltr'>ονσίως.</span> <span class='ocrx_word' id='word_1_642' title='bbox 1175 1842 1289 1877; x_wconf 81' lang='grc' dir='ltr'>Κίνησις</span> <span class='ocrx_word' id='word_1_643' title='bbox 1316 1841 1344 1867; x_wconf 84' lang='grc' dir='ltr'><strong>δὲ</strong></span> <span class='ocrx_word' id='word_1_644' title='bbox 1365 1841 1411 1867; x_wconf 74' lang='grc' dir='ltr'>ἐπὶ</span> <span class='ocrx_word' id='word_1_645' title='bbox 1425 1840 1492 1867; x_wconf 85' lang='grc' dir='ltr'>Θεοῦ</span> <span class='ocrx_word' id='word_1_646' title='bbox 1507 1841 1523 1876; x_wconf 81' lang='grc' dir='ltr'>ἡ</span> <span class='ocrx_word' id='word_1_647' title='bbox 1543 1841 1582 1872; x_wconf 86' lang='grc' dir='ltr'><strong>είς</strong></span> <span class='ocrx_word' id='word_1_648' title='bbox 1598 1841 1632 1867; x_wconf 83' lang='grc' dir='ltr'><strong>τὰ</strong></span> <span class='ocrx_word' id='word_1_649' title='bbox 1649 1840 1679 1873; x_wconf 78' lang='grc' dir='ltr'>ἐξ</span> <span class='ocrx_word' id='word_1_650' title='bbox 1692 1841 1773 1868; x_wconf 76' lang='grc' dir='ltr'>αὑτοῦ</span> <span class='ocrx_word' id='word_1_651' title='bbox 1789 1841 1840 1867; x_wconf 80' lang='grc' dir='ltr'><strong>καὶ</strong></span> 
     </span>
    </p>
   </div>
   <div class='ocr_carea' id='block_1_84' title="bbox 1044 1887 1839 1923">
    <p class='ocr_par' dir='ltr' id='par_1_84' title="bbox 1044 1887 1839 1923">
     <span class='ocr_line' id='line_1_84' title="bbox 1044 1887 1839 1923; baseline -0.001 -9"><span class='ocrx_word' id='word_1_652' title='bbox 1044 1887 1077 1914; x_wconf 85' lang='grc' dir='ltr'><strong>δι’</strong></span> <span class='ocrx_word' id='word_1_653' title='bbox 1093 1887 1175 1914; x_wconf 79' lang='grc' dir='ltr'>αὐτοῦ</span> <span class='ocrx_word' id='word_1_654' title='bbox 1199 1889 1227 1914; x_wconf 85' lang='grc' dir='ltr'><strong>ἐν</strong></span> <span class='ocrx_word' id='word_1_655' title='bbox 1247 1887 1394 1922; x_wconf 81' lang='grc' dir='ltr'>ἁγαθότητι</span> <span class='ocrx_word' id='word_1_656' title='bbox 1411 1887 1576 1923; x_wconf 78' lang='grc' dir='ltr'>προνοητικὴ</span> <span class='ocrx_word' id='word_1_657' title='bbox 1598 1887 1723 1923; x_wconf 74' lang='grc' dir='ltr'>πρόοδος·</span> <span class='ocrx_word' id='word_1_658' title='bbox 1742 1887 1839 1919; x_wconf 78' lang='grc' dir='ltr'>στάσις</span> 
     </span>
    </p>
   </div>
   <div class='ocr_carea' id='block_1_85' title="bbox 1045 1933 1840 1970">
    <p class='ocr_par' dir='ltr' id='par_1_85' title="bbox 1045 1933 1840 1970">
     <span class='ocr_line' id='line_1_85' title="bbox 1045 1933 1840 1970; baseline 0 -10"><span class='ocrx_word' id='word_1_659' title='bbox 1045 1933 1073 1960; x_wconf 80' lang='grc' dir='ltr'><strong>δὲ</strong></span> <span class='ocrx_word' id='word_1_660' title='bbox 1088 1933 1118 1960; x_wconf 80' lang='grc' dir='ltr'>τὸ</span> <span class='ocrx_word' id='word_1_661' title='bbox 1133 1934 1176 1960; x_wconf 78' lang='grc' dir='ltr'><strong>ἀεὶ</strong></span> <span class='ocrx_word' id='word_1_662' title='bbox 1191 1933 1321 1965; x_wconf 82' lang='grc' dir='ltr'>ὡσαύτως</span> <span class='ocrx_word' id='word_1_663' title='bbox 1338 1933 1409 1969; x_wconf 71' lang='grc' dir='ltr'>ἔχειν</span> <span class='ocrx_word' id='word_1_664' title='bbox 1421 1954 1428 1966; x_wconf 95' lang='grc'><strong>,</strong></span> <span class='ocrx_word' id='word_1_665' title='bbox 1445 1934 1492 1960; x_wconf 76' lang='grc' dir='ltr'>καὶ</span> <span class='ocrx_word' id='word_1_666' title='bbox 1514 1934 1715 1970; x_wconf 72' lang='grc' dir='ltr'>ἀνεκεροιτήτως</span> <span class='ocrx_word' id='word_1_667' title='bbox 1739 1934 1840 1961; x_wconf 79' lang='grc' dir='ltr'>ἑαυτοῦ</span> 
     </span>
    </p>
   </div>
   <div class='ocr_carea' id='block_1_86' title="bbox 1044 1979 1839 2016">
    <p class='ocr_par' dir='ltr' id='par_1_86' title="bbox 1044 1979 1839 2016">
     <span class='ocr_line' id='line_1_86' title="bbox 1044 1979 1839 2016; baseline 0.001 -10"><span class='ocrx_word' id='word_1_668' title='bbox 1044 1979 1093 2015; x_wconf 82' lang='grc' dir='ltr'>τὴν</span> <span class='ocrx_word' id='word_1_669' title='bbox 1114 1980 1314 2014; x_wconf 83' lang='grc' dir='ltr'>ἀνεπίγνωστον</span> <span class='ocrx_word' id='word_1_670' title='bbox 1342 1980 1459 2015; x_wconf 74' lang='grc' dir='ltr'>ἠρεμίαν</span> <span class='ocrx_word' id='word_1_671' title='bbox 1482 1980 1529 2006; x_wconf 80' lang='grc' dir='ltr'><strong>καὶ</strong></span> <span class='ocrx_word' id='word_1_672' title='bbox 1558 1980 1664 2016; x_wconf 81' lang='grc' dir='ltr'>ἀτρεμῆ</span> <span class='ocrx_word' id='word_1_673' title='bbox 1687 1980 1839 2016; x_wconf 74' lang='grc' dir='ltr'>ἀοχλησίαν</span> 
     </span>
    </p>
   </div>
   <div class='ocr_carea' id='block_1_87' title="bbox 1045 2025 1839 2062">
    <p class='ocr_par' dir='ltr' id='par_1_87' title="bbox 1045 2025 1839 2062">
     <span class='ocr_line' id='line_1_87' title="bbox 1045 2025 1839 2062; baseline 0.001 -10"><span class='ocrx_word' id='word_1_674' title='bbox 1045 2026 1201 2061; x_wconf 80' lang='grc' dir='ltr'>κεκτῆσθαι.</span> <span class='ocrx_word' id='word_1_675' title='bbox 1220 2026 1390 2062; x_wconf 83' lang='grc' dir='ltr'>Σημειωτέον</span> <span class='ocrx_word' id='word_1_676' title='bbox 1406 2026 1433 2052; x_wconf 80' lang='grc' dir='ltr'><strong>δὲ</strong></span> <span class='ocrx_word' id='word_1_677' title='bbox 1446 2047 1452 2059; x_wconf 89' lang='grc'><strong>,</strong></span> <span class='ocrx_word' id='word_1_678' title='bbox 1470 2027 1510 2053; x_wconf 82' lang='grc' dir='ltr'>ὅτι</span> <span class='ocrx_word' id='word_1_679' title='bbox 1526 2025 1575 2058; x_wconf 77' lang='grc' dir='ltr'><strong>τὰς</strong></span> <span class='ocrx_word' id='word_1_680' title='bbox 1592 2027 1690 2061; x_wconf 78' lang='grc' dir='ltr'>νοητὰς</span> <span class='ocrx_word' id='word_1_681' title='bbox 1705 2026 1839 2062; x_wconf 72' lang='grc' dir='ltr'>δυνάμεις</span> 
     </span>
    </p>
   </div>
   <div class='ocr_carea' id='block_1_88' title="bbox 1044 2072 1839 2108">
    <p class='ocr_par' dir='ltr' id='par_1_88' title="bbox 1044 2072 1839 2108">
     <span class='ocr_line' id='line_1_88' title="bbox 1044 2072 1839 2108; baseline 0.001 -9"><span class='ocrx_word' id='word_1_682' title='bbox 1044 2072 1154 2105; x_wconf 88' lang='grc' dir='ltr'>αἱωνίας</span> <span class='ocrx_word' id='word_1_683' title='bbox 1171 2072 1308 2105; x_wconf 82' lang='grc' dir='ltr'>ἐκάλεσεν,</span> <span class='ocrx_word' id='word_1_684' title='bbox 1326 2073 1363 2104; x_wconf 85' lang='grc' dir='ltr'>ὠς</span> <span class='ocrx_word' id='word_1_685' title='bbox 1379 2073 1476 2105; x_wconf 76' lang='grc' dir='ltr'>αἰῶνος</span> <span class='ocrx_word' id='word_1_686' title='bbox 1493 2073 1669 2108; x_wconf 79' lang='grc' dir='ltr'>μετεχούσας.</span> <span class='ocrx_word' id='word_1_687' title='bbox 1684 2074 1716 2100; x_wconf 86' lang='lat' dir='ltr'><strong>&#39;H</strong></span> <span class='ocrx_word' id='word_1_688' title='bbox 1732 2074 1761 2100; x_wconf 74' lang='grc' dir='ltr'><strong>δὲ</strong></span> <span class='ocrx_word' id='word_1_689' title='bbox 1777 2074 1839 2100; x_wconf 79' lang='grc' dir='ltr'><strong>τοῦ-</strong></span> 
     </span>
    </p>
   </div>
   <div class='ocr_carea' id='block_1_89' title="bbox 1043 2117 1839 2154">
    <p class='ocr_par' dir='ltr' id='par_1_89' title="bbox 1043 2117 1839 2154">
     <span class='ocr_line' id='line_1_89' title="bbox 1043 2117 1839 2154; baseline 0.003 -10"><span class='ocrx_word' id='word_1_690' title='bbox 1043 2127 1074 2144; x_wconf 87' lang='grc' dir='ltr'><strong>το</strong></span> <span class='ocrx_word' id='word_1_691' title='bbox 1089 2117 1204 2152; x_wconf 77' lang='grc' dir='ltr'>λέγουσα</span> <span class='ocrx_word' id='word_1_692' title='bbox 1220 2118 1314 2154; x_wconf 79' lang='grc' dir='ltr'>Γραφή</span> <span class='ocrx_word' id='word_1_693' title='bbox 1333 2119 1406 2144; x_wconf 76' lang='grc' dir='ltr'>ἐστι’</span> <span class='ocrx_word' id='word_1_694' title='bbox 1427 2118 1465 2145; x_wconf 82' lang='grc' dir='ltr'><strong>Τὰ</strong></span> <span class='ocrx_word' id='word_1_695' title='bbox 1482 2118 1535 2153; x_wconf 69' lang='grc' dir='ltr'>γὰρ</span> <span class='ocrx_word' id='word_1_696' title='bbox 1549 2119 1724 2153; x_wconf 76' lang='grc' dir='ltr'>,ϐλεπόμενα</span> <span class='ocrx_word' id='word_1_697' title='bbox 1740 2121 1839 2153; x_wconf 64' lang='grc' dir='ltr'><em>πρίσ-</em></span> 
     </span>
    </p>
   </div>
   <div class='ocr_carea' id='block_1_90' title="bbox 1044 2164 1840 2199">
    <p class='ocr_par' dir='ltr' id='par_1_90' title="bbox 1044 2164 1840 2199">
     <span class='ocr_line' id='line_1_90' title="bbox 1044 2164 1840 2199; baseline 0.001 -8"><span class='ocrx_word' id='word_1_698' title='bbox 1044 2173 1149 2199; x_wconf 77' lang='grc' dir='ltr'>καιρα·</span> <span class='ocrx_word' id='word_1_699' title='bbox 1178 2164 1214 2191; x_wconf 80' lang='grc' dir='ltr'>τὰ</span> <span class='ocrx_word' id='word_1_700' title='bbox 1238 2164 1272 2190; x_wconf 79' lang='grc' dir='ltr'><strong>δὲ</strong></span> <span class='ocrx_word' id='word_1_701' title='bbox 1297 2164 1340 2198; x_wconf 80' lang='grc' dir='ltr'>μὴ</span> <span class='ocrx_word' id='word_1_702' title='bbox 1363 2165 1539 2198; x_wconf 73' lang='grc' dir='ltr'>,βλεπόμενα</span> <span class='ocrx_word' id='word_1_703' title='bbox 1563 2164 1675 2191; x_wconf 78' lang='grc' dir='ltr'>αἰώνια.</span> <span class='ocrx_word' id='word_1_704' title='bbox 1699 2165 1739 2191; x_wconf 80' lang='grc' dir='ltr'><strong>Τὰ</strong></span> <span class='ocrx_word' id='word_1_705' title='bbox 1759 2166 1782 2192; x_wconf 81' lang='grc' dir='ltr'><strong>δ’</strong></span> <span class='ocrx_word' id='word_1_706' title='bbox 1807 2166 1840 2192; x_wconf 79' lang='grc' dir='ltr'><strong>ἐν</strong></span> 
     </span>
    </p>
   </div>
   <div class='ocr_carea' id='block_1_91' title="bbox 1044 2207 1838 2247">
    <p class='ocr_par' dir='ltr' id='par_1_91' title="bbox 1044 2207 1838 2247">
     <span class='ocr_line' id='line_1_91' title="bbox 1044 2207 1838 2247; baseline 0.001 -10"><span class='ocrx_word' id='word_1_707' title='bbox 1044 2211 1145 2247; x_wconf 76' lang='grc' dir='ltr'>ἑτέροις</span> <span class='ocrx_word' id='word_1_708' title='bbox 1166 2211 1322 2246; x_wconf 71' lang='grc' dir='ltr'>ὑπάρχοντά</span> <span class='ocrx_word' id='word_1_709' title='bbox 1344 2211 1413 2237; x_wconf 86' lang='grc' dir='ltr'>είσιν</span> <span class='ocrx_word' id='word_1_710' title='bbox 1432 2207 1486 2236; x_wconf 80' lang='grc' dir='ltr'>οἷον</span> <span class='ocrx_word' id='word_1_711' title='bbox 1510 2210 1658 2246; x_wconf 74' lang='grc' dir='ltr'>ἁγιασμὸς,</span> <span class='ocrx_word' id='word_1_712' title='bbox 1683 2210 1838 2244; x_wconf 83' lang='grc' dir='ltr'>ἀθανασία,</span> 
     </span>
    </p>
   </div>
   <div class='ocr_carea' id='block_1_92' title="bbox 199 2247 997 2293">
    <p class='ocr_par' dir='ltr' id='par_1_92' title="bbox 199 2247 989 2281">
     <span class='ocr_line' id='line_1_92' title="bbox 199 2247 989 2281; baseline 0.004 -7"><span class='ocrx_word' id='word_1_713' title='bbox 199 2254 253 2281; x_wconf 79' lang='lat' dir='ltr'><strong>tur,</strong></span> <span class='ocrx_word' id='word_1_714' title='bbox 263 2254 361 2276; x_wconf 73' lang='lat' dir='ltr'><strong>(eterna</strong></span> <span class='ocrx_word' id='word_1_715' title='bbox 375 2254 436 2276; x_wconf 69' lang='lat' dir='ltr'><strong>sunt</strong></span> <span class='ocrx_word' id='word_1_716' title='bbox 445 2247 468 2276; x_wconf 72' lang='grc' dir='ltr'><strong>ἀ.</strong></span> <span class='ocrx_word' id='word_1_717' title='bbox 485 2248 514 2276; x_wconf 86' lang='lat' dir='ltr'><strong>In</strong></span> <span class='ocrx_word' id='word_1_718' title='bbox 525 2249 586 2276; x_wconf 88' lang='lat' dir='ltr'><strong>aliis</strong></span> <span class='ocrx_word' id='word_1_719' title='bbox 595 2257 658 2276; x_wconf 84' lang='lat' dir='ltr'><strong>vero</strong></span> <span class='ocrx_word' id='word_1_720' title='bbox 666 2249 824 2276; x_wconf 75' lang='lat' dir='ltr'><strong>exsistcntia</strong></span> <span class='ocrx_word' id='word_1_721' title='bbox 833 2252 897 2277; x_wconf 87' lang='lat' dir='ltr'><strong>sunt</strong></span> <span class='ocrx_word' id='word_1_722' title='bbox 908 2250 989 2277; x_wconf 89' lang='lat' dir='ltr'><strong>veluti</strong></span> 
     </span>
    </p>
   </div>
   <div class='ocr_carea' id='block_1_93' title="bbox 1052 2247 1839 2293">
    <p class='ocr_par' dir='ltr' id='par_1_93' title="bbox 1052 2256 1839 2293">
     <span class='ocr_line' id='line_1_93' title="bbox 1052 2256 1839 2293; baseline -0.001 -9"><span class='ocrx_word' id='word_1_723' title='bbox 1052 2257 1151 2290; x_wconf 69' lang='grc' dir='ltr'>ιύζωΐα·</span> <span class='ocrx_word' id='word_1_724' title='bbox 1169 2256 1255 2284; x_wconf 81' lang='grc' dir='ltr'>ταῦτα</span> <span class='ocrx_word' id='word_1_725' title='bbox 1279 2256 1333 2292; x_wconf 87' lang='grc' dir='ltr'><strong>γὰρ</strong></span> <span class='ocrx_word' id='word_1_726' title='bbox 1356 2258 1384 2283; x_wconf 77' lang='grc' dir='ltr'><strong>ἐν</strong></span> <span class='ocrx_word' id='word_1_727' title='bbox 1407 2258 1514 2291; x_wconf 88' lang='grc' dir='ltr'>νοηταῖς</span> <span class='ocrx_word' id='word_1_728' title='bbox 1531 2257 1577 2282; x_wconf 77' lang='grc' dir='ltr'><strong>καὶ</strong></span> <span class='ocrx_word' id='word_1_729' title='bbox 1599 2258 1703 2293; x_wconf 83' lang='grc' dir='ltr'>νοεραῖς</span> <span class='ocrx_word' id='word_1_730' title='bbox 1728 2257 1839 2290; x_wconf 79' lang='grc' dir='ltr'>οὐσίαις</span> 
     </span>
    </p>
   </div>
   <div class='ocr_carea' id='block_1_94' title="bbox 197 2295 991 2327">
    <p class='ocr_par' dir='ltr' id='par_1_94' title="bbox 197 2295 991 2327">
     <span class='ocr_line' id='line_1_94' title="bbox 197 2295 991 2327; baseline 0.001 -5"><span class='ocrx_word' id='word_1_731' title='bbox 197 2296 341 2327; x_wconf 87' lang='lat' dir='ltr'><strong>sanctitas,</strong></span> <span class='ocrx_word' id='word_1_732' title='bbox 359 2295 561 2327; x_wconf 86' lang='lat' dir='ltr'><strong>immortalitas,</strong></span> <span class='ocrx_word' id='word_1_733' title='bbox 579 2296 642 2323; x_wconf 62' lang='lat' dir='ltr'><strong>vitae</strong></span> <span class='ocrx_word' id='word_1_734' title='bbox 661 2296 777 2324; x_wconf 80' lang='lat' dir='ltr'><strong>beatitas</strong></span> <span class='ocrx_word' id='word_1_735' title='bbox 794 2306 800 2324; x_wconf 91' lang='lat'><strong>:</strong></span> <span class='ocrx_word' id='word_1_736' title='bbox 815 2296 871 2323; x_wconf 56' lang='lat' dir='ltr'><strong>hac</strong></span> <span class='ocrx_word' id='word_1_737' title='bbox 881 2297 953 2323; x_wconf 89' lang='lat' dir='ltr'><strong>enim</strong></span> <span class='ocrx_word' id='word_1_738' title='bbox 963 2296 991 2323; x_wconf 86' lang='lat' dir='ltr'><strong>in</strong></span> 
     </span>
    </p>
   </div>
   <div class='ocr_carea' id='block_1_95' title="bbox 197 2341 990 2377">
    <p class='ocr_par' dir='ltr' id='par_1_95' title="bbox 197 2341 990 2377">
     <span class='ocr_line' id='line_1_95' title="bbox 197 2341 990 2377; baseline 0.003 -10"><span class='ocrx_word' id='word_1_739' title='bbox 197 2341 412 2376; x_wconf 80' lang='lat' dir='ltr'><strong>inielligibilibus</strong></span> <span class='ocrx_word' id='word_1_740' title='bbox 423 2349 455 2369; x_wconf 85' lang='lat' dir='ltr'><strong>ac</strong></span> <span class='ocrx_word' id='word_1_741' title='bbox 472 2342 686 2377; x_wconf 81' lang='lat' dir='ltr'><strong>intelligentibus</strong></span> <span class='ocrx_word' id='word_1_742' title='bbox 698 2343 824 2370; x_wconf 85' lang='lat' dir='ltr'><strong>essentiis</strong></span> <span class='ocrx_word' id='word_1_743' title='bbox 840 2343 904 2368; x_wconf 88' lang='lat' dir='ltr'><strong>talia</strong></span> <span class='ocrx_word' id='word_1_744' title='bbox 915 2346 990 2369; x_wconf 90' lang='lat' dir='ltr'><strong>sunt:</strong></span> 
     </span>
    </p>
   </div>
   <div class='ocr_carea' id='block_1_96' title="bbox 196 2387 991 2423">
    <p class='ocr_par' dir='ltr' id='par_1_96' title="bbox 196 2387 991 2423">
     <span class='ocr_line' id='line_1_96' title="bbox 196 2387 991 2423; baseline 0.003 -10"><span class='ocrx_word' id='word_1_745' title='bbox 196 2387 323 2414; x_wconf 81' lang='lat' dir='ltr'><strong>dicuntur</strong></span> <span class='ocrx_word' id='word_1_746' title='bbox 334 2392 423 2414; x_wconf 89' lang='lat' dir='ltr'><strong>autem</strong></span> <span class='ocrx_word' id='word_1_747' title='bbox 437 2389 601 2423; x_wconf 78' lang='lat' dir='ltr'><strong>cogitatione</strong></span> <span class='ocrx_word' id='word_1_748' title='bbox 612 2396 673 2416; x_wconf 89' lang='lat' dir='ltr'><strong>esse</strong></span> <span class='ocrx_word' id='word_1_749' title='bbox 689 2388 716 2415; x_wconf 91' lang='lat' dir='ltr'><strong>in</strong></span> <span class='ocrx_word' id='word_1_750' title='bbox 731 2388 945 2423; x_wconf 85' lang='lat' dir='ltr'><strong>intelligibilibus</strong></span> <span class='ocrx_word' id='word_1_751' title='bbox 958 2396 991 2415; x_wconf 85' lang='lat' dir='ltr'><strong>ac</strong></span> 
     </span>
    </p>
   </div>
   <div class='ocr_carea' id='block_1_97' title="bbox 196 2432 988 2470">
    <p class='ocr_par' dir='ltr' id='par_1_97' title="bbox 196 2432 988 2470">
     <span class='ocr_line' id='line_1_97' title="bbox 196 2432 988 2470; baseline 0.004 -12"><span class='ocrx_word' id='word_1_752' title='bbox 196 2432 286 2463; x_wconf 89' lang='lat' dir='ltr'><strong>nobis,</strong></span> <span class='ocrx_word' id='word_1_753' title='bbox 304 2437 332 2459; x_wconf 89' lang='lat' dir='ltr'><strong>nt</strong></span> <span class='ocrx_word' id='word_1_754' title='bbox 353 2433 391 2460; x_wconf 91' lang='lat' dir='ltr'><strong>dii</strong></span> <span class='ocrx_word' id='word_1_755' title='bbox 415 2437 443 2460; x_wconf 88' lang='lat' dir='ltr'><strong>et</strong></span> <span class='ocrx_word' id='word_1_756' title='bbox 465 2434 569 2460; x_wconf 89' lang='lat' dir='ltr'><strong>domini</strong></span> <span class='ocrx_word' id='word_1_757' title='bbox 584 2439 611 2461; x_wconf 85' lang='lat' dir='ltr'><strong>et</strong></span> <span class='ocrx_word' id='word_1_758' title='bbox 626 2438 751 2469; x_wconf 83' lang='lat' dir='ltr'><strong>potentes</strong></span> <span class='ocrx_word' id='word_1_759' title='bbox 764 2435 866 2462; x_wconf 84' lang='lat' dir='ltr'><strong>virtute</strong></span> <span class='ocrx_word' id='word_1_760' title='bbox 888 2435 988 2470; x_wconf 76' lang='lat' dir='ltr'><strong>angeli,</strong></span> 
     </span>
    </p>
   </div>
   <div class='ocr_carea' id='block_1_98' title="bbox 195 2479 604 2514">
    <p class='ocr_par' dir='ltr' id='par_1_98' title="bbox 195 2479 604 2514">
     <span class='ocr_line' id='line_1_98' title="bbox 195 2479 604 2514; baseline 0.007 -10"><span class='ocrx_word' id='word_1_761' title='bbox 195 2486 227 2505; x_wconf 87' lang='lat' dir='ltr'><strong>ac</strong></span> <span class='ocrx_word' id='word_1_762' title='bbox 244 2479 451 2514; x_wconf 87' lang='lat' dir='ltr'><strong>participatione</strong></span> <span class='ocrx_word' id='word_1_763' title='bbox 466 2480 604 2507; x_wconf 87' lang='lat' dir='ltr'><strong>homines.</strong></span> 
     </span>
    </p>
   </div>
   <div class='ocr_carea' id='block_1_99' title="bbox 232 2524 985 2562">
    <p class='ocr_par' dir='ltr' id='par_1_99' title="bbox 232 2524 985 2562">
     <span class='ocr_line' id='line_1_99' title="bbox 232 2524 985 2562; baseline 0.009 -12"><span class='ocrx_word' id='word_1_764' title='bbox 232 2524 323 2551; x_wconf 79' lang='lat' dir='ltr'><strong>Omnis</strong></span> <span class='ocrx_word' id='word_1_765' title='bbox 350 2524 480 2559; x_wconf 80' lang='lat' dir='ltr'><strong>deﬁnitio,</strong></span> <span class='ocrx_word' id='word_1_766' title='bbox 511 2530 536 2552; x_wconf 76' lang='lat' dir='ltr'><strong>et</strong></span> <span class='ocrx_word' id='word_1_767' title='bbox 564 2533 659 2552; x_wconf 82' lang='lat' dir='ltr'><strong>cwlera</strong></span> <span class='ocrx_word' id='word_1_768' title='bbox 681 2535 848 2562; x_wconf 61' lang='lat' dir='ltr'><strong>quaecunque.</strong></span> <span class='ocrx_word' id='word_1_769' title='bbox 872 2527 937 2561; x_wconf 64' lang='lat' dir='ltr'><strong>Quae</strong></span> <span class='ocrx_word' id='word_1_770' title='bbox 953 2537 985 2557; x_wconf 94' lang='lat' dir='ltr'><strong>eo</strong></span> 
     </span>
    </p>
   </div>
   <div class='ocr_carea' id='block_1_100' title="bbox 193 2569 984 2605">
    <p class='ocr_par' dir='ltr' id='par_1_100' title="bbox 193 2569 984 2605">
     <span class='ocr_line' id='line_1_100' title="bbox 193 2569 984 2605; baseline 0.008 -9"><span class='ocrx_word' id='word_1_771' title='bbox 193 2569 267 2605; x_wconf 92' lang='lat' dir='ltr'><strong>quod</strong></span> <span class='ocrx_word' id='word_1_772' title='bbox 278 2570 412 2597; x_wconf 78' lang='lat' dir='ltr'><strong>exsistant</strong></span> <span class='ocrx_word' id='word_1_773' title='bbox 430 2575 512 2603; x_wconf 86' lang='lat' dir='ltr'><strong>sunt,</strong></span> <span class='ocrx_word' id='word_1_774' title='bbox 530 2571 597 2598; x_wconf 91' lang='lat' dir='ltr'><strong>dicit</strong></span> <span class='ocrx_word' id='word_1_775' title='bbox 611 2572 668 2599; x_wconf 68' lang='lat' dir='ltr'><strong>haec</strong></span> <span class='ocrx_word' id='word_1_776' title='bbox 684 2573 710 2599; x_wconf 88' lang='lat' dir='ltr'><strong>in</strong></span> <span class='ocrx_word' id='word_1_777' title='bbox 731 2573 791 2600; x_wconf 85' lang='lat' dir='ltr'><strong>aliis</strong></span> <span class='ocrx_word' id='word_1_778' title='bbox 810 2574 984 2602; x_wconf 88' lang='lat' dir='ltr'><strong>considerata</strong></span> 
     </span>
    </p>
   </div>
   <div class='ocr_carea' id='block_1_101' title="bbox 192 2618 984 2655">
    <p class='ocr_par' dir='ltr' id='par_1_101' title="bbox 192 2618 984 2655">
     <span class='ocr_line' id='line_1_101' title="bbox 192 2618 984 2655; baseline 0.005 -11"><span class='ocrx_word' id='word_1_779' title='bbox 192 2619 326 2645; x_wconf 70' lang='lat' dir='ltr'><strong>exsistere</strong></span> <span class='ocrx_word' id='word_1_780' title='bbox 341 2623 367 2645; x_wconf 75' lang='lat' dir='ltr'><strong>et</strong></span> <span class='ocrx_word' id='word_1_781' title='bbox 381 2626 435 2645; x_wconf 90' lang='lat' dir='ltr'><strong>non</strong></span> <span class='ocrx_word' id='word_1_782' title='bbox 451 2618 479 2645; x_wconf 89' lang='lat' dir='ltr'><strong>in</strong></span> <span class='ocrx_word' id='word_1_783' title='bbox 491 2619 610 2653; x_wconf 86' lang='lat' dir='ltr'><strong>seipsis;</strong></span> <span class='ocrx_word' id='word_1_784' title='bbox 624 2627 686 2645; x_wconf 90' lang='lat' dir='ltr'><strong>nam</strong></span> <span class='ocrx_word' id='word_1_785' title='bbox 703 2620 903 2655; x_wconf 56' lang='lat' dir='ltr'><strong>essentiaﬂwec</strong></span> <span class='ocrx_word' id='word_1_786' title='bbox 911 2622 984 2648; x_wconf 88' lang='lat' dir='ltr'><strong>enim</strong></span> 
     </span>
    </p>
   </div>
   <div class='ocr_carea' id='block_1_102' title="bbox 192 2666 982 2701">
    <p class='ocr_par' dir='ltr' id='par_1_102' title="bbox 192 2666 982 2701">
     <span class='ocr_line' id='line_1_102' title="bbox 192 2666 982 2701; baseline 0.003 -9"><span class='ocrx_word' id='word_1_787' title='bbox 192 2666 300 2692; x_wconf 74' lang='lat' dir='ltr'><strong>vocavit</strong></span> <span class='ocrx_word' id='word_1_788' title='bbox 326 2666 407 2700; x_wconf 82' lang='lat' dir='ltr'><strong>entia)</strong></span> <span class='ocrx_word' id='word_1_789' title='bbox 437 2669 501 2692; x_wconf 89' lang='lat' dir='ltr'><strong>sunt</strong></span> <span class='ocrx_word' id='word_1_790' title='bbox 526 2672 619 2692; x_wconf 89' lang='lat' dir='ltr'><strong>eorum</strong></span> <span class='ocrx_word' id='word_1_791' title='bbox 646 2673 706 2700; x_wconf 63' lang='lat' dir='ltr'><strong>quaa</strong></span> <span class='ocrx_word' id='word_1_792' title='bbox 722 2673 770 2700; x_wconf 89' lang='lat' dir='ltr'><strong>per</strong></span> <span class='ocrx_word' id='word_1_793' title='bbox 783 2674 812 2694; x_wconf 87' lang='lat' dir='ltr'><strong>se</strong></span> <span class='ocrx_word' id='word_1_794' title='bbox 836 2668 982 2701; x_wconf 74' lang='lat' dir='ltr'><strong>exsistunt,</strong></span> 
     </span>
    </p>
   </div>
   <div class='ocr_carea' id='block_1_103' title="bbox 191 2712 983 2748">
    <p class='ocr_par' dir='ltr' id='par_1_103' title="bbox 191 2712 983 2748">
     <span class='ocr_line' id='line_1_103' title="bbox 191 2712 983 2748; baseline 0.004 -10"><span class='ocrx_word' id='word_1_795' title='bbox 191 2720 261 2747; x_wconf 85' lang='lat' dir='ltr'><strong>quas</strong></span> <span class='ocrx_word' id='word_1_796' title='bbox 275 2713 429 2747; x_wconf 82' lang='lat' dir='ltr'><strong>designant,</strong></span> <span class='ocrx_word' id='word_1_797' title='bbox 449 2712 650 2747; x_wconf 83' lang='lat' dir='ltr'><strong>immortalitas,</strong></span> <span class='ocrx_word' id='word_1_798' title='bbox 667 2714 812 2748; x_wconf 81' lang='lat' dir='ltr'><strong>sapientia,</strong></span> <span class='ocrx_word' id='word_1_799' title='bbox 827 2713 904 2746; x_wconf 85' lang='lat' dir='ltr'><strong>ordo,</strong></span> <span class='ocrx_word' id='word_1_800' title='bbox 916 2722 983 2741; x_wconf 91' lang='lat' dir='ltr'><strong>con-</strong></span> 
     </span>
    </p>
   </div>
   <div class='ocr_carea' id='block_1_104' title="bbox 221 2779 474 2813">
    <p class='ocr_par' dir='ltr' id='par_1_104' title="bbox 221 2779 474 2813">
     <span class='ocr_line' id='line_1_104' title="bbox 221 2779 474 2813; baseline 0.008 -7"><span class='ocrx_word' id='word_1_801' title='bbox 221 2780 232 2799; x_wconf 78' lang='grc' dir='ltr'>ι]</span> <span class='ocrx_word' id='word_1_802' title='bbox 253 2779 274 2806; x_wconf 91' lang='lat' dir='ltr'><strong>ll</strong></span> <span class='ocrx_word' id='word_1_803' title='bbox 291 2781 354 2809; x_wconf 84' lang='lat' dir='ltr'><strong>Cor.</strong></span> <span class='ocrx_word' id='word_1_804' title='bbox 375 2789 410 2813; x_wconf 76' lang='lat' dir='ltr'><strong>tv,</strong></span> <span class='ocrx_word' id='word_1_805' title='bbox 432 2780 474 2808; x_wconf 75' lang='lat' dir='ltr'><strong>l8.</strong></span> 
     </span>
    </p>
   </div>
   <div class='ocr_carea' id='block_1_105' title="bbox 1041 2302 1841 2340">
    <p class='ocr_par' dir='ltr' id='par_1_105' title="bbox 1041 2302 1841 2340">
     <span class='ocr_line' id='line_1_105' title="bbox 1041 2302 1841 2340; baseline 0.001 -10"><span class='ocrx_word' id='word_1_806' title='bbox 1041 2303 1154 2330; x_wconf 78' lang='grc' dir='ltr'>τοιαῦτά</span> <span class='ocrx_word' id='word_1_807' title='bbox 1170 2304 1233 2330; x_wconf 71' lang='grc' dir='ltr'>εἰσι-</span> <span class='ocrx_word' id='word_1_808' title='bbox 1251 2303 1310 2330; x_wconf 71' lang='grc' dir='ltr'>κατ’</span> <span class='ocrx_word' id='word_1_809' title='bbox 1326 2303 1446 2330; x_wconf 83' lang='grc' dir='ltr'>ἐπίνοιαν</span> <span class='ocrx_word' id='word_1_810' title='bbox 1462 2303 1490 2329; x_wconf 76' lang='grc' dir='ltr'><strong>δὲ</strong></span> <span class='ocrx_word' id='word_1_811' title='bbox 1506 2302 1628 2337; x_wconf 71' lang='grc' dir='ltr'>λέγονται</span> <span class='ocrx_word' id='word_1_812' title='bbox 1651 2304 1679 2330; x_wconf 85' lang='grc' dir='ltr'>ὲν</span> <span class='ocrx_word' id='word_1_813' title='bbox 1695 2305 1750 2335; x_wconf 85' lang='grc' dir='ltr'>τοῖς</span> <span class='ocrx_word' id='word_1_814' title='bbox 1766 2313 1841 2340; x_wconf 74' lang='grc' dir='ltr'>νοη-</span> 
     </span>
    </p>
   </div>
   <div class='ocr_carea' id='block_1_106' title="bbox 1041 2349 1840 2386">
    <p class='ocr_par' dir='ltr' id='par_1_106' title="bbox 1041 2349 1840 2386">
     <span class='ocr_line' id='line_1_106' title="bbox 1041 2349 1840 2386; baseline 0.003 -10"><span class='ocrx_word' id='word_1_815' title='bbox 1041 2351 1097 2381; x_wconf 86' lang='grc' dir='ltr'>τοῖς</span> <span class='ocrx_word' id='word_1_816' title='bbox 1113 2350 1160 2376; x_wconf 74' lang='grc' dir='ltr'><strong>καὶ</strong></span> <span class='ocrx_word' id='word_1_817' title='bbox 1175 2351 1250 2385; x_wconf 81' lang='grc' dir='ltr'>ἡμῖν,</span> <span class='ocrx_word' id='word_1_818' title='bbox 1267 2349 1304 2381; x_wconf 85' lang='grc' dir='ltr'>ὡς</span> <span class='ocrx_word' id='word_1_819' title='bbox 1322 2349 1377 2376; x_wconf 83' lang='grc' dir='ltr'>θεοὶ</span> <span class='ocrx_word' id='word_1_820' title='bbox 1393 2350 1440 2376; x_wconf 81' lang='grc' dir='ltr'>καὶ</span> <span class='ocrx_word' id='word_1_821' title='bbox 1466 2349 1554 2385; x_wconf 84' lang='grc' dir='ltr'>κύριοι</span> <span class='ocrx_word' id='word_1_822' title='bbox 1571 2349 1618 2376; x_wconf 75' lang='grc' dir='ltr'><strong>καὶ</strong></span> <span class='ocrx_word' id='word_1_823' title='bbox 1633 2349 1740 2377; x_wconf 83' lang='grc' dir='ltr'>δυνατοὶ</span> <span class='ocrx_word' id='word_1_824' title='bbox 1758 2350 1840 2386; x_wconf 80' lang='grc' dir='ltr'>ἰσχύϊ</span> 
     </span>
    </p>
   </div>
   <div class='ocr_carea' id='block_1_107' title="bbox 1041 2395 1589 2432">
    <p class='ocr_par' dir='ltr' id='par_1_107' title="bbox 1041 2395 1589 2432">
     <span class='ocr_line' id='line_1_107' title="bbox 1041 2395 1589 2432; baseline 0 -10"><span class='ocrx_word' id='word_1_825' title='bbox 1041 2396 1149 2431; x_wconf 79' lang='grc' dir='ltr'>ἄγγελοι</span> <span class='ocrx_word' id='word_1_826' title='bbox 1167 2396 1237 2423; x_wconf 80' lang='grc' dir='ltr'>κατὰ</span> <span class='ocrx_word' id='word_1_827' title='bbox 1257 2395 1364 2431; x_wconf 78' lang='grc' dir='ltr'>μέθεξιν</span> <span class='ocrx_word' id='word_1_828' title='bbox 1380 2396 1426 2422; x_wconf 78' lang='grc' dir='ltr'><strong>καὶ</strong></span> <span class='ocrx_word' id='word_1_829' title='bbox 1441 2396 1589 2432; x_wconf 78' lang='grc' dir='ltr'>ἄνθρωποι.</span> 
     </span>
    </p>
   </div>
   <div class='ocr_carea' id='block_1_108' title="bbox 1071 2527 1836 2564">
    <p class='ocr_par' dir='ltr' id='par_1_108' title="bbox 1071 2527 1836 2564">
     <span class='ocr_line' id='line_1_108' title="bbox 1071 2527 1836 2564; baseline 0.005 -11"><span class='ocrx_word' id='word_1_830' title='bbox 1071 2528 1133 2562; x_wconf 81' lang='grc' dir='ltr'><strong>Πᾶς</strong></span> <span class='ocrx_word' id='word_1_831' title='bbox 1148 2528 1225 2562; x_wconf 81' lang='grc' dir='ltr'>ὅρος,</span> <span class='ocrx_word' id='word_1_832' title='bbox 1243 2529 1290 2554; x_wconf 76' lang='grc' dir='ltr'><strong>καὶ</strong></span> <span class='ocrx_word' id='word_1_833' title='bbox 1309 2528 1344 2554; x_wconf 83' lang='grc' dir='ltr'>τὰ</span> <span class='ocrx_word' id='word_1_834' title='bbox 1359 2529 1448 2555; x_wconf 68' lang='grc' dir='ltr'><strong>ἄλλα.</strong></span> <span class='ocrx_word' id='word_1_835' title='bbox 1463 2529 1530 2555; x_wconf 79' lang='grc' dir='ltr'>Ὅσα</span> <span class='ocrx_word' id='word_1_836' title='bbox 1544 2529 1583 2564; x_wconf 83' lang='grc' dir='ltr'>τῷ</span> <span class='ocrx_word' id='word_1_837' title='bbox 1592 2527 1660 2557; x_wconf 81' lang='grc' dir='ltr'>εἶναι</span> <span class='ocrx_word' id='word_1_838' title='bbox 1676 2530 1740 2557; x_wconf 75' lang='grc' dir='ltr'>ὄντα</span> <span class='ocrx_word' id='word_1_839' title='bbox 1762 2531 1836 2564; x_wconf 73' lang='grc' dir='ltr'>εἰσὶ,</span> 
     </span>
    </p>
   </div>
   <div class='ocr_carea' id='block_1_109' title="bbox 1034 2574 1838 2612">
    <p class='ocr_par' dir='ltr' id='par_1_109' title="bbox 1034 2574 1838 2612">
     <span class='ocr_line' id='line_1_109' title="bbox 1034 2574 1838 2612; baseline 0.001 -9"><span class='ocrx_word' id='word_1_840' title='bbox 1034 2577 1120 2603; x_wconf 76' lang='grc' dir='ltr'>ταῦτα</span> <span class='ocrx_word' id='word_1_841' title='bbox 1136 2583 1219 2609; x_wconf 71' lang='grc' dir='ltr'>φησιν</span> <span class='ocrx_word' id='word_1_842' title='bbox 1244 2576 1272 2601; x_wconf 82' lang='grc' dir='ltr'><strong>ἐν</strong></span> <span class='ocrx_word' id='word_1_843' title='bbox 1297 2574 1399 2610; x_wconf 78' lang='grc' dir='ltr'>ἑτέροις</span> <span class='ocrx_word' id='word_1_844' title='bbox 1425 2575 1598 2611; x_wconf 73' lang='grc' dir='ltr'>Θεωρούμενα</span> <span class='ocrx_word' id='word_1_845' title='bbox 1618 2576 1760 2612; x_wconf 78' lang='grc' dir='ltr'>ὑπάρχειν,</span> <span class='ocrx_word' id='word_1_846' title='bbox 1781 2579 1838 2604; x_wconf 70' lang='grc' dir='ltr'>καὶ</span> 
     </span>
    </p>
   </div>
   <div class='ocr_carea' id='block_1_110' title="bbox 1035 2621 1835 2659">
    <p class='ocr_par' dir='ltr' id='par_1_110' title="bbox 1035 2621 1835 2659">
     <span class='ocr_line' id='line_1_110' title="bbox 1035 2621 1835 2659; baseline 0.003 -11"><span class='ocrx_word' id='word_1_847' title='bbox 1035 2623 1064 2648; x_wconf 74' lang='grc' dir='ltr'>οὐ</span> <span class='ocrx_word' id='word_1_848' title='bbox 1090 2621 1150 2648; x_wconf 83' lang='grc' dir='ltr'><strong>καθ’</strong></span> <span class='ocrx_word' id='word_1_849' title='bbox 1168 2622 1261 2648; x_wconf 75' lang='grc' dir='ltr'>ἑαυτά·</span> <span class='ocrx_word' id='word_1_850' title='bbox 1280 2622 1307 2647; x_wconf 82' lang='grc' dir='ltr'>αἱ</span> <span class='ocrx_word' id='word_1_851' title='bbox 1324 2621 1378 2656; x_wconf 76' lang='grc' dir='ltr'><strong>γὰρ</strong></span> <span class='ocrx_word' id='word_1_852' title='bbox 1402 2621 1489 2647; x_wconf 72' lang='grc' dir='ltr'>οὐσίαι</span> <span class='ocrx_word' id='word_1_853' title='bbox 1514 2621 1608 2657; x_wconf 81' lang='grc' dir='ltr'>(ταῦτα</span> <span class='ocrx_word' id='word_1_854' title='bbox 1625 2622 1678 2659; x_wconf 80' lang='grc' dir='ltr'><strong>γὰρ</strong></span> <span class='ocrx_word' id='word_1_855' title='bbox 1695 2623 1835 2650; x_wconf 75' lang='grc' dir='ltr'>ἐκάλεσεν</span> 
     </span>
    </p>
   </div>
   <div class='ocr_carea' id='block_1_111' title="bbox 1035 2668 1836 2706">
    <p class='ocr_par' dir='ltr' id='par_1_111' title="bbox 1035 2668 1836 2706">
     <span class='ocr_line' id='line_1_111' title="bbox 1035 2668 1836 2706; baseline 0.004 -12"><span class='ocrx_word' id='word_1_856' title='bbox 1035 2668 1128 2702; x_wconf 70' lang='grc' dir='ltr'>ὄντα),</span> <span class='ocrx_word' id='word_1_857' title='bbox 1145 2668 1198 2694; x_wconf 84' lang='grc' dir='ltr'>τῶν</span> <span class='ocrx_word' id='word_1_858' title='bbox 1216 2668 1368 2694; x_wconf 71' lang='grc' dir='ltr'><strong>καθ’ὲαυτά</strong></span> <span class='ocrx_word' id='word_1_859' title='bbox 1383 2669 1462 2700; x_wconf 77' lang='grc' dir='ltr'>εἰσιν,</span> <span class='ocrx_word' id='word_1_860' title='bbox 1481 2669 1592 2700; x_wconf 75' lang='grc' dir='ltr'>ἅστινας</span> <span class='ocrx_word' id='word_1_861' title='bbox 1608 2670 1836 2706; x_wconf 73' lang='grc' dir='ltr'>χαρακτηρίζου-</span> 
     </span>
    </p>
   </div>
   <div class='ocr_carea' id='block_1_112' title="bbox 1034 2714 1838 2751">
    <p class='ocr_par' dir='ltr' id='par_1_112' title="bbox 1034 2714 1838 2751">
     <span class='ocr_line' id='line_1_112' title="bbox 1034 2714 1838 2751; baseline 0.004 -10"><span class='ocrx_word' id='word_1_862' title='bbox 1034 2725 1076 2742; x_wconf 86' lang='grc' dir='ltr'><strong>σιν</strong></span> <span class='ocrx_word' id='word_1_863' title='bbox 1088 2736 1094 2747; x_wconf 87' lang='grc'><strong>,</strong></span> <span class='ocrx_word' id='word_1_864' title='bbox 1122 2715 1271 2747; x_wconf 81' lang='grc' dir='ltr'>ἀθανασία,</span> <span class='ocrx_word' id='word_1_865' title='bbox 1291 2715 1387 2750; x_wconf 78' lang='grc' dir='ltr'>σοφία,</span> <span class='ocrx_word' id='word_1_866' title='bbox 1405 2714 1497 2748; x_wconf 77' lang='grc' dir='ltr'>τάξις,</span> <span class='ocrx_word' id='word_1_867' title='bbox 1516 2716 1642 2751; x_wconf 83' lang='grc' dir='ltr'>ἁρμονία,</span> <span class='ocrx_word' id='word_1_868' title='bbox 1661 2715 1756 2743; x_wconf 76' lang='grc' dir='ltr'>καὶτὰ</span> <span class='ocrx_word' id='word_1_869' title='bbox 1777 2718 1838 2744; x_wconf 69' lang='grc' dir='ltr'>σὺν</span> 
     </span>
    </p>
   </div>
   <div class='ocr_carea' id='block_1_113' title="bbox 633 2827 1313 2859">
    <p class='ocr_par' dir='ltr' id='par_1_113' title="bbox 633 2827 1313 2859">
     <span class='ocr_line' id='line_1_113' title="bbox 633 2827 1313 2859; baseline 0.003 -3"><span class='ocrx_word' id='word_1_870' title='bbox 633 2828 751 2857; x_wconf 68' lang='grc' dir='ltr'><strong>νΑΙὶΙιΕ</strong></span> <span class='ocrx_word' id='word_1_871' title='bbox 768 2827 961 2859; x_wconf 81' lang='lat' dir='ltr'><strong>LECTIONES</strong></span> <span class='ocrx_word' id='word_1_872' title='bbox 976 2828 1020 2857; x_wconf 86' lang='lat' dir='ltr'><strong>ET</strong></span> <span class='ocrx_word' id='word_1_873' title='bbox 1037 2828 1313 2859; x_wconf 73' lang='lat' dir='ltr'><strong>CORRECTIONES.</strong></span> 
     </span>
    </p>
   </div>
   <div class='ocr_carea' id='block_1_114' title="bbox 224 2886 464 2914">
    <p class='ocr_par' dir='ltr' id='par_1_114' title="bbox 224 2886 464 2914">
     <span class='ocr_line' id='line_1_114' title="bbox 224 2886 464 2914; baseline 0.013 -3"><span class='ocrx_word' id='word_1_874' title='bbox 224 2886 245 2901; x_wconf 83' lang='lat'><strong>&quot;</strong></span> <span class='ocrx_word' id='word_1_875' title='bbox 263 2886 292 2912; x_wconf 84' lang='grc' dir='ltr'><strong>το</strong></span> <span class='ocrx_word' id='word_1_876' title='bbox 303 2886 330 2912; x_wconf 69' lang='grc' dir='ltr'><strong>δὲ</strong></span> <span class='ocrx_word' id='word_1_877' title='bbox 347 2886 464 2914; x_wconf 82' lang='grc' dir='ltr'>ἐναντία.</span> 
     </span>
    </p>
   </div>
  </div>
