1923 3064
132 176 185 204 525

522 179 550 206 ς.
571 176 694 206 MAXIMI
713 177 859 206 SGHOLIA
877 178 911 207 IN
929 178 993 207 LIB.
1014 178 1059 206 DE
1073 174 1199 206 DIVINIS
1214 177 1421 219 NOMINIBUS.‘

1713 181 1765 208 326

131 238 237 269 αὐτοῖς,
255 237 327 273 ἅπερ
343 237 371 265 ὲν
387 237 489 274 ἑτέροις
503 240 636 275 ὑπάρχειν
662 239 801 274 λέγονται·
827 239 909 273 ὥσπεχ

974 239 1122 271 venientia,
1137 242 1164 266 et
1175 238 1209 265 iis
1222 238 1362 272 adjuncta,
1373 246 1433 274 quae
1440 238 1570 265 dicuntur
1580 245 1641 266 esse
1655 238 1682 266 in
1692 239 1764 272 aliis;

131 285 179 312 καὶ
194 284 228 310 τὰ
245 285 305 311 κατ’
322 284 446 320 αἴσθησιν
463 286 527 321 περὶ
543 286 576 312 τὰ
594 285 708 321 σώματα
724 287 859 322 ὁρώμενα·
869 284 924 313 οἷον

132 331 240 366 χρῶμα,
258 331 361 366 σχῆμα,
379 331 538 366 πηλικότης,
557 333 603 359 καὶ
618 333 652 359 τὰ
669 333 766 369 ὃμοια,
783 334 854 371 ἅπερ
872 343 924 361 σω-

133 377 225 412 μάτων
241 376 319 409 ὲκτὸς
346 378 521 404 συνίστασθαι
545 378 685 406 ἀδύνατον.
708 380 793 406 Διεῖλε
809 380 837 406 δὲ
852 380 933 407 αὐτὰ

130 424 144 449 ὁ
160 422 254 458 Πατὴρ
271 422 325 448 τῶν
348 423 407 449 κατ’
429 424 559 450 ἐπίνοιαν·
585 424 671 451 ταῦτα
693 425 722 451 δὲ
746 423 816 452 εἶναί
832 434 922 460 φαμεν

130 469 164 496 τὰ
179 471 212 504 τῇ
229 469 319 504 νοήσει
337 468 601 505 καταλαμϐανόμενα
612 490 619 501 ,
637 468 693 497 οἷον
708 470 796 506 νόημα
808 491 815 503 ,
832 471 920 506 λόγον,

129 515 270 550 αἴσθησιν,
289 515 336 542 καὶ
357 515 391 541 τὰ
413 515 540 542 τοιαῦτα·
567 516 645 543 ἆτινα
669 518 702 552 τῇ
729 517 836 552 ἐπινοίᾳ
853 517 922 554 μόνῃ

129 562 210 588 οἱονεὶ
224 564 257 597 τῇ
275 562 458 597 ὲπενθυμήσει
481 562 665 598 γνωρίζομεν·
683 563 699 598 ἢ
722 564 768 590 καλ¹
784 565 844 590 κατ’
860 564 921 590 ἐπί-

129 617 202 635 νοιαν
219 608 291 642 λέγει
307 609 341 635 τὰ
357 609 450 644 νοητὰ,
462 609 510 635 καὶ
525 609 650 645 αἰσθήσει
668 610 855 637 ὑποπίπτοντα
873 620 921 646 μη-

127 656 160 681 δα
164 655 232 691 μῶς.

165 701 179 736 §
200 700 268 728 VIII.
285 703 319 729 Al
335 702 438 735 νοηταὶ
457 703 504 729 καί
521 704 632 737 γοεραί.
650 703 806 739 Σημείωσαι
822 705 860 737 δὲ,
877 705 919 732 ὅτι

127 746 158 772 τὸ
174 748 276 781 vomat
293 748 331 780 ὡς
347 748 414 784 πρὸς
430 749 512 784 ἡμᾶς’
529 749 560 776 τὸ
575 750 603 776 δὲ
619 750 718 784 γοεραί
735 750 772 782 ὠς
789 751 857 787 πρὸς
873 752 918 778 τὸν

127 792 194 819 Θεὸν
209 795 320 821 νοεῖται.

162 840 217 866 Καὶ
235 840 267 866 τὸ
283 841 368 867 εἶναι.
386 841 442 868 Kal.
457 837 488 867 τὸ
504 841 627 874 Θεοειδῶς
644 840 722 869 εἶναι.

164 886 218 912 Καὶ
235 886 270 912 τὰ
286 886 364 914 ἄλλα
380 887 488 915 πάντα.
508 889 567 915 ’Ότι
584 889 664 920 αὐτὸς
682 889 767 921 αἴτιος
782 889 830 916 τοῦ
846 888 914 917 εἶναι

126 930 161 957 τὰ
179 931 281 964 πάντα,
309 933 355 958 καὶ
380 932 433 969 πρὸ
456 934 503 960 τοῦ
527 932 612 965 εἶναι,
631 934 678 961 ἆτε
702 935 749 961 καὶ
767 936 838 968 ἰδέα,
856 937 915 972 ἦτοι

127 978 300 1014 παράδειγμα
316 979 353 1006 ὢν
368 979 415 1006 τοῦ
431 978 501 1006 εἶναι
512 1000 518 1012 ,
536 981 573 1012 ὡς
590 981 713 1007 ἐντεῦθεν
728 982 868 1017 δηλοῦται·
885 983 916 1010 τὸ

126 1022 182 1059 γὰρ
199 1023 263 1050 αὐτὸ
279 1022 363 1056 εἶναι,
387 1025 437 1051 οὐκ
453 1025 519 1052 αὑτό
537 1026 611 1052 ἐστιν
622 1027 636 1052 ὁ
651 1026 726 1058 Θεὸς,
743 1026 786 1053 διὰ
802 1028 832 1054 τὸ
847 1026 915 1055 εἶναι

125 1069 171 1095 τὸν
187 1069 262 1101 Θεὸν,
280 1070 347 1097 ἀλλὰ
363 1071 406 1097 διὰ
422 1071 467 1098 τὸν
483 1071 558 1103 Θεὸν,
583 1069 629 1099 κα)⁴
651 1073 681 1099 τὸ
700 1071 766 1099 εἶναι
782 1073 851 1109 ἐστὶ,
869 1075 915 1101 καὶ

124 1115 242 1150 λέγεται⁸
267 1116 307 1143 διὸ
331 1118 359 1143 ἐν
381 1117 420 1152 τῷ
443 1117 502 1153 Θεῷ
518 1119 575 1144 ἐστι
591 1118 621 1145 τὸ
637 1116 706 1146 εἶναι
719 1139 726 1151 ,
741 1119 779 1151 ὡς
801 1120 866 1147 ίδέα’
883 1121 913 1146 οὺ

126 1161 180 1197 μὴν
195 1162 209 1187 ὁ
224 1162 299 1194 Θεὸς,
317 1164 346 1189 ὲν
361 1163 400 1198 τῷ
415 1162 486 1190 εἷναί
503 1165 570 1190 ἐστι’
584 1164 636 1200 πρὸ
651 1164 706 1202 γὰρ
721 1165 768 1191 τοῦ
785 1163 853 1193 εἶναι
868 1164 911 1202 ἦν·

123 1207 198 1242 ὅμως
212 1208 255 1234 διὰ
271 1209 301 1235 τὸ
317 1210 423 1237 πάντων
448 1210 534 1242 αἴτιος
557 1208 644 1242 εἶναι,
661 1211 708 1238 καὶ
731 1213 914 1248 παραγωγεὺς

122 1253 268 1287 δείκνυται,
287 1256 333 1282 καὶ
349 1256 400 1289 ἔξω
417 1257 524 1283 πάντων
540 1258 623 1289 ἐστὶν,
637 1258 674 1289 ὡς
690 1257 777 1289 αἴτιος
793 1258 912 1290 πάντων,

123 1300 170 1326 καί
191 1301 247 1332 τοῖς
268 1301 322 1328 τῶν
348 1303 457 1329 πάντων
473 1303 643 1339 γνωρίσμασι
669 1305 911 1340 προσαγορεύεται,

121 1345 160 1378 ὡς
176 1346 209 1373 τὰ
227 1347 315 1374 πάντα
332 1348 509 1385 παραγαγών.

157 1393 213 1419 Καὶ
230 1394 322 1420 αὑτοῦ
338 1394 403 1420 ἐστι
419 1394 452 1421 τὸ
468 1395 553 1422 εῖναι.
570 1395 657 1422 Αὐτοῦ
675 1396 740 1432 μὲν,
757 1397 795 1429 ὠς
817 1396 846 1430 ἐξ
862 1399 911 1425 αὺ-

121 1437 168 1463 τοῦ
179 1439 236 1464 ἐστι
251 1436 282 1465 τὸ
297 1437 375 1466 εἶναι·
395 1442 424 1467 ὲν
439 1441 512 1476 αὐτῷ
529 1441 558 1468 δὲ
573 1440 611 1477 τῷ
628 1444 821 1479 συντηρεῖσθαι
845 1447 911 1481 παρ’

121 1484 215 1510 αὑτοῦ·
232 1486 281 1511 οὐκ
298 1486 378 1517 αὐτὸς
393 1486 420 1512 δὲ
437 1486 483 1513 τοῦ
500 1486 578 1519 εἶναι,
591 1488 649 1514 οὐδὲ
668 1490 696 1516 ἐν
712 1490 750 1525 τῷ
765 1485 834 1517 εἶναι
848 1500 910 1518 συν-

121 1531 259 1566 εχόμενος·
278 1532 348 1568 ὑπὲρ
364 1532 418 1568 γὰρ
433 1533 463 1559 τὸ
479 1532 547 1560 εἶναι
560 1536 574 1561 ὀ
584 1535 754 1571 ὑπερούσιος.

155 1621 209 1646 Καὶ
227 1622 282 1648 οὐκ
297 1621 389 1655 αὐτὸς
404 1623 438 1649 ἐν
453 1623 493 1656 τῷ
509 1624 593 1650 εἶναι.
609 1625 868 1660 Προσυπακουστέον
879 1628 908 1655 ὲν

119 1668 283 1703 ἀμφοτέροις
294 1664 324 1694 τὸ
336 1671 440 1701 αντιον,
449 1671 570 1697 τουτέστι
582 1671 612 1697 τὸ
625 1669 693 1698 εἶναι
705 1672 784 1699 αὑτὸν
795 1673 851 1708 ἔχει
865 1675 901 1700 αῐ-

117 1722 186 1745 τιον,
206 1715 252 1741 καὶ
268 1714 329 1750 οὐχ).
347 1715 443 1748 αὐτὸς,
463 1716 500 1748 ὼς
520 1717 552 1742 ἐκ
564 1718 772 1753 προηγουμένης
785 1719 806 1733 ¹¹
819 1720 908 1751 αίτίας

117 1759 175 1795 ἔχει
193 1760 223 1786 τὸ
236 1758 314 1788 εἶναι.

127 1817 130 1819 λ
153 1806 235 1833 Κατὰ
250 1806 353 1834 πᾶσαν
368 1808 427 1834 τῶν
443 1807 537 1835 ὄντων
551 1810 697 1836 ἐπίνοιαν.
714 1811 746 1837 Ἡ
759 1812 812 1838 τῶν
823 1812 906 1839 ὄντων

117 1850 230 1886 θεωρία,
246 1852 279 1887 ἣν
292 1853 408 1879 ἐνταῦθα
420 1854 541 1881 ὲπῖνοιαν
554 1854 677 1887 ἐκάλεσε,
692 1856 774 1892 πολλή
788 1866 829 1888 τις
839 1856 906 1885 οὖσα

116 1897 164 1922 καὶ
188 1898 295 1934 ποικίλη
322 1899 396 1935 πάσῃ
409 1900 518 1936 ὲπιὸολῇ
540 1901 587 1927 τοῦ
610 1901 667 1933 νοῦ,
692 1904 906 1937 προῦπαντῶσαν

116 1943 237 1979 εὑρίσκει
249 1944 295 1970 τοῦ
310 1946 397 1971 αἰτίου
414 1947 463 1982 τὴν
482 1947 584 1974 ἔννοιαν
595 1968 601 1979 ,
620 1949 703 1983 ἤγουν
716 1950 762 1976 τοῦ
776 1950 906 1987 δημιουρ-

115 1989 176 2023 γοῦν
184 1989 215 2016 τὸ
227 1988 272 2016 οὖν
285 1992 602 2023 πελλαπ.ιῖασιάζεσθαι
609 1994 692 2030 δηλοῖ,
701 1995 731 2021 τὸ
737 1996 765 2022 ὲν
777 1998 834 2028 τοῖς
843 1997 906 2023 πολ-

115 2035 172 2067 λοῖς
184 2036 229 2062 τὸν
239 2037 320 2063 αὑτὸν
330 2038 415 2065 αἴτιον
433 2038 603 2074 Θεωρεῖσϐαι,

150 2082 206 2109 Καὶ
223 2082 256 2109 τὸ
272 2083 348 2115 ἐστὶ,
367 2084 416 2110 καὶ
433 2085 465 2111 τὸ
481 2085 575 2112 Ιἔσται.
596 2087 683 2124 "Amp
700 2090 728 2115 ἐν
741 2089 780 2124 τῷ
793 2090 844 2125 πρὸ
858 2091 904 2117 αὺ-

115 2127 161 2153 τοῦ
174 2128 308 2164 ἀπέφησε,
323 2129 369 2156 νῦν
381 2131 501 2158 ἐπειπὼν
514 2132 553 2167 τῷ
565 2132 624 2168 Θεῷ
641 2134 796 2168 ἀναγκαίως
810 2137 903 2163 ἑαυτὸν

115 2173 274 2208 ἑρμηνεύων
287 2176 358 2202 κατὰ
377 2177 426 2212 τὴν
446 2177 492 2203 τοῦ
508 2178 595 2204 αἰτίου
616 2179 719 2206 ἔννοιαν
735 2181 820 2208 ταῦτα
833 2183 903 2210 νοεῖν

975 290 1039 313 sunt
1057 285 1140 312 etiam
1163 293 1224 321 qum
1247 293 1330 313 sensu
1351 285 1426 312 circa
1448 292 1564 319 corpora
1579 285 1718 318 videntur,
1736 290 1767 313 ut

974 331 1060 363 color,
1078 331 1173 366 ﬁgura,
1198 331 1339 366 quantitas
1359 334 1385 357 et
1407 331 1517 362 similia,
1535 338 1594 365 qua:
1610 335 1687 358 extra
1702 339 1766 359 cor-

974 386 1025 413 pus
1037 379 1187 406 consistere
1200 382 1348 413 nequeunt.
1363 377 1449 405 Porro
1457 377 1539 404 Pater
1556 378 1613 404 haec
1627 378 1720 406 divisit
1730 379 1766 405 ab

973 425 1018 456 iis.
1037 433 1097 460 quae
1110 428 1173 452 sunt
1188 425 1368 460 cogitatione;
1387 424 1443 450 haec
1457 428 1547 451 autem
1571 423 1688 451 dicimus
1703 432 1767 452 esse

973 478 1034 506 qua:
1048 471 1232 498 intellectione
1256 469 1536 505 comprehenduntur,
1564 470 1648 496 veluti
1671 471 1764 506 cogni-

973 517 1085 549 tionem,
1098 517 1222 548 verbum,
1247 523 1358 543 sensum
1382 521 1408 543 et
1419 515 1499 548 talia;
1524 523 1585 550 quae
1599 517 1764 551 cogitatione

973 563 1030 590 sola
1048 566 1179 598 tanquam
1197 562 1298 590 reﬂexo
1321 562 1516 589 intelleclionis
1532 566 1595 590 actu
1619 563 1765 597 cognosci—

972 617 1051 643 mus;
1069 614 1116 636 aut
1130 610 1213 637 etiam
1229 617 1290 637 esse
1307 609 1473 643 cogitatione
1488 609 1555 635 dicit
1570 609 1762 644 intelligibilia,

971 660 998 683 et
1007 657 1081 683 nullo
1095 656 1176 684 modo
1187 657 1314 684 sensibus
1331 656 1466 690 subjecta.

1007 701 1104 737 §Vlll.
1129 701 1304 729 Intellecliles
1341 710 1373 728 ac
1398 701 1584 736 intelligentes.
1608 700 1677 728 Nota
1696 709 1763 728 vero
1785 701 1802 708 "

970 748 1043 782 quod
1056 748 1150 784 νοηταί
1165 753 1293 783 respectu
1315 748 1419 780 nostri;
1437 748 1509 783 quod
1523 748 1614 783 νοεραί
1635 751 1760 782 respectu

969 793 1018 822 Dei
1034 794 1207 829 intelligitur.

1006 839 1042 866 Et
1051 848 1118 868 esse.
1134 840 1168 867 Et
1182 841 1273 868 divine
1283 848 1345 868 esse
1361 840 1474 868 habent.

933 877 954 903 Β
1005 886 1039 912 Ει
1055 886 1111 913 alia
1135 887 1234 914 omnia.
1261 887 1353 921 Ipsum
1379 890 1517 914 auctorem
1542 894 1613 918 esse,
1634 894 1684 913 cur
1703 887 1762 914 'sint

967 933 1071 965 omnia,
1088 936 1114 960 et
1129 936 1191 960 ante
1204 940 1284 968 quam
1300 937 1408 965 essent,
1424 937 1454 960 ut
1471 933 1530 959 idea
1552 941 1600 960 seu
1620 934 1760 969 exemplar

967 978 1055 1013 ipsius
1069 978 1249 1010 exsistentiae,
1269 979 1340 1006 sicut
1357 979 1421 1005 hinc
1434 979 1590 1007 declaratur
1602 987 1609 1005 :
1621 988 1684 1007 nam
1693 981 1759 1016 ipsa

966 1025 1127 1053 exsistentia
1141 1033 1198 1053 non
1209 1029 1252 1053 est
1266 1025 1324 1060 ipse
1337 1026 1418 1061 176
1432 1025 1505 1053 Deus
1515 1046 1522 1058 ,
1539 1027 1602 1061 quia
1619 1027 1691 1055 Deus
1710 1035 1759 1055 ex-

966 1072 1053 1103 sistit,
1073 1079 1122 1106 per
1144 1072 1229 1099 Deum
1246 1077 1337 1099 autem
1353 1076 1380 1099 et
1395 1073 1556 1100 exsistentia
1571 1076 1629 1105 est,
1646 1077 1672 1100 et
1687 1073 1758 1100 dici-

967 1121 1025 1151 tur;
1040 1118 1100 1145 ideo
1113 1118 1274 1146 exsistentia
1289 1123 1329 1145 est
1341 1118 1368 1145 in
1386 1118 1441 1145 Deo
1455 1123 1485 1146 ut
1499 1119 1575 1151 idea,
1597 1127 1651 1147 non
1665 1124 1757 1147 autem

966 1163 1038 1192 Deus
1060 1168 1103 1191 est
1114 1164 1142 1191 in
1157 1164 1215 1199 ipsa
1229 1164 1406 1198 exsistentia;
1424 1169 1482 1192 erat
1496 1165 1569 1193 enim
1586 1169 1649 1193 ante
1664 1166 1752 1201 ipsam

965 1211 1170 1242 exsistentiam;
1188 1215 1279 1238 tamen
1290 1211 1353 1245 quia
1365 1214 1406 1238 est
1419 1211 1540 1238 omnium
1563 1215 1674 1243 auctor,
1693 1220 1756 1246 pro-

965 1257 1063 1284 ductor
1083 1264 1192 1292 quoque
1217 1257 1383 1289 declaratur,
1411 1261 1438 1284 et
1457 1257 1614 1286 nominibus
1634 1259 1756 1285 omnium

964 1304 1128 1339 appellatur,
1145 1308 1174 1331 ut
1189 1304 1237 1339 qui
1269 1304 1361 1330 omnia
1377 1303 1516 1338 produxit.

999 1391 1033 1419 Et
1043 1392 1100 1427 ejus
1114 1396 1153 1419 est
1161 1391 1423 1427 exsittentiaJpsius
1435 1393 1556 1428 quidem,
1570 1393 1635 1428 quia
1649 1401 1683 1420 cx
1695 1393 1755 1428 ipso

962 1443 1004 1466 est
1029 1439 1209 1466 exsistentia:
1230 1439 1257 1465 in
1281 1446 1312 1466 eo
1328 1446 1404 1470 vero,
1425 1439 1498 1474 quod
1513 1439 1548 1466 ab
1561 1439 1622 1474 ipso
1642 1447 1755 1467 conser-

961 1489 1050 1518 vetur,
1064 1486 1121 1520 ipse
1135 1493 1190 1512 non
1203 1488 1245 1512 est
1260 1485 1429 1518 exsistentia,
1448 1492 1537 1520 neque
1551 1485 1578 1512 in
1592 1487 1754 1514 exsistentia

962 1532 1134 1564 continetur;
1152 1534 1194 1558 est
1209 1531 1281 1558 enim
1298 1538 1380 1566 supra
1395 1531 1601 1564 exsistcntiam,
1624 1532 1687 1567 quia
1706 1540 1754 1560 su-

961 1578 1177 1613 percssentialis.

995 1623 1030 1650 Et
1041 1633 1091 1650 non
1108 1625 1162 1658 ipse
1182 1625 1209 1650 in
1229 1624 1394 1651 exsistentia.
1420 1623 1643 1651 Subaudiendum
1667 1630 1708 1652 est
1724 1625 1752 1652 in

960 1670 1094 1704 utrisque,
1110 1671 1290 1704 principium;
1305 1670 1332 1696 id
1343 1673 1382 1697 est
1390 1670 1556 1698 .exsistentia
1569 1670 1649 1697 habet
1661 1670 1751 1705 ipsum

960 1720 1110 1748 auctorem,
1127 1724 1216 1751 neque
1232 1717 1289 1751 ipse
1305 1717 1379 1743 velut
1395 1724 1428 1744 ex
1444 1716 1589 1751 principali
1605 1725 1688 1744 causa
1702 1725 1752 1744 ex-

959 1762 1111 1789 sistenliam
1127 1763 1218 1790 habet.

994 1808 1143 1836 Secundum
1165 1809 1282 1835 omnium
1309 1817 1411 1840 eorum,
1433 1817 1492 1844 quw
1514 1813 1586 1841 sunt,
1611 1810 1750 1844 cogitatio-

959 1863 1027 1882 nem.
1046 1854 1244 1890 Contemplatio
1262 1863 1352 1882 rerum
1376 1862 1457 1890 quam
1476 1854 1528 1882 hoc
1551 1855 1612 1882 loco
1627 1855 1750 1885 ἐπίνοιαν

958 1901 1076 1932 vocavit,
1093 1908 1154 1927 cum
1171 1901 1254 1927 multa
1270 1901 1305 1928 sit
1328 1904 1355 1927 et
1375 1901 1461 1932 varia,
1487 1900 1590 1928 invenit
1605 1901 1749 1935 cogitatio-

956 1955 1018 1974 nem
1034 1955 1124 1974 causte
1140 1955 1188 1974 seu
1203 1947 1336 1974 creatoris
1349 1947 1423 1974 omni
1442 1947 1541 1974 mentis
1563 1948 1671 1974 conatui
1691 1948 1748 1975 sive

957 1993 1099 2020 intentioni
1125 1993 1351 2028 prmvenicntem;
1374 1993 1441 2020 illud
1467 1993 1551 2028 igitur
1573 1993 1747 2028 multiplicari

956 2039 1101 2075 signiﬁcat,
1115 2047 1225 2066 causam
1240 2039 1362 2066 eamdem
1379 2039 1406 2065 in
1422 2039 1516 2066 multis
1530 2039 1709 2066 considerari.

991 2087 1026 2113 Et
1041 2091 1089 2118 est,
1105 2091 1130 2114 et
1144 2087 1204 2113 erit.
1223 2084 1289 2118 Qum
1308 2090 1388 2113 antea
1405 2086 1512 2120 negavit
1523 2105 1529 2117 ,
1551 2093 1624 2112 nunc
1640 2085 1672 2112 de
1691 2086 1746 2113 Deo

955 2134 1069 2168 loquens
1087 2133 1245 2160 necessario
1265 2132 1385 2167 seipsum
1409 2131 1568 2166 explicans,
1586 2131 1698 2165 subjicit
1716 2140 1745 2159 se

955 2179 1013 2206 hare
1028 2179 1199 2214 intelligere,
1216 2182 1350 2213 quatenus
1368 2177 1440 2205 Deus
1460 2185 1544 2204 causa
1564 2178 1744 2212 intelligitur;

115 2220 270 2248 ὑποϐάλλει.
282 2223 318 2248 Τὸ
333 2223 382 2258 μὲν
400 2222 446 2250 οὖν
458 2224 586 2260 ἐγένετο,
608 2226 655 2252 καὶ
673 2227 782 2261 γίνεται
797 2229 843 2255 καὶ
856 2238 903 2263 γε-

966 2233 1020 2260 :rgo
1034 2230 1090 2252 erat
1106 2229 1132 2252 et
1145 2230 1184 2252 est
1200 2228 1227 2252 et
1239 2225 1288 2251 erit
1305 2224 1414 2259 proprie
1438 2223 1546 2258 quidem
1562 2223 1595 2251 de
1610 2225 1745 2252 creaturis

113 2267 249 2301 νιξσετιιι,
264 2269 310 2296 ἐπὶ
325 2269 374 2304 μὲν
386 2270 440 2296 τῶν
455 2272 610 2306 κτισμάτων
629 2274 730 2309 κυρίως
745 2277 903 2311 κατηγορεί-

113 2322 174 2340 ται·
195 2314 228 2340 τὰ
246 2314 296 2349 μὲν
310 2315 364 2352 γὰρ
378 2315 450 2349 ἅπαξ
466 2317 583 2351 ἐγένετο,
604 2315 660 2345 οἷον
673 2319 796 2354 οὐρανὸς,
818 2321 901 2355 ἄγγε-

112 2360 163 2392 λοι,
174 2361 258 2396 ἥλιος,
272 2362 319 2388 καὶ
331 2362 365 2388 τὰ
377 2362 498 2396 τοιαῦτα,
520 2364 562 2398 ἐφ’
579 2361 616 2391 ὧν
628 2365 719 2400 χώραν
738 2367 788 2392 οὐκ
799 2367 856 2402 ἔχει
871 2368 902 2394 τὸ

113 2408 224 2442 γίνεται
233 2408 265 2440 ⁸³,
279 2409 445 2443 γενήσεται·
463 2410 494 2436 τὸ
509 2410 537 2436 δὲ
553 2411 628 2446 παρὰ
643 2412 690 2438 τοῦ
703 2412 784 2439 Δαυὶδ
796 2413 900 2449 λεχθὲν,

118 2453 150 2479 ὐ
165 2453 259 2480 ποιῶν
274 2455 344 2487 τοὺς
353 2455 499 2490 ἀγγέλους
515 2457 606 2483 αὐτοῦ
622 2458 785 2492 πνεύματα,
802 2459 818 2494 ἢ
832 2459 901 2486 κατὰ

110 2498 142 2525 τὸ
159 2499 347 2534 συντηρεῖσθαι
370 2499 501 2535 ληπτέον,
524 2501 594 2528 καθὰ
617 2502 735 2538 εἴρηται,
753 2505 783 2530 '0
800 2504 900 2538 Hatria

107 2553 168 2578 μου
185 2545 240 2578 ἕως
255 2545 319 2579 ἄρτι
335 2546 492 2581 ὲργάζεται’
510 2547 526 2583 ἢ
544 2548 614 2574 κατὰ
630 2549 678 2584 τὴν
696 2549 837 2585 συνήθειαν
850 2550 899 2585 τῆς

110 2591 232 2627 Γραφῆς,
253 2592 459 2628 ἐνηλλαγμένως
478 2594 528 2629 τὴν
548 2595 684 2630 σημασίαν
700 2596 748 2630 τὴν
771 2597 899 2631 χρονικῇν

110 2637 241 2669 πολλάκις
252 2639 434 2675 προαγούσης,
447 2640 493 2666 καὶ
504 2640 564 2667 ἀντὶ
573 2642 766 2676 παρῳχηκύτος
779 2641 898 2676 μέλλοντι

109 2685 301 2720 κεχρημένης,
322 2686 368 2713 καὶ
389 2686 419 2713 τὸ
441 2687 567 2721 ἔμπαλιν.
582 2687 643 2714 Ἐπὶ
662 2688 763 2714 τούτων
788 2688 836 2724 μὲν
852 2687 897 2715 οὖν

157 2770 169 2783 ε
185 2763 259 2792 Psal.
277 2772 338 2797 cm,
355 2765 382 2792 4.
435 2765 444 2784 ἲ
462 2765 541 2794 Joan.
559 2774 586 2798 ν,
605 2766 649 2793 I7.

956 2272 1130 2305 enuntiatur;
1152 2271 1243 2305 aliqua
1269 2271 1340 2298 enim
1358 2277 1470 2304 prorsus
1483 2272 1571 2301 erant,
1588 2273 1617 2297 ut
1631 2270 1743 2303 coelum,

955 2318 1054 2353 angeli,
1073 2317 1124 2350 sol,
1140 2320 1166 2344 et
1182 2317 1256 2346 talia.
1272 2316 1301 2343 in
1312 2317 1411 2351 quibus
1429 2317 1518 2343 locum
1539 2323 1594 2343 non
1608 2316 1689 2344 habet
1704 2321 1745 2344 est

954 2370 981 2392 et
995 2365 1063 2396 erit;
1088 2363 1161 2398 quod
1189 2366 1279 2390 autem
1305 2370 1321 2389 a
1343 2361 1444 2389 Davide
1464 2362 1584 2389 dicitur:
1606 2362 1658 2395 Qui
1677 2363 1743 2397 facit

955 2410 1060 2446 angelos
1074 2417 1135 2436 suos
1151 2409 1261 2444 spiritus
1269 2414 1291 2441 ο,
1307 2413 1353 2435 aut
1368 2408 1530 2443 capiendum
1542 2411 1593 2439 est,
1607 2412 1742 2443 quatenus

954 2460 1107 2489 conservat,
1117 2457 1187 2484 sicut
1201 2456 1304 2482 dictum
1315 2459 1357 2483 est
1372 2465 1378 2481 :
1391 2454 1471 2481 Pater
1488 2463 1560 2482 meus
1573 2463 1653 2490 usque
1665 2455 1742 2482 modo

953 2508 1077 2538 operatur
1093 2502 1102 2522 τ
1114 2512 1120 2536 ;
1137 2498 1184 2529 aut
1195 2502 1273 2537 juxta
1286 2500 1510 2528 consuetudinem
1523 2500 1670 2535 Scriptum
1681 2508 1756 2536 qum-

954 2558 1025 2585 stepe
1043 2550 1152 2577 inverso
1165 2549 1261 2576 ordine
1282 2547 1413 2582 temporis
1429 2547 1654 2582 signiﬁcationem
1674 2555 1739 2581 pro-

953 2598 1016 2629 fert,
1039 2600 1065 2623 et
1088 2603 1137 2631 pro
1158 2594 1296 2630 praterito
1311 2594 1397 2621 utitur
1410 2593 1501 2620 futuro
1514 2613 1521 2625 ,
1539 2597 1565 2620 et
1581 2598 1692 2626 contra;
1711 2593 1738 2620 in

952 2643 1087 2678 hisigitur
1099 2642 1206 2677 proprie
1225 2641 1335 2676 quidem
1357 2645 1425 2668 erat.
1449 2639 1518 2667 Sunt
1534 2644 1624 2666 autem
1646 2639 1737 2666 omnia

952 2696 1011 2723 quae
1025 2692 1189 2722 generantur
1200 2691 1226 2714 et
1238 2690 1461 2722 corrumpuntur,
1476 2689 1503 2713 et
1521 2693 1582 2720 qua:
1601 2684 1652 2712 sibi
1667 2684 1736 2710 invi-

551 2846 668 2874 VARIIE
686 2844 877 2875 LECTIONES
895 2844 938 2872 ET
958 2840 1236 2873 CORRECTIONES.

161 2909 182 2924 “
193 2907 427 2943 προϐεϐλημένης.
477 2907 499 2922 “
514 2905 646 2940 γίνεσθαι.
