1923 3064
161 165 214 193 327

567 162 735 191 APPENDIX
751 163 795 190 Al)
809 161 923 190 OPEBA
941 162 969 191 S.
988 159 1136 190 DlONYSIl
1155 161 1397 190 AREOPAGITA.

1738 165 1790 193 528

162 231 222 251 cem
234 222 395 254 succedunt.
413 225 444 250 ut
457 229 522 255 nox,
533 221 604 254 dies,
615 226 696 250 aestas
710 225 737 249 et
749 229 808 253 ver,
825 229 857 249 ac
870 222 944 249 simi-

999 222 1101 257 κυρίως
1115 222 1145 248 τὸ
1157 222 1286 257 ἑγένετσ
1304 221 1407 257 γίνεται
1429 221 1457 249 δὲ
1471 221 1516 249 καὶ
1531 221 1566 249 τὰ
1583 222 1612 248 ἐν
1625 222 1729 256 γενέσει
1742 223 1790 250 καὶ

162 270 214 303 lia;
231 273 336 296 tantum
354 277 418 297 vero
432 272 588 304 erunt,qna?
601 269 718 296 necdum
756 275 869 303 prorsus
884 267 948 295 fue-

161 321 236 347 runt,
249 316 296 343 sed
309 318 514 350 exspectantur,
529 319 558 342 ut
569 314 822 341 transelementatio
838 313 949 341 univer-

161 363 197 394 si,
223 365 251 389 et
276 369 336 397 quae
356 369 416 389 eam
436 360 648 388 comitabuntur.
671 359 743 387 Deus
766 360 850 395 igitur
873 360 948 387 velut

162 408 260 435 horum
284 408 406 435 omnium
426 414 509 435 causa
533 406 676 439 laudatur;
700 413 755 433 non
770 406 842 434 enim
857 405 945 434 dixit:

163 453 228 481 Ηιιτ
251 453 283 480 de
309 454 365 488 ipso
388 453 573 484 enuntiantur;
595 455 643 480 sed
666 452 776 487 proprie
788 451 944 481 laudantur.

162 499 281 528 Verbum
304 503 393 527 autem
408 502 486 536 erial,
506 502 533 526 et
550 506 610 533 qua:
633 506 695 526 cum
711 498 781 533 ipso,
797 499 945 526 secundum

160 554 269 573 omnem
299 545 509 573 intellectionem
531 545 610 577 nulli,
634 545 687 572 nisi
714 544 770 572 Deo
801 548 944 580 eongruet,

162 593 240 628 177
252 593 317 628 quia
328 596 399 624 erat,
425 591 618 618 consideratur
636 591 665 618 in
688 591 748 626 ipso
766 598 849 626 supra
865 598 947 618 omne

160 639 340 674 principium;
355 642 394 665 est
408 644 472 665 vero
488 640 514 664 et
529 637 590 670 erit,
607 641 637 664 ut
651 637 764 664 omnino
778 637 893 665 habente
906 637 946 664 al—

159 685 299 712 terationis
320 691 351 710 ac
370 683 563 710 mutabilitatis
585 682 783 718 privationem,
802 688 946 718 propterea

157 731 237 758 etiam
256 730 493 765 superessentialis
514 729 626 756 dicitur.
652 728 840 764 [Quamobrem
855 730 945 756 omnia

157 777 189 803 de
208 777 274 808 ipso,
289 781 313 803 et
327 776 407 803 simul
424 776 558 802 dicuntur.
579 774 736 802 Secundum
750 783 841 803 causae
856 777 945 803 notio-

157 823 219 845 nem
244 815 336 844 omnia
358 815 448 850 inquit
467 815 500 842 de
525 814 580 842 Deo
596 813 667 846 dici,
687 821 720 841 ac
740 813 769 841 in
794 813 854 848 ipso
877 821 944 842 con-

157 861 281 890 sidrrari.
320 859 438 888 Verbum
473 859 546 886 enim
581 859 809 895 κατηγορεῖσθαι,
847 859 945 894 praedi-

157 908 224 940 cari,
250 906 322 942 apud
350 905 527 941 philosophos
552 905 603 933 hoc
633 905 777 941 significat.
807 905 867 941 Ipse
895 896 980 934 au-B

158 959 211 982 tem
234 953 302 981 nihil
323 958 365 980 est
388 953 498 980 illorum
517 953 641 980 omnium
656 959 774 987 quorum
790 957 834 980 est
849 960 944 986 causa,

157 1004 269 1036 propter
284 1007 355 1031 esse,
368 1003 395 1026 et
410 1006 492 1033 supra
505 1005 583 1031 esse;
602 998 676 1033 quod
693 998 847 1026 declaratur
862 1007 945 1035 nega-

158 1047 278 1075 tionibus
293 1045 503 1081 illiszinformis,
513 1054 563 1073 non
574 1045 691 1081 pulcher,
708 1049 736 1074 et
751 1046 860 1074 similia.
877 1045 947 1074 Cum

159 1098 249 1122 autem
271 1093 381 1126 dicitur,
402 1093 487 1120 omnis
507 1093 610 1128 formw,
635 1093 719 1121 omnis
741 1093 845 1129 ﬁgunt,
862 1094 948 1129 signi-

158 1141 232 1174 ilcat,
247 1147 309 1168 esse
323 1139 414 1167 omnis
428 1139 523 1174 ﬁgurae
542 1139 687 1175 omnisque
706 1139 801 1167 formae.
821 1146 944 1168 causam.

159 1185 303 1219 Quomodo
316 1185 408 1221 aliqua
426 1185 507 1212 etiam
523 1185 697 1221 intelligenda
717 1185 804 1222 sunt.]
820 1185 849 1213 In
862 1186 945 1215 idem.

159 1231 304 1266 Quomodo
318 1239 380 1259 cum
403 1230 529 1266 superius
542 1231 661 1259 dixerit:
674 1230 765 1266 Neque
783 1237 851 1266 erat,
866 1240 946 1268 neque

158 1282 208 1312 est,
226 1285 306 1312 neque
316 1277 406 1312 ﬁebat,
422 1285 503 1312 neque
521 1277 564 1311 ﬁt,
579 1285 659 1311 neque
673 1277 728 1312 ﬁet,
746 1278 800 1311 hic,
816 1278 891 1311 dicit,
903 1282 944 1306 at-

158 1332 213 1359 que
228 1324 255 1351 in
268 1331 301 1351 eo
314 1329 381 1356 erat,
393 1328 420 1350 et
433 1327 483 1356 est,
497 1327 525 1350 et
539 1323 599 1356 erit,
617 1327 643 1350 et
653 1323 743 1358 ﬁebat,
760 1328 787 1352 et
798 1324 840 1358 ﬁt,
852 1330 880 1353 et
889 1325 944 1360 ﬁet,

158 1370 271 1406 proprie
281 1370 447 1397 laudantur?
456 1368 526 1397 Num
541 1373 652 1398 sanctus
663 1370 810 1406 Dionysius
820 1371 874 1399 sibi
880 1379 946 1400 con-

155 1410 265 1437 tradicit
275 1409 286 1436 ?
298 1409 387 1436 Absit.
403 1408 470 1436 Nam
485 1416 568 1443 supra
579 1410 689 1444 quidem
700 1410 768 1437 dixit
784 1411 872 1446 ipsum
885 1418 946 1438 esse

154 1455 244 1482 omnis
257 1454 438 1488 exsistentiaz,
452 1455 639 1483 subsistentia
648 1474 656 1488 ,
669 1456 797 1484 essentia:
806 1475 814 1489 ,
830 1460 944 1488 naturae,

154 1503 182 1526 et
199 1501 330 1535 temporis
342 1504 511 1535 creatorem;
526 1502 625 1529 merito
640 1502 722 1538 igitur
737 1502 765 1529 in
778 1502 838 1537 ipso
854 1502 946 1538 posuit

999 268 1086 305 φθορᾷ
1103 268 1191 295 πάντα
1212 270 1259 296 καὶ
1277 270 1326 296 ὅσα
1337 268 1408 296 κατὰ
1421 267 1665 303 ἀντιπεριχώρησιν
1677 276 1683 283 ·
1701 267 1756 295 οἷον
1771 270 1788 305 ἡ

999 314 1057 347 νὺξ,
1072 315 1089 350 ἡ
1101 314 1205 351 ἡμέρα,
1219 315 1307 351 Θέρος,
1320 314 1367 342 καὶ
1381 314 1440 350 ἔαρ,
1458 314 1505 341 καὶ
1520 313 1555 340 τὰ
1570 310 1788 350 τοιαῦτα-γενή-

994 360 1113 388 σεταιδὲ
1129 360 1218 395 μόνον,
1234 361 1312 387 ἆτινα
1331 360 1408 387 οὔπω
1425 360 1567 395 γεγόνασιν
1579 359 1658 392 ὅλως,
1675 361 1788 396 προσδο-

997 406 1098 432 κῶνται
1113 405 1152 437 δὲ,
1165 403 1220 432 οἷον
1232 406 1249 441 ἡ
1265 405 1312 432 τοῦ
1323 406 1422 437 παντὸς
1438 404 1684 441 μεταστοιχείωσις,
1698 405 1787 432 καὶτὰ

997 451 1046 477 σὺν
1058 451 1137 486 αὐτῇ.
1151 451 1193 482 Ὠς
1203 450 1305 477 τούτων
1315 448 1361 477 οὖν
1368 451 1494 478 ἁπάντων
1502 450 1587 482 αἴτιος
1596 451 1610 476 ὁ
1623 449 1687 482 Θεὸς
1698 451 1788 485 ὑμνεί-

995 505 1050 524 ται·
1072 497 1101 523 οὑ
1114 496 1169 533 γὰρ
1181 495 1252 529 εἷπε,
1268 496 1363 523 Ταῦτα
1378 497 1425 523 ἐπ’
1448 496 1542 523 αὑτοῦ
1564 496 1784 530 κατηγορεῖται,

996 543 1064 570 ἀλλὰ
1076 542 1177 579 κυρίως
1193 543 1326 578 ὑμνεῖται.
1339 542 1376 569 Τὸ
1387 542 1415 569 δὲ
1431 541 1472 576 ἦν
1488 542 1535 568 καὶ
1550 541 1585 568 τὰ
1597 542 1645 568 σὺν
1656 541 1729 577 αὐτῷ
1740 551 1786 569 κα-

995 589 1029 616 τὰ
1043 590 1132 616 πᾶσαν
1144 588 1266 615 ἐπίνοιαν
1283 589 1333 615 οὐκ
1343 587 1416 624 ἄλλῳ
1428 588 1482 615 τινὶ
1496 587 1513 624 ἢ
1530 587 1569 623 τῷ
1585 588 1644 624 Θεῷ
1658 587 1784 624 ἁρμόσει,

995 634 1039 661 διὰ
1055 634 1086 661 τὸ
1106 635 1197 670 πάσης
1216 634 1303 670 ἀρχῆς
1315 633 1449 670 ἀνώτερον
1465 635 1509 660 ἐπ’
1528 632 1609 660 αὐτοῦ
1623 633 1784 669 Θεωρεῖσθαι

994 681 1026 707 τὸ
1036 681 1083 715 ἦν.
1098 680 1134 707 Τὸ
1146 681 1174 708 δὲ
1186 681 1251 708 ἐστι
1261 681 1309 707 καὶ
1323 680 1354 706 τὸ
1370 679 1499 712 ἐσταιὼς
1510 680 1597 714 πάντη
1605 678 1637 706 τὸ
1644 679 1784 706 ἀναλλοίω-

994 738 1054 761 τον,
1074 729 1121 755 καὶ
1136 728 1207 755 κατὰ
1225 728 1313 754 πάντα
1329 722 1513 763 ἀμετάϐλητον
1532 727 1656 762 ἔχοντος·
1675 727 1714 753 διὸ
1736 726 1784 753 καὶ

995 774 1156 810 ὑπερούσιος
1174 774 1284 808 λέγεται
1296 773 1329 799 ’⁸.
1356 772 1415 809 [Διὸ
1438 773 1487 800 καὶ
1511 772 1609 800 πάντα
1624 771 1718 799 αὺτοῦ
1733 771 1784 800 καὶ

994 819 1053 854 ἅμα
1065 819 1276 854 κατηγορεῖται.
1290 819 1368 846 Κατὰ
1379 819 1427 854 τὴν
1440 818 1487 845 τοῦ
1501 818 1586 845 αἰτίου
1604 818 1707 845 ἔννοιαν
1717 818 1784 844 πάν-

994 873 1028 891 τα
1043 864 1124 891 αὑτοῦ
1142 873 1207 900 φησι
1220 864 1267 891 τοῦ
1283 864 1351 890 Θεοῦ
1367 863 1503 898 λέγεσθαι,
1520 863 1537 899 ἢ
1565 863 1607 889 ἐπ’
1623 862 1705 889 αὑτοῦ
1720 863 1785 889 νοεῖ-

995 910 1065 938 σθαι.
1081 911 1118 937 Τὺ
1128 910 1182 946 γὰρ
1197 909 1425 945 κατηγορεῖσθαι
1436 909 1508 935 κατὰ
1523 908 1685 944 φιλοσόφους
1704 908 1784 934 τοῦτο

993 955 1075 992 δηλοῖ.
1086 955 1171 987 Αὐτὸς
1180 955 1208 982 δὲ
1220 955 1295 982 οὐδὲν
1307 955 1362 982 τῶν
1378 955 1486 982 πάντων
1500 955 1582 987 ἐστὶν,
1600 951 1637 981 ὧν
1654 955 1727 981 ἐστιν
1741 954 1785 981 αῐ-

993 1009 1059 1033 τιος,
1071 1000 1115 1027 διὰ
1128 1000 1158 1027 τὸ
1171 999 1238 1027 εἶναι
1252 1000 1300 1027 καὶ
1314 1000 1454 1036 ὑπερεϊναι
1463 1007 1470 1014 °
1483 999 1522 1026 διὸ
1536 1000 1581 1026 καὶ
1592 1000 1619 1026 αἱ
1632 999 1785 1034 ἀποφάσεις

993 1045 1071 1072 τοῦτο
1089 1045 1229 1081 δηλοῦσιν,
1252 1044 1308 1073 οἷον
1329 1045 1359 1072 rb
1379 1045 1521 1080 ἄμορφος,
1537 1045 1567 1071 τὸ
1584 1044 1721 1078 ἀκαλλὴς
1736 1045 1785 1071 καὶ

992 1091 1027 1118 τὰ
1041 1092 1131 1127 ὅμοιαι
1149 1091 1180 1118 τὸ
1195 1091 1223 1118 δὲ
1237 1091 1417 1126 πάνσχημος
1433 1091 1480 1118 καὶ
1497 1090 1655 1124 πανείδεος
1665 1090 1696 1116 τὸ
1712 1098 1783 1117 παν-

993 1138 1038 1170 τὸς
1054 1138 1140 1170 εἴδους
1151 1138 1198 1165 καὶ
1210 1137 1347 1173 σχήματος
1362 1137 1446 1165 αἴτιον
1463 1137 1543 1164 αὐτὸν
1556 1137 1688 1172 ὑπάρχειν
1696 1136 1781 1172 δηλοῖ.

993 1185 1070 1212 Καθὺ
1084 1185 1132 1212 καὶ
1149 1183 1183 1211 τὰ
1200 1184 1262 1220 ἑξῆς
1277 1183 1408 1220 νοητέον.]
1423 1184 1470 1216 Εἰς
1488 1183 1519 1210 τὺ
1539 1183 1614 1210 αὑτό.
1631 1183 1694 1215 Πῶς
1712 1183 1784 1210 ἁνυ-

993 1231 1065 1267 τέρω
1080 1229 1181 1262 εἰπὼν,
1202 1229 1271 1256 οὔτε
1286 1229 1343 1264 ἦν,
1360 1230 1428 1256 οὐτε
1443 1229 1545 1262 ἐστὶν,
1562 1229 1631 1255 οὔτε
1652 1227 1783 1263 ἐγένετο,

993 1277 1062 1304 οὔτε
1077 1277 1205 1311 γίνεται,
1222 1275 1292 1302 οὔτε
1308 1275 1465 1311 γενήσεται
1476 1295 1483 1308 ,
1500 1274 1617 1302 ἐνταῦθά
1634 1283 1726 1310 φησιν,
1738 1275 1782 1301 ἐπ’

993 1322 1074 1350 αὑτοῦ
1088 1323 1134 1349 καὶ
1149 1322 1180 1348 τὸ
1191 1322 1267 1354 ἐστὶ,
1282 1322 1328 1348 καὶ
1342 1321 1372 1348 τὸ
1384 1322 1479 1354 ἔσται,
1495 1322 1542 1348 καὶ
1557 1321 1587 1348 τὸ
1599 1321 1726 1356 ἐγένετο,
1735 1320 1783 1347 καὶ

994 1369 1024 1396 rb
1037 1369 1164 1405 ﬂaretur,
1181 1367 1228 1394 καὶ
1247 1367 1422 1402 γενήσεται,
1440 1367 1543 1402 κυρίως
1560 1366 1702 1403 ὑμνεῖται;
1726 1363 1783 1402 ἆρα

994 1414 1122 1447 ἐναντίως
1137 1413 1226 1450 ἑαυτῷ
1242 1414 1315 1449 λέγει
1331 1415 1345 1441 ὁ
1362 1414 1438 1448 ἅγιος
1449 1412 1601 1445 Διονύσιοςς
1618 1412 1654 1448 μὴ
1665 1412 1779 1446 γένοιτο.

995 1462 1068 1488 Ἀνω
1086 1461 1134 1496 μὲν
1153 1460 1207 1497 γὰρ
1221 1461 1301 1488 αὑτὸν
1316 1459 1479 1496 δημιουργὸν
1499 1457 1558 1485 εἷπε
1581 1459 1669 1493 πάσης
1692 1458 1781 1492 ὑπάρ-

995 1506 1071 1540 ξεως,
1091 1507 1276 1538 ὑποστάσεως,
1293 1506 1396 1538 οὐσίας,
1420 1505 1527 1540 φύσεως
1543 1504 1650 1531 καὶτοῦ
1667 1504 1780 1540 χρόνου·

154 1545 250 1573 ordine
272 1551 331 1573 erat
355 1550 382 1574 et
402 1550 510 1579 caetera,
529 1551 558 1574 ut
579 1548 715 1584 intelligas
729 1547 802 1584 quod
814 1556 902 1584 neque
913 1556 944 1576 ex

995 1553 1104 1585 εἰκότως
1116 1550 1161 1580 οὖν
1178 1553 1224 1579 ἐπὶ
1239 1552 1319 1579 αὑτοῦ
1331 1551 1362 1578 τὺ
1374 1551 1414 1586 ἦν
1426 1551 1513 1584 ἔταξε,
1527 1550 1574 1578 καὶ
1585 1549 1619 1576 τὰ
1633 1550 1722 1586 ἕτερα,
1738 1549 1783 1575 ἵνα,

155 1595 286 1627 tempore,
312 1600 400 1628 neque
423 1593 450 1620 in
475 1597 608 1629 tempore,
631 1603 719 1631 neque
750 1599 814 1630 post
837 1599 944 1630 tempus

155 1637 226 1666 Deus
240 1639 354 1672 exstitit;
367 1638 414 1666 sed
429 1639 503 1674 quod
517 1641 643 1676 superior
655 1642 692 1669 sit
703 1642 762 1676 ipsa
772 1641 943 1672 exsistentia:

154 1683 223 1710 dixit
235 1684 308 1711 enim
322 1691 329 1710 :
347 1683 378 1710 In
392 1683 448 1718 ipso
464 1689 502 1711 est
523 1685 697 1719 eminentia,-
713 1686 759 1713 hic
776 1693 841 1713 vero
858 1693 945 1721 quan-

154 1730 301 1766 doquidem
315 1730 416 1759 dixerit
433 1732 508 1759 omni
519 1739 614 1760 eorum
634 1740 695 1767 quae
710 1736 774 1760 sunt
793 1732 945 1768 intelligen-

155 1777 192 1804 tia
207 1777 477 1812 multiplicari,recte
493 1778 576 1811 dixit,
595 1778 624 1806 in
641 1778 703 1814 ipso
716 1781 743 1806 et
761 1782 828 1812 erat,
845 1782 873 1806 et
882 1779 943 1812 erit,

154 1826 182 1850 et
196 1829 257 1857 qua:
272 1822 417 1858 deinceps;
434 1828 464 1851 ut
478 1823 501 1851 si
517 1823 692 1852 occasionem
707 1828 754 1851 aut
776 1827 884 1860 tempus
898 1831 945 1851 co-

155 1868 296 1903 gitaveris,
315 1868 372 1896 illic
393 1868 479 1897 Deum
503 1871 624 1905 reperies
642 1874 669 1897 et
681 1877 775 1905 supra,
795 1874 822 1898 et
839 1875 902 1898 ante
913 1879 944 1898 ea

155 1921 216 1948 quae
235 1918 315 1946 sunt,
336 1918 418 1950 atque
441 1922 533 1942 rerum
548 1915 740 1943 exsistentium
756 1919 895 1943 auctorem
912 1923 944 1943 ac

156 1961 341 1994 conditorem,
354 1965 382 1988 et
394 1961 463 1988 nihil
478 1969 512 1989 ex
525 1961 593 1997 ipsis
607 1962 796 1995 exsistentem,
816 1962 887 1990 sicut
900 1962 943 1989 di-

155 2007 245 2035 cimus
256 2007 329 2042 quod
342 2007 411 2035 nihil
426 2007 463 2035 sit
473 2014 575 2037 rerum.
589 2011 616 2036 et
628 2008 656 2035 in
667 2008 797 2036 omnibus
807 2008 854 2036 sit.

189 2047 314 2083 Nihilque
332 2051 370 2074 est
384 2048 513 2076 omnium.
530 2047 636 2076 Formae
660 2057 751 2083 expers
776 2049 894 2077 refertur
908 2050 943 2077 ad

153 2095 225 2122 omni
250 2096 337 2130 ﬁgura
355 2093 493 2129 prwditus,
519 2098 663 2130 propterea
689 2095 761 2131 quod
790 2098 833 2124 est
859 2103 943 2131 supra

153 2142 277 2178 corporis
292 2143 484 2177 privationem,
495 2146 522 2170 et
532 2150 616 2178 supra
631 2142 754 2170 materia:
765 2142 940 2175 vacuitatem,

154 2188 239 2215 forma
252 2196 348 2216 carens
361 2193 487 2224 respectu
502 2188 537 2216 ad
555 2189 675 2224 aliquam
691 2196 748 2216 rem
763 2188 866 2216 habito.
876 2188 943 2216 Pul-

992 1600 1091 1636 νοήσῃς
1101 1599 1141 1626 ὅτι
1152 1598 1213 1625 οὕτε
1225 1598 1278 1625 ἀπὸ
1292 1597 1400 1634 χρόνου,
1417 1596 1478 1623 οὔτε
1501 1597 1531 1623 ὲν
1545 1596 1643 1632 χρόνῳ,
1661 1594 1721 1622 οὒτε
1734 1603 1783 1630 με-

991 1646 1026 1673 τὰ
1037 1645 1131 1682 χρόνον
1147 1644 1248 1680 ἡρξατο
1263 1644 1277 1670 ὁ
1290 1643 1365 1676 Θεὸς,
1384 1643 1441 1671 ἀλλ’
1457 1643 1497 1669 ὅτι
1515 1643 1562 1669 καὶ
1577 1641 1660 1668 αὐτοῦ
1676 1640 1723 1667 τοῦ
1739 1639 1779 1667 εῖ-

992 1700 1036 1719 ναι
1043 1690 1250 1726 ἀνὼτερόςὲστιι
1261 1690 1312 1717 Ἐν
1318 1689 1406 1722 αὐτῷ,
1414 1688 1468 1724 γὰρ
1475 1687 1546 1721 εἷπε,
1554 1688 1585 1714 τὸ
1593 1687 1677 1714 εἶναι’
1687 1686 1784 1713 ἐνταῦ-

992 1738 1027 1764 Θα
1036 1737 1075 1770 δὲ,
1092 1736 1184 1772 ἐπειδὴ
1199 1735 1270 1762 κατὰ
1290 1736 1379 1762 πᾶσαν
1395 1735 1515 1761 ἐπίνοιαν
1530 1732 1605 1760 εἶπεν
1619 1733 1700 1760 αὑτὸν
1717 1733 1783 1759 πολ-

991 1781 1231 1814 λαπλασιάζεσθαι,
1245 1780 1356 1812 δικαίως
1371 1777 1457 1813 εἶπεν,
1470 1780 1513 1806 ἐπ’
1529 1779 1610 1806 αὐτοῦ
1628 1779 1716 1806 καὶτὸ
1730 1779 1781 1813 ἦν,

991 1829 1039 1856 καὶ
1051 1828 1081 1855 τὸ
1094 1828 1188 1860 ἔσται,
1204 1827 1251 1854 καὶ
1265 1826 1299 1853 τὰ
1314 1825 1386 1862 ὲξῆςη
1406 1825 1448 1852 ἵνα
1461 1823 1516 1851 οἷον
1530 1824 1624 1862 καιρὸν
1634 1845 1641 1857 ,
1657 1824 1673 1859 ἢ
1687 1824 1783 1859 χρόνον

991 1873 1148 1909 ὲπινοήσῃς,
1163 1872 1222 1898 ἐκεῖ
1234 1871 1280 1898 τὸν
1296 1870 1362 1897 Θεὸν
1379 1870 1505 1906 εὑρήσεις
1520 1870 1565 1896 καὶ
1581 1869 1650 1904 ὑπὲρ
1662 1868 1697 1895 τὰ
1704 1868 1781 1901 ὄντα,

991 1919 1039 1945 καὶ
1057 1918 1174 1953 προόντα
1185 1937 1192 1950 ,
1208 1917 1255 1944 καὶ
1270 1916 1360 1943 αὐτῶν
1377 1915 1431 1942 τῶν
1454 1915 1538 1942 ὅντων
1559 1914 1643 1941 αἴτιον
1667 1914 1714 1941 καὶ
1734 1914 1783 1950 δη-

993 1965 1133 2002 μιουργὸν,
1151 1965 1198 1991 καὶ
1211 1964 1287 1990 οὐδὲν
1303 1963 1332 1997 ἐξ
1349 1962 1438 1990 αὐτῶν
1452 1962 1526 1994 ὂντα,
1544 1962 1639 1997 ὥσπερ
1653 1961 1782 1996 λέγομεν,

991 2012 1031 2038 δτι
1047 2011 1125 2038 οὐδὲν
1137 2010 1191 2037 τῶν
1208 2010 1292 2037 ὄντων
1303 2009 1373 2042 ἐστὶ,
1389 2009 1437 2036 xui.
1449 2009 1478 2036 ὲν
1493 2009 1550 2040 τοῖς
1564 2007 1646 2034 πᾶσίν
1660 2008 1744 2034 ἐστιν.

1027 2057 1081 2083 Kal
1097 2055 1186 2083 οὐδέν·
1199 2055 1266 2082 ἐστι
1280 2053 1339 2082 τῶν
1353 2054 1483 2080 πάντων.
1504 2053 1576 2088 Πρὸς
1597 2052 1628 2079 τὸ
1644 2052 1783 2086 πάνσχη-

989 2111 1046 2138 μσς
1062 2102 1093 2129 τὸ
1109 2102 1256 2137 ἄμορφος,
1273 2100 1317 2128 διὰ
1331 2100 1361 2127 τὸ
1377 2100 1447 2135 ὑπὲρ
1460 2099 1630 2135 ἁσωματίαν,
1650 2099 1697 2125 καλ¹
1712 2098 1783 2134 ὑπὲρ

992 2148 1087 2175 ἀῦλίαν
1109 2146 1213 2184 [ablat],
1231 2147 1261 2173 οὐ
1291 2145 1504 2182 μεμορφωμένον
1529 2144 1597 2181 πρός
1623 2153 1650 2171 τι
1669 2144 1723 2171 τῶν
1738 2145 1784 2171 δνσ

992 2202 1046 2221 των
1056 2194 1078 2210 ’⁸
1087 2200 1095 2210 '
1109 2193 1177 2230 πρὸς
1189 2193 1217 2220 δὲ
1235 2192 1265 2219 τὸ
1280 2192 1435 2224 πανείδεος
1451 2191 1482 2217 τὸ
1496 2191 1643 2224 ὰκαλλής.
1665 2190 1784 2226 ’Δκαλλῆ

154 2235 310 2262 εΙινὶιιιάὶηἰε
326 2240 416 2263 autem
434 2243 526 2271 expers
537 2255 544 2268 ,
560 2235 679 2263 refertur
703 2235 737 2263 ad
757 2235 830 2262 omni
853 2235 940 2270 [arma

995 2241 1020 2268 δὲ
1035 2241 1119 2275 λέγει,
1133 2240 1171 2272 ὡς
1185 2240 1232 2267 καὶ
1257 2238 1304 2265 τοῦ
1332 2237 1445 2269 κάλλους
1468 2235 1497 2269 ἐξ
1522 2236 1604 2264 αὑτοῦ
1630 2237 1783 2272 γεγονότος,

153 2281 291 2316 prwdilus.
305 2281 390 2310 Porro
412 2282 501 2318 ipsum
516 2281 728 2317 pulchritudinis
747 2284 884 2317 expertem
898 2281 941 2309 di-

154 2327 202 2358 cit.
229 2328 291 2362 quia
305 2327 482 2362 pulchritudo
501 2328 536 2355 ab
561 2328 621 2362 ipso
638 2327 752 2363 prodiit,
774 2330 802 2355 et
825 2327 885 2362 ipse
899 2330 942 2354 est

154 2380 237 2407 supra
250 2373 492 2408 pulchritudinem.
510 2373 660 2409 Scriptura:
671 2374 760 2402 enim:
778 2373 813 2400 Et
826 2373 940 2400 vidimus

155 2419 252 2453 ipsum,
277 2423 302 2446 et
327 2427 380 2446 non
397 2419 509 2447 habebat
531 2420 653 2455 speciem,
676 2427 757 2455 neque
781 2418 899 2446 decorem
917 2418 941 2452 ⁸,

155 2468 182 2491 ct
196 2471 256 2498 qua:
267 2464 407 2500 deinceps.

191 2509 221 2537 Si
232 2510 302 2536 enim
328 2510 370 2537 sol
397 2510 442 2538 ille
467 2515 556 2538 noster
567 2526 581 2534 ι-
592 2511 667 2538 lnl'ra
684 2511 712 2538 in
727 2511 780 2538 ﬁne
798 2511 941 2546 sequentis

155 2557 292 2584 sermonis
316 2564 364 2584 seu
390 2557 460 2585 sexti
487 2556 597 2592 capitis,
629 2557 677 2584 ubi
702 2557 824 2585 ostendit
855 2557 941 2584 solem

156 2602 225 2629 nihil
238 2610 271 2630 ex
286 2611 316 2630 se
330 2603 390 2638 ipso
405 2602 506 2635 facere,
535 2603 583 2630 sed
601 2610 635 2630 ex
663 2604 787 2630 omnium
814 2610 898 2630 causa
914 2607 942 2630 et

157 2648 290 2684 principio
302 2649 375 2684 quod
398 2652 442 2678 est
467 2648 555 2683 Deus;
583 2649 697 2685 pulchre
717 2654 809 2678 autem
825 2650 941 2678 demon-

213 2738 225 2756 ε
243 2735 296 2764 lsa.
313 2744 373 2770 un,
388 2737 416 2765 2.

995 2285 1078 2314 αὐτοῦ
1099 2286 1128 2313 δὲ
1141 2285 1189 2313 καὶ
1203 2286 1274 2321 ὑπὲρ
1291 2284 1388 2316 κάλλος
1399 2284 1484 2316 ὄντος.
1497 2283 1531 2310 Δί
1544 2283 1572 2310 δὲ
1587 2283 1713 2318 χρήσεις·
1723 2283 1781 2309 Καὶ

994 2332 1114 2368 εἴδομεν
1124 2332 1227 2364 αὑτὸν,
1243 2331 1292 2358 καὶ
1303 2332 1359 2358 οὐκ
1372 2331 1453 2365 εἶχεν
1469 2329 1559 2363 εἶδος,
1572 2327 1643 2356 οὐδὲ
1656 2328 1781 2362 κάλλος,

995 2379 1042 2407 καὶ
1056 2378 1091 2406 τὰ
1105 2377 1179 2413 ἑξῆς.

1031 2513 1066 2539 ΕΖ
1089 2511 1144 2546 γὰρ
1171 2511 1189 2538 ό
1214 2510 1279 2538 καθ’
1294 2509 1373 2545 ἡμᾶς
1391 2510 1487 2544 ἥλιος.
1513 2509 1597 2536 Κάτω
1612 2508 1642 2535 ὲν
1656 2507 1695 2543 τῷ
1710 2506 1781 2533 τέλει

994 2558 1041 2584 τοῦ
1068 2558 1131 2593 ἑξῆς
1147 2557 1238 2591 λόγου,
1254 2557 1314 2592 ἦτοι
1327 2555 1375 2583 τοῦ
1391 2556 1469 2582 ἕκτου
1491 2555 1649 2589 κεφαλαίου,
1665 2554 1731 2580 ὅπου
1750 2552 1782 2578 τὸ

997 2605 1108 2639 σημεῖον
1118 2603 1260 2636 δείκνυσιν,
1276 2603 1317 2630 ὅτι
1330 2603 1405 2630 οὐδὲν
1419 2603 1466 2637 ἀφ’
1480 2600 1575 2628 ἑαυτοῦ
1591 2601 1685 2627 ποιεῖὁ
1695 2598 1780 2635 ἥλιος,

995 2650 1051 2676 ἀλλ’
1065 2651 1097 2676 ὲκ
1110 2650 1160 2685 τῆς
1174 2650 1282 2680 πάντων
1299 2649 1388 2681 αἰτίας
1415 2649 1462 2675 καὶ
1483 2648 1582 2684 ἀρχῆς,
1599 2647 1660 2683 ἥτις
1674 2646 1746 2673 ἐστὶν
1765 2645 1781 2671 ὁ

598 2816 714 2846 νΑΙιΙίΕ
734 2817 925 2848 LECTIONES
940 2816 984 2846 ET
1000 2816 1273 2847 CORRECTIONES.

213 2894 236 2910 "
251 2887 366 2930 εἴρηται.
400 2896 421 2911 ³⁵
435 2896 546 2931 νοητῶν.
