  <div class='ocr_page' id='page_1' title='image "/cluster/home/n/w/nwhite01/storage/ocr_20150623/4/njp.32101010944526/172.png"; bbox 0 0 1923 3064; ppageno 0'>
   <div class='ocr_carea' id='block_1_1' title="bbox 109 136 160 163">
    <p class='ocr_par' dir='ltr' id='par_1_1' title="bbox 109 136 160 163">
     <span class='ocr_line' id='line_1_1' title="bbox 109 136 160 163; baseline -0.02 0"><span class='ocrx_word' id='word_1_1' title='bbox 109 136 160 163; x_wconf 68' lang='lat'><strong>529</strong></span> 
     </span>
    </p>
   </div>
   <div class='ocr_carea' id='block_1_2' title="bbox 479 127 1363 171">
    <p class='ocr_par' dir='ltr' id='par_1_2' title="bbox 479 127 1363 171">
     <span class='ocr_line' id='line_1_2' title="bbox 479 127 1363 171; baseline -0.005 -12"><span class='ocrx_word' id='word_1_2' title='bbox 479 131 505 159; x_wconf 89' lang='lat' dir='ltr'><strong>S.</strong></span> <span class='ocrx_word' id='word_1_3' title='bbox 524 130 645 159; x_wconf 76' lang='lat' dir='ltr'><strong>MAXIM]</strong></span> <span class='ocrx_word' id='word_1_4' title='bbox 664 129 809 159; x_wconf 80' lang='lat' dir='ltr'><strong>SCHOLIA</strong></span> <span class='ocrx_word' id='word_1_5' title='bbox 825 128 858 156; x_wconf 86' lang='lat' dir='ltr'><strong>iN</strong></span> <span class='ocrx_word' id='word_1_6' title='bbox 874 128 937 171; x_wconf 75' lang='lat' dir='ltr'><strong>LiB.</strong></span> <span class='ocrx_word' id='word_1_7' title='bbox 959 129 1004 156; x_wconf 86' lang='lat' dir='ltr'><strong>DE</strong></span> <span class='ocrx_word' id='word_1_8' title='bbox 1020 128 1146 156; x_wconf 79' lang='lat' dir='ltr'><strong>DlViNlS</strong></span> <span class='ocrx_word' id='word_1_9' title='bbox 1165 127 1363 157; x_wconf 76' lang='lat' dir='ltr'><strong>NOMINIBUS.</strong></span> 
     </span>
    </p>
   </div>
   <div class='ocr_carea' id='block_1_3' title="bbox 1671 127 1723 154">
    <p class='ocr_par' dir='ltr' id='par_1_3' title="bbox 1671 127 1723 154">
     <span class='ocr_line' id='line_1_3' title="bbox 1671 127 1723 154; baseline -0.019 -1"><span class='ocrx_word' id='word_1_10' title='bbox 1671 127 1723 154; x_wconf 66' lang='lat'><strong>330</strong></span> 
     </span>
    </p>
   </div>
   <div class='ocr_carea' id='block_1_4' title="bbox 107 185 899 225">
    <p class='ocr_par' dir='ltr' id='par_1_4' title="bbox 107 188 892 225">
     <span class='ocr_line' id='line_1_4' title="bbox 107 188 892 225; baseline -0.005 -6"><span class='ocrx_word' id='word_1_11' title='bbox 107 192 182 224; x_wconf 79' lang='grc' dir='ltr'>Θεός.</span> <span class='ocrx_word' id='word_1_12' title='bbox 199 191 296 223; x_wconf 79' lang='grc' dir='ltr'>Καλῶς</span> <span class='ocrx_word' id='word_1_13' title='bbox 312 191 340 218; x_wconf 84' lang='grc' dir='ltr'>δὲ</span> <span class='ocrx_word' id='word_1_14' title='bbox 349 189 488 222; x_wconf 77' lang='grc' dir='ltr'><strong>ἀπέδειξεν</strong></span> <span class='ocrx_word' id='word_1_15' title='bbox 503 191 535 217; x_wconf 81' lang='grc' dir='ltr'>ὲκ</span> <span class='ocrx_word' id='word_1_16' title='bbox 556 190 605 216; x_wconf 76' lang='grc' dir='ltr'>τοῦ</span> <span class='ocrx_word' id='word_1_17' title='bbox 619 190 693 225; x_wconf 80' lang='grc' dir='ltr'>ἡλίου</span> <span class='ocrx_word' id='word_1_18' title='bbox 707 190 738 216; x_wconf 82' lang='grc' dir='ltr'>τὸ</span> <span class='ocrx_word' id='word_1_19' title='bbox 753 189 815 224; x_wconf 71' lang='grc' dir='ltr'>περὶ</span> <span class='ocrx_word' id='word_1_20' title='bbox 825 188 892 215; x_wconf 82' lang='grc' dir='ltr'><strong>Θεοῦ</strong></span> 
     </span>
    </p>
   </div>
   <div class='ocr_carea' id='block_1_5' title="bbox 952 185 1722 225">
    <p class='ocr_par' dir='ltr' id='par_1_5' title="bbox 952 185 1722 222">
     <span class='ocr_line' id='line_1_5' title="bbox 952 185 1722 222; baseline -0.003 -8"><span class='ocrx_word' id='word_1_21' title='bbox 952 187 1041 215; x_wconf 68' lang='lat' dir='ltr'><strong>itravit</strong></span> <span class='ocrx_word' id='word_1_22' title='bbox 1051 187 1175 222; x_wconf 81' lang='lat' dir='ltr'><strong>exemplo</strong></span> <span class='ocrx_word' id='word_1_23' title='bbox 1195 187 1261 215; x_wconf 90' lang='lat' dir='ltr'><strong>solis</strong></span> <span class='ocrx_word' id='word_1_24' title='bbox 1277 186 1344 222; x_wconf 88' lang='lat' dir='ltr'><strong>quid</strong></span> <span class='ocrx_word' id='word_1_25' title='bbox 1366 185 1400 214; x_wconf 88' lang='lat' dir='ltr'><strong>de</strong></span> <span class='ocrx_word' id='word_1_26' title='bbox 1415 185 1470 213; x_wconf 88' lang='lat' dir='ltr'><strong>Deo</strong></span> <span class='ocrx_word' id='word_1_27' title='bbox 1491 185 1604 221; x_wconf 75' lang='lat' dir='ltr'><strong>cogitari</strong></span> <span class='ocrx_word' id='word_1_28' title='bbox 1616 185 1722 212; x_wconf 88' lang='lat' dir='ltr'><strong>debeat.</strong></span> 
     </span>
    </p>
   </div>
   <div class='ocr_carea' id='block_1_6' title="bbox 107 234 892 275">
    <p class='ocr_par' dir='ltr' id='par_1_6' title="bbox 107 234 892 275">
     <span class='ocr_line' id='line_1_6' title="bbox 107 234 892 275; baseline -0.008 -8"><span class='ocrx_word' id='word_1_29' title='bbox 107 239 265 275; x_wconf 83' lang='grc' dir='ltr'>νοούμενον·</span> <span class='ocrx_word' id='word_1_30' title='bbox 288 237 383 273; x_wconf 82' lang='grc' dir='ltr'>ὥσπερ</span> <span class='ocrx_word' id='word_1_31' title='bbox 397 236 451 273; x_wconf 86' lang='grc' dir='ltr'><strong>γὰρ</strong></span> <span class='ocrx_word' id='word_1_32' title='bbox 467 236 549 268; x_wconf 77' lang='grc' dir='ltr'>αὐτὸς</span> <span class='ocrx_word' id='word_1_33' title='bbox 566 234 606 268; x_wconf 80' lang='grc' dir='ltr'>εἷς</span> <span class='ocrx_word' id='word_1_34' title='bbox 619 236 656 263; x_wconf 84' lang='grc' dir='ltr'>ὢν</span> <span class='ocrx_word' id='word_1_35' title='bbox 670 237 684 262; x_wconf 85' lang='grc' dir='ltr'><strong>ό</strong></span> <span class='ocrx_word' id='word_1_36' title='bbox 696 235 784 271; x_wconf 76' lang='grc' dir='ltr'>ἣλιος,</span> <span class='ocrx_word' id='word_1_37' title='bbox 805 235 892 262; x_wconf 85' lang='grc' dir='ltr'>πάντα</span> 
     </span>
    </p>
   </div>
   <div class='ocr_carea' id='block_1_7' title="bbox 107 281 893 320">
    <p class='ocr_par' dir='ltr' id='par_1_7' title="bbox 107 281 893 320">
     <span class='ocr_line' id='line_1_7' title="bbox 107 281 893 320; baseline -0.006 -8"><span class='ocrx_word' id='word_1_38' title='bbox 107 286 142 313; x_wconf 76' lang='grc' dir='ltr'>τὰ</span> <span class='ocrx_word' id='word_1_39' title='bbox 157 284 275 320; x_wconf 77' lang='grc' dir='ltr'>αἰσθητὰ</span> <span class='ocrx_word' id='word_1_40' title='bbox 299 284 438 318; x_wconf 80' lang='grc' dir='ltr'>ζωογονεί,</span> <span class='ocrx_word' id='word_1_41' title='bbox 469 283 516 310; x_wconf 78' lang='grc' dir='ltr'>καὶ</span> <span class='ocrx_word' id='word_1_42' title='bbox 544 282 649 318; x_wconf 72' lang='grc' dir='ltr'>τρέφει,</span> <span class='ocrx_word' id='word_1_43' title='bbox 676 282 723 309; x_wconf 76' lang='grc' dir='ltr'>καὶ</span> <span class='ocrx_word' id='word_1_44' title='bbox 742 281 806 314; x_wconf 80' lang='grc' dir='ltr'>αὓξε</span> <span class='ocrx_word' id='word_1_45' title='bbox 824 302 832 314; x_wconf 89' lang='grc'><strong>,</strong></span> <span class='ocrx_word' id='word_1_46' title='bbox 848 281 893 308; x_wconf 69' lang='grc' dir='ltr'>καὶ</span> 
     </span>
    </p>
   </div>
   <div class='ocr_carea' id='block_1_8' title="bbox 107 326 893 364">
    <p class='ocr_par' dir='ltr' id='par_1_8' title="bbox 107 326 893 364">
     <span class='ocr_line' id='line_1_8' title="bbox 107 326 893 364; baseline -0.006 -7"><span class='ocrx_word' id='word_1_47' title='bbox 107 331 274 361; x_wconf 78' lang='grc' dir='ltr'>ὲναλλάττει,</span> <span class='ocrx_word' id='word_1_48' title='bbox 291 329 429 356; x_wconf 79' lang='grc' dir='ltr'><strong>τουτέστιν</strong></span> <span class='ocrx_word' id='word_1_49' title='bbox 445 328 498 355; x_wconf 82' lang='grc' dir='ltr'><strong>ἀπὸ</strong></span> <span class='ocrx_word' id='word_1_50' title='bbox 520 328 626 364; x_wconf 83' lang='grc' dir='ltr'><strong>μικρῶν</strong></span> <span class='ocrx_word' id='word_1_51' title='bbox 647 327 751 364; x_wconf 85' lang='grc' dir='ltr'>μεγάλα</span> <span class='ocrx_word' id='word_1_52' title='bbox 766 328 849 357; x_wconf 88' lang='grc' dir='ltr'>ποιεῖ,</span> <span class='ocrx_word' id='word_1_53' title='bbox 875 326 893 362; x_wconf 82' lang='grc' dir='ltr'>ἢ</span> 
     </span>
    </p>
   </div>
   <div class='ocr_carea' id='block_1_9' title="bbox 108 372 892 412">
    <p class='ocr_par' dir='ltr' id='par_1_9' title="bbox 108 372 892 412">
     <span class='ocr_line' id='line_1_9' title="bbox 108 372 892 412; baseline -0.008 -8"><span class='ocrx_word' id='word_1_54' title='bbox 108 378 154 404; x_wconf 78' lang='grc' dir='ltr'>καὶ</span> <span class='ocrx_word' id='word_1_55' title='bbox 170 378 224 404; x_wconf 81' lang='grc' dir='ltr'>ἀπὸ</span> <span class='ocrx_word' id='word_1_56' title='bbox 246 377 347 412; x_wconf 78' lang='grc' dir='ltr'><strong>σπόρου</strong></span> <span class='ocrx_word' id='word_1_57' title='bbox 374 377 404 403; x_wconf 81' lang='grc' dir='ltr'>τὸ</span> <span class='ocrx_word' id='word_1_58' title='bbox 427 376 456 410; x_wconf 80' lang='grc' dir='ltr'>ἐξ</span> <span class='ocrx_word' id='word_1_59' title='bbox 476 374 558 403; x_wconf 84' lang='grc' dir='ltr'>αὑτοῦ</span> <span class='ocrx_word' id='word_1_60' title='bbox 582 375 714 410; x_wconf 83' lang='grc' dir='ltr'><strong>φυόμενον</strong></span> <span class='ocrx_word' id='word_1_61' title='bbox 745 373 856 410; x_wconf 81' lang='grc' dir='ltr'><strong>βλαστὸν</strong></span> <span class='ocrx_word' id='word_1_62' title='bbox 876 372 892 407; x_wconf 86' lang='grc' dir='ltr'>ἢ</span> 
     </span>
    </p>
   </div>
   <div class='ocr_carea' id='block_1_10' title="bbox 108 419 894 460">
    <p class='ocr_par' dir='ltr' id='par_1_10' title="bbox 108 419 894 460">
     <span class='ocr_line' id='line_1_10' title="bbox 108 419 894 460; baseline -0.006 -9"><span class='ocrx_word' id='word_1_63' title='bbox 108 424 226 460; x_wconf 79' lang='grc' dir='ltr'><strong>δένδρον,</strong></span> <span class='ocrx_word' id='word_1_64' title='bbox 243 425 290 450; x_wconf 76' lang='grc' dir='ltr'><strong>καὶ</strong></span> <span class='ocrx_word' id='word_1_65' title='bbox 308 424 337 450; x_wconf 79' lang='grc' dir='ltr'><strong>ὲν</strong></span> <span class='ocrx_word' id='word_1_66' title='bbox 354 424 421 450; x_wconf 80' lang='grc' dir='ltr'>πᾶσι</span> <span class='ocrx_word' id='word_1_67' title='bbox 449 424 505 455; x_wconf 88' lang='grc' dir='ltr'>τοῖς</span> <span class='ocrx_word' id='word_1_68' title='bbox 520 422 667 458; x_wconf 74' lang='grc' dir='ltr'><strong>ὁρωμένοις</strong></span> <span class='ocrx_word' id='word_1_69' title='bbox 682 422 749 453; x_wconf 70' lang='grc' dir='ltr'>ἐστὶ,</span> <span class='ocrx_word' id='word_1_70' title='bbox 767 420 853 456; x_wconf 80' lang='grc' dir='ltr'>μηδὲν·</span> <span class='ocrx_word' id='word_1_71' title='bbox 865 419 894 453; x_wconf 76' lang='grc' dir='ltr'><strong>ἐξ</strong></span> 
     </span>
    </p>
   </div>
   <div class='ocr_carea' id='block_1_11' title="bbox 109 465 893 506">
    <p class='ocr_par' dir='ltr' id='par_1_11' title="bbox 109 465 893 506">
     <span class='ocr_line' id='line_1_11' title="bbox 109 465 893 506; baseline -0.008 -8"><span class='ocrx_word' id='word_1_72' title='bbox 109 471 199 498; x_wconf 84' lang='grc' dir='ltr'>αὐτῶν</span> <span class='ocrx_word' id='word_1_73' title='bbox 226 471 371 506; x_wconf 81' lang='grc' dir='ltr'><strong>ὑπάρχων·</strong></span> <span class='ocrx_word' id='word_1_74' title='bbox 395 469 466 497; x_wconf 76' lang='grc' dir='ltr'>οὕτω</span> <span class='ocrx_word' id='word_1_75' title='bbox 500 469 547 496; x_wconf 76' lang='grc' dir='ltr'>καὶ</span> <span class='ocrx_word' id='word_1_76' title='bbox 572 470 586 495; x_wconf 98' lang='lat'><strong>6</strong></span> <span class='ocrx_word' id='word_1_77' title='bbox 608 468 672 499; x_wconf 83' lang='grc' dir='ltr'>Θεὸς</span> <span class='ocrx_word' id='word_1_78' title='bbox 690 468 737 494; x_wconf 75' lang='grc' dir='ltr'>καὶ</span> <span class='ocrx_word' id='word_1_79' title='bbox 750 466 832 494; x_wconf 79' lang='grc' dir='ltr'>αὐτοῦ</span> <span class='ocrx_word' id='word_1_80' title='bbox 846 465 893 493; x_wconf 77' lang='grc' dir='ltr'>τοῦ</span> 
     </span>
    </p>
   </div>
   <div class='ocr_carea' id='block_1_12' title="bbox 113 512 892 554">
    <p class='ocr_par' dir='ltr' id='par_1_12' title="bbox 113 512 892 554">
     <span class='ocr_line' id='line_1_12' title="bbox 113 512 892 554; baseline -0.008 -10"><span class='ocrx_word' id='word_1_81' title='bbox 113 517 196 554; x_wconf 67' lang='grc' dir='ltr'>ἡλίου,</span> <span class='ocrx_word' id='word_1_82' title='bbox 213 517 259 544; x_wconf 76' lang='grc' dir='ltr'>καὶ</span> <span class='ocrx_word' id='word_1_83' title='bbox 274 517 382 543; x_wconf 83' lang='grc' dir='ltr'>πάντων</span> <span class='ocrx_word' id='word_1_84' title='bbox 403 515 457 542; x_wconf 85' lang='grc' dir='ltr'><strong>τῶν</strong></span> <span class='ocrx_word' id='word_1_85' title='bbox 481 514 616 550; x_wconf 73' lang='grc' dir='ltr'><strong>αἰσθητῶν</strong></span> <span class='ocrx_word' id='word_1_86' title='bbox 648 514 695 541; x_wconf 71' lang='grc' dir='ltr'><strong>καὶ</strong></span> <span class='ocrx_word' id='word_1_87' title='bbox 709 513 762 539; x_wconf 77' lang='grc' dir='ltr'>τῶν</span> <span class='ocrx_word' id='word_1_88' title='bbox 778 512 892 548; x_wconf 84' lang='grc' dir='ltr'>νοητῶν,</span> 
     </span>
    </p>
   </div>
   <div class='ocr_carea' id='block_1_13' title="bbox 67 558 893 598">
    <p class='ocr_par' dir='ltr' id='par_1_13' title="bbox 67 558 893 598">
     <span class='ocr_line' id='line_1_13' title="bbox 67 558 893 598; baseline -0.007 -8"><span class='ocrx_word' id='word_1_89' title='bbox 67 570 70 571; x_wconf 65' lang='grc'><strong><em>⁷</em></strong></span> <span class='ocrx_word' id='word_1_90' title='bbox 110 563 157 591; x_wconf 70' lang='grc' dir='ltr'>καὶ</span> <span class='ocrx_word' id='word_1_91' title='bbox 169 563 223 589; x_wconf 84' lang='grc' dir='ltr'>τῶν</span> <span class='ocrx_word' id='word_1_92' title='bbox 236 562 348 598; x_wconf 88' lang='grc' dir='ltr'>νοερῶν,</span> <span class='ocrx_word' id='word_1_93' title='bbox 363 561 402 588; x_wconf 83' lang='grc' dir='ltr'>ὢν</span> <span class='ocrx_word' id='word_1_94' title='bbox 416 562 510 593; x_wconf 71' lang='grc' dir='ltr'>αἴτιος,</span> <span class='ocrx_word' id='word_1_95' title='bbox 523 561 598 587; x_wconf 64' lang='grc' dir='ltr'>οὐδὲν</span> <span class='ocrx_word' id='word_1_96' title='bbox 613 561 645 594; x_wconf 82' lang='grc' dir='ltr'>ὲκ</span> <span class='ocrx_word' id='word_1_97' title='bbox 663 559 716 586; x_wconf 83' lang='grc' dir='ltr'>τῶν</span> <span class='ocrx_word' id='word_1_98' title='bbox 727 559 810 585; x_wconf 74' lang='grc' dir='ltr'>ὄντων</span> <span class='ocrx_word' id='word_1_99' title='bbox 825 558 893 588; x_wconf 72' lang='grc' dir='ltr'>ἐστὶ.</span> 
     </span>
    </p>
   </div>
   <div class='ocr_carea' id='block_1_14' title="bbox 112 602 896 639">
    <p class='ocr_par' dir='ltr' id='par_1_14' title="bbox 112 602 896 639">
     <span class='ocr_line' id='line_1_14' title="bbox 112 602 896 639; baseline -0.004 -7"><span class='ocrx_word' id='word_1_100' title='bbox 112 607 158 633; x_wconf 71' lang='grc' dir='ltr'>καὶ</span> <span class='ocrx_word' id='word_1_101' title='bbox 173 606 201 631; x_wconf 80' lang='grc' dir='ltr'><strong>ὲν</strong></span> <span class='ocrx_word' id='word_1_102' title='bbox 216 607 271 637; x_wconf 83' lang='grc' dir='ltr'>τοῖς</span> <span class='ocrx_word' id='word_1_103' title='bbox 285 607 366 632; x_wconf 77' lang='grc' dir='ltr'>πᾶσιν</span> <span class='ocrx_word' id='word_1_104' title='bbox 389 605 474 632; x_wconf 79' lang='grc' dir='ltr'>ἐστίν’</span> <span class='ocrx_word' id='word_1_105' title='bbox 491 605 573 632; x_wconf 79' lang='grc' dir='ltr'>αὑτοῦ</span> <span class='ocrx_word' id='word_1_106' title='bbox 597 604 652 639; x_wconf 80' lang='grc' dir='ltr'>γὰρ</span> <span class='ocrx_word' id='word_1_107' title='bbox 666 603 698 630; x_wconf 84' lang='grc' dir='ltr'><strong>τὰ</strong></span> <span class='ocrx_word' id='word_1_108' title='bbox 716 604 805 630; x_wconf 82' lang='grc' dir='ltr'>πάντα</span> <span class='ocrx_word' id='word_1_109' title='bbox 819 602 896 639; x_wconf 86' lang='grc' dir='ltr'>μετέ-</span> 
     </span>
    </p>
   </div>
   <div class='ocr_carea' id='block_1_15' title="bbox 110 646 896 685">
    <p class='ocr_par' dir='ltr' id='par_1_15' title="bbox 110 646 896 685">
     <span class='ocr_line' id='line_1_15' title="bbox 110 646 896 685; baseline -0.008 -8"><span class='ocrx_word' id='word_1_110' title='bbox 110 659 168 685; x_wconf 86' lang='grc' dir='ltr'><strong>χει·</strong></span> <span class='ocrx_word' id='word_1_111' title='bbox 185 650 224 676; x_wconf 81' lang='grc' dir='ltr'>διὸ</span> <span class='ocrx_word' id='word_1_112' title='bbox 235 650 281 677; x_wconf 80' lang='grc' dir='ltr'>καὶ</span> <span class='ocrx_word' id='word_1_113' title='bbox 301 651 317 685; x_wconf 80' lang='grc' dir='ltr'>ἡ</span> <span class='ocrx_word' id='word_1_114' title='bbox 333 649 427 685; x_wconf 77' lang='grc' dir='ltr'>Γραφὴ</span> <span class='ocrx_word' id='word_1_115' title='bbox 442 649 617 684; x_wconf 81' lang='grc' dir='ltr'>δικαιοσύνης</span> <span class='ocrx_word' id='word_1_116' title='bbox 632 647 726 674; x_wconf 85' lang='grc' dir='ltr'>’Ἠλιον</span> <span class='ocrx_word' id='word_1_117' title='bbox 739 646 818 673; x_wconf 85' lang='grc' dir='ltr'>αὑτὸν</span> <span class='ocrx_word' id='word_1_118' title='bbox 837 647 896 672; x_wconf 84' lang='grc' dir='ltr'><strong>ὀνο-</strong></span> 
     </span>
    </p>
   </div>
   <div class='ocr_carea' id='block_1_16' title="bbox 112 696 205 732">
    <p class='ocr_par' dir='ltr' id='par_1_16' title="bbox 112 696 205 732">
     <span class='ocr_line' id='line_1_16' title="bbox 112 696 205 732; baseline 0 -10"><span class='ocrx_word' id='word_1_119' title='bbox 112 696 205 732; x_wconf 77' lang='grc' dir='ltr'><strong>μάζει.</strong></span> 
     </span>
    </p>
   </div>
   <div class='ocr_carea' id='block_1_17' title="bbox 146 737 897 777">
    <p class='ocr_par' dir='ltr' id='par_1_17' title="bbox 146 737 897 777">
     <span class='ocr_line' id='line_1_17' title="bbox 146 737 897 777; baseline -0.011 -7"><span class='ocrx_word' id='word_1_120' title='bbox 146 742 380 777; x_wconf 75' lang='grc' dir='ltr'>Παραδείγματα.</span> <span class='ocrx_word' id='word_1_121' title='bbox 390 741 430 768; x_wconf 79' lang='grc' dir='ltr'><strong>Τὰ</strong></span> <span class='ocrx_word' id='word_1_122' title='bbox 445 739 663 776; x_wconf 82' lang='grc' dir='ltr'>παραδείγματα,</span> <span class='ocrx_word' id='word_1_123' title='bbox 672 738 750 765; x_wconf 79' lang='grc' dir='ltr'>ἆτινα</span> <span class='ocrx_word' id='word_1_124' title='bbox 765 738 811 764; x_wconf 75' lang='grc' dir='ltr'>καὶ</span> <span class='ocrx_word' id='word_1_125' title='bbox 827 737 897 769; x_wconf 83' lang='grc' dir='ltr'><strong>ἰδέας</strong></span> 
     </span>
    </p>
   </div>
   <div class='ocr_carea' id='block_1_18' title="bbox 111 784 897 824">
    <p class='ocr_par' dir='ltr' id='par_1_18' title="bbox 111 784 897 824">
     <span class='ocr_line' id='line_1_18' title="bbox 111 784 897 824; baseline -0.01 -7"><span class='ocrx_word' id='word_1_126' title='bbox 111 790 250 821; x_wconf 81' lang='grc' dir='ltr'>καλοῦσιν,</span> <span class='ocrx_word' id='word_1_127' title='bbox 265 788 315 824; x_wconf 62' lang='grc' dir='ltr'>ἤδη</span> <span class='ocrx_word' id='word_1_128' title='bbox 333 788 382 824; x_wconf 86' lang='grc' dir='ltr'><strong>μὲν</strong></span> <span class='ocrx_word' id='word_1_129' title='bbox 410 788 457 815; x_wconf 71' lang='grc' dir='ltr'>καὶ</span> <span class='ocrx_word' id='word_1_130' title='bbox 472 786 598 821; x_wconf 81' lang='grc' dir='ltr'><strong>ἀνωτέρω</strong></span> <span class='ocrx_word' id='word_1_131' title='bbox 627 784 808 820; x_wconf 70' lang='grc' dir='ltr'>ἐδηλώσαμεν,</span> <span class='ocrx_word' id='word_1_132' title='bbox 823 784 897 815; x_wconf 86' lang='grc' dir='ltr'>ὅπως</span> 
     </span>
    </p>
   </div>
   <div class='ocr_carea' id='block_1_19' title="bbox 111 829 896 872">
    <p class='ocr_par' dir='ltr' id='par_1_19' title="bbox 111 829 896 872">
     <span class='ocr_line' id='line_1_19' title="bbox 111 829 896 872; baseline -0.01 -9"><span class='ocrx_word' id='word_1_133' title='bbox 111 836 257 872; x_wconf 75' lang='grc' dir='ltr'>ὁρίζονται,</span> <span class='ocrx_word' id='word_1_134' title='bbox 282 835 323 861; x_wconf 82' lang='grc' dir='ltr'>ὃτι</span> <span class='ocrx_word' id='word_1_135' title='bbox 351 833 458 869; x_wconf 82' lang='grc' dir='ltr'>ποίησιν</span> <span class='ocrx_word' id='word_1_136' title='bbox 488 831 617 867; x_wconf 79' lang='grc' dir='ltr'>αὐτοτελῆ</span> <span class='ocrx_word' id='word_1_137' title='bbox 639 831 722 857; x_wconf 78' lang='grc' dir='ltr'>ἀΐδιον</span> <span class='ocrx_word' id='word_1_138' title='bbox 737 830 784 857; x_wconf 79' lang='grc' dir='ltr'>τοῦ</span> <span class='ocrx_word' id='word_1_139' title='bbox 812 829 896 856; x_wconf 80' lang='grc' dir='ltr'>ἀϊδίου</span> 
     </span>
    </p>
   </div>
   <div class='ocr_carea' id='block_1_20' title="bbox 111 876 896 916">
    <p class='ocr_par' dir='ltr' id='par_1_20' title="bbox 111 876 896 916">
     <span class='ocr_line' id='line_1_20' title="bbox 111 876 896 916; baseline -0.01 -7"><span class='ocrx_word' id='word_1_140' title='bbox 111 881 180 909; x_wconf 81' lang='grc' dir='ltr'>Θεοῦ</span> <span class='ocrx_word' id='word_1_141' title='bbox 197 881 245 916; x_wconf 83' lang='grc' dir='ltr'>τὴν</span> <span class='ocrx_word' id='word_1_142' title='bbox 260 880 342 911; x_wconf 72' lang='grc' dir='ltr'>ἰδέαν,</span> <span class='ocrx_word' id='word_1_143' title='bbox 358 880 417 914; x_wconf 71' lang='grc' dir='ltr'>ἤτοι</span> <span class='ocrx_word' id='word_1_144' title='bbox 438 878 468 905; x_wconf 81' lang='grc' dir='ltr'>τὸ</span> <span class='ocrx_word' id='word_1_145' title='bbox 498 878 670 913; x_wconf 78' lang='grc' dir='ltr'>παράδειγμα</span> <span class='ocrx_word' id='word_1_146' title='bbox 691 876 773 911; x_wconf 79' lang='grc' dir='ltr'>φησί’</span> <span class='ocrx_word' id='word_1_147' title='bbox 791 876 837 902; x_wconf 73' lang='grc' dir='ltr'><strong>καὶ</strong></span> <span class='ocrx_word' id='word_1_148' title='bbox 853 876 896 901; x_wconf 79' lang='grc' dir='ltr'><strong>ὲν-</strong></span> 
     </span>
    </p>
   </div>
   <div class='ocr_carea' id='block_1_21' title="bbox 110 921 895 962">
    <p class='ocr_par' dir='ltr' id='par_1_21' title="bbox 110 921 895 962">
     <span class='ocr_line' id='line_1_21' title="bbox 110 921 895 962; baseline -0.009 -8"><span class='ocrx_word' id='word_1_149' title='bbox 110 927 200 960; x_wconf 68' lang='grc' dir='ltr'><strong>ταῦθμ</strong></span> <span class='ocrx_word' id='word_1_150' title='bbox 215 927 303 962; x_wconf 88' lang='grc' dir='ltr'>μέντοι</span> <span class='ocrx_word' id='word_1_151' title='bbox 319 925 460 960; x_wconf 76' lang='grc' dir='ltr'><strong>σαφηνίζει</strong></span> <span class='ocrx_word' id='word_1_152' title='bbox 471 925 485 951; x_wconf 87' lang='lat'><strong>6</strong></span> <span class='ocrx_word' id='word_1_153' title='bbox 503 923 587 959; x_wconf 74' lang='grc' dir='ltr'>μέγας</span> <span class='ocrx_word' id='word_1_154' title='bbox 600 923 736 954; x_wconf 77' lang='grc' dir='ltr'>Διονύσιος</span> <span class='ocrx_word' id='word_1_155' title='bbox 751 921 800 957; x_wconf 78' lang='grc' dir='ltr'><strong>τὴν</strong></span> <span class='ocrx_word' id='word_1_156' title='bbox 825 922 895 957; x_wconf 84' lang='grc' dir='ltr'>Γρα-</span> 
     </span>
    </p>
   </div>
   <div class='ocr_carea' id='block_1_22' title="bbox 112 968 897 1008">
    <p class='ocr_par' dir='ltr' id='par_1_22' title="bbox 112 968 897 1008">
     <span class='ocr_line' id='line_1_22' title="bbox 112 968 897 1008; baseline -0.006 -10"><span class='ocrx_word' id='word_1_157' title='bbox 112 972 178 1008; x_wconf 82' lang='grc' dir='ltr'>φὴν,</span> <span class='ocrx_word' id='word_1_158' title='bbox 191 971 373 1007; x_wconf 76' lang='grc' dir='ltr'>προορισμοὺς</span> <span class='ocrx_word' id='word_1_159' title='bbox 384 970 473 997; x_wconf 82' lang='grc' dir='ltr'>καλῶν</span> <span class='ocrx_word' id='word_1_160' title='bbox 488 970 536 1001; x_wconf 80' lang='grc' dir='ltr'>τὰς</span> <span class='ocrx_word' id='word_1_161' title='bbox 563 969 644 1002; x_wconf 84' lang='grc' dir='ltr'>ἰδέας,</span> <span class='ocrx_word' id='word_1_162' title='bbox 657 968 839 1003; x_wconf 80' lang='grc' dir='ltr'><strong>αἰνιττόμενος</strong></span> <span class='ocrx_word' id='word_1_163' title='bbox 852 968 897 994; x_wconf 81' lang='grc' dir='ltr'>τὸν</span> 
     </span>
    </p>
   </div>
   <div class='ocr_carea' id='block_1_23' title="bbox 112 1013 898 1052">
    <p class='ocr_par' dir='ltr' id='par_1_23' title="bbox 112 1013 898 1052">
     <span class='ocr_line' id='line_1_23' title="bbox 112 1013 898 1052; baseline -0.006 -7"><span class='ocrx_word' id='word_1_164' title='bbox 112 1018 186 1045; x_wconf 86' lang='grc' dir='ltr'>θεῖον</span> <span class='ocrx_word' id='word_1_165' title='bbox 200 1017 316 1048; x_wconf 75' lang='grc' dir='ltr'>Παῦλον,</span> <span class='ocrx_word' id='word_1_166' title='bbox 333 1017 362 1048; x_wconf 84' lang='grc' dir='ltr'>ὃς</span> <span class='ocrx_word' id='word_1_167' title='bbox 378 1017 407 1043; x_wconf 85' lang='grc' dir='ltr'>ὲν</span> <span class='ocrx_word' id='word_1_168' title='bbox 420 1018 453 1052; x_wconf 80' lang='grc' dir='ltr'>τῇ</span> <span class='ocrx_word' id='word_1_169' title='bbox 471 1016 539 1052; x_wconf 84' lang='grc' dir='ltr'>πρὸς</span> <span class='ocrx_word' id='word_1_170' title='bbox 561 1015 711 1051; x_wconf 83' lang='grc' dir='ltr'><strong>Ῥωμαίους</strong></span> <span class='ocrx_word' id='word_1_171' title='bbox 724 1015 804 1050; x_wconf 78' lang='grc' dir='ltr'>φησιν</span> <span class='ocrx_word' id='word_1_172' title='bbox 814 1023 821 1029; x_wconf 83' lang='grc'><strong>“</strong></span> <span class='ocrx_word' id='word_1_173' title='bbox 840 1013 898 1046; x_wconf 78' lang='grc' dir='ltr'><strong>Οὓς</strong></span> 
     </span>
    </p>
   </div>
   <div class='ocr_carea' id='block_1_24' title="bbox 112 1061 895 1098">
    <p class='ocr_par' dir='ltr' id='par_1_24' title="bbox 112 1061 895 1098">
     <span class='ocr_line' id='line_1_24' title="bbox 112 1061 895 1098; baseline -0.005 -7"><span class='ocrx_word' id='word_1_174' title='bbox 112 1065 149 1091; x_wconf 82' lang='grc' dir='ltr'>δὲ</span> <span class='ocrx_word' id='word_1_175' title='bbox 168 1063 324 1098; x_wconf 65' lang='grc' dir='ltr'>προάψισε,</span> <span class='ocrx_word' id='word_1_176' title='bbox 339 1063 464 1096; x_wconf 83' lang='grc' dir='ltr'><strong>τούτους</strong></span> <span class='ocrx_word' id='word_1_177' title='bbox 479 1063 528 1090; x_wconf 76' lang='grc' dir='ltr'>καὶ</span> <span class='ocrx_word' id='word_1_178' title='bbox 542 1062 669 1090; x_wconf 78' lang='grc' dir='ltr'>ἐκάλεσε</span> <span class='ocrx_word' id='word_1_179' title='bbox 681 1071 687 1077; x_wconf 92' lang='grc'><strong>·</strong></span> <span class='ocrx_word' id='word_1_180' title='bbox 712 1062 758 1089; x_wconf 73' lang='grc' dir='ltr'><strong>καὶ</strong></span> <span class='ocrx_word' id='word_1_181' title='bbox 769 1061 895 1096; x_wconf 70' lang='grc' dir='ltr'>ἑτέρωθισ</span> 
     </span>
    </p>
   </div>
   <div class='ocr_carea' id='block_1_25' title="bbox 113 1108 898 1144">
    <p class='ocr_par' dir='ltr' id='par_1_25' title="bbox 113 1108 898 1144">
     <span class='ocr_line' id='line_1_25' title="bbox 113 1108 898 1144; baseline -0.003 -7"><span class='ocrx_word' id='word_1_182' title='bbox 113 1110 282 1144; x_wconf 79' lang='grc' dir='ltr'>Προορίσας</span> <span class='ocrx_word' id='word_1_183' title='bbox 301 1108 380 1144; x_wconf 75' lang='grc' dir='ltr'>ἡμᾶς</span> <span class='ocrx_word' id='word_1_184' title='bbox 399 1109 434 1135; x_wconf 75' lang='grc' dir='ltr'><strong>ἐν</strong></span> <span class='ocrx_word' id='word_1_185' title='bbox 447 1108 487 1141; x_wconf 85' lang='grc' dir='ltr'>τῷ</span> <span class='ocrx_word' id='word_1_186' title='bbox 511 1108 652 1143; x_wconf 79' lang='grc' dir='ltr'><strong>θελήματι</strong></span> <span class='ocrx_word' id='word_1_187' title='bbox 671 1109 773 1136; x_wconf 83' lang='grc' dir='ltr'>αὐτοῦ·</span> <span class='ocrx_word' id='word_1_188' title='bbox 795 1109 898 1144; x_wconf 81' lang='grc' dir='ltr'>Θέλημα</span> 
     </span>
    </p>
   </div>
   <div class='ocr_carea' id='block_1_26' title="bbox 112 1154 899 1191">
    <p class='ocr_par' dir='ltr' id='par_1_26' title="bbox 112 1154 899 1191">
     <span class='ocr_line' id='line_1_26' title="bbox 112 1154 899 1191; baseline -0.001 -9"><span class='ocrx_word' id='word_1_189' title='bbox 112 1157 169 1191; x_wconf 75' lang='grc' dir='ltr'>γὰρ</span> <span class='ocrx_word' id='word_1_190' title='bbox 182 1155 229 1182; x_wconf 73' lang='grc' dir='ltr'><strong>καὶ</strong></span> <span class='ocrx_word' id='word_1_191' title='bbox 256 1154 420 1190; x_wconf 72' lang='grc' dir='ltr'>προορισμὸν</span> <span class='ocrx_word' id='word_1_192' title='bbox 436 1154 469 1181; x_wconf 85' lang='grc' dir='ltr'><strong>τὰ</strong></span> <span class='ocrx_word' id='word_1_193' title='bbox 485 1154 692 1190; x_wconf 81' lang='grc' dir='ltr'>παραδείγματα</span> <span class='ocrx_word' id='word_1_194' title='bbox 706 1154 812 1186; x_wconf 77' lang='grc' dir='ltr'>καὶτὰς</span> <span class='ocrx_word' id='word_1_195' title='bbox 829 1155 899 1188; x_wconf 85' lang='grc' dir='ltr'>ίδέας</span> 
     </span>
    </p>
   </div>
   <div class='ocr_carea' id='block_1_27' title="bbox 111 1197 899 1234">
    <p class='ocr_par' dir='ltr' id='par_1_27' title="bbox 111 1197 899 1234">
     <span class='ocr_line' id='line_1_27' title="bbox 111 1197 899 1234; baseline 0.003 -10"><span class='ocrx_word' id='word_1_196' title='bbox 111 1198 197 1232; x_wconf 83' lang='grc' dir='ltr'>λέγει.</span> <span class='ocrx_word' id='word_1_197' title='bbox 214 1198 336 1233; x_wconf 81' lang='grc' dir='ltr'>Παράγει</span> <span class='ocrx_word' id='word_1_198' title='bbox 351 1197 440 1233; x_wconf 82' lang='grc' dir='ltr'>μέντοι</span> <span class='ocrx_word' id='word_1_199' title='bbox 468 1198 515 1225; x_wconf 74' lang='grc' dir='ltr'><strong>καὶ</strong></span> <span class='ocrx_word' id='word_1_200' title='bbox 531 1198 577 1225; x_wconf 77' lang='grc' dir='ltr'><strong>τὸν</strong></span> <span class='ocrx_word' id='word_1_201' title='bbox 601 1198 733 1234; x_wconf 80' lang='grc' dir='ltr'>μακάριον</span> <span class='ocrx_word' id='word_1_202' title='bbox 754 1199 899 1234; x_wconf 83' lang='grc' dir='ltr'>Κλήμεντα</span> 
     </span>
    </p>
   </div>
   <div class='ocr_carea' id='block_1_28' title="bbox 113 1241 898 1280">
    <p class='ocr_par' dir='ltr' id='par_1_28' title="bbox 113 1241 898 1280">
     <span class='ocr_line' id='line_1_28' title="bbox 113 1241 898 1280; baseline 0 -10"><span class='ocrx_word' id='word_1_203' title='bbox 113 1244 172 1280; x_wconf 80' lang='grc' dir='ltr'>[τὸν</span> <span class='ocrx_word' id='word_1_204' title='bbox 186 1243 292 1279; x_wconf 83' lang='grc' dir='ltr'>Ῥώμης</span> <span class='ocrx_word' id='word_1_205' title='bbox 308 1243 477 1280; x_wconf 79' lang='grc' dir='ltr'>ὲπίσκοπον],</span> <span class='ocrx_word' id='word_1_206' title='bbox 494 1241 524 1271; x_wconf 76' lang='grc' dir='ltr'><strong>οὗ</strong></span> <span class='ocrx_word' id='word_1_207' title='bbox 545 1243 679 1279; x_wconf 86' lang='grc' dir='ltr'>μέμνηται</span> <span class='ocrx_word' id='word_1_208' title='bbox 695 1245 709 1270; x_wconf 89' lang='lat'><strong>6</strong></span> <span class='ocrx_word' id='word_1_209' title='bbox 730 1244 898 1277; x_wconf 75' lang='grc' dir='ltr'>Ἀπόςτολος,</span> 
     </span>
    </p>
   </div>
   <div class='ocr_carea' id='block_1_29' title="bbox 112 1287 900 1326">
    <p class='ocr_par' dir='ltr' id='par_1_29' title="bbox 112 1287 900 1326">
     <span class='ocr_line' id='line_1_29' title="bbox 112 1287 900 1326; baseline 0.001 -10"><span class='ocrx_word' id='word_1_210' title='bbox 112 1290 236 1322; x_wconf 79' lang='grc' dir='ltr'><strong>εἰπόντα,</strong></span> <span class='ocrx_word' id='word_1_211' title='bbox 252 1290 280 1316; x_wconf 83' lang='grc' dir='ltr'>ὲν</span> <span class='ocrx_word' id='word_1_212' title='bbox 304 1291 360 1322; x_wconf 86' lang='grc' dir='ltr'>τοῖς</span> <span class='ocrx_word' id='word_1_213' title='bbox 384 1288 457 1317; x_wconf 84' lang='grc' dir='ltr'>οὖσιν</span> <span class='ocrx_word' id='word_1_214' title='bbox 482 1287 550 1316; x_wconf 73' lang='grc' dir='ltr'>εἶναι</span> <span class='ocrx_word' id='word_1_215' title='bbox 567 1289 774 1325; x_wconf 82' lang='grc' dir='ltr'>παραδείγματα</span> <span class='ocrx_word' id='word_1_216' title='bbox 786 1292 900 1326; x_wconf 81' lang='grc' dir='ltr'>ἀρχηγι-</span> 
     </span>
    </p>
   </div>
   <div class='ocr_carea' id='block_1_30' title="bbox 112 1332 901 1371">
    <p class='ocr_par' dir='ltr' id='par_1_30' title="bbox 112 1332 901 1371">
     <span class='ocr_line' id='line_1_30' title="bbox 112 1332 901 1371; baseline -0.001 -10"><span class='ocrx_word' id='word_1_217' title='bbox 112 1335 223 1371; x_wconf 79' lang='grc' dir='ltr'>κώτερα</span> <span class='ocrx_word' id='word_1_218' title='bbox 237 1335 269 1368; x_wconf 75' lang='grc'><strong>³⁵,</strong></span> <span class='ocrx_word' id='word_1_219' title='bbox 285 1332 340 1361; x_wconf 75' lang='grc' dir='ltr'>οἷον</span> <span class='ocrx_word' id='word_1_220' title='bbox 354 1333 407 1361; x_wconf 86' lang='grc' dir='ltr'>τῶν</span> <span class='ocrx_word' id='word_1_221' title='bbox 429 1335 496 1371; x_wconf 86' lang='grc' dir='ltr'>πρός</span> <span class='ocrx_word' id='word_1_222' title='bbox 521 1343 557 1360; x_wconf 83' lang='grc' dir='ltr'>τι.</span> <span class='ocrx_word' id='word_1_223' title='bbox 587 1335 757 1370; x_wconf 62' lang='grc' dir='ltr'>Σαφέστερον</span> <span class='ocrx_word' id='word_1_224' title='bbox 770 1335 799 1361; x_wconf 82' lang='grc' dir='ltr'>δὲ</span> <span class='ocrx_word' id='word_1_225' title='bbox 815 1334 901 1366; x_wconf 72' lang='grc' dir='ltr'>οὕτως</span> 
     </span>
    </p>
   </div>
   <div class='ocr_carea' id='block_1_31' title="bbox 112 1378 901 1415">
    <p class='ocr_par' dir='ltr' id='par_1_31' title="bbox 112 1378 901 1415">
     <span class='ocr_line' id='line_1_31' title="bbox 112 1378 901 1415; baseline 0.001 -10"><span class='ocrx_word' id='word_1_226' title='bbox 112 1379 191 1406; x_wconf 72' lang='grc' dir='ltr'>ἔσται</span> <span class='ocrx_word' id='word_1_227' title='bbox 203 1379 233 1406; x_wconf 79' lang='grc' dir='ltr'>τὸ</span> <span class='ocrx_word' id='word_1_228' title='bbox 244 1379 398 1415; x_wconf 85' lang='grc' dir='ltr'>λεγόμενον·</span> <span class='ocrx_word' id='word_1_229' title='bbox 407 1378 463 1405; x_wconf 72' lang='grc' dir='ltr'>ἐστι</span> <span class='ocrx_word' id='word_1_230' title='bbox 470 1388 511 1411; x_wconf 87' lang='grc' dir='ltr'><strong>τις</strong></span> <span class='ocrx_word' id='word_1_231' title='bbox 520 1379 582 1412; x_wconf 78' lang='grc' dir='ltr'>δόξα</span> <span class='ocrx_word' id='word_1_232' title='bbox 591 1380 705 1415; x_wconf 87' lang='grc' dir='ltr'>γραμμῇ</span> <span class='ocrx_word' id='word_1_233' title='bbox 716 1379 901 1412; x_wconf 75' lang='grc' dir='ltr'>ἀπεικάζουσα</span> 
     </span>
    </p>
   </div>
   <div class='ocr_carea' id='block_1_32' title="bbox 111 1425 902 1462">
    <p class='ocr_par' dir='ltr' id='par_1_32' title="bbox 111 1425 902 1462">
     <span class='ocr_line' id='line_1_32' title="bbox 111 1425 902 1462; baseline 0.001 -10"><span class='ocrx_word' id='word_1_234' title='bbox 111 1425 149 1452; x_wconf 76' lang='grc' dir='ltr'><strong>τὰ</strong></span> <span class='ocrx_word' id='word_1_235' title='bbox 162 1425 259 1452; x_wconf 75' lang='grc' dir='ltr'>πάντα·</span> <span class='ocrx_word' id='word_1_236' title='bbox 276 1426 323 1452; x_wconf 73' lang='grc' dir='ltr'>καὶ</span> <span class='ocrx_word' id='word_1_237' title='bbox 337 1425 386 1461; x_wconf 85' lang='grc' dir='ltr'>τῆς</span> <span class='ocrx_word' id='word_1_238' title='bbox 406 1426 538 1461; x_wconf 87' lang='grc' dir='ltr'>γραμμῆς</span> <span class='ocrx_word' id='word_1_239' title='bbox 564 1425 595 1452; x_wconf 81' lang='grc' dir='ltr'>τὸ</span> <span class='ocrx_word' id='word_1_240' title='bbox 617 1426 664 1461; x_wconf 81' lang='grc' dir='ltr'><strong>μὲν</strong></span> <span class='ocrx_word' id='word_1_241' title='bbox 680 1426 734 1452; x_wconf 83' lang='grc' dir='ltr'><strong>ἄνω</strong></span> <span class='ocrx_word' id='word_1_242' title='bbox 752 1426 833 1462; x_wconf 82' lang='grc' dir='ltr'>μέρος</span> <span class='ocrx_word' id='word_1_243' title='bbox 845 1428 902 1458; x_wconf 79' lang='grc' dir='ltr'>τοῖς</span> 
     </span>
    </p>
   </div>
   <div class='ocr_carea' id='block_1_33' title="bbox 112 1471 902 1508">
    <p class='ocr_par' dir='ltr' id='par_1_33' title="bbox 112 1471 902 1508">
     <span class='ocr_line' id='line_1_33' title="bbox 112 1471 902 1508; baseline 0.003 -11"><span class='ocrx_word' id='word_1_244' title='bbox 112 1472 221 1507; x_wconf 86' lang='grc' dir='ltr'>νοητοῖς</span> <span class='ocrx_word' id='word_1_245' title='bbox 238 1471 408 1498; x_wconf 78' lang='grc' dir='ltr'>ἀποδιδοῦσα·</span> <span class='ocrx_word' id='word_1_246' title='bbox 433 1472 464 1498; x_wconf 78' lang='grc' dir='ltr'>τὸ</span> <span class='ocrx_word' id='word_1_247' title='bbox 481 1471 510 1498; x_wconf 81' lang='grc' dir='ltr'>δὲ</span> <span class='ocrx_word' id='word_1_248' title='bbox 525 1471 602 1498; x_wconf 80' lang='grc' dir='ltr'>κάτω</span> <span class='ocrx_word' id='word_1_249' title='bbox 612 1473 668 1504; x_wconf 82' lang='grc' dir='ltr'>τοῖς</span> <span class='ocrx_word' id='word_1_250' title='bbox 683 1472 829 1508; x_wconf 77' lang='grc' dir='ltr'>αἰσθητοῖς.</span> <span class='ocrx_word' id='word_1_251' title='bbox 847 1473 902 1500; x_wconf 73' lang='grc' dir='ltr'>Καὶ</span> 
     </span>
    </p>
   </div>
   <div class='ocr_carea' id='block_1_34' title="bbox 112 1517 936 1561">
    <p class='ocr_par' dir='ltr' id='par_1_34' title="bbox 112 1517 936 1561">
     <span class='ocr_line' id='line_1_34' title="bbox 112 1517 936 1561; baseline 0.002 -18"><span class='ocrx_word' id='word_1_252' title='bbox 112 1517 230 1549; x_wconf 81' lang='grc' dir='ltr'>τούτων,</span> <span class='ocrx_word' id='word_1_253' title='bbox 241 1518 297 1548; x_wconf 90' lang='grc' dir='ltr'>τοῖς</span> <span class='ocrx_word' id='word_1_254' title='bbox 315 1517 362 1552; x_wconf 83' lang='grc' dir='ltr'><strong>μὲν</strong></span> <span class='ocrx_word' id='word_1_255' title='bbox 376 1517 617 1554; x_wconf 81' lang='grc' dir='ltr'>ἀρχηγικωτέροις,</span> <span class='ocrx_word' id='word_1_256' title='bbox 636 1517 706 1553; x_wconf 81' lang='grc' dir='ltr'>ἆπερ</span> <span class='ocrx_word' id='word_1_257' title='bbox 717 1519 769 1544; x_wconf 80' lang='grc' dir='ltr'>εἰσὶ</span> <span class='ocrx_word' id='word_1_258' title='bbox 781 1518 816 1544; x_wconf 73' lang='grc' dir='ltr'>τὰ</span> <span class='ocrx_word' id='word_1_259' title='bbox 831 1518 902 1551; x_wconf 84' lang='grc' dir='ltr'>ἰδίως</span> <span class='ocrx_word' id='word_1_260' title='bbox 916 1531 936 1561; x_wconf 72' lang='lat' dir='ltr'>C</span> 
     </span>
    </p>
   </div>
   <div class='ocr_carea' id='block_1_35' title="bbox 111 1562 902 1599">
    <p class='ocr_par' dir='ltr' id='par_1_35' title="bbox 111 1562 902 1599">
     <span class='ocr_line' id='line_1_35' title="bbox 111 1562 902 1599; baseline 0.003 -10"><span class='ocrx_word' id='word_1_261' title='bbox 111 1563 210 1599; x_wconf 78' lang='grc' dir='ltr'>νοητὰ,</span> <span class='ocrx_word' id='word_1_262' title='bbox 227 1563 258 1590; x_wconf 74' lang='grc' dir='ltr'>τὸ</span> <span class='ocrx_word' id='word_1_263' title='bbox 274 1562 381 1598; x_wconf 83' lang='grc' dir='ltr'>πρῶτον</span> <span class='ocrx_word' id='word_1_264' title='bbox 407 1562 454 1590; x_wconf 81' lang='grc' dir='ltr'><strong>καὶ</strong></span> <span class='ocrx_word' id='word_1_265' title='bbox 476 1562 609 1598; x_wconf 79' lang='grc' dir='ltr'><strong>ἀνώτερον</strong></span> <span class='ocrx_word' id='word_1_266' title='bbox 632 1563 724 1598; x_wconf 79' lang='grc' dir='ltr'>μέρος.</span> <span class='ocrx_word' id='word_1_267' title='bbox 740 1563 803 1594; x_wconf 83' lang='grc' dir='ltr'>Τοῖς</span> <span class='ocrx_word' id='word_1_268' title='bbox 816 1563 845 1590; x_wconf 79' lang='grc' dir='ltr'>δὲ</span> <span class='ocrx_word' id='word_1_269' title='bbox 871 1565 902 1591; x_wconf 80' lang='grc' dir='ltr'>ὲκ</span> 
     </span>
    </p>
   </div>
   <div class='ocr_carea' id='block_1_36' title="bbox 111 1606 902 1644">
    <p class='ocr_par' dir='ltr' id='par_1_36' title="bbox 111 1606 902 1644">
     <span class='ocr_line' id='line_1_36' title="bbox 111 1606 902 1644; baseline 0 -9"><span class='ocrx_word' id='word_1_270' title='bbox 111 1609 171 1635; x_wconf 84' lang='grc' dir='ltr'><strong>τῶν</strong></span> <span class='ocrx_word' id='word_1_271' title='bbox 185 1609 296 1644; x_wconf 79' lang='grc' dir='ltr'>νοητῶν,</span> <span class='ocrx_word' id='word_1_272' title='bbox 309 1609 340 1635; x_wconf 80' lang='grc' dir='ltr'><strong>τὸ</strong></span> <span class='ocrx_word' id='word_1_273' title='bbox 355 1609 412 1644; x_wconf 83' lang='grc' dir='ltr'>μετ’</span> <span class='ocrx_word' id='word_1_274' title='bbox 427 1609 526 1635; x_wconf 77' lang='grc' dir='ltr'><strong>ἐκεῖνο·</strong></span> <span class='ocrx_word' id='word_1_275' title='bbox 546 1606 595 1634; x_wconf 84' lang='grc' dir='ltr'><strong>εἷθ’</strong></span> <span class='ocrx_word' id='word_1_276' title='bbox 609 1608 680 1635; x_wconf 77' lang='grc' dir='ltr'>οὕτω</span> <span class='ocrx_word' id='word_1_277' title='bbox 697 1608 757 1635; x_wconf 78' lang='grc' dir='ltr'>καθ’</span> <span class='ocrx_word' id='word_1_278' title='bbox 771 1608 902 1636; x_wconf 80' lang='grc' dir='ltr'>ὑπόϐασιν</span> 
     </span>
    </p>
   </div>
   <div class='ocr_carea' id='block_1_37' title="bbox 112 1653 901 1691">
    <p class='ocr_par' dir='ltr' id='par_1_37' title="bbox 112 1653 901 1691">
     <span class='ocr_line' id='line_1_37' title="bbox 112 1653 901 1691; baseline -0.001 -10"><span class='ocrx_word' id='word_1_279' title='bbox 112 1656 167 1691; x_wconf 79' lang='grc' dir='ltr'>τῆς</span> <span class='ocrx_word' id='word_1_280' title='bbox 176 1656 317 1691; x_wconf 86' lang='grc' dir='ltr'>γραμμῆς,</span> <span class='ocrx_word' id='word_1_281' title='bbox 332 1655 366 1681; x_wconf 82' lang='grc' dir='ltr'>τὰ</span> <span class='ocrx_word' id='word_1_282' title='bbox 391 1654 457 1681; x_wconf 76' lang='grc' dir='ltr'>ἄλλα</span> <span class='ocrx_word' id='word_1_283' title='bbox 467 1663 474 1669; x_wconf 92' lang='grc'>·</span> <span class='ocrx_word' id='word_1_284' title='bbox 491 1654 575 1688; x_wconf 79' lang='grc' dir='ltr'>δεῖξαι</span> <span class='ocrx_word' id='word_1_285' title='bbox 589 1653 643 1690; x_wconf 80' lang='grc' dir='ltr'><strong>γὰρ</strong></span> <span class='ocrx_word' id='word_1_286' title='bbox 658 1654 729 1681; x_wconf 82' lang='grc' dir='ltr'>θέλει</span> <span class='ocrx_word' id='word_1_287' title='bbox 757 1656 773 1690; x_wconf 87' lang='grc' dir='ltr'>ἡ</span> <span class='ocrx_word' id='word_1_288' title='bbox 792 1655 901 1690; x_wconf 85' lang='grc' dir='ltr'>τοιαύτη</span> 
     </span>
    </p>
   </div>
   <div class='ocr_carea' id='block_1_38' title="bbox 111 1699 903 1738">
    <p class='ocr_par' dir='ltr' id='par_1_38' title="bbox 111 1699 903 1738">
     <span class='ocr_line' id='line_1_38' title="bbox 111 1699 903 1738; baseline -0.001 -10"><span class='ocrx_word' id='word_1_289' title='bbox 111 1701 190 1735; x_wconf 77' lang='grc' dir='ltr'>δόξα,</span> <span class='ocrx_word' id='word_1_290' title='bbox 210 1701 247 1738; x_wconf 87' lang='grc' dir='ltr'>μὴ</span> <span class='ocrx_word' id='word_1_291' title='bbox 261 1702 309 1737; x_wconf 83' lang='grc' dir='ltr'>τῆς</span> <span class='ocrx_word' id='word_1_292' title='bbox 324 1701 401 1735; x_wconf 76' lang='grc' dir='ltr'>ἀξίας</span> <span class='ocrx_word' id='word_1_293' title='bbox 415 1701 465 1736; x_wconf 82' lang='grc' dir='ltr'>τῆς</span> <span class='ocrx_word' id='word_1_294' title='bbox 492 1701 577 1737; x_wconf 77' lang='grc' dir='ltr'>αὐτῆς</span> <span class='ocrx_word' id='word_1_295' title='bbox 600 1699 668 1727; x_wconf 77' lang='grc' dir='ltr'>εἶναι</span> <span class='ocrx_word' id='word_1_296' title='bbox 682 1700 716 1727; x_wconf 75' lang='grc' dir='ltr'><strong>τὰ</strong></span> <span class='ocrx_word' id='word_1_297' title='bbox 734 1701 831 1733; x_wconf 81' lang='grc' dir='ltr'>πάντα,</span> <span class='ocrx_word' id='word_1_298' title='bbox 847 1701 903 1728; x_wconf 88' lang='grc' dir='ltr'><strong>ἀλλ’</strong></span> 
     </span>
    </p>
   </div>
   <div class='ocr_carea' id='block_1_39' title="bbox 112 1743 902 1782">
    <p class='ocr_par' dir='ltr' id='par_1_39' title="bbox 112 1743 902 1782">
     <span class='ocr_line' id='line_1_39' title="bbox 112 1743 902 1782; baseline 0 -10"><span class='ocrx_word' id='word_1_299' title='bbox 112 1745 146 1778; x_wconf 77' lang='grc' dir='ltr'><strong>ἐξ</strong></span> <span class='ocrx_word' id='word_1_300' title='bbox 164 1746 284 1782; x_wconf 81' lang='grc' dir='ltr'>ἀλλήλων</span> <span class='ocrx_word' id='word_1_301' title='bbox 307 1746 365 1772; x_wconf 73' lang='grc' dir='ltr'>ἔνια</span> <span class='ocrx_word' id='word_1_302' title='bbox 377 1745 525 1782; x_wconf 85' lang='grc' dir='ltr'>γενόμενα,</span> <span class='ocrx_word' id='word_1_303' title='bbox 554 1743 610 1773; x_wconf 76' lang='grc' dir='ltr'>οἷον</span> <span class='ocrx_word' id='word_1_304' title='bbox 633 1746 667 1773; x_wconf 81' lang='grc' dir='ltr'>τὰ</span> <span class='ocrx_word' id='word_1_305' title='bbox 680 1746 812 1782; x_wconf 75' lang='grc' dir='ltr'>ὑφειμένα</span> <span class='ocrx_word' id='word_1_306' title='bbox 835 1746 902 1781; x_wconf 79' lang='grc' dir='ltr'>εἴδη,</span> 
     </span>
    </p>
   </div>
   <div class='ocr_carea' id='block_1_40' title="bbox 112 1792 904 1828">
    <p class='ocr_par' dir='ltr' id='par_1_40' title="bbox 112 1792 904 1828">
     <span class='ocr_line' id='line_1_40' title="bbox 112 1792 904 1828; baseline 0 -10"><span class='ocrx_word' id='word_1_307' title='bbox 112 1792 172 1818; x_wconf 82' lang='grc' dir='ltr'><strong>τῶν</strong></span> <span class='ocrx_word' id='word_1_308' title='bbox 187 1792 337 1819; x_wconf 78' lang='grc' dir='ltr'>καθολικῶν</span> <span class='ocrx_word' id='word_1_309' title='bbox 352 1793 380 1818; x_wconf 79' lang='grc' dir='ltr'>ὲν</span> <span class='ocrx_word' id='word_1_310' title='bbox 394 1792 559 1828; x_wconf 79' lang='grc' dir='ltr'>δημιουργίᾳ</span> <span class='ocrx_word' id='word_1_311' title='bbox 576 1793 622 1819; x_wconf 80' lang='grc' dir='ltr'>καὶ</span> <span class='ocrx_word' id='word_1_312' title='bbox 650 1792 756 1828; x_wconf 78' lang='grc' dir='ltr'>ἀρχῶν,</span> <span class='ocrx_word' id='word_1_313' title='bbox 779 1792 811 1824; x_wconf 75' lang='grc' dir='ltr'><strong>ἃς</strong></span> <span class='ocrx_word' id='word_1_314' title='bbox 825 1792 904 1818; x_wconf 74' lang='grc' dir='ltr'>καοοο</span> 
     </span>
    </p>
   </div>
   <div class='ocr_carea' id='block_1_41' title="bbox 112 1835 904 1873">
    <p class='ocr_par' dir='ltr' id='par_1_41' title="bbox 112 1835 904 1873">
     <span class='ocr_line' id='line_1_41' title="bbox 112 1835 904 1873; baseline -0.001 -9"><span class='ocrx_word' id='word_1_315' title='bbox 112 1837 197 1869; x_wconf 59' lang='lat' dir='ltr'><strong>me;</strong></span> <span class='ocrx_word' id='word_1_316' title='bbox 224 1837 311 1873; x_wconf 84' lang='grc' dir='ltr'>ἀρχὰς</span> <span class='ocrx_word' id='word_1_317' title='bbox 340 1837 550 1873; x_wconf 81' lang='grc' dir='ltr'>ἀρχηγικώτερα</span> <span class='ocrx_word' id='word_1_318' title='bbox 580 1838 656 1873; x_wconf 76' lang='grc' dir='ltr'>φησι.</span> <span class='ocrx_word' id='word_1_319' title='bbox 683 1838 734 1864; x_wconf 86' lang='grc' dir='ltr'><strong>Τὸν</strong></span> <span class='ocrx_word' id='word_1_320' title='bbox 761 1835 807 1864; x_wconf 74' lang='grc' dir='ltr'>οὖν</span> <span class='ocrx_word' id='word_1_321' title='bbox 833 1838 904 1872; x_wconf 82' lang='grc' dir='ltr'>ἱερὸν</span> 
     </span>
    </p>
   </div>
   <div class='ocr_carea' id='block_1_42' title="bbox 114 1881 904 1919">
    <p class='ocr_par' dir='ltr' id='par_1_42' title="bbox 114 1881 904 1919">
     <span class='ocr_line' id='line_1_42' title="bbox 114 1881 904 1919; baseline 0.001 -10"><span class='ocrx_word' id='word_1_322' title='bbox 114 1883 265 1918; x_wconf 77' lang='grc' dir='ltr'>Κλήμεντά</span> <span class='ocrx_word' id='word_1_323' title='bbox 277 1892 343 1918; x_wconf 83' lang='grc' dir='ltr'>φησι</span> <span class='ocrx_word' id='word_1_324' title='bbox 359 1883 457 1918; x_wconf 86' lang='grc' dir='ltr'>λέγειν,</span> <span class='ocrx_word' id='word_1_325' title='bbox 481 1881 550 1910; x_wconf 77' lang='grc' dir='ltr'>εἶναι</span> <span class='ocrx_word' id='word_1_326' title='bbox 577 1886 624 1910; x_wconf 80' lang='grc' dir='ltr'>καὶ</span> <span class='ocrx_word' id='word_1_327' title='bbox 648 1884 676 1910; x_wconf 77' lang='grc' dir='ltr'>ἐν</span> <span class='ocrx_word' id='word_1_328' title='bbox 696 1886 752 1915; x_wconf 82' lang='grc' dir='ltr'>τοῖς</span> <span class='ocrx_word' id='word_1_329' title='bbox 772 1884 904 1919; x_wconf 82' lang='grc' dir='ltr'>ποιήμασι</span> 
     </span>
    </p>
   </div>
   <div class='ocr_carea' id='block_1_43' title="bbox 114 1928 903 1965">
    <p class='ocr_par' dir='ltr' id='par_1_43' title="bbox 114 1928 903 1965">
     <span class='ocr_line' id='line_1_43' title="bbox 114 1928 903 1965; baseline -0.001 -10"><span class='ocrx_word' id='word_1_330' title='bbox 114 1929 330 1965; x_wconf 81' lang='grc' dir='ltr'>παραδείγματα</span> <span class='ocrx_word' id='word_1_331' title='bbox 345 1928 522 1965; x_wconf 77' lang='grc' dir='ltr'>γενικάγτερα,</span> <span class='ocrx_word' id='word_1_332' title='bbox 545 1929 603 1964; x_wconf 79' lang='grc' dir='ltr'>ἦτοι</span> <span class='ocrx_word' id='word_1_333' title='bbox 622 1929 693 1961; x_wconf 81' lang='grc' dir='ltr'>ἰδέας</span> <span class='ocrx_word' id='word_1_334' title='bbox 717 1929 770 1956; x_wconf 84' lang='grc' dir='ltr'><strong>τῶν</strong></span> <span class='ocrx_word' id='word_1_335' title='bbox 786 1929 853 1965; x_wconf 82' lang='grc' dir='ltr'>πρός</span> <span class='ocrx_word' id='word_1_336' title='bbox 867 1937 903 1960; x_wconf 84' lang='grc' dir='ltr'><strong>τι,</strong></span> 
     </span>
    </p>
   </div>
   <div class='ocr_carea' id='block_1_44' title="bbox 113 1975 904 2011">
    <p class='ocr_par' dir='ltr' id='par_1_44' title="bbox 113 1975 904 2011">
     <span class='ocr_line' id='line_1_44' title="bbox 113 1975 904 2011; baseline -0.003 -8"><span class='ocrx_word' id='word_1_337' title='bbox 113 1976 180 2003; x_wconf 69' lang='grc' dir='ltr'>ἀντὶ</span> <span class='ocrx_word' id='word_1_338' title='bbox 191 1975 238 2002; x_wconf 78' lang='grc' dir='ltr'>τοῦ</span> <span class='ocrx_word' id='word_1_339' title='bbox 257 1975 309 2001; x_wconf 84' lang='grc' dir='ltr'><strong>τῶν</strong></span> <span class='ocrx_word' id='word_1_340' title='bbox 339 1975 545 2010; x_wconf 76' lang='grc' dir='ltr'>ὑποϐεϐηκότων</span> <span class='ocrx_word' id='word_1_341' title='bbox 561 1975 638 2002; x_wconf 78' lang='grc' dir='ltr'><strong>εὶδῶν</strong></span> <span class='ocrx_word' id='word_1_342' title='bbox 659 1975 712 2002; x_wconf 82' lang='grc' dir='ltr'>τῶν</span> <span class='ocrx_word' id='word_1_343' title='bbox 728 1975 795 2011; x_wconf 87' lang='grc' dir='ltr'>πρός</span> <span class='ocrx_word' id='word_1_344' title='bbox 811 1984 837 2001; x_wconf 81' lang='grc' dir='ltr'>τι</span> <span class='ocrx_word' id='word_1_345' title='bbox 851 1975 904 2002; x_wconf 88' lang='grc' dir='ltr'><strong>τῶν</strong></span> 
     </span>
    </p>
   </div>
   <div class='ocr_carea' id='block_1_45' title="bbox 114 2020 904 2057">
    <p class='ocr_par' dir='ltr' id='par_1_45' title="bbox 114 2020 904 2057">
     <span class='ocr_line' id='line_1_45' title="bbox 114 2020 904 2057; baseline -0.001 -8"><span class='ocrx_word' id='word_1_346' title='bbox 114 2021 348 2057; x_wconf 76' lang='grc' dir='ltr'>ὑπερϐεϐηκότων</span> <span class='ocrx_word' id='word_1_347' title='bbox 360 2021 510 2057; x_wconf 83' lang='grc' dir='ltr'>ὑπόδειγμα</span> <span class='ocrx_word' id='word_1_348' title='bbox 526 2022 710 2054; x_wconf 84' lang='grc' dir='ltr'>ὑποστάντων,</span> <span class='ocrx_word' id='word_1_349' title='bbox 730 2020 785 2048; x_wconf 78' lang='grc' dir='ltr'>οἷον</span> <span class='ocrx_word' id='word_1_350' title='bbox 797 2022 827 2048; x_wconf 85' lang='grc' dir='ltr'><strong>τὸ</strong></span> <span class='ocrx_word' id='word_1_351' title='bbox 843 2022 904 2048; x_wconf 71' lang='grc' dir='ltr'>ἔνυ-</span> 
     </span>
    </p>
   </div>
   <div class='ocr_carea' id='block_1_46' title="bbox 113 2067 906 2104">
    <p class='ocr_par' dir='ltr' id='par_1_46' title="bbox 113 2067 906 2104">
     <span class='ocr_line' id='line_1_46' title="bbox 113 2067 906 2104; baseline 0.001 -11"><span class='ocrx_word' id='word_1_352' title='bbox 113 2068 163 2094; x_wconf 89' lang='grc' dir='ltr'>λον</span> <span class='ocrx_word' id='word_1_353' title='bbox 177 2067 232 2102; x_wconf 84' lang='grc' dir='ltr'>πῦρ</span> <span class='ocrx_word' id='word_1_354' title='bbox 263 2068 330 2103; x_wconf 81' lang='grc' dir='ltr'>πρὸς</span> <span class='ocrx_word' id='word_1_355' title='bbox 352 2067 382 2093; x_wconf 82' lang='grc' dir='ltr'>τὸ</span> <span class='ocrx_word' id='word_1_356' title='bbox 410 2067 544 2103; x_wconf 77' lang='grc' dir='ltr'>αἰθέριον-</span> <span class='ocrx_word' id='word_1_357' title='bbox 568 2067 666 2094; x_wconf 80' lang='grc' dir='ltr'>ἀλλὀὐ</span> <span class='ocrx_word' id='word_1_358' title='bbox 694 2067 780 2094; x_wconf 75' lang='grc' dir='ltr'>ταῦτα</span> <span class='ocrx_word' id='word_1_359' title='bbox 805 2068 906 2104; x_wconf 82' lang='grc' dir='ltr'>κυρίως</span> 
     </span>
    </p>
   </div>
   <div class='ocr_carea' id='block_1_47' title="bbox 114 2113 904 2150">
    <p class='ocr_par' dir='ltr' id='par_1_47' title="bbox 114 2113 904 2150">
     <span class='ocr_line' id='line_1_47' title="bbox 114 2113 904 2150; baseline 0.003 -11"><span class='ocrx_word' id='word_1_360' title='bbox 114 2114 194 2145; x_wconf 79' lang='grc' dir='ltr'>ἰδέας</span> <span class='ocrx_word' id='word_1_361' title='bbox 209 2113 291 2148; x_wconf 70' lang='grc' dir='ltr'>φησὶν</span> <span class='ocrx_word' id='word_1_362' title='bbox 304 2114 318 2139; x_wconf 89' lang='lat'><strong>6</strong></span> <span class='ocrx_word' id='word_1_363' title='bbox 333 2113 418 2148; x_wconf 80' lang='grc' dir='ltr'>μέγας</span> <span class='ocrx_word' id='word_1_364' title='bbox 438 2113 584 2146; x_wconf 82' lang='grc' dir='ltr'>Διονύσιος,</span> <span class='ocrx_word' id='word_1_365' title='bbox 600 2114 668 2140; x_wconf 84' lang='grc' dir='ltr'><strong>ἀλλὰ</strong></span> <span class='ocrx_word' id='word_1_366' title='bbox 680 2114 728 2146; x_wconf 80' lang='grc' dir='ltr'>τὰς</span> <span class='ocrx_word' id='word_1_367' title='bbox 743 2115 848 2150; x_wconf 81' lang='grc' dir='ltr'>νοήσεις</span> <span class='ocrx_word' id='word_1_368' title='bbox 858 2115 904 2141; x_wconf 82' lang='grc' dir='ltr'>τοῦ</span> 
     </span>
    </p>
   </div>
   <div class='ocr_carea' id='block_1_48' title="bbox 112 2159 904 2196">
    <p class='ocr_par' dir='ltr' id='par_1_48' title="bbox 112 2159 904 2196">
     <span class='ocr_line' id='line_1_48' title="bbox 112 2159 904 2196; baseline 0.001 -10"><span class='ocrx_word' id='word_1_369' title='bbox 112 2159 205 2187; x_wconf 80' lang='grc' dir='ltr'><strong>Θεοῦ’</strong></span> <span class='ocrx_word' id='word_1_370' title='bbox 234 2159 285 2186; x_wconf 79' lang='grc' dir='ltr'><strong>κᾶν</strong></span> <span class='ocrx_word' id='word_1_371' title='bbox 314 2160 368 2196; x_wconf 82' lang='grc' dir='ltr'><strong>γὰρ</strong></span> <span class='ocrx_word' id='word_1_372' title='bbox 395 2159 507 2195; x_wconf 88' lang='grc' dir='ltr'>λέγηται</span> <span class='ocrx_word' id='word_1_373' title='bbox 530 2161 739 2196; x_wconf 81' lang='grc' dir='ltr'>παραδείγματα</span> <span class='ocrx_word' id='word_1_374' title='bbox 762 2161 791 2187; x_wconf 84' lang='grc' dir='ltr'><strong>ὲν</strong></span> <span class='ocrx_word' id='word_1_375' title='bbox 806 2161 904 2193; x_wconf 83' lang='grc' dir='ltr'>κτίσει,</span> 
     </span>
    </p>
   </div>
   <div class='ocr_carea' id='block_1_49' title="bbox 944 231 1724 268">
    <p class='ocr_par' dir='ltr' id='par_1_49' title="bbox 944 231 1724 268">
     <span class='ocr_line' id='line_1_49' title="bbox 944 231 1724 268; baseline -0.004 -7"><span class='ocrx_word' id='word_1_376' title='bbox 944 233 1021 261; x_wconf 87' lang='lat' dir='ltr'><strong>Sicut</strong></span> <span class='ocrx_word' id='word_1_377' title='bbox 1039 234 1111 261; x_wconf 91' lang='lat' dir='ltr'><strong>enim</strong></span> <span class='ocrx_word' id='word_1_378' title='bbox 1139 234 1198 268; x_wconf 90' lang='lat' dir='ltr'><strong>ipse</strong></span> <span class='ocrx_word' id='word_1_379' title='bbox 1225 233 1266 261; x_wconf 87' lang='lat' dir='ltr'><strong>sol</strong></span> <span class='ocrx_word' id='word_1_380' title='bbox 1287 240 1349 260; x_wconf 93' lang='lat' dir='ltr'><strong>cum</strong></span> <span class='ocrx_word' id='word_1_381' title='bbox 1374 240 1445 260; x_wconf 88' lang='lat' dir='ltr'><strong>unus</strong></span> <span class='ocrx_word' id='word_1_382' title='bbox 1461 231 1506 265; x_wconf 87' lang='lat' dir='ltr'><strong>sit,</strong></span> <span class='ocrx_word' id='word_1_383' title='bbox 1528 231 1608 266; x_wconf 74' lang='lat'><strong>178</strong></span> <span class='ocrx_word' id='word_1_384' title='bbox 1633 231 1724 258; x_wconf 81' lang='lat' dir='ltr'><strong>omnia</strong></span> 
     </span>
    </p>
   </div>
   <div class='ocr_carea' id='block_1_50' title="bbox 944 277 1725 312">
    <p class='ocr_par' dir='ltr' id='par_1_50' title="bbox 944 277 1725 312">
     <span class='ocr_line' id='line_1_50' title="bbox 944 277 1725 312; baseline -0.006 -5"><span class='ocrx_word' id='word_1_385' title='bbox 944 280 1055 308; x_wconf 79' lang='lat' dir='ltr'><strong>sensilia</strong></span> <span class='ocrx_word' id='word_1_386' title='bbox 1070 279 1186 307; x_wconf 81' lang='lat' dir='ltr'><strong>fecunda</strong></span> <span class='ocrx_word' id='word_1_387' title='bbox 1203 278 1293 307; x_wconf 77' lang='lat' dir='ltr'><strong>reddit</strong></span> <span class='ocrx_word' id='word_1_388' title='bbox 1317 282 1344 306; x_wconf 88' lang='lat' dir='ltr'><strong>et</strong></span> <span class='ocrx_word' id='word_1_389' title='bbox 1368 279 1426 311; x_wconf 90' lang='lat' dir='ltr'><strong>alit,</strong></span> <span class='ocrx_word' id='word_1_390' title='bbox 1455 281 1536 312; x_wconf 85' lang='lat' dir='ltr'><strong>atque</strong></span> <span class='ocrx_word' id='word_1_391' title='bbox 1570 280 1674 310; x_wconf 88' lang='lat' dir='ltr'><strong>mutat,</strong></span> <span class='ocrx_word' id='word_1_392' title='bbox 1698 277 1725 303; x_wconf 89' lang='lat' dir='ltr'><strong>id</strong></span> 
     </span>
    </p>
   </div>
   <div class='ocr_carea' id='block_1_51' title="bbox 943 322 1726 360">
    <p class='ocr_par' dir='ltr' id='par_1_51' title="bbox 943 322 1726 360">
     <span class='ocr_line' id='line_1_51' title="bbox 943 322 1726 360; baseline -0.004 -8"><span class='ocrx_word' id='word_1_393' title='bbox 943 329 984 352; x_wconf 86' lang='lat' dir='ltr'><strong>est</strong></span> <span class='ocrx_word' id='word_1_394' title='bbox 999 333 1032 352; x_wconf 89' lang='lat' dir='ltr'><strong>ex</strong></span> <span class='ocrx_word' id='word_1_395' title='bbox 1048 333 1130 360; x_wconf 89' lang='lat' dir='ltr'><strong>parvo</strong></span> <span class='ocrx_word' id='word_1_396' title='bbox 1147 332 1245 360; x_wconf 76' lang='lat' dir='ltr'><strong>magna</strong></span> <span class='ocrx_word' id='word_1_397' title='bbox 1260 324 1337 356; x_wconf 83' lang='lat' dir='ltr'><strong>facit,</strong></span> <span class='ocrx_word' id='word_1_398' title='bbox 1354 328 1400 351; x_wconf 91' lang='lat' dir='ltr'><strong>aut</strong></span> <span class='ocrx_word' id='word_1_399' title='bbox 1414 324 1496 351; x_wconf 85' lang='lat' dir='ltr'><strong>etiam</strong></span> <span class='ocrx_word' id='word_1_400' title='bbox 1519 331 1551 350; x_wconf 82' lang='lat' dir='ltr'><strong>ex</strong></span> <span class='ocrx_word' id='word_1_401' title='bbox 1574 322 1678 350; x_wconf 85' lang='lat' dir='ltr'><strong>semine</strong></span> <span class='ocrx_word' id='word_1_402' title='bbox 1693 322 1726 349; x_wconf 90' lang='lat' dir='ltr'><strong>il-</strong></span> 
     </span>
    </p>
   </div>
   <div class='ocr_carea' id='block_1_52' title="bbox 943 369 1727 406">
    <p class='ocr_par' dir='ltr' id='par_1_52' title="bbox 943 369 1727 406">
     <span class='ocr_line' id='line_1_52' title="bbox 943 369 1727 406; baseline -0.004 -8"><span class='ocrx_word' id='word_1_403' title='bbox 943 372 989 399; x_wconf 91' lang='lat' dir='ltr'><strong>lud</strong></span> <span class='ocrx_word' id='word_1_404' title='bbox 1000 371 1072 406; x_wconf 90' lang='lat' dir='ltr'><strong>quod</strong></span> <span class='ocrx_word' id='word_1_405' title='bbox 1090 371 1152 398; x_wconf 85' lang='lat' dir='ltr'><strong>inde</strong></span> <span class='ocrx_word' id='word_1_406' title='bbox 1179 371 1338 406; x_wconf 75' lang='lat' dir='ltr'><strong>producitur</strong></span> <span class='ocrx_word' id='word_1_407' title='bbox 1351 378 1472 406; x_wconf 76' lang='lat' dir='ltr'><strong>germen.</strong></span> <span class='ocrx_word' id='word_1_408' title='bbox 1498 373 1545 396; x_wconf 89' lang='lat' dir='ltr'><strong>aut</strong></span> <span class='ocrx_word' id='word_1_409' title='bbox 1573 369 1666 398; x_wconf 90' lang='lat' dir='ltr'><strong>arbor.</strong></span> <span class='ocrx_word' id='word_1_410' title='bbox 1683 373 1727 396; x_wconf 89' lang='lat' dir='ltr'><strong>at-</strong></span> 
     </span>
    </p>
   </div>
   <div class='ocr_carea' id='block_1_53' title="bbox 944 416 1727 452">
    <p class='ocr_par' dir='ltr' id='par_1_53' title="bbox 944 416 1727 452">
     <span class='ocr_line' id='line_1_53' title="bbox 944 416 1727 452; baseline -0.001 -8"><span class='ocrx_word' id='word_1_411' title='bbox 944 425 996 452; x_wconf 90' lang='lat' dir='ltr'><strong>que</strong></span> <span class='ocrx_word' id='word_1_412' title='bbox 1010 417 1038 444; x_wconf 90' lang='lat' dir='ltr'><strong>in</strong></span> <span class='ocrx_word' id='word_1_413' title='bbox 1054 417 1180 445; x_wconf 87' lang='lat' dir='ltr'><strong>omnibus</strong></span> <span class='ocrx_word' id='word_1_414' title='bbox 1205 417 1360 444; x_wconf 85' lang='lat' dir='ltr'><strong>visibilibus</strong></span> <span class='ocrx_word' id='word_1_415' title='bbox 1385 421 1437 449; x_wconf 90' lang='lat' dir='ltr'><strong>est,</strong></span> <span class='ocrx_word' id='word_1_416' title='bbox 1466 424 1527 443; x_wconf 89' lang='lat' dir='ltr'><strong>cum</strong></span> <span class='ocrx_word' id='word_1_417' title='bbox 1553 416 1622 443; x_wconf 87' lang='lat' dir='ltr'><strong>nihil</strong></span> <span class='ocrx_word' id='word_1_418' title='bbox 1645 417 1680 444; x_wconf 90' lang='lat' dir='ltr'><strong>sit</strong></span> <span class='ocrx_word' id='word_1_419' title='bbox 1694 423 1727 443; x_wconf 76' lang='lat' dir='ltr'><strong>ex</strong></span> 
     </span>
    </p>
   </div>
   <div class='ocr_carea' id='block_1_54' title="bbox 944 462 1727 499">
    <p class='ocr_par' dir='ltr' id='par_1_54' title="bbox 944 462 1727 499">
     <span class='ocr_line' id='line_1_54' title="bbox 944 462 1727 499; baseline -0.001 -10"><span class='ocrx_word' id='word_1_420' title='bbox 944 462 1029 499; x_wconf 84' lang='lat' dir='ltr'><strong>ipsis;</strong></span> <span class='ocrx_word' id='word_1_421' title='bbox 1045 463 1085 490; x_wconf 90' lang='lat' dir='ltr'><strong>sic</strong></span> <span class='ocrx_word' id='word_1_422' title='bbox 1098 463 1180 490; x_wconf 87' lang='lat' dir='ltr'><strong>etiam</strong></span> <span class='ocrx_word' id='word_1_423' title='bbox 1200 462 1271 490; x_wconf 86' lang='lat' dir='ltr'><strong>Dens</strong></span> <span class='ocrx_word' id='word_1_424' title='bbox 1291 466 1317 490; x_wconf 92' lang='lat' dir='ltr'><strong>ct</strong></span> <span class='ocrx_word' id='word_1_425' title='bbox 1336 463 1422 498; x_wconf 87' lang='lat' dir='ltr'><strong>ipsius</strong></span> <span class='ocrx_word' id='word_1_426' title='bbox 1445 463 1511 490; x_wconf 90' lang='lat' dir='ltr'><strong>solis</strong></span> <span class='ocrx_word' id='word_1_427' title='bbox 1535 466 1563 489; x_wconf 89' lang='lat' dir='ltr'><strong>et</strong></span> <span class='ocrx_word' id='word_1_428' title='bbox 1586 462 1727 490; x_wconf 78' lang='lat' dir='ltr'><strong>sensilium</strong></span> 
     </span>
    </p>
   </div>
   <div class='ocr_carea' id='block_1_55' title="bbox 944 508 1729 544">
    <p class='ocr_par' dir='ltr' id='par_1_55' title="bbox 944 508 1729 544">
     <span class='ocr_line' id='line_1_55' title="bbox 944 508 1729 544; baseline -0.001 -9"><span class='ocrx_word' id='word_1_429' title='bbox 944 509 1066 536; x_wconf 91' lang='lat' dir='ltr'><strong>omnium</strong></span> <span class='ocrx_word' id='word_1_430' title='bbox 1081 516 1113 536; x_wconf 89' lang='lat' dir='ltr'><strong>ac</strong></span> <span class='ocrx_word' id='word_1_431' title='bbox 1128 508 1339 544; x_wconf 73' lang='lat' dir='ltr'><strong>intelligibilium</strong></span> <span class='ocrx_word' id='word_1_432' title='bbox 1355 513 1436 544; x_wconf 85' lang='lat' dir='ltr'><strong>atque</strong></span> <span class='ocrx_word' id='word_1_433' title='bbox 1460 508 1667 543; x_wconf 80' lang='lat' dir='ltr'><strong>intelligentium</strong></span> <span class='ocrx_word' id='word_1_434' title='bbox 1680 515 1729 534; x_wconf 85' lang='lat' dir='ltr'><strong>au-</strong></span> 
     </span>
    </p>
   </div>
   <div class='ocr_carea' id='block_1_56' title="bbox 944 553 1728 587">
    <p class='ocr_par' dir='ltr' id='par_1_56' title="bbox 944 553 1728 587">
     <span class='ocr_line' id='line_1_56' title="bbox 944 553 1728 587; baseline -0.001 -6"><span class='ocrx_word' id='word_1_435' title='bbox 944 559 1016 587; x_wconf 86' lang='lat' dir='ltr'><strong>ctor,</strong></span> <span class='ocrx_word' id='word_1_436' title='bbox 1033 555 1101 582; x_wconf 82' lang='lat' dir='ltr'><strong>nihil</strong></span> <span class='ocrx_word' id='word_1_437' title='bbox 1122 559 1164 582; x_wconf 88' lang='lat' dir='ltr'><strong>est</strong></span> <span class='ocrx_word' id='word_1_438' title='bbox 1182 563 1214 582; x_wconf 80' lang='lat' dir='ltr'><strong>ex</strong></span> <span class='ocrx_word' id='word_1_439' title='bbox 1229 555 1320 586; x_wconf 84' lang='lat' dir='ltr'><strong>rebus,</strong></span> <span class='ocrx_word' id='word_1_440' title='bbox 1336 558 1362 581; x_wconf 87' lang='lat' dir='ltr'><strong>et</strong></span> <span class='ocrx_word' id='word_1_441' title='bbox 1375 554 1402 581; x_wconf 89' lang='lat' dir='ltr'><strong>in</strong></span> <span class='ocrx_word' id='word_1_442' title='bbox 1419 554 1547 581; x_wconf 92' lang='lat' dir='ltr'><strong>omnibus</strong></span> <span class='ocrx_word' id='word_1_443' title='bbox 1562 558 1621 587; x_wconf 82' lang='lat' dir='ltr'><strong>est;</strong></span> <span class='ocrx_word' id='word_1_444' title='bbox 1637 553 1728 580; x_wconf 88' lang='lat' dir='ltr'><strong>omnia</strong></span> 
     </span>
    </p>
   </div>
   <div class='ocr_carea' id='block_1_57' title="bbox 945 600 1729 636">
    <p class='ocr_par' dir='ltr' id='par_1_57' title="bbox 945 600 1729 636">
     <span class='ocr_line' id='line_1_57' title="bbox 945 600 1729 636; baseline -0.003 -8"><span class='ocrx_word' id='word_1_445' title='bbox 945 601 1018 628; x_wconf 88' lang='lat' dir='ltr'><strong>enim</strong></span> <span class='ocrx_word' id='word_1_446' title='bbox 1039 602 1127 636; x_wconf 87' lang='lat' dir='ltr'><strong>ipsum</strong></span> <span class='ocrx_word' id='word_1_447' title='bbox 1142 600 1316 636; x_wconf 89' lang='lat' dir='ltr'><strong>participant,</strong></span> <span class='ocrx_word' id='word_1_448' title='bbox 1332 600 1392 628; x_wconf 86' lang='lat' dir='ltr'><strong>ideo</strong></span> <span class='ocrx_word' id='word_1_449' title='bbox 1409 600 1550 635; x_wconf 73' lang='lat' dir='ltr'><strong>Scriptura</strong></span> <span class='ocrx_word' id='word_1_450' title='bbox 1574 600 1662 635; x_wconf 89' lang='lat' dir='ltr'><strong>ipsum</strong></span> <span class='ocrx_word' id='word_1_451' title='bbox 1681 607 1729 634; x_wconf 85' lang='lat' dir='ltr'><strong>ap-</strong></span> 
     </span>
    </p>
   </div>
   <div class='ocr_carea' id='block_1_58' title="bbox 945 646 1295 682">
    <p class='ocr_par' dir='ltr' id='par_1_58' title="bbox 945 646 1295 682">
     <span class='ocr_line' id='line_1_58' title="bbox 945 646 1295 682; baseline -0.003 -8"><span class='ocrx_word' id='word_1_452' title='bbox 945 647 1029 682; x_wconf 77' lang='lat' dir='ltr'><strong>pellat</strong></span> <span class='ocrx_word' id='word_1_453' title='bbox 1041 646 1132 674; x_wconf 89' lang='lat' dir='ltr'><strong>Solem</strong></span> <span class='ocrx_word' id='word_1_454' title='bbox 1142 646 1257 682; x_wconf 71' lang='lat' dir='ltr'><strong>justitiae</strong></span> <span class='ocrx_word' id='word_1_455' title='bbox 1270 646 1295 673; x_wconf 62' lang='grc' dir='ltr'>δ.</span> 
     </span>
    </p>
   </div>
   <div class='ocr_carea' id='block_1_59' title="bbox 982 734 1730 770">
    <p class='ocr_par' dir='ltr' id='par_1_59' title="bbox 982 734 1730 770">
     <span class='ocr_line' id='line_1_59' title="bbox 982 734 1730 770; baseline 0.001 -8"><span class='ocrx_word' id='word_1_456' title='bbox 982 734 1165 769; x_wconf 72' lang='grc' dir='ltr'>Επεηιριανία.</span> <span class='ocrx_word' id='word_1_457' title='bbox 1196 734 1369 770; x_wconf 75' lang='lat' dir='ltr'><strong>Exemplaria</strong></span> <span class='ocrx_word' id='word_1_458' title='bbox 1393 742 1454 770; x_wconf 73' lang='lat' dir='ltr'><strong>qua:</strong></span> <span class='ocrx_word' id='word_1_459' title='bbox 1479 734 1560 762; x_wconf 90' lang='lat' dir='ltr'><strong>etiam</strong></span> <span class='ocrx_word' id='word_1_460' title='bbox 1586 734 1661 763; x_wconf 81' lang='lat' dir='ltr'><strong>ideas</strong></span> <span class='ocrx_word' id='word_1_461' title='bbox 1681 742 1730 763; x_wconf 87' lang='lat' dir='ltr'><strong>vo-</strong></span> 
     </span>
    </p>
   </div>
   <div class='ocr_carea' id='block_1_60' title="bbox 947 781 1729 817">
    <p class='ocr_par' dir='ltr' id='par_1_60' title="bbox 947 781 1729 817">
     <span class='ocr_line' id='line_1_60' title="bbox 947 781 1729 817; baseline 0.003 -10"><span class='ocrx_word' id='word_1_462' title='bbox 947 785 1021 813; x_wconf 87' lang='lat' dir='ltr'><strong>cant,</strong></span> <span class='ocrx_word' id='word_1_463' title='bbox 1042 781 1099 816; x_wconf 86' lang='lat' dir='ltr'><strong>jam</strong></span> <span class='ocrx_word' id='word_1_464' title='bbox 1122 781 1232 816; x_wconf 87' lang='lat' dir='ltr'><strong>quidem</strong></span> <span class='ocrx_word' id='word_1_465' title='bbox 1257 789 1339 816; x_wconf 81' lang='lat' dir='ltr'><strong>supra</strong></span> <span class='ocrx_word' id='word_1_466' title='bbox 1363 782 1445 808; x_wconf 85' lang='lat' dir='ltr'><strong>etiam</strong></span> <span class='ocrx_word' id='word_1_467' title='bbox 1470 781 1648 816; x_wconf 83' lang='lat' dir='ltr'><strong>exposuimus</strong></span> <span class='ocrx_word' id='word_1_468' title='bbox 1662 789 1729 817; x_wconf 84' lang='lat' dir='ltr'><strong>quo-</strong></span> 
     </span>
    </p>
   </div>
   <div class='ocr_carea' id='block_1_61' title="bbox 948 827 1727 862">
    <p class='ocr_par' dir='ltr' id='par_1_61' title="bbox 948 827 1727 862">
     <span class='ocr_line' id='line_1_61' title="bbox 948 827 1727 862; baseline 0 -8"><span class='ocrx_word' id='word_1_469' title='bbox 948 827 1028 854; x_wconf 87' lang='lat' dir='ltr'><strong>modo</strong></span> <span class='ocrx_word' id='word_1_470' title='bbox 1042 827 1218 859; x_wconf 82' lang='lat' dir='ltr'><strong>deﬁniantur,</strong></span> <span class='ocrx_word' id='word_1_471' title='bbox 1230 827 1303 862; x_wconf 87' lang='lat' dir='ltr'><strong>quod</strong></span> <span class='ocrx_word' id='word_1_472' title='bbox 1319 827 1406 854; x_wconf 89' lang='lat' dir='ltr'><strong>ideam</strong></span> <span class='ocrx_word' id='word_1_473' title='bbox 1422 834 1470 854; x_wconf 86' lang='lat' dir='ltr'><strong>seu</strong></span> <span class='ocrx_word' id='word_1_474' title='bbox 1495 827 1633 861; x_wconf 84' lang='lat' dir='ltr'><strong>exemplar</strong></span> <span class='ocrx_word' id='word_1_475' title='bbox 1645 828 1727 859; x_wconf 82' lang='lat' dir='ltr'><strong>dicat,</strong></span> 
     </span>
    </p>
   </div>
   <div class='ocr_carea' id='block_1_62' title="bbox 948 873 1731 909">
    <p class='ocr_par' dir='ltr' id='par_1_62' title="bbox 948 873 1731 909">
     <span class='ocr_line' id='line_1_62' title="bbox 948 873 1731 909; baseline 0 -8"><span class='ocrx_word' id='word_1_476' title='bbox 948 881 1017 909; x_wconf 86' lang='lat' dir='ltr'><strong>opus</strong></span> <span class='ocrx_word' id='word_1_477' title='bbox 1033 874 1061 901; x_wconf 92' lang='lat' dir='ltr'><strong>in</strong></span> <span class='ocrx_word' id='word_1_478' title='bbox 1075 881 1105 901; x_wconf 89' lang='lat' dir='ltr'><strong>se</strong></span> <span class='ocrx_word' id='word_1_479' title='bbox 1123 873 1273 909; x_wconf 82' lang='lat' dir='ltr'><strong>perfectum</strong></span> <span class='ocrx_word' id='word_1_480' title='bbox 1305 877 1436 901; x_wconf 72' lang='lat' dir='ltr'><strong>aeternum</strong></span> <span class='ocrx_word' id='word_1_481' title='bbox 1452 873 1546 901; x_wconf 62' lang='lat' dir='ltr'><strong>aeterni</strong></span> <span class='ocrx_word' id='word_1_482' title='bbox 1574 873 1632 901; x_wconf 85' lang='lat' dir='ltr'><strong>Dei.</strong></span> <span class='ocrx_word' id='word_1_483' title='bbox 1659 873 1731 901; x_wconf 90' lang='lat' dir='ltr'><strong>Sane</strong></span> 
     </span>
    </p>
   </div>
   <div class='ocr_carea' id='block_1_63' title="bbox 947 919 1730 955">
    <p class='ocr_par' dir='ltr' id='par_1_63' title="bbox 947 919 1730 955">
     <span class='ocr_line' id='line_1_63' title="bbox 947 919 1730 955; baseline 0.001 -9"><span class='ocrx_word' id='word_1_484' title='bbox 947 920 1056 955; x_wconf 75' lang='lat' dir='ltr'><strong>quidem</strong></span> <span class='ocrx_word' id='word_1_485' title='bbox 1069 920 1120 947; x_wconf 93' lang='lat' dir='ltr'><strong>hoc</strong></span> <span class='ocrx_word' id='word_1_486' title='bbox 1136 920 1197 947; x_wconf 91' lang='lat' dir='ltr'><strong>loco</strong></span> <span class='ocrx_word' id='word_1_487' title='bbox 1215 927 1331 955; x_wconf 84' lang='lat' dir='ltr'><strong>magnus</strong></span> <span class='ocrx_word' id='word_1_488' title='bbox 1356 919 1501 955; x_wconf 85' lang='lat' dir='ltr'><strong>Dionysius</strong></span> <span class='ocrx_word' id='word_1_489' title='bbox 1525 920 1642 955; x_wconf 80' lang='lat' dir='ltr'><strong>explicat</strong></span> <span class='ocrx_word' id='word_1_490' title='bbox 1655 919 1730 947; x_wconf 91' lang='lat' dir='ltr'><strong>Scri-</strong></span> 
     </span>
    </p>
   </div>
   <div class='ocr_carea' id='block_1_64' title="bbox 947 965 1729 1000">
    <p class='ocr_par' dir='ltr' id='par_1_64' title="bbox 947 965 1729 1000">
     <span class='ocr_line' id='line_1_64' title="bbox 947 965 1729 1000; baseline 0 -8"><span class='ocrx_word' id='word_1_491' title='bbox 947 971 1065 1000; x_wconf 86' lang='lat' dir='ltr'><strong>pturam,</strong></span> <span class='ocrx_word' id='word_1_492' title='bbox 1076 965 1140 992; x_wconf 89' lang='lat' dir='ltr'><strong>dum</strong></span> <span class='ocrx_word' id='word_1_493' title='bbox 1153 965 1407 1000; x_wconf 59' lang='lat' dir='ltr'><strong>pratdcstinationes</strong></span> <span class='ocrx_word' id='word_1_494' title='bbox 1417 968 1496 992; x_wconf 87' lang='lat' dir='ltr'><strong>vocat</strong></span> <span class='ocrx_word' id='word_1_495' title='bbox 1511 965 1595 996; x_wconf 81' lang='lat' dir='ltr'><strong>ideas,</strong></span> <span class='ocrx_word' id='word_1_496' title='bbox 1608 965 1729 992; x_wconf 88' lang='lat' dir='ltr'><strong>divinum</strong></span> 
     </span>
    </p>
   </div>
   <div class='ocr_carea' id='block_1_65' title="bbox 947 1010 1730 1046">
    <p class='ocr_par' dir='ltr' id='par_1_65' title="bbox 947 1010 1730 1046">
     <span class='ocr_line' id='line_1_65' title="bbox 947 1010 1730 1046; baseline 0.003 -9"><span class='ocrx_word' id='word_1_497' title='bbox 947 1010 1062 1038; x_wconf 90' lang='lat' dir='ltr'><strong>Paulum</strong></span> <span class='ocrx_word' id='word_1_498' title='bbox 1087 1011 1241 1043; x_wconf 89' lang='lat' dir='ltr'><strong>insinuans,</strong></span> <span class='ocrx_word' id='word_1_499' title='bbox 1256 1011 1303 1046; x_wconf 87' lang='lat' dir='ltr'><strong>qui</strong></span> <span class='ocrx_word' id='word_1_500' title='bbox 1331 1011 1358 1038; x_wconf 93' lang='lat' dir='ltr'><strong>in</strong></span> <span class='ocrx_word' id='word_1_501' title='bbox 1382 1010 1504 1046; x_wconf 86' lang='lat' dir='ltr'><strong>Epistola</strong></span> <span class='ocrx_word' id='word_1_502' title='bbox 1535 1010 1567 1037; x_wconf 87' lang='lat' dir='ltr'><strong>ad</strong></span> <span class='ocrx_word' id='word_1_503' title='bbox 1592 1010 1730 1039; x_wconf 80' lang='lat' dir='ltr'><strong>Romanos</strong></span> 
     </span>
    </p>
   </div>
   <div class='ocr_carea' id='block_1_66' title="bbox 948 1056 1730 1091">
    <p class='ocr_par' dir='ltr' id='par_1_66' title="bbox 948 1056 1730 1091">
     <span class='ocr_line' id='line_1_66' title="bbox 948 1056 1730 1091; baseline 0.001 -8"><span class='ocrx_word' id='word_1_504' title='bbox 948 1056 986 1083; x_wconf 87' lang='lat' dir='ltr'><strong>ait</strong></span> <span class='ocrx_word' id='word_1_505' title='bbox 1003 1066 1010 1084; x_wconf 90' lang='lat'><strong>:</strong></span> <span class='ocrx_word' id='word_1_506' title='bbox 1034 1056 1105 1089; x_wconf 81' lang='lat' dir='ltr'><strong>Quos</strong></span> <span class='ocrx_word' id='word_1_507' title='bbox 1125 1061 1212 1084; x_wconf 83' lang='lat' dir='ltr'><strong>autem</strong></span> <span class='ocrx_word' id='word_1_508' title='bbox 1241 1056 1449 1091; x_wconf 69' lang='lat' dir='ltr'><strong>pra&#39;destinavit,</strong></span> <span class='ocrx_word' id='word_1_509' title='bbox 1476 1056 1522 1084; x_wconf 77' lang='lat' dir='ltr'><strong>llos</strong></span> <span class='ocrx_word' id='word_1_510' title='bbox 1542 1062 1566 1084; x_wconf 84' lang='lat' dir='ltr'><strong>et</strong></span> <span class='ocrx_word' id='word_1_511' title='bbox 1592 1058 1691 1084; x_wconf 71' lang='lat' dir='ltr'><strong>vocarit</strong></span> <span class='ocrx_word' id='word_1_512' title='bbox 1708 1059 1730 1091; x_wconf 80' lang='lat' dir='ltr'><strong>i;</strong></span> 
     </span>
    </p>
   </div>
   <div class='ocr_carea' id='block_1_67' title="bbox 948 1102 1729 1137">
    <p class='ocr_par' dir='ltr' id='par_1_67' title="bbox 948 1102 1729 1137">
     <span class='ocr_line' id='line_1_67' title="bbox 948 1102 1729 1137; baseline 0 -7"><span class='ocrx_word' id='word_1_513' title='bbox 948 1109 975 1130; x_wconf 88' lang='lat' dir='ltr'><strong>et</strong></span> <span class='ocrx_word' id='word_1_514' title='bbox 987 1103 1051 1130; x_wconf 81' lang='lat' dir='ltr'><strong>alibi</strong></span> <span class='ocrx_word' id='word_1_515' title='bbox 1067 1112 1073 1130; x_wconf 89' lang='lat'><strong>:</strong></span> <span class='ocrx_word' id='word_1_516' title='bbox 1098 1102 1151 1136; x_wconf 83' lang='lat' dir='ltr'><strong>Qui</strong></span> <span class='ocrx_word' id='word_1_517' title='bbox 1168 1102 1364 1137; x_wconf 69' lang='lat' dir='ltr'><strong>pra&#39;destinavit</strong></span> <span class='ocrx_word' id='word_1_518' title='bbox 1383 1111 1429 1130; x_wconf 78' lang='lat' dir='ltr'><strong>nos</strong></span> <span class='ocrx_word' id='word_1_519' title='bbox 1445 1103 1473 1129; x_wconf 81' lang='lat' dir='ltr'><strong>in</strong></span> <span class='ocrx_word' id='word_1_520' title='bbox 1486 1103 1618 1131; x_wconf 80' lang='lat' dir='ltr'><strong>voluntate</strong></span> <span class='ocrx_word' id='word_1_521' title='bbox 1629 1112 1678 1131; x_wconf 78' lang='lat' dir='ltr'><strong>sua</strong></span> <span class='ocrx_word' id='word_1_522' title='bbox 1691 1104 1704 1123; x_wconf 75' lang='grc' dir='ltr'><strong>¹κ</strong></span> <span class='ocrx_word' id='word_1_523' title='bbox 1723 1114 1729 1130; x_wconf 86' lang='grc'>;</span> 
     </span>
    </p>
   </div>
   <div class='ocr_carea' id='block_1_68' title="bbox 948 1149 1732 1184">
    <p class='ocr_par' dir='ltr' id='par_1_68' title="bbox 948 1149 1732 1184">
     <span class='ocr_line' id='line_1_68' title="bbox 948 1149 1732 1184; baseline 0.001 -8"><span class='ocrx_word' id='word_1_524' title='bbox 948 1149 1117 1176; x_wconf 87' lang='lat' dir='ltr'><strong>voluntatem</strong></span> <span class='ocrx_word' id='word_1_525' title='bbox 1134 1149 1206 1176; x_wconf 90' lang='lat' dir='ltr'><strong>enim</strong></span> <span class='ocrx_word' id='word_1_526' title='bbox 1222 1154 1249 1176; x_wconf 86' lang='lat' dir='ltr'><strong>et</strong></span> <span class='ocrx_word' id='word_1_527' title='bbox 1270 1149 1536 1184; x_wconf 64' lang='lat' dir='ltr'><strong>praidestinationem</strong></span> <span class='ocrx_word' id='word_1_528' title='bbox 1557 1149 1623 1177; x_wconf 81' lang='lat' dir='ltr'><strong>dicit</strong></span> <span class='ocrx_word' id='word_1_529' title='bbox 1638 1157 1732 1177; x_wconf 81' lang='lat' dir='ltr'><strong>exem-</strong></span> 
     </span>
    </p>
   </div>
   <div class='ocr_carea' id='block_1_69' title="bbox 949 1194 1732 1230">
    <p class='ocr_par' dir='ltr' id='par_1_69' title="bbox 949 1194 1732 1230">
     <span class='ocr_line' id='line_1_69' title="bbox 949 1194 1732 1230; baseline 0.003 -9"><span class='ocrx_word' id='word_1_530' title='bbox 949 1195 1035 1230; x_wconf 87' lang='lat' dir='ltr'><strong>plaria</strong></span> <span class='ocrx_word' id='word_1_531' title='bbox 1046 1199 1073 1222; x_wconf 92' lang='lat' dir='ltr'><strong>et</strong></span> <span class='ocrx_word' id='word_1_532' title='bbox 1087 1194 1173 1222; x_wconf 84' lang='lat' dir='ltr'><strong>ideas.</strong></span> <span class='ocrx_word' id='word_1_533' title='bbox 1193 1195 1286 1223; x_wconf 60' lang='lat' dir='ltr'><strong>Aﬂ‘ert‘</strong></span> <span class='ocrx_word' id='word_1_534' title='bbox 1299 1197 1461 1223; x_wconf 85' lang='lat' dir='ltr'><strong>sententiam</strong></span> <span class='ocrx_word' id='word_1_535' title='bbox 1488 1196 1560 1224; x_wconf 80' lang='lat' dir='ltr'><strong>beati</strong></span> <span class='ocrx_word' id='word_1_536' title='bbox 1585 1196 1732 1224; x_wconf 84' lang='lat' dir='ltr'><strong>Clementis</strong></span> 
     </span>
    </p>
   </div>
   <div class='ocr_carea' id='block_1_70' title="bbox 951 1239 1733 1278">
    <p class='ocr_par' dir='ltr' id='par_1_70' title="bbox 951 1239 1733 1278">
     <span class='ocr_line' id='line_1_70' title="bbox 951 1239 1733 1278; baseline 0.004 -11"><span class='ocrx_word' id='word_1_537' title='bbox 951 1239 1077 1276; x_wconf 81' lang='lat' dir='ltr'><strong>[Romani</strong></span> <span class='ocrx_word' id='word_1_538' title='bbox 1090 1240 1234 1277; x_wconf 85' lang='lat' dir='ltr'><strong>episcopi],</strong></span> <span class='ocrx_word' id='word_1_539' title='bbox 1251 1242 1331 1276; x_wconf 90' lang='lat' dir='ltr'><strong>cujus</strong></span> <span class='ocrx_word' id='word_1_540' title='bbox 1351 1243 1474 1269; x_wconf 86' lang='lat' dir='ltr'><strong>meminit</strong></span> <span class='ocrx_word' id='word_1_541' title='bbox 1490 1242 1649 1278; x_wconf 78' lang='lat' dir='ltr'><strong>Apostolus.</strong></span> <span class='ocrx_word' id='word_1_542' title='bbox 1672 1250 1733 1271; x_wconf 90' lang='lat' dir='ltr'><strong>esse</strong></span> 
     </span>
    </p>
   </div>
   <div class='ocr_carea' id='block_1_71' title="bbox 950 1287 1732 1324">
    <p class='ocr_par' dir='ltr' id='par_1_71' title="bbox 950 1287 1732 1324">
     <span class='ocr_line' id='line_1_71' title="bbox 950 1287 1732 1324; baseline 0.001 -10"><span class='ocrx_word' id='word_1_543' title='bbox 950 1287 979 1314; x_wconf 91' lang='lat' dir='ltr'><strong>in</strong></span> <span class='ocrx_word' id='word_1_544' title='bbox 990 1287 1072 1316; x_wconf 88' lang='lat' dir='ltr'><strong>rebus</strong></span> <span class='ocrx_word' id='word_1_545' title='bbox 1086 1288 1251 1323; x_wconf 77' lang='lat' dir='ltr'><strong>exemplaria</strong></span> <span class='ocrx_word' id='word_1_546' title='bbox 1271 1288 1473 1323; x_wconf 87' lang='lat' dir='ltr'><strong>principaliora,</strong></span> <span class='ocrx_word' id='word_1_547' title='bbox 1494 1294 1624 1324; x_wconf 90' lang='lat' dir='ltr'><strong>tanquam</strong></span> <span class='ocrx_word' id='word_1_548' title='bbox 1639 1296 1732 1316; x_wconf 87' lang='lat' dir='ltr'><strong>eorum</strong></span> 
     </span>
    </p>
   </div>
   <div class='ocr_carea' id='block_1_72' title="bbox 951 1333 1733 1369">
    <p class='ocr_par' dir='ltr' id='par_1_72' title="bbox 951 1333 1733 1369">
     <span class='ocr_line' id='line_1_72' title="bbox 951 1333 1733 1369; baseline 0.001 -9"><span class='ocrx_word' id='word_1_549' title='bbox 951 1339 1011 1367; x_wconf 72' lang='lat' dir='ltr'><strong>quae</strong></span> <span class='ocrx_word' id='word_1_550' title='bbox 1032 1333 1066 1360; x_wconf 91' lang='lat' dir='ltr'><strong>ad</strong></span> <span class='ocrx_word' id='word_1_551' title='bbox 1091 1333 1205 1368; x_wconf 90' lang='lat' dir='ltr'><strong>aliquid.</strong></span> <span class='ocrx_word' id='word_1_552' title='bbox 1231 1333 1340 1361; x_wconf 85' lang='lat' dir='ltr'><strong>Clarius</strong></span> <span class='ocrx_word' id='word_1_553' title='bbox 1356 1339 1445 1361; x_wconf 87' lang='lat' dir='ltr'><strong>autem</strong></span> <span class='ocrx_word' id='word_1_554' title='bbox 1468 1335 1506 1361; x_wconf 92' lang='lat' dir='ltr'><strong>ita</strong></span> <span class='ocrx_word' id='word_1_555' title='bbox 1535 1335 1579 1362; x_wconf 83' lang='lat' dir='ltr'><strong>ﬁet</strong></span> <span class='ocrx_word' id='word_1_556' title='bbox 1594 1334 1666 1369; x_wconf 87' lang='lat' dir='ltr'><strong>quod</strong></span> <span class='ocrx_word' id='word_1_557' title='bbox 1691 1334 1733 1361; x_wconf 82' lang='lat' dir='ltr'><strong>di-</strong></span> 
     </span>
    </p>
   </div>
   <div class='ocr_carea' id='block_1_73' title="bbox 951 1379 1733 1415">
    <p class='ocr_par' dir='ltr' id='par_1_73' title="bbox 951 1379 1733 1415">
     <span class='ocr_line' id='line_1_73' title="bbox 951 1379 1733 1415; baseline 0.003 -10"><span class='ocrx_word' id='word_1_558' title='bbox 951 1379 1022 1406; x_wconf 94' lang='lat' dir='ltr'><strong>citur</strong></span> <span class='ocrx_word' id='word_1_559' title='bbox 1034 1388 1040 1412; x_wconf 86' lang='lat'>;</span> <span class='ocrx_word' id='word_1_560' title='bbox 1057 1384 1098 1406; x_wconf 85' lang='lat' dir='ltr'><strong>est</strong></span> <span class='ocrx_word' id='word_1_561' title='bbox 1111 1379 1204 1414; x_wconf 88' lang='lat' dir='ltr'><strong>opinio</strong></span> <span class='ocrx_word' id='word_1_562' title='bbox 1215 1380 1306 1415; x_wconf 87' lang='lat' dir='ltr'><strong>aliqua</strong></span> <span class='ocrx_word' id='word_1_563' title='bbox 1319 1387 1379 1414; x_wconf 62' lang='lat' dir='ltr'><strong>quae</strong></span> <span class='ocrx_word' id='word_1_564' title='bbox 1389 1380 1480 1407; x_wconf 87' lang='lat' dir='ltr'><strong>omnia</strong></span> <span class='ocrx_word' id='word_1_565' title='bbox 1497 1381 1574 1408; x_wconf 72' lang='lat' dir='ltr'><strong>lineze</strong></span> <span class='ocrx_word' id='word_1_566' title='bbox 1589 1380 1733 1412; x_wconf 85' lang='lat' dir='ltr'><strong>assimilat,</strong></span> 
     </span>
    </p>
   </div>
   <div class='ocr_carea' id='block_1_74' title="bbox 951 1425 1734 1461">
    <p class='ocr_par' dir='ltr' id='par_1_74' title="bbox 951 1425 1734 1461">
     <span class='ocr_line' id='line_1_74' title="bbox 951 1425 1734 1461; baseline 0.001 -9"><span class='ocrx_word' id='word_1_567' title='bbox 951 1429 978 1452; x_wconf 91' lang='lat' dir='ltr'><strong>et</strong></span> <span class='ocrx_word' id='word_1_568' title='bbox 993 1426 1162 1460; x_wconf 86' lang='lat' dir='ltr'><strong>superiorem</strong></span> <span class='ocrx_word' id='word_1_569' title='bbox 1179 1426 1257 1453; x_wconf 76' lang='lat' dir='ltr'><strong>lineae</strong></span> <span class='ocrx_word' id='word_1_570' title='bbox 1271 1430 1375 1460; x_wconf 82' lang='lat' dir='ltr'><strong>partem</strong></span> <span class='ocrx_word' id='word_1_571' title='bbox 1391 1425 1606 1461; x_wconf 76' lang='lat' dir='ltr'><strong>intelligibilibus</strong></span> <span class='ocrx_word' id='word_1_572' title='bbox 1623 1426 1734 1458; x_wconf 84' lang='lat' dir='ltr'><strong>tribuit,</strong></span> 
     </span>
    </p>
   </div>
   <div class='ocr_carea' id='block_1_75' title="bbox 952 1471 1735 1506">
    <p class='ocr_par' dir='ltr' id='par_1_75' title="bbox 952 1471 1735 1506">
     <span class='ocr_line' id='line_1_75' title="bbox 952 1471 1735 1506; baseline 0.003 -8"><span class='ocrx_word' id='word_1_573' title='bbox 952 1471 1109 1499; x_wconf 85' lang='lat' dir='ltr'><strong>inferiorem</strong></span> <span class='ocrx_word' id='word_1_574' title='bbox 1135 1479 1200 1499; x_wconf 87' lang='lat' dir='ltr'><strong>vero</strong></span> <span class='ocrx_word' id='word_1_575' title='bbox 1225 1471 1421 1505; x_wconf 88' lang='lat' dir='ltr'><strong>sensibilibus;</strong></span> <span class='ocrx_word' id='word_1_576' title='bbox 1453 1472 1487 1499; x_wconf 90' lang='lat' dir='ltr'><strong>iis</strong></span> <span class='ocrx_word' id='word_1_577' title='bbox 1503 1479 1564 1506; x_wconf 66' lang='lat' dir='ltr'><strong>quae</strong></span> <span class='ocrx_word' id='word_1_578' title='bbox 1588 1472 1660 1500; x_wconf 83' lang='lat' dir='ltr'><strong>inter</strong></span> <span class='ocrx_word' id='word_1_579' title='bbox 1678 1472 1735 1500; x_wconf 67' lang='lat' dir='ltr'><strong>haec</strong></span> 
     </span>
    </p>
   </div>
   <div class='ocr_carea' id='block_1_76' title="bbox 953 1517 1735 1554">
    <p class='ocr_par' dir='ltr' id='par_1_76' title="bbox 953 1517 1735 1554">
     <span class='ocr_line' id='line_1_76' title="bbox 953 1517 1735 1554; baseline 0.001 -10"><span class='ocrx_word' id='word_1_580' title='bbox 953 1517 1136 1553; x_wconf 84' lang='lat' dir='ltr'><strong>principatum</strong></span> <span class='ocrx_word' id='word_1_581' title='bbox 1156 1517 1288 1550; x_wconf 85' lang='lat' dir='ltr'><strong>obtinent,</strong></span> <span class='ocrx_word' id='word_1_582' title='bbox 1316 1526 1376 1552; x_wconf 80' lang='lat' dir='ltr'><strong>quae</strong></span> <span class='ocrx_word' id='word_1_583' title='bbox 1392 1521 1455 1546; x_wconf 90' lang='lat' dir='ltr'><strong>sunt</strong></span> <span class='ocrx_word' id='word_1_584' title='bbox 1478 1518 1587 1554; x_wconf 88' lang='lat' dir='ltr'><strong>proprie</strong></span> <span class='ocrx_word' id='word_1_585' title='bbox 1608 1519 1735 1554; x_wconf 80' lang='lat' dir='ltr'><strong>intelligi-</strong></span> 
     </span>
    </p>
   </div>
   <div class='ocr_carea' id='block_1_77' title="bbox 954 1563 1736 1599">
    <p class='ocr_par' dir='ltr' id='par_1_77' title="bbox 954 1563 1736 1599">
     <span class='ocr_line' id='line_1_77' title="bbox 954 1563 1736 1599; baseline 0.003 -9"><span class='ocrx_word' id='word_1_586' title='bbox 954 1563 1030 1595; x_wconf 85' lang='lat' dir='ltr'><strong>bilia,</strong></span> <span class='ocrx_word' id='word_1_587' title='bbox 1056 1564 1170 1598; x_wconf 89' lang='lat' dir='ltr'><strong>primam</strong></span> <span class='ocrx_word' id='word_1_588' title='bbox 1186 1571 1218 1590; x_wconf 89' lang='lat' dir='ltr'><strong>ac</strong></span> <span class='ocrx_word' id='word_1_589' title='bbox 1234 1564 1401 1598; x_wconf 87' lang='lat' dir='ltr'><strong>superiorem</strong></span> <span class='ocrx_word' id='word_1_590' title='bbox 1413 1568 1534 1599; x_wconf 86' lang='lat' dir='ltr'><strong>partem;</strong></span> <span class='ocrx_word' id='word_1_591' title='bbox 1565 1572 1625 1599; x_wconf 68' lang='lat' dir='ltr'><strong>qua:</strong></span> <span class='ocrx_word' id='word_1_592' title='bbox 1638 1572 1671 1592; x_wconf 81' lang='lat' dir='ltr'><strong>ex</strong></span> <span class='ocrx_word' id='word_1_593' title='bbox 1694 1565 1736 1592; x_wconf 87' lang='lat' dir='ltr'><strong>in-</strong></span> 
     </span>
    </p>
   </div>
   <div class='ocr_carea' id='block_1_78' title="bbox 953 1609 1737 1644">
    <p class='ocr_par' dir='ltr' id='par_1_78' title="bbox 953 1609 1737 1644">
     <span class='ocr_line' id='line_1_78' title="bbox 953 1609 1737 1644; baseline 0.001 -8"><span class='ocrx_word' id='word_1_594' title='bbox 953 1609 1148 1644; x_wconf 77' lang='lat' dir='ltr'><strong>telligentibus,</strong></span> <span class='ocrx_word' id='word_1_595' title='bbox 1165 1609 1362 1644; x_wconf 88' lang='lat' dir='ltr'><strong>posteriorem:</strong></span> <span class='ocrx_word' id='word_1_596' title='bbox 1379 1609 1420 1636; x_wconf 81' lang='lat' dir='ltr'><strong>sic</strong></span> <span class='ocrx_word' id='word_1_597' title='bbox 1443 1612 1538 1644; x_wconf 86' lang='lat' dir='ltr'><strong>postea</strong></span> <span class='ocrx_word' id='word_1_598' title='bbox 1558 1609 1635 1644; x_wconf 86' lang='lat' dir='ltr'><strong>juxta</strong></span> <span class='ocrx_word' id='word_1_599' title='bbox 1658 1610 1737 1638; x_wconf 61' lang='lat' dir='ltr'><strong>linea</strong></span> 
     </span>
    </p>
   </div>
   <div class='ocr_carea' id='block_1_79' title="bbox 953 1654 1736 1691">
    <p class='ocr_par' dir='ltr' id='par_1_79' title="bbox 953 1654 1736 1691">
     <span class='ocr_line' id='line_1_79' title="bbox 953 1654 1736 1691; baseline 0.004 -10"><span class='ocrx_word' id='word_1_600' title='bbox 953 1654 1126 1687; x_wconf 89' lang='lat' dir='ltr'><strong>descensum,</strong></span> <span class='ocrx_word' id='word_1_601' title='bbox 1153 1654 1207 1681; x_wconf 87' lang='lat' dir='ltr'><strong>alia</strong></span> <span class='ocrx_word' id='word_1_602' title='bbox 1231 1655 1363 1688; x_wconf 87' lang='lat' dir='ltr'><strong>collocat;</strong></span> <span class='ocrx_word' id='word_1_603' title='bbox 1396 1655 1531 1689; x_wconf 88' lang='lat' dir='ltr'><strong>siquidem</strong></span> <span class='ocrx_word' id='word_1_604' title='bbox 1559 1656 1622 1684; x_wconf 86' lang='lat' dir='ltr'><strong>talis</strong></span> <span class='ocrx_word' id='word_1_605' title='bbox 1644 1656 1736 1691; x_wconf 91' lang='lat' dir='ltr'><strong>opinio</strong></span> 
     </span>
    </p>
   </div>
   <div class='ocr_carea' id='block_1_80' title="bbox 953 1700 1736 1737">
    <p class='ocr_par' dir='ltr' id='par_1_80' title="bbox 953 1700 1736 1737">
     <span class='ocr_line' id='line_1_80' title="bbox 953 1700 1736 1737; baseline 0.004 -10"><span class='ocrx_word' id='word_1_606' title='bbox 953 1700 1011 1727; x_wconf 88' lang='lat' dir='ltr'><strong>vult</strong></span> <span class='ocrx_word' id='word_1_607' title='bbox 1025 1700 1124 1727; x_wconf 88' lang='lat' dir='ltr'><strong>docere</strong></span> <span class='ocrx_word' id='word_1_608' title='bbox 1146 1700 1238 1727; x_wconf 87' lang='lat' dir='ltr'><strong>omnia</strong></span> <span class='ocrx_word' id='word_1_609' title='bbox 1267 1708 1321 1727; x_wconf 90' lang='lat' dir='ltr'><strong>non</strong></span> <span class='ocrx_word' id='word_1_610' title='bbox 1347 1708 1409 1729; x_wconf 84' lang='lat' dir='ltr'><strong>esse</strong></span> <span class='ocrx_word' id='word_1_611' title='bbox 1436 1700 1557 1735; x_wconf 83' lang='lat' dir='ltr'><strong>ejusdem</strong></span> <span class='ocrx_word' id='word_1_612' title='bbox 1583 1701 1736 1737; x_wconf 77' lang='lat' dir='ltr'><strong>dignitatis,</strong></span> 
     </span>
    </p>
   </div>
   <div class='ocr_carea' id='block_1_81' title="bbox 954 1746 1736 1783">
    <p class='ocr_par' dir='ltr' id='par_1_81' title="bbox 954 1746 1736 1783">
     <span class='ocr_line' id='line_1_81' title="bbox 954 1746 1736 1783; baseline 0.005 -11"><span class='ocrx_word' id='word_1_613' title='bbox 954 1746 1075 1780; x_wconf 73' lang='lat' dir='ltr'><strong>quaedam</strong></span> <span class='ocrx_word' id='word_1_614' title='bbox 1089 1753 1122 1773; x_wconf 80' lang='lat' dir='ltr'><strong>ex</strong></span> <span class='ocrx_word' id='word_1_615' title='bbox 1140 1753 1169 1773; x_wconf 87' lang='lat' dir='ltr'><strong>se</strong></span> <span class='ocrx_word' id='word_1_616' title='bbox 1185 1749 1279 1773; x_wconf 88' lang='lat' dir='ltr'><strong>mutuo</strong></span> <span class='ocrx_word' id='word_1_617' title='bbox 1293 1746 1411 1781; x_wconf 88' lang='lat' dir='ltr'><strong>pendere</strong></span> <span class='ocrx_word' id='word_1_618' title='bbox 1426 1747 1499 1774; x_wconf 88' lang='lat' dir='ltr'><strong>velut</strong></span> <span class='ocrx_word' id='word_1_619' title='bbox 1520 1747 1658 1782; x_wconf 85' lang='lat' dir='ltr'><strong>subjeclas</strong></span> <span class='ocrx_word' id='word_1_620' title='bbox 1674 1756 1736 1783; x_wconf 86' lang='lat' dir='ltr'><strong>spc-</strong></span> 
     </span>
    </p>
   </div>
   <div class='ocr_carea' id='block_1_82' title="bbox 954 1791 1735 1830">
    <p class='ocr_par' dir='ltr' id='par_1_82' title="bbox 954 1791 1735 1830">
     <span class='ocr_line' id='line_1_82' title="bbox 954 1791 1735 1830; baseline 0.005 -12"><span class='ocrx_word' id='word_1_621' title='bbox 954 1791 1011 1819; x_wconf 88' lang='lat' dir='ltr'><strong>cies</strong></span> <span class='ocrx_word' id='word_1_622' title='bbox 1039 1791 1073 1818; x_wconf 91' lang='lat' dir='ltr'><strong>ab</strong></span> <span class='ocrx_word' id='word_1_623' title='bbox 1098 1791 1300 1820; x_wconf 87' lang='lat' dir='ltr'><strong>universalibus</strong></span> <span class='ocrx_word' id='word_1_624' title='bbox 1315 1793 1343 1819; x_wconf 93' lang='lat' dir='ltr'><strong>in</strong></span> <span class='ocrx_word' id='word_1_625' title='bbox 1373 1793 1511 1820; x_wconf 87' lang='lat' dir='ltr'><strong>creatione</strong></span> <span class='ocrx_word' id='word_1_626' title='bbox 1534 1797 1561 1821; x_wconf 86' lang='lat' dir='ltr'><strong>et</strong></span> <span class='ocrx_word' id='word_1_627' title='bbox 1583 1794 1735 1830; x_wconf 86' lang='lat' dir='ltr'><strong>principiis,</strong></span> 
     </span>
    </p>
   </div>
   <div class='ocr_carea' id='block_1_83' title="bbox 954 1838 1737 1874">
    <p class='ocr_par' dir='ltr' id='par_1_83' title="bbox 954 1838 1737 1874">
     <span class='ocr_line' id='line_1_83' title="bbox 954 1838 1737 1874; baseline 0.004 -10"><span class='ocrx_word' id='word_1_628' title='bbox 954 1845 1015 1872; x_wconf 63' lang='lat' dir='ltr'><strong>qua;</strong></span> <span class='ocrx_word' id='word_1_629' title='bbox 1029 1838 1162 1873; x_wconf 88' lang='lat' dir='ltr'><strong>principia</strong></span> <span class='ocrx_word' id='word_1_630' title='bbox 1189 1838 1353 1866; x_wconf 86' lang='lat' dir='ltr'><strong>universalia</strong></span> <span class='ocrx_word' id='word_1_631' title='bbox 1370 1838 1436 1866; x_wconf 90' lang='lat' dir='ltr'><strong>dicit</strong></span> <span class='ocrx_word' id='word_1_632' title='bbox 1450 1847 1512 1867; x_wconf 88' lang='lat' dir='ltr'><strong>esse</strong></span> <span class='ocrx_word' id='word_1_633' title='bbox 1535 1840 1684 1874; x_wconf 85' lang='lat' dir='ltr'><strong>nobiliora;</strong></span> <span class='ocrx_word' id='word_1_634' title='bbox 1701 1842 1737 1868; x_wconf 87' lang='lat' dir='ltr'><strong>ait</strong></span> 
     </span>
    </p>
   </div>
   <div class='ocr_carea' id='block_1_84' title="bbox 955 1884 1738 1919">
    <p class='ocr_par' dir='ltr' id='par_1_84' title="bbox 955 1884 1738 1919">
     <span class='ocr_line' id='line_1_84' title="bbox 955 1884 1738 1919; baseline 0.001 -8"><span class='ocrx_word' id='word_1_635' title='bbox 955 1884 1038 1919; x_wconf 77' lang='lat' dir='ltr'><strong>igitur</strong></span> <span class='ocrx_word' id='word_1_636' title='bbox 1054 1884 1082 1912; x_wconf 92' lang='lat' dir='ltr'><strong>S.</strong></span> <span class='ocrx_word' id='word_1_637' title='bbox 1098 1885 1264 1912; x_wconf 88' lang='lat' dir='ltr'><strong>Clementem</strong></span> <span class='ocrx_word' id='word_1_638' title='bbox 1276 1885 1368 1912; x_wconf 88' lang='lat' dir='ltr'><strong>dicere</strong></span> <span class='ocrx_word' id='word_1_639' title='bbox 1383 1893 1444 1912; x_wconf 86' lang='lat' dir='ltr'><strong>esse</strong></span> <span class='ocrx_word' id='word_1_640' title='bbox 1458 1885 1485 1912; x_wconf 92' lang='lat' dir='ltr'><strong>in</strong></span> <span class='ocrx_word' id='word_1_641' title='bbox 1499 1886 1633 1913; x_wconf 82' lang='lat' dir='ltr'><strong>creaturis</strong></span> <span class='ocrx_word' id='word_1_642' title='bbox 1648 1894 1738 1914; x_wconf 76' lang='lat' dir='ltr'><strong>exem-</strong></span> 
     </span>
    </p>
   </div>
   <div class='ocr_carea' id='block_1_85' title="bbox 955 1930 1737 1967">
    <p class='ocr_par' dir='ltr' id='par_1_85' title="bbox 955 1930 1737 1967">
     <span class='ocr_line' id='line_1_85' title="bbox 955 1930 1737 1967; baseline 0.001 -10"><span class='ocrx_word' id='word_1_643' title='bbox 955 1931 1041 1966; x_wconf 90' lang='lat' dir='ltr'><strong>plaria</strong></span> <span class='ocrx_word' id='word_1_644' title='bbox 1059 1931 1229 1966; x_wconf 76' lang='lat' dir='ltr'><strong>generaliora</strong></span> <span class='ocrx_word' id='word_1_645' title='bbox 1245 1938 1292 1958; x_wconf 84' lang='lat' dir='ltr'><strong>seu</strong></span> <span class='ocrx_word' id='word_1_646' title='bbox 1309 1930 1385 1958; x_wconf 87' lang='lat' dir='ltr'><strong>ideas</strong></span> <span class='ocrx_word' id='word_1_647' title='bbox 1397 1938 1491 1958; x_wconf 86' lang='lat' dir='ltr'><strong>eorum</strong></span> <span class='ocrx_word' id='word_1_648' title='bbox 1505 1939 1565 1966; x_wconf 70' lang='lat' dir='ltr'><strong>quae</strong></span> <span class='ocrx_word' id='word_1_649' title='bbox 1579 1931 1613 1959; x_wconf 89' lang='lat' dir='ltr'><strong>ad</strong></span> <span class='ocrx_word' id='word_1_650' title='bbox 1625 1931 1737 1967; x_wconf 87' lang='lat' dir='ltr'><strong>aliquid,</strong></span> 
     </span>
    </p>
   </div>
   <div class='ocr_carea' id='block_1_86' title="bbox 955 1976 1738 2012">
    <p class='ocr_par' dir='ltr' id='par_1_86' title="bbox 955 1976 1738 2012">
     <span class='ocr_line' id='line_1_86' title="bbox 955 1976 1738 2012; baseline 0 -8"><span class='ocrx_word' id='word_1_651' title='bbox 955 1985 1005 2012; x_wconf 88' lang='lat' dir='ltr'><strong>pro</strong></span> <span class='ocrx_word' id='word_1_652' title='bbox 1020 1977 1205 2012; x_wconf 87' lang='lat' dir='ltr'><strong>subjectarum</strong></span> <span class='ocrx_word' id='word_1_653' title='bbox 1220 1976 1374 2011; x_wconf 79' lang='lat' dir='ltr'><strong>specierum</strong></span> <span class='ocrx_word' id='word_1_654' title='bbox 1391 1976 1425 2003; x_wconf 92' lang='lat' dir='ltr'><strong>ad</strong></span> <span class='ocrx_word' id='word_1_655' title='bbox 1437 1977 1555 2011; x_wconf 89' lang='lat' dir='ltr'><strong>aliquam</strong></span> <span class='ocrx_word' id='word_1_656' title='bbox 1567 1977 1738 2012; x_wconf 87' lang='lat' dir='ltr'><strong>superiorum</strong></span> 
     </span>
    </p>
   </div>
   <div class='ocr_carea' id='block_1_87' title="bbox 955 2022 1738 2058">
    <p class='ocr_par' dir='ltr' id='par_1_87' title="bbox 955 2022 1738 2058">
     <span class='ocr_line' id='line_1_87' title="bbox 955 2022 1738 2058; baseline 0 -8"><span class='ocrx_word' id='word_1_657' title='bbox 955 2023 1094 2057; x_wconf 57' lang='lat' dir='ltr'><strong>exemplar</strong></span> <span class='ocrx_word' id='word_1_658' title='bbox 1117 2022 1354 2054; x_wconf 88' lang='lat' dir='ltr'><strong>substituentium,</strong></span> <span class='ocrx_word' id='word_1_659' title='bbox 1386 2022 1470 2050; x_wconf 89' lang='lat' dir='ltr'><strong>veluti</strong></span> <span class='ocrx_word' id='word_1_660' title='bbox 1493 2022 1565 2058; x_wconf 77' lang='lat' dir='ltr'><strong>ignis</strong></span> <span class='ocrx_word' id='word_1_661' title='bbox 1590 2023 1738 2050; x_wconf 83' lang='lat' dir='ltr'><strong>materialis</strong></span> 
     </span>
    </p>
   </div>
   <div class='ocr_carea' id='block_1_88' title="bbox 956 2068 1739 2104">
    <p class='ocr_par' dir='ltr' id='par_1_88' title="bbox 956 2068 1739 2104">
     <span class='ocr_line' id='line_1_88' title="bbox 956 2068 1739 2104; baseline 0.001 -9"><span class='ocrx_word' id='word_1_662' title='bbox 956 2069 989 2096; x_wconf 89' lang='lat' dir='ltr'><strong>ad</strong></span> <span class='ocrx_word' id='word_1_663' title='bbox 999 2069 1165 2101; x_wconf 68' lang='lat' dir='ltr'><strong>mthereum;</strong></span> <span class='ocrx_word' id='word_1_664' title='bbox 1188 2076 1282 2096; x_wconf 90' lang='lat' dir='ltr'><strong>verum</strong></span> <span class='ocrx_word' id='word_1_665' title='bbox 1305 2068 1362 2096; x_wconf 69' lang='lat' dir='ltr'><strong>haec</strong></span> <span class='ocrx_word' id='word_1_666' title='bbox 1379 2076 1494 2103; x_wconf 80' lang='lat' dir='ltr'><strong>magnus</strong></span> <span class='ocrx_word' id='word_1_667' title='bbox 1515 2068 1659 2104; x_wconf 87' lang='lat' dir='ltr'><strong>Dionysius</strong></span> <span class='ocrx_word' id='word_1_668' title='bbox 1675 2077 1739 2096; x_wconf 89' lang='lat' dir='ltr'><strong>cen-</strong></span> 
     </span>
    </p>
   </div>
   <div class='ocr_carea' id='block_1_89' title="bbox 956 2114 1737 2149">
    <p class='ocr_par' dir='ltr' id='par_1_89' title="bbox 956 2114 1737 2149">
     <span class='ocr_line' id='line_1_89' title="bbox 956 2114 1737 2149; baseline 0 -7"><span class='ocrx_word' id='word_1_669' title='bbox 956 2120 1008 2147; x_wconf 88' lang='lat' dir='ltr'><strong>set,</strong></span> <span class='ocrx_word' id='word_1_670' title='bbox 1024 2122 1079 2142; x_wconf 89' lang='lat' dir='ltr'><strong>non</strong></span> <span class='ocrx_word' id='word_1_671' title='bbox 1094 2122 1155 2142; x_wconf 87' lang='lat' dir='ltr'><strong>esse</strong></span> <span class='ocrx_word' id='word_1_672' title='bbox 1170 2115 1280 2149; x_wconf 87' lang='lat' dir='ltr'><strong>proprie</strong></span> <span class='ocrx_word' id='word_1_673' title='bbox 1292 2114 1381 2147; x_wconf 50' lang='lat' dir='ltr'><strong>ideas.</strong></span> <span class='ocrx_word' id='word_1_674' title='bbox 1401 2115 1450 2142; x_wconf 90' lang='lat' dir='ltr'><strong>sed</strong></span> <span class='ocrx_word' id='word_1_675' title='bbox 1466 2114 1514 2142; x_wconf 89' lang='lat' dir='ltr'><strong>Dei</strong></span> <span class='ocrx_word' id='word_1_676' title='bbox 1539 2115 1737 2149; x_wconf 75' lang='lat' dir='ltr'><strong>cogitationes;</strong></span> 
     </span>
    </p>
   </div>
   <div class='ocr_carea' id='block_1_90' title="bbox 956 2161 1739 2196">
    <p class='ocr_par' dir='ltr' id='par_1_90' title="bbox 956 2161 1739 2196">
     <span class='ocr_line' id='line_1_90' title="bbox 956 2161 1739 2196; baseline 0 -8"><span class='ocrx_word' id='word_1_677' title='bbox 956 2161 1008 2188; x_wconf 89' lang='lat' dir='ltr'><strong>etsi</strong></span> <span class='ocrx_word' id='word_1_678' title='bbox 1035 2161 1108 2188; x_wconf 89' lang='lat' dir='ltr'><strong>enim</strong></span> <span class='ocrx_word' id='word_1_679' title='bbox 1134 2161 1261 2188; x_wconf 87' lang='lat' dir='ltr'><strong>dicantur</strong></span> <span class='ocrx_word' id='word_1_680' title='bbox 1286 2161 1453 2196; x_wconf 78' lang='lat' dir='ltr'><strong>exemplaria</strong></span> <span class='ocrx_word' id='word_1_681' title='bbox 1483 2162 1512 2188; x_wconf 90' lang='lat' dir='ltr'><strong>in</strong></span> <span class='ocrx_word' id='word_1_682' title='bbox 1531 2164 1668 2193; x_wconf 86' lang='lat' dir='ltr'><strong>creatura,</strong></span> <span class='ocrx_word' id='word_1_683' title='bbox 1684 2169 1739 2188; x_wconf 91' lang='lat' dir='ltr'><strong>non</strong></span> 
     </span>
    </p>
   </div>
   <div class='ocr_carea' id='block_1_91' title="bbox 112 2199 899 2243">
    <p class='ocr_par' dir='ltr' id='par_1_91' title="bbox 112 2205 899 2242">
     <span class='ocr_line' id='line_1_91' title="bbox 112 2205 899 2242; baseline 0 -9"><span class='ocrx_word' id='word_1_684' title='bbox 112 2205 215 2233; x_wconf 83' lang='grc' dir='ltr'>ἀλλὀὐ</span> <span class='ocrx_word' id='word_1_685' title='bbox 226 2205 410 2240; x_wconf 82' lang='grc' dir='ltr'>προσκννητὰ,</span> <span class='ocrx_word' id='word_1_686' title='bbox 426 2205 463 2237; x_wconf 83' lang='grc' dir='ltr'>ὥς</span> <span class='ocrx_word' id='word_1_687' title='bbox 478 2215 545 2241; x_wconf 85' lang='grc' dir='ltr'>φησι</span> <span class='ocrx_word' id='word_1_688' title='bbox 558 2207 693 2242; x_wconf 83' lang='grc' dir='ltr'>Μωῦσῆς·</span> <span class='ocrx_word' id='word_1_689' title='bbox 713 2207 763 2233; x_wconf 85' lang='grc' dir='ltr'>ποῦ</span> <span class='ocrx_word' id='word_1_690' title='bbox 778 2207 806 2233; x_wconf 78' lang='grc' dir='ltr'>δὲ</span> <span class='ocrx_word' id='word_1_691' title='bbox 820 2207 899 2233; x_wconf 79' lang='grc' dir='ltr'>ταῦτα</span> 
     </span>
    </p>
   </div>
   <div class='ocr_carea' id='block_1_92' title="bbox 952 2199 1739 2243">
    <p class='ocr_par' dir='ltr' id='par_1_92' title="bbox 958 2206 1739 2243">
     <span class='ocr_line' id='line_1_92' title="bbox 958 2206 1739 2243; baseline 0.001 -10"><span class='ocrx_word' id='word_1_692' title='bbox 958 2210 1048 2234; x_wconf 87' lang='lat' dir='ltr'><strong>tamen</strong></span> <span class='ocrx_word' id='word_1_693' title='bbox 1079 2206 1188 2234; x_wconf 82' lang='lat' dir='ltr'><strong>adorari</strong></span> <span class='ocrx_word' id='word_1_694' title='bbox 1221 2210 1342 2241; x_wconf 84' lang='lat' dir='ltr'><strong>queunt,</strong></span> <span class='ocrx_word' id='word_1_695' title='bbox 1373 2207 1445 2234; x_wconf 90' lang='lat' dir='ltr'><strong>sicut</strong></span> <span class='ocrx_word' id='word_1_696' title='bbox 1475 2207 1514 2234; x_wconf 88' lang='lat' dir='ltr'><strong>ait</strong></span> <span class='ocrx_word' id='word_1_697' title='bbox 1541 2206 1665 2243; x_wconf 84' lang='lat' dir='ltr'><strong>Moyses;</strong></span> <span class='ocrx_word' id='word_1_698' title='bbox 1692 2207 1739 2235; x_wconf 84' lang='lat' dir='ltr'><strong>ubi</strong></span> 
     </span>
    </p>
   </div>
   <div class='ocr_carea' id='block_1_93' title="bbox 112 2250 657 2289">
    <p class='ocr_par' dir='ltr' id='par_1_93' title="bbox 112 2250 657 2289">
     <span class='ocr_line' id='line_1_93' title="bbox 112 2250 657 2289; baseline 0.002 -11"><span class='ocrx_word' id='word_1_699' title='bbox 112 2250 197 2279; x_wconf 72' lang='grc' dir='ltr'>εἶπεν</span> <span class='ocrx_word' id='word_1_700' title='bbox 208 2253 222 2278; x_wconf 94' lang='lat'><strong>6</strong></span> <span class='ocrx_word' id='word_1_701' title='bbox 235 2251 312 2286; x_wconf 77' lang='grc' dir='ltr'>ἅγιος</span> <span class='ocrx_word' id='word_1_702' title='bbox 321 2251 446 2288; x_wconf 83' lang='grc' dir='ltr'>Κλήμης,</span> <span class='ocrx_word' id='word_1_703' title='bbox 472 2253 521 2279; x_wconf 76' lang='grc' dir='ltr'>οὐκ</span> <span class='ocrx_word' id='word_1_704' title='bbox 532 2252 657 2289; x_wconf 75' lang='grc' dir='ltr'>ἐδήλωσε.</span> 
     </span>
    </p>
   </div>
   <div class='ocr_carea' id='block_1_94' title="bbox 152 2341 906 2378">
    <p class='ocr_par' dir='ltr' id='par_1_94' title="bbox 152 2341 906 2378">
     <span class='ocr_line' id='line_1_94' title="bbox 152 2341 906 2378; baseline 0.004 -11"><span class='ocrx_word' id='word_1_705' title='bbox 152 2341 380 2377; x_wconf 75' lang='grc' dir='ltr'>Παραδείγματα</span> <span class='ocrx_word' id='word_1_706' title='bbox 395 2342 428 2369; x_wconf 82' lang='grc' dir='ltr'>δέ</span> <span class='ocrx_word' id='word_1_707' title='bbox 442 2351 539 2377; x_wconf 73' lang='grc' dir='ltr'>φαμεν</span> <span class='ocrx_word' id='word_1_708' title='bbox 561 2343 646 2370; x_wconf 75' lang='grc' dir='ltr'>εἶναι.</span> <span class='ocrx_word' id='word_1_709' title='bbox 661 2343 773 2369; x_wconf 85' lang='grc' dir='ltr'>Πλάτων</span> <span class='ocrx_word' id='word_1_710' title='bbox 797 2343 846 2378; x_wconf 78' lang='grc' dir='ltr'>μὲν</span> <span class='ocrx_word' id='word_1_711' title='bbox 857 2343 906 2375; x_wconf 83' lang='grc' dir='ltr'><strong>τὰς</strong></span> 
     </span>
    </p>
   </div>
   <div class='ocr_carea' id='block_1_95' title="bbox 112 2388 907 2424">
    <p class='ocr_par' dir='ltr' id='par_1_95' title="bbox 112 2388 907 2424">
     <span class='ocr_line' id='line_1_95' title="bbox 112 2388 907 2424; baseline -0.001 -8"><span class='ocrx_word' id='word_1_712' title='bbox 112 2389 194 2419; x_wconf 73' lang='grc' dir='ltr'>ἰδέας</span> <span class='ocrx_word' id='word_1_713' title='bbox 207 2388 254 2414; x_wconf 72' lang='grc' dir='ltr'>καὶ</span> <span class='ocrx_word' id='word_1_714' title='bbox 278 2388 313 2414; x_wconf 79' lang='grc' dir='ltr'>τὰ</span> <span class='ocrx_word' id='word_1_715' title='bbox 341 2389 548 2424; x_wconf 85' lang='grc' dir='ltr'>παραδείγματα</span> <span class='ocrx_word' id='word_1_716' title='bbox 562 2389 696 2420; x_wconf 78' lang='grc' dir='ltr'>ταπεινῶς</span> <span class='ocrx_word' id='word_1_717' title='bbox 722 2389 769 2416; x_wconf 73' lang='grc' dir='ltr'><strong>καὶ</strong></span> <span class='ocrx_word' id='word_1_718' title='bbox 792 2389 907 2422; x_wconf 83' lang='grc' dir='ltr'>ἀναξίως</span> 
     </span>
    </p>
   </div>
   <div class='ocr_carea' id='block_1_96' title="bbox 110 2434 905 2471">
    <p class='ocr_par' dir='ltr' id='par_1_96' title="bbox 110 2434 905 2471">
     <span class='ocr_line' id='line_1_96' title="bbox 110 2434 905 2471; baseline -0.001 -9"><span class='ocrx_word' id='word_1_719' title='bbox 110 2434 190 2462; x_wconf 79' lang='grc' dir='ltr'>Θεοῦ</span> <span class='ocrx_word' id='word_1_720' title='bbox 206 2434 355 2470; x_wconf 79' lang='grc' dir='ltr'>ὲξείληφεν·</span> <span class='ocrx_word' id='word_1_721' title='bbox 372 2435 386 2461; x_wconf 87' lang='grc' dir='ltr'>ὁ</span> <span class='ocrx_word' id='word_1_722' title='bbox 406 2435 434 2461; x_wconf 80' lang='grc' dir='ltr'>δὲ</span> <span class='ocrx_word' id='word_1_723' title='bbox 448 2435 543 2470; x_wconf 83' lang='grc' dir='ltr'>Πατὴρ</span> <span class='ocrx_word' id='word_1_724' title='bbox 556 2436 591 2470; x_wconf 80' lang='grc' dir='ltr'><strong>τῇ</strong></span> <span class='ocrx_word' id='word_1_725' title='bbox 610 2435 658 2470; x_wconf 85' lang='grc' dir='ltr'><strong>μὲν</strong></span> <span class='ocrx_word' id='word_1_726' title='bbox 674 2434 745 2468; x_wconf 79' lang='grc' dir='ltr'>λέξει</span> <span class='ocrx_word' id='word_1_727' title='bbox 761 2436 905 2471; x_wconf 75' lang='grc' dir='ltr'>ἐχρήσατο,</span> 
     </span>
    </p>
   </div>
   <div class='ocr_carea' id='block_1_97' title="bbox 108 2480 906 2518">
    <p class='ocr_par' dir='ltr' id='par_1_97' title="bbox 108 2480 906 2518">
     <span class='ocr_line' id='line_1_97' title="bbox 108 2480 906 2518; baseline 0 -10"><span class='ocrx_word' id='word_1_728' title='bbox 108 2482 168 2517; x_wconf 82' lang='grc' dir='ltr'>τὴν</span> <span class='ocrx_word' id='word_1_729' title='bbox 186 2481 216 2507; x_wconf 83' lang='grc' dir='ltr'>δὲ</span> <span class='ocrx_word' id='word_1_730' title='bbox 232 2480 334 2507; x_wconf 79' lang='grc' dir='ltr'>ἔννοιαν</span> <span class='ocrx_word' id='word_1_731' title='bbox 361 2480 479 2512; x_wconf 75' lang='grc' dir='ltr'>εὐσεϐῶς</span> <span class='ocrx_word' id='word_1_732' title='bbox 497 2480 662 2516; x_wconf 70' lang='grc' dir='ltr'>ἐξηγήσατο.</span> <span class='ocrx_word' id='word_1_733' title='bbox 688 2481 862 2518; x_wconf 76' lang='grc' dir='ltr'>Ἀφοριστικὰ</span> <span class='ocrx_word' id='word_1_734' title='bbox 878 2481 906 2508; x_wconf 84' lang='grc' dir='ltr'>δὲ</span> 
     </span>
    </p>
   </div>
   <div class='ocr_carea' id='block_1_98' title="bbox 109 2526 907 2563">
    <p class='ocr_par' dir='ltr' id='par_1_98' title="bbox 109 2526 907 2563">
     <span class='ocr_line' id='line_1_98' title="bbox 109 2526 907 2563; baseline 0 -9"><span class='ocrx_word' id='word_1_735' title='bbox 109 2528 170 2563; x_wconf 79' lang='grc' dir='ltr'>ἔφη</span> <span class='ocrx_word' id='word_1_736' title='bbox 187 2526 221 2553; x_wconf 85' lang='grc' dir='ltr'><strong>τὰ</strong></span> <span class='ocrx_word' id='word_1_737' title='bbox 245 2526 304 2553; x_wconf 82' lang='grc' dir='ltr'>θεῖα</span> <span class='ocrx_word' id='word_1_738' title='bbox 331 2526 470 2562; x_wconf 84' lang='grc' dir='ltr'>θελήματα</span> <span class='ocrx_word' id='word_1_739' title='bbox 493 2528 540 2554; x_wconf 84' lang='grc' dir='ltr'>καὶ</span> <span class='ocrx_word' id='word_1_740' title='bbox 567 2527 705 2563; x_wconf 80' lang='grc' dir='ltr'>ποιητικὰ,</span> <span class='ocrx_word' id='word_1_741' title='bbox 738 2528 768 2554; x_wconf 86' lang='grc' dir='ltr'><strong>τὺ</strong></span> <span class='ocrx_word' id='word_1_742' title='bbox 791 2528 849 2562; x_wconf 82' lang='grc' dir='ltr'>μὲν,</span> <span class='ocrx_word' id='word_1_743' title='bbox 866 2528 907 2554; x_wconf 80' lang='grc' dir='ltr'>ὅτι</span> 
     </span>
    </p>
   </div>
   <div class='ocr_carea' id='block_1_99' title="bbox 111 2572 907 2610">
    <p class='ocr_par' dir='ltr' id='par_1_99' title="bbox 111 2572 907 2610">
     <span class='ocr_line' id='line_1_99' title="bbox 111 2572 907 2610; baseline 0.001 -11"><span class='ocrx_word' id='word_1_744' title='bbox 111 2572 245 2610; x_wconf 84' lang='grc' dir='ltr'>μόνῳτῷ</span> <span class='ocrx_word' id='word_1_745' title='bbox 262 2572 403 2607; x_wconf 77' lang='grc' dir='ltr'>βούλεσθαι</span> <span class='ocrx_word' id='word_1_746' title='bbox 416 2573 449 2600; x_wconf 79' lang='grc' dir='ltr'><strong>τὰ</strong></span> <span class='ocrx_word' id='word_1_747' title='bbox 466 2573 553 2600; x_wconf 79' lang='grc' dir='ltr'>πάντα</span> <span class='ocrx_word' id='word_1_748' title='bbox 573 2574 699 2609; x_wconf 78' lang='grc' dir='ltr'>ὑφίοτησι</span> <span class='ocrx_word' id='word_1_749' title='bbox 715 2575 762 2600; x_wconf 77' lang='grc' dir='ltr'>καὶ</span> <span class='ocrx_word' id='word_1_750' title='bbox 781 2575 864 2600; x_wconf 85' lang='grc' dir='ltr'>ποιεῖ·</span> <span class='ocrx_word' id='word_1_751' title='bbox 877 2574 907 2600; x_wconf 77' lang='grc' dir='ltr'>τὸ</span> 
     </span>
    </p>
   </div>
   <div class='ocr_carea' id='block_1_100' title="bbox 108 2619 908 2656">
    <p class='ocr_par' dir='ltr' id='par_1_100' title="bbox 108 2619 908 2656">
     <span class='ocr_line' id='line_1_100' title="bbox 108 2619 908 2656; baseline 0.001 -11"><span class='ocrx_word' id='word_1_752' title='bbox 108 2619 154 2651; x_wconf 83' lang='grc' dir='ltr'>δὲ,</span> <span class='ocrx_word' id='word_1_753' title='bbox 176 2619 225 2645; x_wconf 77' lang='grc' dir='ltr'>καὶ</span> <span class='ocrx_word' id='word_1_754' title='bbox 248 2619 291 2646; x_wconf 87' lang='grc' dir='ltr'><strong>διὰ</strong></span> <span class='ocrx_word' id='word_1_755' title='bbox 318 2619 349 2646; x_wconf 80' lang='grc' dir='ltr'>τὸ</span> <span class='ocrx_word' id='word_1_756' title='bbox 373 2619 508 2655; x_wconf 83' lang='grc' dir='ltr'>έτεροειδῆ</span> <span class='ocrx_word' id='word_1_757' title='bbox 535 2620 583 2646; x_wconf 75' lang='grc' dir='ltr'>καὶ</span> <span class='ocrx_word' id='word_1_758' title='bbox 607 2620 722 2656; x_wconf 82' lang='grc' dir='ltr'>διάφορα</span> <span class='ocrx_word' id='word_1_759' title='bbox 739 2619 774 2646; x_wconf 76' lang='grc' dir='ltr'><strong>τὰ</strong></span> <span class='ocrx_word' id='word_1_760' title='bbox 788 2620 851 2646; x_wconf 79' lang='grc' dir='ltr'>ὅντα</span> <span class='ocrx_word' id='word_1_761' title='bbox 862 2628 908 2654; x_wconf 84' lang='grc' dir='ltr'><strong>γε-</strong></span> 
     </span>
    </p>
   </div>
   <div class='ocr_carea' id='block_1_101' title="bbox 164 2698 670 2732">
    <p class='ocr_par' dir='ltr' id='par_1_101' title="bbox 164 2698 670 2732">
     <span class='ocr_line' id='line_1_101' title="bbox 164 2698 670 2732; baseline 0.004 -7"><span class='ocrx_word' id='word_1_762' title='bbox 164 2698 183 2719; x_wconf 82' lang='lat' dir='ltr'><strong>h</strong></span> <span class='ocrx_word' id='word_1_763' title='bbox 202 2698 266 2726; x_wconf 81' lang='lat' dir='ltr'><strong>Mal.</strong></span> <span class='ocrx_word' id='word_1_764' title='bbox 286 2705 323 2730; x_wconf 76' lang='grc' dir='ltr'><strong>ιν,</strong></span> <span class='ocrx_word' id='word_1_765' title='bbox 341 2698 370 2726; x_wconf 71' lang='grc'><strong>’2.</strong></span> <span class='ocrx_word' id='word_1_766' title='bbox 421 2701 430 2718; x_wconf 84' lang='lat' dir='ltr'><strong>i</strong></span> <span class='ocrx_word' id='word_1_767' title='bbox 449 2698 528 2727; x_wconf 84' lang='lat' dir='ltr'><strong>Rom.</strong></span> <span class='ocrx_word' id='word_1_768' title='bbox 547 2707 607 2732; x_wconf 81' lang='lat' dir='ltr'><strong>vui.</strong></span> <span class='ocrx_word' id='word_1_769' title='bbox 625 2699 670 2727; x_wconf 77' lang='lat'><strong>30.</strong></span> 
     </span>
    </p>
   </div>
   <div class='ocr_carea' id='block_1_102' title="bbox 721 2699 935 2735">
    <p class='ocr_par' dir='ltr' id='par_1_102' title="bbox 721 2699 935 2735">
     <span class='ocr_line' id='line_1_102' title="bbox 721 2699 935 2735; baseline 0 -9"><span class='ocrx_word' id='word_1_770' title='bbox 721 2699 733 2718; x_wconf 65' lang='grc' dir='ltr'>ι</span> <span class='ocrx_word' id='word_1_771' title='bbox 751 2699 852 2735; x_wconf 85' lang='lat' dir='ltr'><strong>Ephes.</strong></span> <span class='ocrx_word' id='word_1_772' title='bbox 870 2707 889 2732; x_wconf 85' lang='grc' dir='ltr'><strong>ι,</strong></span> <span class='ocrx_word' id='word_1_773' title='bbox 909 2699 935 2726; x_wconf 81' lang='lat'><strong>5.</strong></span> 
     </span>
    </p>
   </div>
   <div class='ocr_carea' id='block_1_103' title="bbox 959 2251 1737 2284">
    <p class='ocr_par' dir='ltr' id='par_1_103' title="bbox 959 2251 1737 2284">
     <span class='ocr_line' id='line_1_103' title="bbox 959 2251 1737 2284; baseline 0.004 -7"><span class='ocrx_word' id='word_1_774' title='bbox 959 2255 1049 2279; x_wconf 84' lang='lat' dir='ltr'><strong>autem</strong></span> <span class='ocrx_word' id='word_1_775' title='bbox 1076 2257 1187 2279; x_wconf 88' lang='lat' dir='ltr'><strong>sanctus</strong></span> <span class='ocrx_word' id='word_1_776' title='bbox 1225 2251 1350 2279; x_wconf 84' lang='lat' dir='ltr'><strong>Clemens</strong></span> <span class='ocrx_word' id='word_1_777' title='bbox 1385 2252 1442 2280; x_wconf 64' lang='lat' dir='ltr'><strong>haec</strong></span> <span class='ocrx_word' id='word_1_778' title='bbox 1469 2251 1579 2284; x_wconf 78' lang='lat' dir='ltr'><strong>dixerit.</strong></span> <span class='ocrx_word' id='word_1_779' title='bbox 1612 2260 1667 2280; x_wconf 87' lang='lat' dir='ltr'><strong>non</strong></span> <span class='ocrx_word' id='word_1_780' title='bbox 1693 2253 1737 2280; x_wconf 89' lang='lat' dir='ltr'><strong>de-</strong></span> 
     </span>
    </p>
   </div>
   <div class='ocr_carea' id='block_1_104' title="bbox 958 2298 1082 2325">
    <p class='ocr_par' dir='ltr' id='par_1_104' title="bbox 958 2298 1082 2325">
     <span class='ocr_line' id='line_1_104' title="bbox 958 2298 1082 2325; baseline 0.008 -1"><span class='ocrx_word' id='word_1_781' title='bbox 958 2298 1082 2325; x_wconf 83' lang='lat' dir='ltr'><strong>claravit.</strong></span> 
     </span>
    </p>
   </div>
   <div class='ocr_carea' id='block_1_105' title="bbox 996 2343 1742 2378">
    <p class='ocr_par' dir='ltr' id='par_1_105' title="bbox 996 2343 1742 2378">
     <span class='ocr_line' id='line_1_105' title="bbox 996 2343 1742 2378; baseline 0.004 -8"><span class='ocrx_word' id='word_1_782' title='bbox 996 2343 1167 2378; x_wconf 70' lang='lat' dir='ltr'><strong>Exemplaria</strong></span> <span class='ocrx_word' id='word_1_783' title='bbox 1192 2352 1251 2371; x_wconf 82' lang='lat' dir='ltr'><strong>vero</strong></span> <span class='ocrx_word' id='word_1_784' title='bbox 1270 2343 1382 2371; x_wconf 74' lang='lat' dir='ltr'><strong>dicimus</strong></span> <span class='ocrx_word' id='word_1_785' title='bbox 1408 2352 1474 2372; x_wconf 73' lang='lat' dir='ltr'><strong>esse.</strong></span> <span class='ocrx_word' id='word_1_786' title='bbox 1500 2343 1578 2372; x_wconf 85' lang='lat' dir='ltr'><strong>Plato</strong></span> <span class='ocrx_word' id='word_1_787' title='bbox 1611 2345 1686 2373; x_wconf 85' lang='lat' dir='ltr'><strong>ideas</strong></span> <span class='ocrx_word' id='word_1_788' title='bbox 1715 2349 1742 2372; x_wconf 87' lang='lat' dir='ltr'><strong>et</strong></span> 
     </span>
    </p>
   </div>
   <div class='ocr_carea' id='block_1_106' title="bbox 960 2389 1740 2426">
    <p class='ocr_par' dir='ltr' id='par_1_106' title="bbox 960 2389 1740 2426">
     <span class='ocr_line' id='line_1_106' title="bbox 960 2389 1740 2426; baseline 0.003 -10"><span class='ocrx_word' id='word_1_789' title='bbox 960 2389 1127 2425; x_wconf 80' lang='lat' dir='ltr'><strong>exemplaria</strong></span> <span class='ocrx_word' id='word_1_790' title='bbox 1144 2390 1283 2417; x_wconf 88' lang='lat' dir='ltr'><strong>humiliter</strong></span> <span class='ocrx_word' id='word_1_791' title='bbox 1314 2397 1346 2417; x_wconf 86' lang='lat' dir='ltr'><strong>ac</strong></span> <span class='ocrx_word' id='word_1_792' title='bbox 1373 2389 1483 2425; x_wconf 77' lang='lat' dir='ltr'><strong>indigne</strong></span> <span class='ocrx_word' id='word_1_793' title='bbox 1507 2390 1562 2418; x_wconf 87' lang='lat' dir='ltr'><strong>Deo</strong></span> <span class='ocrx_word' id='word_1_794' title='bbox 1589 2391 1740 2426; x_wconf 89' lang='lat' dir='ltr'><strong>usurpavit.</strong></span> 
     </span>
    </p>
   </div>
   <div class='ocr_carea' id='block_1_107' title="bbox 960 2435 1742 2472">
    <p class='ocr_par' dir='ltr' id='par_1_107' title="bbox 960 2435 1742 2472">
     <span class='ocr_line' id='line_1_107' title="bbox 960 2435 1742 2472; baseline 0.003 -10"><span class='ocrx_word' id='word_1_795' title='bbox 960 2436 1040 2463; x_wconf 85' lang='lat' dir='ltr'><strong>Pater</strong></span> <span class='ocrx_word' id='word_1_796' title='bbox 1061 2439 1151 2463; x_wconf 85' lang='lat' dir='ltr'><strong>autem</strong></span> <span class='ocrx_word' id='word_1_797' title='bbox 1170 2435 1250 2470; x_wconf 78' lang='lat'><strong>179</strong></span> <span class='ocrx_word' id='word_1_798' title='bbox 1264 2435 1383 2463; x_wconf 90' lang='lat' dir='ltr'><strong>dictione</strong></span> <span class='ocrx_word' id='word_1_799' title='bbox 1412 2437 1522 2472; x_wconf 89' lang='lat' dir='ltr'><strong>quidem</strong></span> <span class='ocrx_word' id='word_1_800' title='bbox 1536 2445 1603 2466; x_wconf 85' lang='lat' dir='ltr'><strong>usus</strong></span> <span class='ocrx_word' id='word_1_801' title='bbox 1616 2441 1669 2470; x_wconf 88' lang='lat' dir='ltr'><strong>est,</strong></span> <span class='ocrx_word' id='word_1_802' title='bbox 1695 2438 1742 2465; x_wconf 84' lang='lat' dir='ltr'><strong>sed</strong></span> 
     </span>
    </p>
   </div>
   <div class='ocr_carea' id='block_1_108' title="bbox 961 2481 1741 2520">
    <p class='ocr_par' dir='ltr' id='par_1_108' title="bbox 961 2481 1741 2520">
     <span class='ocr_line' id='line_1_108' title="bbox 961 2481 1741 2520; baseline 0.003 -12"><span class='ocrx_word' id='word_1_803' title='bbox 961 2482 1172 2509; x_wconf 85' lang='lat' dir='ltr'><strong>intellectionem</strong></span> <span class='ocrx_word' id='word_1_804' title='bbox 1195 2489 1244 2509; x_wconf 87' lang='lat' dir='ltr'><strong>seu</strong></span> <span class='ocrx_word' id='word_1_805' title='bbox 1269 2481 1497 2516; x_wconf 68' lang='lat' dir='ltr'><strong>signiﬁcationem</strong></span> <span class='ocrx_word' id='word_1_806' title='bbox 1521 2485 1564 2518; x_wconf 90' lang='lat' dir='ltr'><strong>pie</strong></span> <span class='ocrx_word' id='word_1_807' title='bbox 1587 2484 1741 2520; x_wconf 81' lang='lat' dir='ltr'><strong>explicavit.</strong></span> 
     </span>
    </p>
   </div>
   <div class='ocr_carea' id='block_1_109' title="bbox 960 2527 1743 2558">
    <p class='ocr_par' dir='ltr' id='par_1_109' title="bbox 960 2527 1743 2558">
     <span class='ocr_line' id='line_1_109' title="bbox 960 2527 1743 2558; baseline 0.005 -5"><span class='ocrx_word' id='word_1_808' title='bbox 960 2527 1004 2554; x_wconf 86' lang='lat' dir='ltr'><strong>Ait</strong></span> <span class='ocrx_word' id='word_1_809' title='bbox 1020 2535 1084 2555; x_wconf 87' lang='lat' dir='ltr'><strong>vero</strong></span> <span class='ocrx_word' id='word_1_810' title='bbox 1111 2527 1219 2554; x_wconf 89' lang='lat' dir='ltr'><strong>divinas</strong></span> <span class='ocrx_word' id='word_1_811' title='bbox 1240 2528 1394 2556; x_wconf 86' lang='lat' dir='ltr'><strong>voluntates</strong></span> <span class='ocrx_word' id='word_1_812' title='bbox 1424 2530 1590 2558; x_wconf 86' lang='lat' dir='ltr'><strong>constituere</strong></span> <span class='ocrx_word' id='word_1_813' title='bbox 1611 2534 1638 2558; x_wconf 91' lang='lat' dir='ltr'><strong>et</strong></span> <span class='ocrx_word' id='word_1_814' title='bbox 1655 2530 1743 2558; x_wconf 80' lang='lat' dir='ltr'><strong>facere</strong></span> 
     </span>
    </p>
   </div>
   <div class='ocr_carea' id='block_1_110' title="bbox 960 2573 1734 2609">
    <p class='ocr_par' dir='ltr' id='par_1_110' title="bbox 960 2573 1734 2609">
     <span class='ocr_line' id='line_1_110' title="bbox 960 2573 1734 2609; baseline 0.004 -10"><span class='ocrx_word' id='word_1_815' title='bbox 960 2573 1103 2607; x_wconf 86' lang='lat' dir='ltr'><strong>universa;</strong></span> <span class='ocrx_word' id='word_1_816' title='bbox 1119 2573 1185 2600; x_wconf 91' lang='lat' dir='ltr'><strong>illud</strong></span> <span class='ocrx_word' id='word_1_817' title='bbox 1199 2573 1309 2608; x_wconf 85' lang='lat' dir='ltr'><strong>quidem</strong></span> <span class='ocrx_word' id='word_1_818' title='bbox 1319 2574 1382 2609; x_wconf 91' lang='lat' dir='ltr'><strong>quia</strong></span> <span class='ocrx_word' id='word_1_819' title='bbox 1399 2575 1456 2603; x_wconf 86' lang='lat' dir='ltr'><strong>sola</strong></span> <span class='ocrx_word' id='word_1_820' title='bbox 1477 2577 1615 2604; x_wconf 85' lang='lat' dir='ltr'><strong>voluntate</strong></span> <span class='ocrx_word' id='word_1_821' title='bbox 1639 2577 1734 2604; x_wconf 82' lang='lat' dir='ltr'><strong>statuit</strong></span> 
     </span>
    </p>
   </div>
   <div class='ocr_carea' id='block_1_111' title="bbox 959 2618 1744 2655">
    <p class='ocr_par' dir='ltr' id='par_1_111' title="bbox 959 2618 1744 2655">
     <span class='ocr_line' id='line_1_111' title="bbox 959 2618 1744 2655; baseline 0.004 -9"><span class='ocrx_word' id='word_1_822' title='bbox 959 2625 985 2646; x_wconf 88' lang='lat' dir='ltr'><strong>ct</strong></span> <span class='ocrx_word' id='word_1_823' title='bbox 1009 2618 1089 2651; x_wconf 79' lang='lat' dir='ltr'><strong>facit;</strong></span> <span class='ocrx_word' id='word_1_824' title='bbox 1101 2619 1152 2646; x_wconf 82' lang='lat' dir='ltr'><strong>hoc</strong></span> <span class='ocrx_word' id='word_1_825' title='bbox 1171 2627 1236 2647; x_wconf 87' lang='lat' dir='ltr'><strong>vero</strong></span> <span class='ocrx_word' id='word_1_826' title='bbox 1252 2620 1317 2655; x_wconf 78' lang='lat' dir='ltr'><strong>quia</strong></span> <span class='ocrx_word' id='word_1_827' title='bbox 1330 2628 1374 2649; x_wconf 87' lang='lat' dir='ltr'><strong>res</strong></span> <span class='ocrx_word' id='word_1_828' title='bbox 1391 2622 1506 2650; x_wconf 70' lang='lat' dir='ltr'><strong>diversa:</strong></span> <span class='ocrx_word' id='word_1_829' title='bbox 1521 2621 1614 2651; x_wconf 70' lang='lat' dir='ltr'><strong>formae</strong></span> <span class='ocrx_word' id='word_1_830' title='bbox 1624 2627 1651 2650; x_wconf 90' lang='lat' dir='ltr'><strong>et</strong></span> <span class='ocrx_word' id='word_1_831' title='bbox 1666 2622 1744 2649; x_wconf 79' lang='lat' dir='ltr'><strong>diﬁc-</strong></span> 
     </span>
    </p>
   </div>
   <div class='ocr_carea' id='block_1_112' title="bbox 565 2788 1248 2819">
    <p class='ocr_par' dir='ltr' id='par_1_112' title="bbox 565 2788 1248 2819">
     <span class='ocr_line' id='line_1_112' title="bbox 565 2788 1248 2819; baseline 0.006 -5"><span class='ocrx_word' id='word_1_832' title='bbox 565 2788 680 2817; x_wconf 70' lang='grc' dir='ltr'>γΑΜιΕ</span> <span class='ocrx_word' id='word_1_833' title='bbox 706 2789 895 2818; x_wconf 77' lang='lat' dir='ltr'><strong>LECTIONES</strong></span> <span class='ocrx_word' id='word_1_834' title='bbox 914 2791 957 2819; x_wconf 87' lang='lat' dir='ltr'><strong>ET</strong></span> <span class='ocrx_word' id='word_1_835' title='bbox 974 2789 1248 2819; x_wconf 75' lang='lat' dir='ltr'><strong>CORRECTIONES.</strong></span> 
     </span>
    </p>
   </div>
   <div class='ocr_carea' id='block_1_113' title="bbox 178 2867 402 2904">
    <p class='ocr_par' dir='ltr' id='par_1_113' title="bbox 178 2867 402 2904">
     <span class='ocr_line' id='line_1_113' title="bbox 178 2867 402 2904; baseline 0.004 -9"><span class='ocrx_word' id='word_1_836' title='bbox 178 2869 203 2884; x_wconf 65' lang='lat'><em>&quot;</em></span> <span class='ocrx_word' id='word_1_837' title='bbox 219 2867 402 2904; x_wconf 78' lang='grc' dir='ltr'>ἀρχικώτερα.</span> 
     </span>
    </p>
   </div>
   <div class='ocr_carea' id='block_1_114' title="bbox 289 2917 563 2948">
    <p class='ocr_par' dir='ltr' id='par_1_114' title="bbox 289 2917 563 2948">
     <span class='ocr_line' id='line_1_114' title="bbox 289 2917 563 2948; baseline 0.011 -3"><span class='ocrx_word' id='word_1_838' title='bbox 289 2917 423 2947; x_wconf 67' lang='grc' dir='ltr'>Ρλτιιοι..</span> <span class='ocrx_word' id='word_1_839' title='bbox 446 2918 503 2948; x_wconf 76' lang='lat' dir='ltr'><strong>Gn.</strong></span> <span class='ocrx_word' id='word_1_840' title='bbox 523 2918 563 2948; x_wconf 72' lang='lat' dir='ltr'><strong>iY</strong></span> 
     </span>
    </p>
   </div>
   <div class='ocr_carea' id='block_1_115' title="bbox 1583 2916 1617 2944">
    <p class='ocr_par' dir='ltr' id='par_1_115' title="bbox 1583 2916 1617 2944">
     <span class='ocr_line' id='line_1_115' title="bbox 1583 2916 1617 2944; baseline 0 0"><span class='ocrx_word' id='word_1_841' title='bbox 1583 2916 1617 2944; x_wconf 81' lang='grc'><strong>11</strong></span> 
     </span>
    </p>
   </div>
  </div>
