1923 3064
204 155 253 183 551

594 140 765 171 API’ENDIX
780 139 825 166 AD
837 136 949 166 OPERA
967 134 995 162 S.
1016 129 1165 160 DlONYSll
1185 122 1424 155 AREOPAGIT/E.

1767 115 1821 143 532

204 214 296 238 rentes
314 206 512 243 producuntur.
535 201 604 229 Nota
621 200 703 235 igitur
725 197 797 232 quod
807 198 886 223 vocct
897 200 987 221 exem-
1002 220 1004 224 ,

1060 189 1140 217 ἑσθαι.
1157 186 1312 222 Σημείωσαι
1325 180 1382 214 οὖν,
1398 181 1438 208 ὅτι
1451 177 1659 215 παραδείγματα
1671 173 1747 201 καλεῖ
1759 174 1822 205 τοὺς

1080 242 1085 243 ⁷
1096 233 1108 239 ⁴
1125 231 1183 243 ³⁸³
1200 229 1253 243 ’³η
1265 229 1347 243 κη’·λιιι
1364 224 1531 243 N'M-nm'm‘ir
1543 222 1590 243 νηὶ
1601 220 1706 243 hvmi“:
1717 220 1822 243 ποοῡω-

205 256 292 292 plaria
315 239 434 280 rationes
462 249 490 277 in
515 248 569 276 Deo
597 253 657 281 quae
685 250 775 272 rerum
790 241 924 269 essentias
947 239 987 266 fa-

206 286 304 331 ciunt,
333 302 360 326 et
379 297 455 325 unite
482 299 544 321 ante
565 292 690 322 fuerunt,
725 296 774 316 seu
812 286 988 322 praedestina-

207 348 306 374 tiones.

242 390 414 427 Progreditur
431 387 534 423 quidem
553 393 605 412 non
618 391 663 418 per
674 380 791 417 propria.
809 379 909 407 Beatus
924 377 988 405 Cle-

208 446 286 466 mens
299 436 385 471 magis
400 437 510 463 secutus
522 435 564 459 est
574 429 729 465 opinionem
743 434 803 462 quae
816 425 895 457 dixit,
907 424 989 452 etiam

209 485 236 511 in
252 482 426 519 generatione
440 485 532 506 rerum
548 475 689 504 sensilium
705 473 844 509 principes
858 470 989 506 quasdam

209 517 269 557 esse
282 534 391 557 causas,
406 524 534 552 nimirum
561 519 773 555 intelligibilium
799 525 846 545 seu
865 517 991 550 incorpo-

209 581 318 602 renrum
348 571 505 606 angelorum
533 566 705 603 operationes
725 572 772 592 seu
798 562 992 599 productiones

211 622 238 648 in
249 619 405 649 essentiam,
429 616 529 643 habere
554 620 654 641 causas
678 612 816 647 principes
838 608 914 636 ideas
944 614 992 635 seu

212 667 259 694 Dei
287 663 481 700 cogitationes;
508 660 582 687 circa
612 665 681 694 quas
711 656 787 683 ideas
814 653 991 688 exemplares,

212 698 392 746 intelligibilia
416 715 477 735 esse
496 706 570 734 velut
596 703 769 740 operationes
796 699 941 736 primarias
957 698 994 734 [et

211 755 318 792 beatas]
333 759 360 783 et
374 755 543 790 praecipuas;
569 751 597 778 in
621 749 768 778 sensilibus
793 751 883 775 autem
897 745 996 781 princi-

212 810 272 838 pem
289 790 411 831 causam,
429 805 460 825 ac
475 798 556 825 beare
570 800 652 831 atque
665 801 760 822 creare
779 793 923 822 valentem,
940 790 996 817 for-

214 856 286 876 mam
312 849 339 874 in
359 846 484 878 materia,
513 844 597 876 dicta,
615 842 714 878 inquit,
735 840 846 876 opinio;
873 845 936 866 nam
952 844 996 864 ra-

214 895 287 921 tione
304 897 408 920 naturae
434 892 462 919 in
488 890 662 926 generatione
684 895 738 923 qua
761 886 873 914 sensilia
902 884 996 911 forma:
1012 881 1032 908 B

214 940 342 972 evadunt,
359 938 422 966 talis
437 938 534 968 forma,
550 935 648 971 inquit,
675 933 812 970 praecipua
830 939 892 959 esse
905 930 996 958 debet.

215 986 351 1014 Fortassis
365 985 448 1020 igitur
473 984 570 1011 beatus
589 982 715 1010 Clemens
742 980 795 1007 hoc
808 978 911 1006 dixisse
924 977 998 1005 vide-

216 1039 260 1061 tur
272 1042 278 1061 :
290 1031 337 1060 sed
352 1032 409 1059 haec
424 1038 480 1058 non
490 1032 623 1058 vocantur
638 1026 748 1063 proprie
758 1024 935 1060 exemplaria,
951 1031 1000 1050 seu

216 1081 283 1108 idea:
306 1078 454 1114 principes,
477 1076 535 1104 sive
563 1081 653 1102 causa:
683 1071 829 1108 primariae.
850 1069 912 1097 Haec
927 1069 1000 1096 enim

217 1133 273 1152 non
284 1131 318 1152 ex
329 1122 408 1159 ipsis,
424 1121 471 1149 sed
489 1128 522 1149 ex
538 1119 586 1147 Dei
612 1116 837 1154 cogitationibus,
850 1115 898 1151 qui
925 1114 1001 1142 solus

219 1170 385 1199 adorandus.

254 1213 468 1243 Promanationis
501 1220 532 1239 ac
560 1211 694 1239 bonitatis.
718 1209 897 1245 Progressum
924 1210 1003 1235 vocat

220 1255 475 1295 contemplationem
503 1265 564 1293 quae
591 1264 646 1284 non
670 1259 777 1282 tantum
794 1254 867 1282 circa
880 1260 910 1281 se
921 1259 1004 1280 occu-

219 1312 310 1344 patur,
327 1306 375 1334 sed
391 1304 549 1333 diffunditur
572 1307 599 1331 et
623 1302 809 1337 progreditur,
833 1303 916 1334 atque
939 1298 1005 1326 facit

223 1358 251 1381 ut
267 1361 311 1380 res
326 1351 486 1380 subsistant.

259 1399 355 1427 Omnia
369 1397 473 1433 quidem
486 1397 514 1424 in
528 1397 622 1431 seipse.
640 1395 724 1422 Deum
741 1395 771 1423 in
785 1393 912 1421 omnibus
924 1391 1006 1419 rebus

222 1445 372 1477 exsultare,
397 1443 547 1471 secundum
561 1441 627 1469 illud
651 1441 748 1477 psalmi
762 1450 769 1467 z
788 1439 936 1467 Lwtabitur
952 1437 1006 1465 Do—

224 1493 310 1518 minus
325 1491 351 1518 in
376 1489 496 1524 operibus
511 1489 567 1516 suis
598 1487 628 1521 l;
647 1491 673 1515 et
694 1487 722 1514 in
750 1485 921 1513 Proverbiis:
952 1483 1008 1519 Ego

225 1544 296 1564 eram
310 1543 362 1571 qua
375 1532 567 1562 delectabatur.
594 1532 661 1560 lllud
677 1536 767 1559 autem
785 1535 844 1558 ante
858 1530 933 1557 habet
957 1529 1009 1557 hoc

226 1583 286 1610 loco
298 1581 410 1617 ponitur
425 1587 484 1615 pro,
499 1578 703 1614 praedestinavit
720 1581 746 1606 et
759 1576 898 1613 praecepit.

1023 1556 1043 1584 C

1037 236 1066 261 ὲν
1075 233 1114 268 τῷ
1125 220 1254 266 Θεῷ-τῶν
1264 229 1347 255 ὄντων
1364 224 1531 255 οὐσιοποιοὺς
1543 222 1590 249 καὶ
1601 220 1706 251 ἑνιαίως
1717 220 1822 254 προϋφ-

1037 279 1157 310 εστῶτας
1173 277 1283 312 λόγους,
1296 275 1354 310 ἦτοι
1369 269 1560 308 προορισμούς.

1076 369 1195 403 Πρόεισι
1205 366 1273 401 μὲν,
1286 366 1322 392 οὺ
1335 363 1384 391 διὰ
1399 361 1517 396 κυρίων.
1537 359 1645 388 Μᾶλλον
1659 359 1673 385 ὁ
1690 360 1823 394 μακάριος

1040 415 1154 450 Κλήμης
1172 413 1233 448 δόξῃ
1247 411 1300 438 τινὶ
1317 408 1534 445 κατηκολούθησε
1545 405 1670 440 λεγούσῃ,
1690 404 1736 431 καὶ
1751 405 1779 430 ὲν
1790 405 1815 429 ri

1041 461 1144 496 γενέσει
1159 459 1212 486 τῶν
1228 458 1311 485 ὄντων
1326 454 1459 491 αἰσθητῶν
1472 452 1539 480 εἶναι
1563 451 1679 488 ἀρχικὰς
1691 459 1765 481 τινας
1781 450 1809 476 αἰ

1041 507 1111 538 τίας,
1125 503 1179 532 οἷον
1195 505 1244 536 τὰς
1259 503 1312 530 τῶν
1327 501 1439 537 νοητῶν,
1453 500 1512 535 ἦτοι
1534 498 1686 534 ἀσωμάτων
1703 496 1810 531 ἀγγέλω

1042 553 1180 589 ἐνεργείας
1193 551 1251 586 ἢτοι
1271 550 1310 580 εἰς
1325 548 1418 575 οὐσίαν
1441 545 1620 581 παραγωγὰς,
1644 543 1732 574 αἰτίας
1746 543 1810 578 ἀρχι

1043 600 1094 631 κάς
1116 598 1188 633 ἔχειν
1208 596 1257 628 τὰς
1277 595 1348 626 ἰδέας
1372 594 1430 629 ἢτοι
1455 593 1561 628 νοήσεις
1576 590 1622 617 τοῦ
1647 588 1728 616 Θεοῦ·
1763 597 1812 623 περ

1043 645 1076 677 ἃς
1092 632 1164 675 ἰδέας
1179 638 1432 679 παραδειγματικὰς
1446 638 1538 669 οὓσας,
1554 636 1588 663 τὰ
1603 635 1685 670 νοητά
1700 632 1767 661 εἶναι
1789 633 1804 659 ὀ

1044 691 1184 727 ἐνεργείας
1198 687 1316 725 ἀρχικὰς
1340 686 1398 722 [καὶ
1414 681 1613 719 εὐδαιμονικὰς]
1631 682 1677 708 καὶ
1700 682 1801 717 ἡγεμον

1045 726 1110 768 κάς’
1126 737 1172 762 ἐπὶ
1186 735 1213 761 δὲ
1229 734 1282 760 τῶν
1310 731 1456 767 αἰσθητῶν,
1474 731 1558 757 αἴτιον
1586 727 1708 764 ἀρχικὸν,
1726 726 1772 753 καὶ
1785 733 1798 751 ε

1045 781 1209 818 δαιμονικὸν,
1236 780 1284 806 καὶ
1311 777 1513 814 δημιουργικὸν,
1526 775 1556 802 τὸ
1571 772 1649 807 εἶδος,
1674 773 1704 799 τὸ
1723 772 1768 799 ἐπὶ
1794 781 1804 796 ς

1047 829 1097 864 ὕλῃ
1113 829 1131 864 ὴ
1158 826 1291 863 εἰρημένη
1316 825 1382 860 φησί
1407 823 1484 855 δόξαθ
1508 822 1553 848 τὸν
1569 820 1623 856 γὰρ
1636 820 1713 854 λόγον
1729 819 1777 854 τῆς
1801 819 1811 843 ἐ

1046 863 1152 910 γενέσει
1174 873 1297 908 φύσεως,
1333 870 1393 897 καθ’
1410 869 1443 905 ἢν
1469 867 1622 903 εἰδοποιήθη
1641 865 1675 892 τά
1705 863 1818 899 αἰσθητὰ

1048 909 1165 948 τοιοῦτον
1171 918 1239 951 εἶδός
1250 926 1330 953 φησιν
1345 916 1458 953 ἀρκτέον
1465 914 1608 941 ⁸⁷.¹¹Εοικεν
1619 909 1664 939 οὖν
1674 912 1744 946 τάχα
1754 909 1818 936 τοῦτ

1050 968 1189 1004 εἰρηκέναι
1207 967 1221 993 ὁ
1237 964 1370 1001 μακάριος
1397 963 1527 998 Κλήμης·
1551 960 1600 987 οὑκ
1617 959 1673 985 ἔστι
1688 958 1716 984 δὲ
1733 956 1819 992 κυρίω

1049 1002 1134 1040 ταῦτα
1163 1013 1248 1039 εἰπεῖν
1271 1009 1489 1046 παραδείγματα,
1513 1007 1572 1041 ἦτοι
1594 1005 1665 1036 ἰδέας
1691 1002 1823 1040 ἀρκτικάς

1051 1061 1133 1096 ἤγουν
1162 1057 1264 1095 ἀρχικά
1293 1056 1380 1083 αἴτια·
1399 1054 1429 1081 οὐ
1460 1053 1514 1089 γὰρ
1543 1051 1573 1084 ἐξ
1588 1051 1676 1078 αὐτῶν
1695 1050 1718 1066 ³⁸
1736 1048 1831 1075 ταῦτα.

1053 1082 1109 1133 ἀλλ’
1138 1106 1170 1132 ὲκ
1286 1102 1354 1129 Θεοῦ
1379 1082 1512 1135 νοήσεωνι,
1546 1082 1576 1130 δὲ
1607 1097 1686 1133 μόνος
1716 1082 1837 1131 προσκυξ

1053 1151 1142 1188 νητός.
1897 1165 1898 1170 η

1089 1197 1220 1232 Προόδου
1242 1195 1291 1222 καί
1312 1193 1502 1229 ἀγαθότητος.
1523 1189 1639 1226 Πρόοδόν
1654 1196 1719 1223 φησι
1743 1186 1775 1213 τὸ
1800 1185 1839 1221 μὴ
1897 1192 1898 1225 ξ

1056 1244 1134 1280 μόνον
1148 1241 1232 1277 αὐτὴν
1248 1240 1312 1276 περί
1335 1240 1383 1274 τὴν
1409 1237 1495 1272 αὑτῆς
1519 1235 1689 1271 ἀσχολεῖσθαι
1711 1232 1838 1268 Θεωρίαν,

1054 1279 1122 1318 ἀλλά
1140 1287 1264 1322 χυθῖιναι.
1281 1285 1328 1313 καὶ
1348 1284 1466 1315 ὁδεῦσαι,
1483 1282 1531 1309 καὶ
1547 1281 1581 1308 τὰ
1601 1281 1665 1307 ὄντα
1688 1279 1841 1314 ὑποστήσα-

1057 1336 1126 1363 σθαι.

1091 1381 1193 1409 Πάντα
1204 1379 1262 1414 μὲν
1275 1378 1310 1406 ἐν
1336 1375 1439 1410 ἑαυτῇ,
1459 1375 1520 1401 ’Ὁτι
1537 1375 1583 1400 ὲπὶ
1609 1373 1677 1399 πᾶσι
1696 1371 1752 1402 τοῖς
1767 1367 1842 1397 οὖσιν

1058 1426 1221 1463 ἀγάλλεσθαί
1246 1433 1312 1462 φησι
1337 1424 1382 1450 τὸν
1397 1422 1473 1453 Θεὸν,
1497 1420 1567 1447 κατά
1580 1419 1610 1446 τὸ
1624 1418 1772 1454 ψαλμικόν·
1785 1418 1844 1444 Εὐ-

1059 1462 1259 1511 φρανθήσεται
1284 1471 1392 1504 Κύριος
1406 1468 1454 1495 ἐπὶ
1473 1467 1534 1499 τοῖς
1548 1465 1644 1499 ἔργοις
1665 1462 1772 1490 αὑτοῦ·
1796 1462 1845 1488 καὶ

1106 1519 1283 1556 Παροιμίαις’
1305 1515 1378 1550 Ἐγὼ
1389 1514 1470 1548 ἤμην
1493 1511 1512 1546 ᾖ
1535 1510 1723 1545 προσέχαιρε.
1754 1508 1791 1534 Τὸ
1815 1507 1845 1534 δὲ

1060 1555 1179 1602 προέχει
1198 1563 1314 1592 ἐνταῦθα
1330 1561 1390 1590 ἀντὶ
1406 1559 1453 1587 τοῦ
1476 1557 1611 1594 προώρισε
1625 1557 1681 1591 καὶ.
1696 1555 1845 1590 προείληφε

1008 1618 1010 1621 ’
1060 1615 1157 1641 κεῖται.

263 1662 372 1690 Omnem
396 1660 587 1694 duplicitatem.
616 1657 750 1691 Quoniam
777 1656 862 1691 aliqui
882 1655 1010 1683 dixerunt

228 1708 303 1736 ideas
324 1710 350 1735 et
376 1705 542 1741 exemplaria
564 1712 612 1740 per
640 1712 669 1731 se
701 1703 868 1736 subsistere,
889 1702 940 1729 hos
965 1702 1010 1736 qui

228 1753 315 1781 Graeci
330 1755 408 1780 erant
432 1751 513 1779 modo
537 1750 647 1782 refellit,
660 1754 687 1777 et
711 1749 765 1782 ait;
781 1748 837 1776 nisi
853 1748 924 1775 enim
945 1747 1012 1775 sim-

229 1799 336 1835 pliciter
352 1805 384 1825 ac
406 1798 480 1825 unite
493 1797 594 1824 fuerint
609 1796 686 1829 idem,
696 1803 758 1822 cum
771 1795 826 1822 sint
836 1793 1013 1830 cognitiones

230 1844 441 1880 simplicissima:
452 1841 648 1878 simplicissimi
662 1845 688 1869 et
699 1840 847 1868 unitissimi
862 1839 920 1871 Dei,
937 1847 1010 1866 com-

230 1891 338 1926 positus
366 1897 431 1917 sane
457 1889 509 1916 erit
531 1889 601 1916 Deus
623 1896 656 1916 ex
688 1887 836 1922 exemplari
863 1892 890 1913 et
910 1887 1014 1920 seipso.

231 1937 303 1972 quod
329 1936 509 1970 duplicitatem
524 1935 685 1962 nominavit.
702 1933 772 1961 Illud
796 1937 886 1960 autem
903 1933 1014 1960 delecta-

233 1987 286 2015 tur,
302 1985 435 2010 consonat
451 1980 555 2013 Davidi,
572 1980 719 2008 Laztabitur
734 1979 873 2013 Dominus,
888 1984 940 2007 etc.

270 2071 351 2106 180
365 2070 590 2104 Quemadmodum
608 2070 688 2097 etiam
714 2078 765 2097 una
782 2077 840 2097 vox.
868 2069 935 2097 Nota
951 2078 1014 2105 pro-

234 2119 377 2154 prietatem
392 2117 478 2148 vocis.
497 2116 569 2152 quod
585 2123 646 2143 cum
676 2116 711 2144 sit
728 2116 888 2150 incorporea
904 2120 931 2143 et
948 2124 1013 2148 una,

236 2172 251 2192 a
268 2164 361 2191 multis
376 2163 479 2198 pariter
492 2163 612 2194 auditur,
627 2169 714 2197 neque
731 2170 745 2189 a
760 2162 934 2190 multitudine
949 2170 1016 2189 con-

1095 1658 1201 1686 Πᾶσαν
1231 1656 1369 1689 διπλόην.
1394 1652 1501 1688 Ἐπειδή
1528 1659 1599 1683 τινες
1624 1649 1674 1682 τὰς
1700 1649 1772 1680 ἰδέας
1799 1647 1848 1674 καὶ

1061 1706 1096 1734 τὰ
1110 1704 1315 1741 παραδείγματα
1332 1700 1499 1727 ὲνυπόστατα
1521 1697 1634 1732 ἔφησαν,
1644 1695 1755 1726 τούτους
1767 1694 1848 1728 ἑπιρ-

1064 1739 1172 1789 ῥαπίζει
1187 1750 1233 1777 νῦν
1251 1748 1383 1783 ’Έλληνας
1395 1747 1483 1776 ὸντας,
1515 1743 1562 1770 καί
1578 1750 1672 1776 φησιν·
1696 1741 1727 1767 Et
1740 1739 1794 1774 γὰρ
1810 1739 1849 1774 μὴ

1064 1785 1155 1830 ἀπλῶς
1169 1797 1215 1824 καί
1231 1795 1340 1825 ἑνιαίως
1356 1791 1409 1819 εἷεν
1421 1793 1450 1818 αἰ
1466 1790 1542 1823 ἰδέαι,
1561 1790 1667 1824 νοήσεις
1682 1785 1848 1822 ὑπερηπλω-

1066 1846 1144 1882 μέναι
1155 1842 1232 1871 οὖσαι
1246 1841 1292 1868 τοῦ
1313 1837 1545 1875 ὑπερηπλωμένου
1570 1836 1617 1862 καὶ
1639 1832 1849 1869 ὑπερηνωμένου

1064 1878 1142 1923 Deci,
1160 1889 1283 1920 σύνθετος
1293 1887 1325 1914 ἂν
1345 1886 1389 1921 εἴη
1403 1886 1417 1912 ὁ
1431 1884 1497 1915 Θεὸς
1513 1884 1544 1909 ὲκ
1560 1880 1780 1916 παραδείγματος
1803 1878 1851 1904 καὶ

1064 1936 1172 1968 ἑαυτοῦ,
1189 1936 1256 1970 ὅπερ
1271 1933 1400 1966 διπλόην
1413 1930 1547 1964 ὠνόμασε.
1565 1927 1601 1953 Τὸ
1616 1926 1644 1952 δὲ
1658 1923 1851 1959 ἀγαλλομένη

1064 1983 1206 2020 συμφωνεῖ
1218 1969 1257 2016 τῷ
1276 1978 1373 2006 Δαϐίδ·
1400 1973 1645 2011 Εὐφρανθήσεται
1670 1971 1788 2005 Κύριος,
1806 1969 1852 1996 καὶ

1063 2031 1097 2057 τὰ
1114 2029 1188 2065 ἑξῆς.

1099 2075 1237 2109 Καθάπερ
1256 2073 1303 2100 καί
1319 2071 1402 2107 φωνὴ
1418 2071 1481 2105 μία.
1511 2069 1666 2104 Σημείωσαι
1679 2067 1709 2094 τὸ
1728 2068 1778 2103 τῆς
1795 2076 1849 2102 φωα

1065 2123 1123 2158 νῆς,
1141 2123 1182 2149 ὅτι
1196 2120 1339 2155 ἀσώματος
1353 2117 1399 2144 καὶ
1414 2116 1461 2152 μία
1475 2113 1541 2142 οὖσα
1562 2115 1614 2141 ὑπὸ
1628 2113 1732 2140 πολλῶν
1749 2114 1850 2148 ὁμοίως
1897 2116 1898 2140 ξ

1066 2168 1202 2200 ἀκούεται,
1220 2166 1267 2192 καὶ
1280 2164 1340 2191 οὗτε
1353 2163 1505 2190 δαπανᾶται
1524 2162 1556 2188 ὲκ
1569 2160 1615 2187 τοῦ
1630 2159 1756 2195 πλήθους.
1771 2158 1850 2185 Οὕτω

236 2210 370 2237 sumitur:
402 2210 438 2236 ita
471 2209 552 2236 etiam
577 2208 648 2236 Deus
672 2209 813 2244 aequaliter
839 2209 873 2236 ab
888 2208 1004 2235 omnibu:

1067 2216 1139 2242 καὶὸ
1160 2213 1225 2245 Θεὸς
1251 2211 1304 2238 ὑπὸ
1330 2209 1437 2236 πάντων
1465 2209 1563 2243 ἐπίσης
1589 2207 1745 2242 μετέχεται·
1771 2204 1850 2231 τοῦτο

236 2256 463 2283 communicatur.
490 2254 556 2282 illud
570 2256 643 2282 enim
667 2259 709 2282 est
729 2263 780 2281 uno
803 2253 882 2281 modo
899 2261 970 2289 :pro
985 2254 1017 2281 ii-

236 2303 279 2329 dei
304 2306 393 2330 autem
423 2302 550 2334 ratione,
588 2305 615 2328 et
654 2308 742 2336 neque
778 2301 883 2329 divisus
917 2308 1018 2328 consu-

237 2349 328 2375 mitur.

276 2393 309 2420 Ut
330 2393 404 2427 cujus
435 2401 528 2420 causa.
559 2392 647 2428 Supra
671 2393 699 2419 in
726 2392 889 2427 praecedenti
919 2392 1018 2427 capite,

239 2438 359 2475 perfecte
382 2439 489 2466 llnalem
513 2447 624 2466 causam
653 2438 830 2471 definientes,
860 2439 1019 2466 dicebamus

240 2493 300 2513 esse
319 2485 398 2520 cujus
412 2493 494 2513 causa
505 2485 607 2520 aliquid
622 2485 661 2512 ﬁt.

275 2533 310 2558 Et
325 2531 440 2558 omnium
455 2531 591 2558 terminus.
611 2530 739 2558 Termino
762 2531 883 2558 omnium
899 2530 1020 2558 inﬁnitas

242 2582 331 2605 mente
357 2578 511 2612 opponitur.
543 2577 613 2604 Deus
642 2585 707 2604 vero
736 2581 777 2604 est
807 2577 888 2604 etiam
905 2578 1021 2603 omnium

245 2624 388 2656 terminus;
404 2624 472 2651 nihil
484 2624 555 2651 enim
572 2623 630 2659 ejus
644 2624 820 2659 'providcntia
835 2627 862 2651 et
888 2627 1022 2658 potestate

277 2713 285 2733 1
305 2713 377 2741 Psal.
394 2720 442 2740 cui
454 2733 461 2744 ,
479 2713 523 2739 51.

1067 2261 1121 2297 γάρ
1137 2261 1194 2286 ἐστι
1204 2259 1234 2285 τὸ
1248 2256 1361 2289 ἑνικῶς.
1371 2254 1448 2282 Κατὰ
1462 2253 1605 2287 ἀναλογίαν
1614 2253 1642 2279 δὲ
1656 2252 1706 2287 τῆς
1723 2250 1850 2282 πίστεως,

1068 2307 1115 2334 καί
1128 2305 1189 2332 οὗτε
1207 2303 1381 2340 μεριζόμενος
1402 2300 1561 2328 δαπανᾶται.

1110 2395 1158 2427 Ὧς
1177 2394 1229 2420 τοῦ
1242 2392 1339 2419 ἕνεκα.
1368 2391 1440 2418 Ἀνω
1457 2391 1485 2417 ὲν
1511 2389 1550 2426 τῷ
1575 2389 1629 2425 πρὸ
1650 2387 1744 2415 τούτου
1765 2395 1852 2421 κεφα-

1069 2441 1136 2476 λαίῳ
1151 2441 1272 2475 εἴπομεν,
1286 2437 1395 2469 τελείως
1410 2437 1550 2472 ὁρίσαντες
1560 2435 1675 2466 τελικὸν,
1687 2433 1770 2460 αἴτιον
1786 2431 1853 2459 εἰναι

1069 2489 1099 2514 τὸ
1113 2485 1143 2514 οὗ
1157 2487 1236 2513 ἕνεκα
1250 2484 1281 2511 τὸ
1297 2483 1445 2519 γινόμενον.

1106 2533 1160 2560 Καὶ
1185 2532 1276 2566 πέρας
1293 2531 1421 2558 πάντων.
1439 2529 1483 2565 Τῷ
1498 2528 1594 2564 πέρατι
1621 2527 1728 2557 πάντως
1742 2526 1759 2561 ἡ
1777 2525 1854 2551 ἀπει-

1074 2579 1118 2614 ρία
1144 2578 1350 2604 ἀντεπινοεῖται.
1390 2576 1419 2602 '0
1448 2575 1475 2601 δὲ
1503 2574 1569 2606 Θεὸς
1598 2573 1690 2607 πέρας
1714 2571 1835 2598 πάντων

1071 2624 1146 2651 οὐδὲν
1162 2623 1215 2658 γὰρ
1243 2622 1362 2649 ἐκϐαίνει
1379 2622 1427 2657 τὴν
1451 2621 1532 2648 αὑτοῦ
1557 2621 1682 2657 πρόνοιαν
1712 2618 1761 2646 καὶ
1776 2618 1853 2645 δυνα-

685 2790 801 2820 ῩΑΒΙλΕ
820 2792 1010 2822 LECTIONES
1029 2792 1072 2820 ET
1092 2791 1355 2822 CORBECTIONES

299 2870 320 2886 ³⁷
337 2870 476 2906 ἀρκτικὸν.
525 2870 548 2886 ⁸⁸
559 2870 662 2896 ἑαυτῶν
