1923 3064
113 143 167 171 555

112 201 213 228 στείαν·
231 200 278 227 καὶ
292 199 404 236 ἀπειρία
421 199 464 231 δὲ,
479 200 539 226 ἐπεὶ
565 199 636 227 κατὰ
663 199 712 234 τὴν
734 200 808 226 θείαν
825 201 895 235 Γρα-

110 246 165 281 φήν
174 255 181 261 ·
199 247 253 273 Καὶ
269 246 324 280 τῆς
336 246 489 279 συνέσεως
499 246 592 273 αὑτοῦ
602 247 656 273 οὐχ
665 246 750 273 ἐστιν
763 247 892 281 ἀριθμός·

109 293 158 319 καὶ
184 293 265 320 πάλιν
277 302 283 308 ·
301 293 357 319 Καὶ
372 292 426 327 τῆς
444 293 605 326 ,βασιλείας
628 293 719 320 αὐτοῦ
739 294 794 320 οὐκ
811 293 895 319 ἔσται

109 338 213 372 πέρας.
236 339 279 371 Ὠς
299 336 345 366 οὖν
373 339 558 374 ἀπερίληπτος
585 339 631 366 καὶ
654 338 780 374 ἄπειρος”
809 338 894 365 ταῦτα

103 384 166 420 ζγὰρ
182 384 351 420 ὑπερεξόχως
380 385 435 419 ἔχει
449 386 463 411 ό
476 385 541 416 Θεὸς
565 385 611 411 καὶ
634 385 722 412 πάντα
743 384 894 420 ὑπερϐεϐη-

105 415 168 462 λὶάξς
180 415 443 466 καίπέραςῗπαντὸς
464 415 580 466 πέρατος
600 430 650 458 ὥν·
671 432 710 463 είς
735 415 815 458 αὑτὸν
840 415 893 467 γὰρ

107 475 145 502 ττὰ
175 476 263 503 πάντα
293 476 483 511 περατοῦνται,
511 477 558 503 καὶ
579 476 689 512 ἀπειρία
718 477 775 503 ἐστὶ
802 478 893 512 πάσης

104 515 245 558 ῗιπειρίας.
262 522 320 549 Κᾶν
331 520 376 549 οὖν
393 523 503 558 ἀπειρία
531 522 642 558 λέγηται
669 523 716 549 καὶ
736 523 752 558 ή
767 523 827 558 ὕλη,
855 523 892 555 ὡς

100 568 154 594 ἰεὶ
174 569 474 605 μετασχηματιζομένη,
503 570 550 596 καὶ
576 568 668 596 ἄλλοτε
696 570 735 600 είς
755 569 821 596 ἄλλα
834 569 891 604 είδη

104 608 325 648 δᾲεταὸάλλουσα,
340 615 396 641 ἀλλ’
413 613 458 642 οὖν
473 615 643 650 πεπέρασται
671 616 699 641 ὲν
718 614 756 649 τῷ
784 614 852 650 Θεῷ,
868 616 891 641 εἰ

106 653 157 687 ἔδει).
170 661 284 693 ἄστατός
297 661 355 687 ἐστι
371 662 417 687 καὶ
430 661 552 696 ἀόριστος
567 660 618 687 ὑπὸ
632 660 697 687 Θεοῦ
722 661 889 697 μεταγομένη

111 699 148 742 ,ξς
164 707 317 739 εἰδοποιίας.
336 708 390 734 Καὶ
414 707 524 738 εἰκότως
538 707 553 732 ὁ
567 707 632 738 Θεὸς
660 706 747 742 πέρας
769 707 827 733 ἐστὶ
841 707 891 742 τῆς

115 744 236 790 βλαύτης
264 754 390 789 ἀπειρίας
418 753 463 780 καὶ
489 753 599 788 ἄπειρος
628 754 684 784 τοῖς
708 752 806 788 πέρασι
835 752 889 779 τῶν

107 791 201 833 dicunt,
214 801 252 832 ὠς
265 801 312 827 καὶ
325 801 375 835 τὴν
391 799 455 835 ὓλην
483 799 512 831 ἐξ
540 800 588 826 οὐκ
601 799 683 825 ὄντων
705 798 872 834 παραγαγών
881 807 887 813 ·

107 837 176 881 χξησὶ
202 846 257 881 γὰρ
274 847 290 882 ὴ
306 846 411 882 Γραφή¹
432 846 478 878 Ἐξ
493 845 585 872 αὑτοῦ
602 845 649 871 καί
669 844 708 871 δι’
721 844 813 871 αὐτοῦ
840 844 886 870 καὶ

106 882 149 924 Tit;—
161 892 253 918 αὐτὸν
263 892 299 918 τὰ
312 891 418 918 πάντα.

104 929 117 945 “
148 937 195 964 Ἐν
208 937 254 964 ἐνί
270 938 335 972 γὰρ,
346 938 385 970 ὡς
397 936 552 970 πολλάκις.
579 936 738 963 Ἀντίκειται
758 937 788 963 τὸ
804 937 889 972 πέρας

105 977 138 1019 ξῇ
154 983 266 1018 ἀπειρίᾳ
293 982 362 1010 κατὰ
389 983 524 1018 ἀπόφασιν
551 983 598 1009 καὶ
622 982 784 1016 κατάφασιν,
807 982 844 1013 ὡς
858 982 890 1008 τὸ

105 1029 200 1064 θνητὸν
216 1029 303 1055 καὶτὸ
319 1028 460 1056 ἀθάνατον.
479 1028 576 1059 Καλῶς
598 1028 626 1054 δὲ
652 1027 682 1054 τὸ
709 1028 749 1060 ὡς
765 1028 889 1054 ἀντικει-

105 1074 218 1107 μένων·
245 1075 275 1101 οὺ
299 1074 353 1110 γὰρ
365 1074 466 1110 κυρίως
480 1074 565 1100 ταῦτα
580 1073 703 1109 ἀλλήλοις
729 1073 886 1105 ἀντίκειται,

104 1122 186 1148 οἱονεὶ
207 1120 277 1148 κατὰ
293 1122 341 1157 τὴν
365 1120 420 1154 ἕξιν
443 1120 459 1156 ἢ
484 1120 621 1156 στέρησιν,
648 1118 703 1145 ἀλλ’
717 1118 754 1150 ὡς
781 1118 887 1154 εἴρηται

104 1167 175 1195 κατὰ
188 1167 324 1202 ἀπόφασιν
340 1167 386 1193 καὶ
404 1165 566 1200 κατάφασιν.

137 1213 243 1248 Παρὼν
266 1213 328 1246 τοῖς
344 1212 428 1240 πᾶσι.
456 1210 597 1246 Πανταχοῦ
624 1211 678 1246 γὰρ
706 1210 811 1246 παρὼν,
839 1211 886 1237 καὶ

103 1261 159 1291 τοῖς
173 1260 234 1287 καθ’
249 1260 277 1286 ἓν
296 1260 410 1286 ἕκαστον
425 1258 447 1274 ’⁵
474 1258 521 1285 καὶ
544 1259 601 1289 τοῖς
620 1258 701 1284 πᾶσιν
728 1257 795 1292 ὁμοῦ
812 1257 882 1292 πάρ-

102 1314 160 1332 εστι
183 1306 230 1332 καὶ
253 1306 362 1340 ὁμοίως.
383 1305 438 1331 Καὶ
457 1303 542 1335 ἑστὼς
557 1303 585 1330 δὲ
609 1303 714 1337 λέγεται
728 1304 742 1329 ό
757 1302 831 1335 Θεὸς,
847 1302 886 1338 τῷ

101 1352 173 1379 κατὰ
189 1352 270 1387 μηδὲν
291 1351 359 1384 ὅλως
388 1352 416 1377 ὲν
440 1351 513 1387 αὑτῷ
535 1349 684 1385 μεταϐολὴν
714 1348 883 1384 θεωρεῖσθαι·

100 1397 258 1432 κινούμενος
272 1397 310 1429 δὲ,
327 1397 366 1432 τῷ
381 1396 501 1432 συνέχειν
514 1395 549 1422 τὰ
560 1395 623 1422 ὄντα
637 1396 682 1422 καὶ
701 1396 840 1430 συντηρεῖν
851 1395 883 1410 “-

99 1445 148 1470 καὶ
164 1444 249 1470 ταῦτα
264 1444 292 1470 δὲ
319 1444 388 1478 ὑπὲρ
404 1443 491 1469 πᾶσαν
515 1442 636 1468 ἐπίνοιαν
651 1441 672 1456 ⁸¹
683 1449 689 1455 ·
702 1441 742 1467 διὸ
756 1441 802 1468 καὶ
817 1441 884 1476 ὲπή-

100 1499 170 1524 γαγε
183 1490 213 1516 τὸ
224 1490 292 1516 οὔτε
305 1489 408 1522 ἑστὼς,
428 1489 496 1515 οὔτε
507 1488 690 1522 κινούμενος.

484 141 513 169 S.
529 141 652 169 MAXIM]
673 141 818 170 SCIIOLIA
836 142 870 170 IN
890 142 954 170 UB.
973 142 1017 170 DE
1033 141 1159 170 DIVIle
1174 143 1372 172 NOMINIBUS.

1672 148 1723 175 554

908 203 931 232 Α
945 201 1082 236 egreditur
1099 211 1106 228 :
1126 206 1167 229 est
1193 209 1300 237 quoque
1327 202 1459 234 inﬁnitas,
1480 202 1607 237 quoniam
1631 211 1725 231 secun-

946 247 1010 274 dum
1025 247 1142 274 divinam
1169 247 1355 282 Scripturam:
1386 248 1420 275 Et
1443 249 1578 282 aapientite
1600 249 1656 283 ejus
1673 259 1724 277 mm

944 296 983 318 est
996 300 1118 319 numerus
1144 298 1174 320 ω.
1192 291 1226 319 Et
1252 293 1350 320 iterum
1364 302 1370 320 :
1396 292 1430 320 Et
1451 294 1522 328 regni
1537 294 1593 328 ejus
1608 303 1659 321 non
1674 296 1724 322 erit

944 338 1006 372 ﬁnis
1020 343 1044 365 ιι.
1060 338 1130 373 Ergo
1147 342 1276 373 tanquam
1296 339 1577 374 incomprehensibilis
1593 344 1619 367 et
1631 340 1723 368 inﬁni-

944 388 1006 415 tus:
1021 385 1078 412 haec
1093 385 1166 412 enim
1177 386 1407 413 excellentissimo
1431 387 1512 413 modo
1535 386 1616 414 habet
1633 387 1723 421 Deus,

943 434 969 457 et
993 431 1084 457 omnia
1109 432 1286 464 transcendit,
1322 436 1402 467 atque
1434 432 1523 460 onmis
1549 433 1658 460 termini
1681 437 1724 461 est

943 476 1087 508 terminus,
1103 477 1130 504 in
1146 478 1204 512 ipso
1219 478 1292 505 enim
1306 478 1398 504 omnia
1413 478 1605 512 terminantur,
1617 486 1649 506 ac
1664 487 1724 506 0m—

942 522 985 550 nis
1002 522 1143 551 inﬁnitatis
1158 527 1200 550 est
1213 523 1343 550 inﬁnitas.
1361 523 1419 551 Etsi
1435 524 1517 559 igitur
1528 525 1643 552 materia
1654 533 1724 560 quo-

942 575 994 602 que
1005 568 1112 595 dicatur
1128 568 1259 602 inﬁnitas,
1270 574 1299 596 ut
1318 574 1449 604 perpetuo
1476 570 1679 606 transﬁgurata,
1695 577 1722 599 et

942 613 1087 648 aliquando
1103 614 1130 641 in
1155 615 1222 642 alias
1248 615 1347 643 formas
1370 621 1472 642 mutata
1485 636 1491 647 ,
1509 620 1598 644 tamen
1613 617 1640 644 in
1666 617 1721 645 Deo

941 659 1111 691 terminatur,
1139 660 1191 688 etsi
1218 661 1353 688 instabilis
1376 665 1402 688 et
1427 661 1565 689 indeﬁnita
1583 663 1610 689 in
1628 663 1721 691 formae

941 705 1141 739 susceptionem
1155 707 1333 739 traducatur;
1350 711 1375 734 et
1390 708 1488 734 merito
1513 707 1584 735 Deus
1601 713 1642 736 est
1658 709 1720 737 talis

941 749 1084 778 inﬁnitatis
1100 751 1243 783 terminus,
1269 757 1350 786 atque
1380 752 1502 780 inﬁnitus
1531 754 1664 781 terminus
1679 762 1722 782 re-

940 803 1011 828 rum,
1028 797 1099 831 quod
1122 798 1204 825 etiam
1231 798 1371 826 materiam
1394 807 1427 825 ex
1455 799 1542 826 nihilo
1569 800 1718 835 producat;

940 841 1008 869 dixit
1023 843 1096 870 enim
1124 842 1283 879 Scriptura:
1301 843 1344 870 Ea;
1370 845 1427 879 ipso
1440 850 1465 871 et
1489 853 1534 880 per
1558 846 1642 879 ipsum
1655 847 1719 874 etin

940 887 995 922 ipso
1007 889 1094 915 omnia
1109 893 1131 916 ³.
1315 891 1318 894 ’

977 933 1010 960 In
1022 942 1075 962 uno
1091 935 1170 967 enim,
1185 941 1213 962 ut
1227 943 1412 970 swpenumera.
1428 937 1505 966 Finis
1518 940 1665 974 opponitur
1676 941 1718 967 in-

939 978 1036 1006 ﬁnitati
1053 982 1202 1009 secundum
1217 983 1388 1017 negationem
1404 988 1430 1010 et
1455 983 1672 1018 aiﬁrmationem,
1688 990 1718 1012 ut

938 1027 1052 1054 mortale
1065 1031 1093 1055 et
1107 1028 1268 1056 immortale.
1289 1028 1376 1056 Porro
1399 1029 1512 1064 pulchre
1531 1030 1608 1064 illud,
1627 1036 1656 1058 ut
1671 1039 1718 1066 op-

937 1074 1033 1108 posita.
1056 1073 1116 1101 Non
1144 1082 1216 1101 enim
1246 1075 1356 1110 proprie
1380 1074 1438 1102 haec
1466 1075 1516 1103 sibi
1543 1081 1718 1111 opponuntur

937 1120 1021 1147 veluti
1037 1120 1145 1147 habitus
1156 1125 1183 1148 et
1200 1118 1331 1155 privatio;
1342 1121 1399 1154 sed,
1419 1121 1490 1148 sicut
1505 1121 1608 1149 dictum
1621 1127 1673 1156 est,
1688 1127 1716 1150 ut

936 1166 1044 1201 negatio
1058 1171 1084 1193 et
1095 1165 1246 1194 aliirmatio.

971 1211 1093 1239 Prwsens
1113 1212 1243 1239 omnibus.
1258 1211 1326 1239 Nam
1341 1213 1453 1248 ubique,
1469 1214 1568 1248 inquit,
1584 1220 1714 1249 praisens,

935 1261 963 1285 ct
979 1258 1104 1293 singulis,
1129 1263 1155 1285 et
1180 1258 1307 1286 omnibus
1331 1259 1412 1287 simul
1426 1260 1526 1295 pariter
1541 1260 1628 1288 adest.
1644 1259 1715 1288 Deus

936 1308 1026 1332 autem
1042 1308 1117 1332 stans
1129 1303 1238 1336 dicitur,
1255 1307 1318 1339 quia
1333 1304 1361 1332 in
1378 1313 1411 1332 eo
1425 1306 1500 1333 nulla
1522 1314 1636 1340 prorsus
1653 1314 1714 1334 mu-

935 1350 1003 1377 tatio
1016 1349 1156 1383 cernitur;
1173 1351 1274 1377 moveri
1288 1358 1352 1378 vero
1369 1351 1479 1383 dicitur,
1501 1353 1565 1386 quia
1587 1359 1631 1379 res
1649 1360 1715 1379 con-

934 1397 1092 1430 tinetatque
1106 1399 1265 1427 conservat,
1291 1400 1317 1423 et
1341 1395 1398 1423 hac
1413 1396 1522 1432 quidem
1548 1405 1630 1432 supra
1656 1405 1716 1424 om-

934 1449 995 1469 nem
1024 1442 1225 1476 cogitationem,
1252 1441 1313 1469 ideo
1342 1441 1481 1477 adjunxit,
1512 1451 1557 1470 nec
1579 1448 1643 1477 stat,
1669 1451 1715 1471 nec

934 1492 1058 1515 movetur.

133 1537 189 1563 Kal
205 1536 298 1568 ἑστὼς
317 1536 365 1562 καί
381 1535 563 1569 κινούμενος.
585 1535 664 1561 Δοκεῖ
690 1541 748 1565 πως
765 1533 882 1560 ἐναντίον

969 1532 1005 1559 Et
1029 1537 1103 1559 stans
1129 1537 1153 1560 et
1181 1541 1207 1560 se
1231 1541 1345 1561 movens.
1373 1531 1488 1560 Videtur
1514 1533 1715 1567 quodammodo

96 1581 167 1609 εἶναι
183 1583 214 1609 τὸ
233 1583 384 1618 εἰρημένον,
400 1580 430 1607 τὸ
445 1579 539 1613 ἑστὼς
553 1579 601 1606 καί
625 1580 806 1614 κινούμενος,
823 1579 879 1611 καὶ,

96 1630 168 1656 οὔτε
188 1628 292 1662 ἑστὼς,
315 1628 383 1655 οὐτε
401 1627 590 1661 κινούμενος¹
610 1626 668 1658 πῶς
687 1626 740 1661 γὰρ
762 1627 793 1653 τὸ
815 1627 880 1653 αὐτὸ

96 1677 215 1713 πρᾶγμα
239 1676 285 1702 καὶ
312 1675 417 1701 ἵσταται
446 1675 493 1700 καὶ
509 1675 639 1706 κινεῖται,
654 1673 670 1708 ἢ
685 1673 746 1699 οὔτε
773 1673 879 1700 ἵσταται

95 1723 158 1750 οὔτε
180 1724 310 1755 κινεῖται;
327 1721 433 1757 πρῶτον
452 1721 501 1756 μὲν
527 1721 557 1747 οὐ
570 1720 609 1747 δεῖ
621 1721 653 1747 ὲκ
678 1719 731 1746 τῶν
745 1719 879 1754 αἰσθητῶν

95 1770 236 1796 κατανοεῖν
249 1768 284 1795 τὰ
298 1768 371 1800 θεῖα,
388 1767 404 1802 ἢ
430 1767 480 1799 τὰς
495 1767 599 1798 εἰκόνας
624 1766 745 1793 ἐντεῦθεν
776 1765 880 1801 λαμϐά-

95 1824 167 1842 νειν·
194 1815 237 1841 ἴνα
256 1815 284 1841 δὲ
305 1815 343 1850 μὴ
367 1814 489 1849 δόξαιμεν
510 1813 612 1845 λύσεως
640 1813 761 1848 ἀπορεῖν,
788 1812 880 1839 στάσιν

94 1861 208 1896 εἴπομεν
224 1862 252 1886 ἐν
267 1862 322 1892 τοῖς
342 1860 494 1896 ἔμπροσθεν
515 1859 564 1895 τὴν
585 1858 700 1893 γένεσιν,
718 1859 823 1894 κίνησιν
851 1857 878 1884 δὲ

93 1908 142 1943 τὴν
170 1906 309 1933 ἀλλοίωσιν
326 1906 384 1941 ἦτοι
415 1904 574 1940 μεταὸολήν.
595 1905 688 1931 Ἔστιν
709 1901 754 1930 οὖν
780 1904 794 1929 ὁ
813 1903 878 1934 Θεὸς

95 1951 206 1979 πάντων
220 1951 339 1985 γένεσις·
358 1951 400 1977 ἀεὶ
423 1950 477 1986 γὰρ
500 1950 585 1976 ταῦτα
602 1950 641 1981 εἰς
654 1949 684 1975 τὸ
702 1947 770 1976 εἶναι
787 1949 875 1983 παρά-

94 2006 154 2031 γει⁹
185 1996 255 2024 ὥστε
281 1996 395 2032 ἔστηκεν
420 1997 435 2022 ὁ
459 1995 541 2027 Θεός·
581 1996 693 2021 κινεῖται
725 1994 753 2020 δὲ
785 1994 875 2026 πάλιν,

94 2042 160 2069 διότι
177 2042 265 2068 πάντα
294 2040 522 2077 μετασχηματίζει
550 2040 597 2067 καὶ
634 2040 733 2067 ἀλλοιοῖ
755 2040 823 2076 πρὸς
847 2039 878 2066 τὸ

95 2090 233 2124 κρεῖττον·
260 2088 291 2114 δι’
316 2087 398 2114 αὑτοῦ
415 2086 468 2122 γὰρ
498 2086 623 2117 καλλίους
647 2085 792 2120 γινόμεθα·
818 2084 878 2111 ὅθεν

95 2134 222 2169 καὶπερὶ
242 2132 322 2160 αὑτοῦ
347 2132 400 2167 πρὸ
428 2131 524 2167 μικροῦ
554 2139 634 2166 φησιν
658 2131 672 2156 ό
700 2129 769 2161 θεῖος
785 2129 876 2155 Διονύ-

95 2188 160 2212 σιος,
177 2178 297 2206 πάντων
306 2177 385 2212 ἀρχὴ
396 2177 443 2204 καὶ
453 2176 577 2210 τελευτὴ
592 2175 651 2202 τῶν
666 2176 769 2202 ὄντων’
784 2174 814 2200 τὸ
823 2175 877 2210 γὰρ

94 2226 162 2252 οὔτε
188 2224 301 2257 ἑστὼς,
325 2224 392 2250 οὔτε
424 2223 607 2257 κινούμενος,
636 2220 667 2247 τὸ
691 2221 758 2256 πρὸς
781 2219 873 2252 αὐτοῦ,

94 2269 229 2305 ἐξηγεῖται
258 2270 287 2295 τὸ
310 2268 408 2303 μένων
430 2269 475 2303 ἐφ’
490 2267 610 2299 ἑαυτοῦ,
639 2266 688 2292 καὶ
712 2265 762 2292 ἐπὶ
778 2265 875 2292 πάντα

94 2315 220 2349 προῖὼν·
252 2314 409 2350 μεταδίδωσι
437 2314 492 2350 γὰρ
520 2314 586 2340 πᾶσι
611 2314 668 2343 τοῖς
690 2309 749 2338 οὖσι
774 2312 823 2347 τῆς
836 2311 874 2337 ol-

94 2361 169 2392 κείας
183 2361 315 2396 ὁλότητος,
345 2360 391 2386 καὶ
406 2360 540 2395 ἄτρεπτος
567 2359 612 2386 καὶ
635 2357 811 2388 ἀναλλοίωτος
823 2357 872 2383 αὺ-

93 2406 138 2437 τός
163 2407 220 2432 ἐστι
252 2406 322 2432 κατὰ
347 2405 377 2431 τὸ
392 2405 546 2440 εἰρημένον·
565 2404 606 2431 Σὺ
628 2403 662 2430 δὲ
682 2404 697 2429 ό
720 2402 810 2435 αὐτὸς
835 2402 871 2429 εἶ.

94 2452 196 2479 Οὐκοῦν
233 2453 279 2478 καὶ
311 2451 415 2487 πρόεισι
464 2451 511 2478 καὶ
542 2452 582 2485 ἐφ’
617 2448 713 2476 ἑαυτοῦ
754 2448 828 2483 μένει
858 2449 872 2474 ό

94 2496 166 2529 Θεός.

130 2543 202 2569 Οὔτε
212 2543 246 2570 ἐν
257 2551 313 2569 τινι
328 2541 386 2568 τῶν
398 2542 501 2568 ὄντων.
510 2557 541 2561 --
554 2542 613 2567 Οὐκ
626 2540 660 2567 ἐν
675 2549 731 2567 τινι
742 2537 829 2566 εἶπεν*
843 2539 870 2565 ἐν

95 2588 159 2614 πᾶσι
171 2589 234 2624 γὰρ,
246 2589 292 2615 καὶ
306 2588 349 2615 διὰ
360 2588 389 2614 τὺ
402 2588 430 2614 ὲν
445 2588 526 2613 πᾶσιν
539 2586 649 2621 ἄσχετον
660 2595 666 2601 ·
682 2586 805 2617 αίωνίως
819 2584 873 2619 γὰρ

96 2631 180 2666 ὄντα,
195 2635 244 2665 τὰς
260 2633 458 2670 ὑπερκοσμίους
479 2632 560 2667 φησὶν
580 2632 688 2663 οὐσίας,
704 2631 747 2657 διὰ
768 2631 798 2656 τὸ
820 2629 872 2664 πρὸ

142 2708 160 2720 “
175 2704 246 2733 Psal.
264 2712 360 2737 CXLVI,
378 2704 404 2732 5.

453 2709 466 2722 ιι
484 2703 550 2729 Luc.
571 2710 590 2733 ι,
608 2702 652 2729 55.
687 2705 699 2718 °
717 2700 795 2728 Rom.
814 2707 852 2732 τι,
871 2699 905 2726 56

935 1578 1102 1605 contrarium
1129 1578 1202 1611 dici,
1224 1583 1278 1606 atat
1311 1583 1336 1606 et
1359 1583 1492 1610 movetur;
1526 1587 1570 1606 nec
1590 1584 1644 1606 ειαε
1668 1587 1714 1606 nec

935 1628 1060 1652 movetur.
1077 1623 1217 1657 Quomodo
1233 1625 1306 1652 enim
1325 1624 1419 1652 eadem
1441 1632 1486 1652 res
1505 1629 1532 1652 et
1546 1629 1599 1652 stat
1611 1628 1638 1652 et
1656 1633 1715 1652 mo-

935 1673 1023 1702 vetur,
1040 1673 1087 1697 aut
1103 1678 1157 1697 non
1184 1674 1239 1697 stat
1267 1678 1318 1697 nec
1345 1671 1487 1698 movetur?
1517 1671 1594 1705 181
1626 1671 1714 1706 primo

934 1715 1044 1750 quidem
1059 1723 1114 1742 non
1138 1719 1244 1750 oportet
1268 1715 1359 1743 divina
1389 1723 1421 1744 ex
1448 1716 1595 1744 sensilibus
1611 1717 1713 1744 intelli-

932 1769 1005 1797 gere.
1021 1765 1068 1789 aut
1082 1762 1223 1797 imagines,
1251 1769 1298 1789 seu
1320 1762 1425 1797 species
1447 1762 1510 1790 inde
1524 1770 1643 1790 sumere.
1674 1763 1713 1791 Ne

931 1813 1021 1837 autem
1038 1808 1179 1836 videamur
1193 1815 1288 1836 carere
1317 1808 1510 1843 responsione,
1532 1809 1651 1837 diximus
1665 1818 1710 1838 su-

930 1854 1033 1888 perius,
1054 1858 1154 1882 statum
1180 1862 1241 1882 esse
1267 1855 1488 1890 generationem,
1508 1860 1610 1882 motum
1636 1864 1711 1888 vero,

931 1899 1119 1927 alterationcm
1152 1907 1199 1927 seu
1231 1900 1420 1928 mutationem.
1448 1900 1543 1936 Itaque
1569 1901 1643 1929 Deus
1670 1907 1710 1930 est

930 1945 1052 1972 omnium
1075 1944 1233 1980 generatio;
1267 1944 1324 1972 hac
1338 1945 1410 1972 enim
1442 1953 1548 1980 semper
1574 1947 1710 1981 producit,

930 1991 1023 2025 sicque
1033 1994 1087 2018 stat
1101 1990 1182 2018 Deus.
1210 1989 1312 2017 Contra
1341 1998 1405 2018 vero
1423 1997 1557 2024 moretur,
1573 1992 1636 2026 quia
1651 1999 1710 2019 om-

929 2037 974 2063 nia
998 2036 1173 2063 transformat
1188 2040 1215 2063 et
1243 2039 1331 2062 mutat
1358 2036 1386 2062 in
1415 2036 1522 2067 melius,
1549 2044 1597 2071 per
1620 2037 1708 2072 ipsum

928 2081 999 2109 enim
1018 2081 1188 2116 pulchriores
1213 2080 1308 2114 ﬁmus;
1335 2081 1449 2116 ideoque
1471 2082 1552 2116 paulo
1567 2087 1628 2110 ante
1643 2083 1709 2110 dicit

927 2127 961 2155 de
991 2135 1023 2155 eo
1046 2127 1156 2154 divinus
1181 2126 1341 2162 Dionysius,
1369 2127 1485 2154 omnium
1506 2136 1592 2154 rerum
1611 2130 1710 2162 princi-

927 2173 998 2207 pium
1018 2177 1042 2199 et
1058 2172 1129 2206 ﬁnis.
1148 2171 1216 2198 illud
1234 2172 1318 2204 enim,
1340 2180 1419 2206 neque
1442 2177 1511 2204 stat,
1530 2181 1610 2207 neque
1624 2182 1709 2200 move-

892 2207 914 2234 D
928 2222 982 2249 tur,
996 2216 1023 2243 id
1039 2215 1111 2251 quod
1132 2215 1222 2250 ipsum
1245 2215 1383 2250 praecedit,
1406 2215 1535 2250 exponit,
1556 2217 1583 2243 in
1601 2225 1628 2244 se
1651 2226 1709 2244 ma-

926 2272 989 2290 nens
1003 2268 1028 2290 et
1050 2262 1084 2289 ad
1108 2262 1197 2289 omnia
1223 2261 1410 2297 progrediens;
1438 2263 1621 2290 communicat
1635 2264 1707 2291 enim

927 2309 1053 2336 ouinibus
1064 2308 1145 2336 rebus
1155 2308 1337 2342 integritatem
1353 2307 1501 2341 propriam,
1511 2311 1538 2335 et
1550 2308 1607 2342 ipse
1621 2316 1708 2344 neque

925 2358 1057 2385 mutatur,
1073 2361 1162 2387 neque
1181 2354 1324 2384 alteratur,
1343 2352 1421 2386 juxta
1451 2351 1621 2388 Scripturam
1637 2363 1644 2381 :
1669 2354 1707 2381 Tu

925 2405 1011 2426 autem
1027 2399 1095 2426 idem
1119 2399 1176 2433 ipse
1192 2407 1218 2426 es
1235 2404 1248 2423 ι)
1262 2419 1270 2426 .
1282 2397 1354 2433 Ergo
1370 2397 1440 2425 Deus
1456 2403 1482 2426 et
1496 2399 1668 2435 progreditur
1680 2405 1706 2428 ct

925 2447 952 2474 in
964 2446 1054 2481 seipso
1076 2451 1178 2473 manet.

959 2533 1014 2561 Nec
1026 2541 1065 2561 est
1076 2533 1103 2560 in
1114 2532 1204 2569 aliquo
1215 2541 1304 2560 eorum
1318 2541 1376 2567 quw
1390 2532 1560 2560 sunt—Non
1572 2537 1609 2559 est
1622 2533 1648 2561 in
1660 2533 1707 2560 ali-

922 2590 982 2616 quo,
998 2580 1079 2612 dixit;
1093 2588 1158 2607 nam
1173 2581 1199 2607 in
1211 2580 1338 2607 omnibus
1349 2583 1400 2611 est,
1416 2583 1442 2606 et
1456 2580 1484 2606 in
1499 2579 1575 2607 nullo
1592 2579 1705 2607 detineri

921 2631 1025 2663 potest;
1042 2635 1102 2662 quae
1116 2628 1184 2654 enim
1204 2631 1264 2654 sunt
1282 2631 1390 2660 aeterna,
1407 2626 1642 2662 supermundanas
1664 2626 1709 2652 in-

965 2704 978 2723 ιι
995 2698 1068 2726 Psal.
1087 2706 1124 2731 Cl,
1142 2698 1186 2726 28.

529 2788 644 2816 VARI/IS
664 2786 854 2814 LECTIONES
873 2785 916 2812 ET
933 2785 1211 2813 CORRECTIONES.

145 2879 166 2895 "
179 2881 243 2914 φησὶ
259 2879 350 2916 παρὼν
368 2877 427 2906 καθ’
441 2879 565 2905 ἕκαστον.

614 2876 635 2891 ³ο
650 2876 821 2908 συγκρατείν.
857 2874 878 2889 ³⁸
891 2873 1002 2900 ἔννοιαν.
