1923 3064
139 191 192 221 ’537

516 195 543 224 S.
564 195 687 223 MAXIMI
706 195 852 224 SCHOLIA
873 197 906 224 IN
923 197 987 225 LIB.
1005 197 1049 225 DE
1070 196 1197 224 DIVINIS
1212 196 1407 226 NOMINIBUS.

1714 200 1765 228 338

194 255 235 285 Ης
258 252 539 288 ἀνταναιροιιιιένης.
566 253 603 280 Τὸ
626 253 674 288 μὲν
694 254 828 290 ψαλμικὺν
852 255 927 292 ρητδι

1020 255 1079 283 Ilac
1093 255 1239 283 subtracta.
1256 255 1395 283 Sententia
1411 256 1520 291 quidem
1535 255 1632 291 psalmi
1647 257 1765 292 loquitur

144 307 177 325 πε
183 299 209 334 ρ).
223 298 385 334 ἀνθρώπων,
400 300 445 326 καὶ
461 299 511 334 τῆς
527 299 683 332 τελευταίας
697 301 744 328 καὶ
758 301 850 336 κοινῆς
866 302 930 328 ἀνα-

145 345 266 376 στάσεως
280 344 371 379 λέγει,
390 345 423 380 ἢν
439 345 528 381 μικρῷ
544 345 661 381 πρόσθεν
685 346 844 383 τρανότερον
857 347 931 383 τίθη-

146 400 188 417 σιν
207 392 221 418 ὀ
236 392 349 426 Πατήρ·
371 391 488 418 ἐνταῦθα
507 391 536 417 δὲ
558 391 588 418 τὸ
608 391 688 427 ῥητὸν
711 395 864 429 παρήγαγε,
886 393 931 420 τὺν

145 436 222 472 λόγον
236 438 394 474 ποιούμενος
405 438 468 473 περὶ
482 437 586 464 πάντων
597 437 650 465 τῶν
663 439 786 466 ὁπωσοῦν
794 440 844 475 ζῇν
857 440 931 475 ἐχόν-

143 493 215 516 των,
233 484 339 516 δεικνὺς
356 485 394 520 μὴ
416 484 503 516 ἄλλως
524 484 610 511 ταῦτα
622 485 644 501 ³⁸
659 485 676 520 ἢ
690 486 722 512 ὲκ
746 485 812 513 Θεοῦ
831 486 861 512 τὸ
882 486 930 522 ζῇν

144 529 302 566 θεωρεῖσθαι
313 531 342 557 ὲν
354 530 454 562 αὐτοῖς.
467 530 503 557 Τὸ
516 531 544 557 δὲ
558 531 795 565 ἀνῖαι-ωρεῖσθαι
807 533 868 559 ἀντὶ
883 532 929 559 τοῦ

144 576 308 611 κεχωρίσθαι
325 576 459 608 τέθεικεν,
478 577 572 613 ὥσπερ
586 578 632 603 καὶ
650 577 680 604 τὸ
695 578 930 613 ἐπεισφερόμενα

143 622 202 648 ἀντὶ
217 621 263 648 τοῦ
279 623 432 657 μετέχοντα.
456 623 588 649 Ἀσθενεϊν
601 623 629 650 δὲ
643 622 727 650 ταῦτα
739 624 807 658 πρὸς
822 624 852 650 τὸ
867 633 930 660 μετ-

143 668 216 703 έχειν
239 667 298 704 [τῆς
328 668 400 705 ζωῆς
419 669 532 705 ταύτης]
550 670 630 706 φησὶ,
653 670 698 696 διὰ
715 670 746 696 τὸ
767 670 803 705 μὴ
825 670 930 696 οἴκοθεν

143 714 192 740 καὶ
207 715 271 750 παρ’
288 714 390 741 ἑαυτῶν
411 714 483 750 ἔχειν
502 716 553 751 τὴν
575 715 656 751 ζωὴν,
680 715 736 742 ἀλλ’
753 716 873 751 επακ-τὴν
898 717 930 742 ὲκ

143 759 211 785 Θεοῦ
221 768 228 774 ·
243 759 279 786 τὰ
295 760 349 796 γὰρ
362 761 424 787 ὅσον
439 761 481 795 ἐφ’
499 761 613 793 ἑαυτῶν,
628 762 678 788 οὐκ
693 762 722 788 ὲν
738 761 777 796 τῷ
791 762 840 797 ζῇν
860 761 928 788 θεω-

144 805 271 840 ρούμενα,
288 808 320 841 τῇ
333 806 362 832 δὲ
376 806 444 841 πρὸς
456 807 502 833 τὸν
514 807 579 834 Θεὸν
592 807 716 834 ἀναθέσει
729 807 808 834 τοῦτο
823 807 927 842 ἔχοντα,

141 851 241 886 τρόπον
255 852 314 878 τινὰ
329 853 413 888 ἀναζῇ
421 873 429 885 ,
443 853 488 880 καὶ
497 853 535 885 ὡς
547 853 626 885 αὐτός
638 862 703 889 φησι
715 874 722 886 ,
738 854 831 881 πάλιν
843 853 898 884 ζῶα
908 854 928 869 ³⁷

141 897 263 931 γίνεται.

981 302 1014 330 de
1028 303 1198 334 hominibus,
1221 308 1248 330 et
1260 306 1396 337 postrema
1432 310 1464 330 ac
1479 303 1616 330 communi
1641 312 1765 332 resurre-

981 350 1082 384 ctione,
1103 357 1184 384 quam
1200 349 1281 376 Pater
1295 350 1376 384 paulo
1397 354 1461 376 ante
1482 350 1582 378 clarius
1601 352 1692 384 ponit;
1714 352 1765 380 hoc

982 400 1072 423 autem
1095 396 1156 423 loco
1178 396 1341 423 sententiam
1365 396 1438 423 illam
1460 397 1587 429 adduxit.
1611 405 1764 426 sermonem

980 441 1084 469 faciens
1113 441 1147 469 de
1176 441 1305 470 omnibus
1336 449 1397 477 quae
1428 442 1519 477 aliquo
1548 443 1629 470 modo
1658 444 1763 476 vivunt,

981 488 1129 516 ostendens
1155 487 1213 516 haec
1236 495 1290 515 non
1310 488 1388 515 aliter
1412 495 1493 522 quam
1513 496 1548 516 ex
1561 488 1616 516 Deo
1629 489 1710 516 vitam
1736 489 1764 516 in

981 534 1048 569 ipsis
1076 533 1256 562 considerari.
1280 533 1366 561 Porro
1393 534 1493 568 auferri
1512 535 1604 569 posuit
1621 542 1671 570 pro
1685 542 1764 570 sepa-

980 579 1046 612 rari,
1060 579 1131 607 sicut
1147 587 1270 606 conversa
1285 586 1335 614 pro
1349 579 1559 614 participantia;
1576 580 1614 607 ait
1627 588 1691 608 vero
1706 581 1760 608 haec

980 626 1116 654 imbecilla
1132 626 1160 653 in
1181 626 1391 661 participatione
1414 626 1491 659 vitae;
1516 626 1579 661 quia
1602 634 1656 653 non
1671 627 1705 654 ab
1719 627 1763 654 in—

980 673 1110 705 trinseco,
1130 677 1157 700 et
1173 680 1187 699 a
1201 673 1299 708 seipsis
1313 673 1395 700 vitam
1413 673 1523 705 habent.
1546 673 1593 700 sed
1612 681 1627 700 a
1642 673 1697 701 Deo
1720 673 1764 700 in-

979 718 1104 751 ductam;
1121 721 1251 753 quantum
1265 718 1337 745 enim
1349 718 1383 745 ad
1402 718 1460 754 ipsa
1475 719 1580 752 attinet,
1594 727 1646 746 non
1661 719 1688 745 in
1703 719 1763 754 ipsa

979 763 1035 791 vita
1059 763 1290 795 considerantur,
1314 763 1362 790 sed
1387 763 1601 798 transpositione
1625 763 1652 790 in
1679 763 1762 791 Deum

980 809 1062 837 vitam
1073 812 1230 841 consecuta,
1242 809 1441 844 quodammodo
1451 809 1628 842 reviviscunt,
1641 813 1679 843 et,
1691 810 1762 838 sicut

980 855 1037 890 ipse
1053 855 1100 887 ait,
1117 855 1210 882 iterum
1225 855 1283 882 vive
1298 855 1375 889 ﬁunt.

178 943 191 978 ᾗ
210 943 242 969 Il.
267 943 326 977 Τὴν
344 944 385 978 ὡς
403 945 590 980 συμμίκτοις.
606 945 769 982 Θαυμασίοις
789 946 878 974 πάντα
895 946 927 973 τὰ

1016 945 1029 982 §
1051 945 1083 973 ll.
1107 946 1241 981 Tanquam
1258 946 1418 980 compositis.
1436 945 1588 973 Mirandum
1609 946 1636 973 in
1651 947 1760 974 modum

141 988 263 1024 δόγματα
280 989 348 1025 μετά
362 990 505 1026 ὀρθότητος
520 991 649 1018 διδάσκει.
668 991 720 1019 Τὸν
736 992 790 1028 γὰρ
805 993 868 1027 περὶ
880 992 929 1027 τῆς

141 1035 315 1066 ἀναστάσεως
326 1035 425 1071 τρόπον
434 1036 457 1052 ³³
471 1036 518 1063 νῦν
532 1037 707 1073 παραδιδοὺς,
722 1037 835 1073 θνητοὺς
843 1038 864 1053 ⁸⁹
880 1038 929 1073 μὲν

141 1080 215 1115 ἡμᾶς
226 1081 378 1115 ἀποφαίνει,
392 1081 440 1108 ἅτε
455 1082 484 1115 ἐξ
500 1083 632 1110 ἀθανάτου
646 1083 735 1119 ψυχῆς
748 1084 795 1110 καὶ
810 1083 927 1119 [θνητοῦ]

142 1126 267 1162 σώματος
290 1127 370 1159 ὄντας
394 1127 522 1164 θνητοὺς,
543 1129 592 1164 τὴν
607 1129 635 1156 δὲ
654 1129 725 1165 ζωὴν
749 1129 863 1164 οὒσιώδη
879 1130 929 1165 τῆς

139 1173 230 1209 ψυχῆς
250 1173 380 1201 ἐλάττονά
400 1183 466 1210 φησι
482 1175 537 1202 τῶν
558 1175 708 1210 ἀγγελικῶν
725 1176 840 1208 οὐσιῶν,
863 1177 927 1212 παρ’

140 1219 202 1245 ὅσον
218 1219 304 1255 αὐτὴν
321 1221 368 1247 καὶ
383 1221 559 1256 ἀγτελοειδῆ
577 1221 658 1256 ζωὴν,
671 1222 702 1248 οὐ
718 1222 770 1258 μὴν
783 1222 928 1258 ἀγγελικὴν

139 1264 282 1300 ὀνομάζει,
302 1266 351 1302 οὐχ
366 1266 404 1298 ὡς
425 1267 648 1303 αὐτοαγγελικὴν,
662 1267 729 1294 ἀλλά
746 1269 926 1304 παρεμφερῆ·

141 1311 188 1338 καὶ
197 1313 271 1347 ἡμᾶς
286 1314 334 1348 μὲν
347 1313 466 1349 μερικῶς
476 1322 511 1350 φη
516 1322 556 1341 σιν
567 1311 636 1341 εἶναι
645 1314 695 1346 τὰς
705 1314 815 1349 λογικὰς
823 1315 911 1350 ψυχάς
919 1324 925 1330 ·

139 1358 217 1390 ὅλους
234 1358 263 1385 δὲ
279 1360 352 1394 ἡμᾶς
373 1360 436 1392 τοὺς
455 1361 488 1387 ὲκ
503 1360 593 1396 ψυχῆς
615 1361 662 1387 καὶ
688 1360 813 1397 σώματος
832 1361 925 1393 ὄντας·

140 1404 387 1438 ἀπαθανατίζεσθαι
400 1406 429 1433 δέ
442 1415 509 1442 φησι
520 1407 554 1434 τὰ
568 1406 680 1442 σώματα
690 1407 769 1443 ἡμῶν
779 1408 808 1434 ὲν
817 1409 849 1443 τῇ
864 1407 928 1434 ἁνα-

141 1450 251 1482 στάσει,
270 1451 380 1485 φάσκων
394 1452 425 1478 τὸ
447 1452 510 1488 περὶ
523 1453 699 1485 ἀναστάσεως
713 1453 800 1489 δόγμα
816 1455 928 1481 ἀπιστον

139 1496 227 1522 δοκεῖν
243 1498 277 1532 τῇ
292 1497 467 1533 παλαιότητι,
483 1499 542 1525 ἀντὶ
557 1499 605 1526 τοῦ
622 1501 654 1535 τῇ
669 1500 774 1535 ἀνοήτῳ
792 1499 855 1536 δόξῃ
873 1500 927 1526 τῶν

146 1542 289 1578 Ἑλλήνων,
307 1543 349 1571 διὰ
365 1544 396 1570 τὸ
412 1544 486 1581 παρὰ
500 1545 580 1580 φύσιν
594 1543 662 1572 εἶναι
679 1546 728 1582 τῆς
742 1546 807 1581 ὕλης
818 1547 848 1573 τὸ
858 1547 928 1573 ἀπα-

141 1587 340 1621 θανατίςεσθαι.
353 1589 506 1626 Παλαιότης
519 1591 548 1618 δὲ
560 1591 667 1626 λέγεται
678 1594 694 1626 ὴ
712 1592 824 1628 ἀνοησία
836 1601 843 1608 θ
861 1594 885 1620 εἰ
899 1593 926 1620 δὲ

141 1635 188 1662 καὶ
212 1635 282 1671 ὑπὲρ
305 1635 385 1671 φύσιν
408 1637 438 1663 τὸ
457 1638 573 1673 πρᾶγμα
595 1638 646 1674 τῆς
665 1639 856 1672 ἀναστάσεως,
872 1639 927 1666 οἷον

139 1681 209 1715 πρὸς
224 1681 270 1708 τὸν
284 1682 403 1719 παρόντα
419 1683 474 1719 βίον
487 1684 532 1710 τὸν
543 1684 586 1710 διὰ
599 1685 702 1721 τροφῆς
719 1685 764 1712 καὶ
780 1686 928 1721 ἐκκρίσεως

140 1728 189 1755 καὶ
205 1728 290 1755 νόσων
310 1729 509 1766 διεξαγόμενον,
527 1730 595 1757 ἀλλά
609 1731 678 1767 πρὸς
697 1732 743 1758 τὸν
757 1732 833 1764 Θεὸν,
853 1733 928 1759 οὐδὲν

142 1775 219 1811 παρὰ
244 1775 323 1810 φύσιν
342 1776 402 1803 οὐδὲ
418 1777 488 1812 ὑπὲρ
502 1776 598 1812 φύσιν,
615 1777 706 1813 ἐπειδὴ
727 1778 808 1809 αὑτός
823 1779 895 1805 ἐστιν
914 1779 928 1805 ό

142 1821 232 1857 πάσης
245 1822 317 1858 ζωῆς
332 1822 416 1855 αἴτιος
426 1822 458 1849 ⁸⁸.

177 1868 252 1903 Φημὶ
268 1869 315 1895 καὶ
331 1869 367 1896 τὰ
386 1868 500 1904 συζυγῆ
523 1869 654 1904 σώματα.
672 1868 734 1897 Ὅτι
755 1871 802 1898 καὶ
820 1870 854 1898 τὰ
877 1871 928 1897 σὼ-

144 1922 216 1948 ματα
231 1914 308 1950 ἡμῶν
327 1914 474 1947 ἀθανασίας
496 1915 619 1951 μετέχειν
632 1916 646 1941 ὁ
657 1915 726 1948 θεῖος
742 1916 862 1950 βούλεται
883 1917 927 1943 λό-

142 1967 203 1993 γος,
218 1959 288 1986 κατὰ
301 1960 346 1986 τὸν
363 1961 530 1988 ’Δπόστολοψ
546 1961 597 1988 Δεῖ
610 1961 666 1996 γὰρ
677 1962 710 1989 τὸ
721 1964 830 1997 θνητὸν
841 1964 927 1991 τοῦτο

146 2005 332 2033 ἐνδύσασθαι
346 2007 523 2034 ἀθανασίαν.

185 2051 267 2086 ’Υπὲρ
279 2053 384 2086 φύσιν.
406 2053 492 2080 Τοῦτό
505 2062 571 2089 φησι
587 2053 630 2081 διὰ
644 2054 674 2081 τὸ
688 2056 761 2090 μόνῳ
782 2055 844 2089 Θεῷ
859 2055 928 2082 κατὰ

142 2097 222 2132 φύσιν
238 2095 306 2125 εἶναι
318 2099 348 2124 τὸ
363 2098 459 2130 ζωοῦν.
828 2101 830 2103 ’

177 2143 309 2177 Σίμωνος
323 2145 523 2179 ἀντιρῤητικοί
536 2147 630 2180 λόγοι.
651 2145 774 2181 Σίμωνός
786 2155 866 2182 φησιν
883 2147 929 2174 ἀν-

141 2190 317 2225 τιρρητικοὺς
334 2188 403 2217 εἶναι
427 2191 521 2225 λόγους
540 2191 612 2218 κατὰ
631 2192 678 2218 τοῦ
700 2192 830 2228 δόγματος
851 2193 928 2229 ἡμῶν

140 2235 188 2262 τοῦ
200 2235 338 2270 λέγοντος,
354 2237 385 2263 τὸ
402 2237 482 2272 σῶμα
496 2237 574 2273 ἡμῶν
590 2237 749 2264 ἀνίστασθαι
765 2239 811 2264 καὶ
827 2239 927 2265 ἀθανα-

979 992 1070 1019 omnia
1092 993 1201 1020 decreta
1228 997 1301 1020 recte
1322 993 1418 1025 docet;
1441 1000 1515 1019 nunc
1540 993 1612 1020 enim
1627 993 1760 1020 rationem

979 1039 1187 1066 resurrectionis
1216 1038 1346 1069 tradens.
1384 1046 1435 1066 nos
1459 1039 1590 1066 mortales
1620 1039 1759 1069 ostendit.

980 1085 1058 1120 183
1091 1090 1219 1120 tanquam
1245 1092 1278 1112 ex
1307 1084 1454 1112 immortali
1478 1085 1567 1112 anima
1591 1088 1617 1112 et
1645 1092 1761 1119 corpore

979 1129 1109 1157 mortales
1141 1129 1319 1162 exsistentes;
1352 1137 1415 1156 nam
1448 1129 1623 1156 essentialem
1662 1129 1762 1157 animae

978 1175 1061 1202 vitam
1085 1174 1153 1202 dicit
1181 1182 1242 1202 esse
1274 1175 1431 1202 inferiorem
1462 1175 1591 1203 essentiis
1618 1175 1759 1210 angelicis.

977 1225 1113 1256 quatenus
1138 1221 1225 1256 ipsam
1242 1220 1409 1255 ἀγγελοειδῆ,
1435 1228 1487 1248 non
1504 1225 1595 1248 autem
1610 1221 1759 1256 angelicam

978 1267 1112 1303 appellat,
1134 1272 1164 1294 ut
1179 1275 1234 1294 non
1255 1275 1320 1294 vero
1336 1267 1497 1302 angelicam,
1518 1267 1565 1295 sed
1581 1267 1711 1300 similent;
1734 1272 1761 1294 et

978 1321 1028 1341 nos
1042 1313 1152 1349 quidem
1167 1314 1265 1348 partim
1288 1313 1434 1341 rationales
1456 1320 1518 1341 esse
1542 1313 1647 1340 animas
1675 1313 1758 1340 dicit:

978 1362 1051 1387 totos
1064 1362 1153 1386 autem
1169 1366 1202 1386 ex
1217 1358 1308 1385 anima
1321 1363 1347 1386 et
1361 1366 1476 1392 corpore
1490 1362 1626 1385 constare.
1639 1357 1683 1384 Ait
1697 1365 1761 1385 vero

979 1413 1094 1441 corpora
1116 1409 1211 1433 nostra
1232 1405 1304 1433 effici
1325 1405 1353 1432 in
1368 1405 1570 1432 resurrectione
1583 1405 1756 1437 immortalia,

978 1443 1105 1479 asserens
1124 1452 1223 1487 dogma
1246 1451 1280 1478 de
1303 1451 1506 1479 resurrectione
1532 1450 1692 1478 incredibile
1719 1450 1761 1476 vi-

977 1498 1037 1526 deri
1047 1498 1212 1533 antiquitati,
1226 1505 1276 1532 pro
1296 1497 1437 1532 insipienti
1450 1497 1606 1526 Graecorum
1619 1497 1758 1531 opinione.

977 1544 1042 1579 quia
1063 1548 1105 1571 est
1131 1548 1227 1571 contra
1256 1544 1378 1570 materiae
1399 1546 1525 1570 naturam
1553 1542 1758 1569 immortalitate

978 1591 1044 1618 frui.
1071 1590 1228 1625 Antiquitas
1241 1597 1305 1617 vero
1319 1589 1419 1617 dicitur
1444 1588 1614 1623 insipientia;
1637 1588 1690 1616 etsi
1708 1596 1758 1615 au-

978 1640 1031 1664 tem
1049 1635 1187 1671 negotium
1208 1635 1418 1662 resurrectionis
1435 1638 1561 1661 naturam
1578 1637 1698 1668 superet.
1716 1634 1759 1661 ni-

977 1683 1076 1710 mirum
1096 1683 1123 1709 in
1141 1681 1267 1717 praesenti
1283 1681 1354 1714 vita,
1375 1688 1435 1715 quae
1450 1688 1497 1716 per
1511 1680 1710 1713 educationem,
1729 1687 1761 1707 ac

977 1729 1161 1757 excretionem
1181 1732 1263 1763 atque
1281 1727 1392 1755 morbos
1414 1727 1576 1758 traducitur,
1603 1727 1649 1754 sed
1667 1727 1695 1754 in
1706 1727 1761 1754 Deo

977 1775 1045 1803 nihil
1065 1778 1161 1802 contra
1183 1778 1319 1805 naturam,
1335 1781 1424 1807 neque
1442 1780 1524 1807 supra
1542 1776 1678 1805 naturam,
1696 1780 1762 1807 quo-

978 1821 1052 1849 niam
1068 1821 1125 1857 ipse
1139 1824 1181 1848 est
1195 1820 1285 1847 omnis
1298 1820 1360 1847 vitm
1371 1824 1478 1847 auctor.

1012 1867 1078 1894 Dico
1100 1871 1125 1894 et
1149 1866 1289 1898 coniuncta
1310 1873 1431 1899 corpora.
1457 1865 1582 1892 Divinum
1607 1873 1761 1893 sermonem

979 1913 1056 1944 velle,
1072 1916 1166 1940 nostra
1180 1919 1288 1947 quoque
1301 1919 1417 1946 corpora
1431 1910 1664 1938 immortalitatem
1677 1910 1761 1945 parti-

977 1959 1080 1994 cipare,
1093 1958 1172 1993 juxta
1185 1957 1344 1993 Apostolum
1359 1967 1364 1984 :
1382 1956 1489 1992 Oportet
1503 1957 1572 1983 enim
1587 1955 1699 1983 mortale
1713 1955 1761 1983 hoc

978 2005 1084 2032 induere
1097 2005 1321 2031 immortalitatem
1334 2009 1356 2031 τ.

1013 2051 1101 2086 Supra
1116 2055 1250 2077 naturam.
1272 2049 1328 2077 Hoc
1345 2049 1421 2080 dicit,
1436 2050 1498 2084 quia
1515 2047 1566 2076 soli
1579 2047 1634 2075 Deo
1647 2051 1760 2075 natura-

978 2099 1012 2127 lis
1025 2098 1144 2126 estvita.

1014 2144 1129 2172 Simonis
1148 2142 1349 2171 contradictorii
1369 2149 1510 2168 sermones.
1532 2139 1603 2167 Dicit
1617 2140 1702 2166 libros
1718 2139 1761 2165 Si-

979 2191 1067 2218 monis
1087 2189 1274 2217 contradicere
1297 2187 1438 2215 sententiae
1461 2189 1571 2218 nostrae,
1588 2193 1648 2220 qua:
1663 2184 1761 2212 asserit

979 2244 1078 2271 corpus
1095 2239 1219 2262 nostrum
1244 2240 1388 2267 resurgere
1401 2236 1429 2259 et
1443 2231 1596 2258 immortale
1613 2237 1684 2262 esse,
1700 2233 1762 2256 tan-

140 2280 277 2314 τίζεσθαι,
295 2282 333 2314 ὥς
352 2283 427 2318 παρὰ
449 2283 528 2318 φύσιν
547 2284 622 2315 ὗντος
637 2283 685 2310 τοῦ
702 2284 872 2320 πράγματος.
895 2286 926 2312 Oi

980 2290 1061 2318 quam
1076 2290 1120 2309 res
1133 2285 1207 2309 esset
1225 2284 1320 2308 contra
1340 2282 1476 2306 naturam.
1494 2276 1693 2305 Contradicunt
1710 2283 1761 2302 au-

140 2327 170 2353 δὲ
191 2328 330 2363 εἰρηκότες
353 2328 423 2355 κατὰ
441 2329 561 2364 Σίμωνος
580 2330 626 2356 καὶ
643 2329 707 2365 περὶ
725 2329 828 2356 τούτων
849 2330 928 2357 αὐτὸν

140 2373 296 2408 ἐλέγχουσιν
312 2375 454 2410 Εἰρηναῖος
474 2375 520 2402 καὶ
543 2375 682 2411 Ὧριγένης
702 2376 749 2402 καὶ
775 2375 929 2407 Ἱππόλυτος

140 2419 189 2446 καὶ¹
209 2419 373 2454 Ἑπιφάνιος.
398 2421 426 2447 '0
445 2420 473 2447 δὲ
495 2421 580 2456 μέγας
595 2421 731 2453 Διονύσιος
747 2421 827 2452 θείως
839 2421 928 2448 ἐκλύει

139 2466 173 2493 τὸ
193 2465 335 2501 λεγόμενον
356 2466 431 2502 παρὰ
453 2467 587 2503 Σίμωνος,
608 2467 684 2503 παρὰ
698 2467 778 2502 φύσιν
794 2466 926 2503 εἶναιτὴν

139 2512 289 2539 ἀνάστασιν
302 2511 356 2539 τῶν
371 2513 519 2548 σωμάτων*
537 2513 577 2548 τῷ
591 2513 644 2549 γὰρ
661 2513 720 2549 Θεῷ
732 2513 838 2545 οὐδενὸς
851 2513 926 2545 ΰντος

139 2557 262 2584 ἐναντίου
272 2577 280 2589 ,
295 2557 354 2589 πῶς
369 2557 444 2585 ἔσται
464 2568 489 2585 τι
505 2559 581 2595 παρὰ
596 2559 693 2594 φύσιν;
716 2559 752 2586 Τὸ
772 2559 800 2586 δὲ
821 2559 924 2586 οἴεσθαί

139 2612 201 2630 τινα
217 2604 248 2630 ἐκ
262 2603 384 2639 φανερῶν
395 2606 442 2631 καὶ
457 2605 592 2641 αἰσθητῶν
606 2605 707 2632 τούτων
717 2605 766 2637 τὰς
778 2605 928 2638 ἀποδείξεις

140 2649 300 2685 πορίζεσθαι
320 2650 390 2677 κατὰ
406 2651 455 2686 τῆς
477 2652 670 2687 ἀκαταλήπτου
690 2652 737 2678 καὶ
761 2653 842 2678 πᾶσιν
858 2652 928 2685 ἀφα-

141 2695 205 2728 νοῦς
227 2696 314 2728 αίτίας
330 2696 384 2723 τῶν
399 2698 525 2733 πάντων,
540 2699 663 2725 τουτέστι
685 2698 755 2725 κατά
775 2697 822 2724 τοῦ
843 2696 926 2731 Θεοῦ,

197 2780 209 2795 ι
226 2775 235 2802 l
251 2776 315 2805 (ιον.
333 2784 378 2809 ιν,
397 2776 441 2805 55.

978 2334 1031 2356 tem
1048 2327 1163 2360 Simoni,
1180 2330 1208 2354 et
1219 2327 1306 2361 ipsum
1327 2325 1354 2352 in
1368 2325 1411 2352 his
1427 2323 1629 2358 reprehendunt
1643 2322 1761 2350 tremens

977 2379 1005 2403 et
1018 2374 1149 2409 Origenes
1166 2377 1194 2400 et
1209 2371 1371 2406 Hippolytus
1398 2373 1425 2398 et
1443 2369 1622 2405 Epiphanius.
1647 2367 1761 2403 Magnus

976 2428 1041 2448 vero
1054 2419 1198 2455 Dionysius
1211 2417 1331 2445 Simonis
1345 2416 1519 2447 sententiam,
1531 2414 1761 2442 resurrectionem

978 2473 1124 2502 corporum
1141 2472 1201 2492 esse
1215 2467 1312 2491 contra
1325 2467 1460 2495 naturam,
1475 2461 1565 2489 divine
1581 2460 1677 2493 solvit;
1699 2467 1762 2486 cum

978 2512 1053 2541 enim
1075 2511 1144 2538 nihil
1169 2511 1205 2538 sit
1220 2509 1276 2537 Deo
1298 2509 1482 2540 contrarium,
1508 2506 1644 2542 quomodo
1659 2505 1761 2540 aliquid

979 2559 1031 2587 erit
1055 2561 1150 2585 contra
1173 2555 1321 2583 naturam?
1345 2554 1489 2589 quemdam
1515 2556 1605 2579 autem
1631 2549 1761 2578 arbitrari

977 2611 1059 2640 posse
1081 2611 1115 2630 ex
1139 2602 1180 2629 his
1199 2600 1355 2636 conspicuis
1375 2603 1402 2627 et
1422 2598 1568 2626 sensilibus
1592 2596 1762 2624 demonstra-

979 2650 1068 2677 tiones
1093 2648 1214 2683 pratbere
1235 2652 1332 2675 contra
1354 2643 1655 2680 incomprehensibllem
1680 2645 1763 2674 atque

978 2695 1104 2723 omnibus
1111 2694 1254 2721 obscuram
1265 2693 1452 2720 universorum
1459 2696 1581 2722 causam,
1589 2688 1640 2715 hoc
1647 2691 1689 2714 est
1695 2693 1756 2713 con-

587 2843 704 2871 VARIIE
723 2841 915 2870 LECTIONES
933 2839 977 2868 ΕΤ
993 2838 1266 2867 CORRECTIONES.

173 2911 196 2928 "
206 2911 320 2943 τούτοις.
370 2911 390 2927 ³⁷
405 2911 554 2944 παλῐνζωα.
590 2912 612 2928 ³⁵
627 2911 714 2946 λόγον.

763 2912 785 2928 ³³
800 2910 920 2945 μικτούς.
955 2910 977 2926 ‘°
990 2911 1036 2937 καὶ
1053 2909 1082 2943 EF,
1097 2909 1178 2936 αὐτοῦ
1194 2910 1250 2936 ἐστι
1265 2910 1337 2937 πᾶσα
1352 2910 1418 2944 ζωή.
