1926 3062
199 187 252 216 559

573 189 743 218 ΛΡΡΕΝΒΙΧ
755 190 800 218 AD
817 189 929 218 OPERA
945 190 974 218 S.
993 190 1142 219 DIONYSﬂ
1159 191 1400 220 AREOPAGITIE.

1760 190 1812 217 350

199 250 241 273 tra
256 246 340 273 Deum
359 266 366 279 ,
392 247 444 275 hoc
470 256 533 276 vere
557 253 651 276 contra
682 252 807 276 naturam
827 253 870 276 est
887 258 894 277 :
913 257 974 285 quo-

1031 249 1109 277 τοῦτό
1124 251 1182 277 ἐστι
1197 250 1304 286 ἀληθῶς
1317 252 1394 286 παρὰ
1408 251 1488 285 φύσιν
1500 259 1507 266 ·
1524 250 1559 277 τὰ
1574 249 1627 286 γὰρ
1638 249 1753 283 δοξαστὰ
1768 238 1822 276 καὶ.

199 293 279 319 modo
289 293 363 320 enim
378 293 405 320 id
416 295 489 329 quod
502 303 608 323 omnem
623 303 733 323 sensum
747 299 774 323 et
788 296 980 331 cogitationem

199 343 452 374 superat.evertent
466 349 496 369 ea
513 350 573 377 qua}
585 350 668 370 sensu
676 346 703 369 et
712 342 876 377 cogitatione
892 342 980 378 perci-

197 385 311 419 piuntur
323 385 335 412 τ

234 431 373 460 Evidentia
384 442 485 461 sensus.
505 433 562 460 Non
578 439 694 469 oportet,
708 434 807 470 inquit,
824 434 859 461 ob
874 442 905 462 ea
920 442 981 469 quae

198 478 325 505 sensibus
340 480 442 515 percipi
455 485 569 515 queunt,
583 480 661 507 fidem
675 480 721 507 Dei
733 481 824 508 verbis
835 481 978 515 denegare,

198 523 245 557 qui
259 527 301 552 est
316 525 436 552 omnium
457 526 574 553 obscura
589 533 681 553 causa.
700 525 814 561 Proprie
825 526 898 554 enim
913 525 979 553 illud

199 574 295 597 contra
310 574 437 598 naturam
450 571 540 599 dicere
555 573 629 604 licet,
642 577 753 607 propter
766 573 908 600 sensilium
922 580 980 608 per-

198 615 370 650 spicuitatem
391 617 425 643 de
449 622 521 644 statu
544 625 593 645 suo
609 618 746 653 deponere
765 626 812 646 seu
833 625 932 653 negare
947 625 979 644 ea

197 671 257 698 qua:
268 668 396 697 superant
412 671 521 691 sensum
527 685 534 691 .

233 708 246 744 ς
267 708 310 736 lli.
334 709 392 736 Sive
405 711 574 742 rationalem,
588 712 641 738 sive
655 712 816 743 sensitivam,
831 711 911 747 184,
927 712 980 738 sive

196 757 360 784 nutritiuam.
377 756 444 784 Nota
461 758 597 792 quomodo
610 759 706 786 dividit
722 764 905 794 comparatam
918 766 979 794 par-

196 803 352 838 ticipatione
371 804 466 837 vitam;
491 805 557 832 dicit
575 805 648 832 enim
667 806 728 832 vita:
752 806 926 841 principium,
940 806 980 833 vi-

195 849 293 877 delicet
314 855 436 878 nostram
460 851 590 884 animam,
607 852 705 880 deinde
726 852 904 886 sensitivam;
922 853 980 881 hzec

194 897 266 924 enim
282 897 416 933 principia
429 899 490 925 vitae
506 899 540 926 iis
555 907 614 934 quae
631 900 664 926 ab
681 899 747 934 ipsis
767 904 900 935 reguntur
915 908 978 927 cor-

1030 297 1112 332 νοητά
1128 297 1186 329 πῶς
1204 297 1349 333 ἀνατρέψει
1370 297 1401 323 τὸ
1423 297 1494 333 ὑπὲρ
1509 297 1599 324 πᾶσαν
1620 296 1745 331 αἴσθησιν
1767 296 1813 322 καὶ

1030 343 1121 378 νόησιν
1130 352 1137 376 ;

1069 434 1111 467 Τῷ
1125 434 1271 469 προφανεῖ
1283 434 1339 468 τῆς
1354 434 1532 468 αἰσθήσεως.
1547 435 1585 462 Οὐ
1597 435 1650 470 χρὴ
1659 434 1737 470 ,φησὶ
1747 455 1753 467 ,
1769 432 1813 460 διὰ

1029 480 1062 506 τὰ
1072 481 1104 516 τῇ
1117 481 1239 516 αἰσθήσει
1249 480 1340 516 ληπτὰ
1353 482 1477 508 ἀπιστεῖν
1493 482 1549 512 τοῖς
1560 481 1624 516 περὶ
1635 480 1701 507 Θεοῦ
1713 480 1811 514 λόγοις,

1029 526 1058 558 ὅς
1074 527 1148 553 ἐστιν
1161 528 1177 562 ὴ
1190 526 1298 554 πάντων
1312 527 1417 563 ἀφανὴς
1432 527 1515 554 αἰτία.
1533 527 1643 562 Κυρίως
1661 526 1715 562 γὰρ
1735 526 1813 552 τοῦτό

1030 573 1089 599 ἐστι
1110 572 1185 609 παρά
1207 573 1286 608 φύσιν
1302 574 1399 605 εἰπεῖν,
1417 574 1448 600 τὸ
1463 574 1570 600 ἀθετεῖν
1582 573 1616 601 τὰ
1633 573 1704 609 ὑπὲρ
1720 573 1814 608 αἰσθη-

1031 627 1082 651 σιν,
1098 618 1142 646 διὰ
1154 620 1185 645 τὸ
1200 619 1254 647 τῶν
1269 619 1404 654 αἰσθητῶν
1421 619 1567 655 προφανές.

1064 711 1078 746 §
1095 712 1140 738 Ill.
1161 710 1230 737 Εἴτε
1241 711 1378 746 λογικὴν,
1393 711 1453 739 εἴτε
1471 710 1659 745 αἰσθητικὴν,
1673 710 1734 738 εἶτε
1748 712 1812 744 θρε-

1030 756 1146 790 πτικὴν.
1163 756 1326 792 Σημεὶωσαι,
1343 757 1401 789 πῶς
1415 757 1514 793 διαιρεῖ
1530 757 1565 784 τά
1581 757 1644 792 περὶ
1662 755 1735 791 ζωῆς
1749 755 1813 791 μεθ-

1030 803 1127 838 εκτῆς”
1148 803 1221 838 ζωῆς
1241 803 1295 838 γὰρ
1316 803 1403 839 ἀρχήν
1423 812 1514 838 φησιν,
1529 800 1583 829 οἷον
1605 803 1656 838 τὴν
1675 801 1814 837 ἡμετέραν

1029 849 1127 885 ψυχὴν,
1141 849 1188 876 καὶ
1201 852 1251 885 τὴν
1265 849 1425 885 αἰσθητικὴν
1441 850 1485 876 δέ·
1501 847 1646 884 αὗταιγὰρ
1663 848 1745 884 ἀρχαί
1760 849 1813 875 εἱσι

1030 894 1103 930 ζωῆς
1113 896 1167 927 τοῖς
1184 895 1216 922 δι’
1233 895 1323 922 αὐτῶν
1340 896 1500 931 ἀρχομένοις
1520 896 1561 927 εἰς
1588 895 1660 930 ζωὴν
1682 893 1815 922 κινεῖσθαι

195 944 317 978 poribus.
330 948 359 971 ut
373 945 398 972 in
411 946 465 972 vita
477 951 649 978 moveantur,
665 947 727 974 vitae
740 951 829 974 autem
841 947 974 979 essentiae,

1031 941 1153 976 σώμασι·
1171 941 1243 977 ζωῆς
1256 942 1286 969 δὲ
1302 942 1390 969 οὐσίαι
1407 943 1436 968 αἱ
1458 943 1551 978 νοηταὶ
1567 942 1694 976 δυνάμεις
1720 941 1768 968 καὶ
1786 941 1815 967 αἱ

194 989 379 1025 intelligibiles
404 990 558 1024 facultates,
580 996 607 1019 et
621 995 723 1019 nostra:
746 992 861 1025 animae;
879 992 980 1020 habent

194 1036 265 1062 enim
288 1037 435 1064 essentiam
459 1045 519 1072 qia:
537 1041 579 1065 est
595 1038 660 1068 vita,
677 1029 757 1065 veluti
781 1038 897 1073 aliquam
920 1038 980 1066 vitae

193 1083 334 1110 materiam
350 1086 377 1110 et
391 1083 553 1118 subjectum,
572 1092 603 1111 ac
618 1084 703 1118 ipsam
727 1084 840 1112 formam
855 1092 915 1120 qua:
929 1085 978 1111 ad-

192 1129 267 1155 venit
288 1138 294 1156 :
316 1136 410 1163 quare,
431 1134 459 1156 ut
481 1129 550 1161 dixi,
573 1130 670 1157 animae
690 1129 829 1157 viviﬁcant
851 1138 977 1165 corpora.

192 1175 266 1204 Deus
289 1176 371 1211 igitur
389 1181 419 1203 ut
435 1181 539 1208 auctor,
558 1180 585 1204 et
601 1176 661 1204 vitae
682 1181 783 1205 nostra:
797 1178 980 1213 complemen-

191 1224 260 1254 tum,
278 1225 308 1249 ut
322 1222 466 1249 continens
487 1225 514 1249 et
531 1222 665 1255 dividens,
682 1227 711 1249 ut
726 1222 892 1251 differentias
915 1223 977 1250 uni-

191 1276 278 1296 versae
292 1269 353 1296 vitm
367 1268 527 1303 disponens,
548 1268 757 1304 intelligibilium
767 1289 774 1300 ,
791 1269 977 1301 rationalium,

192 1314 345 1346 sensilium,
368 1322 400 1342 ac
422 1323 517 1342 eorum
541 1322 602 1349 quae
628 1319 771 1350 augentur.
795 1316 915 1342 omnium
938 1319 979 1343 est

192 1360 377 1394 principium;
406 1365 487 1395 atque
520 1360 650 1395 quoniam
687 1368 770 1395 supra
798 1360 866 1387 dixit
895 1361 978 1388 solem

191 1404 272 1431 etiam
288 1403 353 1432 dare
366 1405 460 1436 vitam,
478 1409 504 1431 et
518 1406 608 1432 omnia
628 1405 743 1436 nutrire.
760 1413 814 1432 non
830 1406 966 1440 intelligas

191 1456 252 1476 eum
269 1457 283 1476 a
299 1449 388 1484 seipso
405 1449 476 1477 istud
492 1450 607 1481 habere.
626 1451 673 1478 sed
689 1451 723 1478 ab
736 1451 855 1478 omnium
867 1451 971 1486 princi-

191 1495 237 1530 pio
251 1500 277 1523 et
289 1503 382 1523 causa.

477 1542 511 1570 IN
530 1542 606 1570 CAP.
629 1543 684 1570 VII.

227 1587 240 1623 ᾗ
261 1587 281 1616 Ι.
303 1587 389 1622 Supra
409 1597 510 1616 omnem
525 1590 693 1623 sapientiam.
711 1590 781 1618 Sunt
801 1591 911 1625 quidam
936 1591 977 1618 in-

190 1633 415 1668 tempestivorum
432 1634 655 1669 philosophorum
670 1636 716 1670 qui
731 1635 836 1667 dicunt,
851 1637 874 1664 si
889 1636 977 1664 velitis

190 1681 282 1708 dicere
297 1680 379 1708 Deum
397 1688 529 1717 superare
547 1689 655 1709 omnem
671 1682 832 1717 sapientiam
855 1688 881 1710 et
897 1684 976 1711 intel—

191 1727 342 1762 ligentiam,
364 1725 453 1755 facilis
472 1728 561 1763 ipsum
589 1728 762 1764 insipientem
780 1733 807 1757 et
823 1730 976 1758 intellectus

190 1777 339 1808 expertem.
355 1773 395 1800 Ad
412 1781 482 1808 quos
497 1773 642 1802 dicendum
658 1783 664 1800 :
679 1774 749 1803 Deus
764 1779 860 1804 noster
875 1781 916 1804 est
930 1784 975 1804 suv

190 1826 238 1852 pra
255 1819 345 1846 omnia
356 1826 416 1853 qua}
428 1819 615 1854 intelliguntur
628 1824 654 1847 et
667 1824 745 1854 sunt;
764 1821 821 1848 sive
836 1822 916 1856 igitur
932 1831 975 1850 sa-

191 1865 304 1900 pientia,
319 1866 375 1892 sive
391 1865 580 1899 intelligentia,
597 1867 653 1894 sive
664 1867 730 1899 vita,
745 1869 802 1894 sive
822 1868 975 1897 subsisten-

190 1910 238 1942 tia,
255 1909 312 1937 sive
326 1910 497 1942 exsistcntia,
512 1911 569 1938 sive
582 1911 700 1939 essentia
715 1919 729 1938 a
741 1913 819 1940 trabis
841 1913 976 1948 intelliga-

190 1960 247 1985 tur.
268 1959 310 1983 est
327 1963 409 1990 supra
425 1955 482 1983 hmc
498 1956 606 1988 omnia;
625 1964 678 1984 non
699 1958 771 1992 quod
790 1959 856 1986 nihil
879 1967 974 1987 eorum

190 2000 334 2035 participet
352 2000 414 2036 (hoc
427 2001 499 2028 enim
514 2001 674 2034 absurdum;
687 2003 824 2037 quomodo
843 2005 915 2032 enim
928 2006 973 2040 qui

190 2050 232 2073 est
250 2054 340 2074 rerum
357 2051 462 2080 auctor,
489 2055 600 2074 suorum
625 2056 678 2075 non
702 2053 773 2076 esset
796 2051 931 2086 particeps
940 2052 972 2087 ?),

190 2092 237 2120 sed
253 2093 325 2128 quod
343 2093 434 2120 omnia
452 2102 486 2121 ex
501 2101 533 2121 eo
546 2093 687 2129 prodeant,
703 2098 730 2122 et
749 2096 809 2130 ejus
830 2097 972 2132 integrita-

190 2144 243 2167 tem
266 2140 444 2175 participent;
467 2148 546 2169 omne
561 2142 634 2169 enim
655 2143 727 2178 quod
744 2143 972 2176 communicatur,

190 2186 329 2220 antiquius
348 2191 390 2213 est
414 2186 449 2213 iis
471 2194 531 2222 qua:
547 2194 580 2214 ex
597 2195 644 2220 eo;
672 2195 757 2223 quare
780 2192 807 2216 et
821 2189 866 2224 qui
881 2194 930 2220 est,
947 2195 974 2217 et

190 2232 334 2263 (clamitas,
360 2236 386 2259 ct
408 2237 507 2266 tempus
532 2234 641 2268 proprie
664 2235 821 2261 nominatur
836 2238 865 2262 ut
888 2235 911 2262 is
927 2236 972 2270 qui

1030 988 1159 1024 ἡμέτεραι
1172 988 1254 1024 ψυχαί
1265 997 1271 1003 ·
1288 989 1337 1025 τὴν
1349 989 1403 1025 γὰρ
1412 988 1505 1015 οὐσίαν
1517 989 1588 1024 ζωὴν
1600 986 1683 1015 οὖσαν
1696 988 1814 1024 ἔχουσιν,

1029 1033 1084 1061 οἷον
1098 1035 1164 1071 ὓλην
1175 1035 1234 1062 τινὰ
1245 1036 1292 1063 καὶ
1307 1036 1494 1071 ὑποκείμενον,
1504 1036 1551 1062 καὶ
1566 1035 1710 1066 αὐτοεῖδος,
1727 1035 1741 1061 ὂ
1754 1035 1814 1062 ἐστι

1030 1081 1101 1116 ζωῆς
1123 1081 1311 1117 ὑπάρχουσαν
1334 1082 1374 1109 διὸ
1393 1082 1442 1108 καὶ
1458 1081 1557 1114 ζωοῦσι
1577 1081 1611 1108 τὰ
1627 1081 1754 1117 σώματα,
1776 1081 1815 1112 ὡς

1029 1126 1106 1163 ἔφην,
1119 1128 1147 1154 αἱ
1159 1127 1252 1162 ψυχαί,
1273 1128 1302 1154 Ὁ
1319 1126 1365 1155 οὖν
1378 1127 1458 1160 Θεὸς,
1476 1128 1514 1159 ὡς
1529 1128 1613 1159 αἴτιος
1628 1127 1675 1154 καὶ
1690 1126 1815 1162 συμπλη-

1030 1174 1144 1210 ρωτικὺς
1153 1174 1204 1209 τῆς
1217 1174 1288 1210 ζωῆς
1298 1174 1385 1210 ἡμῶν,
1397 1175 1435 1206 ὡς
1447 1174 1573 1209 συνοχεὺς
1584 1174 1631 1200 καὶ
1641 1173 1814 1209 διαιρετικὸς,

1029 1220 1067 1252 ὡς
1081 1219 1130 1252 τὰς
1142 1220 1274 1256 διαφορὰς
1293 1220 1384 1256 πάσης
1399 1219 1471 1256 ζωῆς
1483 1219 1611 1252 διατάξας
1620 1239 1627 1252 ,
1643 1220 1756 1255 νοητῶν,
1770 1219 1814 1246 λο-

1029 1266 1123 1300 γικῶν,
1139 1266 1319 1302 αἰσθητικῶν,
1336 1266 1488 1302 αὐξητικῶν
1504 1267 1574 1302 ἀρχὴ
1589 1266 1698 1293 πάντων
1719 1265 1792 1292 ἐστίν
1805 1274 1812 1280 ·

1029 1312 1099 1339 ὥστε
1113 1313 1204 1349 ἐπειδὴ
1224 1313 1280 1340 ἀνω
1300 1312 1360 1340 εῐτςε
1376 1314 1423 1340 καὶ
1440 1314 1485 1339 τὸν
1504 1313 1580 1348 ἥλιον
1603 1313 1675 1348 ζωὴν
1695 1312 1792 1339 διδόναι
1804 1333 1812 1345 ,

1030 1359 1076 1385 καὶ
1089 1359 1198 1395 τρέφειν
1212 1359 1300 1386 πάντα
1310 1379 1317 1391 ,
1337 1359 1373 1396 μὴ
1387 1360 1485 1395 νοήσῃς
1494 1379 1502 1391 ,
1517 1359 1558 1385 ὄτι
1569 1359 1615 1394 ἀφ’
1627 1358 1724 1385 ἑαυτοῦ
1734 1357 1814 1385 τοῦτο

1029 1404 1084 1439 ἔχει
1095 1425 1101 1437 ,
1116 1405 1172 1431 ἀλλ’
1187 1406 1218 1432 ὲκ
1232 1406 1281 1441 τῆς
1294 1406 1402 1432 πάντων
1417 1406 1503 1441 ἀρχῆς
1520 1405 1567 1433 καὶ
1581 1405 1678 1437 αἰτίας.

1263 1539 1318 1565 ΕΙΣ
1336 1540 1379 1566 ΤΟ
1396 1540 1521 1566 ΚΕΦΑΛ.
1543 1540 1579 1566 Z'.

1066 1585 1080 1621 ᾗ
1099 1586 1118 1612 1.
1145 1585 1227 1619 ’Υπὲρ
1245 1585 1347 1613 πᾶσαν
1360 1586 1480 1620 σοφίαν.
1495 1585 1553 1612 Εἰσί
1567 1592 1639 1615 τινες
1658 1582 1713 1609 τῶν
1732 1582 1812 1609 ἀκαί-

1030 1640 1083 1667 ρων
1096 1631 1245 1666 φιλοσόφων
1263 1631 1386 1665 λέγοντες
1395 1653 1402 1664 ,
1417 1631 1457 1658 ὄτι
1471 1631 1518 1658 ἐὰν
1538 1629 1669 1666 βούλησθε
1681 1628 1726 1656 τδν
1745 1629 1813 1656 Θεὸν

1027 1678 1114 1712 λέγειν
1131 1676 1202 1712 ὑπὲρ
1213 1677 1302 1704 πᾶσαν
1316 1677 1410 1712 σοφίαν
1426 1678 1472 1704 καὶ
1485 1676 1602 1708 σύνεσιν,
1616 1677 1716 1702 ποιεῖτε
1731 1675 1813 1702 αὐτὸν

1027 1724 1126 1758 ἄσοφον
1152 1723 1200 1750 καὶ
1222 1723 1360 1750 ἀσύνετον.
1385 1723 1457 1759 Πρὸς
1477 1723 1523 1755 οὓς
1545 1723 1653 1750 λεκτέον
1666 1731 1672 1737 ·
1696 1722 1725 1749 ὀ
1745 1721 1812 1753 Θεὸς

1026 1769 1104 1805 ἡμῶν
1121 1770 1191 1805 ὑπὲρ
1208 1769 1296 1796 πάντα
1314 1769 1349 1796 τὰ
1364 1769 1494 1805 νοούμενα
1511 1770 1557 1796 καὶ
1570 1769 1635 1796 ὄντα
1650 1767 1732 1795 ἐστίν.
1749 1767 1812 1794 Εῐτε

1026 1814 1072 1843 οὖν
1085 1816 1164 1850 σοφία
1175 1835 1182 1848 ,
1199 1816 1253 1843 εἴτε
1270 1816 1375 1848 σύνεσις
1387 1836 1394 1848 ,
1415 1816 1470 1842 εἴτε
1485 1815 1540 1852 ζωὴ
1552 1836 1560 1848 ,
1579 1816 1633 1843 εἴτε
1645 1815 1794 1846 ὑπόστασις
1803 1834 1812 1846 ,

1026 1861 1081 1888 εἴτε
1105 1860 1236 1898 ὗπαρξις,
1252 1862 1306 1888 εἴτε
1326 1862 1404 1889 οὐσία
1425 1863 1524 1889 νοεῖται
1547 1863 1611 1898 παρ’
1630 1861 1724 1897 ὴμῶν,
1741 1860 1814 1896 ὑπὲρ
1836 1858 1840 1860 ’

1025 1907 1111 1935 ταῦτα
1124 1909 1211 1936 πάντα
1227 1909 1309 1942 ἐστὶν,
1320 1909 1369 1944 οὺχ
1381 1909 1418 1940 ὡς
1431 1908 1467 1944 μὴ
1481 1909 1601 1944 μετέχων
1620 1907 1708 1934 αὐτῶν
1722 1906 1814 1942 (τοῦτο

1025 1954 1079 1990 γὰρ
1088 1953 1199 1990 ἀνόητον
1209 1964 1215 1970 ·
1231 1955 1245 1981 ὁ
1255 1955 1309 1991 γὰρ
1320 1955 1405 1987 αἴτιος
1413 1955 1466 1981 τῶν
1476 1955 1623 1990 γινομένων
1632 1953 1690 1985 πῶς
1701 1953 1730 1980 οὐ
1744 1962 1813 1988 μετ-

1025 2001 1080 2036 έχει
1095 2001 1148 2028 τῶν
1164 2000 1193 2034 ἐξ
1213 2001 1329 2037 αὑτοῦ;)
1346 2001 1402 2028 ἀλλ’
1419 2002 1457 2034 ὼς
1472 2001 1526 2028 τῶν
1546 2002 1654 2028 πάντων
1677 2000 1706 2033 ἐξ
1727 1999 1813 2027 αὐτοῦ

1025 2047 1222 2083 προελθόντων,
1245 2048 1290 2074 καὶ
1311 2048 1359 2084 τῆς
1379 2047 1461 2074 αὐτοῦ
1483 2047 1647 2083 μετεχόντων
1666 2046 1812 2081 ὁλότητος⁸

1025 2095 1078 2121 πᾶν
1092 2093 1146 2130 γὰρ
1159 2094 1189 2120 τὸ
1203 2094 1379 2129 μετεχόμενον
1392 2093 1567 2130 ἀρχαιότερόν
1581 2093 1638 2119 ἐστι
1651 2092 1706 2119 τῶν
1722 2091 1751 2124 ἐξ
1763 2092 1814 2118 αὑ-

1024 2140 1081 2167 τοῦ.
1097 2140 1142 2166 Διὸ
1157 2141 1203 2167 καὶ
1217 2139 1269 2173 ὢν,
1285 2140 1331 2166 καὶ
1346 2139 1418 2167 αὶὼν
1434 2140 1550 2176 κυρίως,
1564 2139 1610 2166 καὶ
1624 2140 1732 2174 χρόνος
1750 2138 1813 2165 ὀνο-

1025 2185 1138 2221 μάζεται
1147 2207 1154 2218 ,
1167 2187 1205 2218 ὡς
1222 2187 1267 2213 καὶ
1281 2187 1344 2217 τοὺς
1357 2186 1456 2217 αἰῶνας
1471 2186 1518 2213 καὶ
1530 2185 1594 2217 τοὺς
1607 2185 1718 2221 χρόνους
1733 2185 1814 2220 ποιή-

1025 2240 1086 2263 σας·
1103 2231 1190 2264 οὕτως
1210 2230 1255 2259 οὖν
1276 2233 1323 2259 καὶ
1348 2233 1394 2259 ἐπὶ
1416 2233 1465 2267 τῆς
1490 2232 1584 2266 σοφίας
1599 2232 1646 2258 καὶ
1667 2231 1717 2266 τῆς
1737 2229 1815 2266 ζωῆς

188 2277 355 2305 :cternitates
368 2282 394 2305 et
406 2282 526 2312 tempora
537 2278 673 2312 condidit;
688 2280 727 2307 sic
743 2280 827 2316 igitur
840 2282 920 2308 etiam
936 2282 969 2309 de

1031 2278 1141 2312 ιεκτέον,
1153 2279 1194 2305 ὃτι
1206 2280 1251 2306 καὶ
1263 2278 1351 2306 αὐτῶν
1366 2279 1424 2305 ὲστι
1435 2278 1611 2314 δημιουργός-
1625 2279 1649 2305 εὶ
1661 2277 1714 2313 γὰρ
1725 2277 1814 2304 ταῦτα

189 2324 322 2359 sapientia
339 2328 365 2351 et
379 2325 433 2351 vita
448 2324 604 2357 dicendum,
620 2334 681 2354 cum
698 2335 792 2355 eorum
809 2336 918 2364 quoque
935 2330 970 2357 sit

189 2369 332 2402 conditor;
350 2369 372 2396 si
388 2370 459 2396 cnim
475 2370 532 2398 haec
547 2371 625 2398 aliter
638 2372 736 2400 habere
752 2373 912 2405 dixerimus.
929 2375 971 2402 in-

188 2415 296 2442 venitur
309 2415 380 2442 Deus
394 2419 486 2450 postea
506 2417 614 2451 sapiens
627 2421 653 2444 et
666 2418 820 2454 intelligens
838 2421 970 2452 evasisse.

188 2462 261 2497 quod
277 2469 369 2489 eorum
386 2463 545 2492 temeritatis
559 2468 610 2494 est.
624 2473 677 2491 non
693 2470 832 2499 nostrum;
849 2467 934 2494 absit!

225 2507 367 2542 Nostrique
380 2510 545 2543 pra-cepturi;
559 2510 608 2536 sol.
624 2510 691 2537 Nota
706 2512 777 2545 quod
794 2512 878 2538 solem
892 2520 971 2539 suum

187 2557 215 2581 et
229 2554 317 2581 sancti
343 2553 481 2582 ilierothei
505 2555 577 2582 dicat
597 2556 750 2590 apostolum
770 2556 895 2585 Paulum.
917 2558 972 2585 Ad—

188 2603 263 2626 verte
281 2605 369 2627 autem
386 2601 522 2635 quomodo
537 2600 616 2628 Pater
631 2601 792 2629 intellexerit
806 2603 969 2630 sententiam

187 2644 321 2679 Apostoli.
351 2645 563 2680 Chrysostomus
586 2646 659 2673 enim
685 2650 711 2673 et
736 2647 832 2682 reliqui
857 2647 967 2676 Patrum

186 2691 252 2717 illud
266 2691 300 2718 de
313 2699 395 2719 cruce
413 2692 615 2719 intellexerunt.

221 2735 311 2762 Etiam
322 2737 434 2764 solemne
446 2741 484 2764 est
501 2738 635 2773 theologis.
649 2738 724 2772 Quod
737 2739 837 2767 dicitur
852 2748 969 2769 consue—

183 2782 306 2809 tudinem
321 2790 383 2810 esse
402 2782 535 2818 theologis
549 2784 628 2820 185
644 2785 809 2820 privationes
829 2788 968 2815 contrario

1024 2325 1109 2357 ἄλλως
1126 2325 1197 2361 ἔχειν
1212 2325 1343 2360 εἴπωμεν,
1357 2325 1511 2360 εὑρίσκεται
1525 2325 1540 2351 ὁ
1555 2324 1620 2356 Θεδς
1635 2323 1748 2359 ὕστερον
1765 2332 1814 2349 σο-

1025 2371 1156 2407 φισθεὶςῆ
1172 2371 1335 2403 συνετισθεὶς
1345 2391 1352 2402 ,
1369 2371 1438 2407 ὅπερ
1452 2371 1500 2406 τῆς
1515 2370 1603 2398 αὐτῶν
1618 2371 1676 2397 ἐστι
1692 2369 1811 2404 τόλμης,

1024 2417 1072 2453 οὐχ
1085 2418 1218 2454 ἡμέτερον
1227 2427 1233 2433 ·
1251 2419 1287 2454 μὴ
1303 2418 1420 2452 γένοιτοῐ

1067 2465 1121 2491 Καὶ
1155 2464 1208 2492 τοῦ
1232 2464 1433 2499 καθηγεμόνος
1460 2463 1555 2497 ἥλιος,
1580 2462 1735 2498 Σημείωσαι
1767 2461 1812 2488 ὅτι

1021 2511 1095 2545 ἥλιον
1112 2511 1208 2538 ἑαυτοῦ
1223 2511 1276 2545 καὶ¹
1290 2511 1336 2537 τοῦ
1353 2511 1430 2545 ἁγίου
1451 2509 1581 2546 Ἰεροθέου
1597 2509 1642 2536 τὸν
1660 2509 1813 2536 ἀπόστολον

1022 2557 1126 2584 Παῦλόν
1152 2567 1228 2594 φησι.
1254 2558 1408 2593 Σημείωσαι
1422 2557 1460 2589 δὲ,
1481 2557 1538 2589 πῶς
1567 2556 1661 2583 ἓλαὸεν
1681 2557 1695 2582 ὁ
1711 2556 1810 2591 Πατὴρ

1021 2604 1050 2630 τὺ
1087 2605 1178 2641 ῥητὸνΔ
1194 2605 1241 2632 τοῦ
1272 2605 1430 2631 Ἀποστόλου
1445 2613 1451 2620 ·
1484 2605 1498 2630 ό
1526 2604 1580 2639 γὰρ
1615 2603 1812 2639 Χρυσόπομος

1022 2651 1069 2677 καὶ
1085 2651 1109 2677 οἱ
1130 2651 1216 2678 λοιποὶ
1231 2651 1284 2678 τῶν
1300 2652 1428 2687 Πατέρων
1451 2651 1515 2687 περὶ
1535 2650 1581 2677 τοῦ
1605 2650 1720 2685 σταυροῦ
1741 2649 1813 2676 αὐτὸ

1022 2697 1125 2725 ἔλαϐον.

1057 2744 1111 2770 Καὶ
1130 2744 1261 2777 σύνηθές
1274 2744 1339 2771 ἐστι
1354 2743 1414 2776 τοῖς
1429 2743 1589 2776 θεολόγοις.
1612 2741 1648 2768 Τδ
1661 2741 1812 2776 εἰρημένον

1022 2790 1082 2822 ἔθος
1098 2788 1166 2818 εἶναι
1182 2791 1237 2822 τοῖς
1253 2790 1387 2824 θεολόγοις
1400 2788 1554 2820 ἀντιπαθῶς
1564 2788 1586 2804 ⁸⁸
1605 2787 1652 2815 ἐπὶ
1665 2786 1733 2814 Θεοῦ
1756 2788 1812 2821 τὰς

625 2854 741 2883 VARI/[5
758 2855 948 2884 LECTlONES
968 2857 1011 2885 ΕΤ
1032 2857 1308 2887 CORRECTIONES.

219 2930 240 2946 δι
254 2931 313 2957 ἀντὶ
327 2931 435 2963 πάθους.
