1926 3062
121 200 168 227 3H
491 197 521 226 S.
539 196 663 225 MAXIM]
683 194 829 224 SCHOLIA
848 194 882 222 IN
901 195 965 222 LIB.
985 194 1030 222 DE
1049 194 1174 224 DIVINIS
1194 193 1392 223 NOMINlBUS.

1686 194 1738 222 5έὲ

121 258 261 293 στερήσεις
276 256 411 292 ἐκφέρειν,
427 255 512 287 οὓτως
527 254 559 282 ἂν
573 254 734 290 νοήσαιμεν·
751 252 894 288 βουλόμενο

957 260 1038 280 sensu
1064 253 1097 280 de
1111 252 1166 280 Deo
1186 252 1338 283 enuntiare,
1362 251 1398 278 ita
1417 251 1614 287 intelligamus;
1642 260 1738 286 nempe

124 304 172 340 γὰρ
187 304 283 330 ἐκεῖνοι
295 303 326 329 τὸ
339 302 396 337 φῶς
413 301 443 329 τὸ
464 301 534 328 θεῖον
554 301 616 327 ὅσον
636 297 691 326 οἷόν
712 308 742 326 τε
758 300 902 335 παριστᾷν,

119 349 159 376 ὅτι
174 348 395 385 ἀπροσπέλαστον
412 349 458 375 καὶ
473 347 684 377 ἁκατόπτευτον,
700 342 723 380 ᾧ
739 345 775 381 μὴ
795 345 904 371 δύναται

120 395 280 431 προσϐαλεῖν
296 395 388 431 μηδὲν,
405 395 474 430 μήτε
489 394 578 426 άῡλον,
598 394 667 429 μήτε
687 392 824 427 αἰσθητὸν,
841 391 903 418 σκό-

119 449 163 472 τος
178 440 322 475 ὠνόμασαν
333 460 340 472 ,
361 440 398 471 ὼς
418 440 459 471 τὸ,
476 440 578 466 Ἐθετο
596 439 706 471 σκότος
725 437 904 472 ἀποκρυφὴν

118 487 225 518 αὑτοῦ,
242 487 310 522 ὅπερ
325 488 339 513 ὁ
355 486 425 518 θεῖος
447 485 606 518 Ἀπόστολὸς
620 493 702 521 φησι,
726 484 789 517 Φῶς
814 483 903 511 οίκῶν

118 533 281 567 ἀπρόσιτον
292 541 298 548 ⁸
316 529 338 567 ᾧ
359 533 413 569 γὰρ
427 533 509 568 μηδὲν
524 532 663 568 πρόσεισιν
680 531 772 567 ὅμοιόν
790 532 848 558 ἐστι
864 530 902 566 τῷ

119 578 156 614 μὴ
168 578 264 614 ὁρῶντι
275 579 444 615 ὑπεροχικῶς
455 578 551 613 σκότῳ.
571 578 654 605 Πάλιν
664 577 785 615 εἴρηται·
809 579 902 605 Ἑθαυ-

117 625 256 660 μαστώθη
266 625 285 659 ἡ
296 625 407 660 γνῶσις
420 633 477 652 σου
491 625 525 658 ἐξ
538 625 620 660 ἐμοῦ,
629 625 700 652 λίαν
712 624 900 660 ὲκραταιώθη,

117 671 154 696 οὺ
174 669 304 704 δύνωμαι
325 669 400 703 πρὸς
419 670 524 703 αὑτήν.
546 671 649 706 Ὥσπερ
670 667 715 696 οὖν
731 671 747 706 ἡ
765 670 901 706 ἀκατάλη-

118 724 184 747 πτος
212 716 259 742 καὶ
286 715 463 751 ἁπερινόητος
485 715 611 751 ἀκράτως
638 715 684 742 τοῦ
712 715 779 742 Θεοῦ
803 715 901 749 γνῶσις

114 761 236 797 ἀγνωσία
254 760 448 796 παρεικάζεται
469 762 503 796 τῇ
526 760 662 796 ὑπερούσῃ
684 761 774 787 πᾶσαν
795 760 823 785 ἐν
842 768 900 786 κτι-

116 809 188 838 στοῖς
201 807 300 841 γνῶσιν
310 815 316 822 ·
335 808 351 842 ἡ
368 807 422 842 γὰρ
436 807 500 842 περὶ
509 806 575 833 Θεὸν
586 806 707 840 ἀγνωσία
718 805 771 832 τῶν
788 806 851 841 περὶ
866 805 900 832 τὰ

115 853 172 879 θεῖα
195 852 283 887 σοφῶν
304 853 354 879 οὐκ
375 852 448 878 ἐστιν
470 852 590 888 ἀμαθία,
611 851 678 878 ἀλλὰ
696 852 812 886 γνῶσις,
838 853 898 886 σιγῇ

113 898 284 933 γινώσκουσα
297 919 304 930 ,
320 899 360 925 ὅτι
382 899 455 926 ἐστὶν
474 899 610 933 ἄγνωστος
628 899 641 924 ὁ
657 898 721 930 Θεός
731 907 738 913 ·
755 898 841 930 οὕτως
854 896 900 925 οὖν

955 298 1028 334 quod
1054 298 1092 325 illi
1110 298 1232 325 volentes
1252 297 1374 325 divinum
1401 297 1493 325 lumen
1516 302 1649 331 quantum
1676 297 1739 325 licet

955 347 1161 379 repraesentare,
1185 343 1248 379 quia
1275 344 1446 371 inaccessum
1470 346 1497 370 et
1520 343 1672 375 invisibile,
1692 343 1737 370 cui

954 390 1023 417 nihil
1039 390 1180 417 intendere
1195 393 1294 424 potest,
1310 396 1398 424 neque
1420 389 1539 416 materiae
1562 396 1668 424 expers,
1686 396 1739 416 nec

954 436 1064 469 sensile,
1075 434 1219 470 caliginem
1241 435 1428 467 nominarunt,
1443 438 1474 461 ut
1488 434 1553 462 illud
1573 434 1734 470 Scriptum:

953 481 1047 509 Posuit
1077 480 1196 508 tenebras
1225 480 1366 508 latibulum
1390 488 1467 507 suum
1483 483 1516 512 τ’,
1531 480 1603 515 quod
1627 480 1736 507 divinus

952 527 1100 562 Apostolus
1120 527 1204 554 dicit:
1225 526 1321 554 Lucem
1340 526 1469 553 inhabitat
1490 526 1734 559 inaccessibilems;

952 572 1019 600 illud
1045 573 1117 600 enim
1138 572 1173 599 ad
1197 572 1270 607 quod
1295 571 1363 598 nihil
1389 571 1503 604 accedit,
1527 572 1614 598 simile
1638 575 1690 603 est,
1707 576 1736 599 ut

952 619 1140 646 excellentiam
1157 618 1327 654 designanda
1353 618 1460 652 loquar,
1486 617 1594 652 caligini
1617 625 1672 645 non
1695 617 1736 644 vi-

951 663 1034 691 denti.
1062 663 1161 691 lterum
1184 663 1285 690 dicitur
1307 672 1313 690 z
1336 662 1469 690 Mirabilis
1489 663 1562 697 facta
1578 668 1616 690 est
1626 664 1736 690 scientia

952 714 998 735 Iua
1012 716 1044 736 ex
1059 716 1108 740 me,
1128 707 1204 734 valde
1224 708 1375 743 eonfortata
1393 712 1442 739 est,
1462 715 1507 734 nec
1521 709 1594 742 potui
1613 707 1647 734 ad
1660 716 1735 735 eam:

951 753 991 781 sic
1002 754 1083 789 igitur
1094 752 1377 788 incomprehensibilis
1388 756 1415 780 et
1427 752 1537 780 minime
1547 752 1733 789 intelligibilis,

951 800 1011 826 sine
1039 799 1167 827 mistione
1192 797 1239 825 Dei
1269 797 1408 833 cognitio,
1441 798 1601 833 ignorantiae
1626 806 1734 826 omnem

950 848 1139 872 creaturarum
1168 843 1351 878 cognitionem
1379 843 1517 878 superanti
1546 843 1733 876 assimilatur;

950 890 1103 926 ignorantia
1131 889 1205 916 enim
1227 889 1254 915 in
1274 888 1374 916 divinis
1395 896 1490 916 eorum
1513 888 1559 923 qui
1576 888 1667 916 divina
1690 897 1735 916 sa-

114 944 161 970 κοιλ⁴
172 943 285 971 κένωσιν
299 944 410 971 καλοῦσι
422 943 469 970 τοῦ
485 944 552 970 Θεοῦ
569 943 653 978 Λόγου
665 944 713 979 τὴν
724 943 894 979 ὲνανθρώπη-

949 936 1037 971 piunt,
1060 943 1115 962 non
1134 939 1176 962 est
1195 935 1313 967 inscitia,
1333 934 1380 962 sed
1399 934 1524 966 scientia,
1545 942 1606 970 quia:
1625 935 1734 963 silentio

114 999 170 1021 σιν,
194 990 282 1017 καίτοι
305 990 395 1025 πλήρη
419 990 621 1025 τυγχάνουσαν,
647 989 745 1025 μᾶλλον
767 990 795 1015 δὲ
812 990 896 1025 ὑπερ-

112 1036 204 1072 πλήρη
217 1037 311 1070 σοφίας
325 1037 372 1063 καὶ
391 1036 530 1072 δυνάμεως
545 1037 591 1062 καὶ
605 1035 752 1072 σωτηρίας·
769 1034 835 1062 ἀλλὰ
850 1036 896 1061 καὶ

111 1082 254 1109 ἀσθένειαν
265 1082 333 1108 Θεοῦ
344 1082 375 1108 τὺ
388 1081 431 1108 διὰ
444 1081 559 1117 σταυροῦ
571 1081 698 1116 τρόπαιον
710 1079 894 1116 ὀνομάζουσιν,

111 1125 166 1154 οἷον
181 1127 274 1164 ἐπειδὴ
289 1127 397 1163 Θανάτῳ
411 1128 438 1153 at
453 1127 569 1162 πονηραὶ
587 1127 632 1153 καὶ
649 1126 758 1162 ἀόρατοι
769 1125 896 1161 δυνάμεις

110 1173 157 1200 τοῦ
176 1173 299 1200 διαϐόλου
319 1172 519 1208 κατελύθησαν,
542 1173 588 1199 καὶ
611 1173 670 1199 ἀντὶ
691 1172 806 1199 θανάτου
831 1172 896 1199 ἀνά-

111 1226 206 1249 στασις
230 1218 335 1254 νεκρῶν
356 1219 402 1245 καὶ
426 1218 546 1253 βασιλεία
571 1217 691 1254 οὐρανῶν
715 1217 894 1252 άντεισήχθη·

108 1263 202 1290 τοῦτον
215 1262 261 1290 οὖν
275 1264 321 1290 τὸν
336 1264 434 1300 τρόπον
448 1264 493 1290 καὶ
510 1264 599 1300 μωρία
612 1263 694 1296 Θεοῦ,
712 1264 729 1299 ἡ
744 1264 833 1290 πᾶσαν
849 1271 894 1290 σο-

109 1309 174 1344 φίαν
200 1310 247 1336 καὶ
269 1310 423 1346 ἐπιστήμην
455 1310 638 1346 ὑπεραίρουσα
661 1309 716 1335 τῶν
732 1308 893 1345 ἀνθρώπων,

110 1355 216 1388 σύνεσις
231 1356 278 1383 τοῦ
295 1356 372 1383 Θεοῦ.
391 1357 495 1392 Νοήσαι
515 1356 544 1383 δὲ
567 1357 598 1383 ἄν
620 1365 663 1387 τις
683 1356 714 1382 τὸ
734 1355 893 1390 λεγόμενον,

107 1401 206 1427 ἐννοῶν
227 1402 291 1434 τοὺς
310 1402 364 1428 ἀπὸ
384 1401 437 1428 τῶν
458 1401 605 1437 αίρέσεων,
632 1401 690 1436 μεθ’
709 1397 747 1428 ὦν
767 1400 814 1427 καὶ
832 1401 895 1431 τοὺς

110 1446 259 1482 Ἕλληνας,
284 1448 308 1474 οἳ
334 1447 522 1482 συλλογισμοῖς
545 1447 682 1482 αἰσθητοῖς
706 1445 893 1473 ἀποδεικνύναι

108 1493 286 1528 φαντάζονται
314 1494 381 1521 Θεοῦ
407 1495 543 1530 σάρκωσιν
568 1493 696 1520 ἀδύνατον
717 1490 787 1519 εἷναι
814 1492 894 1528 μέχρι

108 1538 222 1566 θανάτου
234 1539 467 1576 οίκονομηθείσαν.
482 1540 554 1576 Πρὸς
569 1540 615 1572 οὓς
628 1540 725 1566 ἐννοῶν
735 1540 749 1565 ὁ
760 1538 894 1569 θειότατος

108 1584 214 1617 Παῦλος
238 1585 390 1620 ἰλιγγιάσας
407 1586 574 1622 ἀνέκραγεν·
594 1586 628 1613 Ὦ
646 1585 741 1618 βάθος
761 1585 894 1612 πλούτου

947 979 1087 1014 cognoscit
1107 978 1191 1005 Deum
1217 978 1329 1006 minime
1361 979 1491 1014 cognosci
1520 986 1611 1014 posse.
1641 980 1734 1015 itaque

948 1024 996 1051 Dei
1010 1024 1091 1052 Verbi
1106 1028 1211 1052 naturae
1228 1025 1354 1053 humana:
1373 1025 1587 1060 assumptionem
1605 1026 1733 1054 inanitio-

948 1079 1008 1099 nem
1020 1071 1192 1104 vocant,etsi
1203 1071 1283 1106 plena
1302 1071 1338 1098 sit
1353 1071 1407 1098 imo
1418 1071 1575 1106 plenissima
1588 1073 1731 1108 sapientia,

946 1116 1056 1150 virtute,
1067 1123 1098 1144 ac
1108 1116 1194 1144 salute
1205 1125 1212 1149 ;
1225 1117 1290 1152 quin
1300 1117 1382 1144 etiam
1394 1116 1440 1144 Dei
1450 1116 1633 1152 infirmitatem
1642 1118 1734 1146 crucis

948 1166 1077 1196 tropaium
1126 1166 1247 1194 vocant,
1274 1162 1404 1197 quoniam
1431 1162 1509 1190 mala:
1533 1166 1560 1191 et
1584 1163 1733 1191 invisibiles

946 1206 1047 1234 diaboli
1058 1210 1205 1242 potestates
1212 1211 1299 1235 morte
1310 1207 1450 1235 dissolutae
1462 1211 1536 1240 sunt,
1547 1211 1575 1236 et
1587 1216 1636 1244 pro
1646 1213 1733 1236 morte

946 1257 1117 1280 mortuorum
1135 1254 1302 1280 resurrectio
1317 1261 1350 1280 ac
1368 1261 1482 1289 regnum
1495 1254 1628 1283 caelorum
1645 1255 1732 1282 intro-

945 1298 1056 1326 ductum
1065 1303 1107 1327 est
1114 1309 1121 1326 :
1128 1299 1181 1327 hoc
1189 1300 1272 1334 igitur
1279 1299 1360 1328 modo
1367 1300 1481 1329 stultitia
1488 1300 1546 1333 Dei,
1556 1308 1615 1336 quae
1624 1309 1730 1329 omnem

946 1345 1105 1380 sapientiam
1117 1349 1144 1373 et
1158 1346 1298 1373 scientiam
1312 1346 1452 1373 hominum
1462 1351 1583 1382 superat,
1594 1347 1641 1374 Dei
1653 1347 1732 1375 intel-

946 1390 1055 1425 ligentia
1067 1401 1073 1418 :
1087 1391 1187 1426 poterit
1198 1396 1287 1419 autem
1300 1393 1362 1427 quis
1374 1392 1525 1428 intelligere
1536 1393 1608 1428 quod
1621 1393 1729 1424 dicitur.

945 1436 969 1463 si
985 1437 1085 1472 cogitet
1106 1437 1268 1470 haereticos,
1301 1442 1328 1466 et
1348 1444 1410 1466 cum
1438 1439 1492 1467 illis
1517 1440 1632 1475 gentiles
1646 1460 1653 1472 .
1683 1441 1730 1476 qui

946 1482 1068 1509 sensibili
1088 1486 1248 1518 argumento
1275 1486 1372 1518 putant
1390 1483 1592 1516 demonstrare,
1607 1485 1731 1520 impossi-

946 1528 1000 1555 bile
1025 1535 1087 1555 esse
1107 1527 1156 1555 Dei
1187 1528 1404 1557 incarnationem
1436 1536 1522 1564 usque
1551 1529 1585 1556 ad
1615 1534 1729 1558 mortem

946 1572 1132 1607 dispensatam
1151 1571 1248 1600 fuisse.
1271 1572 1410 1601 Adversus
1422 1581 1492 1609 quas
1509 1574 1618 1602 divinus
1629 1574 1730 1603 Paulus

107 1632 155 1659 καὶ
179 1618 391 1667 σοφίας-Θεοῦ,
412 1634 452 1666 ὡς
472 1618 690 1667 ἀνεξερεύνητα
707 1632 744 1659 τὰ
769 1632 894 1666 κρίματα

948 1619 1026 1646 veluti
1037 1618 1182 1654 cogitando
1209 1619 1307 1655 capitis
1327 1620 1486 1655 vertiginem
1499 1628 1598 1655 passus
1617 1622 1728 1654 clamat,

106 1678 208 1705 αὐτοῦ.
224 1679 261 1705 Τὸ
275 1677 321 1706 οὗν
333 1680 478 1715 ὑπεραῖρον
487 1679 576 1714 πάσης
590 1678 700 1713 κτιστῆς
714 1678 809 1712 σοφίας
825 1677 890 1712 μέθ-

105 1724 164 1750 οδον
179 1723 234 1751 ῐσον
250 1725 282 1752 ἂν
304 1725 346 1761 εἴη
359 1726 415 1757 τοῖς
431 1726 461 1751 οὐ
476 1724 655 1755 θεοδιδάκτοις
671 1723 774 1760 μωρίας
787 1723 889 1757 λόγοις;

106 1771 203 1805 Λὰγοις
217 1771 271 1807 γὰρ
287 1772 338 1798 οὐκ
351 1771 383 1799 ἂν
399 1771 585 1807 ὲξομαλισθείη
596 1771 613 1806 ἣ
628 1771 661 1798 δι’
678 1770 812 1806 αἰσθητῶν
822 1770 890 1796 ἀπο-

104 1816 213 1850 δείξεων
226 1817 256 1844 τὸ
272 1819 430 1854 μυστήριον,
448 1818 565 1849 πίστεως
579 1817 608 1844 οὐ
624 1817 840 1853 προηγουμένης.

146 1939 414 1972 Ἀντιπεπονθότως
441 1940 489 1966 ἐπὶ
514 1939 597 1966 Θεοῦ.
634 1939 887 1972 Ἀντιπεπονθότως,

105 1986 243 2013 τουτέστιν
283 1987 511 2022 ἀντιπεριτροπὴν
542 1986 588 2013 τοῦ
619 1986 697 2020 λόγου
721 1987 888 2022 πάσχοντοςθ

104 2033 148 2060 διὰ
168 2033 222 2068 γὰρ
244 2033 297 2060 τῶν
320 2033 369 2065 τὰς
391 2034 532 2069 στερήσεις
557 2033 693 2069 δηλουσῶν
716 2034 888 2068 ἀποφάσεων,

105 2080 121 2107 ἡ
141 2080 204 2114 περὶ
218 2078 284 2105 Θεοῦ
297 2078 417 2114 ὑπεροχὴ
430 2078 566 2115 δηλοῦται,
582 2079 651 2115 ὅπερ
667 2081 696 2106 ὲν
709 2079 794 2115 ἑτέρῳ
810 2079 888 2105 δύνα-

106 2133 151 2160 μιν
167 2125 333 2160 ὑπεροχικῆς
344 2124 507 2159 ἀποφάσεως
522 2125 625 2160 εἴρηκε.

141 2214 176 2241 Τὸ
191 2217 372 2248 φαινόμενον
385 2214 420 2240 ὲν·
433 2214 510 2248 αὐτῇ
525 2215 706 2250 παράλογον.
723 2216 778 2242 Καὶ
792 2215 845 2252 γὰρ
859 2217 889 2243 τὸ

944 1664 966 1692 0
983 1664 1095 1691 altitudo
1114 1665 1267 1692 divitiarum
1286 1670 1310 1692 et
1326 1667 1462 1700 sapientia:
1481 1667 1547 1699 Dei,
1563 1676 1642 1702 quam
1658 1669 1724 1695 inin-

941 1711 1104 1746 oestigabilia
1127 1712 1232 1747 judicia
1253 1712 1309 1747 ejus
1324 1714 1364 1745 ";
1391 1713 1463 1748 quod
1490 1721 1555 1749 ergo
1572 1714 1662 1742 omnis
1683 1723 1727 1742 sa-

941 1758 1050 1792 pientiae
1066 1762 1165 1786 creatae
1182 1759 1237 1786 vim
1259 1763 1380 1794 superat,
1400 1759 1537 1795 quomodo
1554 1760 1657 1795 aequale
1674 1762 1727 1788 erit

941 1803 1062 1833 stultitiae
1078 1805 1168 1832 verbis
1180 1805 1290 1832 minime
1302 1813 1318 1832 a
1332 1804 1386 1833 Deo
1402 1805 1506 1834 edoctis
1517 1806 1529 1833 ?
1540 1806 1633 1841 Neque
1653 1808 1726 1835 enim

941 1850 1099 1885 mysterium
1120 1851 1210 1878 verbis
1223 1854 1270 1878 aut
1287 1851 1518 1881 demonstratione
1538 1853 1661 1881 sensibili
1677 1862 1726 1882 ex-

940 1896 1038 1931 plicari
1056 1900 1148 1931 queat,
1172 1897 1226 1925 nisi
1245 1897 1311 1925 ﬁdes
1331 1899 1476 1932 praecedat.

975 1941 1116 1970 Contraria
1125 1952 1213 1976 sensu,
1226 1944 1273 1972 Gr.
1285 1944 1527 1977 άντιπεπονθότως.
1545 1947 1571 1972 ἰη
1583 1945 1648 1973 Dea.
1672 1946 1733 1972 'Av-r

939 1989 1146 2021 τιπεπονθότως,
1163 1989 1189 2017 id
1210 1994 1251 2018 est
1269 1998 1395 2018 sermone
1409 1990 1633 2026 signiﬁcationem
1658 2000 1725 2019 con-

940 2034 1051 2060 trariam
1075 2034 1209 2068 habente;
1235 2035 1427 2070 negationibus
1457 2036 1529 2063 enim
1557 2036 1725 2071 privationes

939 2079 1153 2113 declarantibus,
1174 2081 1334 2109 excellentia
1352 2081 1515 2114 declaratur,
1533 2081 1605 2116 quod
1627 2083 1680 2110 alio
1697 2083 1724 2109 in

940 2125 1000 2152 loco
1031 2125 1159 2154 virtutem
1186 2127 1339 2162 negationis
1369 2135 1513 2155 excessum
1543 2127 1723 2162 signiﬁcantis

939 2171 1019 2198 dixit.

976 2217 1009 2243 Id
1028 2220 1095 2253 quod
1113 2220 1144 2246 in
1166 2226 1198 2245 ea
1221 2218 1320 2246 ration:
1335 2219 1499 2246 contrarium
1521 2218 1631 2246 videtur.
1656 2218 1722 2246 Nam

103 2260 174 2286 κατὰ
189 2260 234 2286 τὸν
250 2259 363 2295 σταυρὸν
378 2259 473 2292 πάθος,
486 2261 573 2287 καὶτὸ
585 2261 673 2295 λέγειν
688 2261 754 2288 Θεὸν
769 2262 888 2289 παθόντα

948 2264 994 2291 ηδιὶ
1015 2264 1043 2291 in
1066 2272 1158 2297 cruce,
1174 2266 1200 2292 et
1218 2272 1341 2293 asserere
1355 2264 1438 2293 Deum
1459 2265 1487 2292 in
1504 2272 1585 2292 carne
1599 2273 1726 2300 passum,

103 2307 186 2342 ταρκὶ
196 2328 204 2340 ,
219 2306 267 2333 καὶ
286 2307 440 2342 παράλογον
456 2307 547 2340 δοκεῖ,
561 2308 608 2334 καὶ
624 2308 740 2341 ἄτοπον,
755 2309 823 2344 ὅπερ
838 2309 888 2345 τὴν

948 2311 1040 2337 τειιὶοηί
1061 2311 1229 2338 contrarium
1245 2315 1327 2346 atque
1341 2311 1489 2339 absurdum
1508 2312 1625 2345 videtur,
1644 2313 1724 2348 186

101 2353 186 2383 ὅντως
199 2353 290 2388 ἐδήλου
305 2352 440 2388 ἀλήθειαν.
463 2352 633 2389 [Σημείωσαιῐ
648 2353 705 2385 πῶς
725 2355 778 2380 νοεῖ
798 2355 812 2381 ό
832 2355 888 2381 Πα-

948 2355 1012 2390 ιυοά
1033 2363 1061 2383 re
1082 2356 1142 2390 ipsa
1168 2355 1256 2390 ipsam
1281 2357 1438 2391 declarabat
1453 2357 1602 2385 veritatem.
1631 2357 1721 2394 [Nota,

100 2398 154 2434 τὴρ
174 2398 204 2424 τὸ
223 2398 270 2424 τοῦ
291 2397 452 2425 ’Λποστὸλου
473 2400 554 2434 ῥητόν
567 2407 573 2413 ·
589 2400 603 2426 ὁ
619 2399 672 2434 γὰρ
693 2399 887 2436 Χρυσόστομος

948 2401 1076 2436 μιοηιοιιο
1089 2402 1133 2429 hic
1144 2401 1225 2430 Pater
1236 2403 1340 2430 dictum
1354 2403 1420 2431 illud
1435 2403 1557 2438 Apostoli
1568 2405 1700 2440 intelligat
1712 2413 1719 2430 :

101 2445 148 2471 καὶ
171 2445 195 2471 oi
219 2444 307 2471 λοιποὶ
323 2444 377 2472 τῶν
389 2445 518 2481 Πατέρων
538 2447 603 2482 περὶ
616 2446 664 2472 τοῦ
679 2447 796 2483 σταυροῦ
808 2446 886 2474 τοῦτο

948 2455 1002 2475 iam
1016 2447 1236 2484 Chrysostomus,
1248 2457 1279 2477 ac
1292 2449 1390 2485 reliqui
1400 2449 1496 2478 Patres
1507 2451 1580 2478 istud
1594 2450 1627 2478 de
1640 2458 1723 2478 cruce

100 2490 234 2517 ὲΕέλαὸον.

131 2490 234 2517 έλαὸον.

115 2490 130 2524 ξ
143 2490 367 2572 Ἐνειλὲύμενοι.
386 2538 429 2564 Ἑν
437 2538 527 2570 ἄλλοις
536 2538 733 2574 ἐνιλλόμενοι,
748 2539 885 2565 τουτέστιν

99 2584 325 2619 ἐπιστρεφόμενοι
338 2584 372 2618 “,
395 2585 640 2620 ὲγκαλινδούμενοι.
658 2585 780 2612 Δείκνυσι
794 2585 823 2612 δὲ
841 2585 884 2612 διὰ

98 2630 212 2664 τούτων,
227 2631 268 2657 ὅτι
278 2631 309 2657 οὐ
321 2630 361 2657 δεῖ
371 2631 404 2658 τὰ
415 2631 475 2658 Θεῖα
489 2632 544 2662 τοίς
555 2631 733 2666 ἀνθρωπίνοις
747 2632 884 2667 παραϐάλ-

99 2675 165 2702 λειν.

939 2495 1125 2531 acceperunt.]

977 2540 1147 2573 Inhwrentes,
1158 2541 1205 2569 Gr.
1216 2542 1401 2578 ὲνειλούμενοι.
1421 2543 1476 2571 Alia
1491 2543 1656 2578 exemplaria
1671 2543 1721 2569 ha-

939 2588 1004 2615 bent
1017 2588 1189 2624 ένιλλόμενοι,
1211 2589 1238 2617 id
1257 2592 1299 2617 est
1309 2589 1443 2622 conversi,
1460 2590 1584 2618 involuti.
1599 2589 1647 2617 His
1671 2597 1720 2615 au-

938 2637 992 2661 tem
1018 2634 1137 2662 ostendit
1153 2635 1245 2663 divina
1264 2643 1319 2664 non
1341 2644 1402 2665 esse
1417 2644 1479 2664 cum
1500 2636 1627 2664 humanis
1645 2642 1720 2662 com-

937 2681 1067 2714 paranda.

133 2773 232 2802 "Psal
259 2775 382 2808 “11,12.
419 2779 430 2793 ι
448 2774 538 2804 lTim.
573 2784 611 2809 vr,
624 2775 665 2806 ⁸6.
689 2778 712 2795 ⁸*
730 2775 808 2804 Rom.
827 2785 866 2809 xi,
886 2777 930 2805 55.

541 2853 660 2881 VARIE
679 2853 870 2883 LECTIONES
888 2853 931 2882 ET
948 2853 1223 2883 CORRECTIONES.

132 2922 154 2939 δ’
172 2923 389 2959 ινστρεξρόμενοι.
