1926 3062
220 196 274 224 545

604 194 776 223 APPENDIX
791 194 836 222 AD
852 193 966 222 OPERA
984 194 1013 221 S.
1032 194 1180 222 DIONYSII
1199 192 1438 221 AREOPAGITAI.

1784 193 1833 221 ΞΗ

259 255 315 283 Vim
332 255 436 291 quidem
458 255 562 284 habere.
583 256 709 284 Diximus
729 263 838 291 quoque
862 255 999 291 superius,

1089 255 1147 290 Τὴν
1166 255 1224 290 μὲν
1245 256 1326 290 ἔχειν
1341 254 1477 289 δύναμιν.
1495 253 1550 280 Καὶ
1564 251 1691 288 ἀνωτέρω
1710 251 1831 287 εἴπομεν,

215 307 333 329 mentem
357 303 507 337 intelligere
523 302 657 330 volentem
676 302 793 336 seipsam
816 301 918 334 subire,
935 301 1000 328 dum

215 347 250 374 ad
265 348 464 375 intellectiones
479 348 640 383 descendit;
656 347 855 375 intellectiones
870 348 942 375 enim
958 347 1000 374 in-

216 393 330 422 feriores
352 398 418 421 sunt
442 394 620 430 intelligente.
638 398 668 421 ut
693 402 753 429 qua:
769 394 955 429 intelligantur
973 397 1000 421 et

215 441 499 476 comprehendantur,
523 444 606 475 atque
632 441 731 468 merito
756 440 888 468 unitionis
912 440 1000 476 ipsius

215 488 316 514 utentis
337 487 474 522 separatio
499 494 531 514 ac
553 487 670 521 divisio;
688 487 843 515 intellectus
865 488 937 515 enim
957 492 1000 515 est

215 533 331 568 simplex
346 537 372 560 et
385 533 502 568 partium
517 541 630 568 expers;
644 533 842 562 intellectiones
857 542 920 562 vero
935 539 998 563 sunt

216 579 242 605 in
253 579 369 606 maxima
381 579 460 613 copia
471 584 497 606 et
509 579 630 614 separari
643 583 757 614 queunt,
770 587 802 607 ac
812 581 893 608 veluti
906 580 999 608 forma:

214 632 246 652 at:
261 625 366 659 species
383 625 554 658 intellectus;
571 625 631 652 ideo
644 625 679 652 τὰ
693 626 782 661 νοερά,
797 626 824 653 id
839 630 882 654 est
896 634 927 654 ea
939 635 999 661 quae

213 671 379 705 intelligunt,
399 671 529 698 inferiora
557 675 621 698 sunt
643 671 697 698 τῶν
717 672 830 707 νοητῶν,
852 673 878 699 id
903 676 945 700 est
965 673 999 701 iis

214 724 274 751 qua:
295 717 492 752 intelliguntur.
512 716 597 744 Porro
622 717 721 746 mentis
743 718 905 750 unitionem,
928 719 999 747 sicut

213 762 341 798 deinceps
356 763 459 791 clarius
473 763 550 795 dicit,
564 767 653 796 vocat,
666 772 714 799 per
729 772 810 799 quam
825 765 858 792 ad
876 773 905 792 se
918 774 999 801 supe-

213 809 286 836 riora
300 809 432 841 elevatur,
447 817 495 836 seu
507 809 605 836 divinae
618 811 841 845 contemplationi
854 811 996 844 incumbit,

213 862 268 882 sea
288 855 435 883 sensilibus
448 859 475 883 et
493 855 718 890 intelligibilibus,
735 857 789 883 imo
805 861 832 884 et
854 864 869 883 a
889 858 998 892 propria

213 901 333 929 motione
344 921 351 934 ,
379 901 530 934 avocando,
545 901 641 936 sicque
662 902 767 929 radium
790 903 888 930 divina:
903 904 998 938 cogni-

213 947 294 975 tionis
314 947 500 982 suscipiendo.

249 994 325 1021 Hanc
344 1002 405 1030 ergo
426 995 538 1021 rationis
560 999 700 1028 expertem.
717 994 832 1022 Maxime
850 995 894 1021 hic
908 995 998 1023 decla—

213 1045 266 1075 rat,
277 1041 415 1076 quomodo
434 1041 550 1068 stultitia
570 1040 618 1068 Dei
632 1042 668 1068 sit
683 1041 884 1076 sapientissima
901 1042 928 1068 in
944 1041 998 1070 Deo

214 1087 548 1122 incomprehensibilitatis
572 1087 730 1123 magnitudo
751 1097 759 1112 :
783 1088 823 1114 ait
843 1088 927 1116 enim.
948 1096 998 1115 nos

214 1133 308 1160 sensili
320 1133 518 1169 circumseptus
531 1141 656 1169 corpore,
668 1133 716 1161 Dei
740 1132 996 1162 immaterialitatem

200 1179 290 1206 -vorbi
316 1179 404 1214 gratia
427 1184 455 1207 et
477 1180 785 1215 superessentialitalem
811 1180 998 1208 examinantes

213 1232 316 1257 errare,
336 1225 402 1252 dum
422 1225 468 1252 illa
481 1233 514 1253 ex
531 1226 681 1254 sensilibus
700 1225 893 1261 ponderemus,
913 1225 998 1253 veluti

214 1271 262 1306 qui
273 1271 494 1306 praedicationem
508 1271 542 1299 de
557 1272 615 1299 sola
629 1272 769 1300 adoranda
786 1272 921 1300 Trinitate
937 1280 998 1307 per-

214 1322 368 1350 currentes,
389 1325 421 1345 ac
437 1319 513 1345 illum
535 1318 569 1346 de
583 1318 639 1346 Deo
654 1326 819 1351 sermonem,
837 1319 883 1354 qui
899 1319 999 1347 asserit

213 1372 273 1391 eam
290 1364 318 1391 in
339 1364 428 1392 tribus
448 1364 634 1393 subsistentiis
653 1365 798 1394 indivisam
820 1370 847 1394 et
870 1366 999 1394 indistin-

214 1414 306 1443 ctam,
338 1410 495 1442 audientes,
528 1411 621 1439 statim
656 1412 869 1446 obstupescunt,
895 1416 999 1440 natura:

214 1463 359 1491 corporum
378 1457 553 1489 inhaerentes,
569 1465 630 1493 quae
647 1458 706 1486 loco
729 1462 756 1486 et
771 1459 913 1488 intervallo
928 1461 1000 1489 indi-

214 1507 288 1537 gent,
303 1502 439 1531 dicentes:
452 1503 594 1535 Quomodo
611 1503 669 1531 ﬁeri
684 1508 783 1539 potest,
797 1509 826 1532 ut
840 1510 895 1534 tres
909 1507 1000 1536 subsi-

215 1548 321 1576 stentia:
334 1549 362 1576 in
377 1549 474 1584 seipsis
488 1550 543 1576 sint
557 1554 584 1578 et
603 1550 769 1580 indistincta}
787 1553 859 1581 sint?
873 1555 1000 1583 nesciunt

1049 301 1101 333 ὅτι,
1112 303 1126 330 ὁ
1139 302 1200 334 νοῦς
1216 302 1285 329 νοεῖν
1302 301 1470 337 βουλόμενος,
1487 299 1607 327 κάτεισιν
1621 298 1718 325 ἑαυτοῦ
1733 298 1772 330 εἰς
1786 299 1832 330 τὰς

1049 350 1154 386 νοήσεις
1169 348 1336 376 καταϐαίνων
1349 357 1356 364 ·
1376 348 1403 374 αί
1418 347 1471 383 γὰρ
1491 347 1596 383 νοήσεις
1611 344 1762 381 κατώτεραί
1783 338 1830 371 εἰσι

1049 395 1096 422 τοῦ
1115 395 1253 428 νοοῦντος,
1269 395 1307 426 ὡς
1320 394 1462 429 νοούμεναι
1482 393 1529 419 καὶ
1550 392 1830 427 καταλαμὸανὸμεναι,

1049 442 1097 468 καὶ
1117 441 1267 476 σκεδασμδς
1286 441 1398 472 εἰκότως
1423 439 1470 467 καὶ
1493 438 1625 475 μερισμὸς
1643 438 1693 473 τῆς
1710 438 1830 472 ἑνὰτητος

1048 488 1095 515 τοῦ
1110 488 1155 515 νοῦ
1173 486 1270 515 αὐτοῦ·
1286 488 1300 513 ὁ
1318 487 1365 523 μὲν
1381 486 1435 522 γὰρ
1449 485 1510 517 νοῦς
1526 484 1626 516 ἁπλοῦς
1642 484 1689 511 καὶ
1707 485 1809 519 ἀμερής
1820 490 1828 498 ⁸

1049 536 1077 561 al
1099 535 1128 562 δὲ
1152 535 1258 569 νοήσεις
1279 532 1450 568 παμπληθεῖς
1471 531 1517 558 καὶ
1535 531 1692 564 σκεδασταὶ,
1713 530 1760 556 καὶ
1777 527 1828 556 οἷον

1049 581 1105 616 εἴδη
1117 580 1164 607 τοῦ
1180 580 1225 606 νοῦ
1237 588 1242 594 ·
1253 579 1296 606 διὰ
1305 578 1384 605 τοῦτο
1392 578 1426 605 τὰ
1436 577 1526 614 νοερὰ,
1538 577 1659 604 τουτέστι
1669 575 1703 603 τὰ
1712 575 1827 607 νοοῦντα,

1049 627 1178 654 ἐλάττονά
1191 627 1243 654 εἰσι
1258 626 1312 652 τῶν
1325 625 1438 661 νοητῶν,
1454 625 1514 651 ἀντὶ
1526 623 1584 656 τοῦ,
1600 623 1654 649 τῶν
1670 622 1827 657 νοουμένων.

1050 674 1165 700 Ἕνωσιν
1179 673 1208 700 δέ
1223 681 1289 708 φησι
1309 671 1355 698 τοῦ
1371 671 1428 703 νοῦ,
1442 670 1531 702 καθὼς
1547 671 1575 697 ἐν
1591 671 1647 701 τοῖς
1665 669 1727 704 ἑξῆς
1750 667 1828 703 σαφέ-

1050 728 1143 756 στερον
1157 720 1240 754 λέγει,
1255 719 1287 745 δι’
1305 715 1338 754 ἦς
1353 718 1420 753 πρὸς
1431 717 1465 744 τὰ
1477 717 1604 743 ἐπέκεινα
1619 715 1713 742 ἑαυτοῦ
1730 713 1831 741 ἀνατεί-

1049 775 1133 798 νεται,
1148 766 1231 801 ἤγουν
1255 766 1287 800 τῇ
1310 764 1373 800 περὶ
1396 763 1462 790 Θεοῦ
1485 762 1647 799 προσϐάλλει
1666 761 1776 797 θεωρίᾳ,
1794 760 1831 796 τῷ

1049 813 1158 841 πάντων
1172 812 1299 846 ἐκστῆναι
1310 810 1364 837 τῶν
1375 809 1511 846 αἰσθητῶν
1525 809 1571 835 καί.
1586 808 1639 834 τῶν
1655 807 1769 843 νοητῶν,
1792 806 1831 833 ἔτι

1047 860 1077 886 δὲ
1099 860 1145 886 καὶ
1168 859 1217 895 τῆς
1236 858 1338 889 οἰκείας
1357 857 1507 892 κινήσεως,
1530 853 1578 882 εἷθ’
1597 854 1669 881 οὕτω
1690 854 1739 889 τῆς
1760 853 1832 885 θείας

1049 905 1177 940 γνώσεως
1188 904 1313 937 δέξασθαι
1325 903 1372 939 τὴν
1383 903 1490 930 ἀκτῖνα.

1085 997 1198 1030 Ταύτην·
1214 995 1270 1022 οὖν
1285 994 1341 1028 τὴν
1356 993 1477 1027 ἄλογον.
1493 990 1625 1018 Ἐνταῦθα
1639 990 1754 1026 μάλιστα
1768 998 1833 1025 τρα-

1047 1045 1097 1076 νοί,
1114 1043 1172 1074 πῶς
1196 1041 1285 1077 μωρία
1305 1040 1352 1067 τοῦ
1375 1039 1453 1072 Θεοῦ,
1478 1038 1508 1065 τὸ
1525 1037 1677 1073 ὑπέρσοφον
1700 1037 1750 1071 τῆς
1772 1036 1834 1071 περὶ

1046 1090 1113 1117 Θεοῦ
1123 1088 1310 1124 ἀκαταληψίας
1327 1085 1453 1122 μέγεθος·
1469 1085 1534 1120 φησὶ
1544 1084 1597 1119 γὰρ
1613 1084 1653 1110 ὄτι
1667 1083 1705 1119 τῷ
1715 1082 1837 1120 αἰσθητῷ

1047 1135 1308 1173 περικεκλεισμένοι,
1318 1134 1348 1160 τὺ
1363 1133 1427 1168 περὶ
1439 1132 1533 1163 ὰῢλίας
1548 1132 1595 1158 καὶ
1609 1129 1834 1166 ὑπερουσιότητος

1048 1185 1114 1220 φέρε
1130 1184 1216 1210 εἰπεῖν
1231 1181 1279 1208 τοῦ
1295 1179 1361 1207 Θεοῦ
1377 1177 1601 1211 κατεξετάζοντες
1619 1176 1717 1212 δόγμα,
1730 1174 1835 1220 πλανω-

1048 1218 1129 1266 μείὶα,
1149 1230 1181 1255 ὲκ
1201 1228 1253 1255 τῶν
1279 1225 1415 1261 αἰσθητῶν
1437 1225 1528 1251 ἐκεῖνα
1554 1221 1758 1258 σταθμώμενοι*
1779 1218 1835 1248 οἷον

1047 1277 1078 1303 τὸ
1091 1276 1155 1312 περὶ
1171 1274 1285 1311 Τριάδος
1304 1273 1354 1308 τῆς
1377 1271 1461 1307 μόνης
1482 1269 1671 1306 προσκυνητῖμς
1694 1267 1837 1300 διεξιόντες

1048 1324 1189 1359 κήρυγμα,
1203 1322 1251 1348 καὶ
1262 1319 1475 1357 τρισυπόστατον
1491 1317 1637 1353 ἀμέριστον
1653 1316 1700 1342 καὶ
1715 1315 1837 1351 ἀδιαίρε-

1047 1378 1094 1396 τον
1109 1368 1253 1399 ἀκούοντές
1266 1375 1338 1398 τινες
1355 1364 1503 1399 θεολογίαν,
1519 1363 1598 1395 εὐθὺς
1619 1362 1779 1396 ἰλιγγιῶσιν,
1797 1363 1838 1393 εἰς

1047 1416 1083 1442 τὰ
1098 1415 1209 1451 σώματα
1222 1411 1458 1450 προσέχοντες,καὶ
1474 1411 1555 1437 τόπου
1576 1409 1699 1442 δεόμενα,
1716 1407 1763 1434 καὶ
1777 1407 1838 1434 δια-

1049 1463 1205 1499 στημάτων,
1218 1460 1353 1495 λέγοντες,
1373 1458 1435 1490 Πῶς
1454 1454 1509 1484 οἶόν
1528 1466 1558 1483 τε
1578 1456 1652 1499 τρεῖς
1674 1454 1839 1485 ὑποστάσεις

1049 1498 1098 1544 ὑφ(
1116 1507 1219 1535 ἑαυτῶν
1239 1505 1318 1538 εἶναι,
1338 1505 1386 1532 καὶ
1406 1503 1575 1540 ἀδιαιρέτους
1598 1498 1686 1533 εἷναι;
1713 1500 1760 1526 καὶ
1783 1499 1840 1535 γαρ

1049 1554 1175 1590 ἀγνοοῦσι
1200 1552 1344 1589 μωραίνειν
1370 1552 1399 1578 ὲν
1420 1551 1476 1581 τοῖς
1495 1548 1644 1583 αἰσθητοῖς,
1664 1547 1707 1573 ἴνα
1724 1545 1760 1572 τὰ
1778 1546 1841 1572 Θεῖα

214 1595 288 1622 enim
308 1596 469 1623 stultcscere
483 1597 510 1623 in
531 1597 689 1630 sensilibus,
706 1602 736 1625 ut
755 1599 784 1626 in
804 1599 905 1628 divinis
919 1601 1000 1629 insti-

1051 1600 1208 1636 ωφισθῶσι,
1227 1601 1273 1626 καὶ¹
1288 1597 1399 1625 τοιαῦτα
1414 1597 1495 1632 ἕτερα
1510 1595 1604 1631 μυρία,
1621 1593 1689 1629 πρὸς
1703 1592 1749 1624 οῦς
1762 1593 1776 1618 ὁ
1786 1591 1842 1618 Κύ-

216 1645 346 1675 tuantur;
359 1648 477 1677 suntque
490 1642 543 1669 alia
557 1643 664 1670 inﬁnita
687 1644 797 1677 similia,
813 1646 846 1673 ad
862 1655 931 1682 quos
946 1647 999 1675 Do-

216 1686 308 1714 minus
322 1694 476 1715 sermonem
492 1689 577 1716 istum
598 1690 720 1717 extendit
740 1700 748 1717 ε
764 1691 795 1718 Si
816 1697 919 1720 terrena
941 1693 1000 1721 dixi

215 1732 287 1760 vobis
297 1738 321 1760 et
337 1742 388 1760 non
402 1733 521 1767 creditis,
535 1735 677 1770 quomodo,
697 1737 720 1764 si
731 1737 823 1765 dixero
838 1739 910 1766 vobis
925 1742 1000 1767 etule-

216 1780 279 1811 stia,
300 1779 409 1807 credetis
436 1781 468 1806 εἳ
491 1784 519 1808 et
535 1781 646 1810 divinus
669 1782 770 1812 Paulus
791 1784 829 1811 ait
845 1795 852 1812 :
869 1785 1000 1813 Animalis

217 1824 293 1852 homo
306 1834 358 1852 non
373 1826 482 1860 percipit
496 1834 527 1853 ea
545 1835 603 1862 qua:
618 1832 679 1855 sunt
690 1829 835 1864 spiritus“;
851 1835 915 1858 sunt
928 1832 1000 1859 enim

218 1870 258 1897 illi
270 1871 394 1899 stultitia.
410 1871 454 1898 Sic
468 1872 550 1907 igitur
562 1874 715 1908 spiritualia
728 1883 788 1910 quae
800 1877 999 1912 persequenda,

218 1921 283 1944 sunt
295 1918 411 1944 stultitia
427 1917 475 1945 Dei
491 1919 561 1953 apud
577 1919 721 1954 homines;
736 1922 846 1950 stultam
864 1924 938 1950 enim
955 1932 1002 1951 sa-

219 1963 348 1997 pientiam
370 1963 449 1995 dixit,
466 1965 539 1998 quod
557 1965 631 1992 nulla
655 1967 788 2001 sapientia
804 1968 838 1995 ad
861 1976 920 1996 eam
938 1977 1001 2004 pcr-

219 2010 323 2044 tingere
338 2010 425 2044 possit
442 2019 448 2037 :
463 2010 503 2037 sic
518 2011 602 2046 igitur
619 2011 734 2040 rationis
758 2013 837 2048 187
855 2022 887 2041 ac
902 2016 1003 2043 mentis

219 2060 356 2090 expertem
381 2056 508 2088 vocavit,
531 2057 604 2092 quod
635 2058 740 2086 ratione
753 2064 807 2089 Vaut
829 2065 919 2089 mente
942 2070 1003 2096 qua:

220 2101 306 2136 ipsam
319 2107 438 2137 exponat
452 2110 499 2130 seu
515 2104 740 2138 comprehendat,
757 2110 859 2134 careat.

255 2147 268 2183 §
282 2147 313 2175 li.
332 2148 372 2175 Ex
391 2156 423 2175 ea
433 2149 607 2177 intellectiles.
623 2150 692 2178 Nota
705 2152 786 2178 etiam
803 2152 830 2179 in
845 2153 905 2181 aliis
923 2154 1004 2182 intel-

219 2194 335 2228 ligibilcs
351 2199 378 2222 et
398 2195 580 2231 intelligentes
600 2205 660 2225 esse
682 2197 843 2232 facultates,
857 2204 884 2227 et
906 2202 1003 2229 merito

220 2244 284 2267 sunt
298 2241 326 2267 in
335 2249 364 2268 se
374 2241 556 2277 intelligibiles
567 2250 598 2271 ac
607 2243 800 2279 intelligentes,
811 2245 883 2273 sicut
893 2246 1003 2275 ordines

219 2287 385 2320 superiores,
395 2287 579 2324 intelligibiles
590 2290 698 2324 quidem
706 2295 841 2326 quatenus
851 2292 886 2319 ab
894 2292 1004 2320 inferio-
1018 2282 1040 2310 Ῑ)

218 2332 295 2359 ribus
310 2333 515 2368 intelliguntur;
532 2335 714 2371 intelligentes
726 2341 815 2365 autem
825 2343 962 2373 quatenus
975 2344 1002 2367 et

219 2379 338 2412 supremi
351 2385 424 2411 sunt,
436 2385 462 2407 et
477 2380 625 2416 Deum,qui
637 2388 677 2409 est
689 2391 772 2421 super
788 2385 890 2416 omnia,
900 2385 1002 2412 intelli-

219 2431 282 2458 gere
293 2429 423 2458 quantum
439 2425 503 2453 licet
516 2428 694 2460 contendunt,
709 2437 827 2464 superne
840 2431 947 2466 quidem
964 2433 1003 2460 in-

220 2469 373 2497 tellectione
381 2471 487 2504 nutriti,
497 2479 544 2499 eos
553 2479 642 2501 autem
657 2475 704 2509 qui
719 2475 838 2504 demisse
848 2477 1003 2514 intelligunt

220 2515 380 2543 uutrientes.
396 2516 502 2545 Nostra
515 2520 587 2546 enim
608 2521 705 2547 animm
720 2524 786 2548 sunt
800 2526 906 2549 tantum
922 2524 1003 2551 intel-

221 2561 332 2596 ligemus
345 2571 352 2595 ;
369 2570 430 2589 nam
445 2564 564 2592 scienter
578 2571 710 2600 quantum
733 2571 848 2601 possunt
863 2570 1003 2603 superiora

221 2608 412 2643 intelligentes,
423 2617 477 2636 non
491 2610 590 2638 habent
603 2611 711 2646 aliquod
723 2617 786 2647 post
797 2621 826 2640 se
838 2613 1002 2650 intelligens,

222 2657 251 2679 ut
275 2654 356 2681 etiam
383 2655 582 2691 intelligantur;
608 2658 698 2684 anima
723 2659 796 2686 enim
829 2661 942 2690 rationis
971 2672 1003 2690 ac

221 2700 320 2728 mentis
333 2708 441 2736 expers,
457 2707 520 2738 post
540 2711 590 2730 nos
605 2708 664 2734 est;
679 2708 706 2731 at
719 2705 918 2735 intellectioncs
935 2710 1004 2736 divi-

256 2769 359 2799 ‘Joan.
379 2780 421 2805 ιιι,
440 2772 483 2800 12.
512 2782 525 2795 ιι
563 2772 654 2801 lCor.
674 2781 703 2800 ιι.
723 2775 756 2801 Η

1051 1656 1107 1683 ριος
1119 1646 1289 1674 ἀποτείνεται
1299 1653 1305 1659 ·
1321 1646 1356 1671 Ei
1371 1644 1407 1670 τὰ
1421 1643 1535 1677 ἐπίγεια
1550 1640 1637 1667 εἷπον
1649 1638 1721 1674 ὑμῖν
1736 1638 1785 1665 καί
1803 1639 1841 1664 οὐ

1050 1691 1215 1724 πιστεύετε,
1227 1691 1299 1723 πῶς,
1312 1690 1365 1716 ἐὰν
1380 1689 1451 1716 εἴπω
1466 1687 1538 1723 ὑμῖν
1554 1687 1590 1713 τὰ
1603 1684 1775 1719 ἐπουράνια,
1793 1692 1843 1710 πι-

1050 1740 1210 1770 anlio-ere;
1227 1737 1272 1764 καὶ
1287 1738 1301 1762 ὁ
1315 1736 1385 1767 Οεῖος
1404 1734 1509 1766 Παῦλος
1523 1733 1606 1767 λέγει,
1619 1732 1659 1758 ὃτι
1675 1733 1691 1758 ό
1707 1730 1844 1765 ψυχικὸς

1050 1786 1203 1820 ἅνθρωπος
1211 1785 1246 1811 οὺ
1254 1783 1370 1818 δέχεται
1384 1781 1420 1808 τὰ
1429 1781 1481 1808 τοῦ
1490 1780 1656 1814 πνεύματος
1663 1786 1670 1793 ο
1683 1777 1773 1813 μωρία
1785 1776 1843 1812 γὰρ

1051 1832 1125 1868 αὐτῷ
1139 1833 1221 1859 ἐστιν.
1238 1831 1318 1856 Ὥστε
1335 1827 1381 1856 οὖν
1399 1829 1416 1863 ἡ
1433 1826 1507 1863 παρὰ
1521 1824 1673 1861 ἀνθρώποις
1690 1822 1780 1859 μωρία
1793 1823 1844 1849 τοῦ

1051 1880 1118 1906 Θεοῦ
1133 1879 1168 1905 τὰ
1180 1875 1350 1913 πνευματικᾶ
1363 1875 1441 1907 εἰσιν,
1455 1874 1532 1900 ἆτινα
1550 1870 1744 1908 μεταδιωκτὲον
1753 1878 1759 1884 ·
1782 1878 1844 1905 μω-

1053 1926 1102 1962 ρὰν
1124 1925 1178 1960 γὰρ
1195 1924 1290 1958 σοφίαν
1311 1921 1382 1952 εἷπε,
1397 1920 1436 1956 τῷ
1461 1918 1595 1955 μηδεμίαν
1620 1918 1689 1952 αὐτῇ
1709 1916 1847 1943 δύνασθαι

1053 1971 1230 2007 προσϐάλλειν
1257 1969 1369 2004 σοφίαν·
1395 1967 1488 2002 ὥσπερ
1515 1964 1561 1992 οὖν
1589 1965 1637 1992 καὶ
1667 1963 1761 1997 ἄλογον
1795 1962 1846 1989 καὶ

1053 2019 1142 2052 ἄνουν,
1164 2018 1200 2049 ὡς
1218 2018 1254 2053 μὴ
1277 2016 1390 2052 ἔχουσαν
1411 2014 1489 2048 λόγον
1510 2012 1527 2049 ἦ
1549 2011 1610 2038 νοῦν
1632 2009 1848 2046 ἑρμηνευτικὸν,

1055 2067 1138 2102 ἤγουν
1154 2062 1355 2100 καταληπτικὸν
1370 2061 1467 2095 αὐτῆς.

1090 2154 1104 2190 §
1118 2154 1147 2180 ll.
1171 2153 1222 2185 Ἐξ
1237 2152 1331 2186 αὐτῆς
1345 2152 1375 2177 αὶ
1390 2148 1504 2183 νοηταί.
1517 2147 1682 2183 Σημείωσαι,
1701 2146 1738 2174 ὡς
1752 2146 1804 2172 καὶ
1818 2146 1851 2172 ὲν

1055 2201 1144 2231 ἄλλοις
1161 2200 1183 2216 ’⁸³
1197 2197 1289 2234 νοηταί
1306 2198 1358 2224 εἰσι
1375 2197 1422 2224 καὶ
1434 2195 1525 2231 νοεραὶ
1537 2194 1680 2229 δυνάμεις’
1704 2191 1751 2218 καὶ
1769 2192 1851 2218 εἰκό-

1055 2256 1108 2278 τως
1127 2247 1155 2273 ἐν
1174 2246 1263 2276 αὐτοῖς
1285 2246 1351 2270 εἰσιν
1374 2244 1398 2270 οἱ
1420 2241 1496 2269 αὐτοὶ
1511 2240 1558 2268 καὶ
1577 2239 1665 2274 νοητοί
1680 2238 1727 2264 καὶ
1742 2239 1852 2273 νοεροὶ,

1055 2294 1149 2329 ὥσπερ
1173 2293 1200 2319 αἱ
1217 2292 1272 2319 ἅνω
1282 2291 1304 2306 ⁸⁵
1318 2290 1427 2323 τάξεις·
1447 2288 1542 2323 νοηταὶ
1560 2286 1608 2322 μὲν
1632 2284 1693 2311 καθ’
1708 2284 1722 2310 ὃ
1740 2285 1774 2310 ὲκ
1791 2284 1853 2310 τῶν

1056 2339 1263 2374 ὺποϐεὸηκότων
1283 2337 1403 2363 νοοῦνται
1413 2344 1419 2350 ·
1442 2334 1532 2369 νοεραί
1547 2333 1586 2364 δὲ,
1604 2331 1663 2359 καθ’
1679 2331 1693 2356 ὃ
1709 2330 1757 2356 καὶ
1772 2329 1853 2355 ἀνώ-

1054 2387 1134 2414 ταταί
1158 2387 1225 2417 εἰσι,
1253 2384 1300 2411 καὶ
1319 2383 1365 2409 τὸν
1385 2382 1455 2417 ὑπὲρ
1474 2381 1562 2407 πάντα
1585 2378 1649 2405 Θεὸν
1674 2378 1756 2406 νοεῖν,
1784 2376 1854 2402 ὅσον

1055 2432 1176 2468 ἐφικτὸν,
1200 2430 1398 2461 ἀνατείνονται,
1424 2427 1525 2455 ἄνωθεν
1550 2425 1599 2461 μὲν
1620 2423 1790 2460 τρεφόμεναι
1813 2423 1854 2456 τῇ

1057 2481 1160 2515 νοήσει,
1186 2478 1334 2513 τρέφουσαι
1353 2475 1381 2501 δὲ
1399 2474 1463 2505 τοὺς
1479 2471 1630 2507 ὑφειμένως
1653 2468 1796 2515 νοοῦντας.
1814 2468 1854 2493 Αἰ

1055 2513 1108 2561 γὰρ
1125 2524 1256 2560 ἡμέτεραι
1276 2522 1360 2557 ψυχαὶ
1375 2520 1466 2556 νοεραὶ
1481 2519 1574 2554 μόνον·
1590 2516 1696 2542 νοοῦσαι
1711 2513 1855 2561 γὰρλὲττι-

1204 2559 1264 2596 ὅσον
1290 2566 1345 2595 οἷόν
1371 2575 1416 2600 τε,
1441 2565 1475 2591 τὰ
1501 2561 1720 2599 ὑπερϐεϐηκότα,
1750 2559 1855 2585 οὐκέτι

1056 2605 1145 2653 ἐχοῦσι
1162 2616 1254 2652 νοερόν
1267 2624 1293 2641 τι
1315 2613 1383 2650 μετὰ
1398 2612 1507 2643 ταύτας,
1525 2611 1568 2636 ῖνα
1588 2609 1635 2635 καὶ
1657 2605 1816 2640 νοηθῶσιν’
1836 2605 1856 2639 ἡ

1055 2665 1150 2698 ἄλογος
1165 2664 1220 2699 γὰρ
1233 2664 1280 2690 καὶ
1293 2662 1372 2692 ἄνους
1386 2660 1458 2695 ψυχὴ
1477 2658 1534 2694 μεθ’
1549 2657 1636 2692 ἡμᾶς·
1653 2654 1681 2680 αί
1691 2653 1720 2679 δὲ
1735 2653 1857 2699 νοήσεις

1055 2711 1109 2737 τῶν
1121 2698 1280 2736 θείωνγνοῶν
1293 2708 1343 2735 οὐκ
1353 2708 1381 2733 ὲν
1395 2706 1547 2741 διανοήσεσι
1559 2704 1618 2734 ταῖς
1631 2700 1689 2728 καθ’
1705 2699 1800 2735 ἡμᾶς,
1812 2698 1859 2730 εἰς

661 2849 780 2878 VARUS
800 2848 991 2879 LECTIONES
1008 2852 1050 2880 ΕΤ
1070 2848 1342 2880 CORRECI‘IONES.

267 2928 290 2944 “
307 2928 346 2955 7m
360 2929 406 2955 καὶ
421 2930 449 2955 ἐν
467 2929 600 2964 ἀγγέλοις.
657 2929 685 2967 ,³³
699 2929 837 2957 ἀνωτάτω.
