1926 3062
132 198 185 226 545

483 197 512 226 S.
534 196 659 225 MAXIM!
677 195 824 225 SCHOLIA
842 195 875 223 lN
896 195 959 223 LIB.
980 195 1024 222 DE
1040 194 1167 222 DIVINIS
1184 194 1378 224 NOMlNlBUS.

1701 194 1753 222 556

131 258 165 289 ἃς
182 256 333 292 διανοήσεις
353 255 476 283 κάτεισιν
496 255 575 292 ὴμῶν
596 256 611 283 ὁ
633 255 695 287 νοῦς
717 255 749 282 ἐκ
763 255 818 281 τῶν
839 263 909 290 μερι-

971 260 1067 280 narum
1081 253 1212 280 mentium
1228 261 1282 280 non
1296 256 1360 281 sunt
1374 253 1401 280 in
1414 251 1626 288 cogitationibus
1638 252 1752 283 nostris,

132 302 213 335 στῶν,
229 302 351 329 τουτέστι
365 302 419 330 τῶν
433 301 568 337 αἰσθητῶν
586 302 634 328 καὶ
653 301 805 334 διεξοδικῶν
819 300 915 335 λόγων,

131 348 191 376 ἀντὶ
207 348 253 375 τοῦ
266 349 319 375 τῶν
332 348 409 375 είδῶν
423 349 469 375 καὶ
481 348 528 374 τοῦ
542 347 670 384 πλήθους,
692 347 760 383 ὅπερ
779 346 840 373 ὲστ¹ι
862 345 917 372 τῶν

132 394 232 421 ὑλικῶν
247 394 420 429 συλλέγουσαι
434 394 482 426 τὰς
495 394 602 430 νοήσεις
616 393 714 426 ἁΰλως,
729 393 818 420 πάντα
836 392 864 419 ἐν
877 391 916 427 τῷ

131 440 209 476 ἁπλῷ
223 440 382 476 θεωροῦσαι,

167 531 288 565 Νοηταί.
306 530 342 556 Τὸ
355 529 459 564 νοηταὶ
474 529 570 565 νόησον
590 529 628 561 ὡς
643 529 711 565 πρὸς
726 529 800 565 ἡμᾶς
810 537 817 544 '
835 529 866 556 τὸ
886 528 915 556 δὲ

131 577 230 611 γοεραί
246 577 284 608 ὡς
298 577 366 612 πρὸς
378 576 426 603 τὸν
441 576 517 603 Θεόν.

167 666 205 693 Ἦ
219 665 278 693 ἀπὸ
300 666 457 700 μεριστῶν.
482 666 576 701 Ἡμεῖς
595 666 624 692 ἐν
646 667 782 701 μεριστοῖς
802 660 857 696 τοῖς
872 665 915 691 αί-

130 711 286 747 σθητηρίοις
298 720 304 726 ·
321 711 384 738 ἄλλο
397 711 452 747 γὰρ
463 712 543 747 ἀκοὴ,
558 712 605 738 καὶ
621 712 713 748 ἕτερον
727 712 796 747 ὄψις,
814 712 860 738 καὶ
880 711 915 739 τὰ

129 757 196 784 ἄλλα
215 758 336 792 ὁμοίως·
362 757 409 784 καὶ
430 758 485 784 ἀπὸ
511 757 645 793 μεριστῶν
665 758 719 784 τῶν
741 757 812 784 κατὰ
829 757 915 785 ταῦτα

129 803 264 839 αἰσθητῶν
279 804 329 839 τὴν
347 803 401 830 τῶν
416 804 500 831 ὄντων
515 804 616 838 γνῶσιν
638 804 876 840 ἀναλαμϐάνομεν,
893 804 908 838 ἢ

128 851 158 877 ὲν
179 852 315 886 μεριστοίς
331 851 379 886 μὲν
395 852 452 882 τοῖς
467 850 537 878 κατὰ
553 851 635 886 μέρος
654 851 781 886 νοήμασι,
796 851 850 877 ἀπὸ
868 860 915 886 με-

130 897 228 930 ριστῶν
241 897 270 924 δὲ
283 897 337 924 τῶν
353 897 506 933 μαθήσεων,
521 897 581 932 ἦτοι
599 896 652 923 τῶν
672 897 822 932 νοουμένων
836 906 842 912 '
860 897 913 924 ἔσθ’

968 300 996 326 in
1020 306 1090 334 quas
1112 299 1291 334 cogitationes
1314 307 1393 327 mens
1416 303 1510 326 nostra
1524 306 1556 326 ex
1572 298 1754 326 divisibilibus

967 346 1120 377 descendit,
1136 346 1163 373 id
1179 350 1222 372 est
1241 354 1273 373 ex
1289 346 1437 374 sensilibus
1460 350 1486 374 et
1505 345 1573 373 fusis
1587 345 1752 378 rationibus,

967 400 1016 427 pro
1030 391 1173 427 speciebus
1195 399 1227 418 ac
1240 392 1424 424 multitudine,
1437 391 1510 427 quod
1523 395 1575 424 est,
1591 391 1753 418 intellectio-

966 445 1016 465 nes
1031 438 1214 464 materialium
1226 438 1396 473 colligentes,
1413 438 1505 465 omnia
1522 438 1581 465 sine
1596 436 1710 464 materia
1724 437 1752 464 in

966 484 1083 519 simplici
1098 484 1323 518 contemplantes.

1003 530 1185 563 Intellectiles,
1198 530 1246 558 Gr.
1259 530 1363 566 νοηταί.
1378 530 1501 566 lntellige
1513 530 1578 557 illud
1592 530 1694 566 νοηταί,
1710 530 1753 556 in-

967 576 1131 611 telligibiles.
1145 580 1277 612 quantum
1292 577 1326 603 ad
1339 584 1406 609 nos;
1431 576 1519 612 ipsum
1540 581 1631 604 autem
1649 575 1750 612 νοεραί⁹

966 622 1159 657 intelligentes,
1177 626 1309 657 quantum
1325 623 1358 650 ad
1374 622 1471 650 Deum.

1002 668 1056 695 Aut
1076 677 1092 695 ιι
1117 669 1243 697 dividuis.
1267 669 1322 697 Nos
1343 669 1525 696 divisibilibus
1550 676 1680 696 sensuum
1709 668 1753 695 in-

966 715 1126 743 strumentis
1154 717 1276 749 utimur;
1303 715 1375 742 aliud
1395 716 1468 742 enim
1493 715 1613 746 auditus,
1629 718 1656 742 et
1679 715 1752 742 aliud

964 762 1051 794 visus,
1073 767 1100 789 ct
1122 762 1163 790 sic
1184 762 1218 789 de
1233 763 1293 789 aliis
1307 771 1314 789 :
1339 765 1366 790 et
1379 762 1422 789 his
1437 770 1452 788 a
1463 761 1648 789 divisibilibus
1663 760 1752 788 sensi-

965 807 1037 836 libus
1058 816 1148 835 rermn
1177 809 1360 843 cognitionem
1385 809 1548 843 recipimus,
1569 811 1616 834 aut
1634 807 1661 833 in
1682 806 1752 833 divi-

965 854 1089 882 sibilibus
1112 855 1222 889 quidem
1249 862 1283 882 ex
1312 860 1388 889 parte
1412 854 1644 890 cogitationibus;
1668 853 1714 881 sed
1735 861 1750 879 a

965 898 1149 926 divisibilibus
1180 898 1334 933 disciplinis
1361 906 1410 925 seu
1438 898 1592 925 intellectus
1619 897 1750 931 objectis;

127 943 172 969 ὅτε
186 943 214 969 δὲ
228 944 274 970 καὶ
287 943 333 970 διὰ
351 943 436 978 λόγων
451 943 504 970 τῶν
526 942 689 976 διεξοδικῶν,
704 943 825 969 τουτέστι
841 944 909 979 σαφῆ

964 945 1110 980 aliquando
1138 948 1228 972 autem
1260 952 1309 979 per
1331 944 1406 972 fusas
1434 952 1467 971 ac
1497 944 1602 978 amplas
1620 944 1750 974 rationes,

127 991 175 1017 καὶ
196 990 386 1026 διηπλωμένην
407 989 457 1025 τὴν
477 988 606 1024 ἐξήγησιν
630 989 807 1024 ποιουμένων.
829 991 862 1016 Al
884 990 913 1016 δὲ

127 1036 218 1071 νοεραὶ
233 1036 336 1070 φύσεις,
352 1035 540 1071 ἀκοινωνήτως
555 1035 595 1066 εἰς
608 1035 642 1061 τὰ
657 1035 768 1062 τοιαῦτα
787 1035 810 1051 ⁸⁵
824 1036 912 1062 πάντα

127 1081 248 1117 ἔχουσαι,
270 1082 358 1117 ὲνιαίᾳ
378 1083 425 1108 καὶ
445 1081 518 1118 ἁπλῇ
537 1082 627 1116 νοήσει
646 1081 697 1116 τῆς
715 1081 844 1118 ἀληθείας
862 1082 913 1118 τὴν

126 1128 227 1162 γνῶσιν
244 1128 427 1164 ὲλλάμπονται
443 1128 476 1154 ⁵⁸.

155 1174 210 1200 Καὶ
217 1175 302 1201 ἐστιν
309 1174 487 1207 αὑταῖς.Τοῖς
495 1174 619 1209 ἀγγέλοις
625 1175 647 1190 ⁸⁷
655 1174 750 1210 νοερὰν
764 1172 833 1201 εἷναί
847 1183 912 1210 φησι

124 1219 238 1256 δύναμιν
256 1221 303 1247 καὶ
317 1221 455 1256 ἐνέργειαν
474 1221 506 1248 ὲκ
518 1221 568 1256 τῆς
587 1221 743 1257 ὑπερφυοῦς
757 1221 852 1256 σοφίας
865 1221 911 1248 τοῦ

124 1265 192 1292 Θεοῦ
206 1267 352 1302 γενομένην
365 1275 371 1282 ·
388 1267 418 1299 ἐξ
432 1267 514 1294 αὑτοῦ
529 1267 582 1302 γὰρ
596 1268 621 1293 οί
637 1267 703 1294 θεῖοι
720 1267 829 1301 ἄγγελοι
842 1266 913 1293 κατὰ

125 1313 242 1348 μετοχὴν
259 1313 309 1348 τὴν
331 1312 446 1348 δύναμιν
470 1314 519 1349 τῆς
534 1315 630 1349 νοερᾶς
648 1313 788 1349 ἐνεργείας
809 1313 910 1348 ἔχουσι,

123 1358 184 1385 καθ’
200 1359 234 1394 ἢν
252 1358 357 1386 νοοῦσιν
375 1360 487 1392 ἑαυτοὺς
502 1360 549 1387 καὶ
567 1360 603 1386 τὰ
615 1360 689 1392 ὄντα,
706 1360 753 1386 καὶ
771 1359 820 1391 τὰς
841 1359 910 1391 ἰδέας

123 1404 280 1436 ἐποκικῶς
298 1405 430 1438 νοοῦντες,
449 1406 483 1437 ἃς
498 1406 603 1442 νοήσεις
625 1406 750 1441 ὠνόμασε
772 1405 820 1432 τοῦ
843 1405 910 1432 Θεοῦ

123 1447 203 1477 εἶναι.
230 1450 405 1477 Ἐπείσακτον
426 1449 473 1477 οὖν
496 1451 602 1486 ἔχουσιν
621 1450 651 1483 ἐξ
673 1451 759 1477 αἰτίου
775 1450 822 1477 τοῦ
844 1450 911 1477 Θεοῦ

123 1496 173 1531 τήν
185 1496 279 1532 νοερὰν
293 1496 394 1532 ταύτην
409 1497 558 1533 ἐνέργειαν,
574 1497 622 1524 καὶ
635 1497 723 1524 νοοῦσι
733 1497 768 1524 τὰ
779 1497 842 1523 ὄντα
853 1497 912 1524 λίαν

124 1541 401 1578 ὑπεραναὸεόηκότως
415 1543 469 1570 τῶν
483 1543 587 1578 ψυχῶν,
604 1544 660 1578 εῐγε
676 1543 705 1570 αἱ
721 1543 770 1578 μὲν
784 1543 867 1578 ψυχαὶ
880 1544 912 1570 ὲκ

121 1588 178 1614 τῶν
192 1588 277 1615 ὄντων
294 1589 381 1616 αὐτῶν
405 1589 494 1616 νοοῦσι
515 1589 549 1616 τὰ
574 1590 654 1623 ὅντα,
673 1590 721 1616 καὶ
737 1591 793 1621 τοῖς
815 1589 911 1616 εῖδεσιν

122 1634 322 1667 ἐπιϐάλλουσιν,
346 1635 416 1671 ὅπερ
435 1635 651 1671 διεξοδικώτερόν
673 1636 731 1662 ἐστι
759 1636 838 1667 νοεῖν,
864 1636 911 1662 καὶ

121 1680 215 1717 κύκλῳ
239 1683 373 1717 περιεῖναι
399 1681 433 1708 τὰ
455 1682 545 1710 πάντα
563 1683 595 1708 ⁸⁸.
620 1683 655 1709 Οἵ
671 1691 703 1716 γε
728 1682 781 1717 μὴν
802 1682 911 1716 ἄγγελοι

123 1727 194 1754 κατὰ
222 1727 273 1764 τὴν
299 1728 412 1755 ἐνοῦσαν
439 1728 529 1760 αὐτοῖς
558 1728 714 1760 θεοείδειαν,
744 1727 852 1759 ὲνιαίως
876 1726 911 1754 τὰ

123 1773 213 1809 πλήθη
229 1774 279 1810 τῆς
292 1775 407 1806 κτίσεως
419 1774 519 1807 νοοῦσι,
538 1775 585 1801 καὶ
599 1775 629 1801 οὐ
647 1774 800 1810 μερίζονται
817 1775 857 1806 είς
866 1774 912 1801 τὸν

123 1820 275 1855 σκεδασμὸν
289 1820 339 1856 τῆς
355 1820 490 1852 ποικιλίας
505 1821 559 1847 τῶν
573 1820 667 1852 ὄντων,
684 1822 743 1856 ἦτοι
761 1822 802 1852 είς
815 1820 850 1847 τὰ
869 1821 911 1848 al-

122 1865 219 1900 σθητὰ,
243 1866 281 1898 ὠς
306 1866 356 1902 [αἱ]
380 1866 488 1901 λογικαὶ
509 1867 612 1902 ψυχαί-
638 1867 742 1894 ἐκείνου
769 1866 798 1893 δὲ
820 1867 911 1898 ποσῶς

120 1911 258 1944 ἀξιοῦνται
281 1913 309 1939 αἱ
329 1913 423 1948 ψυχαὶ,
448 1913 488 1945 είς
511 1913 627 1949 μίμησιν
642 1913 774 1948 ἀγγέλων,
788 1913 844 1945 ὅτε,
861 1913 910 1948 τήν

120 1957 213 1993 νόησιν
235 1958 290 1985 τῶν
313 1959 417 1986 πολλῶν
443 1960 483 1991 είς
510 1959 538 1986 ἒν
567 1959 780 1991 συνελίττουσαι,
804 1959 910 1994 ἔχουσιν

119 2004 188 2039 ὁμοῦ
205 2005 292 2031 πάντα
307 2006 335 2031 ὲν
348 2005 443 2037 αὑταῖς
458 2005 617 2040 ἀσυγχύτως
630 2005 824 2041 διακεκριμένα
835 2013 842 2020 ·
862 2005 910 2032 καὶ

119 2051 220 2084 ἔξωθεν
245 2051 335 2087 μέντοι
351 2052 379 2078 αἱ
393 2052 478 2087 ψυχαὶ
491 2052 652 2078 ἐπείσακτον
669 2051 759 2087 ἔχουσι
774 2052 804 2078 τὸ
826 2053 906 2084 νοεῖν,

118 2097 174 2124 τῶν
189 2097 311 2132 ἀγγέλων
325 2098 355 2130 ἐξ
367 2098 471 2125 ἑαυτῶν
487 2099 533 2125 καὶ
544 2098 572 2124 ὲν
590 2099 695 2130 ἑαυτοῖς
711 2098 851 2130 νοούντων,
861 2098 908 2125 ἆτε

120 2143 168 2170 καὶ
192 2143 316 2170 θεοειδῶν
339 2145 432 2171 ὄντων.
449 2145 504 2172 Καὶ
519 2144 606 2171 ταῦτα
629 2144 678 2179 μὲν
698 2144 762 2180 περὶ
781 2144 834 2170 τῶν
849 2152 910 2179 νοη-

118 2189 190 2216 τῶν’
208 2190 273 2225 περὶ
286 2190 314 2217 δὲ
326 2191 392 2217 Θεοῦ
408 2191 482 2222 ὅπως
492 2192 556 2223 νοεῖ,
573 2190 644 2226 ἔχεις
660 2191 707 2216 καὶ
721 2187 772 2216 ὧδε
788 2190 836 2216 καὶ
852 2191 908 2217 ἄνω

119 2236 150 2262 ὲν
169 2235 287 2271 πέμπτῳ
306 2236 443 2272 κεφαλαίῳ
466 2238 549 2271 ἐγγὺς
564 2236 610 2263 τοῦ
629 2237 737 2269 τέλους’
755 2237 769 2263 ὅ
785 2237 813 2263 δὲ
832 2237 908 2264 εἵπο-

964 991 991 1018 id
1004 996 1046 1019 est
1058 992 1160 1020 claram
1176 996 1203 1019 et
1223 991 1387 1025 explicatam
1415 990 1618 1018 enarrationem
1649 989 1751 1016 facien-

963 1041 1014 1064 tes.
1039 1037 1222 1070 lntelligentes
1244 1044 1309 1064 vero
1324 1041 1437 1069 naturae,
1455 1036 1557 1063 nullam
1580 1035 1608 1062 in
1630 1035 1673 1062 his
1689 1042 1751 1061 Olli-

963 1083 1044 1110 nibus
1073 1083 1350 1110 communicationem
1374 1082 1521 1114 habentes,
1549 1089 1602 1108 una
1628 1085 1655 1108 et
1684 1080 1753 1108 sim—

963 1129 1025 1164 plici
1048 1129 1232 1156 intellectione
1253 1128 1375 1156 veritatis
1390 1128 1546 1163 cognitione
1567 1128 1749 1154 illustrantur.

998 1173 1096 1209 Estque
1118 1173 1183 1200 illis.
1201 1173 1272 1200 Dicit
1294 1181 1357 1201 esse
1376 1174 1403 1200 in
1428 1173 1534 1208 angelis
1549 1172 1706 1200 facultatem
1724 1176 1751 1199 et

961 1219 1110 1248 efﬁcaciam
1136 1220 1331 1255 intelligentem
1357 1227 1372 1246 a
1400 1219 1604 1254 supernaturali
1631 1219 1678 1245 Dei
1706 1226 1751 1246 sa-

962 1267 1065 1301 pientia
1082 1269 1170 1293 ortam
1185 1275 1192 1300 ;
1210 1273 1242 1293 ex
1265 1266 1325 1300 ipso
1339 1265 1412 1292 enim
1426 1265 1509 1293 divini
1532 1265 1621 1300 angeli
1637 1265 1750 1300 partici-

961 1313 1072 1347 patione
1100 1312 1256 1339 facultatem
1285 1311 1463 1346 intelligentis
1488 1310 1614 1338 efﬁcacia:
1638 1311 1749 1343 habent,

962 1365 1016 1393 qua
1031 1357 1137 1392 seipsos
1152 1365 1185 1384 ac
1201 1365 1245 1384 res
1260 1357 1425 1392 intelligunt,
1440 1361 1520 1392 atque
1537 1356 1612 1384 ideas
1625 1357 1751 1384 intuitive

962 1403 1126 1439 intelligunt,
1142 1410 1211 1438 quas
1225 1402 1272 1430 Dei
1288 1403 1461 1438 cognitiones
1478 1404 1641 1430 nominavit.
1659 1403 1750 1430 Intro-

961 1450 1070 1477 ductam
1084 1450 1167 1485 igitur
1180 1449 1282 1476 habent
1297 1450 1331 1477 ah
1351 1454 1464 1477 auctore
1485 1449 1540 1477 Deo
1556 1450 1750 1485 intelligentem

961 1495 1032 1522 hanc
1047 1494 1204 1527 efficaciam,
1221 1498 1302 1530 atque
1326 1494 1404 1522 valde
1424 1495 1652 1522 transcendenter
1667 1503 1750 1530 supra

961 1540 1085 1574 animas;
1102 1540 1125 1568 si
1139 1541 1248 1576 quidem
1264 1541 1363 1568 animae
1377 1548 1410 1567 ex
1433 1540 1500 1575 ipsis
1514 1541 1597 1568 rebus
1610 1549 1658 1568 seu
1673 1541 1750 1575 obje-

962 1586 1015 1614 ctis
1041 1587 1121 1622 188
1148 1595 1193 1615 res
1209 1587 1371 1622 intelligant,
1387 1590 1414 1613 et
1429 1587 1572 1621 speciebus
1595 1587 1748 1620 intendant,

961 1633 1033 1667 quod
1058 1636 1100 1661 est
1122 1634 1331 1662 ratiocinatione
1355 1634 1481 1669 pluribus
1496 1634 1658 1668 intelligere,
1675 1641 1707 1660 ac
1720 1634 1749 1661 in

962 1678 1054 1705 orbem
1070 1678 1161 1705 omnia
1185 1679 1314 1706 circuire.
1330 1680 1425 1714 Angeli
1440 1687 1504 1707 vero
1524 1679 1618 1706 innata
1634 1679 1685 1707 sibi
1702 1679 1750 1706 Dei

962 1724 1151 1757 similitudine,
1167 1725 1247 1752 unice
1263 1733 1310 1752 seu
1324 1734 1372 1760 per
1386 1727 1495 1753 modum
1512 1725 1594 1753 unius
1608 1729 1749 1752 creaturas

962 1770 1063 1798 multas
1079 1771 1246 1807 intelligunt,
1268 1780 1357 1807 neque
1371 1772 1532 1799 dividuntur
1548 1773 1576 1799 in
1592 1772 1748 1799 distinctio-

961 1823 1023 1843 nem
1035 1817 1177 1845 varietatis
1191 1825 1283 1844 rerum
1300 1826 1347 1845 seu
1371 1818 1494 1848 sensilia.
1511 1818 1583 1845 sicut
1599 1818 1749 1844 rationales

960 1862 1058 1889 anima:
1076 1872 1082 1889 τ
1106 1870 1188 1897 porro
1203 1864 1301 1891 anima:
1321 1865 1367 1891 illa
1389 1872 1417 1892 re
1437 1864 1637 1899 aliquantulum
1661 1864 1750 1899 digna:

961 1907 1044 1941 ﬁunt,
1065 1910 1176 1945 angelos
1198 1911 1350 1943 imitando,
1366 1912 1488 1946 quando,
1506 1913 1653 1938 multorum
1670 1911 1698 1938 in
1720 1919 1750 1938 se

961 1955 1132 1989 objectorum
1156 1957 1370 1985 intellectionem
1389 1959 1416 1985 in
1435 1966 1518 1985 nnmn
1541 1959 1746 1988 convolventes.

960 2002 1053 2029 omnia
1067 2003 1149 2030 simul
1171 2004 1231 2032 sine
1246 2004 1408 2032 confusione
1424 2005 1554 2032 distincta
1572 2005 1687 2038 habent;
1702 2012 1749 2032 ve-

959 2053 1114 2077 rumtamen
1134 2051 1232 2078 anima:
1252 2051 1392 2078 inductam
1415 2052 1450 2079 ab
1467 2053 1621 2079 extrinseco
1642 2051 1750 2079 intelleb

959 2095 1077 2122 ctionem
1091 2096 1202 2130 habent,
1223 2097 1269 2124 sed
1284 2097 1371 2132 angeli
1388 2105 1420 2124 ex
1443 2097 1541 2132 seipsis
1560 2101 1586 2125 et
1608 2098 1634 2124 in
1650 2097 1748 2132 seipsis

960 2141 1116 2178 intelligunt
1137 2146 1231 2177 utpote
1246 2143 1403 2171 deiformes.
1429 2144 1461 2170 lit
1477 2145 1533 2171 lucc
1549 2143 1657 2178 quidem
1674 2143 1749 2171 sufli-

959 2187 1034 2215 ciant
1056 2188 1090 2216 de
1115 2188 1345 2223 intelligibilibus.
1363 2188 1401 2216 De
1425 2189 1481 2216 Deo
1505 2193 1595 2216 autem
1611 2191 1748 2224 quomodo

959 2234 1102 2270 intelligat,
1113 2235 1160 2261 hic
1171 2242 1280 2270 quoque
1294 2235 1388 2266 habes,
1401 2240 1426 2262 et
1442 2235 1570 2269 superius
1582 2236 1655 2262 circa
1667 2235 1748 2263 finem

121 2292 171 2318 μεν
193 2284 257 2318 περὶ
280 2283 383 2319 ψυχῶν,
405 2283 447 2310 ὅτι
467 2282 644 2318 ἁγγελοειδῶς
664 2283 704 2314 είς
726 2282 754 2309 ἓν
771 2282 806 2309 τὰ
824 2283 909 2310 πολλὰ

964 2281 1058 2316 capitis
1070 2281 1176 2316 quinti;
1196 2281 1269 2316 quod
1293 2286 1383 2308 autem
1405 2282 1523 2309 diximus
1540 2281 1573 2309 de
1595 2282 1747 2315 animabus,

120 2330 291 2362 συνελίξασαι
303 2329 402 2361 νοοῦσι,
419 2329 534 2365 μάλιστα
546 2330 574 2355 ὲν
590 2330 623 2365 τῇ
640 2328 785 2355 ἀναστάσει
799 2329 909 2361 τελείως

118 2375 234 2409 ἕξουσιν,
252 2376 296 2402 ὅτε
309 2374 387 2407 αὖθις
402 2376 430 2402 ἐν
447 2377 503 2407 τοῖς
519 2375 621 2402 ἑαυτῶν
634 2374 740 2410 σώμασι
753 2375 908 2410 γενόμεναι,

118 2422 169 2456 τὴν
184 2422 238 2448 τῶν
250 2422 334 2449 ὄντων
345 2422 443 2457 γνῶσιν
453 2422 557 2449 τελείαν
572 2422 754 2457 ἀπολήψονται
762 2443 767 2448 .
775 2421 866 2447 Ταῦτα
881 2421 910 2447 δὲ

118 2469 136 2503 ἡ
149 2467 202 2494 τῶν
222 2468 333 2496 δικαίων
347 2469 493 2499 ἀνάστασις
504 2467 612 2499 τελείως
623 2467 688 2500 ἕξει,
701 2468 772 2494 κατὰ
787 2468 817 2493 τὸ
833 2468 909 2502 είρη-

120 2515 201 2550 μένον
214 2523 220 2529 ·
237 2515 293 2541 Καὶ
309 2515 402 2548 οὕτως
418 2514 546 2541 πάντοτε
562 2513 623 2540 σὺν
638 2513 736 2548 Κυρίῳ
758 2514 886 2548 ἐσόμεθα
897 2521 905 2529 ⁴

118 2561 168 2588 καὶ
189 2561 288 2588 πάλιν·
313 2562 377 2588 Νῦν
396 2562 436 2594 ὡς
457 2561 492 2587 ἐν
516 2561 668 2594 κατόπτρῳ
694 2559 743 2586 καὶ
755 2559 908 2594 αἰνίγματι

117 2606 289 2642 βλέπομεν,
311 2608 377 2634 τότε
400 2607 434 2633 δὲ
456 2607 618 2641 πρόσωπον
633 2606 708 2640 πρὸς
729 2607 905 2640 πρόσωπον,

118 2652 169 2688 τὴν
184 2652 238 2680 τῶν
253 2653 337 2680 ὄντων
352 2653 452 2688 γνῶσιν
466 2652 585 2688 δηλονότι
600 2653 845 2689 παιδευθησόμεθα.

149 2759 164 2774 ν
181 2754 191 2781 Ι
209 2754 306 2784 Thess.
325 2764 362 2790 tv,
381 2756 424 2784 16.
459 2764 472 2778 ι
490 2757 500 2784 l
515 2758 579 2786 Cor.
598 2766 661 2792 xm,
679 2759 723 2786 l2.

961 2334 1008 2354 eas
1026 2327 1053 2353 in
1073 2327 1183 2353 modum
1208 2327 1366 2361 angelorum
1389 2327 1473 2354 multa
1494 2327 1520 2354 in
1536 2335 1620 2354 unum
1638 2328 1749 2354 convol-

959 2376 1054 2399 ventes
1070 2372 1231 2408 intelligere,
1247 2373 1366 2400 maxime
1381 2374 1408 2400 in
1435 2374 1636 2401 resurrectione
1658 2374 1747 2408 perfe-

959 2422 1002 2445 cte
1024 2418 1195 2450 obtinebunt,
1211 2419 1332 2454 quando,
1351 2427 1448 2447 rursus
1461 2420 1488 2446 in
1509 2420 1566 2447 suis
1586 2420 1748 2455 corporibus

959 2464 1132 2498 exsistentes,
1145 2464 1292 2499 perfectam
1304 2472 1394 2492 rerum
1409 2466 1592 2501 cognitionem
1602 2467 1745 2501 accipient.

961 2509 1136 2538 Resurrectio
1151 2516 1242 2539 autem
1256 2511 1394 2546 justorum
1418 2512 1478 2540 haec
1499 2513 1617 2548 perfecte
1639 2513 1749 2540 habebit

959 2557 1037 2592 juxta
1054 2557 1223 2592 Scripturam
1237 2568 1243 2586 :
1261 2558 1296 2585 Ει
1311 2559 1350 2586 ita
1370 2568 1429 2586 tum
1443 2559 1556 2587 Domino
1577 2568 1677 2594 semper
1694 2560 1748 2587 eri-

960 2612 1017 2630 mus
1028 2609 1059 2637 νς
1078 2612 1111 2631 ac
1122 2605 1240 2632 iterum:
1258 2605 1336 2632 Nunc
1357 2611 1384 2633 ut
1404 2607 1431 2633 in
1447 2607 1551 2642 speculo
1567 2611 1592 2634 et
1610 2608 1748 2641 wnigmate

959 2650 1089 2684 uidemus,
1102 2655 1162 2678 tunc
1177 2657 1265 2679 autem
1280 2653 1347 2687 facie
1360 2653 1395 2680 ad
1409 2653 1503 2688 [aciem
1516 2661 1548 2687 1;
1563 2653 1689 2681 videlicet
1704 2660 1748 2680 re-

961 2705 1020 2724 rum
1032 2698 1215 2733 cognitionem
1231 2699 1400 2727 docebimur.

560 2827 679 2856 VARl/E
698 2828 893 2857 LECTIONES
912 2829 956 2856 ET
980 2827 1260 2856 COBBECTIONES.

177 2882 200 2898 “
217 2883 285 2918 πρὸς
300 2883 388 2910 πάντα
399 2883 434 2910 τὰ
449 2884 572 2913 τοιαῦτα.

616 2885 640 2901 ⁸³
653 2885 892 2924 ἐπιλαμϐάνονται.
926 2885 948 2924 ξ⁷
959 2886 990 2924 οῦ
1001 2885 1055 2924 γὰρ
1072 2884 1162 2924 πάντα
1174 2883 1268 2924 τιὰ-τοῦ
1285 2883 1352 2910 Θεοῦ
1368 2882 1556 2924 ἐγκαταλείψει
1566 2883 1618 2924 τῆς
1634 2884 1744 2924 χτξστῆς

123 2917 243 2957 υπέρχει
259 2918 379 2954 φύσεως,
401 2919 466 2947 ἀλλὰ
485 2921 530 2948 καὶ
562 2921 631 2956 ὑπὲρ
655 2917 756 2956 ταύτην
788 2921 836 2957 τὴν
861 2917 1012 2955 ἀγγελικὴν
1032 2917 1147 2955 ὑπάρχει
1172 2919 1272 2951 γνῶσίν
1297 2928 1326 2945 τε
1353 2920 1397 2946 καὶ
1414 2918 1515 2953 νόησιν.
1533 2919 1596 2949 Τοῖς
1607 2917 1744 2953 ἀγγέλοις.

125 2953 147 2967 ⁸“
159 2953 233 2979 ὄντα.
