1926 3062
205 203 260 231 547

553 201 723 229 ΔΡΡΕΝΒΙΧ
742 200 786 226 AD
805 198 918 227 OPERA
935 197 964 225 S.
985 196 1133 225 DlONYSll
1151 191 1390 223 AREOPAGITIE.

1773 186 1829 214 548

243 261 347 296 Diffuse
366 267 453 289 autem
471 267 495 288 et
518 270 563 296 per
578 261 727 288 circuitum.
745 258 850 285 Dictum
869 260 911 285 est
926 257 984 292 quit

1080 254 1252 287 Διεξοδικῶς
1267 253 1300 280 δὲ
1316 253 1364 280 καὶ
1381 251 1492 282 κύκλῳ.
1510 249 1621 285 Εἴρηται
1641 246 1712 296 τί-τδ
1732 245 1831 296 διεξο-

205 308 357 342 Ξιεξοδικῶς
383 308 561 343 intelligatur.
583 305 740 339 Διεξοδικῶς
757 304 839 340 igitur
854 307 882 331 et
902 303 994 338 κύκλῳ

205 363 252 382 aeu
265 355 325 382 l‘use
335 361 367 381 ac
382 354 410 381 in
422 343 526 385 orbem,
535 353 562 380 id
575 357 616 380 est
631 352 720 379 anima
731 351 852 377 humana
865 357 920 378 non
931 357 994 377 con-

204 401 274 428 ferta
283 404 309 427 et
317 401 464 435 conjuncta
474 399 574 427 mentis
585 398 735 425 intentione
745 396 865 424 divinam
872 403 993 431 compre-

205 447 299 474 hendit
313 447 507 482 cognitionem;
517 446 565 473 sed
574 453 665 472 veram
678 451 770 471 rerum
782 443 991 470 intellectionem

205 492 363 528 singillatim
379 496 406 519 et
422 499 469 526 per
484 494 575 526 partes
588 491 738 526 accipiens,
751 491 779 517 in
797 497 852 525 quo
861 489 943 516 etiam
957 488 992 515 ab

204 539 327 573 angelica
354 537 445 565 deﬁcit
470 537 515 564 Dei
540 537 656 568 visione,
678 537 750 563 circa
772 543 854 563 unam
879 542 991 562 causam

203 591 298 612 eorum
314 591 374 619 qua:
391 584 464 611 varie
482 583 692 610 considerantur
704 582 896 618 cogitationem
911 581 990 608 colli-

204 630 254 665 git,
268 635 294 657 et
312 629 545 656 intellectionibus
570 629 728 663 angelorum
744 628 894 663 aequalibus
908 627 990 662 digna

204 676 329 703 habetur.

239 722 349 754 Assequi
367 721 436 757 quod
457 722 565 756 appetit.
589 720 746 748 Dzemonum
760 727 837 748 mens
851 727 883 747 ex
900 719 990 754 priva-

201 767 276 795 tione
288 767 403 795 rationis
418 767 527 802 quidem
541 767 642 802 appetit
653 773 716 793 cum
725 766 780 793 Deo
792 766 988 801 aequalitatem,

203 814 291 842 nescit
305 814 442 849 quomodo
458 814 524 841 illud
543 814 652 848 assequi
670 813 766 848 possit,
780 820 833 840 non
849 812 921 847 quod
940 819 990 838 na-

203 864 263 887 tura
280 861 409 896 ignorans
425 860 470 891 sit,
485 860 532 887 sed
547 859 698 886 voluntarie
711 858 782 893 quod
801 863 896 885 contra
913 862 989 884 natu-

202 914 260 933 ram
277 906 391 941 eligens.
406 905 476 932 Nota
492 910 582 932 autem
605 904 742 932 daemones
762 908 896 938 quatenus
912 912 987 931 men-

201 957 255 980 tem
277 952 389 984 habent,
408 951 478 978 hanc
498 959 532 978 ex
554 951 626 978 bono
640 958 831 985 comparasse;
847 958 861 976 a
881 950 987 977 ratione

201 1003 291 1027 autem
308 1006 419 1026 aversos
436 1005 523 1032 neque
542 998 568 1025 id
585 997 657 1032 quod
673 1001 750 1024 erant
768 1004 926 1032 permanere
940 1003 988 1024 vo-

201 1046 299 1077 lentes.
315 1045 515 1080 prolapsionem
531 1052 544 1071 a
563 1044 696 1079 sapientia
713 1043 888 1071 sustinuisse.

237 1089 319 1124 189
334 1088 384 1115 Per
400 1097 545 1116 excessum.
564 1087 603 1116 De
619 1096 652 1115 eo
668 1088 739 1123 quod
757 1096 817 1123 qua:
833 1096 881 1123 per
898 1089 989 1123 priva-

200 1137 302 1163 tionem
320 1135 354 1162 de
370 1135 425 1163 Deo
442 1135 586 1168 dicuntur,
609 1138 636 1162 et
659 1136 808 1168 contraria,
825 1143 874 1171 per
899 1136 989 1163 excel-

200 1182 311 1210 lentiam
330 1182 529 1217 intelligantur.

237 1229 271 1255 Et
293 1230 382 1256 omnia
406 1229 460 1255 alia
485 1229 512 1255 in
535 1236 572 1257 se.
591 1227 686 1256 Nullus
702 1236 734 1256 ex
752 1229 794 1256 his
812 1228 839 1256 in
856 1229 989 1257 absurdas

200 1275 353 1302 abducetur
374 1274 565 1310 cogitationes,
584 1278 613 1301 ut
636 1275 709 1302 dicat
730 1275 812 1302 etiam
835 1274 919 1302 Deum
942 1283 989 1310 per

200 1320 310 1348 modum
328 1328 417 1348 causa:
434 1321 505 1347 mala
522 1321 549 1348 in
567 1328 597 1348 se
613 1325 676 1348 ante
697 1321 805 1352 habere,
823 1328 870 1348 seu
888 1329 920 1348 ex
937 1321 988 1348 hoc

199 1366 291 1402 colligi
307 1367 395 1402 ipsum
412 1375 472 1394 esse
488 1374 582 1394 eorum
601 1370 758 1399 auctorem;
777 1374 831 1393 non
848 1367 919 1394 enim
937 1366 988 1394 Pa-

199 1417 242 1440 ter
263 1413 297 1440 de
314 1414 355 1440 his
379 1421 531 1441 sermonem
549 1413 682 1445 instituit;
707 1413 762 1447 jam
779 1413 851 1440 enim
869 1412 988 1440 ostendit

199 1459 299 1486 malum
317 1467 405 1494 neque
421 1467 492 1492 esse,
510 1467 598 1493 neque
615 1459 641 1485 in
659 1459 741 1486 rebus
757 1467 828 1492 esse,
851 1459 897 1486 sed
915 1459 988 1486 circa

198 1513 230 1532 ea
247 1513 307 1540 quae
323 1505 476 1537 exsistunt,
501 1512 597 1540 nempe
613 1505 724 1540 angelos
740 1509 767 1532 et
784 1509 896 1533 caeteras
912 1513 988 1533 crea-

199 1555 286 1584 turas,
304 1552 376 1579 sicut
392 1552 473 1579 etiam
488 1555 566 1578 antea
581 1551 660 1584 dixit,
673 1559 788 1586 quorum
805 1553 986 1587 cognitionem

1044 301 1132 334 δικῶς
1146 302 1255 328 νοεῖται.
1272 297 1431 332 Διεξοδικῶς
1448 295 1538 323 τοίνυν
1557 294 1604 322 καὶ
1618 293 1721 327 κύκλῳ,
1736 291 1830 318 τουτέ-

1045 355 1102 374 στιν
1119 347 1169 374 οὐκ
1186 346 1272 382 ἀθρόᾳ
1291 344 1339 372 τοῦ
1355 343 1401 371 νοῦ
1415 342 1526 378 ἐπιϐολῇ
1548 342 1565 377 ἡ
1581 338 1736 375 ἀνθρωπίνη
1755 338 1831 374 ψυχὴ

1042 393 1091 429 τὴν
1105 393 1178 420 θείαν
1194 391 1431 418 κατακαλύπτεται
1445 389 1468 404 ⁴⁹
1481 388 1590 423 γνῶσιν,
1608 385 1675 413 ἀλλὰ
1695 385 1744 420 τὴν
1760 385 1828 419 ἀλη-

1043 439 1075 474 θῆ
1091 439 1145 465 τῶν
1161 438 1244 464 ὄντων
1267 437 1428 472 κατανόησιν
1444 436 1476 462 ἐκ
1491 434 1538 461 τοῦ
1559 432 1629 460 κατὰ
1651 432 1732 468 μέρος
1753 431 1829 466 δεχο-

1044 487 1121 522 μένη,
1132 485 1190 512 καθ’
1201 485 1215 510 ὃ
1229 485 1276 512 καὶ
1290 484 1341 519 τῆς
1350 482 1498 518 ἀγγελικῆς
1508 476 1827 508 ἀπολείπεταιθεοπτίας,

1043 534 1107 569 περὶ
1126 533 1157 559 τὸ
1180 533 1209 558 ἓν
1232 531 1317 558 αἴτιον
1339 530 1389 565 τὴν
1409 528 1463 555 τῶν
1485 526 1614 557 ποικίλως
1634 522 1828 558 θεωρουμένων

1043 580 1152 614 συνάγει
1173 579 1284 610 ἔννοιαν,
1308 577 1355 604 καὶ
1374 575 1428 603 τῶν
1450 572 1598 608 ίσαγγέλων
1621 570 1741 604 ἀξιοῦται
1765 569 1829 603 νοή-

1042 635 1120 653 σεων.

1078 725 1181 761 Τυχεῖν
1199 725 1234 751 οὖ
1257 724 1378 758 ἐφίεται.
1401 720 1519 756 Ἐφίεται
1541 719 1589 755 μὲν
1611 718 1641 750 ἐξ
1663 716 1774 751 ἀλογίας
1795 716 1827 742 τὸ

1041 771 1141 798 ἰσόθεον
1157 772 1170 798 ὁ
1183 770 1318 805 δαιμόνιος
1332 769 1354 785 ⁵ο
1371 767 1449 799 νοῦς”
1464 767 1516 793 οὐκ
1534 765 1587 793 οἶδε
1608 766 1630 791 δ’
1643 766 1717 796 ὁπως
1730 763 1825 790 τούτου

1038 819 1129 852 τυχεῖν
1152 817 1265 848 ἔνεστιν,
1283 816 1313 842 οὺ
1337 815 1415 849 φύσει
1440 813 1532 840 παθὼν
1557 812 1605 847 τὴν
1627 811 1746 845 ἄγνοιαν,
1768 809 1826 836 ἀλλ’

1039 864 1168 895 ἑκουσίως
1188 863 1219 890 τὺ
1238 860 1312 897 παρὰ
1329 861 1409 896 φύσιν
1431 858 1600 894 αἱρούμενος.
1624 856 1779 892 Σημείωσαι
1797 855 1827 882 δὲ

1038 911 1079 937 ὅτι
1098 912 1122 937 οἱ
1138 910 1262 944 δαίμονες
1277 907 1336 934 καθ’
1351 907 1365 933 ὃ
1380 906 1442 933 νοῦν
1465 905 1582 941 ἔχουσιν,
1601 905 1633 930 ὲκ
1653 903 1700 930 τοῦ
1722 902 1825 936 ἀγαθοῦ

1037 955 1131 983 τοῦτον
1143 955 1287 990 κέκτηνται
1296 963 1302 968 ·
1318 953 1490 987 ἀλογίσαντες
1499 951 1527 977 δὲ
1539 951 1585 977 καὶ
1599 950 1636 986 μὴ
1651 949 1827 984 βουληθέντες

1040 1001 1126 1035 μεῖναι
1142 1000 1209 1034 ὅπερ
1225 1000 1246 1014 ¹¹
1261 996 1340 1034 ἦσαν,
1359 997 1496 1024 ἔκπτωσιν
1513 995 1608 1031 σοφίας
1622 994 1781 1030 ὑπέμειναν.

1072 1091 1143 1117 Καθ’
1159 1089 1320 1124 ὑπεροχήν.
1342 1088 1410 1124 Περὶ
1429 1087 1486 1120 τοῦ,
1503 1087 1545 1114 ὅτι
1557 1086 1591 1113 τὰ
1610 1086 1681 1113 κατὰ
1699 1084 1826 1120 στέρησιν

1037 1137 1169 1172 λεγόμενα
1185 1137 1229 1163 ἐπὶ
1243 1135 1290 1162 τοῦ
1310 1135 1388 1166 Θεοῦ,
1405 1135 1452 1161 καὶ
1466 1134 1500 1161 τὰ
1520 1133 1637 1166 ἐναντία,
1655 1131 1827 1168 ὑπεροχικῶς

1037 1183 1169 1210 νοοῦνται.

1072 1230 1127 1256 Καὶ
1151 1229 1249 1256 πάντα
1270 1228 1367 1255 τᾶλλα
1391 1228 1522 1255 ἔνδοθεν.
1539 1226 1641 1261 Μηδεὶς
1667 1225 1699 1252 ὲκ
1721 1224 1828 1251 τούτων

1038 1275 1106 1310 πρὸς
1125 1275 1240 1307 ἀτόπους
1263 1275 1409 1309 ἀπαγέσθω
1427 1273 1546 1305 ἐννοίας,
1568 1272 1638 1299 ὥστε
1662 1271 1750 1306 λέγειν
1777 1272 1827 1298 καὶ

1037 1321 1091 1348 τῶν
1108 1321 1200 1348 κακῶν
1214 1322 1242 1349 ὲν
1258 1321 1344 1357 ἑαυτῷ
1364 1322 1423 1348 κατ’
1441 1320 1529 1347 αίτίαν
1546 1319 1670 1355 προέχειν
1687 1318 1732 1344 τὸν
1746 1317 1824 1350 Θεδν,

1036 1368 1119 1403 ἤγουν
1134 1368 1219 1394 αίτιον
1235 1368 1323 1394 αὐτῶν
1342 1368 1373 1394 ὲκ
1393 1367 1486 1393 τούτου
1508 1365 1577 1393 εἶναι
1599 1365 1778 1399 συνάγεσθαι·
1793 1365 1826 1390 οὐ

1037 1415 1091 1450 γὰρ
1111 1415 1174 1450 περὶ
1195 1414 1296 1440 τούτων
1311 1414 1384 1440 ἐστὶν
1403 1414 1418 1439 ὁ
1435 1413 1511 1447 λόγος
1533 1412 1572 1447 τῷ
1586 1410 1688 1446 Πατρί·
1705 1411 1755 1446 ἥδη
1770 1410 1827 1446 γὰρ

1037 1460 1118 1493 ἔδειξε
1141 1461 1209 1496 μήτε
1230 1460 1270 1493 ὃν,
1296 1460 1363 1495 μήτε
1389 1460 1417 1486 ὲν
1434 1460 1489 1490 τοῖς
1504 1456 1562 1485 οἶσι
1581 1457 1612 1484 τὸ
1631 1457 1732 1490 κακὸν,
1756 1456 1826 1483 ἀλλὰ

1037 1508 1100 1543 περὶ
1111 1507 1164 1534 τῶν
1180 1507 1208 1534 ὲν
1224 1507 1303 1542 οὐσίᾳ
1318 1506 1412 1539 ὄντων,
1427 1503 1482 1532 οἷον
1500 1504 1620 1539 ἀγγέλων
1635 1503 1683 1530 καὶ
1697 1503 1750 1530 τῶν
1767 1502 1825 1529 λοι-

1037 1553 1094 1579 πῶν
1111 1553 1276 1588 κτισμάτων,
1300 1552 1391 1583 καθὼς
1412 1551 1459 1578 καὶ
1472 1552 1611 1586 προεῖπεν,
1631 1547 1669 1576 ὧν
1691 1549 1740 1585 τὴν
1754 1549 1827 1583 γνῶ-

197 1605 250 1624 ιιυιι
269 1597 349 1624 habet
374 1596 542 1624 addiscendo
558 1597 649 1632 qualia
676 1598 747 1631 sint;
764 1598 816 1625 hoc
841 1598 914 1625 enim
937 1598 984 1625 de-

1040 1607 1077 1625 σιν
1096 1599 1145 1626 οὐκ
1166 1600 1197 1625 ὲκ
1221 1598 1267 1625 τοῦ
1292 1598 1434 1634 μανθάνειν
1459 1596 1539 1631 αὐτὰ,
1559 1597 1639 1624 ὁποῖά
1662 1596 1723 1622 τινά
1742 1597 1823 1629 είσιν,

196 1643 320 1675 claravit,
339 1651 400 1670 cum
417 1643 486 1670 dixit
504 1653 510 1670 ε
531 1642 592 1670 Non
615 1652 647 1670 ea
668 1652 726 1679 quae
747 1648 807 1671 sunt
825 1651 858 1670 ea:
876 1644 909 1671 iis
928 1652 986 1679 qua:

197 1694 258 1716 sunt
273 1689 387 1722 discens,
413 1692 440 1717 et
457 1689 534 1722 illud,
561 1697 614 1717 non
632 1689 705 1725 quod
722 1697 770 1725 per
786 1689 904 1724 speciem
930 1690 987 1717 sin-

195 1735 258 1769 gula
280 1736 455 1768 consideret,
478 1736 526 1763 sed
546 1740 575 1763 ut
596 1741 703 1763 creator
724 1735 896 1771 propriorum
920 1742 986 1770 ope-

196 1788 256 1806 rum
274 1781 416 1808 scientiam
439 1787 501 1809 ante
524 1781 616 1814 habet,
640 1782 730 1810 sciens
756 1781 892 1816 quomodo
916 1781 985 1816 ipsa,

194 1829 222 1853 et
247 1827 347 1862 quibus
377 1827 411 1855 de
435 1828 526 1856 causis
548 1828 582 1855 ad
609 1829 810 1864 generationem
839 1827 984 1862 producet,

194 1880 310 1908 quorum
330 1874 468 1907 perversio
483 1878 510 1901 et
527 1874 655 1906 deiectio,
674 1882 722 1901 seu
739 1874 811 1906 ﬁnis,
826 1874 943 1909 privatio
959 1878 986 1901 et

194 1919 367 1946 imbecillitas
385 1921 484 1946 malum
503 1920 619 1952 inducit,
638 1921 702 1948 dum
720 1921 759 1948 rei
777 1920 910 1948 naturalis
928 1921 984 1956 pri-

194 1966 303 1993 vatione
323 1966 388 1992 facit
409 1966 435 1992 id
455 1966 528 2000 quod
547 1970 641 1993 contra
658 1970 784 1993 naturam
801 1971 861 1994 est:
881 1966 985 1994 idcirco

193 2012 266 2038 enim
291 2012 444 2047 exemplum
470 2012 581 2040 luminis
598 2012 730 2046 adduxit;
749 2020 812 2040 nam
831 2013 912 2047 hujus
929 2014 985 2048 pri-

193 2059 301 2086 vatione
317 2058 406 2094 caligo
421 2058 571 2086 subsistere
588 2059 696 2086 videtur
708 2063 735 2086 et
752 2063 856 2087 natura:
874 2060 984 2088 luminis

194 2107 344 2134 absentiam
370 2115 419 2142 pro
444 2114 528 2134 causa
551 2106 642 2139 habet,
670 2106 742 2134 sicut
765 2106 848 2134 etiam
874 2107 983 2135 habitus

192 2153 279 2188 magis
296 2161 377 2188 quam
396 2153 563 2189 privationes
579 2153 713 2188 principia
736 2157 810 2185 sunt,
828 2157 855 2180 et
876 2157 905 2180 ut
921 2154 983 2189 quis

191 2199 308 2233 dixerit,
337 2207 436 2228 causa}.
455 2200 548 2235 Itaque
570 2199 651 2226 Pater
674 2199 726 2226 hoc
751 2199 811 2227 loco
828 2207 981 2227 sermonem

194 2245 259 2273 facit
283 2246 316 2273 de
336 2246 418 2274 rebus
445 2253 460 2273 a
488 2246 541 2273 Deo
558 2246 687 2278 conditis,
705 2249 732 2273 et
748 2246 916 2281 singularum
933 2254 983 2273 na-

1037 1644 1093 1680 ἐχει
1102 1653 1109 1660 ⁸
1121 1644 1200 1672 τοῦτο
1210 1645 1264 1681 γὰρ
1277 1645 1408 1680 ἐδήλωσεν
1421 1643 1505 1670 εἰπών
1513 1651 1520 1659 -
1539 1644 1599 1670 οὐκ
1614 1642 1648 1669 ἐκ
1661 1641 1720 1669 τῶν
1729 1641 1828 1668 ὄντων

1037 1691 1073 1718 τὰ
1088 1691 1160 1718 ὄντα
1172 1691 1342 1725 μανθάνω-ν,
1357 1690 1402 1717 καὶ
1417 1690 1448 1716 τὺ
1459 1710 1466 1722 ,
1483 1689 1513 1716 οὐ
1531 1689 1590 1716 κατ’
1605 1689 1675 1715 ίδέαν
1698 1688 1827 1720 ἑκάστοις

1036 1737 1197 1767 ἐπιϐάλλων,
1212 1737 1268 1764 ἀλλ’
1284 1737 1322 1768 ὡς
1339 1737 1453 1772 ποιητὴς
1469 1735 1571 1762 τούτων
1586 1736 1635 1771 τὴν
1650 1735 1751 1770 εἴδησιν
1768 1735 1827 1761 τῶν

1035 1783 1142 1810 οἰκείων
1158 1783 1245 1819 ἔργων
1272 1783 1392 1819 προέχει,
1414 1781 1490 1814 εἰδὼς
1511 1782 1585 1813 ὅπως
1608 1781 1688 1812 αὐτὰ,
1713 1781 1760 1807 καὶ
1781 1781 1826 1815 ἐφ’

1035 1827 1078 1861 οἷς
1093 1829 1211 1866 παράξει
1227 1830 1295 1866 πρὸς
1311 1829 1426 1863 γένεσιν,
1442 1825 1480 1855 ὧν
1498 1829 1514 1863 ἠ
1536 1827 1698 1863 παρατροπὴ
1712 1827 1760 1854 καὶ
1781 1827 1828 1853 ἑλ-

1035 1875 1131 1909 λειψις,
1145 1876 1227 1911 ἤγουν
1241 1875 1257 1910 ὴ
1273 1875 1405 1910 ἀπστυχία
1420 1875 1467 1901 καὶ
1480 1873 1615 1909 ἀδυναμία
1627 1873 1657 1900 τὸ
1671 1873 1755 1899 κακὸν
1768 1873 1827 1899 είσ-

1036 1921 1106 1956 άγει,
1133 1923 1165 1958 τῇ
1191 1921 1315 1957 στερήσει
1340 1920 1386 1946 τοῦ
1410 1920 1482 1947 κατὰ
1497 1919 1577 1954 φύσιν
1598 1920 1629 1946 τὸ
1653 1919 1728 1954 παρὰ
1743 1918 1827 1953 φύσιν

1035 1967 1161 1994 ποιοῦσα·
1183 1967 1251 2003 πρὸς
1270 1966 1348 1993 τοῦτο
1361 1966 1415 2002 γὰρ
1437 1966 1468 1992 τὸ
1490 1965 1537 1992 τοῦ
1558 1965 1646 2000 φωτὸς
1664 1965 1827 2000 παρήγαγεν

1035 2014 1186 2049 ὑπόδειγμα
1199 2014 1222 2029 ⁵¹
1230 2021 1236 2028 ·
1252 2014 1284 2048 τῇ
1299 2013 1353 2047 γὰρ
1363 2012 1457 2039 τούτου
1474 2012 1598 2047 στερήσει
1608 2011 1637 2037 τὺ
1648 2011 1741 2041 σκότος
1753 2019 1828 2046 παρ-

1034 2061 1197 2095 υφίσταται,
1222 2059 1270 2087 καὶ
1292 2059 1381 2086 αίτίαν
1401 2059 1457 2093 ἔχει
1480 2058 1530 2094 τὴν
1551 2057 1681 2084 ἀπουσίαν
1703 2057 1752 2092 τῆς
1775 2057 1827 2084 τοῦ

1034 2107 1121 2141 φωτὸς
1136 2105 1259 2141 φύσεως,
1273 2105 1367 2140 ὥσπερ
1387 2105 1434 2131 καὶ
1458 2104 1512 2130 τῶν
1530 2104 1682 2139 στερήσεων
1703 2103 1731 2129 αί
1751 2103 1827 2136 ἕξεις

1033 2152 1254 2188 ἀρχηγικιὶηεραι
1275 2151 1448 2187 τυγχάνουσι,
1465 2151 1511 2177 καὶ
1527 2150 1565 2182 ὡς
1577 2150 1609 2177 ἄν
1623 2158 1664 2181 τις
1679 2149 1761 2181 εἴποι,
1779 2150 1826 2176 αἰ-

1033 2198 1097 2225 τίαι.
1120 2199 1250 2225 Ἐνταῦθα
1264 2196 1310 2225 οὖν
1332 2199 1346 2225 ὁ
1365 2197 1462 2233 Πατὴρ
1481 2197 1546 2232 περὶ
1571 2197 1624 2223 τῶν
1637 2196 1689 2222 ὑπὸ
1702 2195 1769 2222 Θεοῦ
1784 2197 1828 2228 εἰς

1033 2245 1139 2278 γένεσιν
1161 2245 1313 2280 ἀχθέντων,
1337 2244 1384 2271 καὶ
1403 2244 1453 2279 τῆς
1473 2244 1587 2270 ἑκάστου
1603 2243 1704 2269 τούτων
1717 2241 1827 2276 φύσεως

193 2297 262 2323 tura.
281 2301 349 2328 quas
366 2297 445 2320 antea
463 2293 490 2319 in
509 2292 563 2320 Deo
586 2297 613 2320 et
631 2301 678 2328 per
701 2293 940 2328 praicognitionem
957 2297 984 2320 et

1040 2291 1079 2317 τὸν
1095 2291 1173 2325 λόγον
1194 2292 1320 2322 ποιεῖται,
1344 2290 1361 2317 ἃ
1383 2291 1430 2317 καὶ
1445 2289 1647 2326 προϋφεστάναι
1667 2289 1695 2315 ὲν
1710 2288 1748 2323 τῷ
1763 2288 1826 2324 Θεῴ

191 2338 433 2373 ρι-ίεάείὶιιίιίοηειη
451 2340 591 2367 exstitisse
607 2340 654 2367 ait.

226 2384 259 2410 Et
275 2386 415 2412 essentiam
439 2385 582 2420 prmhabet.
601 2385 679 2418 Quod
695 2386 816 2422 cognitio
833 2386 980 2414 essentiam

190 2430 365 2464 a-iticipatam
383 2435 409 2458 et
425 2435 488 2459 ante
504 2433 730 2466 comprehensam
749 2433 857 2460 habeat.

225 2476 299 2504 Sicut
317 2481 341 2503 et
356 2477 411 2504 lux.
429 2477 606 2505 Conﬁrmatio
621 2478 655 2505 ab
666 2478 804 2513 exemplo;
822 2479 892 2506 sicut
907 2479 979 2506 enim

189 2523 211 2550 si
230 2522 330 2557 aliquis
356 2528 492 2558 supponat
509 2523 596 2550 lucem
625 2524 695 2551 hanc
720 2524 866 2556 visibilem,
889 2529 978 2552 mente

188 2573 215 2597 et
242 2570 348 2597 ratione
372 2570 511 2605 praeditam
533 2578 603 2603 esse,
626 2576 719 2605 postea
736 2571 812 2599 illum
830 2572 979 2607 interroge-

189 2621 261 2645 mus,
286 2621 351 2641 num
378 2614 470 2641 lumen
494 2615 621 2642 tenebras
644 2621 802 2650 cognoscat,
826 2616 979 2652 dixeritque

187 2665 365 2693 Cognoscere,
382 2659 464 2686 etiam
481 2660 641 2694 priusquam
666 2661 784 2688 tenebrae
807 2667 914 2694 essent;
931 2670 979 2689 co-

188 2712 317 2740 gnoscere
334 2709 422 2732 autem
444 2714 498 2733 non
521 2707 687 2741 experientia
705 2706 812 2742 aliqua;
831 2707 979 2743 [quomodo

187 2751 260 2778 enim
286 2751 377 2780 lumen
394 2753 521 2781 tenebras
548 2753 650 2781 sciret?
673 2753 697 2781 si
718 2753 790 2781 enim
814 2754 851 2782 sit
874 2754 977 2788 lumen,

1035 2336 1104 2363 κατὰ
1120 2336 1272 2372 πρόγνωσιν
1287 2337 1334 2363 καὶ¹
1349 2336 1378 2363 τὺ
1394 2335 1562 2372 προωρίσθαι
1576 2334 1680 2370 εἴρηκε.

1069 2383 1123 2410 Kal
1149 2383 1258 2410 οὐσίαν
1273 2382 1400 2417 προέχει.
1421 2382 1514 2416 ’Ότιὴ
1537 2380 1636 2415 γνῶσις
1655 2380 1705 2416 τὴν
1729 2380 1825 2407 οὐσίαν

1034 2429 1145 2466 προέχει
1159 2429 1206 2456 καὶ
1218 2429 1440 2464 προσυνείληφεν.

1071 2477 1185 2510 Ὥσπερ
1201 2476 1249 2502 καί
1267 2475 1298 2502 τὸ
1322 2475 1393 2510 φῶς.
1413 2477 1553 2502 Ἀπτωτον
1577 2475 1608 2501 τὺ
1630 2474 1680 2510 τῆς
1701 2473 1823 2510 παραϐο-

1032 2522 1094 2558 λῆς
1110 2522 1203 2558 ὥσπερ
1215 2522 1269 2558 γὰρ
1278 2523 1304 2549 εῐ
1312 2531 1354 2554 τις
1366 2522 1490 2549 ὑπόθοιτο
1503 2522 1534 2548 τὸ
1548 2522 1606 2556 φῶς
1619 2521 1696 2548 τοῦτο
1709 2521 1740 2547 τὸ
1757 2522 1822 2556 ὀρα-

1031 2570 1076 2596 τὸν
1091 2569 1180 2596 ἔννουν
1197 2567 1265 2596 εἶναι
1280 2570 1327 2596 καὶ
1340 2569 1463 2604 λογικόν·
1485 2567 1543 2596 εἶτα
1564 2568 1716 2605 πυθοίμεθα
1735 2567 1759 2584 ⁸³
1773 2568 1821 2594 αὑ-

1029 2615 1086 2647 τοῦ,
1102 2616 1127 2641 εί
1140 2615 1268 2649 γινώσκει
1286 2616 1317 2642 τὸ
1342 2615 1446 2648 σκότος,
1469 2616 1500 2642 τὸ
1521 2615 1550 2642 δὲ
1573 2615 1643 2642 εἴποι
1666 2613 1820 2650 γινώσκειν,

1031 2662 1078 2688 καὶ
1092 2662 1155 2698 πρὶν
1170 2662 1280 2698 γένηται
1290 2661 1323 2689 ἂν
1338 2662 1368 2689 τὸ
1379 2662 1485 2693 σκότος·
1504 2661 1648 2696 γινώσκειν
1662 2661 1690 2688 δὲ
1705 2660 1735 2687 οὺ
1750 2660 1822 2686 κατὰ

1028 2717 1090 2735 τινα
1104 2710 1211 2744 πεῖραν,
1229 2709 1299 2745 (πῶς
1321 2709 1376 2745 γὰρ
1400 2708 1447 2735 ἴδοι
1463 2708 1558 2740 σκότος
1579 2708 1611 2734 τὸ
1626 2707 1702 2742 φῶς;
1718 2708 1742 2734 εί
1765 2706 1820 2741 γὰρ

1030 2755 1096 2790 φῶς,
1123 2757 1173 2783 οὐκ
1196 2755 1272 2782 ἔσται
1298 2755 1421 2790 σκότος’)
1447 2753 1515 2782 ἀλλὰ
1540 2753 1682 2789 γινώσκειν
1698 2753 1768 2780 εῐποι
1788 2751 1820 2779 τὸ

652 2841 775 2869 νΑΒιιΕ
795 2841 990 2871 LECTlONES
1009 2842 1054 2870 ET
1073 2842 1348 2872 CORRECTIONES.

220 2894 492 2940 τξατα)ιᾴμπεται.“
503 2897 526 2913 ⁸⁸³
540 2896 644 2940 ὲςξξται
663 2898 712 2933 μὲν
775 2899 1023 2940 ἀλργίαςλγενέσθαι
1042 2900 1140 2932 ἰσόθεος
1167 2901 1180 2926 ὁ
1211 2901 1284 2936 δαιμ.
1319 2900 1340 2916 ⁸⁹
1355 2899 1527 2933 ἀλογίσσντες
1541 2900 1568 2927 δὲ
1582 2899 1691 2932 ἑαυτοὺς
1711 2899 1757 2926 καὶ
1779 2899 1816 2933 μὴ

191 2929 328 2964 μείναντες
343 2931 420 2967 inter).
470 2929 687 2968 ⁵³7ιοιράδειγμᾶ.
725 2929 922 2971 δίπυθώμέοά.
