1926 3062
103 198 157 226 519

476 199 506 226 S.
526 197 650 225 MAXIMI
669 197 816 226 SCHOLIA
834 197 869 224 IN
885 197 951 226 LIB.
972 197 1017 226 DE
1035 197 1159 227 DlVlNlS
1177 197 1373 227 NOMlNlBUS.

1678 201 1730 227 350

103 255 162 290 φῶς
175 255 235 282 καθ’
249 255 264 282 ὃ
278 256 337 290 φῶς
350 256 408 282 ἐστι
417 264 424 270 ·
436 256 476 283 διὸ
490 257 537 283 καὶ
550 254 630 287 οἶδεν,
641 257 693 288 ὅτι,
707 255 755 283 ἐὰν
769 255 878 282 συστείλ

945 262 1001 282 non
1017 258 1097 283 erunt
1114 254 1262 290 tenebrze;]
1278 254 1326 282 sed
1342 254 1441 282 dixerit
1457 253 1548 282 lumen
1566 262 1731 290 cognoscere

101 301 133 328 τὸ
147 303 245 329 οἰκεῖον
261 302 328 337 φῶς,
345 302 432 334 οὐδεὶς
445 302 539 337 ΰψεται
549 311 555 317 ·
572 303 643 329 οὕτω
658 302 706 329 καὶ
724 302 739 328 ό
751 301 818 330 Θεὸς
832 302 891 328 κατ’

102 350 191 375 αἰτίαν
213 349 243 375 ὲν
263 348 352 384 ἐαυτῷ
376 349 425 384 τὴν
449 349 557 376 πάντων
587 348 688 385 εἴδησιν
711 348 784 384 ἔχει,
803 349 834 375 οὐ
857 350 891 384 τῇ

101 394 185 430 πείρᾳ
203 394 304 430 ταύτην
320 395 545 430 ὲπικτησάμενος,
562 395 622 421 ἐπεὶ
637 394 722 426 οὕτως
735 394 891 430 εὑρίσκεται

103 441 329 477 μεταγενέστερος
353 442 367 468 ὁ
390 441 455 473 Θεὸς
474 441 524 476 τῆς
541 432 677 476 γνώσεως,
700 441 717 477 ἢ
740 441 811 468 κατά
831 450 891 468 τινα

100 485 196 523 χρόνον
210 487 247 522 μὴ
270 486 422 520 γινώσκων.
437 487 593 523 Σημείωσαι
615 488 643 514 δὲ
658 488 688 514 τὸ
710 488 804 520 σκότος
823 485 890 515 εἶναι

103 531 131 558 τὸ
154 532 282 566 αἰτιατόν,
298 532 328 565 ἐξ
347 532 489 568 ἐλλείψεως
505 533 553 560 τοῦ
576 534 663 568 φωτὸς
685 534 891 570 παρυφιστάμε-

104 585 145 604 νον
158 578 194 594 ⁵⁵·
212 578 280 614 ὅπερ
292 579 350 605 ἐπὶ
366 579 435 606 κατὰ
449 579 617 614 Μανιχαίων.

138 665 192 692 Τοῦ
207 673 346 699 σκοτους.
369 667 431 694 ’Ότι
445 667 476 694 τὸ
491 668 586 700 σκότος
599 668 649 703 οὐχ
671 668 812 703 ἑτέρωθεν,
831 668 888 695 ἀλλ’

98 711 153 737 άπὸ
167 711 214 738 τοῦ
231 712 318 746 φωτὸς
332 713 504 749 γνωρίζεται.

133 758 187 784 Καὶ
203 759 259 785 οὐκ
274 759 308 786 ἐκ
323 758 381 786 τῶν
398 759 501 787 ὄντων.
516 760 585 796 Ὅρα
606 761 664 792 πῶς
681 770 746 796 φησι
763 762 808 787 τὸν
822 761 888 788 Θεὸν

97 804 195 831 εἰδέναι
212 805 246 832 τὰ
258 805 332 839 ὄντα,
348 807 398 833 οὐκ
411 807 443 834 ὲκ
454 807 504 842 τῆς
516 807 624 834 πάντων
634 806 769 842 γνώσεως,
788 808 844 834 ἀλλ’
856 810 888 836 ὲκ

95 851 145 885 τῆς
159 848 236 883 ἰδίας,
251 851 345 887 ὥσπερ
359 853 390 879 τὸ
407 853 464 888 φῶς
480 851 533 880 οἶδε
547 854 581 880 τὰ
596 854 643 880 τοῦ
667 854 789 887 σκότους,
812 855 887 881 οὐδὲν

94 896 141 922 τοῦ
162 897 272 929 σκότους
287 898 355 933 ἔχων
369 899 398 924 ἐν
413 899 518 934 ἐαυτῷ.’
536 899 628 926 Ταῦτα
646 900 674 926 δὲ
696 900 836 935 πολλαχῶς
857 901 886 926 ὲν

943 305 1078 336 quatenus
1101 301 1191 328 lumen
1213 305 1265 332 est,
1288 300 1404 335 ideoque
1426 300 1501 328 novit
1517 301 1600 336 quod,
1624 301 1647 329 si
1665 309 1729 336 pro-

941 347 1030 382 prium
1049 347 1139 374 lumen
1156 346 1335 378 contraxerit,
1357 347 1449 374 nullus
1464 347 1584 374 videbit:
1604 347 1641 375 ita
1658 347 1729 375 Deus

941 401 990 428 per
1006 400 1115 421 causam
1132 393 1254 420 omnium
1277 393 1304 419 in
1321 400 1350 422 Se
1366 393 1547 428 cognitionem
1565 393 1655 426 habet,
1674 402 1727 421 non

941 438 1014 474 quod
1041 438 1208 473 experientia
1233 445 1293 465 eam
1315 440 1513 473 comparaverit
1535 449 1542 467 :
1567 444 1629 474 .tum
1654 441 1727 467 enim

942 483 1013 512 Deus
1030 484 1185 519 cognitione
1202 484 1336 519 posterior
1349 485 1527 518 inveniretur,
1542 490 1588 512 aut
1599 486 1626 512 in
1637 486 1728 521 aliquo

941 535 1062 566 tempore
1078 538 1134 557 non
1150 537 1329 565 cognoscens.
1351 530 1419 558 Nota
1443 531 1569 558 tenebras
1585 539 1645 559 esse
1660 532 1727 559 elle-

940 581 1014 604 ctum
1032 577 1078 612 qui
1091 584 1124 604 ex
1141 576 1247 604 defectu
1265 577 1335 604 lucis
1351 577 1501 605 subsistere
1520 577 1636 609 videtur,
1654 579 1725 613 quod

939 627 981 650 est
997 627 1092 649 contra
1110 621 1283 649 Manichtcos.

978 668 1058 703 19o
1081 667 1266 694 Tenebrarum.
1290 666 1429 694 Tenebras
1446 674 1501 693 non
1524 667 1632 694 aliunde
1644 675 1724 702 quam

939 722 970 741 ex
990 715 1048 741 luce
1065 715 1205 749 cognosci.

975 760 1009 786 Et
1029 769 1080 788 non
1098 768 1131 787 ex
1149 760 1235 787 rebus.
1254 759 1322 787 Vide
1337 759 1472 795 quomodo
1489 759 1561 786 dicat
1579 757 1662 786 Deum
1679 767 1725 786 co-

938 813 1069 840 gnoscere
1085 814 1115 833 ea
1131 813 1191 840 quae
1207 810 1281 836 sunt.
1300 813 1353 832 non
1371 813 1403 832 ex
1421 805 1541 832 omnium
1559 803 1722 838 cognitione,

938 854 985 881 sed
1001 861 1035 881 ex
1053 852 1173 887 propria,
1197 851 1268 878 sicut
1292 851 1337 878 lux
1355 851 1430 878 novit
1447 852 1584 884 tenebras.
1601 860 1662 880 cum
1681 856 1724 878 ta-

938 906 999 925 tnen
1023 897 1091 924 nihil
1115 897 1288 923 tenebrarum
1315 895 1342 921 in
1369 903 1398 923 se
1421 895 1527 923 habeat.
1547 896 1608 923 ΙΙεοε
1625 896 1723 930 smpius

93 941 133 976 τῷ
158 943 274 979 πέμπτῳ
297 944 435 980 κεφαλαίῳ
455 945 575 980 εἴρηται·
592 946 650 977 πῶς
676 944 690 969 ὁ
708 946 773 978 Θεὸς
789 947 878 974 ἐαυτὺκ

935 942 1007 970 dicta
1035 942 1110 969 fuere
1137 942 1163 968 in
1184 941 1280 976 quinto
1306 941 1413 974 capite:
1432 941 1568 975 quomodo
1585 941 1655 968 Deus
1680 949 1723 968 se-

93 987 233 1022 γινώσκων
242 1010 249 1022 ,
257 989 316 1025 ἢτοι
326 989 404 1023 νοῶν,
412 992 467 1017 νοεῖ
476 992 524 1018 καὶ
537 992 665 1026 γινώσκει
675 991 710 1018 τὰ
720 992 784 1019 ὄντα
799 1001 884 1028 παρα-

91 1034 206 1070 δειγματ
211 1036 284 1068 ικῶς.

129 1083 190 1108 Οὐκ
206 1082 263 1116 ἄρα
278 1084 295 1109 ὁ
311 1084 392 1116 Θεός.
409 1084 453 1110 Ἐν
465 1084 577 1120 οὐδεμιᾷ
588 1084 643 1120 γὰρ
651 1084 747 1122 διπλόῃ
758 1085 789 1112 τὸ
799 1084 879 1118 θεῖον,

91 1126 179 1162 πάντη
196 1128 298 1155 ἁπλοῦν
312 1128 353 1163 ὃν,
371 1130 418 1156 καὶ
438 1130 509 1166 ὑπὲρ
525 1131 578 1157 πᾶν
594 1130 707 1158 ἁπλοῦν.

123 1218 179 1245 Καὶ
204 1219 260 1253 γὰρ
283 1220 331 1246 καὶ
357 1220 428 1253 τοὺς
449 1220 606 1256 ἀγγέλους.
622 1221 645 1237 ³⁸
660 1221 696 1248 Τὸ
712 1223 774 1254 τοὺς
796 1222 878 1257 ἀγγέ-

87 1263 149 1296 λους
165 1265 263 1292 εἰδέναι
282 1265 317 1292 τὰ
336 1266 382 1292 ὲπὶ
398 1266 450 1302 γῆς
470 1267 500 1293 οὐ
521 1267 554 1293 δι’
569 1267 720 1303 αἰσθήσεως
740 1268 877 1303 προσϐάλ-

87 1309 182 1342 λοντας
194 1312 250 1343 τοῖς
271 1311 418 1347 αἰσθητοῖς,
435 1313 472 1344 ὡς
487 1313 577 1348 ἡμεῖς,
594 1312 662 1339 ἀλλὰ
677 1313 720 1340 διὰ
737 1314 877 1350 δυνάμεως

85 1356 319 1392 ὲπαναῦεὸηκυίας
344 1358 481 1385 ἐπιϐάλλω
502 1359 620 1386 νοεῖσθαι
637 1360 670 1392 ⁵⁸,
687 1361 720 1386 ὲκ
741 1361 876 1396 διαφόρων

85 1402 192 1436 λογίων,
212 1400 268 1430 οἷον
291 1404 329 1435 ὡς
351 1405 380 1430 ὲν
396 1404 435 1440 τῷ
458 1405 559 1440 Τωϐία,
580 1406 646 1432 ὅπου
663 1406 780 1442 εἴρηται,
801 1407 841 1433 ὃτι
861 1407 874 1433 ό

85 1447 157 1480 θεῖος
178 1448 297 1484 Ῥαφαὴλ
307 1451 321 1476 ό
334 1450 448 1484 ἅγγελος
463 1449 523 1477 εἶπε
539 1451 577 1486 τῷ
594 1451 644 1487 υἱῷ
653 1452 700 1478 τοῦ
711 1453 814 1479 Τωϐίου
825 1452 873 1479 λα-

85 1494 142 1521 ϐεῖν
152 1494 201 1530 τὴν
218 1495 297 1530 χολὴν
312 1496 359 1522 τοῦ
370 1496 526 1529 ἀνελθόντος
543 1497 642 1532 ἰχθύος,
657 1498 694 1530 ὡς
707 1499 873 1534 ἀφαιροῦσαν

83 1539 246 1576 λευκώματα
269 1542 415 1577 ὀφθαλμῶν
443 1543 575 1578 γινόμενα
599 1544 653 1570 ἀπὸ
679 1544 872 1580 ἁφοδευμάτων

83 1586 244 1622 στρουθίων·
266 1588 297 1614 οὐ
319 1588 374 1623 γὰρ
399 1589 432 1616 ἄν
447 1597 490 1621 τις
509 1590 694 1625 ὑπονοήσειεν,
717 1591 757 1617 ὅτι
778 1591 871 1618 παθὼν

82 1630 167 1666 ἔμαθε
179 1632 228 1668 τὴν
246 1634 379 1669 ἰατρείαν·
398 1634 467 1660 ἀλλὰ
487 1636 533 1662 καὶ
548 1636 562 1662 ό
576 1636 605 1662 ὲν
617 1637 673 1668 τοίς
692 1637 808 1672 Κριταῖς
823 1638 873 1672 άγ-

81 1677 159 1711 γελος
174 1678 220 1704 ἐπὶ
233 1678 279 1705 τοῦ
293 1679 393 1706 Γεδεὼν
406 1681 446 1712 εἰς
459 1681 508 1716 τὴν
525 1680 619 1708 θυσίαν
636 1682 758 1709 ὲκῦαλὼν
774 1683 807 1710 ὲκ
821 1684 873 1719 τῆς

79 1723 182 1758 πέτρας
191 1723 256 1760 πῦρ,
267 1725 316 1751 οὐκ
327 1725 451 1761 αἰσθήσει
465 1724 545 1759 οἶδεν,
557 1727 597 1753 ὅτι
608 1727 638 1754 τὸ
649 1727 704 1764 πῦρ
715 1729 871 1761 καυστικὸν,

76 1767 116 1800 ὼς
130 1769 220 1804 ἡμεῖς,
235 1770 291 1796 ἀλλ’
310 1771 438 1807 άνωτέρῳ
455 1773 602 1808 προσφόρῳ
620 1773 642 1789 ⁸⁷
653 1782 659 1788 ·
678 1773 749 1801 οὕτω
765 1775 812 1801 καὶ
836 1775 872 1802 τὰ

54 1847 57 1850 4
77 1814 169 1842 λοιπά.
185 1816 215 1843 Εἰ
235 1816 263 1842 δέ
288 1826 329 1848 τις
344 1818 425 1849 εἴποι,
443 1819 496 1845 Καὶ
516 1819 574 1850 πῶς
594 1819 641 1846 τοῦ
657 1820 765 1846 αἰωνίου
787 1821 872 1856 πυρὸς

75 1861 236 1897 αἰσθήσεται
251 1863 265 1888 ὁ
279 1863 410 1895 διάὸολος,
430 1864 477 1891 καὶ
491 1865 515 1891 ol
541 1865 649 1899 ἄγγελοι
670 1866 769 1899 abaci");
786 1867 815 1892 ἐν
832 1867 871 1903 τῷ

76 1908 225 1944 προσφόρῳ
249 1909 325 1944 τόπῳ
347 1909 517 1946 λεχθήσεται.
542 1911 620 1938 Ἀλλὰ
637 1912 684 1939 καὶ
710 1913 739 1938 ὲν
760 1913 799 1948 τῷ
819 1914 871 1940 Δα-

75 1953 183 1989 νιὴλ,ὲν
192 1954 231 1990 τῷ
244 1955 383 1991 κεφαλαίῳ
396 1956 443 1982 τοῦ
460 1956 614 1993 Βαλθάσαρ,
632 1955 700 1984 οἶδεν
722 1959 737 1985 ὁ
757 1959 870 1994 γράφων

73 1999 226 2036 γράμματα
254 2001 290 2037 μὴ
317 2001 419 2037 μαθών.
452 2003 606 2038 Σημείωσαι
628 2003 656 2030 δὲ
692 2004 732 2031 ὃτι
753 2006 783 2032 οὐ
809 2007 869 2032 κατ’

72 2046 199 2081 αἴσθησιν
211 2049 266 2079 τοῖς
282 2048 406 2082 ἀγγέλοις
419 2048 434 2084 ἡ
451 2048 551 2082 γνῶσις
566 2050 620 2076 τῶν
637 2050 774 2086 αἰσθητῶν
786 2060 792 2066 ·
809 2052 868 2078 οὐδὲ

73 2092 129 2128 γὰρ
152 2094 208 2125 τοῖς
234 2093 294 2120 καθ’
319 2094 392 2129 ἡμᾶς
418 2094 606 2130 αἰσθητηρίοις
626 2096 783 2131 κέχρηνται,
801 2097 870 2124 ἀλλὰ

71 2137 120 2164 νοῦ
135 2138 247 2174 δυνάμει
264 2139 310 2165 καὶ
325 2139 415 2174 φύσει.

934 987 1023 1021 ipsum
1040 994 1208 1022 cognoscens
1231 993 1279 1013 seu
1303 985 1467 1020 intelligens,
1484 986 1617 1022 intelligat
1633 991 1660 1014 et
1676 995 1722 1014 co-

933 1037 1048 1069 gnoscat
1066 1041 1113 1068 per
1130 1032 1264 1067 exempla.

967 1079 1029 1107 Non
1043 1080 1132 1114 itaque
1148 1079 1228 1106 Deus.
1244 1078 1375 1106 Divinilas
1393 1079 1465 1106 enim
1482 1080 1509 1106 in
1526 1079 1600 1106 nulla
1617 1083 1659 1107 est
1674 1079 1709 1106 du

931 1127 1061 1162 plicitate,
1078 1133 1141 1153 cum
1155 1126 1190 1153 sit
1205 1125 1318 1153 omnino
1335 1125 1448 1160 simplex
1468 1129 1495 1153 et
1510 1133 1592 1161 supra
1613 1133 1720 1153 omnem

929 1173 1143 1207 simplicitatem.

965 1220 1070 1247 Etenim
1088 1228 1188 1256 quoque
1210 1220 1326 1255 angelos.
1359 1219 1478 1255 Angelos
1504 1227 1586 1248 nOSse
1612 1222 1719 1246 terrena

927 1274 982 1293 non
1000 1274 1094 1298 sensu,
1112 1274 1166 1294 non
1184 1270 1214 1293 ut
1235 1273 1285 1293 nos
1308 1266 1455 1294 sensilibus
1478 1265 1652 1297 inhaerentes,
1671 1264 1718 1292 sed

927 1312 1045 1347 coniicio
1061 1320 1110 1348 per
1125 1313 1179 1340 vim
1205 1313 1443 1340 transcendentem
1466 1312 1590 1347 intelligi,
1616 1319 1650 1338 ex
1677 1310 1719 1337 di-

925 1359 1013 1387 versis
1034 1359 1164 1389 oraculis,
1190 1358 1317 1387 videlicet
1337 1359 1408 1386 sicut
1436 1359 1462 1385 in
1484 1358 1580 1389 Tobia,
1605 1357 1651 1385 ubi
1677 1357 1719 1384 di-

925 1404 1006 1436 citur,
1039 1404 1148 1432 divinus
1176 1403 1297 1439 Raphael
1322 1404 1434 1438 angelus
1458 1403 1526 1431 dixit
1552 1403 1606 1430 ﬁlio
1628 1402 1719 1430 Tobia:

925 1454 954 1476 ut
970 1449 1105 1484 acciperet
1127 1449 1163 1476 fel
1179 1450 1262 1484 piscis
1279 1457 1333 1484 quo
1349 1449 1466 1476 auferret
1486 1448 1638 1484 albuginem
1655 1457 1718 1476 ocu-

924 1495 1012 1523 lorum
1037 1503 1069 1523 ex
1094 1499 1215 1523 stercore
1244 1503 1383 1530 passerum
1408 1499 1518 1528 natam;
1535 1502 1615 1522 nemo
1645 1495 1716 1523 enim

922 1541 1056 1576 putaverit
1080 1548 1142 1568 eum
1169 1541 1338 1576 experientia
1371 1541 1533 1568 medicinam
1567 1540 1713 1575 didicisse;

923 1588 989 1623 quin
1005 1588 1087 1616 etiam
1105 1588 1132 1614 in
1161 1588 1238 1615 libris
1258 1587 1395 1620 Judicum,
1421 1588 1534 1622 angelus
1553 1595 1646 1614 coram
1663 1587 1716 1615 Ge-

923 1633 1010 1661 deone
1035 1633 1124 1668 ignem
1142 1633 1169 1659 in
1187 1632 1352 1660 sacriﬁcium
1369 1640 1401 1659 ex
1420 1636 1496 1666 petra
1517 1631 1640 1665 ejiciens,
1659 1639 1713 1658 non

924 1679 1027 1707 sciebat
1050 1687 1143 1711 sensu,
1162 1679 1233 1706 sicut
1259 1686 1320 1709 nos,
1348 1679 1436 1714 ignem
1464 1677 1636 1709 comburere,
1666 1678 1712 1705 sed

924 1725 1078 1752 sublimiori
1101 1725 1183 1752 modo
1207 1724 1259 1752 sibi
1286 1723 1475 1756 convenienti;
1494 1723 1530 1750 ita
1547 1723 1580 1750 de
1597 1723 1711 1750 caeteris.

925 1770 952 1798 Si
969 1778 1033 1798 vero
1054 1770 1153 1805 aliquis
1173 1770 1290 1798 dixerit:
1309 1769 1452 1802 Quomodo
1469 1769 1595 1796 diabolus
1614 1769 1712 1796 sentiet

923 1816 1011 1851 ignem
1028 1821 1170 1847 aeternum,
1186 1820 1213 1843 et
1232 1816 1321 1851 angeli
1338 1815 1416 1850 ejus?
1434 1815 1461 1842 in
1483 1815 1543 1841 loco
1559 1819 1712 1849 opportuno

922 1862 1036 1889 dicetur.
1058 1861 1109 1890 Sed
1127 1861 1208 1889 etiam
1226 1862 1252 1888 in
1271 1861 1381 1889 Daniele
1399 1861 1426 1888 in
1447 1861 1536 1896 capite
1551 1860 1584 1888 de
1601 1859 1711 1887 Baitha-

922 1914 977 1938 sar,
995 1907 1041 1942 qui
1063 1907 1167 1939 scribit,
1190 1906 1296 1934 litteras
1314 1907 1389 1933 novit
1404 1915 1473 1942 quas
1495 1915 1549 1936 non
1567 1905 1708 1936 didicerat.

920 1953 989 1980 Nota
1006 1958 1097 1982 autem
1114 1954 1297 1989 cognitionem
1311 1954 1452 1983 sensilinm
1470 1964 1524 1983 non
1540 1964 1600 1983 esse
1617 1955 1644 1982 in
1661 1963 1710 1982 an-

920 2000 987 2034 gclis
1002 2007 1051 2036 per
1068 2008 1189 2031 sensum,
1206 2008 1294 2035 neque
1310 2000 1382 2028 enim
1399 2002 1502 2029 nostris
1516 2009 1644 2029 sensuum
1662 2009 1708 2027 or-

920 2046 998 2081 ganis
1015 2050 1140 2080 utuntur,
1159 2047 1205 2075 sed
1222 2048 1323 2076 virtute
1340 2049 1439 2077 mentis
1454 2053 1481 2076 et
1497 2052 1604 2075 natura.

954 2188 968 2224 §
986 2187 1029 2216 lll.
1047 2189 1181 2217 Prwterea
1194 2190 1362 2225 qua'rendum
1377 2194 1424 2217 est.
1440 2189 1553 2224 lnquirit
1569 2189 1705 2224 quomodo

109 2184 123 2220 ξ
140 2184 182 2212 lll.
201 2186 261 2212 Ἐπὶ
278 2185 312 2212 δὲ
328 2187 442 2219 τούτοις
452 2185 575 2221 ζητῆσαι
593 2189 661 2222 χρή.
680 2188 793 2225 Συζητεῖ
809 2190 867 2223 πῶς

917 2234 1002 2262 Deum
1016 2243 1230 2270 cognoscamus,
1242 2239 1270 2264 et
1287 2239 1361 2263 recte
1376 2235 1453 2266 dicit,
1468 2234 1513 2262 Dei
1531 2235 1638 2270 quidem
1655 2242 1704 2261 na-

70 2231 137 2257 Θεδν
144 2231 313 2267 γινώσκομεν
320 2240 326 2246 ·
339 2232 385 2271 καί
394 2241 474 2267 φησιν
487 2233 584 2268 ὀρθῶς,
597 2235 637 2261 ὅτι
643 2235 710 2262 Θεοῦ
719 2236 768 2270 μὲν
774 2236 864 2271 φύσις,

69 2278 84 2304 ὃ
98 2276 128 2304 τί
145 2279 208 2304 ποτέ
223 2279 306 2311 ἐστιν,
321 2270 382 2305 οὔτε
398 2279 451 2305 τινὶ
466 2279 574 2306 πώποτε
589 2280 643 2307 τῶν
657 2281 685 2307 ὲν
700 2281 864 2318 δημιουργίᾳ

938 2289 1017 2314 iram,
1035 2283 1101 2317 quid
1128 2282 1236 2310 tandem
1254 2283 1309 2315 sit,
1336 2282 1404 2308 nulli
1430 2289 1547 2316 unquam
1571 2285 1703 2307 creatura:

69 2323 203 2359 ἐγνώσθη,
219 2323 281 2350 οὔτε
298 2325 458 2360 ὲπιστητῶς,
477 2325 540 2352 οὔτε
564 2327 733 2357 ἐποπτικῶςσ
757 2327 862 2361 τούτοις

935 2328 1051 2362 ognitam
1068 2328 1164 2360 fuisse,
1182 2335 1270 2363 neque
1295 2335 1328 2355 ex
1350 2327 1474 2359 scientia.
1493 2334 1581 2362 neque
1603 2334 1636 2353 cx
1661 2327 1702 2353 in-

73 2370 124 2406 γὰρ
147 2370 326 2406 ὲπιὸάλλομεν
341 2364 397 2402 τοῖς
422 2372 577 2408 ἀσωμάτοις
589 2381 595 2387 ·
614 2373 680 2400 ἀλλὰ
699 2373 861 2408 γινώσκεται

935 2373 1001 2406 iitu;
1019 2374 1062 2402 his
1078 2375 1151 2401 enim
1168 2373 1330 2408 incorporea
1347 2372 1529 2408 aggredimur,
1553 2371 1599 2399 sed
1618 2371 1701 2399 Deum

69 2417 82 2442 ὁ
97 2416 164 2447 Θεὸς
174 2417 205 2443 ἐκ
216 2417 265 2452 τῆς
277 2417 330 2443 τῶν
343 2418 498 2453 κτισμάτων
510 2419 666 2452 διατάξεως·
678 2421 702 2446 εἰ
715 2421 780 2456 γὰρ,
791 2422 860 2448 κατὰ

935 2427 946 2446 x
963 2423 1150 2447 creaturarum
1167 2420 1348 2455 dispositione
1364 2419 1508 2454 cognosci;
1527 2426 1588 2445 nam
1606 2418 1641 2450 si,
1658 2426 1698 2446 se-

72 2461 113 2487 ιὺν
130 2461 199 2488 θεῖον
220 2462 389 2495 Ἀπόστολον,
413 2464 429 2498 ή
456 2464 510 2490 τῶν
525 2464 774 2501 δημιουργημάτων
796 2467 860 2493 καλ-

935 2464 1031 2492 indum
1048 2465 1223 2500 Apostolum,
1247 2466 1422 2502 pulchritudo
1439 2470 1637 2495 creaturarum,
1654 2473 1698 2500 ge-

68 2508 142 2544 Αονὴ.
161 2507 229 2544 [τὸν]
244 2509 442 2545 γενεσιουργὺν,
459 2510 581 2536 τουτέστι
600 2510 645 2537 τὸν
665 2511 719 2538 τῶν
739 2513 768 2538 ἐν
783 2512 859 2546 γενέ-

935 2513 1060 2539 arationis
1076 2515 1227 2543 auctorem,
1246 2512 1273 2538 id
1296 2515 1338 2539 est
1362 2519 1458 2539 eorum
1485 2519 1544 2545 qua:
1568 2510 1698 2544 producta

68 2562 108 2581 σει
123 2554 184 2571 ⁸⁸’⁸⁹
197 2555 311 2590 ποιητὴν
326 2555 432 2591 μηνύει,
444 2556 579 2592 είκότωςή
589 2557 642 2584 τῶν
649 2558 731 2585 ὄντων
741 2558 859 2592 διάταξις

935 2561 975 2586 Int
991 2557 1161 2586 conditorem
1182 2557 1319 2586 ostendit:
1342 2558 1440 2585 merito
1466 2565 1532 2585 sane
1553 2555 1697 2591 dispositio

525 2657 642 2686 VARl/E
664 2658 859 2689 LECTIONES
881 2661 926 2690 ET
946 2661 1221 2690 CORRECTIONES.

93 2726 118 2766 '_‘
127 2727 285 2766 51111.5!ng
293 2726 330 2758 ὼς
340 2727 414 2766 alsia
428 2726 604 2766 :toﬁ_ox6'cou5
614 2728 678 2766 ﬁeri
693 2729 724 2766 τὸ
745 2729 811 2766 φῶς·
828 2729 858 2762 ἐξ
873 2731 1017 2765 ἐλλείψεως
1031 2731 1086 2766 γὰρ
1099 2731 1181 2757 αὑτοῦ
1196 2731 1318 2765 φαίνεται
1329 2739 1335 2745 ·
1347 2730 1404 2766 ,καὶ
1429 2728 1523 2766 sum
1537 2727 1630 2766 σοιᾀῖος
1645 2729 1695 2764 οὺχ

93 2735 279 2788 ηο-ιὸμειωσαι
293 2735 330 2758 ως
340 2735 414 2753 αιτια
431 2735 478 2753 του
493 2735 604 2759 σκοτους
620 2735 678 2754 εστι
694 2735 724 2755 το
745 2738 811 2764 φως·
828 2735 858 2762 εξ
873 2735 1017 2765 ἐλλείψεως
1050 2735 1086 2766 ὰρ
1099 2735 1181 2757 αὑτοῦ
1196 2735 1335 2765 φαίνεται·
1357 2735 1404 2769 καὶ
1429 2735 1523 2769 οτι..το
1537 2735 1630 2767 σέιατος
1645 2735 1691 2764 οὺχ

67 2760 151 2802 ἑτέρῳ
169 2770 207 2789 εν.
221 2797 228 2802 _
238 2762 312 2802 ⁸⁸-ὃτι
323 2763 349 2787 οι
359 2762 469 2802 ἄγγελοι
483 2762 556 2802 ἴσασι
565 2762 658 2802 τρὶ-ἐπὶ
673 2764 733 2802 γῆς,
742 2765 844 2802 οὑριαλε
854 2766 989 2802 αίσθησιν,
1000 2740 1067 2793 ἀλλὰ
1078 2766 1147 2793 κατὰ
1154 2766 1204 2802 τὴν
1215 2766 1263 2802 τοῦ
1273 2765 1405 2802 θεοειδους
1418 2764 1506 2802 αὐτῳν
1517 2762 1691 2802 νουιδύναμιν,

66 2795 228 2839 etfaciam?
243 2797 369 2837 αἴσθησιν
383 2795 444 2839 τοῖς
457 2797 583 2839 ἀγγέλοις
599 2798 615 2839 ή
635 2795 735 2832 γνῶσις
747 2800 809 2839 ,τῶν
826 2795 1019 2836 αἰσθητῶν-ὀὐ
1036 2802 1090 2838 γὰρ
1103 2803 1158 2833 τοῖς
1173 2795 1234 2828 καθ’
1252 2798 1524 2839 ἡμεῖς-αἰσθητηρίοις
1537 2795 1691 2839 κέχρηνται·

66 2830 138 2871 una.
150 2832 262 2867 δυνάμει
286 2830 331 2871 νοῦ
348 2833 394 2858 καὶ
411 2830 504 2866 φύσει,
516 2830 658 2871 Quoniam
675 2835 762 2869 angvlt'
786 2839 878 2863 terrent

935 2830 1062 2871 gnoscurit
1075 2830 1126 2863 non
1143 2830 1219 2864 sensu
1231 2856 1238 2868 ,
1254 2830 1299 2863 scd
1314 2830 1693 2871 deiforuu'ti'ipsprum"tuentis

66 2865 275 2898 facultatefnon
289 2868 356 2894 enim
372 2875 404 2907 e11
418 2865 570 2894 recusatione
586 2869 677 2907 aliqua
699 2865 784 2896 oritur
800 2871 826 2897 in
842 2865 945 2907 angeli;
963 2880 1049 2898 rerum
1066 2872 1200 2899 aemilium
1213 2865 1344 2907 cognitio:
1357 2865 1578 2907 kttuttdqqttiden}_
1593 2875 1643 2907 nou
1663 2873 1693 2894 ut

66 2907 111 2939 lips
141 2910 262 2939 sensuum
289 2903 395 2936 organis
414 2907 536 2934 utuntur,
570 2903 614 2930 sed
631 2902 734 2932 Vrirlute
760 2906 852 2933 mentis

940 2911 1046 2934 natura.
1098 2907 1119 2922 ⁵⁵
1141 2902 1331 2937 ἐπιϐάλλοντας
1354 2902 1509 2939 δηλοῦσθαι.
1556 2902 1691 2937 πττρόπῳ.

65 2934 123 2953 ⁸⁸³⁸³
137 2946 186 2968 της
203 2934 343 2970 γενέσεωζ.
