1926 3062
215 193 262 220 551

599 192 766 221 APPENDIX
782 192 957 221 ΑοιοΡΕΙιΑ
972 192 1001 221 S.
1019 191 1168 220 DlO‘NYSll
1183 191 1422 220 ABEOPAGITE.

1789 190 1842 220 332

215 259 306 280 rerum
329 255 372 280 est
393 252 515 288 cognitio
533 252 610 288 191
627 253 688 287 eius
704 253 750 287 qui
771 253 832 280 illas
848 252 1000 288 disposuit;

1063 251 1152 286 (mimi;
1167 253 1224 278 ἐστι
1236 251 1284 278 τοῦ
1299 251 1486 284 διατάξαντος·
1501 251 1536 278 τὰ
1552 251 1605 287 γὰρ
1620 251 1696 285 ὄντα,
1719 253 1843 278 τουτέστι

215 305 258 326 res
274 298 357 330 enim,
372 297 398 324 id
407 302 448 325 est
459 297 561 331 formae,
576 303 603 325 et
619 299 733 333 singulae
746 303 889 331 creaturae,
907 306 1003 333 nempe

214 343 324 371 ordines
341 344 455 379 angelici
472 348 498 371 et
516 344 655 372 sensibilia
671 344 774 377 omnia,
792 344 923 380 imagines
940 348 1011 372 sunt

214 397 246 416 ac
263 389 456 417 similitudines
473 389 627 416 divinarum
650 389 784 422 idearum,
803 397 850 417 seu
866 390 1004 425 exempla-

215 435 254 461 ria
270 442 364 462 eorum
382 442 441 469 quae
456 435 483 462 in
501 434 565 466 Deo,
578 442 638 470 quae
653 436 816 470 exemplaria
838 439 902 463 sunt
923 436 1004 463 intel-

214 481 344 508 lectiones
360 484 467 507 αξιοι-ηαξ
483 480 541 513 Dei,
561 489 608 516 per
633 489 702 516 quas
719 485 745 508 et
766 481 914 508 secundum
937 489 1005 516 quas

213 528 306 555 omnia
323 531 402 554 erant
427 527 455 554 in
482 526 554 562 ipso;
573 535 628 554 non
651 528 704 554 alia
728 531 818 554 autem
836 528 869 554 ab
891 528 961 562 ipso,
978 531 1006 555 et

215 573 348 608 producta
364 573 485 606 fuerunt,
501 573 573 601 sicut
589 573 779 600 divinissimus
788 573 907 600 Joannes
924 574 961 600 ait
978 574 1004 600 in

215 619 377 654 Apocalypsi
402 619 546 654 quemdam
581 619 816 646 nobilissimorum
847 619 1004 654 angelorum

214 665 264 692 sibi
290 665 401 696 dixisse,
420 665 492 699 quod
513 665 604 692 omnia
629 669 707 692 erant
728 669 755 693 et
782 665 902 697 fuerunt,
931 665 1005 694 ideas

214 711 383 746 intelligens,
401 711 466 746 quia
482 716 561 739 erant
577 715 604 739 et
620 711 751 747 imagines
768 715 795 739 et
811 712 932 739 idearum
950 712 1007 740 sive

213 758 409 792 excmplarium
427 758 635 789 similitudines,
654 766 714 793 qua:
730 759 822 785 omnia
844 758 913 785 facta
931 762 1005 786 sunt.

213 802 281 829 Nam
299 811 360 838 qlue
385 803 540 838 intelligunt
563 811 658 831 eorum
683 812 744 839 qua:
765 804 963 839 intelliguntur,
980 808 1008 831 et

215 849 345 876 inferiora
363 853 427 876 sunt
445 850 616 885 superiorum
640 851 782 885 imagines.
806 849 907 877 Horum
925 850 1007 885 igitur

215 895 337 922 omnium
350 895 486 923 ablatione
497 895 579 931 (Deus
587 896 660 923 enim
677 903 691 922 a
710 896 790 924 rebus
801 900 943 931 exemptus
954 901 1005 928 est,

1053 298 1088 325 τὰ
1105 298 1172 334 εἴδη,
1188 298 1236 324 καὶ
1258 298 1286 324 αἱ
1301 297 1362 325 καθ’
1382 298 1496 325 ἕκαστον
1513 297 1626 330 κτίσεις,
1642 295 1697 324 οἷον
1713 298 1742 324 αἰ
1758 298 1842 332 ἀγγε-

1054 344 1128 371 λικαὶ
1146 345 1246 377 τάξεις,
1271 345 1318 371 καὶ
1338 344 1373 370 τὰ
1394 344 1510 380 αἰσθητὰ
1534 344 1637 375 πάππα,
1663 343 1765 375 εἰκόνες
1790 343 1844 370 εἰσὶ

1055 392 1101 419 καὶ
1115 391 1273 427 ὁμοιώματα
1289 391 1344 418 τῶν
1361 390 1440 417 Θείων
1461 390 1547 421 ἰδεῶν,
1560 390 1618 425 ἦτοι
1636 389 1844 424 παραδείγματα

1054 438 1107 464 τῶν
1120 439 1147 464 ὲν
1158 437 1198 473 τῷ
1209 437 1278 472 Θεῷ,
1291 437 1368 464 ἅτινα
1383 436 1600 472 παραδείγματα,
1611 436 1640 462 αἰ
1650 435 1728 462 ἀΐδιοι
1738 436 1844 471 νοήσεις

1055 484 1108 510 εἰσί
1124 483 1170 510 τοῦ
1184 483 1261 516 Θεοῦ,
1275 483 1308 510 δι’
1323 483 1356 515 ἃς
1376 483 1423 510 καὶ
1443 483 1502 510 καθ’
1526 482 1560 514 ἃς
1578 482 1684 509 ἅπαντα
1703 480 1738 518 ἦν
1751 483 1779 508 ὲν
1793 482 1843 509 αὺ-

1054 530 1104 566 τῷ,
1115 531 1164 565 οὐχ
1176 529 1258 565 ἕτερα
1271 529 1336 556 ὅντα
1355 527 1449 561 αὑτοῦ,
1464 529 1512 555 καὶ
1534 527 1706 564 παραχθέντα
1721 527 1843 562 γέγονεν,

1055 577 1093 608 ὡς
1109 577 1155 604 καὶ
1171 578 1198 603 ὲν
1213 577 1246 612 τῇ
1265 575 1445 610 Ἀποκαλύψει
1458 576 1472 602 6
1486 575 1622 606 Θειότατος
1641 575 1765 610 Ἰωάννης
1779 575 1846 610 φησὶ

1055 632 1115 650 τινα
1132 623 1186 649 τῶν
1199 621 1391 658 πρεσϐυτάτων
1407 621 1529 655 ἀγγέλων
1541 620 1627 646 εἰπεῖν
1645 619 1729 655 αὐτῷ,
1754 620 1795 646 ὅτι
1812 619 1846 646 τὰ

1057 671 1145 697 πάντα
1155 667 1224 704 ἦσαν
1238 669 1284 695 καὶ
1294 668 1432 702 γεγόνασι,
1446 667 1496 698 τὰς
1512 667 1583 698 ἰδέας
1596 665 1693 700 λέγων,
1707 667 1748 693 ὃτι
1758 664 1844 701 ἦσαν’
1877 660 1885 669 ⁸

1057 717 1104 743 καὶ
1124 715 1173 747 τὰς
1193 715 1299 746 εἰκόνας
1315 714 1362 741 καὶ
1388 713 1422 740 τὰ
1443 712 1601 749 ὁμοιώματα
1614 712 1668 740 τῶν
1688 712 1764 739 ἰδεῶν
1786 713 1847 747 ἦτοι

1058 761 1293 798 παραδειγμάτων,
1302 761 1336 786 τὰ
1347 759 1476 794 γεγονότα
1490 759 1588 786 πάντα.
1604 758 1664 785 Τῶν
1678 757 1733 794 γὰρ
1744 758 1848 794 νοητῶν

1057 808 1091 834 τὰ
1111 807 1192 843 νοερὰ
1216 807 1329 838 εἰκόνες,
1351 806 1399 832 καὶ
1415 805 1468 832 τῶν
1487 805 1714 841 ὑπερϐεϐηκότων
1730 805 1765 832 τὰ
1782 805 1849 832 ὑπο-

1058 854 1202 889 ϐεϐηκὺτα.
1216 852 1295 880 Κατὰ
1310 853 1454 888 ἀφαίρεσιν
1467 850 1514 878 οὖν
1528 851 1631 878 τούτων
1647 851 1754 878 πάντων
1767 851 1849 886 (ἀφῄα

1059 909 1138 936 ρηται
1167 899 1222 934 γὰρ
1245 899 1298 925 τῶν
1320 899 1404 925 ὅντων
1428 899 1442 925 6
1470 895 1551 930 Θεὸς,
1579 898 1653 924 οὐδὲν
1672 897 1709 924 ὣν
1727 897 1782 924 τῶν
1802 897 1848 923 ὑπ’

215 948 277 968 cum
306 941 373 968 nihil
397 941 433 968 sit
459 949 553 969 eorum
575 950 634 977 quae
660 943 782 975 creavit,
808 942 854 970 sed
881 943 1008 970 omnibus

1063 946 1138 972 κὺτοῦ
1160 945 1332 976 κτισθέντων,
1357 944 1413 970 ἀλλ’
1437 944 1547 978 ἁφάτως
1568 943 1708 978 ὑπερέχων
1729 942 1848 977 πάντων)

215 985 387 1014 incffahilitcr
402 988 538 1015 excellens
550 987 557 1022 )
577 996 624 1023 per
633 988 821 1015 excellentiam
834 989 1009 1024 cognoscitur

216 1032 299 1060 Deus.

252 1079 294 1106 Er
318 1080 400 1115 ipsius
424 1085 530 1107 natura.
558 1079 626 1108 Nota
648 1081 831 1109 necessariam
849 1080 1008 1108 facilitatem

217 1125 250 1153 ad
269 1126 378 1161 pietatis
395 1125 594 1154 defensionem.

252 1172 286 1199 Et
307 1173 432 1208 imagines
447 1173 584 1208 quasdam.
599 1172 656 1201 Hoc
674 1173 734 1200 loco
750 1181 798 1209 per
810 1173 902 1201 divina
917 1181 1010 1201 exeni-

215 1219 301 1253 plaria
324 1220 506 1254 intelligenda}
529 1224 593 1247 sunt
617 1221 918 1255 praedetcrminationes
943 1229 1008 1256 qua-

217 1272 276 1291 rum
303 1272 347 1292 res
371 1270 468 1293 creatae
502 1266 632 1301 imagines
669 1272 742 1294 sunt.
772 1267 918 1302 Apostolus
941 1274 1010 1302 pne-

217 1309 354 1337 [initioncs
371 1311 488 1342 vocavit,
511 1315 540 1337 ut
567 1311 594 1337 in
623 1311 743 1346 Epistola
768 1312 801 1339 ad
827 1311 958 1346 Ephesios
983 1316 1008 1344 Υ,

216 1355 311 1383 dicens
331 1355 497 1383 :Sccundum
512 1357 715 1392 prwﬁnitionem
739 1357 906 1385 sa‘culorum.
926 1357 1010 1385 Porro

217 1401 246 1428 in
276 1401 419 1434 omnibus,
448 1402 553 1430 Scilicet
579 1403 731 1434 creaturis,
757 1404 942 1438 cognoscitur,
957 1403 1011 1431 sic-

218 1450 249 1472 ut
296 1448 391 1476 artifex
416 1448 444 1475 in
472 1448 507 1476 iis
532 1457 592 1484 quae
623 1453 681 1476 arto
707 1450 868 1478 elaboravit.
892 1449 1011 1478 Prorsus

217 1501 281 1521 vero
298 1499 429 1529 quantum
444 1494 476 1521 ad
492 1495 640 1524 essentiam
653 1499 796 1531 separatus
812 1499 855 1524 est
872 1496 906 1524 ab
921 1497 1011 1524 omni-

217 1540 278 1572 bus,
296 1544 322 1568 et
344 1541 446 1568 idcirco
463 1548 525 1568 cum
543 1541 578 1569 sit
595 1541 724 1576 operibus
742 1542 862 1577 ignotus,
882 1543 1010 1578 ignoran-

217 1587 254 1613 tia
279 1587 465 1622 cognoscitur,
485 1587 555 1615 sicut
580 1588 661 1615 etiam
686 1592 875 1616 creaturarum
904 1589 1011 1618 intelle-

1059 991 1230 1027 ὑπεροχικῶς
1243 990 1405 1025 γινώσκεται
1418 991 1433 1017 6
1446 990 1522 1022 Θεός.

1099 1085 1149 1111 Ἐκ
1173 1083 1228 1117 τῆς
1246 1083 1340 1110 αὑτοῦ
1364 1083 1492 1117 φύσεως.
1525 1080 1680 1117 Σημείωσαι
1703 1080 1850 1114 ἀναγκαῖον

1058 1130 1202 1166 πρόχειρον
1217 1130 1257 1161 εἰς
1268 1128 1409 1160 εὐσεϐείας
1421 1127 1579 1162 ἀπολογίαν.

1093 1177 1135 1212 [α]
1149 1176 1202 1203 Καὶ
1214 1176 1332 1208 εἰκόνας
1340 1175 1432 1207 τινάς.
1441 1173 1572 1201 Ἐνταῦθα
1578 1172 1637 1199 Θεῖα
1644 1172 1743 1208 παραδε
1748 1172 1773 1206 ίγ
1778 1181 1852 1207 ματα

1057 1223 1120 1254 τοὺς
1148 1221 1332 1258 προορισμοὺς
1353 1219 1518 1256 ὲκληπτέον,
1543 1216 1581 1245 ὧν
1610 1218 1713 1249 εἰκόνες
1739 1218 1774 1245 τὰ
1801 1218 1852 1252 τῆς

1058 1269 1173 1300 κτίσεως
1188 1267 1404 1302 ἀποτελέσματα.
1421 1267 1490 1298 Τοὺς
1507 1266 1536 1292 δὲ
1555 1266 1738 1301 προορισμοὺς
1752 1264 1852 1299 προθέ-

1060 1323 1117 1346 σεις
1128 1314 1255 1341 ἐκάλεσεν
1269 1316 1284 1341 6
1304 1313 1472 1344 Ἀπόστολος,
1483 1312 1521 1344 ὡς
1537 1313 1567 1338 ὲν
1581 1313 1615 1347 τῇ
1631 1311 1699 1347 πρὸς
1713 1310 1852 1345 Ἐφεσίους

1059 1360 1155 1393 εἰπὼν,
1164 1360 1245 1387 Κατὰ
1258 1360 1399 1393 πρόθεσιν
1411 1358 1470 1384 τῶν
1478 1356 1600 1384 αἰώνων.
1619 1357 1661 1384 Ἐν
1669 1357 1736 1383 πᾶσι
1750 1355 1779 1382 δὲ
1795 1357 1853 1388 τοῖς

1059 1407 1190 1442 κτίσμασι
1211 1405 1311 1440 δηλαδὴ
1327 1404 1352 1439 [ὁ
1359 1403 1435 1439 Θεὸς]
1448 1403 1626 1438 γινώσκεται,
1645 1402 1682 1433 ὡς
1696 1402 1710 1428 ὁ
1725 1401 1852 1437 τεχνίτης

1061 1453 1088 1478 ὲν
1098 1452 1154 1483 τοῖς
1161 1452 1312 1487 τεχνητοῖς.
1325 1449 1416 1484 Πάντη
1430 1449 1459 1475 δὲ
1470 1447 1634 1484 κεχώρισται
1645 1447 1675 1474 τὺ
1689 1446 1747 1474 κατ’
1759 1446 1853 1473 οὐσίαν

1059 1497 1113 1524 τῶν
1125 1497 1232 1523 πάντων
1243 1504 1250 1511 ·
1266 1494 1411 1522 κάντεῦθεν
1426 1494 1563 1528 ἄγνωστος
1578 1492 1615 1519 ὢν
1631 1493 1687 1524 τοῖς
1702 1492 1852 1527 τεχνητοῐς,

1061 1544 1091 1570 ὲκ
1103 1543 1152 1578 τῆς
1161 1541 1309 1579 [τοιαύτης]
1319 1540 1454 1575 ἀγνωσίας
1461 1539 1633 1574 γινώσκεται,
1652 1538 1744 1572 ὥσπερ
1753 1535 1798 1563 οὖν
1807 1538 1854 1563 καὶ

1060 1589 1103 1615 διὰ
1120 1589 1170 1623 τῆς
1187 1587 1241 1614 τῶν
1260 1586 1416 1622 κτισμάτων
1431 1584 1645 1620 ὲπιστημονικῆς
1663 1582 1853 1618 κατανοήσεώς

217 1631 308 1660 ctione
324 1636 351 1660 et
368 1633 523 1668 cognitione
540 1641 600 1668 qua:
616 1634 758 1661 scientiam
775 1635 855 1670 parit.
875 1635 937 1663 Haec
955 1636 1008 1662 ita~

1063 1644 1088 1661 τε
1105 1635 1152 1661 καὶ
1170 1633 1307 1668 γνώσεως,
1323 1633 1416 1659 Ταῦτα
1433 1630 1480 1658 οὖν
1498 1629 1729 1665 ὲπαναλαμὸάνων
1751 1628 1854 1664 συνῆψε

217 1686 270 1712 que
286 1686 430 1706 resumens
452 1680 596 1713 conjunxit
622 1688 682 1715 qua:
704 1685 858 1716 sequuntur
874 1682 908 1708 ad
926 1683 1008 1710 idem.

217 1723 352 1757 Quoniam
370 1726 398 1752 in
415 1725 469 1752 Deo
487 1727 553 1754 idem
575 1727 734 1754 animalium
756 1731 783 1755 et
805 1729 927 1755 omnium
952 1737 1012 1764 quae

218 1771 244 1797 in
262 1775 359 1797 natura
379 1772 492 1798 omnino
517 1776 590 1804 sunt,
618 1781 672 1800 non
701 1774 765 1801 item
784 1774 867 1801 veluti
891 1775 1013 1810 singulo-

217 1825 278 1843 rum
297 1818 404 1851 species
431 1823 458 1844 et
481 1819 628 1846 simulacra
652 1827 747 1846 eorum
771 1828 833 1855 quae
858 1820 913 1848 illic
930 1825 1012 1854 sunt;

219 1870 280 1888 nam
299 1866 397 1890 cuncta
415 1872 475 1898 qme
498 1864 544 1890 hic
567 1870 641 1897 sunt,
670 1870 734 1893 sunt
750 1874 845 1893 eorum
862 1874 922 1901 qua:
947 1866 1012 1898 illic,

219 1908 379 1939 simulacra;
406 1909 540 1944 siquidem
563 1915 589 1937 et
607 1911 666 1945 ipsa
690 1911 781 1938 anima
804 1917 898 1940 nostra
923 1912 1013 1949 imago

218 1957 260 1980 est
277 1961 309 1980 ac
325 1955 502 1982 simulacrum
521 1956 598 1984 ideae.

254 1999 289 2026 Et
312 2008 357 2034 per
385 2002 558 2037 cognitionem
585 2002 667 2031 Deus.
696 2003 839 2037 Quomodo
866 2004 938 2033 Deus
965 2013 1014 2040 per

219 2047 357 2074 contraria
374 2052 565 2083 cognoscatur,
592 2052 618 2076 et
646 2058 694 2084 per
721 2050 915 2079 aliirmationes
932 2056 1014 2087 atque

220 2092 388 2126 negationes,
408 2094 595 2128 percurrendo
611 2094 742 2123 declarat.
767 2095 824 2123 Etsi
841 2096 914 2124 enim
931 2097 1013 2124 etiam

219 2139 347 2174 superius
365 2140 392 2166 in
411 2141 500 2175 capite
527 2142 614 2176 primo
631 2141 742 2175 dixerit,
760 2142 828 2169 nihil
853 2151 915 2171 esse
941 2144 1013 2178 quod

220 2184 267 2211 Dei
294 2185 442 2213 essentiam
468 2191 666 2222 repnesentare
688 2192 780 2223 queat,
799 2196 886 2224 neque
909 2188 1014 2216 intelle-

220 2230 349 2262 ctionem,
368 2239 458 2266 neque
474 2235 587 2264 tactum,
607 2241 694 2269 neque
718 2234 949 2269 imaginationem,
967 2242 1015 2262 ne-

220 2284 274 2311 que
289 2277 462 2312 opinionem,
480 2286 531 2306 nec
547 2279 665 2315 denique
686 2281 777 2308 omnia
800 2289 860 2316 quze
877 2281 913 2309 ibi
929 2285 956 2308 et
968 2281 1014 2308 hie

1061 1681 1094 1708 τὰ
1105 1681 1225 1716 ἑπόμενα
1240 1681 1280 1711 εἰς
1302 1679 1333 1706 τὸ
1356 1678 1432 1706 αὐτό.
1461 1677 1509 1713 [β’]
1532 1676 1640 1712 Ἐπειδὴ
1662 1675 1709 1702 καὶ
1732 1675 1760 1701 αἰ
1785 1674 1854 1701 ἰδέαι

1061 1727 1116 1754 τῶν
1130 1726 1207 1759 ζώων
1231 1726 1260 1753 ὲν
1279 1725 1318 1761 τῷ
1329 1725 1389 1760 Θεῷ
1405 1724 1452 1751 καὶ
1473 1723 1582 1750 πάντων
1608 1721 1662 1748 τῶν
1684 1720 1754 1747 κατὰ
1773 1720 1854 1754 φύσιν

1062 1775 1114 1801 εἰσί
1132 1773 1256 1804 καθόλου,
1281 1771 1337 1798 ἀλλ’
1360 1771 1408 1806 οὐχ
1428 1770 1465 1801 ὡς
1480 1769 1534 1796 τῶν
1559 1768 1619 1796 καθ’
1635 1768 1738 1794 ἕκαστα
1756 1765 1854 1792 εἴδωλα

1062 1821 1109 1847 καὶ
1118 1818 1276 1854 ὁμοιώματά
1286 1819 1339 1844 εἰσι
1353 1817 1406 1843 τῶν
1420 1817 1477 1843 ἐκεῖ
1498 1815 1532 1842 τὰ
1545 1814 1662 1841 ἐνταῦθα
1671 1822 1677 1826 ·
1697 1812 1786 1838 πάντα
1799 1811 1855 1846 γὰρ

1061 1865 1096 1892 τὰ
1111 1863 1162 1892 ὧδε
1177 1863 1273 1890 εἴδωλα
1288 1863 1340 1889 τῶν
1355 1863 1426 1889 ὲκεῖ-
1444 1863 1460 1897 ἡ
1475 1861 1528 1897 γὰρ
1543 1860 1616 1896 ψυχὴ
1630 1859 1677 1886 καὶ
1691 1857 1761 1893 αὕτη
1773 1856 1855 1883 εἰκὼν

1063 1913 1111 1939 καὶ
1127 1912 1252 1947 ὁμοίωμα
1271 1910 1320 1945 τῆς
1335 1909 1415 1940 ἰδέας.

1099 2003 1141 2039 [γ]
1161 2000 1272 2029 Imma
1280 1999 1438 2035 γνώσεωςό
1445 1998 1526 2030 Θεός.
1534 1997 1596 2029 Πῶς
1609 1995 1653 2023 διὰ
1664 1995 1717 2022 τῶν
1726 1993 1856 2021 ἐναντίων

1063 2049 1226 2084 γινώσκεται
1247 2048 1262 2074 6
1284 2046 1365 2078 Θεὸς,
1384 2046 1432 2072 καὶ
1458 2044 1502 2071 διὰ
1519 2043 1572 2070 τῶν
1593 2043 1709 2074 θέσεων,
1734 2041 1780 2067 κα.)⁵
1800 2040 1857 2067 τῶν

1064 2095 1244 2131 ἀφαιρέσεων,
1259 2093 1333 2129 δηλοῖ
1347 2091 1461 2124 ὲπεξιὼν
1476 2091 1559 2118 αὐτα·
1576 2090 1600 2116 εἰ
1615 2088 1669 2124 γὰρ
1688 2088 1735 2114 καὶ
1753 2087 1810 2114 ἄνω
1827 2087 1856 2112 ὲν

1064 2142 1103 2178 τῷ
1123 2141 1222 2178 πρώτῳ
1243 2139 1383 2175 κεφαλαίῳ
1400 2137 1471 2169 εἷπε,
1491 2136 1572 2172 μηδὲν
1593 2133 1662 2162 εἶναι
1685 2134 1737 2168 τῆς
1762 2132 1856 2163 οὐσίας

1063 2188 1111 2215 τοῦ
1126 2187 1194 2214 Θεοῦ
1209 2185 1422 2223 παραστατικὸν,
1439 2183 1476 2220 μὴ
1491 2183 1582 2218 νόησιν
1598 2201 1606 2214 ,
1623 2181 1660 2217 μὴ
1681 2179 1801 2215 ἐπαφὴν,
1819 2179 1858 2214 μὴ

1065 2234 1226 2270 φαντασίαν,
1240 2233 1276 2268 μὴ
1286 2232 1374 2265 δόξαν,
1393 2230 1453 2266 μηδ’
1465 2231 1515 2256 ὅσα
1528 2228 1579 2263 ἔφη
1595 2228 1653 2254 ἐκεῖ
1668 2226 1714 2253 καὶ
1727 2224 1857 2257 ἐνταῦθα,

1067 2282 1144 2308 ἆτινα
1160 2281 1206 2307 καὶ
1226 2277 1438 2315 ὴρμηνεύσαμεν
1454 2277 1482 2302 ὲν
1503 2274 1632 2305 ὲκείνοις’
1650 2272 1697 2299 νῦν
1712 2271 1785 2305 λέγει
1811 2271 1858 2297 καὶ

220 2321 329 2354 dixerit,
347 2330 408 2357 quae
431 2323 511 2350 etiam
539 2324 596 2352 illic
622 2326 834 2361 explicavimus;
855 2334 928 2353 nunc
949 2327 1010 2353 dicit

1066 2329 1110 2356 διὰ
1124 2328 1178 2355 τῶν
1194 2329 1252 2355 ἐκεῖ
1268 2324 1498 2362 ἀπηγορευμένων
1512 2319 1691 2356 γινώσκεσθαι
1708 2318 1754 2345 τὸν
1772 2317 1838 2343 Θεὸν
1849 2325 1856 2332 ·

221 2365 305 2393 Deum
327 2368 409 2394 etiam
428 2377 476 2403 per
493 2369 537 2396 illa
554 2378 615 2405 quae
640 2372 676 2399 ibi
699 2376 796 2408 negata
820 2377 895 2403 sunt,
913 2380 1014 2407 cogno-

221 2411 272 2442 sci,
291 2419 345 2438 non
362 2414 470 2447 quidem
487 2416 547 2450 eius
564 2418 721 2450 essentiam,
732 2423 760 2446 et
775 2426 790 2445 e
802 2419 941 2445 contrario
951 2426 1013 2446 eum

221 2456 290 2483 nihil
316 2457 425 2486 illorum
453 2461 554 2490 habere
581 2463 660 2498 192
687 2468 715 2491 ut
741 2464 1013 2499 comprehendatur:

222 2501 314 2537 itaque
331 2507 359 2530 ut
376 2506 497 2534 omnium
523 2513 630 2541 auctor,
649 2518 681 2537 ex
697 2510 731 2537 iis
747 2519 807 2545 qua:
829 2511 956 2546 produxit
969 2518 1015 2538 co-

222 2551 382 2583 gnoscitur;
402 2555 431 2578 ut
456 2561 521 2581 vero
545 2555 614 2582 nihil
630 2560 672 2583 est
688 2564 782 2584 eorum
800 2565 860 2592 qua:
877 2556 1014 2592 produxit,

223 2600 312 2622 manet
330 2597 363 2624 ab
380 2599 508 2628 omnibus
524 2601 648 2636 ignotus;
666 2602 803 2637 quomodo
826 2607 916 2630 autem
938 2604 1016 2637 igno-

223 2640 330 2669 ratione
345 2650 538 2679 cognoscatur,
554 2647 599 2674 hic
614 2647 690 2680 dicit.
702 2652 730 2676 et
747 2648 875 2683 superius
886 2649 915 2676 iu
928 2649 1016 2683 capite

223 2687 344 2716 secundo
360 2690 463 2718 dictum
481 2695 533 2720 est.

261 2731 295 2758 Et
318 2742 399 2768 neque
419 2735 585 2771 intelligitur.
603 2738 669 2766 Nam
697 2747 746 2774 per
771 2743 862 2767 creata
887 2739 1016 2774 intelligi—

224 2783 295 2811 mus,
313 2779 456 2807 scientiam
482 2783 658 2819 attingimus;
682 2785 815 2814 habemus
836 2785 920 2813 Deum
944 2793 1014 2813 esse.

263 2886 276 2906 ι’
293 2880 361 2915 Cap.
381 2889 421 2912 ιιι.
441 2889 470 2911 v.‘
488 2885 530 2913 ll.

1063 2377 1094 2403 οὐ
1119 2376 1172 2412 μὴν
1195 2375 1245 2410 τὴν
1267 2373 1360 2400 οὐσίαν
1381 2369 1480 2398 αὐτοῦ’
1497 2368 1544 2395 καὶ
1569 2367 1650 2394 πάλιν
1673 2365 1755 2401 μηδὲν
1776 2363 1858 2412 αὐτὸν

1065 2409 1135 2458 ἔχειν
1148 2409 1249 2448 τούτων
1261 2420 1301 2451 εἰς
1319 2416 1479 2452 κατάληψιν.
1494 2415 1537 2446 Ὠς
1551 2414 1599 2449 μὲν
1612 2411 1659 2440 οὖν
1672 2409 1858 2461 αἴτιος-ἁπαν-

1064 2456 1128 2500 τών,
1145 2467 1306 2502 γινώσκεται
1322 2466 1354 2491 ὲκ
1376 2462 1431 2490 τῶν
1453 2461 1483 2494 ἐξ
1503 2460 1601 2488 αὐτοῦ’
1618 2459 1656 2490 ὡς
1670 2458 1697 2484 δὲ
1716 2456 1798 2492 μηδὲν
1818 2456 1858 2506 ῶν

1064 2513 1118 2539 τῶν
1128 2511 1158 2543 ea
1180 2509 1272 2540 αὐτοῦ,
1291 2509 1365 2545 μένει
1387 2505 1566 2541 ἀγνοούμενος
1589 2503 1642 2530 ὑπὸ
1654 2503 1760 2529 πάντων
1773 2509 1780 2516 ·
1798 2503 1858 2532 πῶς

1066 2559 1095 2585 δὲ
1118 2558 1165 2585 καὶ
1188 2556 1232 2583 διὰ
1253 2556 1303 2591 τῆς
1328 2553 1464 2589 ἀγνωσίας
1486 2550 1660 2586 γινώσκεται,
1675 2548 1722 2575 καὶ
1741 2546 1858 2573 ἐνταῦθά

1068 2613 1144 2641 φησι,
1158 2603 1204 2631 καὶ
1215 2602 1342 2638 ἀνωτέρω
1358 2600 1464 2636 εἴρηται
1478 2599 1507 2625 ἐν
1524 2596 1662 2632 κεφαλαίῳ
1676 2593 1805 2628 δευτέρῳ.

1103 2735 1158 2762 Καὶ
1182 2733 1250 2760 οὔτε
1265 2731 1384 2758 νοεῖται.
1408 2729 1458 2756 Διὰ
1476 2728 1529 2764 γὰρ
1551 2726 1606 2754 τῶν
1625 2721 1858 2759 δεδημιουργημέ-

1068 2791 1120 2809 νων
1136 2779 1260 2817 νοοῦμεν,
1271 2776 1448 2812 ἐφαπὸμεοα
1462 2775 1511 2810 τῆς
1527 2772 1690 2808 ἐπιστήμης,
1707 2768 1803 2804 ἔχομεν
1819 2767 1862 2794 ὄντι
