1926 3062
123 103 182 131 355

482 104 510 132 S.
532 103 653 133 MAXIM]
672 104 817 133 SCHOLIA
837 105 870 133 ΙΝ
888 106 952 134 LIB.
975 108 1017 134 DE
1039 108 1166 136 DlVlNIS
1185 108 1381 140 NOMINIBUS.

1704 118 1756 144 554

124 158 193 192 Θεὸς
206 157 274 185 ἐστι.
290 159 338 191 Τίς
351 159 414 194 δὲ,ῆ
427 160 556 192 ποταπὸς,
570 160 587 196 ἢ
603 161 714 196 πηλίκος
725 161 807 194 αὐτὸς
816 164 830 189 ὀ
839 163 899 195 Θεὸς

968 164 1035 197 Quis
1051 160 1152 198 autem,
1170 170 1217 193 aut
1233 167 1332 201 qualis,
1350 171 1396 194 aut
1413 173 1531 203 quantus
1546 170 1581 197 sit
1598 170 1655 206 ipse
1673 171 1752 206 Deus,

123 205 188 231 οὒτε
203 203 326 239 νοοῦμεν,
342 204 403 231 οὔτε
421 205 605 241 ὀνομάζομεν,
621 206 681 233 οὔτε
702 207 740 242 νῷ
754 207 771 243 ἢ
791 208 914 244 αἰσθήσει

123 249 381 285 καταλαμϐάνομεν.
395 252 506 287 Ὅμοιον
517 251 570 287 γὰρ
584 252 670 287 τούτῳ
680 253 739 279 ἐστὶ
750 253 796 280 καὶ
806 254 837 280 τό
845 262 852 269 ·
871 254 913 281 Ἐν

123 294 310 324 πᾶσίνέστινό
327 297 403 329 Θεὸς,
420 297 467 324 καὶ
481 299 509 324 ἐν
518 298 604 324 οὐδενὶ
614 298 668 324 τῶν
685 299 792 326 πάντων
806 300 872 326 ἐστί.

160 343 243 368 Κατα
264 342 321 376 τὴν
344 342 419 377 ὑπὲρ
444 343 519 371 γοῦν
540 343 658 371 ἕνωσιν.
681 345 852 380 Σημείωσαι,
873 346 913 373 ὅτι

123 386 197 413 κατὰ
218 387 253 413 τὰ
278 389 550 425 προπαρατεθειμένα
571 390 620 426 τὴν
647 391 741 417 ἕνωσιν
762 391 840 418 ἔλαϐε
864 393 913 428 τῆς

122 433 197 468 ὑπὲρ
207 432 268 460 νοῦν
282 433 328 460 τοῦ
339 434 406 461 Θεοῦ
419 434 545 471 θεωρίας.

160 479 241 513 Αὕτη
265 478 320 514 γάρ
345 480 411 507 ἐστι
433 481 507 508 κατὰ
529 481 563 508 τὸ
580 482 696 517 Λόγιογ.
714 482 798 509 Τοῦτο
817 484 862 510 καὶ
881 485 912 510 ἐκ

121 525 174 559 τῆς
191 525 290 559 Σοφίας
308 526 478 562 Σολομῶντος
489 528 572 559 ἐστιν,
585 527 648 554 ἔνθα
663 528 769 562 λέγεται
786 529 913 563 τεχνῖτις

121 572 140 606 ἡ
161 572 241 606 σοφία
251 572 309 599 τῶν
320 572 452 599 πάντων·
473 573 519 599 καὶ
541 575 574 600 ἐκ
591 574 645 600 τῶν
667 574 832 610 Παροιμιῶν,
848 574 912 601 ἔνθα

121 618 230 654 εἴρηται
247 619 279 645 ἐκ
290 619 338 655 τῆς
350 619 456 654 Σοφίας·
479 619 552 654 Ἐγὼ
567 619 648 654 ἤμην
663 620 830 654 ἁρμόζουσα
842 622 911 655 παρ’

122 664 222 697 αὐτῷ·
241 665 287 691 καὶ
298 666 313 692 ὁ
328 665 417 692 Δαϐίδ-
430 664 531 692 Πάντα
546 665 581 692 ἐν
595 665 687 700 σοφίᾳ
702 665 856 700 ἐποίησας.

158 711 253 746 Λόγος
269 710 303 737 δὲ
324 712 340 737 ό
358 711 438 744 Θεός.
456 712 524 748 Περὶ
538 711 584 738 τοῦ
605 711 672 738 Θεοῦ
692 711 789 745 Λόγου,
803 712 850 738 καὶ
868 711 910 739 διὰ

119 757 147 784 τί
167 757 274 791 λέγεται
294 756 382 791 λόγος,
404 757 431 784 τί
449 757 581 793 δηλούσης
601 757 651 792 τῆς
670 757 796 792 τοιαύτης
814 758 911 792 ὀνομα-

121 803 194 835 σίας,
214 804 261 830 καὶ
283 803 346 839 μίαν
364 803 452 830 αἰτίαν
467 803 583 830 ἐνταῦθὰ
601 811 678 838 φησι,
693 802 753 829 καθ’
767 803 798 838 ἣν
817 803 910 838 ὄνομά·

966 219 1053 245 neque
1070 212 1255 247 intelligimus.
1265 220 1355 248 neque
1368 214 1551 247 nominamus,
1564 224 1651 251 neque
1664 223 1755 247 meme

964 261 1011 283 aut
1033 264 1114 283 sensu
1138 257 1401 291 comprehendimus.
1420 257 1489 286 Huic
1507 260 1579 287 enim
1603 261 1692 290 simile
1711 268 1754 291 est

963 300 1044 328 illud:
1064 301 1134 329 Deus
1151 302 1178 329 in
1190 303 1326 336 omnibus,
1342 308 1368 331 et
1385 304 1411 330 in
1429 306 1503 333 nullo
1520 306 1641 333 omnium
1658 312 1709 336 est.

999 341 1239 376 Secundnm'illam
1256 359 1314 385 qua:
1334 359 1414 386 supra
1432 353 1592 380 intellectum
1611 359 1661 386 est,
1677 356 1751 381 unico

963 402 1030 421 nem.
1048 394 1114 421 Nota
1125 403 1187 422 eum
1203 398 1352 431 accepisse,
1370 398 1440 425 sicut
1457 399 1483 426 in
1501 401 1672 435 antepositis,
1686 409 1737 428 con

961 439 1130 474 junctionem
1144 441 1257 469 visionis
1271 442 1317 470 Dei
1334 452 1394 478 qme
1411 449 1525 471 mentem
1544 451 1664 480 superat.

998 486 1130 519 Quoniam
1153 488 1211 522 ipsa
1236 489 1378 516 sectmdum
1408 489 1569 524 Scripturas.
1595 492 1652 520 Hoc
1668 493 1750 520 etiam

962 535 1002 558 est
1019 539 1050 558 ex
1070 531 1206 567 Sapientia
1225 532 1377 562 Salomonis
1396 540 1418 566 ι,
1436 536 1481 562 ubi
1499 537 1631 571 sapientia
1650 537 1750 564 dicitur

962 578 1078 604 omnium
1100 578 1215 613 artifex;
1239 583 1266 606 et
1286 589 1318 607 ex
1342 580 1512 614 Proverbiis,
1531 583 1576 609 ubi
1598 590 1613 609 a
1636 582 1748 617 Sapien-

961 623 999 649 tia
1025 623 1124 651 dicitur
1139 633 1145 651 :
1163 625 1229 652 Cum
1243 634 1271 652 eo
1289 635 1361 653 eram
1385 632 1478 654 cuncta
1509 636 1663 663 componens
1677 635 1706 663 ﬂ;
1722 635 1747 657 et

961 667 1046 696 David
1060 679 1066 696 :
1085 669 1181 697 Omnia
1193 671 1220 697 in
1234 673 1364 706 sapientia
1378 673 1464 708 fecisti
1476 674 1502 701 ι).

1002 715 1112 742 Verbum
1131 717 1210 743 etiam
1227 717 1305 744 Dens.
1324 717 1360 745 De
1378 718 1424 746 Dei
1438 718 1538 751 Verbo,
1562 723 1588 747 et
1610 727 1660 747 cur
1674 720 1747 747 dica—

961 765 1004 787 tur
1016 761 1139 795 verbum,
1156 762 1220 796 quid
1234 763 1278 789 illa
1293 764 1437 798 appellatio
1452 765 1595 800 signiﬁcet,
1611 774 1748 801 unamque

961 813 1071 834 causam
1094 807 1146 835 hoc
1171 808 1230 835 loco
1256 808 1338 841 dicit,
1358 814 1468 844 propter
1489 818 1569 845 quam
1591 812 1747 839 nominetur

120 849 197 881 ζεται
210 849 297 883 λόγος,
311 849 354 875 διὰ
373 849 404 875 τὸ
423 849 473 880 τὰς
490 849 543 875 τῶν
558 849 642 875 ὄντων
657 849 764 875 πάντων
777 848 865 880 αἰτίας
878 849 899 875 ἐι

958 852 1090 886 verbum;
1113 853 1241 881 nimirum
1263 855 1327 889 quia
1348 863 1437 882 rerum
1455 857 1577 882 omnium
1598 864 1696 885 causas
1718 858 1746 885 in

119 894 210 931 ἐαυτῷ
225 895 310 930 ἔχειν·
331 896 355 922 οξ
378 895 433 932 γὰρ
449 895 522 930 λόγοι
541 895 647 930 φύσεως
668 895 776 930 ἁπάσης
791 895 819 921 ἐν
834 895 907 931 αὐτῷ

118 942 199 975 εἰσιν,
215 942 251 974 ὡς
273 942 352 977 αἰτίῳ
370 942 460 977 πάσης
484 941 675 976 δημιουργίας·
697 942 730 967 δι’
750 940 831 967 αὑτοῦ
853 940 907 976 γὰρ

117 988 155 1015 τὰ
169 989 256 1015 πάντα
268 997 274 1003 ·
293 988 364 1015 αἵτε
383 987 437 1024 γὰρ
454 988 531 1021 ἰδέαι,
550 988 595 1014 καὶ
610 986 645 1013 τὰ
660 987 865 1023 παραδείγματα
878 988 907 1014 ἐν

118 1034 202 1069 αὐτῷ,
215 1035 264 1069 οὺχ
275 1034 356 1070 ἕτερα
368 1034 398 1060 ἐν
414 1034 508 1069 ἑτέρῳ,
523 1033 590 1060 ἀλλὰ
608 1034 713 1069 νοήσεις
727 1031 806 1061 ἀΐδιοι
818 1032 905 1066 οὖσαι,

118 1081 166 1107 καὶ
181 1080 254 1114 λόγοι
269 1080 408 1111 ποιοῦντες
422 1080 456 1106 τὰ
469 1080 566 1111 πάντα,
581 1080 702 1106 τουτέστι
717 1079 795 1114 φύσις
804 1088 811 1095 ·
829 1080 875 1106 καὶ

117 1125 199 1160 φύσις
222 1125 276 1161 γὰρ
294 1126 381 1160 λόγος,
402 1125 491 1152 αἰτίαν
506 1125 574 1160 ἔχων
593 1125 641 1152 καὶ
656 1125 734 1160 φύσιν
749 1125 782 1157 θθ,
797 1125 833 1157 ὡς
857 1127 906 1153 οῦκ

116 1173 179 1208 εἰκῆ
195 1173 242 1199 καὶ
256 1173 344 1209 μάτην
359 1173 386 1200 αί
405 1172 500 1207 φύσεις
513 1172 568 1198 τῶν
585 1172 669 1199 ὄντων
691 1173 755 1201 εἰσί,
778 1173 859 1207 Λέγει
878 1172 906 1199 δὲ

116 1220 197 1246 αὐτὸν
209 1220 304 1254 Λόγον,
325 1221 372 1247 καὶ
391 1220 427 1252 ὼς
448 1219 491 1246 διὰ
513 1219 620 1246 πάντων
643 1219 782 1254 χωροῦντα
802 1219 906 1246 ἀκωλύ-

115 1275 179 1298 τως,
194 1267 240 1293 καὶ
253 1266 343 1293 πάντα
358 1265 506 1302 περιιόντα,
515 1265 650 1301 καὶμέχρι
663 1265 715 1291 τῶν
726 1266 856 1300 ἐσχάτων,
867 1265 904 1297 ὡς

115 1313 145 1339 ὲν
158 1313 191 1348 τῇ
207 1312 275 1347 πρὸς
299 1312 454 1347 Ἐϐραίους⁴
470 1310 535 1338 Ζῶν·
551 1311 605 1346 γὰρ
621 1313 637 1338 ό
652 1311 743 1346 λόγος
758 1311 806 1337 καὶ
823 1311 904 1345 ἐνερ-

115 1358 181 1393 γὴς,
199 1358 246 1385 καὶ
261 1357 295 1384 τὰ
311 1358 384 1393 ἐξῆς.

152 1404 245 1437 οὗτος
260 1405 277 1431 ὁ
293 1405 388 1438 Λόγος
403 1403 497 1431 ἐστιν.
509 1403 567 1430 Ὅτι
582 1404 596 1430 ὁ
617 1403 683 1435 Θεὸς
695 1404 789 1438 Λόγος,
806 1404 823 1439 ἡ
839 1404 904 1431 αὐτὸ

115 1450 163 1477 καὶ
178 1449 216 1485 τῷ
224 1450 280 1476 ὄντι
295 1448 391 1477 ⁶¹οὖσα
402 1449 523 1485 ἀλήθεια,
539 1450 649 1481 εἰκότως
660 1450 718 1476 ἐστὶ
732 1450 778 1476 καὶ
795 1449 866 1485 ἁπλῆ
881 1451 902 1466 ⁶¹

114 1496 167 1523 τῶν
181 1497 263 1523 ὕντων
278 1496 386 1531 γνῶσις.
405 1496 437 1522 Τί
449 1496 478 1523 δέ
493 1497 551 1523 ἐστι
567 1495 676 1530 γνῶσις,
691 1495 771 1528 εὐθὺς
794 1497 903 1522 ἐπισυν-

115 1541 193 1569 me:
208 1542 349 1569 διδάσκων.

150 1590 184 1615 Et
199 1588 253 1623 γὰρ
269 1589 289 1622 ἡ
306 1587 416 1623 γνῶσις
430 1587 564 1621 ἐνωτική.
581 1587 621 1614 Τὰ
638 1587 702 1622 περὶ
716 1587 766 1622 τῆς
783 1587 898 1623 ἀληθοῦς

114 1634 238 1668 γνώσεως
263 1633 427 1670 σαφηνίζων,
456 1633 536 1664 αὐτὸς
556 1634 570 1660 ὁ
597 1633 662 1664 Θεὸς
685 1633 769 1667 Λόγος
783 1634 898 1669 Χριστὸς

121 1679 232 1715 Ἰησοῦς,
256 1680 319 1715 περὶ
337 1678 369 1708 οὗ
381 1680 394 1706 ό
409 1679 501 1714 λόγος·
523 1679 627 1715 καὶηότι
645 1680 662 1714 ἡ
678 1679 776 1712 γνῶσις
793 1679 898 1714 ἀληθῶς

115 1727 227 1762 ἐνωτική
245 1727 302 1753 ἐστι
317 1726 372 1752 τῶν
393 1725 550 1760 ἐγνωκότων
567 1725 614 1752 καὶ
634 1724 687 1751 τῶν
709 1725 895 1760 ἐγνωσμένων,

114 1772 193 1808 φησί·
217 1772 303 1808 Κάγὼ
319 1772 452 1808 γινώσκω
470 1772 505 1799 τὰ
520 1773 577 1808 ἐμὰ
590 1773 730 1807 πρόϐατα,
748 1773 796 1800 καὶ
814 1773 897 1808 γινώ-

113 1827 220 1853 σκομαι
235 1818 294 1845 ὑπὸ
311 1818 369 1845 τῶν
384 1818 477 1854 ἐμῶν·
501 1818 597 1852 καθὼς
608 1818 746 1854 γινώσκει
755 1827 794 1854 με
809 1821 825 1846 ό
839 1821 897 1846 Πα-

114 1864 177 1898 τὴρ,
189 1864 268 1899 κάγὼ
280 1864 413 1899 γινώσκω
426 1864 478 1891 τὸν
488 1864 612 1899 Πατέρα.
623 1866 726 1900 Ὥσπερ
737 1865 790 1901 γὰρ
801 1865 816 1901 ὴ
830 1866 897 1900 γνῶ-

114 1918 154 1941 σις
178 1910 279 1945 γνοῦσα
304 1912 392 1937 ἐκεῖνο
412 1911 426 1937 ὂ
441 1911 541 1945 γνῶναι
562 1911 702 1947 ἠθέλησεν,
726 1912 830 1939 ἑνοῦται
855 1912 895 1948 τῷ

113 1957 272 1991 γνωσθέντι,
297 1957 387 1984 οὐκέτι
409 1956 571 1992 ἀμφιϐολίαν
597 1956 694 1992 ἔχουσα
705 1957 768 1992 περὶ
793 1958 893 1991 αὑτοῦ,

112 2004 170 2030 οὐδὲ
178 2004 220 2030 διὰ
229 2003 276 2039 τὴν
289 2002 449 2038 ἀμφιϐολίαν
461 2003 606 2038 σχιζομένη
618 2004 656 2034 είς
677 2003 771 2038 ἐτέρας
792 2003 894 2036 ἐννοίας

111 2050 158 2077 καὶ
177 2050 343 2082 ἀστατοῦσα,
360 2048 407 2076 καὶ
429 2049 522 2083 ἄγνοια
536 2048 580 2075 διὰ
600 2048 679 2075 τοῦτο
693 2049 835 2085 γενομένη,
850 2049 893 2077 διὰ

110 2097 140 2124 τὸ
156 2097 192 2132 μὴ
207 2096 349 2131 πεισθῆναι
364 2096 404 2123 ὅτι
420 2096 489 2130 ἔγνω
499 2105 505 2111 ·
521 2095 607 2128 οὕτως
625 2097 649 2122 οἱ
667 2096 757 2122 πιστοὶ
776 2098 808 2132 τῇ
824 2096 893 2131 γνώ-

112 2151 152 2170 σει
165 2143 308 2175 ἑνωθέντες
320 2142 359 2178 τῷ
372 2142 516 2177 γνωσθέντι
533 2142 651 2178 Χριστῷ,
665 2143 694 2174 ὃς
712 2143 786 2169 ἐστιν
800 2144 814 2169 ὁ
827 2143 893 2174 Θεὸς

110 2189 204 2223 Λόγος,
221 2189 267 2216 καὶ
280 2189 329 2225 τὴν
344 2189 432 2215 πίστιν
447 2189 487 2220 εἰς
502 2189 584 2215 αὐτὸν
597 2189 760 2224 ἐρείσαντες,
776 2197 893 2224 μονιμω-

110 2235 193 2271 τάτην
215 2236 262 2262 καὶ
283 2235 427 2262 ἀσάλευτον
450 2235 504 2261 τῶν
531 2234 707 2269 ἐγνωσμένων
729 2235 778 2270 τὴν
803 2235 893 2261 πίστιν

111 2281 226 2317 ἔχοντες,
245 2281 284 2308 ὅτι
302 2281 368 2308 Θεὸν
388 2281 518 2315 ἔγνωσαν,
534 2280 581 2307 καὶ
601 2281 653 2307 ὑπὸ
673 2280 740 2306 Θεοῦ
755 2280 892 2316 ἐγνώσθη-

113 2335 170 2359 σαν,
186 2327 343 2363 ἐξεστήκασι
367 2327 414 2363 μὲν
430 2328 479 2363 τῆς
501 2327 620 2361 ἀγνοίας,
643 2327 676 2363 ἣν
698 2327 808 2363 εἴπομεν
824 2327 891 2354 διαι-

113 2376 177 2410 ρεῖν,
203 2374 249 2400 καὶ
259 2374 358 2410 σχίζειν
383 2374 429 2400 καὶ
447 2373 611 2400 διασαλεύειν
634 2374 674 2405 είς
696 2373 789 2401 ἄλλοτε
810 2373 891 2405 ἄλλας

110 2420 278 2456 ἀμφιϐολίας,
291 2420 328 2452 ὡς
341 2420 377 2456 μὴ
391 2419 507 2455 γνοῦσαν
519 2419 533 2446 ὃ
551 2419 591 2446 δεῖ
600 2419 710 2453 γνῶναι·
727 2420 892 2455 ἐφεστήκασι

111 2467 138 2493 δὲ
151 2468 182 2502 τῇ
205 2466 365 2502 βεϐαιάτητι,
387 2468 420 2502 τῇ
442 2466 531 2492 πίστει
561 2465 826 2501 πληροφορηθέντες,
851 2465 892 2492 ὃτι

112 2513 229 2547 ἔγνωσαν
251 2513 297 2539 καὶ
320 2512 462 2548 ἡνώθησαν
480 2512 526 2539 διὰ
542 2512 620 2538 τοῦτο
640 2512 663 2527 ⁸³
678 2506 722 2546 τῷ”
733 2510 889 2545 γνωσθέντι.

118 2559 145 2586 ’0
160 2559 206 2594 μὲν
219 2557 264 2586 οὖν
277 2560 306 2586 ἐν
319 2559 358 2594 τῷ
368 2558 458 2594 σκοπῷ
472 2558 521 2592 τῆς
530 2557 640 2592 ἀγνοίας
666 2557 737 2584 κατὰ
748 2557 794 2583 τὸν
812 2556 891 2583 Ἀπόο

141 2655 152 2669 ι
167 2649 233 2685 Cap.
252 2657 299 2682 vn,
317 2656 342 2675 v.
360 2647 406 2675 21.
447 2654 460 2668 ³
477 2647 542 2682 Cap.
561 2654 621 2679 vni,
640 2654 664 2672 ν.
683 2646 727 2673 50.

777 2645 791 2665 b
808 2645 880 2673 Psal.
899 2653 964 2676 cui,
982 2643 1027 2671 24.

959 898 1050 932 seipso
1068 898 1161 932 habet,
1177 900 1297 928 rationes
1317 900 1388 927 enim
1406 901 1540 929 universae
1561 905 1666 930 natura:
1683 908 1747 931 sunt

959 942 986 969 in
998 943 1057 978 ipso
1071 947 1200 978 tanquam
1211 946 1300 973 omnis
1313 952 1445 974 creaturae
1456 951 1584 981 auctore;
1598 955 1645 982 per
1655 949 1744 983 ipsum

957 989 1029 1015 enim
1045 989 1153 1022 omnia;
1170 997 1232 1017 nam
1247 990 1314 1018 ideae
1329 995 1356 1019 et
1372 992 1537 1026 exemplaria
1555 992 1581 1018 in
1603 993 1672 1027 ipso,
1691 1001 1744 1021 nou

958 1034 1010 1060 alia
1027 1035 1054 1061 in
1076 1035 1138 1067 alio,
1162 1036 1210 1063 sed
1226 1041 1290 1064 sunt
1315 1036 1514 1066 intellectiones
1533 1042 1641 1066 :etcrnze
1657 1043 1684 1067 et
1701 1048 1744 1066 ra-

958 1080 1045 1107 tiones
1061 1089 1121 1115 quaa
1141 1082 1232 1109 omnia
1254 1082 1369 1114 faciunt,
1391 1083 1418 1111 id
1441 1088 1483 1111 est
1508 1089 1621 1118 natura;
1645 1089 1743 1112 natura

956 1127 1028 1153 enim
1044 1131 1085 1154 est
1103 1128 1171 1154 ratio
1184 1136 1244 1163 qua:
1259 1136 1369 1156 causam
1384 1134 1411 1156 et
1433 1135 1556 1157 naturain
1572 1131 1664 1163 habet,
1679 1131 1744 1166 quia

956 1177 1060 1200 natura:
1083 1181 1174 1201 rerum
1197 1182 1252 1202 non
1274 1178 1338 1202 sunt
1363 1179 1463 1203 temere
1484 1180 1511 1203 et
1536 1176 1647 1204 frustra.
1671 1176 1743 1204 Dicit

955 1223 1045 1247 autem
1062 1221 1151 1256 ipsum
1162 1220 1291 1254 Verbum,
1306 1225 1333 1249 et
1349 1222 1421 1257 quod
1438 1230 1486 1257 per
1500 1223 1592 1250 omnia
1612 1223 1671 1250 sine
1691 1223 1743 1249 iiu-

955 1266 1111 1300 pedimento
1123 1267 1214 1299 vadat,
1227 1272 1254 1294 et
1275 1268 1367 1295 omnia
1384 1268 1534 1295 circumeat
1556 1269 1638 1295 etiam
1657 1276 1742 1303 usque

954 1312 989 1339 ad
1003 1316 1133 1345 extrema,
1149 1312 1219 1340 sicut
1233 1313 1261 1340 in
1277 1313 1400 1348 Epistola
1414 1314 1448 1341 ad
1464 1313 1592 1342 llebrteOs
1605 1320 1616 1334 ε
1635 1323 1642 1341 :
1663 1314 1741 1342 Vivus

953 1362 991 1384 est
1006 1358 1076 1384 enim
1092 1367 1175 1385 sermo
1190 1364 1214 1385 et
1226 1359 1326 1394 e/ﬁcax,
1344 1364 1397 1388 etc.

991 1403 1047 1430 Hoc
1067 1403 1178 1430 Verbum
1192 1411 1239 1431 est.
1250 1403 1326 1437 Quod
1340 1404 1410 1431 Deus
1420 1403 1618 1435 Vcrbum,cum
1634 1405 1668 1431 sit
1682 1404 1741 1440 ipsa

953 1454 980 1478 et
994 1457 1055 1484 qua:
1070 1458 1164 1484 reapse
1181 1455 1222 1478 est
1237 1450 1348 1482 veritas,
1362 1451 1459 1477 merito
1473 1451 1554 1478 etiam
1572 1451 1607 1477 sit
1627 1451 1741 1485 simplex

954 1502 1044 1522 rerum
1067 1496 1207 1530 cognitio;
1224 1495 1288 1530 quid
1306 1501 1396 1523 autent
1414 1496 1449 1524 sit
1466 1497 1595 1532 cognitio,
1613 1504 1675 1522 mox
1691 1496 1741 1523 do-

912 1535 933 1563 C
951 1548 1017 1568 cens
1034 1541 1168 1576 adjungit.

985 1586 1016 1613 Si
1030 1587 1098 1613 enim
1110 1587 1223 1622 cognitio
1234 1588 1284 1614 vim
1300 1587 1376 1614 habet
1393 1586 1509 1614 uniendi.
1525 1586 1562 1613 Ea
1574 1594 1634 1621 qua
1647 1594 1739 1613 veram

951 1633 1132 1668 cognitionem
1162 1637 1300 1668 spectant,
1331 1634 1389 1668 ipse
1419 1632 1490 1660 Deus
1510 1632 1629 1660 Verbum
1657 1631 1738 1660 Jcsns

950 1679 1087 1711 Christus,
1105 1680 1138 1706 de
1153 1687 1207 1714 quo
1221 1683 1263 1707 est
1280 1687 1380 1711 sermo,
1398 1679 1525 1714 explicat,
1543 1683 1624 1712 atque
1645 1679 1738 1714 cogni-

951 1725 1050 1753 tionem
1068 1733 1160 1753 revera
1176 1733 1236 1753 esse
1253 1726 1385 1752 unitivam
1407 1724 1632 1760 cognoscentium
1647 1728 1673 1752 et
1691 1732 1738 1752 co—

949 1772 1084 1808 gnitorum
1098 1772 1163 1798 dicit
1178 1781 1184 1798 :
1202 1771 1234 1798 Et
1245 1780 1291 1807 ego
1304 1779 1428 1806 cognosco
1444 1779 1500 1798 oves
1513 1779 1595 1803 meas,
1604 1775 1627 1797 et
1641 1779 1737 1806 cogno-

948 1826 1008 1845 δεον
1021 1826 1038 1844 α
1054 1819 1135 1845 meis:
1151 1819 1218 1845 sicut
1233 1817 1363 1853 cognoscit
1380 1825 1419 1844 me
1433 1816 1524 1849 Pater,
1535 1821 1559 1844 et
1577 1825 1622 1852 ego
1641 1825 1737 1852 cogno-

947 1873 992 1891 sco
1015 1864 1122 1892 Patrem
1134 1865 1158 1892 ἀ.
1184 1863 1261 1891 Sicut
1280 1864 1352 1891 enim
1376 1863 1496 1899 cognitio
1519 1871 1686 1898 cognoscens
1708 1863 1735 1890 id

948 1911 1018 1946 quod
1037 1919 1119 1938 nosse
1136 1910 1229 1942 voluit,
1244 1910 1284 1938 rei
1300 1910 1416 1944 cognitae
1433 1910 1536 1940 unitur,
1551 1917 1606 1936 non
1617 1910 1735 1945 amplius

947 1957 982 1984 de
996 1957 1054 1992 ipsa
1072 1956 1149 1992 193
1165 1956 1304 1987 dubitans,
1330 1963 1416 1990 neque
1442 1960 1551 1990 propter
1570 1955 1682 1982 dubium
1707 1955 1733 1982 in

946 2003 1068 2031 diversas
1091 2004 1221 2030 dividitur
1246 2002 1434 2037 cogitationes,
1452 2005 1547 2035 estque
1563 2001 1733 2033 inconstans,

946 2054 1027 2085 alque
1039 2050 1189 2085 ignorantia
1201 2048 1262 2076 ideo
1274 2048 1379 2078 eﬂ‘ccta,
1392 2047 1455 2082 quia
1470 2054 1524 2073 non
1541 2046 1628 2073 credit
1641 2054 1670 2073 se
1684 2055 1735 2072 no-

946 2096 1018 2122 visse
1031 2105 1037 2122 :
1053 2096 1091 2122 ita
1106 2095 1200 2122 ﬁdeles
1217 2102 1265 2129 per
1278 2093 1459 2128 cognitionem
1474 2092 1513 2118 illi
1529 2092 1638 2126 cognito
1655 2091 1734 2118 Chri-

946 2146 988 2169 sto
1012 2141 1060 2176 qui
1084 2145 1125 2169 est
1145 2140 1218 2168 Deus
1233 2139 1367 2171 Verbum,
1391 2139 1471 2170 uniti,
1494 2142 1577 2172 atque
1600 2137 1679 2164 ﬁdem
1704 2138 1731 2164 in

945 2188 1004 2218 ipso
1016 2187 1166 2218 ﬁrmantes,
1181 2185 1372 2214 solidissimam
1388 2188 1416 2212 et
1431 2184 1621 2211 inconcussam
1639 2184 1733 2218 cogni-

946 2238 1036 2261 torum
1053 2233 1132 2261 ﬁdem
1154 2232 1296 2264 trahentes,
1310 2230 1382 2266 quod
1398 2230 1481 2258 Deum
1498 2234 1684 2265 cognoverunt
1704 2234 1732 2256 ct

945 2285 960 2304 a
976 2277 1030 2304 Deo
1051 2276 1151 2312 cogniti
1168 2279 1242 2309 sunt,
1263 2280 1340 2302 extra
1356 2274 1537 2310 ignorantiam
1557 2282 1624 2302 sane
1638 2275 1731 2302 consi-

945 2327 1031 2355 stunt,
1056 2330 1138 2358 quam
1159 2321 1277 2349 diximus
1303 2321 1423 2348 dividere
1447 2324 1474 2348 et
1499 2327 1625 2355 separare
1649 2325 1730 2355 atque

945 2375 1089 2397 concutere
1105 2369 1139 2396 ab
1156 2376 1209 2396 una
1224 2369 1252 2395 in
1269 2367 1336 2394 alias
1352 2367 1546 2398 dubitationes,
1560 2369 1590 2394 ut
1610 2374 1671 2401 qua:
1682 2375 1729 2394 nc-

943 2417 1012 2445 sciat
1027 2416 1091 2451 quid
1105 2415 1216 2442 credere
1228 2417 1368 2449 oporteat;
1384 2413 1447 2440 item
1463 2412 1591 2440 insistunt
1608 2413 1726 2439 ﬁrmitati

943 2463 995 2490 ﬁde
1012 2461 1146 2497 persuasi,
1163 2460 1235 2495 quod
1259 2459 1360 2490 norint,
1378 2467 1410 2486 ac
1427 2458 1487 2486 ideo
1502 2458 1642 2493 conjuncti
1664 2462 1728 2485 sunt

942 2515 1004 2535 cum
1020 2507 1140 2542 cognito.
1162 2507 1196 2533 At
1218 2506 1263 2541 qui
1284 2506 1311 2532 in
1327 2504 1446 2533 tenebris
1461 2504 1620 2539 ignorantia!
1635 2510 1721 2530 versa-

941 2559 996 2587 tur,
1007 2554 1084 2589 juxta
1096 2553 1265 2588 Apostolum,
1278 2559 1371 2579 errore
1384 2551 1442 2586 ipso
1457 2550 1601 2581 ﬂuctuans,
1612 2549 1728 2576 circum-

1078 2647 1089 2661 ο
1108 2641 1174 2676 Cap.
1193 2649 1229 2673 iv,
1247 2649 1272 2668 ν.
1295 2640 1335 2668 19..
1384 2639 1397 2659 ι)
1414 2638 1493 2666 Joan.
1515 2646 1538 2670 ι,
1559 2638 1590 2664 Η
1615 2639 1658 2666 15.

562 2725 679 2753 ἺΑΒΙᾹΞ
699 2723 892 2753 ιιεετιοΝΕδ
909 2723 952 2750 ET
973 2719 1247 2750 CORRECTIONES.

154 2809 175 2824 "
189 2808 293 2840 σοφίαν.
342 2807 361 2823 ⁶¹
381 2808 396 2837 ἡ
413 2805 451 2836 τῷ
467 2806 534 2834 ὄντι.
567 2805 589 2820 ε’
603 2805 734 2836 ἀπλανὴς.

788 2803 809 2819 ⁸³
826 2803 937 2830 τούτων.
