1940 3064
205 127 256 157 555

603 129 774 155 Al‘l’hl‘lilx
787 128 832 154 AD
845 127 959 156 OPERA
978 127 1007 157 S.
1026 127 1173 154 DIONYSII
1196 125 1438 154 AREOPAGITIE.

1781 127 1836 154 556

204 184 291 211 fertur
311 183 385 211 omni
410 187 490 211 vento
519 183 649 218 nequitia:
678 184 817 211 hominum
844 184 914 211 sicut
943 185 985 218 qui

1044 182 1145 213 στολον,
1171 182 1226 215 ὢν,
1256 183 1308 208 ὑπὸ
1323 182 1389 216 ,τῆς
1411 181 1514 217 πλάνης
1539 181 1623 216 αὐτῆς
1647 181 1835 217 σαλευόμενος,

205 230 273 256 mari
299 233 461 264 tempestate
477 230 641 264 agitanture
659 229 728 264 (haec
754 229 827 256 enim
855 229 892 256 ait
918 229 991 264 Apo-

204 275 312 310 stolus),
334 278 362 302 et
386 274 535 301 arbitratur
557 274 697 310 gnosticos
719 273 851 305 insanire,
877 273 948 301 sicut
964 277 991 300 et

205 320 302 349 Festus
318 321 426 348 dicebat
443 319 528 347 Paulo
550 320 668 347 divinam
685 320 865 354 cognitionem
892 320 990 355 praedi-

204 368 275 394 canti
291 377 298 394 :
316 366 434 398 lnsams,
447 366 530 393 Paule
545 366 566 393 ί.
580 366 727 393 Gnosticus
746 369 834 392 autem
852 369 879 393 et
898 374 991 393 revera

204 414 390 443 Christianus.
411 417 502 448 utpote
528 420 590 440 vere
617 411 755 438 Christum
773 419 952 446 cognoscens,
965 417 992 439 et

204 467 252 494 per
274 459 364 494 ipsum
390 459 434 486 Dei
453 459 646 494 cognitionem,
677 465 770 491 unam,
797 458 924 492 inquam,
944 465 992 485 ve-

204 506 293 532 ritatis
309 500 494 540 cognitionem
516 503 660 539 possidens
678 503 770 538 (porro
793 511 847 530 una
870 507 912 530 est
932 510 992 537 quae

203 551 316 586 simplex
333 555 359 578 et
376 558 430 577 non
447 550 599 584 composita
613 549 755 584 cognitio),
769 553 847 576 extra
861 549 991 575 mundum

202 596 338 627 consistit,
353 603 414 622 cum
431 595 543 622 minimc
560 599 684 623 versetur
700 595 726 621 in
744 595 882 621 mundana
896 595 992 623 inlide-

202 641 267 668 lium
284 641 399 668 scientia
421 646 448 668 et
464 648 576 668 errore:
599 641 719 673 seipsum
744 644 834 667 autem
851 640 992 675 cognoscit

201 688 322 714 sobrium
334 691 361 713 et
377 695 392 714 ιι
406 687 550 722 multivaga
568 686 726 714 inﬁdelitate
739 686 882 713 liberatum
895 695 902 719 ;
918 686 993 714 idco-

200 742 253 768 que
279 733 400 768 quotidie
426 740 475 767 pro
494 733 606 760 veritate
624 733 787 764 moriuntur,
806 740 859 758 non
886 736 992 759 tantum

201 787 288 814 usque
304 778 338 806 ad
358 785 473 806 mortem
499 786 607 813 semper
631 782 742 813 propter
764 779 905 805 veritatem
923 778 992 813 peri-

199 825 344 855 clitantes,
368 825 416 852 sed
443 825 524 852 etiam
549 832 656 859 semper
686 825 846 859 ignorantiae
873 824 992 852 morien-

1041 229 1217 264 περιφέρεται
1239 228 1319 254 παντὶ
1343 228 1436 263 ἀνέμῳ
1457 227 1507 263 τῆς
1533 227 1644 258 κυϐείας
1657 227 1711 253 τῶν
1729 228 1836 263 ἀνθρώ-

1041 283 1116 305 πων,
1145 274 1239 310 ὥσπερ
1266 275 1290 300 οἱ
1316 275 1344 300 ὲν
1375 273 1488 307 πελάγει
1520 272 1744 307 κλυδωνιζόμενοι
1777 273 1836 309 (καὶ¹

1041 317 1126 344 ταῦτα
1133 316 1186 353 γάρ
1202 326 1283 353 φησιν
1296 318 1310 344 ό
1328 316 1506 349 Ἃπόστολος),
1517 317 1564 344 καὶ
1576 317 1680 352 νομίζει
1693 318 1755 349 τοὺς
1769 327 1837 352 γνω-

1042 364 1150 395 στικοὺς
1166 363 1316 398 μαίνεσθαι,
1331 363 1369 395 ὡς
1392 363 1439 390 xui
1463 364 1477 389 ό
1498 363 1602 398 Φῆπος
1615 363 1666 399 ἔφη
1682 363 1722 398 τῷ
1736 355 1836 400 Παὺλῴ

1041 409 1201 445 κηρύττοντι
1223 409 1271 444 τὴν
1297 409 1371 436 θείαν
1399 408 1513 443 γνῶσιν
1537 409 1645 443 Μαίνῃ,
1671 409 1781 438 Παῦλε.
1807 411 1836 437 ’0

1042 456 1189 490 γνωστικὺς
1214 456 1261 482 xui
1283 456 1322 491 τῷ
1349 456 1405 482 δντι
1426 456 1604 492 Χριστιανὸς,
1633 456 1680 482 ἆτε
1705 458 1738 492 τῇ
1769 457 1836 493 ἀλη-

1041 501 1101 538 θείᾳ
1125 503 1204 537 γνοὺς
1229 503 1354 538 Χριστὸν,
1376 503 1421 529 καὶ
1439 503 1471 529 δι’
1491 503 1571 530 αὑτοῦ
1596 502 1645 538 τὴν
1672 503 1836 538 θεογνωσίαν

1042 548 1221 584 κτησάμενος,
1236 548 1285 584 τὴν
1307 549 1408 575 ἑνιαίαν
1424 548 1494 582 λέγω
1517 549 1567 583 τῆς
1587 548 1714 584 ἀληθείας
1734 549 1834 583 γνῶσιν

1043 595 1140 629 (ένιαία
1156 595 1184 621 δέ
1195 596 1268 621 ἐστιν
1279 596 1296 630 ἡ
1312 595 1383 630 ἁπλῆ
1405 595 1451 622 καὶ
1466 595 1610 626 ἀσύνθετος
1632 595 1760 630 γνῶσις),
1776 595 1836 629 ἐξέ-

1043 649 1127 676 στηκε
1153 642 1200 676 μὲν
1220 640 1266 667 τοῦ
1293 641 1406 676 κόσμου,
1433 641 1468 676 μὴ
1492 641 1529 667 ὣν
1544 643 1573 668 ὲν
1586 642 1619 677 τῇ
1641 643 1758 677 κοσμικῇ
1779 642 1835 669 τῶν
1885 653 1893 665 ι

1042 687 1162 713 ἀπίστων
1173 686 1269 723 γνώμῃ
1284 687 1330 713 xui
1345 686 1432 724 πλάνῃ
1444 696 1450 702 ·
1474 686 1567 713 ἑαυτὸν
1590 687 1617 713 δὲ
1637 686 1764 721 γινώσκει
1785 689 1833 723 νήν

1043 741 1126 766 φοντα
1141 733 1188 759 καὶ
1202 732 1407 768 ἀπηλλαγμένον
1422 733 1472 768 τῆς
1492 732 1677 764 πολυπλανοῦς
1690 733 1832 765 ἀπιστίας·

1042 778 1081 804 διὸ
1105 778 1152 805 xui
1174 780 1234 807 καθ’
1255 778 1372 813 ἑκάστην
1401 779 1506 814 ἡμέραν
1530 778 1744 814 ἀποθνήσκουσιν
1764 779 1834 815 ὑπὲρ

1042 824 1091 859 τῆς
1106 824 1242 859 ἀληθείας,
1256 825 1286 850 οὺ
1303 825 1382 859 μόνον
1406 825 1486 860 μέχρι
1505 825 1619 852 θανάτου
1635 824 1834 857 κινδυνεύοντες

200 874 252 902 tes,
261 869 410 905 cognitioni
428 877 493 898 vero
512 869 634 897 viventes
649 874 676 897 et
690 870 841 898 Christiani
865 877 985 905 compro-

1043 869 1169 896 ἑκάστοτε
1193 870 1237 896 διὰ
1257 870 1305 906 τὴν
1327 870 1464 906 ἀλήθειαν,
1491 870 1558 897 ἀλλὰ
1571 872 1618 897 xui
1639 872 1672 906 τῇ
1697 871 1793 906 ἀγνοίᾳ
1810 872 1834 888 ⁵⁸

199 917 266 943 bati.

206 1041 214 1049 ,
235 1017 390 1050 Divisionis,
411 1017 459 1046 Gr.
474 1018 641 1054 διαιρέσεως,
655 1026 748 1045 causa.
767 1018 904 1053 Διαίρεσιν
919 1017 990 1046 divi-

199 1063 305 1091 sionem
326 1069 407 1092 voeat
423 1064 474 1091 hoc
498 1065 569 1097 loco,
583 1065 726 1093 sententiae
741 1064 946 1092 instabilitatetn
962 1070 989 1092 et

198 1108 225 1135 in
247 1109 331 1137 multa
347 1109 523 1137 divisionem.

234 1155 377 1182 Domicilio
388 1175 395 1187 ,
411 1154 458 1183 Gr.
480 1155 583 1187 ἑστίας.
601 1155 753 1183 Mansionis
766 1175 773 1187 ,
800 1155 986 1184 habitationis.

236 1201 415 1236 Singulanm,
429 1201 476 1229 Gr.
491 1203 524 1237 τῇ
541 1201 638 1237 ένιαίᾳ,
656 1201 879 1230 Christianorum.
896 1202 916 1228 Ρ
918 1203 988 1229 idem

199 1250 321 1274 nostram
336 1251 417 1274 vocat
429 1247 544 1280 ἑνιαίαν,
561 1252 591 1274 ιιι
606 1248 757 1282 simplicem
777 1252 804 1275 et
819 1248 922 1276 erroris
938 1257 988 1276 cx-

199 1296 315 1327 pertem,
331 1293 392 1328 ejus
408 1294 454 1328 qui
468 1301 563 1321 revera
578 1298 620 1321 est
636 1294 819 1329 cognitionem
831 1294 986 1322 habentem-

443 1348 570 1386 19411⁸1
584 1349 662 1377 CAP.
678 1349 745 1377 VIII.

234 1395 284 1431 §l.
305 1395 338 1422 Ut
354 1397 496 1430 potentiam
520 1404 630 1432 quoque.
655 1395 812 1424 Secundum
827 1396 892 1432 quid
916 1395 988 1425 Deus

199 1440 310 1468 dicatur
322 1441 372 1468 vis.

236 1486 269 1514 Et
289 1487 505 1516 dominationem.
523 1487 557 1515 Ut
579 1487 646 1515 illud
664 1495 672 1514 :
698 1488 826 1516 Dominus
850 1490 987 1524 virtutum,

197 1534 252 1568 ipse
267 1538 306 1560 est
328 1533 384 1561 Rea:
404 1534 497 1568 gloria:
510 1535 533 1561 ⁸.
552 1533 690 1569 [Rursum
709 1534 837 1562 Dominus
862 1536 986 1563 virtutum

197 1580 344 1613 nobiscum,
360 1580 482 1615 defensor
495 1584 582 1607 noster
592 1580 664 1608 Deus
674 1579 782 1616 Jacob.]

230 1658 253 1685 Α
271 1658 395 1692 potentiis
418 1665 555 1692 separatu.
577 1656 625 1684 Gr.
647 1657 787 1693 δυνάμεων
809 1659 985 1695 ἀφορίζουσα.

202 1704 390 1740 Ἀφορίζουσα,
407 1703 434 1730 id
449 1709 491 1732 esi.
507 1703 679 1738 distinguens
694 1708 721 1730 ct
739 1712 880 1739 separaris.

232 1749 246 1785 §
265 1749 295 1777 Il.
315 1749 465 1777 Secundum
484 1749 630 1784 potentiam
652 1749 835 1784 inﬂexibilem.
851 1749 897 1778 Gr.
916 1750 987 1777 κατὰ

196 1795 311 1831 δύναμιν
331 1795 450 1822 ἀκλιτον.
467 1795 540 1823 Dixit
554 1795 673 1828 ᾶκλιτον,
690 1796 715 1823 id
731 1800 774 1824 est
788 1804 803 1823 a
818 1797 930 1832 proprio
945 1797 987 1824 fa-

196 1842 279 1877 stigio
291 1850 345 1868 non
360 1841 588 1875 descendentem;
606 1849 658 1869 non
675 1842 747 1869 enim
764 1842 790 1869 in
804 1843 857 1870 vim
871 1843 986 1872 inclina—

196 1891 241 1915 tus
256 1891 395 1922 operatur,
414 1886 461 1914 sed
475 1887 622 1919 immotus,
634 1895 722 1922 neque
736 1887 762 1914 in
777 1889 887 1923 propria
907 1889 985 1915 forti-

196 1933 292 1960 tudine
315 1932 431 1959 inﬁcxus
455 1939 500 1959 res
522 1932 670 1967 producit:
685 1932 756 1960 forte
778 1933 923 1960 dicendutn
943 1938 985 1961 est

195 1979 318 2006 ἇκλειτον
333 1983 361 2005 et
381 1978 461 2013 quasi
484 1985 537 2004 non
560 1978 701 2005 clausum:
721 1978 783 2006 ideo
801 1979 877 2006 addit
900 1979 983 2007 etiam

195 2025 402 2060 ἀπεριόριστον,
416 2024 686 2059 incircumscriptum
700 2034 706 2052 :
719 2032 774 2052 non
788 2025 860 2052 enim
876 2025 983 2053 claudi-

196 2076 250 2104 tur,
268 2075 398 2106 tanquam
422 2070 450 2097 in
474 2069 566 2105 aliquo
593 2070 698 2097 viribus
721 2070 847 2104 deﬁciat;
861 2071 908 2098 sed
935 2071 982 2099 Dei

195 2119 282 2146 virtus
294 2118 322 2145 in
337 2118 437 2144 virtute
451 2117 542 2144 omnia
559 2116 675 2144 faciendi
689 2124 796 2151 semper
810 2119 910 2151 aperit.

230 2163 264 2190 Et
277 2168 407 2198 potentem
422 2162 509 2190 reddit
525 2163 718 2197 inﬁrmitatem.
735 2161 821 2190 Vocat
838 2163 982 2191 imbecilli-

1039 915 1214 947 τελευτῶντες
1231 916 1355 948 πάντοτε,
1368 917 1400 951 τῇ
1417 916 1444 943 δὲ
1459 916 1557 950 γνώσει
1576 913 1686 949 ζῶντες,
1703 917 1750 944 καὶ
1765 918 1834 953 Χρι-

1042 963 1144 989 στιανοὶ
1158 971 1248 998 μαρτυ
1253 962 1297 998 ρού
1302 971 1387 997 μενοι.

1075 1008 1248 1042 Διαιρέσεως
1263 1008 1350 1034 ultla.
1368 1008 1504 1043 Διαίρεσιν
1520 1007 1637 1035 ἐνταῦθα
1652 1009 1683 1034 τὸ
1698 1009 1746 1044 τῆς
1762 1009 1833 1043 γνώ-

1042 1063 1094 1090 μης
1110 1054 1249 1090 ἀνὶδρυτον
1265 1055 1311 1080 καὶ
1327 1055 1367 1085 εἰς
1385 1053 1469 1081 πολλὰ
1487 1054 1663 1090 μεριζόμενον
1679 1055 1742 1090 ἔφη.

1081 1144 1208 1177 Ἑστίας.
1225 1144 1328 1179 Μονῆς,
1346 1143 1488 1179 οἰκήσεως.

1078 1189 1117 1224 Τῇ
1139 1190 1235 1223 Anule
1259 1189 1318 1216 τῶν
1342 1190 1534 1223 Χριστιανῶν.
1551 1189 1675 1217 Ἐνιαίαν
1697 1188 1745 1224 τὴν
1769 1190 1831 1217 καθ’

1039 1235 1112 1270 ἡμᾶς
1128 1235 1220 1261 πίστιν
1235 1235 1385 1270 ὠνόμασεν,
1395 1235 1432 1266 ὡς
1447 1235 1536 1270 ἁπλῆν
1551 1243 1581 1261 τε
1597 1235 1642 1262 καὶ
1658 1235 1764 1271 ἀπλανῆ
1779 1237 1831 1272 τὴν

1039 1280 1086 1307 τοῦ
1103 1281 1179 1312 όντος
1195 1281 1302 1316 ἀληθῶς
1319 1281 1341 1296 ι’
1357 1280 1472 1316 ἔχουσαν
1488 1281 1598 1315 γνῶσιν.
1615 1281 1638 1297 ⁸⁸

1272 1339 1327 1365 ΕΙΣ
1343 1339 1386 1365 ΤΟ
1402 1339 1526 1364 ΚΕΦΑΛ.
1544 1339 1586 1365 H'.

1073 1384 1087 1420 ς
1103 1383 1122 1411 Ι.
1139 1385 1194 1411 Καὶ
1210 1384 1250 1418 ὼς
1266 1384 1403 1419 δύναμιν.
1426 1383 1504 1411 Κατὰ
1519 1384 1544 1410 τί
1561 1383 1668 1418 λέγεται
1683 1384 1797 1420 δύναμις
1815 1386 1830 1412 ὁ

1039 1429 1114 1461 Θεός.

1074 1475 1129 1502 Καὶ
1149 1475 1207 1509 τὴν
1234 1476 1364 1509 κυρείαν.
1389 1476 1431 1507 Ὦς
1454 1475 1619 1509 τδ.Κύριος
1649 1475 1707 1502 τῶν
1734 1475 1828 1503 δυνά-

1036 1529 1116 1555 μεων
1130 1521 1221 1554 αὐτός
1235 1521 1320 1548 ἐστιν
1335 1523 1352 1548 ὁ
1368 1521 1515 1554 Βασιλεὺς
1530 1521 1584 1554 τῆς
1601 1521 1701 1555 δόξης.
1719 1521 1827 1557 [Πάλιν-

1037 1568 1146 1601 Κύριος
1170 1566 1230 1594 τῶν
1254 1567 1410 1602 δυνάμεων
1432 1568 1497 1602 μεθ’
1517 1566 1612 1601 ἡμῶν,
1638 1567 1828 1602 ἀντιλήπτωρ

1038 1613 1123 1648 ἡμῶν
1137 1615 1154 1640 o'
1170 1613 1243 1646 Θεὸς
1259 1613 1380 1649 ’1ιικώ6.]

1072 1658 1234 1694 Δυνάμεων
1253 1659 1443 1694 ἀφορίζουσα.
1468 1659 1657 1695 Ἀφορίξουσα,
1688 1659 1828 1688 τουτέστιν

1037 1704 1282 1732 ἀποδιαστέλλουσα
1299 1705 1344 1731 καὶ
1360 1704 1524 1740 χωρίζουσα.

1071 1749 1112 1786 §II
1117 1771 1124 1777 .
1133 1751 1214 1777 Κατὰ
1225 1749 1352 1785 δύναμιν
1358 1749 1490 1776 ἄκλιτον.
1501 1750 1534 1776 ’Δ
1538 1749 1625 1776 κλιτον
1632 1749 1682 1785 ἔφη
1687 1769 1694 1781 ,
1701 1750 1827 1777 τουτέστι

1035 1795 1086 1831 τῆς
1107 1795 1210 1827 οἰκείας
1234 1796 1383 1831 ἀκρόητος
1408 1796 1445 1832 μὴ
1472 1795 1687 1823 ὑπκατιοῦσανο
1713 1797 1744 1823 οὑ
1769 1797 1827 1834 γὰρ

1036 1842 1191 1878 κλινόμενος
1215 1842 1256 1874 είς
1281 1841 1394 1877 δύναμιν
1423 1841 1601 1878 δημιουργεῖ,
1625 1842 1682 1869 ἀλλ’
1697 1843 1827 1878 ἀκίνητος

1036 1889 1082 1915 xui
1108 1889 1251 1924 ἄκαμπτος
1274 1887 1404 1923 ὑπάρχων
1424 1887 1475 1922 τῆς
1498 1888 1565 1920 ίδίας
1591 1888 1681 1923 ίσχύος
1705 1889 1826 1924 παράγει

1034 1934 1069 1961 τὰ
1088 1935 1162 1962 ὄντα.
1180 1935 1256 1970 Τάχα
1277 1934 1306 1962 δὲ
1325 1934 1434 1960 λεκτέον
1451 1934 1590 1961 ἅκλειτον
1606 1935 1652 1961 καὶ
1668 1935 1698 1961 τὸ
1713 1932 1769 1961 οἷον
1787 1935 1826 1971 μὴ

1035 1981 1198 2016 κλειόμενον
1225 1981 1266 2008 διὸ
1288 1980 1384 2015 ὲπάγει
1412 1981 1459 2007 καὶ
1474 1981 1698 2016 ἁπεριόριστογ·
1724 1983 1754 2009 οὐ
1770 1982 1827 2018 γὰρ

1035 2027 1166 2058 κλείεται,
1191 2026 1229 2058 ὡς
1248 2026 1419 2062 ἀδυναμοῦσα
1440 2026 1468 2052 ἔν
1488 2035 1552 2053 τινι·
1574 2027 1631 2053 ἀλλ’
1643 2028 1685 2054 ἀεὶ
1706 2028 1826 2064 ἀνέῳγεν

1033 2073 1062 2099 ὲν
1077 2073 1189 2108 δυνάμει
1205 2071 1251 2098 τοῦ
1269 2072 1357 2099 πάντα
1373 2074 1459 2099 ποιεῖν
1474 2074 1490 2108 ἡ
1507 2073 1554 2099 τοῦ
1570 2073 1637 2100 Θεοῦ
1653 2073 1778 2110 δύναμις.

1067 2158 1122 2185 Kal
1138 2158 1196 2192 τὴν
1210 2159 1371 2186 ἀσθένειαν
1386 2160 1520 2194 δυναμοῖ.
1534 2161 1688 2189 Ἀσθένειαν
1703 2163 1781 2190 καλεῖ
1790 2164 1825 2191 τὰ

195 2215 277 2238 tatem
288 2210 346 2237 haec
356 2209 507 2237 materialia
522 2213 549 2236 et
560 2212 667 2236 terrena
683 2216 809 2244 corpora,
823 2217 884 2244 qua:
897 2210 980 2237 etiam

1043 2204 1113 2231 ιλικὰ
1126 2204 1212 2231 ταῦτα
1228 2205 1274 2232 xui
1294 2207 1418 2241 περίγεια
1433 2207 1546 2242 σώματα
1555 2228 1561 2238 ,
1573 2208 1652 2234 ἅτινα
1663 2209 1708 2235 καὶ
1722 2209 1825 2244 ἔσχατα

194 2259 315 2282 extrema
328 2255 440 2288 vestigia
453 2254 530 2286 dicit,
544 2254 616 2282 sicut
626 2261 697 2289 szepe
711 2262 794 2289 supra
811 2255 980 2288 monuimus,

194 2299 258 2334 quia
279 2299 396 2327 obscure
419 2303 446 2326 et
466 2298 617 2326 secundum
642 2300 780 2334 propriam
802 2301 981 2335 aptitudinem

195 2345 242 2372 Dei
268 2345 393 2373 virtutem
419 2345 597 2380 participant.
626 2344 659 2372 Et
683 2345 718 2373 de
744 2347 846 2374 nostris
870 2346 981 2382 quidem

194 2391 358 2426 corporibus
383 2390 487 2418 dictum
512 2395 555 2419 est
572 2401 578 2418 :
595 2391 691 2419 Omnia
705 2399 812 2426 possunt
835 2393 864 2419 in
885 2401 915 2419 eo
935 2393 981 2428 qui

195 2444 235 2463 me
241 2436 416 2468 confortat",
430 2436 650 2464 scilicetChristo
659 2447 665 2464 :
673 2437 904 2465 considerandum
915 2446 981 2466 vero

193 2483 276 2510 etiam
292 2486 334 2509 est
347 2482 375 2509 in
390 2482 501 2517 reliquis
516 2483 692 2515 animalibus,
709 2484 782 2511 sicut
797 2484 825 2511 in
844 2484 980 2513 culicibus

194 2532 222 2556 et
237 2529 339 2556 muscis
353 2532 380 2555 et
395 2528 542 2561 similibus,
553 2534 687 2564 quantum
701 2531 808 2564 possint
821 2531 847 2558 in
862 2533 980 2566 propriis

195 2573 314 2602 stimulis
336 2573 465 2601 animalia
486 2574 527 2602 sic
547 2573 655 2601 inﬁrma
670 2578 697 2601 et
712 2574 815 2602 nullius
836 2576 978 2608 momenti,

225 2649 238 2664 ο
255 2643 354 2679 Ephes.
372 2652 409 2679 iv,
433 2644 476 2672 Η.
513 2643 523 2663 ί
542 2643 683 2676 Act.xxvl,
700 2643 746 2671 24.
781 2644 794 2664 τ
811 2643 885 2672 Psal.
904 2652 983 2678 χχιιι,
1002 2646 1046 2674 10.

1034 2251 1203 2286 ἁπηχήματά
1213 2260 1291 2287 φησι,
1304 2251 1374 2278 καθὰ
1382 2252 1510 2284 πολλάκις
1520 2254 1647 2289 ἀνωτέρω
1657 2254 1772 2290 ἔφημεν,
1779 2257 1826 2284 διὰ

1031 2298 1063 2324 τὸ
1072 2297 1200 2333 ἀμυδρῶς
1211 2299 1258 2325 xui
1272 2298 1342 2325 κατὰ
1354 2298 1403 2334 τὴν
1411 2299 1514 2326 οἰκείαν
1527 2300 1731 2336 ἐπιτηδειότητα
1745 2303 1825 2336 μετέ-

1032 2352 1090 2378 χειν
1097 2345 1145 2379 τῆς
1151 2344 1291 2379 δυνάμεως
1298 2344 1344 2371 τοῦ
1351 2344 1429 2371 Θεοῦ.
1437 2345 1491 2372 Καὶ
1499 2346 1562 2380 περὶ
1569 2346 1617 2381 μὲν
1624 2345 1678 2373 τῶν
1683 2346 1742 2373 καθ’
1749 2348 1824 2382 ἡμᾶς

1033 2390 1167 2425 σωμάτων
1177 2390 1292 2426 εἴρηται·
1303 2390 1403 2417 Πάντα
1412 2392 1506 2425 ἰσχύω
1516 2391 1596 2425 ἐντῷ
1605 2392 1824 2428 ἐνδυναμοῦντί

1028 2445 1066 2470 με
1082 2436 1201 2472 Χριστῷ
1225 2436 1374 2472 θεωρητέον
1390 2437 1418 2463 δὲ
1433 2437 1512 2464 τοῦτο
1529 2438 1574 2464 xui.
1592 2439 1621 2464 ὲν
1640 2440 1696 2470 τοῖς
1718 2438 1823 2471 λοιποῖς

1036 2483 1171 2516 ζώοις,ὠς
1186 2485 1233 2510 ἐπὶ
1247 2483 1302 2510 τῶν
1317 2483 1449 2519 ἐμπίδων,
1459 2485 1505 2511 xui
1520 2484 1574 2510 τῶν
1592 2484 1688 2519 μυιῶν,
1704 2484 1750 2511 xui
1765 2484 1821 2512 τῶν

1033 2530 1171 2562 τοιούτων,
1186 2530 1284 2556 ὁπόσον
1303 2529 1439 2564 ἰσχύουσιν
1455 2531 1546 2561 ἐντοῖς
1562 2529 1671 2561 οἰκείοις
1687 2530 1820 2566 κέντροις,

1032 2577 1067 2603 τὰ
1081 2577 1167 2609 οὕτως
1182 2577 1281 2612 ἀσθενῆ
1298 2577 1344 2603 xui.
1360 2576 1557 2612 ἐξουθενημένα
1572 2576 1629 2609 ζῶα
1640 2596 1647 2609 ,
1665 2576 1820 2613 ὲνδυναμω-

1096 2646 1120 2667 ε⁴
1137 2646 1254 2682 Philipp.
1274 2654 1311 2680 Iv,
1328 2647 1373 2674 15.

658 2711 777 2739 VARI/ﬁ
794 2711 986 2740 LECTIONES
1005 2713 1049 2740 ET
1065 2713 1339 2742 CORRECTIONES.

236 2769 399 2808 ⁸⁵ᾲγνωσίξ.
432 2769 455 2785 ⁸⁵
474 2769 591 2808 ἀληθοῦς
620 2769 807 2808 κηρύγματος,
839 2771 870 2808 ⁸⁸.
885 2771 915 2797 '0
943 2772 1014 2804 Θεὸς
1040 2773 1134 2807 Λόγος
1153 2773 1281 2808 λέγεται,
1304 2774 1344 2800 ὅτι
1361 2773 1408 2800 νοῦ
1432 2773 1478 2800 xui
1509 2773 1603 2808 σοφίας
1629 2772 1820 2808 χορηγόςν-καὶ

193 2803 233 2843 die
245 2805 354 2843 πάντων
372 2803 447 2843 ’ἔχων
472 2803 524 2835 τὰς
532 2805 635 2843 ἀίτίας,
714 2803 756 2837 ’ὼς
771 2805 814 2832 διὰ
828 2806 944 2843 πάντων
967 2803 1063 2843 χωρῶν
1072 2803 1143 2839 (κά).

1173 2806 1210 2840 ὡς
1234 2809 1324 2844 πάσης
1350 2808 1500 2844 ἁπλότητος
1521 2806 1711 2843 ἁπλούστερος
1746 2806 1820 2836 Deus

196 2838 314 2880 Verbum
325 2839 435 2880 dicitur_,
458 2840 583 2880 quoniam
601 2842 694 2880 mentis
724 2846 757 2880 et
775 2841 912 2880 sapientia:
936 2838 1047 2878 lai’giior
1061 2848 1100 2870 est
1113 2863 1121 2876 ,
1132 2848 1157 2871 ct
1167 2838 1231 2879 quia
1249 2838 1337 2872 omne;
1355 2838 1468 2871 cominizt
1482 2838 1592 2876 causas,
1610 2849 1634 2870 et
1648 2838 1711 2880 uia
1728 2843 1819 2870 omnia

191 2875 329 2907 pervadit,
343 2880 366 2902 et
385 2875 448 2909 quia
469 2875 541 2902 omni
556 2876 724 2910 simplicitate
734 2876 879 2912 simplicior
890 2882 939 2905 οσι.
