1940 3064
131 157 184 185 557

503 156 532 185 S.
550 156 671 184 MAXIM!
685 155 831 184 SCHOLIA
849 156 882 183 IN
899 156 962 184 LIB.
980 156 1024 184 DE
1044 156 1169 184 DlVlNlS
1187 156 1386 187 NOMINIBUS.

1702 161 1755 189 558

131 214 209 241 θέντα
225 213 300 249 παρὰ
316 213 362 240 τοῦ
379 214 540 250 ποιήσαντος
554 213 631 240 Θεοῦ-
649 213 710 240 ὅθεν
726 213 773 240 καὶ
788 214 817 240 ὲν
840 213 907 249 Ἰωὴί

968 214 1033 241 dum
1046 221 1062 241 a
1077 213 1132 242 Deo
1144 218 1268 242 creatore
1283 215 1505 243 corroborentur.
1524 215 1601 245 Dnde
1611 217 1639 244 in
1655 217 1729 246 Joeie
1740 220 1754 240 ιι

129 259 167 295 τῷ
190 260 254 295 θείῳ
277 261 404 297 προφήτῃ
429 260 510 295 φησὶν
529 261 543 286 ὁ
557 259 623 291 Θεὸς
643 260 708 295 περὶ
731 259 851 295 ἀκρίδος,
868 260 915 286 καὶ

131 305 259 341 βρούχου,
277 306 323 333 καὶ
346 306 468 341 κάμπης·
496 306 527 334 Ἠ
541 306 667 340 δύναμίς·
679 315 740 340 μου
755 307 775 341 ἡ
788 306 913 341 μεγάλη·

130 352 176 378 καὶ
197 351 256 383 πῶς
279 352 343 387 ἄχρι
362 352 464 378 τούτων
483 352 513 378 τὸ
534 352 750 388 ἀπειροδύναμον
774 352 821 379 τοῦ
848 352 915 379 Θεοῦ

129 398 235 433 φθάνει,
252 399 334 433 φησὶν
350 398 456 430 εἰκόνας
472 398 630 434 θαυμαστὰς
652 399 699 425 καὶ
719 398 914 433 ἀληθεστάτας.

135 444 214 471 Ἀλλά
232 445 278 471 καὶ
293 446 322 472 ὲν
336 446 391 476 τοῖς
402 444 515 479 ἀψύχοις
524 444 554 471 τὸ
568 445 633 471 αὐτὸ
644 445 779 480 εὑρήσεις,
793 445 821 471 ἐν
835 444 915 476 πόαις

128 490 175 517 καὶ
194 490 328 525 βοτάναις,
349 490 395 518 καὶ
413 490 554 526 μετάλλοις
570 490 679 526 θεωρῶν
699 490 828 526 δυνάμεις
851 491 915 526 βλα-

128 537 227 569 πτικὰς
243 537 290 564 καὶ
309 537 471 573 ὠφελίμους·
492 538 538 564 καὶ
554 537 693 573 εῠθρυπτα
707 537 742 564 τά
758 537 851 570 πλείω,
869 538 915 565 καὶ

127 583 196 609 ἄλλα
208 583 315 619 ἰσχυρὰ,
326 583 372 610 καὶ
382 583 518 616 ἅνένδοτα,
530 584 568 615 ὼς
579 584 624 610 τὸν
636 583 786 619 ἀδάμαντα.
798 584 912 616 Ἄλλως.

134 628 287 656 ’Λσθένειαν
302 629 506 666 δυναμουμένην
525 631 554 657 ἐν
567 630 670 662 τούτοις
683 630 718 657 τὰ
733 629 914 657 ἀσθενέστατα

126 674 181 701 τῶν
198 675 274 707 ζώων
293 676 369 712 φησὶ,
381 675 485 712 ταύτην
501 676 597 712 ἔχοντα
617 676 664 702 τοῦ
681 676 765 708 ὅντως
779 674 849 703 εἶναι
864 677 913 712 τὴν

127 722 250 758 δύναμιν,
266 722 282 758 ῆ
298 722 438 749 ἀσθένειαν
455 723 559 758 οἰητέον
579 723 629 758 τὴν
644 722 747 757 ἄψυχον
765 722 810 749 καὶ
826 723 912 758 πάντη

127 768 253 804 ἀκίνητον
268 768 357 803 φύσιν,
375 769 435 804 ἥτις
450 768 499 804 τὴν
513 768 641 804 οὐσιώδη,
658 769 779 795 τουτέστι
797 768 848 804 τὴν
864 769 912 796 τοῦ

126 813 194 845 ὅλως
208 811 276 841 εἶναι
290 814 413 850 δύναμιν,
431 815 541 850 εἴληφεν
556 816 588 841 ὲκ
605 814 682 841 Θεοῦ.

162 861 176 896 ς
192 860 236 888 Ill.
253 861 308 888 Kal
324 860 397 888 αὐτὸ
413 860 460 892 δὲ,
477 862 504 887 εὶ
519 861 608 895 θέμις.
626 859 787 892 Τουτέστιν,
805 858 856 888 οὐκ
876 858 912 896 ἦν

967 259 1039 287 Deus
1054 261 1088 287 de
1101 260 1205 287 locusta
1219 263 1246 287 et
1261 260 1346 288 bruco
1361 268 1393 288 ac
1407 269 1492 289 eruca
1504 262 1598 290 divino
1615 263 1756 298 prophetae

966 305 1033 333 dicit
1046 315 1051 332 :
1069 305 1160 333 Virtus
1175 315 1233 333 mea
1247 314 1361 342 magna;
1379 311 1406 335 et
1427 307 1565 342 quomodo
1580 308 1687 336 inﬁnita
1703 309 1751 337 Dei

966 351 1053 379 virtus
1067 353 1100 379 ad
1117 352 1175 380 haec
1187 360 1274 388 usque
1289 353 1434 388 pertineat,
1450 354 1620 382 admirandis
1640 356 1755 384 verissi-

965 397 1072 432 misque
1083 398 1179 433 probat
1191 399 1332 434 exemplis.
1349 399 1420 432 Quin
1434 401 1515 428 etiam
1535 400 1606 428 idem
1621 401 1650 428 in
1665 401 1754 429 inani-

965 443 1034 476 mis,
1059 444 1087 470 in
1112 439 1205 472 herbis
1230 449 1257 472 et
1278 445 1447 480 graminibus
1473 449 1556 481 atque
1576 448 1705 480 metallis,
1728 449 1753 476 si

964 489 1081 517 virtutes
1104 490 1202 518 noxias
1226 494 1254 518 et
1279 492 1359 519 utiles
1381 492 1550 524 consideres,
1569 493 1706 528 reperies;
1726 498 1754 521 et

965 536 1042 570 plura
1055 536 1164 571 quidem
1178 536 1305 569 friabilia,
1316 542 1343 565 et
1356 537 1409 564 alia
1423 537 1498 565 ﬁrma
1514 542 1541 566 et
1556 538 1634 571 dura,
1647 543 1676 566 ut
1687 540 1753 567 ada-

965 587 1096 609 mantem.
1123 582 1220 610 Aliter.
1251 583 1466 612 Imbecillitatem
1491 586 1697 614 corroboratain
1723 588 1751 614 in

965 627 1008 655 bis
1024 635 1071 655 seu
1095 628 1146 655 hoc
1169 629 1230 656 loco
1246 629 1463 658 imbecillissima
1491 631 1648 659 animalium
1670 634 1751 662 intel-

963 673 1032 708 ligit,
1049 682 1110 709 qua
1135 674 1205 702 hanc
1229 675 1358 703 virtutem
1381 684 1444 704 vere
1467 678 1616 705 exsistendi
1637 679 1749 714 habent,

963 724 1010 747 aut
1029 721 1219 748 arbitrandum
1242 725 1284 749 est
1304 722 1517 750 imbecillitatem
1541 731 1601 751 esse
1625 729 1750 754 naturam

963 766 1123 799 inanimam,
1139 775 1307 803 prorsusque
1322 768 1475 801 immotam,
1491 777 1551 804 quae
1563 772 1748 806 cssentialem,

963 811 989 839 id
1005 816 1047 839 est
1061 813 1173 840 omnino
1188 813 1338 841 cxsistendi
1354 814 1480 841 virtutem
1496 822 1511 841 a
1527 814 1581 843 Dco
1597 817 1712 852 accepit.

999 858 1013 894 §
1029 857 1072 886 ΙΙΙ.
1088 858 1173 893 Atque
1187 860 1283 893 ipsum,
1297 861 1321 887 si
1336 860 1378 895 fas
1399 865 1446 888 est.
1461 861 1489 888 id
1510 865 1563 895 est,
1579 862 1748 895 impossibile

125 906 236 933 δυνατὸν
251 905 320 934 εἶναί
334 916 360 934 τι
376 907 454 940 ὅλως,
471 907 508 943 μὴ
521 906 599 933 τοῦτο
617 906 666 942 τῆς
682 906 757 938 θείας
771 906 907 942 δυνάμεως

962 911 1021 932 erat
1036 904 1138 939 aliquid
1153 906 1266 933 omnino
1287 913 1349 934 esse
1363 926 1370 938 ,
1383 906 1436 934 nisi
1451 906 1545 934 divina
1561 908 1661 937 virtute
1680 910 1747 938 illud

126 952 362 989 ὖποστησαμένης.

161 1000 291 1033 Δύναμιν
304 999 348 1032 εἷς
363 999 396 1026 τὸ
411 999 486 1026 εἶναι
501 1000 572 1034 ἕχει.
590 999 646 1034 Τὴν
660 998 771 1034 δύναμιν
786 999 816 1025 οὺ
833 999 911 1034 μόνον

124 1044 174 1080 τὴν
190 1045 229 1076 εἰς
244 1044 274 1071 τὸ
289 1045 447 1072 συνεστάναι
465 1045 540 1080 ἰσχὺν
556 1045 620 1076 νοεῖ,
637 1044 705 1071 ἀλλὰ
720 1044 766 1071 καὶ
781 1045 830 1081 τὴν
849 1046 910 1073 ἐπι-

123 1090 283 1126 τηδειότητα
304 1091 344 1123 εἰς
364 1091 395 1118 τὸ
415 1091 527 1118 τοιῶσδε
547 1088 615 1117 εῐναι
635 1090 749 1126 δύναμιν
773 1091 908 1126 σημαίνει.

123 1136 245 1163 Διάδοσιν
260 1137 287 1163 δὲ
307 1136 386 1163 καλεῖ
405 1136 545 1171 δυνάμεως
558 1136 607 1172 τὴν
621 1137 661 1168 εἰς
682 1137 715 1163 τὰ
731 1136 783 1170 ἔξω
799 1137 862 1172 περὶ
877 1137 911 1164 τὰ

123 1182 188 1209 ὄντα
202 1182 313 1218 πρόοδον
325 1182 374 1218 τῆς
388 1182 514 1218 προνοίας
524 1181 571 1208 τοῦ
587 1181 654 1208 Θεοῦ
671 1183 716 1209 καὶ
731 1182 909 1218 ἀγαθάτητος,

123 1228 165 1260 εἰς
178 1228 209 1254 τὺ
230 1226 347 1255 εἶναιτὰ
367 1227 431 1255 ὄντα
451 1228 496 1255 καὶ
513 1227 696 1264 παραχθῆναι.
722 1229 777 1255 Καὶ
797 1229 910 1264 πρώτην

124 1275 175 1309 μὲν
193 1274 309 1310 δύναμίν
322 1283 388 1310 φησι
411 1274 460 1310 τὴν
475 1274 528 1301 τῶν
545 1274 638 1301 ὄντων·
659 1274 745 1301 ταῦτα
760 1274 788 1301 δέ
808 1275 860 1302 εἰσι
875 1275 910 1302 τὰ

122 1319 214 1355 νοητὰ,
226 1321 272 1347 καὶ
285 1320 417 1356 ἀσώματα
430 1321 494 1347 ὄντα
506 1320 649 1356 λεγόμενα,
660 1321 697 1353 ὡς
709 1321 838 1348 ἀθάνατα·
853 1323 909 1354 τοῖς

120 1366 149 1393 δέ
170 1375 202 1401 γε
221 1368 325 1402 νοητοῖς
344 1368 365 1383 ⁸⁷
387 1367 433 1394 καὶ
454 1367 489 1393 τὰ
509 1366 591 1403 νοερὰ
609 1367 855 1401 συγκατατακτέον,
871 1368 909 1400 ὡς

119 1412 237 1448 ψυχικὰς
251 1413 300 1445 τὰς
316 1413 360 1440 xal.
375 1413 485 1448 λογικὰς
499 1413 546 1440 νῦν
561 1413 717 1449 λεγομένας·
733 1415 748 1440 ὁ
762 1413 816 1449 γὰρ
832 1413 908 1448 λόγος

120 1459 183 1491 νοῦς
205 1461 273 1492 ἐστι,
290 1459 349 1486 καθ’
358 1459 387 1486 ὃν
401 1460 419 1495 ἡ
443 1458 515 1495 ψυχὴ
531 1459 592 1486 καθ’
603 1459 738 1486 ὑπόὄασιν
760 1459 829 1495 μετὰ
845 1461 908 1492 τοὺς

120 1505 253 1539 ἀγγέλους
284 1505 364 1541 νοερὰ
382 1505 500 1539 λέγεται.
515 1503 581 1532 Εἶτα
596 1507 643 1532 καὶ
657 1506 760 1542 ταύτης
776 1507 907 1542 ὑφειμένη

962 951 1140 987 producente.

998 995 1076 1031 195
1092 995 1245 1023 Potentiam
1262 996 1339 1024 habet
1355 1002 1383 1024 ut
1405 999 1450 1026 sit.
1473 998 1525 1027 Per
1547 1000 1675 1029 virtutem
1691 1010 1747 1030 non

960 1045 1067 1069 tantum
1092 1041 1220 1077 intelligit
1237 1042 1291 1070 vim
1306 1043 1340 1070 ad
1362 1044 1580 1079 consistendum,
1595 1047 1642 1074 sed
1664 1047 1746 1074 etiam

963 1089 1098 1125 signiﬁcat
1118 1089 1297 1125 aptitudinem
1313 1094 1343 1117 ut
1360 1091 1407 1118 tali
1421 1091 1502 1119 modo
1519 1092 1555 1120 sit
1569 1093 1657 1120 virtus
1670 1102 1676 1120 :
1689 1093 1747 1120 dis-

961 1136 1136 1164 tributionem
1165 1145 1230 1164 vero
1254 1137 1364 1165 virtutis
1389 1142 1468 1165 vocat
1491 1146 1666 1174 progressum
1682 1147 1746 1174 pro—

960 1182 1086 1210 videntia:
1098 1186 1125 1210 et
1140 1182 1269 1210 bonitatis
1284 1182 1332 1210 Dci
1347 1183 1380 1210 ad
1396 1187 1473 1211 extra
1486 1184 1560 1212 circa
1575 1192 1631 1215 res.
1648 1189 1678 1212 ut
1693 1185 1746 1213 illa;

960 1227 1017 1255 sint
1036 1231 1063 1255 et
1083 1228 1281 1263 producantur.
1297 1228 1330 1255 Et
1345 1229 1462 1264 primam
1482 1230 1592 1265 quidem
1616 1231 1744 1258 virtutem

959 1273 1026 1300 dicit
1047 1281 1108 1301 eam
1124 1282 1184 1309 quae
1202 1279 1244 1302 est
1257 1274 1362 1302 entium
1377 1282 1426 1302 seu
1441 1275 1672 1310 substantiarum;
1688 1277 1745 1304 lucc

959 1323 1049 1347 autent
1074 1323 1139 1346 sunt
1162 1319 1344 1355 intelligibilia
1358 1324 1386 1347 et
1400 1321 1562 1356 incorporea
1585 1330 1646 1357 quae
1670 1323 1744 1350 entia

958 1365 1087 1392 dicuntur
1104 1371 1133 1393 ut
1155 1366 1413 1395 immortaliazcum
1438 1367 1656 1403 intelligibilibus
1679 1376 1745 1396 vero

958 1413 1041 1440 etiam
1061 1413 1251 1448 conjungenda
1274 1418 1338 1442 sunt
1355 1422 1388 1442 ea
1404 1421 1464 1449 quae
1488 1414 1655 1451 intelligunt,
1672 1416 1744 1443 sicut

957 1459 1055 1486 anima:
1075 1467 1135 1493 quae
1158 1460 1306 1488 rationales
1322 1460 1404 1488 modo
1424 1460 1552 1488 dicuntur
1565 1470 1572 1488 :
1585 1461 1656 1488 ratio
1670 1461 1742 1488 enim

957 1508 999 1532 est
1015 1513 1092 1532 mens
1106 1513 1155 1540 per
1168 1513 1249 1540 quam
1268 1506 1359 1533 anima
1375 1507 1525 1534 secundum
1543 1506 1742 1541 subiectionem

120 1551 234 1587 δύναμις
253 1552 269 1586 ὴ
284 1551 440 1588 αἰσθητικὴ,
457 1552 474 1587 ἡ
489 1551 543 1578 τῶν
566 1551 696 1587 ἐμψύχων
716 1551 829 1586 ἀλόγων·
847 1550 907 1580 εἶτα

960 1555 1019 1585 post
1033 1552 1156 1587 angelos,
1167 1559 1216 1579 seu
1235 1551 1263 1578 in
1278 1553 1364 1587 gradu
1380 1552 1485 1587 angelis
1500 1552 1624 1584 inferior,
1640 1552 1743 1580 intelli-

119 1597 137 1632 ὴ
155 1597 266 1633 ζιιγτικὴ,
282 1598 329 1624 καὶ
343 1598 360 1633 ἡ
377 1598 488 1633 φυτικὴ.
503 1598 519 1632 ὴ
535 1597 589 1624 τῶν
609 1598 700 1632 φυτῶν
715 1598 843 1625 ἁπάντων
860 1599 906 1626 καὶ

121 1642 257 1677 βοτανῶν,
280 1643 340 1670 καθ’
350 1644 382 1678 ἦν
408 1643 525 1678 φυτικὴν
550 1642 622 1678 ζωὴν
648 1643 767 1670 ἀνθοῦσι’
789 1644 859 1679 μετὰ
877 1644 907 1672 δὲ

120 1688 212 1720 πάσας
226 1690 242 1724 ὴ
256 1689 387 1725 οὺσιώδης
400 1689 524 1724 δύναμις,
536 1689 675 1716 τουτέστιν
689 1689 769 1725 ἡτῶν
784 1690 904 1726 ἀψύχων,

118 1732 176 1760 οἷον
185 1734 239 1760 τῶν
252 1734 428 1769 μεταλλικῶν,
442 1735 488 1761 καὶ
500 1735 698 1771 γεωδεστέρων,
711 1736 771 1771 ἥτις
784 1736 905 1772 δύναμις,

118 1781 138 1816 ἡ
153 1781 315 1811 συνιστῶσα,
333 1781 379 1808 καὶ
394 1781 434 1812 είς
449 1781 479 1808 τὸ
492 1779 561 1808 εἶναι
581 1781 702 1816 διαρκεῖν
718 1782 842 1814 ποιοῦσα,
860 1784 906 1810 καὶ

117 1826 169 1862 τὴν
180 1826 233 1853 τῶν
249 1827 395 1862 ποιοτήτων
411 1827 524 1862 δύναμιν
539 1827 628 1854 δίδωσι
640 1827 773 1864 θερμῶνῆ
785 1828 904 1865 ψυχρῶν,

117 1873 136 1909 ἣ
152 1873 207 1899 τῶν
227 1873 290 1909 ἑξῆς
313 1874 446 1909 κράσεων·
469 1873 515 1900 καὶ
534 1874 594 1910 ἢτοι
616 1874 739 1909 ὠφελεῖν,
763 1875 779 1911 ἢ
795 1876 904 1903 τοιῶσδε

116 1919 242 1954 ὠφελεῖν.
260 1919 315 1946 Καὶ
330 1919 379 1951 τὰς
399 1919 543 1955 ὀρεκτικὰς
557 1921 586 1947 δὲ
600 1920 738 1956 δυνάμεις,
754 1921 801 1948 τοῦ
819 1922 905 1950 θέλειν

117 1965 164 1992 ἀεὶ
183 1965 228 2001 [τὰ
246 1966 353 2002 λογικὰ]
369 1966 498 1992 δύνασθαι
513 1966 560 1993 καὶ
574 1967 732 2002 ἐπιθυμεῖν,
747 1969 761 1994 ὁ
779 1969 904 2004 χορηγῶν

117 2014 177 2039 ἐστι
190 2012 265 2044 Θεὸς,
285 2013 330 2039 καὶ
345 2012 457 2048 δυναμοῖ
471 2012 539 2048 πρὸς
553 2012 643 2047 φιλίαν
658 2013 691 2039 τὰ
707 2013 842 2049 ἡνωμένα,
858 2015 904 2041 καὶ

115 2058 187 2095 πρὸς
201 2059 352 2090 κοινωνίαν,
375 2059 498 2085 τουτέστι
513 2059 548 2085 τὰ
564 2059 707 2094 σπέρματα
723 2060 830 2087 πάντων
845 2061 903 2096 ἢτοι

114 2105 152 2132 τὰ
170 2107 287 2140 στοιχεῖα
309 2105 475 2141 συμμέτρως
495 2105 563 2141 πρὸς
579 2105 687 2132 σύνοδον
709 2106 844 2139 ὁδεύοντα,
857 2108 904 2134 καὶ

115 2151 188 2186 πρὸς
204 2150 305 2185 ἄλληλα
320 2150 482 2186 μιγνύμενα,
496 2152 542 2178 καὶ
556 2151 738 2187 πλησιάζοντα
748 2153 852 2188 πράως,
863 2154 903 2185 εἰς

113 2197 231 2231 δύναμιν
246 2197 306 2231 ἄγει
319 2196 365 2223 τοῦ
379 2197 413 2224 τὰ
423 2197 538 2233 αἰσθητὰ
552 2198 632 2233 ὅμοια
642 2199 748 2233 γεννᾷν.
770 2199 825 2235 Τῆς
839 2200 902 2234 γοῦν

957 1605 1024 1632 gens
1045 1597 1156 1625 dicitur.
1173 1597 1274 1625 Postea
1291 1597 1357 1625 huic
1373 1598 1484 1625 subdita
1498 1602 1540 1626 est
1554 1598 1642 1626 virtus
1654 1599 1743 1626 sensi-

957 1642 1012 1670 tiva
1023 1644 1204 1671 animatornm
1216 1643 1368 1675 brutorum,
1376 1644 1472 1671 deinde
1481 1644 1582 1675 vitalis,
1592 1651 1624 1670 ac
1634 1647 1743 1679 vegeta-

957 1688 1011 1715 tiva
1037 1689 1193 1723 plantarum
1217 1689 1339 1715 omnium
1362 1696 1394 1716 ac
1416 1689 1573 1721 herbarum,
1587 1697 1648 1724 qua:
1662 1697 1743 1724 vege-

956 1735 1043 1762 tativa
1064 1735 1120 1761 vita
1148 1734 1343 1769 ﬂorent:post
1369 1742 1465 1762 omnes
1492 1742 1558 1762 vero
1586 1739 1627 1763 est
1654 1736 1742 1763 virtus

956 1779 1122 1813 essentialis,
1139 1780 1166 1807 id
1180 1783 1222 1807 est
1236 1780 1431 1813 inanimormn,
1446 1780 1551 1807 scilicet
1566 1781 1740 1808 metallorum

957 1834 1005 1854 seu
1026 1826 1210 1858 mineralium,
1223 1834 1283 1860 quae
1303 1827 1389 1853 virtus
1405 1826 1587 1856 constituens.
1601 1830 1682 1861 atque
1698 1827 1741 1853 fa-

956 1873 1032 1900 ciens
1046 1876 1077 1899 ut
1092 1873 1118 1899 in
1137 1880 1198 1900 esse
1213 1873 1376 1907 persistant,
1389 1876 1416 1900 et
1430 1872 1484 1899 vim
1499 1873 1660 1907 qualitatum
1675 1873 1741 1900 cali—

955 1918 1051 1945 darum
1064 1924 1110 1946 aut
1123 1918 1283 1953 frigidarum
1298 1922 1345 1945 aut
1361 1918 1527 1953 reliquorum
1541 1922 1741 1953 temperamen-

955 1969 1044 1992 torum
1059 1965 1165 1997 tribuit,
1176 1969 1203 1992 et
1219 1965 1327 2000 quidem
1340 1965 1470 2000 prodesse
1482 1969 1529 1992 aut
1541 1966 1581 1992 sic
1596 1965 1737 2000 prodesse.

954 2011 1123 2046 Appetitivas
1139 2018 1247 2046 quoque
1261 2011 1376 2038 virtutes
1397 2010 1505 2038 volendi
1518 2017 1626 2045 semper
1642 2010 1740 2046 [ratio-

954 2056 1039 2092 nalia]
1056 2064 1137 2091 posse
1149 2060 1176 2084 et
1190 2056 1316 2091 cupiendi
1331 2056 1402 2084 Deus
1415 2056 1529 2091 largitur
1540 2060 1567 2083 et
1580 2056 1739 2083 οοηοὺοηιι

954 2103 1030 2129 unita
1042 2102 1076 2129 ad
1086 2103 1232 2130 amicitiam
1245 2106 1272 2130 et
1284 2102 1515 2135 communionem,
1524 2102 1550 2129 id
1562 2105 1604 2129 est
1616 2102 1738 2129 omnium

954 2149 1058 2176 semina
1072 2156 1119 2177 seu
1132 2149 1265 2177 elementa
1279 2149 1311 2176 ad
1326 2156 1504 2184 congressum
1521 2147 1660 2175 moderate
1676 2156 1738 2183 pro-

954 2194 1077 2227 deuntia,
1093 2199 1120 2222 et
1142 2195 1215 2222 inter
1234 2202 1264 2222 se
1288 2194 1380 2226 mista,
1397 2197 1423 2220 et
1450 2193 1547 2220 leviter
1568 2192 1736 2223 accedentia,

113 2238 240 2273 ὲνὼσεως
262 2242 372 2277 ταύτης,
389 2243 435 2269 καὶ
450 2242 497 2269 τοῦ
519 2243 653 2278 μίγματος
670 2243 724 2270 τῶν
744 2244 890 2280 ήνωμένων

960 2239 1032 2266 lucit
1045 2239 1074 2267 in
1097 2239 1223 2266 virtutem
1247 2238 1360 2266 sensilia
1380 2237 1481 2265 similia
1504 2237 1663 2272 generandi.
1682 2236 1738 2264 llac

113 2288 156 2318 είς
174 2287 274 2321 φιλίαν,
288 2287 325 2318 ὡς
339 2287 453 2323 ἔφημεν,
467 2289 606 2323 στοιχείων
616 2289 785 2324 τρεπομένου
795 2290 834 2321 είς
850 2290 903 2316 δια-

113 2332 204 2368 φορὰν
219 2333 265 2359 καὶ
280 2334 429 2368 χωρισμὸν,
445 2334 637 2370 διακρινόμενα
655 2334 689 2361 τὰ
705 2335 774 2371 μέρη
789 2335 903 2371 χωρίζε-

111 2387 161 2405 ται
180 2379 219 2410 εἰς
234 2379 354 2412 γενέσεις
365 2379 410 2406 καὶ
424 2379 510 2412 ζώων,
523 2380 569 2406 καὶ
583 2380 682 2415 φυτῶν,
695 2382 742 2408 καὶ
754 2381 808 2407 τῶν
824 2380 898 2416 ἑξῆς·

113 2425 165 2452 καὶ
182 2424 313 2459 λαμὸάνει
339 2425 429 2452 θεόθεν
450 2427 466 2462 ὴ
483 2426 616 2462 διάκρισις
636 2427 716 2463 αὕτη,
735 2427 793 2463 ἦτοι
812 2429 826 2454 ὀ
848 2437 901 2463 χω-

114 2470 216 2506 ρισμὸς
229 2470 341 2506 δύναμιν
352 2472 391 2503 εἰς
401 2472 431 2498 τὺ
447 2470 514 2498 εἶναι
529 2473 575 2499 καὶ
591 2474 757 2509 παραγωγὴν
771 2474 818 2500 τοῦ
833 2472 901 2501 εἶναι

111 2518 150 2544 τὰ
165 2517 225 2544 κατ’
235 2515 303 2549 εἶδος
316 2518 456 2554 γινόμενα.
474 2519 528 2550 Τὰς
545 2516 591 2545 οὖν
608 2520 764 2555 συγκρίσεις
782 2520 827 2546 καὶ
843 2520 901 2547 δια-

112 2563 222 2600 κρίσεις
246 2562 356 2595 ἐνὼσεις
376 2565 423 2591 καὶ
443 2564 532 2598 φιλίας
548 2564 610 2601 ἔφη,
633 2567 679 2592 καὶ
693 2565 832 2600 ἀσύγχυτα
855 2566 901 2592 καὶ

110 2608 281 2644 ἀσύμφυρτα
294 2608 329 2634 τὰ
342 2609 398 2644 εἴδη
413 2609 566 2644 διάκρισιν-
577 2609 710 2645 ὼνόμασε.
724 2609 900 2645 [Σημείωσαι,

109 2655 154 2686 ὡς
170 2654 217 2681 καὶ
230 2654 315 2689 αὐτὴν
327 2655 377 2690 τὴν
391 2655 482 2689 ἔφεσιν
498 2657 530 2682 ὲκ
545 2654 612 2682 Θεοῦ
628 2655 734 2690 ἔχουσιν
751 2656 777 2681 αἱ
794 2655 901 2690 ἀγγελι-

111 2701 164 2728 καί
176 2700 326 2737 δυνάμεις.]

152 2748 207 2775 Καὶ
223 2748 257 2775 τὸ
272 2748 347 2775 εἶναι
363 2747 465 2775 ταῦτα.
483 2748 514 2775 Ἠ
529 2747 581 2775 τῶν
597 2748 681 2775 ὄντων
693 2747 773 2783 φύσις
788 2747 818 2774 τὸ
832 2746 902 2776 εἶναι

152 2807 166 2828 II
183 2807 250 2842 Cap.
269 2814 291 2840 ι,
303 2810 362 2837 2-4.

955 2286 1039 2321 igitur
1056 2285 1249 2320 conjunctione
1271 2288 1298 2311 et
1320 2283 1530 2318 coniunctorum
1555 2283 1682 2310 mistionc
1709 2284 1737 2310 in

955 2331 1102 2358 amicitiam
1124 2331 1164 2366 (ut
1184 2330 1315 2365 diximus)
1338 2330 1533 2357 elementorum
1552 2328 1579 2355 in
1594 2329 1736 2356 diversita-

953 2383 1007 2407 tem
1023 2382 1050 2406 et
1066 2377 1267 2412 separationem
1282 2383 1423 2408 conversa,
1439 2380 1532 2410 partes
1543 2374 1679 2402 distinctae
1693 2383 1735 2403 se-

953 2430 1083 2461 parantur
1093 2424 1120 2451 in
1132 2423 1353 2458 generationibus
1368 2422 1526 2450 animalium
1542 2425 1569 2449 et
1583 2422 1736 2456 plantarum

953 2479 985 2499 ac
1010 2475 1170 2498 caeterorum
1189 2480 1196 2497 :
1213 2469 1324 2504 haecque
1354 2469 1494 2496 distinctio
1521 2476 1569 2496 seu
1599 2468 1736 2503 separatio

952 2517 1052 2553 accipit
1064 2517 1194 2545 divinitus
1208 2517 1336 2545 virtutem
1351 2519 1381 2543 ut
1396 2515 1442 2548 sit,
1457 2519 1483 2543 et
1495 2515 1617 2550 singulas
1629 2514 1734 2549 species

952 2563 1093 2600 producat.
1103 2562 1174 2599 Ergo
1181 2562 1243 2596 conj
1247 2562 1389 2589 unctiones
1401 2565 1428 2589 et
1434 2561 1627 2589 distinctiones
1634 2559 1735 2587 unitio-

952 2618 1002 2638 nes
1007 2613 1034 2638 et
1041 2609 1176 2637 amicitias
1183 2609 1260 2642 dixit,
1273 2612 1356 2643 atque
1363 2615 1417 2635 non
1424 2607 1554 2635 confusas
1565 2611 1592 2634 et
1603 2613 1657 2633 non
1664 2613 1734 2632 com-

952 2657 1049 2684 mistas
1069 2656 1175 2690 species
1190 2655 1384 2682 distinctionem
1396 2653 1555 2682 nominavit.
1570 2652 1649 2688 [Nota
1661 2651 1733 2686 quod

954 2703 1081 2730 unionem
1095 2702 1182 2736 ipsam
1194 2709 1225 2729 ex
1243 2701 1297 2729 Deo
1312 2701 1412 2729 habent
1429 2701 1544 2728 virtutes
1556 2695 1706 2733 angelicam]

990 2748 1024 2775 Et
1045 2757 1102 2776 esse
1119 2749 1184 2776 Itwc.
1200 2747 1302 2776 Natura
1320 2755 1410 2776 rerum
1426 2747 1524 2783 qumrit
1539 2752 1599 2773 esse
1616 2751 1672 2772 non
1686 2742 1731 2770 clis

581 2850 696 2880 VARIJE
713 2851 902 2881 LECTIONES
921 2851 963 2879 ET
982 2849 1257 2880 CORRECTIONES.

150 2899 171 2915 "
188 2908 230 2926 νοε
236 2901 300 2933 ροῖς.
