1923 3064
190 111 242 140 559

574 107 744 135 APPENDIX
761 106 807 135 AD
823 106 937 135 OPERA
956 105 985 135 S.
1006 104 1156 133 DlONYSll
1173 102 1414 132 ABEOPAGITE.

1752 100 1805 127 560

190 167 288 202 gendo,
304 166 352 194 sed
377 167 541 195 necessitate
561 172 588 194 et
612 166 729 193 utilitate
747 164 914 192 exsistentite
927 173 933 190 :
947 167 974 190 et

1032 160 1148 196 ἐπιζητεῖ
1163 161 1192 186 οὺ
1210 159 1418 196 προαιρετικῶς,
1435 158 1502 186 ἀλλὰ
1516 158 1554 194 τῷ
1569 157 1708 194 ἀναγκαίῳ
1720 166 1750 185 τε
1763 158 1809 185 καὶ

189 216 242 242 hoc
261 214 343 248 igitur
356 213 423 240 dicit
433 214 471 240 ita
482 222 548 244 esse.
567 217 649 248 atque
663 212 717 239 vim
730 211 790 246 ejus
809 210 880 245 quod
895 217 974 244 qlia:—

193 259 261 286 ritur
275 263 403 294 tanquam
414 258 601 285 necessarium
614 264 675 285 esse
691 264 706 283 a
720 256 812 284 divina
828 259 855 283 et
869 253 975 282 inﬁnita

192 304 320 332 essentia.

226 393 309 428 Atque
319 393 485 423 directiones,
501 391 548 420 Gr.
561 392 607 419 καὶ
621 390 817 428 εὐθημοσύνας.
834 390 915 426 196
927 391 977 418 Εὑ-

191 439 344 475 θημοσύνας
360 439 426 466 dicit
439 439 586 474 positiones
601 438 670 466 bene
686 437 815 465 habentes
826 437 975 464 etordines

191 490 264 514 recte
284 486 389 521 positos
400 505 407 515 ,
433 485 602 518 decorasque
627 484 799 518 operationes
814 493 820 510 :
837 483 974 517 angelicas

191 535 281 559 autem
306 531 434 562 unitates,
453 530 644 565 simplicitates
662 529 788 564 intelligit
813 534 859 556 aut
879 528 974 560 ἐνάδας

190 580 270 603 vocat
285 576 404 610 ipsorum
419 576 600 602 essentiarum
617 575 820 609 Simplicitatem
837 579 863 602 et
877 581 975 608 corpo-

189 622 229 649 ris
255 621 432 656 privationem
461 628 493 647 ac
520 621 774 655 immortalitatem;
797 624 862 647 nota
883 624 973 647 autem

190 666 261 702 quod
281 665 356 692 dicat
370 669 443 692 astra
458 673 621 700 perennare.

224 711 308 746 Atque
320 710 425 737 ordines
441 710 629 737 immutabiles.
649 709 834 738 Immutabiles
849 711 973 739 cmlestes

190 757 324 784 essentias
341 756 460 791 intellige
472 764 526 783 non
543 756 616 791 quod
627 762 735 783 aeternae
746 757 819 789 sint;
835 757 886 791 ipsi
900 758 972 784 enim

191 803 341 829 secundum
380 801 550 837 Scripturam
578 802 765 829 ministratorii
798 802 907 836 spiritus

191 847 237 874 sed
254 847 500 874 immutabilitatcm
520 847 641 882 intellige
655 848 729 874 circa
745 847 898 874 custodiant
919 853 974 875 ter-

191 894 326 920 minorum
351 893 418 928 ipsis
433 900 448 919 a
463 893 517 920 Deo
541 893 569 919 in
593 894 728 928 principio
749 893 972 921 constitutorum.

190 938 400 974 l’rogressiones
411 943 501 966 autem
520 939 651 974 temporis
665 938 748 973 hujus
762 939 973 974 longitudinem,

189 989 217 1012 ct
230 989 333 1013 motum
353 985 510 1012 ulteriorem
533 985 616 1018 dicit;
633 985 839 1012 distinctionem
856 993 921 1012 vero
937 985 975 1012 si-

189 1031 390 1066 gniﬁcationem
406 1035 568 1065 temporum,
581 1038 629 1058 seu
644 1034 834 1066 tempestatum
850 1038 910 1065 quae
927 1037 975 1064 per

189 1077 404 1104 vicissitudinem
418 1084 513 1104 rursus
525 1076 552 1103 in
565 1076 659 1103 eodem
673 1082 772 1111 puncto
782 1076 973 1103 constituitur:

190 1123 250 1151 ideo
265 1123 345 1150 etiam
365 1126 468 1150 motum
483 1122 615 1157 temporis
630 1122 736 1150 vocavit
752 1122 898 1154 συνελίξεις
914 1130 975 1148 σοι·

191 1169 351 1199 volutiones;
367 1172 414 1194 aut
430 1168 636 1203 progressioncs
650 1168 781 1203 temporis
802 1168 867 1195 dicit
881 1175 976 1195 erran-

190 1215 258 1242 tium
274 1215 394 1242 siderum
412 1214 561 1245 motiones,
582 1222 641 1249 quae
657 1214 685 1241 in
709 1213 828 1249 quodam
845 1214 975 1248 temporis

191 1268 305 1288 numero
324 1268 372 1296 per
397 1260 538 1288 duodecim
565 1260 699 1288 dictarunt
721 1260 865 1287 domorum
887 1260 975 1294 spatia

191 1307 292 1335 sensim
309 1310 463 1334 moventur.
482 1305 567 1333 Porro
590 1305 828 1337 ἀποκαταστάσεις
841 1309 921 1332 vocat
942 1305 976 1332 ab

191 1353 282 1387 aliquo
307 1355 408 1387 puncto
427 1352 455 1378 in
479 1351 550 1378 idern
574 1355 706 1386 punctum
728 1358 857 1378 recursus
872 1359 878 1377 :
892 1350 975 1378 veluti

191 1399 232 1427 sol
246 1406 293 1434 per
304 1405 405 1425 annum
416 1397 513 1424 circuit
525 1396 669 1424 duodecim
683 1396 781 1430 domus
794 1397 828 1423 ab
844 1398 928 1424 ariete
942 1396 976 1423 ad

191 1445 305 1472 arietem
330 1443 507 1478 perveniens;
528 1443 591 1469 luna
615 1449 663 1477 per
679 1449 810 1472 mensem,
827 1445 854 1469 et
870 1441 906 1468 ita
922 1442 975 1468 cae-

191 1491 241 1518 tori
257 1490 376 1525 quinque
390 1499 398 1522 ;
410 1495 530 1524 tempora
545 1486 622 1516 enim'
631 1495 664 1515 ex
680 1487 722 1514 his
739 1491 943 1514 mensurantur.

228 1535 261 1562 Et
280 1536 346 1563 vires
365 1536 443 1572 ignis.
466 1536 576 1564 Scilicet
597 1535 718 1563 aetherei.
731 1534 863 1570 Loquitur
886 1538 976 1561 autem

191 1582 224 1609 de
239 1586 355 1616 quatuor
365 1582 515 1614 elementis,
526 1586 607 1617 atque
618 1586 717 1609 terram
732 1588 747 1607 a
760 1581 834 1608 nullo
850 1580 974 1607 fundari:

193 1628 333 1663 Scriptura
347 1635 411 1655 vero
425 1627 491 1654 dicit
507 1637 514 1655 ι
530 1627 618 1663 Super
632 1634 718 1662 aquas
733 1626 854 1654 fundasti
872 1625 894 1653 i.

228 1716 402 1744 Essentiales.
421 1716 560 1744 Fortassis
574 1716 733 1744 essentialia
755 1716 884 1743 dicuntur
894 1716 976 1743 etiam

190 1762 282 1790 omnia
301 1762 398 1789 animm
413 1769 445 1788 ac
468 1769 567 1789 sensus
588 1762 728 1795 expertia,
747 1768 808 1796 quae
822 1761 928 1789 scilicet
942 1761 977 1788 ab

191 1816 246 1835 esse
257 1807 294 1833 ita
308 1811 452 1834 vocantur.

228 1851 261 1878 Et
273 1851 570 1886 ipsamdei/icationem,
585 1851 631 1879 Gr.
645 1852 752 1879 θέωσιν.
768 1852 837 1879 Justi
852 1856 879 1880 et
890 1852 977 1888 angeli

192 1897 345 1925 eﬂiciuntur
355 1898 403 1929 dii,
415 1897 563 1924 secundum
579 1897 659 1925 illud:
674 1897 729 1933 Ego
745 1897 819 1925 dixi:
830 1898 941 1925 Diiestis
952 1899 975 1926 κ.

228 1943 341 1970 Omnino
361 1943 439 1975 situs,
453 1942 500 1970 Gr.
517 1943 603 1976 θέσις.
629 1944 709 1970 Θεσιν
726 1948 804 1971 vocat
818 1945 977 1979 productio-

193 1997 254 2017 nem
268 1989 302 2016 ad
316 1989 514 2021 exsistcndum,
524 1996 556 2016 ac
571 1989 594 2016 si
602 1989 704 2017 diceret
721 1989 815 2023 :Quod
828 1997 882 2017 non
894 1990 978 2025 parti-

195 2037 265 2071 :ipat
282 2035 421 2069 virtutem,
438 2044 526 2071 neque
542 2037 614 2063 inter
629 2040 769 2063 creaturas
784 2039 836 2064 est.

229 2081 244 2118 §
262 2081 306 2109 Vl.
324 2082 404 2117 Atqui
419 2083 457 2109 ait
476 2081 586 2117 Elymus
602 2090 708 2117 magus.
733 2081 801 2109 Hinc
823 2082 979 2109 ostenditur

193 2128 274 2163 hujus
293 2128 380 2155 sancti
395 2128 447 2155 viri
465 2128 629 2163 antiquitas;
648 2128 723 2155 novit
743 2128 816 2155 enim
833 2136 894 2164 quae
909 2128 979 2155 dixit

1025 207 1152 242 χρησίμῳ
1167 206 1217 240 τῆς
1235 205 1388 241 ὑπάρξεως·
1407 205 1453 232 καὶ
1473 204 1552 231 τοῦτο
1570 203 1616 231 οὖν
1633 213 1698 239 φησι
1713 203 1745 230 τδ
1760 203 1810 230 οῦ-

1025 263 1081 286 τως
1101 252 1192 284 εἶναι,
1209 253 1256 278 καὶ
1278 252 1328 287 τὴν
1350 251 1464 286 δύναμιν
1484 250 1532 277 τοῦ
1553 249 1755 286 ὲπιζητεῖσθαι,
1772 249 1809 281 ὠς

1024 300 1169 334 ἀναγκαῖον
1179 299 1209 325 τὸ
1218 296 1374 334 εἶναιπαρὰ
1384 297 1434 332 τῆς
1448 297 1521 329 θείας
1533 297 1580 323 καὶ
1591 295 1808 332 ἀπειροδυνάμου

1025 345 1127 377 οὐσίας.

1059 391 1114 418 Καὶ
1139 390 1356 424 εὐθημοσύνας.
1383 388 1576 425 Εὐθημοσύνας
1610 388 1677 423 φησὶ
1703 387 1754 419 τὰς
1779 385 1808 414 εὖ

1025 436 1138 472 ἐχούσας
1159 436 1247 468 Θέσεις
1271 436 1318 462 καὶ
1339 435 1430 469 τάξεις
1448 435 1573 466 εὐθέτους
1595 435 1640 461 κοιλ⁴
1655 435 1809 469 εὐσχήμους

1025 482 1210 518 δημιουργίας-
1227 481 1378 516 ἀΠελικῶν
1400 481 1429 507 δὲ
1451 480 1549 508 ὲνάδων
1573 480 1627 507 τῶν
1651 480 1809 515 ἀπλοτήτων

1025 529 1115 564 φησίν·
1133 528 1150 564 ἢ
1168 529 1264 560 ὲνάδας
1281 528 1357 554 καλεῖ
1370 527 1420 558 τὰς
1434 526 1488 553 τῶν
1507 526 1604 553 οὐσιῶν
1620 526 1707 553 αὐτῶν
1724 525 1793 552 ἁπλὸ

1024 584 1116 610 τητας,
1138 575 1184 602 καὶ
1207 573 1364 609 ἀσωματίας
1386 573 1434 600 καὶ
1455 572 1560 604 άϋλῐας.
1584 572 1740 607 Σημείωσαι
1768 571 1807 603 δὲ,

1024 622 1064 648 ὃτι
1079 621 1142 652 τοὺς
1156 621 1273 656 ἀστέρας
1286 617 1447 650 διαιωνίζειν
1461 618 1543 653 λέγει.

1058 711 1113 738 Καὶ
1125 710 1223 744 τάξεις
1234 708 1462 742 ἀναλλοιώτους,
1482 707 1686 739 Ἀναλλοιώτους
1701 706 1749 739 τὰς
1762 707 1809 733 οὺ-

1026 757 1119 793 ρανίας
1143 757 1245 787 οὐσίας,
1264 756 1301 791 μὴ
1325 754 1394 782 κατά
1411 755 1441 781 τὺ
1460 754 1550 785 ἀϊδίως
1573 751 1643 780 εἶναι
1663 754 1761 789 νοήσῃς
1775 753 1808 769 “-

934 803 942 822 ί
964 812 970 830 :
1024 804 1101 830 αὐτοὶ
1113 802 1167 838 γὰρ
1181 801 1251 829 κατά
1265 801 1296 827 τὸ
1310 801 1501 837 γεγραμμένον
1516 799 1704 834 λειτουργικὰ
1719 799 1810 826 πνεύ-

989 838 1009 867 B
1021 848 1100 883 ματὰ
1122 849 1200 875 εἰσιν·
1217 847 1286 874 ἀλλὰ
1307 848 1372 882 περὶ
1395 847 1445 882 τὴν
1465 846 1588 882 φυλακὴν
1603 846 1657 871 τῶν
1678 845 1707 878 ἐξ
1723 843 1811 880 ἀρχῆς

1024 895 1117 926 αὑταῖς
1136 895 1189 920 ὑπὸ
1209 893 1278 920 Θεοῦ
1302 893 1475 928 τεταγμένων
1493 892 1563 927 ὅρων
1583 891 1614 918 τὸ
1633 891 1810 917 ἀναλλοίωτον

1024 941 1127 976 νόησον.
1146 940 1276 976 Προόδους
1287 939 1315 966 δὲ
1325 939 1373 965 τοῦ
1387 939 1482 974 χρόνου
1493 938 1524 964 τὸ
1541 938 1626 973 μῆκος
1640 937 1746 969 τούτου,
1762 937 1811 964 καὶ

1024 987 1072 1023 τὴν
1097 987 1144 1014 ἐπὶ
1164 987 1195 1013 τὺ
1215 986 1309 1022 πρόσω
1331 985 1416 1021 φορὰν
1439 985 1523 1019 λέγει’
1548 985 1681 1020 διάκρισιν
1701 984 1744 1015 δὲ,
1759 983 1811 1019 τὴν

1024 1032 1068 1059 διὰ
1084 1032 1133 1067 τῆς
1149 1031 1299 1066 ὲναλλαγῆς
1323 1030 1378 1056 τῶν
1399 1030 1501 1066 καιρῶν
1520 1030 1579 1066 ἦτοι
1595 1029 1673 1065 ὡρῶν
1693 1029 1812 1065 σημείω-

1026 1085 1068 1104 σιν
1088 1077 1157 1112 πρὸς
1172 1076 1206 1103 τὰ
1221 1076 1289 1102 αὐτὰ
1311 1075 1391 1102 πάλιν
1414 1075 1680 1111 ἀποκαθισταμένην·
1703 1075 1743 1102 διὸ
1763 1075 1810 1102 καὶ

1025 1122 1196 1155 συνελίξεις
1211 1122 1323 1149 ὲκάλεσε
1338 1121 1385 1148 τοῦ
1404 1121 1498 1156 χρόνου
1514 1121 1563 1156 τὴν
1578 1121 1694 1156 κίνησιν·
1711 1121 1727 1156 ἢ
1744 1129 1812 1157 προ-

1025 1169 1100 1201 όδους
1115 1171 1242 1204 χωνικάς
1259 1176 1325 1203 φησι
1343 1167 1392 1199 τὰς
1406 1167 1461 1194 τῶν
1482 1167 1623 1203 πλανήτων
1638 1167 1745 1202 ἄστρων
1764 1176 1810 1194 κι-

1025 1216 1127 1251 νήσεις,
1144 1214 1189 1242 ὲπί
1209 1223 1271 1241 τινα
1293 1214 1408 1249 ἀριθμὸν
1427 1214 1522 1250 χρόνου
1544 1214 1706 1249 διερπούσας
1726 1213 1759 1240 τὰ
1777 1214 1811 1240 ιϐ’

1024 1262 1078 1289 τῶν
1100 1261 1253 1296 λεγομένων
1268 1260 1349 1288 οἴκων
1371 1260 1552 1296 διαστήματα·
1573 1260 1811 1293 ἀποκαταστάσεις

1025 1307 1053 1334 δὲ
1064 1307 1113 1339 τὰς
1126 1307 1180 1333 ἀπὸ
1195 1307 1306 1343 σημείου
1326 1306 1398 1338 τινὸς
1414 1306 1460 1333 ἐπὶ
1478 1306 1509 1332 τὸ
1528 1306 1593 1332 αὐτὸ
1610 1308 1721 1342 σημεῖον
1739 1307 1811 1333 ἐπει

1025 1354 1170 1389 ναδρομάς·
1182 1351 1238 1380 οἷον
1248 1354 1262 1380 ὁ
1275 1353 1349 1388 ἥλιος
1365 1353 1399 1379 δι’
1409 1352 1533 1379 ἐνιαυτοῦ
1550 1352 1691 1388 περιπολεῖ
1702 1353 1765 1384 τοὺς
1777 1352 1812 1379 ιδ’

1025 1399 1115 1432 οἴκους
1130 1400 1184 1427 ἀπὸ
1197 1399 1243 1426 τοῦ
1259 1399 1404 1434 λεγομένου
1420 1399 1497 1436 κριοῦ
1515 1399 1560 1426 ἐπὶ
1574 1400 1619 1426 τὸν
1639 1399 1718 1426 αὑτὸν
1735 1390 1813 1435 κριὸν

1026 1445 1210 1481 διερχόμενος,
1224 1446 1241 1481 ἡ
1259 1445 1354 1481 σελήνη
1371 1445 1415 1472 διὰ
1437 1445 1530 1481 μηνὸς,
1549 1445 1596 1472 καὶ
1610 1446 1635 1471 οἱ
1655 1445 1717 1480 ἑξῆς
1731 1449 1751 1471 ε’
1764 1445 1814 1471 οὖ-

1026 1500 1089 1523 τως’
1107 1493 1139 1518 ὲκ
1154 1491 1207 1526 γὰρ
1222 1491 1322 1517 τούτων
1337 1491 1361 1517 οῑ
1377 1491 1468 1527 χρόνοι
1481 1491 1650 1526 μετροῦνται.

1063 1538 1117 1564 Καὶ
1134 1537 1186 1570 τὰς
1203 1537 1254 1564 τοῦ
1270 1537 1364 1571 πυρὸς
1380 1536 1530 1571 δυνάμεις.
1551 1537 1604 1563 Τοῦ
1625 1536 1744 1572 αἰθερίου
1766 1537 1814 1572 δη-

1027 1583 1123 1610 λονότι.
1147 1584 1216 1619 Φησὶ
1236 1583 1264 1609 δὲ
1286 1583 1419 1619 περὶτῶν
1434 1583 1573 1618 τεσσάρων
1600 1584 1748 1618 στοιχείων,
1766 1584 1815 1610 καὶ

1026 1631 1091 1666 ὁτιή
1104 1630 1140 1665 γῆ
1152 1630 1194 1656 ἐπ’
1203 1629 1309 1660 οὐδενὸς
1323 1628 1525 1664 τεθεμελίωται·
1540 1629 1556 1664 ἠ
1567 1628 1595 1654 δὲ
1608 1629 1703 1665 Γραφή
1718 1637 1813 1665 φησιν,

1033 1676 1093 1702 Ἐπὶ
1109 1675 1212 1702 ὑδάτων
1228 1675 1420 1711 ἐθεμελίωσας.

1065 1723 1119 1755 Τὰς
1143 1721 1307 1754 οὐσιιὶιδεις.
1326 1721 1405 1753 Ἰσως
1427 1721 1542 1756 οὐσιώδη
1565 1721 1688 1755 λέγονται
1710 1722 1756 1748 καὶ
1778 1723 1815 1749 τὰ

1027 1768 1114 1795 πάντα
1130 1768 1220 1803 ἀψυχα
1236 1768 1283 1794 καὶ
1299 1767 1457 1803 ἀναίσθητα,
1473 1767 1592 1803 δηλονότι
1611 1769 1665 1794 ἀπὸ
1678 1767 1724 1794 τοῦ
1735 1768 1815 1796 εἶναι

1026 1814 1097 1840 οὕτω
1112 1814 1254 1849 λεγόμενα.
1331 1815 1334 1818 ’

1061 1859 1115 1886 Καὶ
1126 1859 1183 1893 τὴν
1198 1859 1315 1886 θέωσιν.
1331 1859 1501 1886 Ἐκθεοῦνται
1517 1860 1542 1886 0i
1557 1859 1653 1886 δίκαιοι
1667 1861 1713 1886 καὶ
1728 1861 1753 1887 οἱ
1767 1860 1816 1895 ἄγ-

1027 1906 1109 1940 γελοι,
1127 1905 1196 1932 κατὰ
1210 1906 1250 1932 τό·
1274 1905 1343 1940 Ἐγὼ
1359 1906 1435 1932 εἶπα·
1455 1906 1520 1932 Θεοί
1536 1905 1613 1932 ἐστε.

1063 1950 1219 1984 Παντελῶς
1243 1951 1336 1983 θέσις.
1357 1950 1437 1977 Θέσιν
1460 1951 1538 1977 καλεῖ
1561 1952 1611 1986 τὴν
1633 1952 1673 1983 είς
1692 1952 1722 1978 τὸ
1743 1951 1815 1980 εἴναι

1028 1997 1206 2032 παραγωγὴν,
1221 1997 1280 2023 ἀντὶ
1293 1996 1350 2029 τοῦ,
1366 1997 1397 2023 Ὃ
1408 1996 1444 2032 μὴ
1463 1996 1569 2032 μετέχει
1584 1997 1736 2033 δυνάμεως,
1752 1999 1814 2025 οὐδὲ

1028 2045 1057 2071 ὲν
1072 2043 1235 2079 δημιουργίᾳ
1250 2042 1317 2069 ἐστί.

1064 2089 1137 2125 ςνι.
1160 2089 1261 2115 Καίτοι
1283 2089 1378 2123 φησὶν
1400 2089 1527 2124 Ἐλύμας
1542 2089 1676 2125 ὀμάγος.
1702 2090 1817 2117 Δείκνυ-

1028 2144 1072 2162 ται
1089 2135 1212 2161 ἐντεῦθεν
1227 2134 1275 2160 τοῦ
1296 2134 1374 2168 ἁγίου
1393 2135 1488 2161 τούτου
1509 2135 1604 2170 ἀνδρὸς
1622 2136 1638 2171 ἡ
1655 2137 1814 2172 ἀρχαιότης·

193 2175 302 2211 Elymas
317 2183 423 2210 magus,
437 2175 485 2210 qui
502 2175 585 2202 etiam
604 2175 712 2202 obstitit
737 2179 833 2202 sancto
848 2174 934 2202 Paulo
950 2175 975 2202 in

1032 2180 1047 2208 ἃ
1066 2180 1120 2216 γὰρ
1144 2178 1219 2207 εἶπεν
1242 2179 1359 2215 Ἐλύμας
1374 2181 1388 2206 ὁ
1405 2180 1501 2215 μάγος,
1521 2181 1550 2213 ὃς
1573 2182 1620 2208 καὶ
1641 2182 1756 2217 ἀντέστη
1776 2182 1818 2218 τῷ

193 2221 292 2257 Cypro,
307 2221 387 2255 cujus
409 2221 478 2248 Acta
500 2225 657 2248 sanctorum
684 2221 869 2256 apostolorum
885 2221 979 2248 memi-

194 2271 292 2295 nerunt
304 2267 323 2295 ι.
334 2267 432 2296 Multos
447 2272 536 2295 tamen
555 2267 655 2303 Elymze
663 2267 766 2296 similes
778 2268 857 2295 habet
867 2267 977 2299 Arabia,

193 2316 240 2351 qui
251 2315 345 2342 dicunt
358 2316 488 2343 adversus
500 2322 550 2342 nos
568 2318 722 2342 asserentes
733 2313 826 2342 Iesum
838 2313 977 2340 Christum

195 2361 279 2388 Deum
289 2361 406 2389 Verbum
415 2369 496 2388 carne
505 2368 554 2396 pro
562 2360 642 2388 nobis
651 2367 773 2395 passum,
783 2360 830 2387 sed
840 2367 895 2386 non
909 2359 978 2386 divi-

195 2407 295 2434 nitate:
307 2406 335 2434 Si
347 2415 401 2435 non
416 2407 558 2434 admittitis
569 2407 658 2442 ipsum
668 2406 808 2433 divinitate
815 2413 925 2440 passum
940 2405 980 2432 uti

196 2453 291 2484 voluit,
302 2453 390 2480 facitis
407 2452 490 2480 Deum
502 2453 688 2488 impotentem.
700 2452 822 2479 dicentes
839 2459 901 2479 eum
924 2459 978 2478 non

197 2507 277 2534 posse
291 2499 314 2527 si
336 2499 471 2533 voluerit;
488 2499 618 2526 adversus
634 2506 703 2533 quos
720 2498 876 2529 dicendum,
894 2497 978 2524 Deum

195 2545 248 2572 hoc
258 2545 388 2577 noluisse.
396 2552 457 2572 cum
463 2545 539 2580 197
548 2545 660 2572 haberet
669 2545 696 2571 in
705 2551 759 2579 quo
765 2548 912 2579 pateretur,
918 2551 979 2570 esse

195 2594 292 2618 contra
306 2591 617 2623 naturam,divinitatem
629 2591 695 2626 pati,
703 2597 762 2625 qua:
770 2595 867 2617 natura
879 2597 927 2617 sua
936 2593 979 2617 est

245 2682 254 2702 ί
273 2681 356 2709 Hebr.
375 2689 396 2713 ι,
414 2681 458 2709 Η.
502 2682 509 2706 ι
531 2680 603 2708 Psal.
623 2689 700 2713 χχιιι,
718 2681 746 2709 2.
780 2682 792 2701 ¹ι
811 2681 882 2709 Psal.
901 2689 980 2709 Lxxxt

1031 2226 1101 2262 ἁγίῳ
1125 2225 1222 2261 Παύλῳ
1244 2226 1273 2251 ὲν
1296 2224 1416 2260 Κύπρῳ,
1441 2225 1579 2259 γινώσκει·
1598 2224 1628 2253 οὗ
1649 2227 1676 2253 αἱ
1698 2227 1818 2263 Πράξεις

1030 2273 1083 2299 τῶν
1108 2271 1192 2306 ἁγίων
1218 2271 1372 2298 ἀποστόλων
1392 2271 1553 2308 μέμνηνται.
1577 2272 1672 2308 Ὅμως
1701 2273 1820 2305 πολλοὺς

1031 2319 1138 2354 ὁμοίους
1157 2317 1195 2352 τῷ
1218 2317 1320 2353 Ἑλύμᾳ
1340 2319 1357 2353 ἡ
1381 2318 1493 2353 Ἀραϐία
1509 2318 1579 2354 ἔχει,
1596 2319 1622 2345 οἶ
1644 2328 1710 2354 φασι
1747 2320 1820 2356 πρὸς

1031 2365 1103 2400 ἡμᾶς
1115 2364 1250 2398 λέγοντας,
1260 2363 1363 2398 Ἰησοῦν
1373 2364 1490 2398 Χριστὸν
1502 2365 1547 2392 τὸν
1559 2365 1625 2392 Θεὸν
1637 2366 1721 2400 Λόγον
1735 2368 1820 2402 σαρκὶ

1031 2410 1126 2436 παθεῖν
1144 2409 1213 2445 ὑπὲρ
1228 2409 1304 2444 ἡμῶν
1315 2429 1322 2441 ,
1341 2409 1409 2435 ἀλλὰ
1425 2410 1461 2445 μὴ
1478 2410 1592 2447 θεότητα
1609 2412 1642 2443 ⁸³,
1653 2412 1694 2438 ὅτι
1705 2420 1711 2426 ·
1729 2412 1761 2438 Εἰ
1778 2413 1819 2449 μὴ

1029 2455 1137 2491 δέχεσθε
1154 2455 1233 2482 αὑτὸν
1251 2455 1356 2490 θεότητι
1373 2456 1469 2484 παθεῖν
1480 2457 1517 2488 ὡς
1529 2457 1670 2493 ἠθέλησεν,
1681 2458 1821 2493 ἀδύναμον

1030 2501 1130 2526 ποιεῖτε
1154 2499 1198 2525 τὸν
1220 2500 1302 2531 Θεὸν,
1325 2500 1473 2534 φάσκοντες
1499 2502 1536 2537 μὴ
1556 2501 1684 2529 δύνασθαι
1709 2503 1821 2539 θεότητι

1031 2544 1126 2572 παθεῖν
1153 2546 1176 2571 ει
1201 2545 1297 2571 ἐθέλοι·
1326 2547 1392 2582 πρὸς
1409 2547 1455 2580 οὒς
1479 2547 1597 2582 λεκτέον,
1616 2550 1656 2576 ὅτι
1679 2550 1743 2576 αὐτὸ
1767 2551 1823 2579 οὐκ

1030 2591 1166 2627 ἠϐουλήθη
1181 2591 1195 2616 ὸ
1210 2591 1284 2623 Θεὸς,
1301 2592 1370 2628 ἔχων
1388 2594 1428 2625 είς
1443 2594 1468 2621 τί
1487 2594 1577 2629 πάθοι,
1591 2595 1621 2622 τὸ
1644 2596 1719 2632 παρὰ
1735 2596 1823 2631 φύσιν

989 2702 995 2714 .
1016 2681 1044 2710 6.
1080 2683 1157 2712 lAct.
1176 2692 1236 2715 xui.
1254 2685 1280 2712 8.

655 2760 772 2788 VARIAS
792 2761 984 2790 LECTIONES
1005 2761 1049 2789 ET
1067 2762 1340 2790 CORRECTIONES.

228 2817 251 2832 "
268 2817 394 2853 νομίσης.
446 2819 468 2834 "
479 2820 513 2852 τῇ
528 2818 645 2852 θεότητι.
