1923 3064
96 199 144 227 561

441 199 471 227 S.
489 199 613 229 MAXIM]
630 201 775 229 SCHOLIA
794 201 826 229 IN
842 202 906 231 LIB.
925 201 969 230 DE
985 202 1109 231 DlVlNlS
1127 202 1325 232 NOMINIBUS.

1661 204 1714 236 363

95 257 231 293 γενέσθαι,
249 258 293 285 ἵνα
308 259 325 294 ἡ
343 258 436 294 θεότης
448 259 530 286 πάθοι
540 260 558 295 ἡ
575 259 646 287 κατὰ
661 269 741 296 φυσιν
759 261 867 298 ἀπαθής

931 261 1115 297 impassibilis.
1129 262 1197 290 Vide
1210 262 1346 297 quomodo
1361 263 1521 291 sententiam
1532 263 1653 299 Apostoli
1665 273 1713 293 ex-

96 304 166 337 Ὅρα
181 304 240 336 πῶς
259 304 404 340 ἐρμηνεὺει
418 305 449 332 τὸ
466 305 643 332 άποστολικὸν
663 307 755 342 ῥητὸν,
773 308 814 334 οὐ
830 306 880 334 δύ-

93 358 179 377 ναται
195 352 212 378 ὀ
228 350 300 383 Θεὸς
315 350 424 378 ἑαυτὸν
438 351 636 385 ἀρνήσασθαι.

133 395 165 423 Ἠ
178 395 233 430 γὰρ
246 395 355 422 ἑαυτοῦ
367 395 504 430 ἄρνησις.
520 397 608 433 Ὅπερ
631 396 709 434 ἔφην,
730 397 846 434 Ἐλύμας
865 399 879 425 6

94 442 180 479 μάγος
203 442 313 478 σκώψας
340 443 386 470 τὸν
405 443 474 469 Θεῖον
492 443 597 471 Παῦλον
611 444 731 476 εἰπόντα,
750 444 788 480 μὴ
804 443 880 471 δύνα-

94 489 155 516 σθαι
169 488 336 525 ἀρνήσασθαι
347 489 442 516 ἑαυτὸν
456 489 501 516 τὸν
514 490 590 522 Θεὸν,
605 491 652 517 καὶ
664 491 694 517 τό
703 499 735 525 γε
747 491 793 517 ἐπὶ
805 491 879 518 Παύ-

92 534 131 570 λῳ
145 534 273 561 ἀδύνατον
288 534 443 562 δείκνυσθαι
455 535 501 562 τὸν
515 535 581 563 Θεὸν
595 536 741 572 δυνάμενον
755 536 773 563 ἃ
787 536 879 572 βούλε-

91 588 146 612 ται,
157 579 294 606 τουτέστιν
304 580 473 616 ἀρνήσασθαι
482 581 589 613 ἑαυτὸν,
603 581 806 616 φιλοσοφώτατα
819 582 877 610 λύει

90 627 105 652 6
112 625 346 661 μέγαςΔιονύσιος.
353 626 420 662 Φησὶ
426 627 490 662 γάρ,
497 628 537 654 ὅτι
548 628 562 654 ὁ
568 628 633 659 Θεὸς
639 627 750 663 ἀλήθειά
757 629 830 655 ἐστιν
839 637 846 643 ⁸
859 630 875 665 ἡ

90 671 119 697 δὲ
130 671 243 707 ἀλήθεια
252 671 281 698 6v
292 673 350 699 ἐστι
358 680 366 688 ·
378 672 408 699 τὸ
420 672 448 699 δὲ
458 672 563 708 ψεῦδος,
570 673 609 704 ὡς
618 673 877 707 ἀνυπόστατον,οῶ

90 715 212 743 ὕνὲοτιν·
221 716 269 743 ἐὰν
285 715 331 744 οὖν
345 718 498 753 ἀρνήσηται
512 718 606 745 ἑαυτὸν
620 719 633 746 6
646 717 875 756 Θεὸς,ήάλήθεια,

89 761 256 798 ψευσαμένη,
286 763 323 799 μὴ
351 763 381 790 ὃν
403 764 521 798 γίνεται·
541 765 661 796 καὶπῶς
676 762 731 791 οἷόν
747 773 776 791 τε
797 766 875 792 τοῦτο

90 808 245 844 συμϐῆναις
271 809 302 835 τὸ
317 807 363 836 οὖν
377 809 419 844 μὴ
435 809 591 841 δύνασθαι,
617 811 664 837 ὲπὶ
685 810 751 838 Θεοῦ
779 813 875 839 ταττό-

90 862 181 888 μενον,
197 849 299 888 άφάτου
315 853 456 890 δυνάμεώς
479 856 536 882 ἐστι
552 857 672 891 σημεῖον.
690 856 800 891 Ὅμοιον
821 857 875 893 γάρ

89 900 162 925 ἐστιν
183 900 278 932 εἰπεῖν,
299 901 339 927 δτι
352 901 462 928 δύναται
482 902 497 928 6
515 900 581 933 Θεὸς
596 898 691 929 ἑαυτὸν
706 903 816 939 ποιῆσαι
836 903 875 939 μὴ

929 312 1022 342 ponat,
1039 307 1101 334 Non
1112 312 1196 342 potest
1211 308 1280 335 Deus
1297 307 1413 342 teipsum
1428 315 1521 344 negare
1532 310 1563 336 ’³.

962 393 1098 429 Siquidem
1122 394 1164 421 sui
1190 392 1271 429 ipsius
1294 395 1363 422 enim
1382 396 1496 431 negatio.
1512 396 1590 432 Quod
1607 396 1714 426 dicebat

929 438 1038 475 Elymas
1052 447 1147 475 magus
1161 440 1289 468 deridens
1303 445 1428 469 sanctum
1437 441 1550 470 Paulum
1565 443 1711 477 dicentem,

928 483 1014 512 Deum
1041 493 1096 512 non
1122 493 1204 521 posse
1227 494 1327 521 negare
1345 487 1477 522 seipsum,
1497 495 1529 515 ac
1544 488 1713 524 impossibile

928 531 1072 558 ostendere
1082 531 1109 558 in
1123 531 1208 559 Paulo
1219 532 1303 560 Deum
1319 540 1400 568 posse
1414 541 1475 569 qua!
1489 535 1557 568 vult,
1573 535 1600 562 id
1613 540 1655 563 est
1669 544 1713 563 sed

928 577 1017 612 ipsum
1033 585 1144 614 negare,
1163 585 1278 613 magnus
1295 577 1440 615 Dionysius
1458 580 1577 608 maxime
1591 581 1712 616 philoso-

927 623 1006 657 phiee
1012 631 1062 651 seu
1078 629 1172 659 argute
1183 624 1273 651 solvit.
1286 623 1357 652 Dicit
1367 625 1438 652 enim
1452 624 1536 652 Deum
1545 633 1606 654 esse
1614 627 1713 654 verita-

927 669 1146 697 temzveritatem
1159 674 1248 697 autem
1263 677 1323 698 esse
1337 678 1387 698 ens
1397 670 1557 699 :falsitatem
1569 680 1634 700 vero
1649 680 1712 700 cum

927 719 982 742 non
994 715 1255 749 subsistat,minime
1266 717 1348 744 etiam
1361 724 1422 744 esse
1433 725 1497 749 ens;
1511 718 1534 746 si
1546 718 1628 754 igitur
1639 718 1712 748 Deus

927 760 1047 795 seipsum
1059 762 1207 796 negaverit.
1215 762 1315 790 veritas
1322 763 1367 790 ubi
1375 763 1513 796 fefellerit,
1522 772 1576 791 non
1589 772 1638 792 ens
1655 765 1711 793 elli-

926 809 1007 839 citur,
1031 812 1058 835 et
1085 808 1224 843 quomodo
1250 809 1358 844 signum
1370 808 1442 836 istud
1463 810 1587 838 accidere
1606 811 1712 845 possit?

925 862 990 889 ergo
1005 862 1057 882 non
1068 862 1142 889 posse
1154 855 1181 881 in
1196 854 1251 882 Deo
1263 856 1441 883 constitutum
1455 857 1563 891 signum
1569 857 1710 885 estinlini-

925 904 960 928 tas
975 901 1093 928 virtutis.
1110 900 1204 929 Simile
1218 901 1290 930 enim
1306 905 1378 929 esset
1394 909 1425 929 ac
1439 902 1463 929 si
1474 901 1611 930 diceretur
1624 902 1710 931 Deum

88 943 158 970 εἶναι
168 944 243 977 Θεὸν,
254 945 321 972 ἀλλὰ
331 946 453 982 χωρῆσαι
463 947 503 978 εἰς
514 947 693 983 άνυπαρξίαν,
712 947 727 974 ὃ
743 948 812 984 μετὰ
825 949 870 975 τοῦ

923 954 1004 982 posse
1016 946 1104 974 facere
1121 947 1240 982 seipsum
1256 954 1310 974 non
1326 955 1387 975 esse
1399 947 1494 980 Deum,
1506 947 1561 976 imo
1574 956 1661 984 usque
1674 946 1710 976 ad

88 989 221 1017 ἀδυνάτου
238 991 285 1017 καὶ
301 991 331 1017 τὸ
347 991 505 1027 βλάσφημον
520 992 591 1028 ἔχει·
607 993 665 1026 πῶς
680 994 769 1021 τοίνυν
783 994 875 1030 λεχθή-

90 1043 176 1067 σεται,
191 1036 206 1061 6
217 1035 254 1061 ὢν
268 1035 343 1062 ἔσται
360 1035 397 1072 μὴ
413 1036 468 1070 div;
486 1037 523 1064 Οὐ
541 1033 650 1065 δύναται
666 1039 755 1066 τοίνυν
769 1040 783 1066 6
798 1039 873 1071 Θεὸς,

87 1081 226 1108 τουτέστιν
243 1081 417 1118 άναχιῦρητόν
447 1082 505 1109 ἐστι
533 1083 570 1119 μὴ
594 1081 664 1111 εἶναι
684 1085 777 1115 αὑτὸν,
792 1085 874 1121 ἤγουν

87 1126 243 1154 ἀνένδεκτον
255 1127 292 1163 μὴ
299 1125 368 1154 εἶναι
382 1127 471 1155 αὐτόν
487 1129 584 1156 οὐκοῦν
596 1131 642 1156 καὶ
651 1130 682 1156 τὸ
694 1131 730 1166 μὴ
747 1130 874 1157 δύνασθαι

86 1170 135 1198 τὸν
152 1171 227 1204 Θεὸν,
251 1173 373 1200 τουτέστι
392 1173 423 1200 τὸ
436 1174 564 1201 ἀδύνατον
588 1173 657 1202 εἶναι
679 1175 724 1202 τὸν
745 1176 821 1208 Θεὸν,
842 1177 873 1203 οὺ

85 1215 198 1243 δυνατὸν
207 1215 346 1251 γενέσθαι·
361 1217 454 1254 ὥσπερ
466 1218 520 1254 γάρ
534 1218 565 1245 τὸ
577 1219 643 1255 φῶς,
659 1215 722 1247 καθ’
732 1220 746 1246 ὃ
757 1221 824 1255 φῶς,
841 1222 872 1248 οὺ

85 1261 197 1288 δύναται
222 1262 315 1294 σκότος
338 1264 473 1298 γενέσθαι,
497 1263 568 1292 οὕτω
591 1266 637 1292 καὶ
656 1266 741 1292 ταῦτα
756 1267 873 1294 ἀδύνατα

85 1308 127 1343 τῷ
143 1308 202 1344 Θεῷ
216 1309 259 1336 διά
271 1309 320 1345 τὴν
337 1310 539 1346 ἀνυπέρϐλητον
553 1311 690 1347 ἀλήθειαν.
717 1310 810 1345 Οὕτως
826 1311 872 1340 οὖν

85 1354 137 1381 οὐκ
152 1352 221 1381 οἶδεν
239 1355 253 1382 6
270 1353 336 1387 Θεὸς
352 1356 421 1382 κατὰ
439 1356 564 1392 στέρησιν
580 1354 610 1384 τὸ
626 1358 663 1394 μὴ
686 1358 794 1391 εἰδέναι,
816 1358 872 1387 οἷον

85 1399 117 1426 οὐ
147 1398 310 1434 πεπείραται
331 1400 346 1426 ό
368 1397 447 1432 Θεός·
465 1402 479 1428 ὁ
505 1402 588 1434 ἐστιν,
618 1403 668 1429 οὑκ
684 1401 738 1430 οἶδε
756 1404 783 1430 τι
799 1405 872 1432 ἐστιν

83 1445 160 1472 αὐτὸ
176 1446 209 1473 τὸ
217 1445 259 1480 μὴ
275 1446 395 1478 ειδέναι,
407 1447 466 1483 ἦτοι
476 1447 596 1482 ἀγνοεῖν
606 1454 642 1475 τι.
655 1449 734 1476 Κατὰ
745 1450 871 1486 στέρησιν

83 1491 114 1518 δὲ
130 1491 181 1518 οὐκ
193 1489 247 1518 οἶδε
256 1491 286 1518 τὸ
297 1492 402 1526 άγνοεῐν
413 1498 419 1508 ⁸
433 1493 560 1529 στέρησις
573 1494 629 1530 γάρ
643 1495 716 1522 ἐστιν
732 1496 749 1531 ἡ
763 1495 869 1530 ἄγνοια,

83 1536 134 1571 οὐχ
148 1535 304 1569 ὑπόστασις,
321 1537 378 1564 ἀλλ’
395 1537 493 1570 ἔξωθεν
502 1539 551 1574 τῆς
564 1535 667 1572 οὺσίας,
679 1541 743 1577 περὶ
758 1541 791 1577 ἢν
803 1550 871 1578 cup.-

83 1581 173 1609 σαίνει
191 1583 208 1618 ἡ
226 1583 352 1619 στέρησις
365 1592 372 1599 ·
387 1583 502 1619 ἔλλειψις
516 1585 569 1621 γάρ
583 1586 640 1612 ἐστι
659 1586 705 1613 τοῦ
720 1586 871 1622 ὀφείλοντος

81 1629 221 1664 παρεῖναι.
241 1629 345 1656 Οὐκοῦν
368 1630 509 1665 ἐστέρηται
529 1631 543 1657 6
554 1631 620 1663 Θεὸς
634 1632 681 1659 τοῦ
695 1633 810 1667 ἀγνοεῖν,
822 1633 869 1661 καὶ

79 1675 211 1701 οὐδέποτε
223 1673 276 1702 οἶδε
288 1675 319 1702 τὸ
335 1676 371 1712 μὴ
382 1676 478 1703 εἰδέναι
486 1685 492 1691 ·
510 1678 534 1704 εἰ
546 1677 599 1714 γὰρ
615 1678 651 1714 μὴ
663 1678 733 1706 κατὰ
744 1679 869 1715 στέρησιν

79 1721 208 1756 εἴποιμεν
227 1721 265 1756 μὴ
280 1721 379 1748 ειδέναι
394 1722 440 1748 τὸν
455 1722 522 1749 Θεὸν
539 1723 588 1759 τὴν
606 1723 725 1758 ἄγνοιαν,
743 1725 869 1760 εὑρίσκε-

78 1775 128 1795 ται
150 1766 198 1804 τῆς
214 1769 306 1801 οὐσίας
319 1768 400 1796 αὑτοῦ
417 1770 446 1797 τὸ
466 1771 502 1806 μὴ
520 1769 635 1798 εἰδέναι·
657 1771 705 1798 καὶ
726 1768 759 1807 ἦν
778 1771 810 1798 ἂν
824 1770 869 1797 οὐ·

80 1812 182 1849 σιώδης
196 1812 278 1842 αὐτοῦ
294 1816 312 1851 ἡ
321 1816 425 1850 ἄγνοια,
436 1816 482 1843 καὶ
491 1813 645 1852 εὑρίσκεται
659 1816 673 1842 6
683 1817 748 1849 Θεὸς
758 1817 852 1849 σκότος
859 1823 866 1832 ¹

79 1861 98 1896 ή
118 1860 173 1897 γὰρ
191 1860 287 1895 ἄγνοια
304 1859 398 1894 σκότος
419 1859 505 1888 ὲστῐψ
527 1861 614 1894 οὕτως
632 1861 741 1898 ὑψηλῶς
762 1863 869 1898 νοήσεις

78 1907 129 1934 καὶ
144 1907 185 1940 τὸ,
202 1907 343 1934 Ἀδύνατον
358 1907 508 1943 ψεύσασθαι
524 1907 604 1935 Θεόνδ
621 1908 667 1935 καὶ
682 1907 723 1941 τὸ,
742 1908 779 1935 Οὐ
795 1906 868 1935 δύνα-

77 1961 126 1980 ται
143 1955 228 1981 ποιεῖν
245 1953 259 1980 6
274 1954 339 1986 Υἱὸς
353 1953 429 1981 οὐδὲν
446 1954 492 1989 ἀφ’
508 1954 617 1986 ἑαυτοῦ,
634 1954 681 1981 ἐὰν
700 1955 736 1990 μή
753 1963 780 1981 τι
805 1954 867 1989 βλέ-

78 2005 119 2034 πῃ
135 1997 181 2026 τδν
201 1999 310 2036 Πατέρα
329 1999 455 2026 ποιοῦντα
467 2008 473 2015 ·
491 2000 559 2036 ὅπερ
580 1999 671 2035 ὅμοιόν
690 2001 749 2027 ἐστι
770 1999 810 2035 τῷ
830 2000 868 2026 ει-

77 2044 156 2071 πεῐν·
185 2041 334 2081 ’Δμήχανόν
361 2046 434 2072 ἐστιν
457 2045 539 2081 ἔτερα
561 2045 722 2081 βουλομένου
742 2045 790 2072 τοῦ
811 2046 866 2073 Πα-

75 2085 154 2126 τρδς,
170 2089 250 2126 ἔτερα
266 2089 427 2126 βουληθῆναι
450 2091 495 2118 τὸν
523 2088 598 2119 Τιόν.
629 2092 677 2118 Ἓν
694 2091 748 2127 γὰρ
764 2091 867 2127 θέλημα

75 2136 129 2172 τῆς
147 2134 230 2172 μόνης
250 2137 438 2172 προπυνητῆς
453 2136 566 2172 Τριάδος
581 2136 651 2164 κατὰ
671 2137 721 2173 τὴν
737 2136 864 2173 θεότητα⁶

75 2181 141 2208 οὐδὲ
165 2181 219 2220 γὰρ
241 2181 401 2218 ἀγνοοῦμεν,
427 2182 522 2219 ὅτιπερ
539 2183 553 2209 6
574 2182 639 2215 Υἱὸς
657 2182 703 2209 τοῦ
720 2182 798 2216 Θεοῦ,
820 2182 867 2210 καὶ

75 2224 156 2257 Θεὸς,
167 2227 182 2253 6
197 2223 237 2258 εἷς
255 2227 304 2262 τῆς
320 2227 493 2262 πανυμνήτου
510 2228 557 2254 καὶ
573 2228 760 2264 παναχράντου
784 2227 867 2264 Τριά-

925 993 1105 1029 privationem
1117 1001 1173 1021 suae
1182 993 1348 1021 exsistentiaa
1355 993 1490 1028 progredi.
1500 994 1572 1029 quod
1584 1002 1645 1022 cum
1657 995 1709 1022 im-

924 1039 1106 1075 possibilitate
1119 1040 1294 1074 conjunctam
1309 1039 1391 1066 habet
1404 1039 1617 1074 blasphemiam;
1635 1047 1707 1075 quo-

924 1085 1006 1112 modo
1020 1085 1103 1120 igitur
1119 1084 1235 1117 dicetur,
1251 1084 1298 1119 qui
1311 1088 1353 1111 est
1367 1091 1422 1111 non
1437 1084 1490 1112 erit
1504 1083 1617 1119 “taque
1635 1083 1707 1113 Deus

924 1138 978 1158 non
998 1133 1097 1165 potest,
1117 1130 1144 1157 id
1159 1135 1201 1158 est
1214 1129 1407 1165 comprehendi
1423 1129 1517 1165 nequit
1540 1130 1628 1164 ipsum
1651 1139 1706 1158 non

923 1184 994 1210 esse,
1023 1184 1071 1204 seu
1092 1177 1199 1204 admitti
1214 1177 1308 1212 nequit
1320 1177 1408 1212 ipsum
1427 1184 1482 1204 non
1506 1183 1586 1209 esse;
1599 1184 1664 1212 ergo
1679 1181 1707 1204 et

923 1223 1007 1250 Deum
1023 1230 1077 1250 non
1090 1230 1181 1258 posse,
1199 1223 1227 1250 id
1246 1226 1288 1250 est
1300 1222 1464 1250 imbecillum
1476 1229 1537 1250 esse
1550 1221 1645 1255 Deum.
1661 1223 1707 1250 tice

923 1269 946 1296 ri
961 1269 1071 1305 nequit;
1086 1269 1157 1296 sicut
1171 1268 1243 1296 enim
1260 1269 1362 1301 lumen,
1378 1271 1513 1304 quatenus
1532 1268 1634 1301 lumen,
1650 1277 1706 1297 non

922 1317 1010 1350 potest
1023 1322 1084 1342 esse
1103 1314 1236 1347 tenebrae;
1255 1314 1292 1341 ita
1305 1314 1385 1341 etiam
1397 1318 1423 1341 et
1436 1314 1493 1341 haec
1508 1313 1563 1342 Deo
1579 1314 1708 1351 impossi-

921 1361 986 1388 bilia
1015 1364 1123 1396 propter
1146 1360 1272 1387 eximiam
1292 1361 1444 1388 veritatem.
1463 1360 1509 1388 Sic
1529 1360 1706 1396 igituereus

921 1414 975 1434 non
999 1407 1074 1434 novit
1096 1407 1248 1440 privatione
1271 1406 1357 1440 ipsum
1377 1415 1429 1434 non
1450 1408 1518 1435 scire
1541 1415 1590 1436 seu
1604 1406 1707 1443 aliquid

921 1453 1053 1488 ignorare,
1070 1452 1299 1488 quemadmodum
1311 1452 1381 1480 Deus
1391 1453 1503 1481 minime
1512 1456 1641 1489 expertus
1651 1456 1704 1486 est,

920 1498 994 1534 quod
1013 1502 1065 1530 est,
1089 1506 1144 1525 non
1162 1498 1237 1525 novit
1255 1498 1321 1533 quid
1342 1497 1378 1526 sit
1397 1499 1487 1533 ipsum
1527 1506 1579 1526 non
1622 1499 1704 1531 scire,

921 1552 968 1572 seu
985 1544 1088 1580 aliquid
1104 1544 1239 1579 ignorare.
1256 1543 1412 1572 Privatione
1420 1551 1485 1572 vero
1494 1544 1584 1571 nescit
1595 1544 1706 1580 ignora-

920 1596 950 1617 re
968 1598 974 1614 :
992 1597 1055 1616 nam
1077 1589 1193 1625 privatio
1212 1591 1253 1616 est
1273 1589 1417 1623 ignoratio,
1437 1595 1492 1616 non
1513 1588 1703 1621 subsistentia.

920 1635 967 1663 sed
983 1639 1059 1662 extra
1080 1634 1227 1663 essentiam
1244 1634 1319 1661 circa
1341 1641 1423 1668 quam
1447 1633 1547 1661 accidit
1569 1633 1703 1669 privatio;

919 1685 961 1709 est
976 1681 1048 1708 enim
1069 1680 1192 1708 defectus
1209 1679 1268 1714 ejus
1286 1679 1358 1715 quod
1381 1679 1477 1707 adesse
1491 1679 1632 1708 debuerat.
1651 1679 1706 1708 Ita-

918 1734 971 1761 que
979 1725 1050 1754 Deus
1059 1726 1180 1760 privatus
1188 1731 1230 1752 est
1243 1725 1422 1760 ignoratione,
1430 1728 1457 1752 et
1472 1732 1611 1760 nunquam
1625 1724 1706 1752 scivit

918 1771 1072 1804 inscitiam;
1096 1771 1118 1798 si
1140 1772 1212 1799 enim
1235 1778 1288 1797 non
1300 1777 1347 1805 per
1362 1770 1539 1804 privationem
1554 1770 1705 1800 dixerimus

918 1816 1001 1844 Deum
1020 1817 1126 1844 nescire
1145 1816 1338 1851 ignorantiam,
1361 1815 1500 1842 invenitur
1516 1822 1577 1843 esse
1596 1823 1630 1843 ex
1643 1815 1704 1851 ejus

918 1860 1037 1888 essentia
1052 1860 1175 1893 nescire;
1188 1863 1215 1887 et
1225 1860 1249 1887 si
1264 1859 1419 1887 essentialis
1432 1858 1513 1886 fuerit
1525 1859 1613 1894 ipsius
1626 1859 1703 1895 igno-

919 1906 1000 1938 ratio,
1030 1906 1114 1934 etiam
1142 1906 1277 1941 reperitur
1306 1904 1378 1933 Deus
1405 1905 1539 1939 tenebrae;
1567 1904 1703 1941 ignoratio

918 1951 990 1979 enim
1005 1955 1047 1979 est
1060 1951 1192 1985 tenebrae;
1206 1951 1243 1978 ita
1257 1950 1339 1979 etiam
1361 1950 1514 1978 sublimiori
1534 1952 1640 1979 ratione
1659 1951 1703 1978 in-

917 1998 1023 2033 telliges
1037 1998 1115 2030 illud,
1130 1997 1298 2032 impossibile
1309 2005 1370 2025 eum
1385 1996 1482 2025 falsum
1498 1997 1598 2025 dicere.
1620 1997 1654 2024 Et
1668 1997 1703 2024 il-

917 2044 965 2072 lud
978 2053 985 2071 :
1000 2043 1086 2071 Filius
1101 2050 1155 2070 non
1170 2046 1260 2079 potest
1277 2043 1367 2070 facere
1389 2042 1537 2078 quidquam
1560 2050 1576 2069 a
1599 2044 1700 2078 seipso,

917 2091 970 2119 nisi
983 2091 1082 2119 viderit
1091 2090 1198 2118 Patrem
1212 2089 1354 2117 facientem
1372 2099 1378 2116 :
1394 2090 1465 2125 quod
1481 2090 1571 2118 simile
1583 2094 1626 2118 est
1637 2098 1669 2118 ac
1677 2091 1702 2120 si

917 2137 1030 2168 diceret.
1046 2137 1216 2172 impossibile
1233 2140 1285 2168 est,
1299 2136 1379 2164 Patre
1398 2137 1451 2163 alia
1464 2136 1581 2168 volente,
1598 2135 1700 2164 Filium

917 2183 971 2210 alia
985 2182 1062 2210 velle.
1079 2182 1139 2210 Una
1159 2185 1201 2209 est
1219 2181 1292 2209 enim
1304 2182 1430 2209 voluntas
1450 2181 1531 2208 unius
1555 2181 1701 2210 adoranda!

917 2227 1060 2255 Trinitatis
1077 2227 1106 2254 in
1120 2227 1262 2255 divinitate
1277 2236 1285 2255 :
1300 2226 1436 2262 siquidem
1452 2234 1507 2254 non
1524 2226 1606 2262 198
1620 2227 1699 2263 igno-

74 2272 123 2303 δος
140 2272 282 2308 γενόμενος
295 2272 447 2312 ἄνθρωπος,
462 2270 628 2309 προσέλαϐεν
641 2273 808 2309 ἀνθρώπινον
823 2275 866 2301 θέ-

921 2281 1021 2306 ramus,
1034 2273 1133 2301 Filium
1148 2273 1206 2305 Dei,
1224 2273 1305 2300 etiam
1328 2272 1423 2305 Deum,
1439 2281 1524 2300 unum
1543 2274 1700 2302 laudatissi-

74 2317 154 2353 λημα
172 2317 283 2352 φυσικὸν
299 2318 347 2345 καὶ
360 2318 559 2354 ἀναμάρτητον.

920 2326 971 2345 me
985 2322 1012 2345 et
1026 2318 1180 2353 purissimas
1196 2316 1338 2345 Trinitatis
1364 2318 1501 2346 hominem
1522 2317 1636 2353 factum,
1652 2327 1699 2347 as-

74 2363 231 2398 sumpsisse
245 2364 392 2391 humanam
410 2364 576 2392 voluntatem
597 2364 750 2393 naturalem
768 2369 795 2393 et
805 2367 909 2401 peccati
919 2370 1069 2401 expertem.

112 2410 170 2437 Kal
183 2410 216 2437 τὸ
236 2410 280 2445 μὴ
307 2410 384 2438 εἶναι
414 2412 468 2438 οὐκ
495 2411 589 2438 ἐστιν.
616 2409 764 2446 ’Δπόφασις
793 2412 864 2439 κατὰ.

73 2457 241 2491 ἀποφάσεως
271 2456 398 2493 τιθεμένη
421 2457 573 2491 κατάφασιν
596 2459 676 2484 ποιεῖ.
707 2458 736 2484 '0
759 2455 805 2485 οὖν
820 2458 863 2484 λέ-

73 2511 144 2537 γων,
162 2502 204 2528 ὅτι
219 2501 249 2528 τὸ
266 2502 303 2538 μὴ
319 2500 388 2529 εἶναι
404 2503 454 2529 οὐκ
469 2502 542 2530 ἔστιν
557 2502 586 2530 ἐν
602 2501 671 2538 Θεῷ,
687 2502 719 2529 τὸ
734 2500 803 2530 εῖναι
819 2504 864 2530 air-

73 2549 122 2575 τὸν
140 2548 262 2582 συνάγει.
275 2544 368 2580 οὕτως
383 2545 429 2575 οὖν
445 2556 543 2583 φησιν,
559 2549 589 2575 οὐ
605 2547 715 2575 δύναται
733 2548 770 2584 μὴ
785 2549 863 2576 δύνα-

74 2595 150 2626 σοαι,
174 2594 304 2625 ὡσαύτως
327 2594 374 2621 καὶ
394 2594 426 2621 τὸ
442 2594 480 2630 μὴ
495 2594 592 2622 ειδέναι
608 2595 657 2622 οὐκ
673 2593 751 2628 οἶδεν,
775 2595 804 2628 ὲξ
826 2593 863 2622 ὧν

74 2640 223 2673 συνάγεται
246 2639 276 2665 τὸ
292 2639 400 2671 πάντως
421 2637 501 2666 αὑτὸν
526 2639 622 2666 εἰδέναι
647 2639 694 2666 καὶ
715 2639 859 2667 δύνασθαι·

73 2682 166 2713 καλῶς
181 2682 210 2709 δὲ
226 2679 394 2720 προσέθηκεν
410 2683 526 2711 ἐνταῦθα
541 2683 571 2710 τὸ
586 2684 661 2712 κατὰ
668 2684 821 2719 στέρησιν·
830 2686 861 2712 οὺ

72 2727 129 2763 γὰρ
146 2728 316 2764 ὑπεροχικῶς
332 2729 417 2757 ταῦτα
433 2730 568 2765 λέγονται,
590 2730 658 2757 ἀλλὰ
683 2730 860 2767 στερητικῶς,

71 2773 116 2806 τὸ,
132 2775 169 2801 οὐ
180 2774 304 2801 δύναται
315 2775 361 2802 καὶ
374 2777 430 2803 οὐκ
443 2776 515 2803 οἵδε.

109 2818 125 2856 §
138 2818 207 2847 Vill.
225 2819 402 2855 Δικαιοσύνη
415 2821 450 2848 δὲ
463 2822 604 2857 ὑμνεῖται.
622 2822 698 2850 Κατὰ
714 2822 741 2850 τί
756 2823 858 2850 δικαιο*

121 2920 142 2935 ιι
159 2915 169 2944 Ι
198 2915 269 2946 Tim.
288 2926 318 2950 It,
337 2920 382 2947 i5.

217 2966 349 2997 Pyrros.
373 2967 430 2998 Gn.
454 2967 496 2998 1V

949 2412 1039 2448 Neque
1050 2415 1133 2446 potest
1145 2419 1196 2438 non
1206 2419 1272 2438 esse.
1287 2409 1400 2446 Negatio
1414 2414 1510 2437 contra
1524 2411 1697 2446 negationem

914 2458 1013 2492 posita,
1030 2455 1235 2483 aliirmationem
1251 2454 1326 2482 facit.
1351 2454 1403 2488 Qui
1427 2455 1511 2490 igitur
1533 2454 1601 2482 dicit
1624 2454 1698 2490 quod

915 2509 969 2528 non
983 2508 1044 2529 esse
1055 2508 1110 2527 non
1125 2501 1162 2528 sit
1175 2499 1202 2526 in
1221 2498 1286 2532 Deo,
1303 2499 1392 2534 ipsum
1407 2506 1468 2527 esse
1483 2499 1632 2527 concludit.
1645 2498 1698 2525 lta-

914 2554 967 2582 que
984 2546 1060 2578 dicit,
1084 2553 1139 2572 non
1161 2548 1250 2580 potest
1271 2552 1325 2572 non
1339 2552 1432 2580 posse.
1454 2544 1578 2572 similiter
1597 2548 1625 2572 et
1643 2551 1698 2571 non

914 2593 985 2621 scire
999 2600 1054 2620 non
1069 2593 1155 2624 novit.
1170 2601 1204 2620 ex
1218 2592 1318 2628 quibus
1332 2591 1469 2627 colligitur
1494 2591 1583 2626 ipsum
1608 2590 1698 2618 omni-

914 2647 950 2667 no
976 2639 1047 2667 scire
1068 2641 1095 2666 et
1123 2644 1204 2673 posse
1232 2637 1368 2673 :pulchre
1399 2640 1489 2664 autem
1513 2636 1617 2663 addidit
1644 2636 1697 2663 hoc

913 2685 975 2712 loco
997 2693 1043 2720 per
1066 2684 1259 2719 privationem;
1275 2691 1331 2711 non
1356 2683 1429 2711 enim
1453 2682 1511 2710 hac
1541 2689 1589 2717 per
1607 2682 1696 2709 excel-

912 2731 1023 2760 lentiam
1037 2731 1178 2762 dicuntur.
1200 2729 1248 2759 sed
1270 2729 1413 2765 privative,
1439 2736 1491 2756 non
1506 2731 1590 2763 potest
1604 2730 1696 2755 etnon

913 2780 1042 2851 ηοέιῗιιι,
1062 2821 1173 2849 Justitia
1186 2829 1245 2849 vero
1265 2819 1400 2848 laudatur.
1413 2817 1528 2855 Propter
1542 2818 1607 2854 quid
1624 2817 1695 2846 Deu-

1501 2961 1535 2992 ω
