1940 3064
242 171 295 199 365

658 167 823 196 APPENDIX
845 168 890 195 AD
905 167 1018 195 OPERA
1039 166 1067 195 S.
1085 166 1231 195 DIONYSll
1249 166 1490 197 AREOPAGITAE.

1798 171 1845 200 564

243 231 278 257 sit
290 228 406 264 iustitia.
421 228 546 256 Deﬁnitio
561 235 625 255 vero
637 227 749 263 ⁸Ῑιιειὶιίιιξ
760 231 812 260 est,
826 227 913 254 virtus
929 227 1013 255 distri-

1074 227 1140 261 σύνη
1156 227 1230 254 ἐστὶν
1244 228 1258 254 ό
1273 227 1348 259 Θεός.
1364 228 1445 264 Ὅρος
1460 228 1488 254 δὲ
1504 227 1674 263 δικαιοσύνης
1690 229 1772 261 ἐστὶν,
1788 230 1845 266 ἀρε-

242 275 335 302 butiva
354 281 403 309 pro
421 273 563 308 dignitate,
587 276 634 300 aut
650 272 758 307 propria
781 271 900 305 partium
924 271 1021 299 animae

241 319 360 349 actione,
373 321 419 345 aut
429 317 547 345 medium
560 317 629 343 inter
640 314 834 342 abundantiam
847 318 874 341 et
889 313 1018 348 inopiam,

241 368 290 392 aut
310 364 419 390 habitus
433 361 621 389 distributivus
643 358 816 394 :equalitatis,
845 363 892 385 aut
911 358 1020 386 habitus

240 408 428 436 communitati
445 406 575 442 prodesse
591 404 714 436 studens,
734 407 781 430 aut
797 403 910 430 scientia
925 411 1019 430 eorum

240 461 302 490 quae
322 451 508 481 distribuenda
532 454 606 482 sunt,
633 454 660 477 et
684 456 738 476 non
761 451 835 481 sunt,
859 452 885 475 et
909 452 1020 476 neutro-

239 507 310 528 rum.

274 555 450 584 Cavillanttn'.
469 553 506 581 De
518 552 551 580 iis
565 552 612 587 qui
626 552 774 586 loquuntur
787 550 918 578 adversus
935 549 1018 577 Deum

238 601 419 637 iniquitatem,
432 604 461 626 ut
474 598 512 625 ait
526 597 693 626 Psalmorum
707 599 802 624 cantor
820 601 844 623 τι.
861 593 1019 631 Opportune

237 647 290 675 hoc
308 646 369 672 loco
394 644 471 675 dicit.
499 642 618 671 absurda
640 649 734 669 eorum
756 640 901 668 ostendens
916 641 1017 673 verba;

237 699 299 720 cum
318 690 390 717 enim
413 697 461 724 per
481 696 511 716 se
528 691 697 719 moveantur,
711 687 738 713 id
752 690 794 714 est
809 686 896 714 libero
907 689 1019 713 utantur

236 737 361 768 arbitrio,
386 739 468 770 atque
489 734 606 762 motibus
629 733 746 768 propriis
768 733 953 763 dominentur,
975 732 1019 759 in-

235 781 343 817 quiunt,
361 788 409 808 cur
425 779 511 807 nostri
525 778 596 813 juris
614 777 678 805 facti
693 785 799 809 sumus,
819 780 846 804 et
861 784 915 804 non
927 777 1018 812 potius

234 827 316 855 etiam
341 825 418 853 inviti
443 824 746 860 impedimurpeccare,
771 823 926 858 ignorantes
945 822 1018 857 quod

233 873 319 900 velint
329 879 389 900 esse
402 871 505 906 lapides
522 871 568 905 qui
589 869 623 897 ab
637 869 691 896 alio
702 873 854 900 moventur,
871 868 898 895 et
911 873 1016 896 terrena

1071 273 1104 308 τὴ
1119 272 1297 309 διανεμητικὴ
1312 273 1359 300 τοῦ
1376 275 1436 301 κατ’
1452 273 1541 306 ἀξίαν,
1563 273 1580 308 ἢ
1608 274 1774 310 ἰδιοπραγίαν
1795 276 1844 303 τῶν

1070 319 1119 354 τῆς
1134 318 1222 354 ψυχῆς
1240 319 1345 355 μερῶν·
1363 320 1380 354 ἢ
1399 319 1514 355 μεσότης
1530 319 1684 352 πλεονεξίας
1708 321 1753 347 καὶ
1775 329 1853 356 paup,

1070 364 1174 396 νεξίας·
1200 365 1216 400 ἢ
1239 364 1295 397 ἕξις
1317 365 1503 401 ἀπονεμητικὴ
1527 365 1662 401 ἰσότητος·
1689 366 1705 401 ἢ
1728 366 1783 400 ἕξις
1801 368 1844 396 τοῦ

1070 412 1145 446 κοινῇ
1170 411 1353 446 συμφέροντος
1375 411 1573 446 ἐστοχασμένη·
1591 411 1608 447 ἣ
1625 413 1762 448 ἐπιστήμη
1784 414 1845 440 ἀπο-

1069 456 1218 492 νεμητέων,
1236 457 1282 483 καὶ
1298 456 1346 492 μὴ,
1365 457 1411 483 καὶ
1428 457 1588 490 οὺδετόρον.

1102 545 1367 580 Διαλοιδοροῦνττιι.
1392 546 1459 582 Περὶ
1476 547 1530 573 τῶν
1545 547 1695 574 λαλούντων
1719 547 1786 575 κατὰ
1800 549 1843 576 τοῦ

1068 591 1135 618 Θεοῦ
1152 591 1267 624 ἀδικίαν,
1293 592 1330 624 ὧς
1352 601 1433 627 φησιν
1449 593 1463 619 ὁ
1478 592 1630 628 ψαλμῳδός.
1654 593 1782 621 Ἐνταῦθα
1803 595 1844 621 εὐ-

1068 638 1170 674 καίρως
1186 636 1272 670 εἷπεν,
1296 638 1426 666 ἀλλόκοτα
1440 639 1475 665 τὰ
1491 639 1580 666 αὐτῶν
1597 640 1703 672 δεικνὺς
1720 641 1842 676 ῥήματα·

1067 683 1235 719 αὖτοκίνητοι
1259 684 1313 721 γὰρ
1337 684 1423 717 ὄντες,
1446 685 1582 712 τουτέστιν
1605 685 1780 718 αὐτεξούσιοι,
1801 687 1845 713 καὶ

1067 730 1122 756 τῶν
1140 730 1211 756 ἰδίων
1227 730 1319 766 ὁρμῶν
1335 731 1473 767 ἄρχοντες,
1490 731 1534 758 διὰ
1550 731 1586 764 τί,
1609 732 1700 766 φασὶν,
1723 732 1844 765 αὐτεξού-

1068 784 1119 802 σιοι
1135 775 1302 811 γεγόναμεν’
1328 777 1374 803 καὶ
1389 777 1419 803 οὐ
1439 777 1536 813 μᾶλλον
1553 778 1599 804 καὶ
1621 777 1732 810 ἄκοντες
1747 778 1843 805 κωλυό-

1068 821 1138 856 μεθα
1153 822 1328 858 ἁμαρτάνειν,
1345 823 1504 858 ἀγνοοῦντες
1526 824 1567 850 ὃτι
1583 824 1651 851 λίθοι
1667 824 1844 860 ἐτεροκίνητοι

1067 862 1203 903 βούλονται
1219 866 1300 901 εἶναι,
1318 869 1364 896 καὶ
1379 870 1460 906 γήϊνα
1483 869 1595 906 σώματα
1619 870 1735 906 ἔχοντες,
1757 870 1799 897 διὰ
1818 871 1843 897 τί

234 918 365 946 habentes
378 924 504 951 corpora,
522 923 582 948 cur,
598 916 684 947 aiunt,
702 922 757 942 non
772 922 913 942 manemus
929 914 957 941 in
970 921 1013 942 eo-

1067 913 1105 949 μὴ
1128 914 1158 940 ὲν
1179 914 1333 950 ταυτότητι,
1359 916 1435 950 φασὶ,
1460 916 1585 952 μένομεν,
1610 916 1748 943 τουτέστιν
1769 916 1844 952 ἄτρε-

233 964 295 992 dem
311 964 395 996 statu,
411 963 439 990 id
454 966 496 990 est
509 961 701 993 immutabiles,
722 967 784 987 cum
801 960 887 987 simus
904 960 1017 987 immor-

233 1009 312 1041 tales,
333 1014 414 1044 atque
439 1007 624 1035 materialibus
643 1009 670 1033 et
691 1006 873 1041 temporaneis
888 1005 1016 1033 utamur?

231 1056 310 1090 Quod
331 1059 373 1083 est
387 1053 570 1089 ignorantium
585 1055 710 1079 naturam
727 1051 867 1079 sensilium
887 1058 918 1078 ae
935 1050 1015 1079 intel-

231 1100 384 1136 ligibilium,
411 1099 550 1133 multaque
569 1096 683 1125 rationis
710 1097 861 1132 privatione
886 1095 1013 1123 laboran-

230 1148 319 1181 tium;
349 1154 448 1182 corpus
473 1145 546 1173 enim
580 1148 703 1171 nostrum
735 1150 797 1170 cum
820 1142 857 1171 sit
875 1142 1014 1170 materiale

230 1199 259 1222 et
268 1197 473 1229 temporaneum
488 1198 520 1218 ac
532 1190 670 1223 mutabile,
689 1189 786 1216 merito
800 1189 935 1216 similibus
950 1196 1012 1224 ege-

230 1240 289 1272 bat,
301 1237 484 1274 temporaneis
496 1237 605 1271 inquam
617 1239 644 1263 et
657 1234 855 1267 matcrialibus;
870 1235 959 1261 anima
972 1242 1014 1262 ve-

229 1293 263 1312 ro
284 1292 345 1312 cum
361 1287 452 1312 creata
470 1282 506 1310 sit
526 1282 644 1309 materiae
665 1288 773 1316 expers,
796 1283 822 1307 et
839 1279 1011 1312 immortalis,

229 1329 328 1356 merito
343 1328 423 1355 habet
437 1327 553 1354 liberum
566 1325 720 1358 arbitrium,
729 1330 841 1360 propter
854 1324 1011 1352 similitudi—

229 1382 293 1402 nem
308 1381 369 1401 eum
383 1376 523 1405 creatore;
539 1379 598 1407 quae
609 1371 719 1398 minime
734 1370 914 1406 intelligentes
927 1370 1010 1397 cavil-

229 1418 341 1449 latores.
368 1417 488 1445 divinam
511 1415 706 1452 providentiam
730 1415 758 1442 in
779 1418 895 1449 utroque
918 1422 1009 1451 repre-

1065 967 1138 992 πτοι,
1155 959 1282 987 ἀθάνατοι
1299 960 1384 992 ὅντες,
1402 962 1448 988 καὶ
1465 961 1597 998 χρώμενοι
1613 964 1669 995 τοῖς
1685 963 1786 996 ὐλικοίς
1801 965 1844 991 καὶ

1064 1006 1259 1042 προσκαίροις;
1278 1006 1366 1043 Ὀπερ
1382 1007 1548 1041 ἀγνοούντων
1571 1009 1630 1035 ἐστὶ
1651 1008 1731 1043 φύσιν
1755 1009 1844 1045 αἰσθη-

1063 1051 1128 1085 τῶν,
1145 1046 1192 1079 καὶ
1207 1052 1320 1088 νοητῶν,
1338 1053 1384 1079 καὶ
1400 1053 1498 1089 πολλὴν
1514 1053 1623 1088 ἀλογίαν
1639 1054 1799 1081 νοσούντων·
1815 1054 1845 1081 τὸ

1064 1097 1118 1134 γὰρ
1135 1098 1215 1134 σῶμα
1229 1098 1307 1133 ἡμῶν
1323 1098 1413 1126 ὑλικὸν
1428 1100 1475 1126 καὶ
1490 1099 1654 1136 πρόσκαιρον
1670 1100 1716 1126 καὶ
1730 1100 1844 1136 τρεπτδν

1067 1142 1198 1179 ὑπάρχον,
1221 1144 1332 1176 εἰκότως
1357 1144 1444 1171 ἐδέετο
1465 1145 1519 1172 τῶν
1540 1145 1650 1181 ὁμοίων,
1673 1146 1846 1182 προσκαίρων

1063 1190 1133 1225 φημὶ
1158 1190 1205 1216 καὶ
1229 1189 1344 1216 ὺλικῶν·
1371 1192 1387 1226 ὴ
1410 1191 1438 1217 δὲ
1459 1191 1530 1227 ψυχὴ
1546 1191 1625 1223 ἅῡλος
1647 1192 1694 1218 καὶ
1715 1191 1845 1224 ἀθάνατος

1062 1234 1212 1266 κτισθεῖσα,
1223 1235 1334 1267 εἰκότως
1349 1234 1380 1262 τὸ
1395 1236 1566 1269 αὐτεξούσιον
1582 1237 1638 1272 ἔχει
1654 1236 1698 1263 διὰ
1714 1237 1762 1272 τὴν
1777 1237 1845 1273 πρὸς

1061 1279 1108 1305 τὸν
1130 1279 1293 1316 δημιουργὸν
1323 1281 1482 1316 ὁμοιὰι-ητα·
1517 1282 1588 1318 ἅπερ
1612 1282 1649 1318 μὴ
1673 1282 1795 1314 νοοῦντες
1816 1284 1845 1309 ὲν

1063 1325 1184 1362 ἑκατέρῳ
1200 1326 1223 1352 οἱ
1239 1326 1351 1363 λοίδοροι
1376 1327 1526 1362 μέμφονται
1547 1327 1597 1364 τὴν
1619 1328 1692 1355 θείαν
1709 1328 1844 1364 πρόνοιαν,

1061 1371 1194 1407 τοσαύτην
1210 1372 1325 1408 ὁρῶντες
1339 1372 1462 1405 εὐταξίαν
1472 1382 1479 1388 ·
1496 1374 1574 1401 τοῦτο
1589 1374 1643 1410 γὰρ
1658 1374 1732 1410 δηλοῖ
1745 1375 1785 1409 τὸ,
1797 1375 1846 1402 καὶ

1061 1417 1128 1450 ὅλως
1143 1418 1177 1444 τὰ
1192 1419 1278 1446 ἄλλων
1293 1419 1381 1451 ἄλλοις
1397 1419 1576 1447 ἀποδιδόασιν.

229 1465 362 1505 hendunt,
393 1464 495 1492 bonum
523 1463 591 1490 adeo
620 1463 743 1490 ordinem
771 1465 932 1492 cernentes;
962 1460 1014 1489 hoc
1032 1463 1106 1491 enim
1129 1464 1250 1492 declarat
1273 1465 1350 1497 illud.
1371 1469 1399 1492 et
1421 1466 1533 1494 omnino
1555 1475 1616 1502 qua:
1645 1467 1761 1495 aliorum
1783 1467 1847 1496 aliis

226 1511 362 1540 tribuunt.

265 1558 331 1592 Qua:
351 1565 378 1584 se
393 1557 456 1591 ipsis
469 1559 613 1586 moventur,
628 1553 674 1581 Gr.
687 1545 927 1588 αὐτοκίνητοι.’5ιιὶ
944 1552 1013 1585 iuris

1099 1553 1309 1586 Αὑτοκιντίτοις
1334 1551 1522 1585 Ᾱὺτεεουσίοις

228 1612 262 1632 ac
278 1603 433 1639 potestatis.

266 1648 346 1685 199
363 1647 439 1685 §lx.
458 1647 493 1674 At
516 1646 611 1673 dixerit
643 1645 751 1680 aliquis.
771 1644 872 1672 Contra
899 1652 946 1672 eos
965 1645 1011 1680 qui

227 1694 333 1727 dicunt,
342 1693 479 1729 quomodo
493 1691 565 1720 Deus
579 1699 633 1719 non
647 1691 813 1726 estinjustus
821 1698 883 1718 cum
899 1690 1012 1726 permit-

226 1744 269 1768 tat
284 1740 375 1775 justos
390 1738 425 1766 ab
438 1738 548 1773 injustis
562 1737 641 1764 malis
652 1736 740 1764 allici?

262 1785 359 1813 Aliter.
374 1784 477 1817 Quaarit
491 1783 543 1810 hoc
556 1783 617 1810 loco
635 1781 803 1817 propositum
823 1781 903 1810 nobis
919 1782 954 1809 ab
972 1778 1012 1809 al—

226 1837 288 1860 tero
309 1834 516 1866 argumentum;
538 1828 605 1856 dicit
623 1829 695 1856 enim
712 1836 719 1854 :
737 1827 839 1856 Dixerit
857 1828 962 1864 aliquis,
984 1833 1012 1856 et

227 1881 336 1910 caetera,
348 1875 475 1911 religiose
487 1882 519 1902 ac
532 1875 574 1910 pie
586 1875 694 1903 solvens
709 1882 717 1900 :
734 1874 802 1902 dicit
814 1875 886 1902 enim
902 1879 1012 1910 propter

226 1930 309 1959 quam
324 1927 434 1949 causam
451 1920 523 1948 Deus
542 1927 604 1947 cum
626 1920 662 1947 sit
673 1920 776 1954 justus,
793 1920 930 1954 permittat
946 1927 1011 1947 san-

226 1972 288 1996 ctos
303 1968 378 1995 viros
391 1967 425 1993 ab
440 1964 551 2000 injustis
566 1968 594 1992 et
607 1964 725 1992 habendi
739 1965 846 1999 cupidis
857 1965 957 1999 injuria
970 1964 1012 1991 af—

226 2014 272 2042 ﬁci
287 2013 399 2050 (mullos
409 2012 482 2039 enim
497 2010 620 2038 videmus
631 2010 722 2045 justos
734 2010 862 2037 damnum
875 2010 1012 2037 sustinere

226 2061 285 2089 sive
298 2060 326 2087 in
339 2058 444 2087 divitiis
464 2058 521 2085 sive
541 2057 570 2084 in
587 2057 703 2093 negotiis
723 2057 757 2083 ab
776 2056 886 2092 injustis
905 2061 933 2084 et
947 2064 1011 2083 ava-

225 2107 291 2142 ris);
305 2105 445 2142 ingeniose
470 2112 503 2131 ac
524 2103 638 2131 solerter
660 2102 821 2137 respondet;
845 2101 912 2129 dicit
937 2102 1009 2129 enim

226 2155 338 2181 sanctos
349 2159 404 2179 non
419 2151 527 2184 debere,
542 2149 658 2178 terrenis
673 2157 704 2177 ac
717 2148 897 2184 temporaneis
909 2147 1011 2183 aliquid

226 2199 293 2234 pati,
308 2198 427 2234 alioquin
443 2204 497 2224 non
513 2203 574 2224 esse
587 2200 716 2228 sanctos;
737 2195 836 2222 debent
851 2194 924 2222 enim
941 2202 1011 2230 pra:-

1551 1550 1586 1567 το.

1096 1641 1110 1677 §
1126 1642 1170 1668 lX.
1191 1642 1266 1669 Ἀλλ’
1277 1643 1354 1670 εἴποι
1368 1643 1406 1670 ἅν
1419 1652 1471 1677 τίς.
1489 1644 1561 1680 Πρὸς
1576 1646 1638 1677 τοὺς
1653 1645 1848 1680 λέγονταςπῶς

1061 1688 1111 1714 οὐκ
1126 1688 1216 1720 ἄδικος
1237 1690 1252 1715 ὁ
1274 1686 1340 1721 Θεὸς
1361 1691 1375 1716 ὁ
1399 1690 1548 1726 συγχωρῶν
1571 1691 1635 1723 τοὺς
1657 1691 1776 1725 δικαίους
1792 1694 1848 1721 ὑπὸ

1060 1733 1115 1760 τῶν
1131 1734 1240 1769 φαύλων
1256 1735 1420 1770 κακοῦσθαι;

1097 1780 1218 1813 Ἄλλως.
1237 1778 1367 1807 Ἐνταῦθα
1384 1782 1460 1817 ζητεῖ
1474 1782 1620 1817 κεφάλαιον
1635 1784 1764 1819 προτεθὲν
1779 1786 1848 1821 ἡμῖν

1061 1825 1113 1852 ὑπὸ
1128 1826 1237 1863 ὲτέρου’
1262 1826 1329 1862 φησί
1344 1827 1415 1864 γάρ·
1433 1828 1519 1854 Εἴποι
1541 1828 1579 1855 ἄν
1602 1831 1655 1862 τις,
1672 1829 1719 1856 καὶ
1740 1830 1776 1857 τὰ
1791 1831 1849 1858 λοι-

1060 1870 1109 1903 πὰ,
1126 1871 1255 1907 λυόμενος
1271 1872 1389 1904 εὐσεϐῶς
1405 1873 1452 1900 καὶ
1468 1873 1612 1908 θεοφιλῶς·
1637 1874 1709 1909 λέγει
1733 1876 1789 1912 γὰρ
1811 1877 1848 1903 δι’

1060 1918 1093 1958 ἢν
1109 1917 1198 1944 αἰτίαν
1214 1919 1351 1954 συγχωρεῖ
1373 1919 1387 1945 ὁ
1411 1916 1476 1951 Θεᾶ
1498 1919 1600 1952 δίκαιος
1622 1920 1669 1953 ὢν,
1694 1921 1849 1949 ἀδικεῖσθαι

1059 1963 1123 1994 τοὺς
1145 1960 1234 1996 ὁσίους
1255 1958 1355 2000 ἄνδρας
1385 1964 1436 1991 ὑπὸ
1459 1965 1557 1992 ἀδίκων
1588 1966 1635 1993 καὶ
1657 1966 1846 1994 πλεονεκτῶνο

1060 2007 1191 2044 (πολλοὺς
1206 2009 1260 2046 γὰρ
1276 2009 1383 2046 ὁρῶμεν
1398 2010 1516 2043 δικαίους
1533 2011 1632 2047 ζημίας
1648 2012 1849 2048 ὑπομένοντας,

1060 2055 1077 2089 ἢ
1101 2056 1130 2081 ὲν
1146 2056 1291 2092 χρήμασιν,
1314 2056 1331 2092 ἢ
1356 2058 1385 2082 ὲν
1409 2057 1552 2092 πράγμασι
1574 2057 1650 2093 παρὰ
1670 2058 1724 2084 τῶν
1743 2059 1849 2086 ἀδίκων

1060 2101 1108 2127 καὶ
1131 2101 1335 2138 πλεονεκτῶν)
1362 2100 1408 2129 καὶ
1434 2102 1605 2137 ἀπολογεῖται
1630 2103 1738 2136 δεξιῶς·
1770 2104 1851 2139 λέγει

1060 2146 1126 2182 γὰρ,
1150 2147 1192 2173 ὃτι
1213 2148 1237 2174 οἰ
1260 2147 1327 2174 ὅσιοι
1353 2149 1403 2175 οὐκ
1428 2148 1562 2182 ὀφείλουσι
1587 2150 1643 2181 τοῖς
1667 2149 1771 2185 γηῖνοις
1797 2150 1850 2177 καὶ

1061 2192 1237 2230 προσκαίροις
1259 2194 1453 2230 προσπάσχειν,
1471 2195 1532 2221 ἐπεὶ
1547 2195 1596 2221 οὐκ
1612 2195 1651 2221 ἔτι
1667 2195 1733 2222 ὅσιοι
1743 2205 1749 2211 ·
1777 2205 1851 2233 προ-

225 2244 298 2272 ferre
310 2252 369 2279 quae
383 2250 446 2271 vere
471 2241 586 2270 amanda
608 2245 671 2269 sunt
684 2245 711 2269 et
730 2240 836 2274 divina;
852 2239 1007 2267 divitiarum

1065 2239 1140 2274 ιιμᾷν
1165 2239 1218 2275 γὰρ
1241 2239 1375 2273 ὀφείλουσι
1398 2240 1432 2266 τὰ
1454 2239 1537 2272 ὅντως
1562 2240 1663 2276 ἐραστά
1689 2243 1736 2268 καὶ
1765 2242 1848 2269 Θεῐα·

225 2289 298 2317 euim
313 2287 405 2323 cupidi
426 2295 482 2315 non
496 2291 559 2315 sunt
574 2286 691 2321 amplius
704 2286 802 2313 sancti.
820 2285 852 2313 Et
869 2285 909 2313 sic
923 2285 1009 2313 inter-

226 2334 332 2370 rogatio
345 2334 434 2361 soluta
453 2338 510 2366 est;
531 2341 593 2360 nam
608 2333 717 2361 divinus
732 2327 832 2360 Paulus
849 2333 900 2360 hoc
917 2332 985 2360 dicit
1001 2342 1008 2359 :

227 2379 317 2412 Quare
337 2387 389 2406 non
404 2379 487 2413 magis
502 2378 627 2413 injuriam
645 2378 763 2412 accipitis
779 2378 811 2405 οἳ
833 2378 926 2406 dicens
947 2377 1010 2405 illos

226 2432 283 2452 non
297 2423 394 2452 debere
409 2425 436 2451 in
451 2424 596 2452 mundanis
606 2424 700 2452 terreri
710 2433 718 2457 ;
730 2427 756 2451 et
774 2424 871 2451 iterum
887 2423 1008 2450 divinum

227 2477 346 2497 amorem
361 2477 510 2505 exponens,
534 2469 562 2496 in
582 2477 637 2504 quo
657 2476 744 2504 neque
760 2469 903 2504 injustitia,
920 2476 1008 2504 neque

227 2515 340 2543 avaritia
351 2522 410 2542 esse
419 2519 518 2551 potest,
531 2515 568 2541 ait
580 2524 586 2542 :
604 2515 669 2548 Quis
684 2523 730 2541 nos
741 2514 874 2550 separabit
892 2523 908 2541 a
918 2515 1007 2541 chari-

228 2565 281 2587 tate
296 2559 403 2591 Christi,
424 2559 560 2586 tribulatio
578 2568 612 2586 an
631 2560 752 2594 angustia
763 2559 793 2585 P?
809 2563 836 2586 et
853 2567 913 2594 quin
931 2559 1007 2586 dein-

227 2613 302 2641 ceps.
335 2603 418 2632 Vocat
449 2607 539 2631 autem
570 2603 736 2639 προσύλους,
763 2611 810 2632 eos
837 2605 883 2638 qui
911 2603 1006 2632 attactu

258 2689 272 2702 ιι
288 2683 364 2713 Psal.
378 2691 469 2714 Lxxrv,
487 2682 513 2709 6.
563 2687 575 2700 °
593 2682 602 2708 l
619 2682 682 2709 Cor.
700 2691 743 2714 vr,
764 2683 788 2710 7.

1060 2284 1206 2320 χρημάτων
1221 2284 1275 2320 γὰρ
1291 2286 1436 2320 ἐφιέμενοι,
1453 2286 1502 2312 οὐκ
1517 2286 1558 2312 ἔτι
1573 2287 1650 2313 ὅσιοι.
1664 2287 1718 2314 Καὶ
1734 2288 1851 2316 λέλυται

1059 2331 1076 2365 ἡ
1093 2330 1223 2366 ἐρώτησις
1233 2340 1239 2346 ·
1256 2331 1335 2358 τοῦτο
1349 2331 1404 2368 γὰρ
1419 2333 1433 2359 ὁ
1448 2332 1518 2364 θεῖος
1534 2333 1638 2366 nam;
1655 2323 1730 2370 tmen,
1748 2336 1803 2362 Διὰ
1818 2335 1853 2363 τι

1059 2376 1114 2411 γὰρ
1130 2377 1173 2411 μὴ
1191 2376 1310 2411 μᾶλλον
1325 2378 1491 2410 ἀδικεῖσθε;
1508 2379 1594 2413 λέγων
1611 2380 1648 2415 μὴ
1665 2381 1728 2416 περὶ
1743 2381 1778 2408 τὰ
1796 2391 1851 2408 κο-

1059 2422 1144 2458 σμικὰ
1165 2423 1322 2458 ἐπτοῆσθαι·
1341 2425 1386 2451 καὶ
1406 2425 1485 2452 πάλιν
1502 2426 1547 2452 τὸν
1569 2426 1639 2453 θεῖον
1663 2427 1752 2463 ἔρωτα
1769 2429 1854 2463 εἰση-

1059 2468 1200 2504 γούμενος,
1217 2469 1280 2505 ’περί¹
1295 2470 1324 2496 ὃν
1340 2469 1400 2496 οὒτε
1416 2471 1516 2504 ἀδικία,
1533 2470 1593 2499 οὔτε
1610 2473 1752 2507 πλεονεξία
1767 2474 1854 2501 δύνα-

1059 2523 1103 2540 ται
1119 2513 1254 2548 γενέσθαι,
1273 2515 1354 2550 φησί·
1378 2517 1429 2557 ιΤίς
1456 2516 1534 2551 ἡμᾶς
1562 2519 1681 2553 χωρίσει
1705 2519 1764 2546 ἀπὸ
1788 2519 1855 2553 τῆς

1059 2559 1177 2594 ἀγάπης
1199 2560 1252 2586 τοῦ
1268 2561 1406 2594 Χριστοῦ,
1423 2563 1525 2596 θλίψις
1543 2563 1562 2597 ἣ
1579 2565 1778 2599 στενοχωρία;
1796 2567 1854 2592 καὶ

1058 2605 1092 2631 τὰ
1121 2604 1193 2640 ἑξῆς.
1224 2602 1376 2641 Προσῦλους
1400 2607 1427 2633 δέ
1451 2616 1516 2643 φησι
1541 2610 1604 2641 τοὺς
1626 2610 1770 2645 ἐμπαθεῖς,
1797 2611 1855 2637 κκὶ

839 2689 852 2707 r
868 2682 949 2710 Rom.
967 2692 1032 2715 Vill,
1051 2685 1097 2712 55.

682 2771 799 2800 VAllUE
817 2771 1007 2800 LECTlONES
1024 2773 1067 2799 ET
1083 2771 1356 2801 CORRECTIONES.

261 2863 284 2878 7°
307 2864 349 2890 Ἐν
364 2863 447 2902 ἑτέρῳ
461 2865 547 2902 εὗρον⁸
561 2865 620 2900 τοῖς
629 2867 841 2901 ἐτεροκινήτοις
857 2869 914 2901 τὴν
927 2869 1013 2895 αὐτ-ολ

1065 2876 1122 2894 ιπον
1131 2867 1276 2902 ἀνάγκην.
1292 2867 1325 2894 In
1340 2867 1392 2893 alio
1406 2867 1494 2896 codice
1510 2867 1666 2901 ἱιιυεηξ,τοῖς
1680 2866 1855 2902 ἑτεροκινή-

222 2905 282 2929 τοις
297 2900 469 2932 αυτοκίνητον
490 2900 620 2935 ἀνάγκην,
643 2900 737 2933 idest,
758 2903 862 2931 aiiundc
878 2900 953 2930 matis
971 2912 987 2931 α
1001 2912 1012 2930 s

1067 2912 1096 2932 sa
1112 2900 1207 2930 matari:
1224 2903 1414 2930 necessitatem.
