1940 3064
87 189 137 219 585

432 187 460 215 S.
481 185 604 214 MAXIM
627 184 773 214 SCHOLIA
789 184 823 212 IN
841 185 904 212 LIB.
922 184 966 211 DE
981 182 1106 212 DlVlNlS
1121 182 1317 212 NOMINIBUS.

1649 182 1700 210 566

88 249 173 285 μόνοις
190 249 244 280 τοῖς
261 247 363 283 γηῖιοις
380 249 592 283 προκειμένους·
612 249 868 286 παρευδοκιμεῖσθαι

933 248 967 275 llo
986 251 1145 283 tanguntur,
1163 251 1191 274 et
1211 246 1275 274 solis
1294 243 1409 273 terrenis
1430 243 1561 271 inhaerent
1577 250 1584 269 :
1601 252 1700 278 παρευ-

87 295 117 323 δέ
127 297 186 322 ἐστι
202 295 234 321 τὸ
247 294 367 329 ἠττόνως
383 294 525 330 εὐδόκιμον
544 295 696 330 φαίνεσθαι.

122 341 189 373 Ταῖς
215 339 385 376 ἀγγελικαῑὶ-
409 340 537 374 ἀρεταῖς.
564 341 625 368 ’Ότι
648 340 738 372 καλῶς
761 340 868 375 λέγεται

88 388 133 415 καὶ
148 388 192 414 ἐπ’
207 385 330 421 ἀγγέλων
345 386 439 422 ἀρετὴ,
456 386 550 423 ὥσπερ
574 388 620 414 καὶ
642 388 689 414 ἐπὶ
704 387 782 419 Θεοῦ,
800 386 869 414 κατὰ

87 434 126 465 τὸ,
158 433 306 468 Ἐκάλυψεν
329 433 460 469 οὐρανοὺς
483 434 499 468 ἡ
522 433 606 470 ἀρετὴ
631 433 731 460 αὐτοῦ’
758 433 805 460 καὶ
829 433 870 459 ὅτι

88 478 237 505 ἀδικεῖσθαι
253 479 317 510 τοὺς
333 478 397 514 περὶ
411 478 446 505 τὰ
463 478 543 506 ὑλικὰ
561 479 710 515 πράγματα
732 479 781 514 τῆς
797 478 872 510 θείας

90 524 146 551 ἐστὶ
167 524 295 561 προνοίας
318 523 510 560 συνεθιζούσης
533 524 631 556 αὐτοὺς
655 524 709 551 τῶν
731 524 871 560 θειοτέρων

90 569 224 604 ἐφίεσθαι.

126 615 183 650 Τῆς
198 615 257 642 τῶν
269 615 381 643 ὑλικῶν
396 616 608 650 προσπαθείας.
621 616 691 652 Ὅρα
707 615 765 648 πῶς
781 623 872 650 φησιν,

90 662 130 688 ὅτι
154 661 185 688 τὸ
202 662 239 697 μὴ
255 661 441 697 προσπάσχειν
462 663 518 693 τοῖς
534 661 636 693 ὑλικοῖς
653 661 810 697 πράγμασιν
826 661 874 696 ἀῤ-

92 708 221 744 ρενότητα
237 708 320 743 δηλοῖ,
336 707 472 734 τουτέστιν
489 707 607 743 ἀνδρίαν·
625 708 649 734 οἱ
666 707 719 743 γὰρ
735 706 874 733 δουλεύον-

90 763 136 786 τες
152 755 292 789 κοσμικαῖς
308 754 355 780 κα)⁸
371 755 534 789 σωματικοῖς
558 753 656 780 πάθεσι
679 752 819 788 θηλυδρίαι
835 753 873 778 εί-

91 801 176 832 κότως
192 800 446 836 προσαγορεύονται.
464 800 519 826 Καὶ
542 800 583 826 ὅτι
606 798 622 835 ἡ
647 799 707 826 θεία
721 797 874 834 δικαιοσύνη

90 846 120 873 οὐ
139 846 261 881 βούλεται
277 845 319 872 διὰ
334 845 436 872 τούτων
452 846 525 881 ἡμᾶς
541 845 645 880 θέλγειν
661 845 708 872 καὶ
723 844 874 877 ἀπολλύειν,

91 892 160 919 ἀλλὰ
179 891 312 924 συνεθίςει
329 892 397 927 πρὸς
412 892 461 927 τὴν
473 892 576 918 τούτων
592 892 794 927 περιφρόνησιν,
808 891 877 917 κατὰ

90 937 122 964 τὺ
138 937 296 973 εἰρημένονο
317 938 367 964 Ὃν
391 937 446 972 γὰρ
471 935 570 971 ἀγαπᾷ
594 938 710 971 Κύριος,
727 937 875 963 παιδεύει·

91 983 230 1018 μαστιγοῖ
245 982 278 1009 δὲ
294 983 391 1010 πάντα
406 983 473 1010 υἱὸν
489 983 525 1009 ὃν
540 983 747 1018 παραδέχεται.
765 983 796 1010 Τί
812 980 876 1015 οὖν;

92 1029 117 1055 al.
140 1029 187 1055 τὸν
209 1028 322 1054 πλοῦτον
345 1028 463 1064 ἔχοντες,
491 1028 540 1055 οὐκ
567 1028 727 1062 ἀγαπῶνται
751 1028 802 1054 ὑπὸ
831 1028 877 1054 τοῦ

91 1073 178 1107 Θεοῦ;
203 1075 285 1109 ἐρεῖς,
309 1074 349 1100 ὅτι
371 1073 478 1110 πρῶτον
502 1074 550 1109 μὲν
574 1074 623 1109 οὐχ
645 1075 659 1100 ὁ
683 1073 796 1105 πλοῦτος
819 1073 878 1100 καθ’

92 1120 189 1148 ἑαυτὸν
205 1119 297 1151 κακὸς,
314 1119 371 1146 ἀλλ’
395 1121 412 1155 ὴ
436 1119 500 1155 περῖ
520 1118 613 1146 τοῦτον
630 1120 809 1155 προσ-πάθεια,
832 1120 878 1146 καὶ

91 1168 110 1203 ἠ
126 1166 199 1201 κακὴ
214 1165 327 1201 χρῆσις·
353 1165 449 1191 ἔπειτα
471 1163 541 1192 οἶδεν
564 1166 578 1192 ὁ
600 1165 665 1197 Θεὸς
686 1166 749 1197 τοὺς
769 1167 798 1192 ὲν
815 1166 879 1201 ἡμῖν

90 1212 227 1243 ἀσθενεῖς,
259 1211 307 1238 καὶ
338 1210 497 1245 βουλόμενος
528 1210 626 1242 αὐτοὺς
656 1210 807 1247 περισῶσαι
837 1211 877 1242 είς

92 1256 251 1295 προτροπὴν
262 1276 269 1288 ,
283 1256 330 1283 καὶ
345 1256 474 1291 χρήματα
490 1255 555 1287 ἴσως
570 1256 617 1282 καὶ
634 1255 689 1291 βίου
704 1255 879 1291 περιφάνειαν

90 1303 201 1330 δίδωσιν
223 1302 325 1334 αὐτοῖς,
348 1301 399 1328 οὐκ
418 1301 522 1335 ἀγνοῶν
544 1301 612 1336 ὅπερ
627 1301 695 1327 εἰσί·
722 1301 780 1332 πῶς
796 1301 850 1336 γὰρ
866 1301 880 1327 ὁ

92 1348 235 1384 γινώσκων
252 1347 339 1375 πάντα
356 1348 420 1383 πρὶν
435 1347 566 1381 γενέσεως
582 1347 686 1379 auum;
703 1346 759 1374 ἀλλ’
769 1347 812 1373 ἵνα
830 1356 881 1382 μη-

91 1393 191 1428 δεμίαν
207 1392 313 1428 ἔχωμεν
329 1392 475 1426 ἀπολογίαν
491 1392 561 1419 κατὰ
576 1392 622 1419 τὸν
637 1393 812 1419 Ἀπόστολονο
830 1393 881 1420 Διὰ

93 1438 182 1466 τοῦτο
197 1437 421 1474 ἀναπολόγητος
430 1434 467 1468 εἴ,
483 1436 507 1466 ὦ
521 1438 655 1472 ἄνθρωπε
667 1446 674 1454 ο
706 1439 753 1465 καὶ
784 1438 878 1465 πάλιν·

96 1484 224 1519 Ἕχομεν
237 1484 495 1519 Ἀρχιερέαμέγαν,
505 1483 672 1519 δυνάμενον
687 1483 882 1520 συμπαθῆσαι

94 1529 160 1562 ταῖς
176 1530 342 1562 ἀσθενείαις
359 1529 453 1564 ἡμῶν.

918 294 1086 329 δοκιμεῖσθαι
1100 300 1165 321 vero
1177 296 1219 320 est
1236 292 1326 320 minus
1340 291 1454 327 probum
1465 291 1563 319 videri.

955 340 994 367 Ad
1005 340 1136 375 angelicas
1147 340 1264 366 virtutes.
1280 337 1414 365 Virtutem
1427 337 1539 372 pulchre
1550 337 1605 365 dici
1619 337 1702 365 etiam

919 385 953 414 de
966 386 1079 421 angelis,
1096 385 1167 413 sicut
1179 388 1207 411 et
1220 384 1253 411 de
1263 383 1327 415 Deo,
1337 383 1415 418 juxta
1429 383 1494 410 illud
1509 393 1514 410 :
1527 382 1632 411 Velavit
1646 391 1703 412 ca:-

921 432 963 460 los
976 432 1063 460 virtus
1077 431 1153 466 ejus;
1169 434 1250 466 atque
1265 437 1327 459 esse
1342 429 1440 458 divitue
1459 430 1635 465 providentiae
1645 437 1705 466 per

921 479 1053 510 mittere,
1087 485 1147 512 quae
1175 484 1223 505 eos
1257 477 1403 505 assuefacit
1429 476 1564 504 diviniora
1593 479 1704 511 appete-

921 532 961 557 re,
978 528 1008 552 ut
1021 524 1088 560 justi
1100 525 1128 551 in
1143 524 1330 552 materialihus
1346 523 1462 558 negotiis
1473 523 1573 558 injuria
1586 521 1703 550 allician-

923 574 978 597 tur.

958 617 980 644 Α
1001 616 1178 644 materialium
1200 617 1348 652 aﬂectione.
1376 614 1444 643 Vide
1468 614 1604 650 quomodo
1621 614 1703 645 dicat,

924 664 1077 692 msculum
1092 664 1212 690 animum
1220 671 1274 698 pra:
1281 671 1310 691 se
1317 663 1388 690 ferre
1399 662 1445 697 qui
1460 662 1647 690 materialibus
1657 662 1705 689 bo-

925 710 969 738 uis
990 717 1044 737 non
1062 709 1190 741 adhazret,
1210 708 1236 736 id
1255 712 1298 736 est
1319 708 1503 736 fortitudinem
1520 707 1641 741 virilem;
1658 714 1704 742 qur

925 755 997 783 enim
1017 753 1162 781 mundanis
1182 761 1214 780 ac
1232 753 1371 788 corporeis
1396 752 1584 780 affectionibus
1612 752 1706 780 deser-

925 801 1013 832 viunt,
1044 799 1208 826 muliercula:
1238 799 1335 827 merito
1362 802 1504 826 vocantur.
1532 798 1564 824 Et
1586 797 1705 824 divinam

925 845 1057 881 justitiam
1065 853 1121 872 non
1136 845 1205 872 velle
1219 852 1267 879 per
1276 845 1333 871 hac
1342 851 1392 871 nos
1403 843 1556 871 demulcere
1571 847 1597 871 et
1610 843 1706 878 perde-

928 900 968 925 re,
989 892 1036 920 sed
1057 891 1227 919 assuefacere
1249 890 1346 917 horum
1368 888 1707 924 contemptui,secundum

929 938 1098 974 Scripturam
1114 944 1122 963 :
1139 937 1220 970 Quem
1238 936 1308 963 enim
1322 935 1408 971 diligit
1422 935 1563 966 Dominus,
1579 934 1708 969 castigat;

928 983 1045 1018 ﬂagellat
1069 988 1156 1010 autem
1177 990 1278 1009 omnem
1301 981 1386 1016 ﬁlium
1403 989 1479 1016 quem
1503 981 1624 1014 recipi”.
1639 979 1708 1013 Quid

929 1030 1030 1065 igitur?
1042 1029 1139 1057 divites
1146 1036 1201 1055 non
1211 1028 1362 1064 diliguntur
1376 1035 1390 1054 a
1404 1027 1475 1054 Deo?
1484 1027 1557 1055 dices
1572 1027 1659 1061 primo
1671 1027 1710 1054 di-

929 1075 1009 1103 vitias
1023 1082 1078 1102 non
1093 1082 1153 1102 esse
1166 1082 1214 1110 per
1225 1081 1255 1102 se
1270 1073 1365 1105 malas,
1379 1073 1428 1100 sed
1445 1074 1570 1100 allectum
1588 1079 1651 1107 erga
1662 1080 1709 1099 eas

928 1125 956 1150 et
971 1122 1072 1149 malum
1084 1129 1164 1149 usum
1184 1131 1190 1148 :
1212 1125 1317 1156 postea,
1333 1120 1417 1148 Deum
1433 1127 1515 1148 nosse
1530 1120 1576 1155 qui
1593 1120 1648 1147 sint
1665 1120 1709 1147 iu<

929 1171 969 1195 ter
983 1175 1033 1195 nos
1044 1167 1156 1199 inﬁrmi,
1177 1167 1366 1201 volentemque
1382 1174 1429 1193 eos
1447 1167 1475 1193 in
1492 1166 1709 1193 adhortationem

929 1219 1102 1243 conservare,
1133 1211 1267 1244 fortassis,
1288 1215 1316 1238 et
1342 1211 1482 1245 pecunias,
1498 1218 1530 1237 ac
1545 1211 1607 1237 vitae
1619 1210 1711 1245 splen-

930 1259 1022 1286 dorem
1035 1258 1076 1286 eis
1087 1257 1218 1290 tribuere,
1229 1265 1283 1284 non
1295 1256 1366 1292 quod
1379 1257 1493 1292 ignoret,
1511 1255 1537 1283 id
1551 1256 1624 1291 quod
1635 1261 1710 1287 sunt;

929 1305 1066 1341 quomodo
1084 1304 1157 1332 enim
1171 1304 1217 1339 qui
1239 1303 1314 1331 novit
1330 1303 1421 1330 omnia
1441 1306 1586 1337 antequam
1607 1301 1712 1329 ﬁant"?

930 1350 1011 1385 200
1025 1350 1074 1378 sed
1090 1353 1120 1377 ut
1133 1349 1235 1376 nullam
1250 1348 1399 1376 habeamus
1415 1347 1619 1374 excusationem
1632 1347 1710 1381 juxta

930 1396 1090 1431 Apostolum
1107 1403 1113 1421 :
1128 1395 1271 1429 Propterea
1283 1393 1468 1421 inexcusabilis
1480 1401 1518 1425 es,
1530 1402 1545 1420 ο
1556 1392 1632 1420 homo
1642 1396 1670 1426 ’ς
1684 1397 1712 1420 et

931 1442 1030 1470 iterum
1046 1451 1053 1470 :
1069 1440 1202 1468 Habemus
1217 1440 1372 1475 Pontiﬁeem
1388 1440 1432 1476 qui
1443 1439 1525 1474 possit
1544 1439 1658 1473 compati
1670 1439 1712 1466 in—

931 1487 1101 1524 ﬁrmitatibus
1118 1487 1216 1514 nostris
1228 1487 1250 1513 ί.

135 1574 171 1602 Τὸ
184 1574 227 1609 μὴ
245 1575 371 1609 θέλγειν.
395 1574 506 1609 Θέλγειν
522 1575 580 1602 ἐστὶ
603 1576 634 1602 τὸ
649 1575 682 1602 δι’
698 1575 794 1611 ἡδονῆς
811 1576 878 1603 ἀπα-

967 1577 1029 1605 Non
1045 1577 1200 1610 demulcere,
1222 1576 1271 1605 Gr.
1297 1577 1327 1604 τὸ
1344 1577 1381 1613 μὴ
1399 1576 1512 1610 θέλγειν.
1540 1576 1651 1618 Θέλγειν
1670 1580 1713 1605 est

94 1621 144 1655 τᾷν
156 1628 163 1635 ·
180 1620 288 1655 λέγεται
303 1621 331 1647 δὲ
347 1621 393 1648 καὶ
407 1621 437 1648 τὸ
453 1621 544 1652 ἁπλῶς
561 1621 676 1657 ἡδύνειν.

135 1711 197 1738 Τῶν
211 1712 352 1746 ἀρίστων.
370 1712 429 1739 Τῶν
446 1712 629 1747 ὲπιθυμητῶν.

138 1758 303 1793 Ἀμειλίκτῳ
319 1757 435 1785 στάσει.
458 1758 625 1794 Ἀμείλικτον
643 1759 734 1786 στάσιν
751 1760 817 1795 φηώ¹
832 1760 881 1796 τὴν

94 1802 236 1830 ἁνένδοτον
252 1803 321 1838 πρὸς
335 1803 382 1830 τὸν
396 1803 582 1839 γαργαλισμδν
597 1805 651 1832 τῶν
666 1806 766 1841 γηΐνων
788 1806 882 1833 ἔνστα-

96 1857 151 1880 σιν,
170 1849 215 1875 καὶ
230 1850 262 1875 τὸ
279 1849 316 1885 μὴ
332 1849 504 1884 κάμπτεσθαι
529 1850 597 1885 πρὸς
618 1850 652 1877 τὰ
668 1851 746 1879 ὑλικᾶ
770 1852 813 1879 διὰ
828 1852 881 1880 τῶν

95 1894 269 1930 πειρασμῶν.

132 1940 148 1975 §
163 1941 196 1966 X.
212 1940 268 1974 Τῆς
281 1941 316 1967 ἐν
329 1940 391 1974 τοῖς
403 1941 485 1974 ὅλοις
496 1941 686 1978 ὶὸιοπραγιιῑς.
702 1944 881 1981 ’ἰδιοπραγίαν

94 1986 223 2021 ὠνόμασε
245 1986 294 2021 τὴν
310 1986 423 2013 ἑκάστου
445 1986 499 2013 τῶν
520 1987 604 2014 ὄντων
626 1989 696 2015 κατὰ
719 1990 797 2024 φύσιν
815 1991 882 2017 ἰδιά-

94 2033 199 2065 ζουσαν
222 2033 345 2068 κίνησιν·
372 2033 431 2059 οὐδὲ
455 2033 510 2069 γὰρ
531 2033 565 2060 τὰ
588 2035 709 2069 ἀγγέλων
731 2036 882 2072 ἀνθρώποις

94 2079 229 2116 πράττειν
244 2079 372 2113 δυνατὸν,
395 2078 413 2115 ἢ
433 2079 468 2106 τὰ
484 2080 569 2116 πυρὸς
586 2080 669 2114 ὕδατι,
688 2082 732 2109 καὶ
747 2083 777 2109 τὺ
794 2082 877 2118 ἔμπα-

95 2124 150 2151 λιν.

133 2213 189 2241 Καὶ
208 2213 248 2246 ὡς
262 2213 295 2240 ὲκ
311 2213 370 2240 τῶν
386 2214 536 2248 χειρόνων.
556 2211 599 2242 Τὰ
610 2216 696 2250 χείρω
712 2216 826 2245 ἐνταῦθα
844 2219 881 2255 μὴ

91 2260 198 2296 νοήσῃς
215 2259 283 2296 πρὸς
298 2260 332 2287 τὰ
348 2261 502 2295 ποιήματα·
520 2261 595 2288 οὐδὲν
610 2261 664 2298 γὰρ
680 2264 709 2290 ὲν
725 2265 815 2297 αὐτοῖς
832 2254 881 2292 καέ
898 2254 919 2281 ν

90 2306 162 2334 κόν·
188 2305 256 2334 ἀλλά
279 2307 347 2342 πρὸς
368 2306 418 2342 τὴν
440 2307 588 2344 ἁμαρτίαν,
612 2309 672 2343 ἥτις
688 2310 720 2336 ὲκ
741 2310 791 2346 τῆς
807 2312 884 2347 ἡμῶν

90 2352 286 2387 προαιρέσεως
317 2351 386 2378 κατὰ
418 2352 545 2388 στέρησιν
576 2354 678 2388 ἀγαθοῦ
710 2358 881 2394 παρυπὲστη.

99 2397 269 2433 Ἀναρπάξει
291 2399 345 2434 γὰρ
369 2398 441 2434 ἡμᾶς
457 2399 474 2427 ὁ
487 2398 552 2431 Θεὸς
569 2400 598 2433 ἐξ
614 2401 697 2434 αὐτῆς
720 2403 841 2437 ἑκόντας,
859 2406 883 2432 εἰ

88 2443 269 2480 προσόράμοι
273 2452 322 2479 μεν
338 2445 419 2480 αύτῷ.

133 2489 191 2516 Καὶ
205 2490 319 2525 ὰῤῥεπῆ
331 2493 407 2525 πρὸς
421 2494 458 2521 τὰ
476 2495 570 2529 χείρω.
588 2494 678 2522 Ταῦτα
694 2496 757 2531 περὶ
773 2497 826 2524 τῶν
841 2500 876 2525 αι·

87 2536 205 2572 σθητῶν
222 2537 268 2563 κα)¹
284 2537 337 2563 ὑπὸ
355 2538 404 2574 τὴν
421 2540 508 2566 κτίσιν
524 2539 607 2567 ὄντων
623 2541 713 2576 νόμιζε
731 2542 818 2577 λέγειν
833 2545 882 2570 αὺ-

84 2583 152 2614 τδν,
177 2583 218 2609 ὅτι
241 2583 329 2610 πάντα
351 2585 380 2610 ἐν
402 2587 434 2620 τῇ
457 2586 544 2622 οἰκείᾳ
566 2586 675 2623 εὐταξίᾳ
696 2587 882 2623 διαφυλάττειν

84 2630 173 2658 οὐδὲν
196 2630 251 2666 γὰρ
276 2630 364 2657 αὐτῶν
389 2633 557 2669 μετετράπη,
582 2634 637 2660 ἀλλ’
654 2634 738 2666 οὕτως
760 2635 796 2666 ὡς
813 2637 885 2662 ὲκτι-

86 2676 212 2710 σοησαν,
231 2676 338 2711 ἔμειναν
350 2686 358 2692 ·
374 2677 453 2704 τοῦτο
469 2678 542 2714 δηλοῖ
557 2679 588 2705 τὸ
602 2679 796 2714 ἀμετάϐλητα.
821 2681 881 2716 Ἀρ-

86 2721 169 2758 ﬁeri]
192 2721 219 2748 δὲ
242 2722 310 2757 πρὸς
334 2722 368 2749 τά
390 2723 482 2759 χείρω,
509 2724 526 2759 ἢ
550 2725 590 2751 ὅτι
613 2725 776 2761 προαιρετὰς
798 2727 881 2760 αὑτὰς

85 2766 257 2802 πεποίηκεν,
274 2767 291 2802 ῆ
307 2768 348 2795 ὅτι
363 2768 437 2795 οὐδὲν
454 2768 484 2800 ἐξ
500 2769 589 2796 αὐτῶν
604 2769 654 2805 τῆς
669 2770 770 2802 οἰκείας
787 2770 881 2807 ἐξέστη

82 2813 301 2845 καταστάσεως,
318 2814 334 2850 ἢ
352 2814 419 2849 πρὸς
432 2814 466 2840 τὰ
479 2815 658 2851 ὑποδεέστερα
672 2816 831 2852 μετηνέχθη.
854 2818 882 2844 ’0

132 2907 146 2928 τι
164 2902 244 2931 lli-br.
264 2911 311 2937 xtl,
330 2905 355 2931 6.
414 2910 425 2923 τ
443 2905 507 2933 Dan.
529 2913 589 2939 xm,
607 2905 651 2934 42.

701 2911 712 2924 ι
730 2906 808 2935 Rom.
828 2915 857 2936 ιι.
877 2909 902 2936 1.

933 1624 1069 1659 voluptate
1088 1624 1214 1659 decipere
1234 1633 1240 1650 :
1260 1623 1360 1652 dicitur
1381 1623 1463 1650 etiam
1484 1617 1643 1658 simpliciter
1663 1629 1712 1651 vo-

932 1671 1037 1706 luptate
1049 1669 1165 1698 allicere.

968 1716 1144 1752 Optimorum.
1159 1715 1397 1744 Desiderabilium.

967 1761 1126 1790 Inconcussa
1152 1766 1234 1795 statu,
1264 1761 1311 1790 Gr.
1332 1761 1482 1798 ἀμειλίκτῳ
1502 1762 1605 1789 στάσει.
1629 1760 1714 1791 Vocat

931 1809 1086 1845 ἀμείλικτον
1103 1807 1195 1835 οτάσιν
1206 1809 1359 1836 institutum
1379 1809 1491 1838 minime
1503 1809 1604 1837 cedens
1618 1809 1713 1836 titllla-

931 1855 999 1883 tioni
1013 1859 1196 1889 terrenorum,
1209 1862 1297 1890 neque
1310 1853 1385 1882 ﬂecti
1394 1854 1427 1882 ad
1445 1855 1595 1883 materialia
1603 1859 1713 1890 propter

932 1900 1106 1928 tentationes.

959 1940 981 1982 ’ξ
994 1945 1028 1973 Χ.
1047 1945 1080 1972 Ut
1098 1945 1225 1972 actionem
1240 1953 1346 1981 qumque
1362 1953 1439 1972 suam
1458 1950 1641 1981 prosequatur,
1662 1944 1711 1973 Gr.

922 1993 982 2030 5'71;
1004 1993 1033 2019 ὲν
1056 1992 1110 2023 τοῖς
1125 1991 1195 2023 ὅλοις
1215 1991 1393 2028 ίδιοπραγίας.
1418 1991 1569 2027 Appellavit
1591 1991 1712 2028 ἰδιοπρα-

932 2036 994 2071 γίαν
1021 2036 1159 2071 proprium
1186 2036 1319 2071 cujusque
1344 2036 1383 2063 rei
1411 2036 1561 2064 secundum
1586 2040 1712 2063 naturam

932 2086 1036 2110 motum
1064 2091 1071 2108 :
1102 2088 1191 2116 neque
1221 2080 1294 2108 enim
1325 2081 1450 2109 homines
1485 2080 1573 2109 facere
1601 2086 1713 2117 possent

932 2136 993 2164 qua:
1007 2127 1110 2164 angelis
1126 2128 1257 2164 propria;
1285 2135 1335 2155 nec
1354 2134 1425 2163 aqua
1444 2135 1504 2163 qua:
1519 2128 1585 2163 igni,
1603 2132 1630 2155 et
1644 2134 1711 2155 conv

933 2179 985 2202 tra.

969 2219 1004 2246 Et
1018 2223 1145 2255 quatenus
1162 2227 1178 2246 a
1190 2218 1372 2247 deterioribus.
1385 2218 1444 2246 Non
1460 2218 1595 2254 intelligas
1608 2218 1661 2247 hoc
1671 2219 1713 2247 lo-

933 2271 966 2292 co
986 2264 1117 2291 deteriora
1143 2268 1267 2299 respectu
1287 2263 1320 2291 ad
1339 2267 1479 2291 creaturas
1504 2263 1613 2298 habito;
1638 2263 1712 2291 nulla

933 2309 1005 2338 enim
1026 2309 1154 2337 est'inter
1168 2308 1242 2343 ipsas
1263 2309 1348 2341 mala;
1364 2307 1411 2335 sed
1426 2307 1460 2334 ad
1471 2311 1622 2343 peccatum,
1639 2308 1712 2343 quod

933 2361 966 2382 ex
979 2358 1072 2382 nostra
1085 2355 1224 2382 voluntate
1237 2354 1301 2382 boni
1316 2354 1466 2389 privatione
1481 2354 1630 2382 subsistere
1641 2353 1713 2383 vide-

934 2405 988 2429 tur.
1003 2401 1074 2429 Deus
1088 2401 1160 2428 enim
1172 2407 1235 2428 cum
1250 2401 1374 2428 volumus
1387 2407 1437 2428 nos
1454 2407 1486 2427 ex
1505 2399 1565 2434 ipso
1578 2400 1668 2435 eripit,
1689 2401 1712 2428 si

934 2448 967 2476 ad
987 2448 1063 2475 illum
1080 2447 1288 2474 accurrerimus.

969 2493 1026 2520 Nec
1037 2494 1064 2520 in
1078 2493 1192 2520 deterius
1207 2496 1323 2527 uergant.
1346 2491 1487 2519 Arbitrare
1500 2492 1588 2527 ipsum
1599 2492 1658 2520 hac
1670 2492 1713 2521 di-

933 2547 995 2567 cere
1014 2540 1048 2568 de
1067 2540 1216 2568 sensilibus
1235 2543 1262 2568 et
1278 2540 1385 2571 creatis,
1403 2538 1474 2574 quod
1497 2539 1587 2566 omnia
1605 2539 1633 2566 in
1648 2546 1712 2574 pro-

935 2586 992 2621 pria
1004 2586 1075 2613 bona
1089 2586 1286 2613 constitutione
1300 2585 1453 2618 custodiat;
1473 2585 1540 2612 nihil
1553 2585 1624 2612 enim
1639 2585 1713 2619 ipso-

933 2641 993 2660 rum
1008 2636 1141 2660 mulatum
1156 2638 1208 2665 cst,
1232 2631 1279 2660 sed
1299 2636 1328 2659 ut
1346 2635 1437 2659 creata
1458 2635 1521 2659 sunt
1543 2634 1711 2657 manserunt.

935 2678 990 2706 Hoc
1006 2679 1126 2706 declarat
1140 2686 1191 2706 vox
1203 2678 1387 2714 ἀμετάϐλητα,
1404 2685 1458 2706 non
1474 2681 1587 2705 mutata.
1603 2675 1713 2703 Minime

934 2733 998 2754 vero
1013 2725 1046 2753 ad
1060 2725 1194 2753 deteriora
1212 2732 1346 2760 prapensa
1360 2728 1408 2751 aut
1418 2724 1481 2758 quia
1496 2731 1542 2750 eas
1556 2726 1713 2757 praestantes

935 2771 1009 2804 fecit,
1018 2775 1064 2798 aut
1069 2771 1133 2806 quia
1144 2771 1212 2798 nihil
1220 2778 1252 2798 ex
1264 2771 1330 2806 ipsis
1342 2770 1450 2805 propria
1456 2767 1653 2808 constitutione
1660 2774 1711 2794 ex—

936 2818 976 2851 iit,
991 2820 1036 2844 aut
1050 2817 1084 2844 ad
1095 2816 1230 2844 deteriora
1241 2815 1402 2844 translatum
1416 2818 1466 2842 est.
1483 2813 1587 2842 Cwlum
1601 2813 1673 2850 enim
1683 2816 1712 2841 et

955 2908 962 2926 ί
983 2907 1064 2935 Hebr.
1084 2915 1120 2935 Iv.
1141 2907 1182 2935 l5.
