1940 3064
222 183 274 211 567
641 179 810 208 APPENDIX
824 179 870 208 AD
884 179 998 208 OPERA
1014 177 1042 206 S.
1059 177 1207 207 DlO‘NYSll
1223 178 1460 208 AREOPAGITE.
1788 169 1840 206 33⁸

222 243 305 271 terra,
316 243 343 266 et
357 245 417 273 qute
425 239 453 266 in
467 238 650 274 ipsis,'eadem
662 241 830 266 manserunt.
842 237 928 265 Porro
939 237 1007 264 illud

1067 236 1112 272 τὰρ
1134 237 1247 273 οὐρανὸς
1269 237 1316 264 καὶ
1338 237 1355 272 ἡ
1379 236 1414 272 γῆ
1437 236 1556 271 ἔμειναν,
1581 235 1629 263 καὶ
1649 234 1683 262 τὰ
1706 235 1735 261 ὲν
1751 235 1840 267 αὐτοῖς

222 284 337 312 alienam
349 286 475 312 actionem
486 285 668 317 exterminare,
682 289 708 311 et
721 292 773 311 non
787 284 907 318 delapsas
919 289 1007 311 custo-

1067 282 1190 314 ὒσαύτως
1206 282 1310 318 ἔχοντα.
1328 282 1365 309 Τὸ
1380 282 1407 308 δὲ
1423 281 1480 315 τὴν
1493 281 1762 315 ἀλλοτριοπραγίαν
1774 281 1840 312 ἐξο-

224 330 265 357 dit
282 332 407 365 cujusque
419 331 592 365 proprietates
605 331 642 357 ita
659 330 788 365 intellige,
802 330 934 357 elementa
949 337 1008 357 ma—

1067 327 1155 361 )ίζειν,
1172 329 1221 355 καὶ
1233 327 1457 363 ἀμεταπτώτους
1471 326 1632 362 φυλάττειν
1646 327 1699 360 τὰς
1713 327 1848 359 ἑκάστου,

222 384 288 404 nere
305 375 356 403 sibi
375 376 492 403 invicem
508 375 655 406 contraria,
674 382 771 410 nempe
785 375 902 402 calidum
917 379 944 402 et
958 375 1007 402 iri-

223 421 326 456 gidum,
353 420 494 448 humidum
513 425 541 448 et
559 421 673 454 siccum,
699 423 780 455 atque
794 421 1007 457 unumquodque

223 473 318 494 eorum
334 466 361 492 in
376 465 487 500 propria
502 465 658 499 integritate
678 472 849 500 permanere,
870 474 959 501 neque
978 467 1007 494 in

224 511 391 539 contrarium
407 509 521 542 mutari;
539 516 678 544 nunquam
700 510 773 537 enim
796 510 868 545 ignis
883 511 912 537 tit
926 518 1006 546 aqua,

224 565 276 586 nec
290 564 360 592 aqua
376 556 459 591 ignis.
480 555 509 583 Si
523 559 614 583 autem
630 556 853 591 creatorisjussu
870 563 1007 584 convene-

224 603 290 635 rint,
315 601 526 637 unumquodque
547 609 641 628 eorum
663 605 763 634 manet,
795 608 872 629 suam
897 609 1008 630 servans

224 648 418 686 proprietatem
423 668 430 675 .

258 692 343 727 Atque
355 690 546 725 proportiones,
563 689 610 718 Gr.
623 691 670 717 καὶ¹
684 690 734 722 τὰς
754 690 909 725 ἀναλογίας.
932 691 1009 718 Ἀνα-

223 735 315 770 λογίας
334 735 399 762 dicit
418 734 583 769 aptitudines
607 734 740 771 cujusque
762 739 865 763 natura
886 740 912 764 et
934 743 1010 764 com-

224 783 453 810 mensurationes.

260 829 434 864 Nequaquam
454 833 549 863 prwter
569 829 741 863 propositum.
763 827 790 856 id
807 834 849 856 est
865 837 919 856 non
933 834 1010 858 extra

226 874 375 909 Scriptura:
395 881 520 909 scopum.

1058 374 1222 407 ἰδιότητας,
1238 374 1311 401 οὕτω
1335 374 1440 409 νόησον,
1465 374 1506 400 ὅτι
1530 373 1564 400 τὰ
1591 374 1709 408 στοιχεῖα
1734 373 1841 399 ἐναντία

1058 419 1183 455 μένουσιν
1205 420 1338 456 ἀλλήλοις,
1361 418 1415 447 οἷον
1430 420 1461 447 τὸ
1477 420 1576 456 θερμὸν
1599 419 1645 446 καὶ
1666 419 1778 455 ψυχρὸν,
1795 419 1840 446 καὶ

1057 460 1140 502 ὑγρὸν
1156 466 1203 492 καὶ
1219 465 1309 502 ξηρὸν,
1326 466 1373 493 καὶ
1388 466 1500 493 ἕκαστον
1516 466 1604 492 αὐτῶν
1621 467 1649 492 ὲν
1664 467 1698 501 τῇ
1716 465 1768 500 ἰδίᾳ
1783 465 1840 492 ὁλό-

1057 519 1119 546 τητι
1130 512 1301 547 ὲναπομένει,
1312 512 1359 538 καὶ
1369 512 1398 538 οὐ
1411 511 1568 547 μεθίσταται
1583 511 1652 547 πρὸς
1666 510 1838 552 τὺέναντίον·

1057 556 1184 584 οὐδέποτε
1204 557 1258 594 γὰρ
1279 558 1311 585 τὸ
1333 556 1389 594 πῦρ
1411 554 1482 594 ὕδωρ
1503 558 1617 593 γίνεται,
1634 558 1694 585 οὐδὲ
1716 558 1747 584 τὸ
1770 557 1841 592 ὕδωρ

1059 603 1125 639 πῦρ.
1142 604 1174 630 Et
1189 603 1217 630 δὲ
1233 605 1279 631 καὶ
1296 604 1445 631 συνέλθοιεν
1466 604 1535 632 κατὰ
1551 604 1600 640 τὴν
1614 604 1661 632 τοῦ
1677 602 1840 639 δημιουργοῦ

1059 646 1192 681 κέλευσιν,
1219 649 1294 684 μένει
1308 649 1423 676 ἕκαστον
1438 650 1537 682 αὐτῶν,
1561 649 1647 683 σῶζον
1672 649 1721 685 τὴν
1741 649 1843 676 οἰκείαν

1060 693 1189 729 ἰδιότητα.

1094 739 1150 766 Καὶ
1172 739 1227 772 τὰς
1250 739 1421 774 ἀναλογίας.
1445 734 1600 774 ’Δναλογίας
1616 736 1682 775 φησὶ
1696 738 1747 770 τὰς
1761 739 1843 776 ἁρμο-

1059 780 1185 821 Βιότητας
1200 785 1318 821 ἑκάστης
1334 785 1440 820 φύσεως
1456 786 1503 813 καὶ
1519 786 1698 822 συμμετρίας.

1096 831 1156 858 Οὐκ
1171 831 1230 858 ἀπὸ
1244 831 1370 858 σκοποῦ.
1383 831 1527 858 Τουτέστιν
1541 832 1592 858 οὐκ
1607 831 1659 864 ἔξω
1673 832 1720 859 τοῦ
1737 833 1841 861 σκοποῦ

1059 875 1108 911 τῆς
1124 876 1243 911 Γραφῆς-

260 919 447 946 Remissionem
471 919 584 951 donans,
613 919 660 946 Gr.
691 919 878 955 ὑπερείδουσα.
907 919 1007 947 Suﬂ‘ul-

1096 921 1313 955 Ὺπερείδουσα.
1335 921 1577 958 Ὑποστηρίζουσα.

225 973 303 993 ctens
308 986 314 993 .

261 1011 340 1046 201
360 1011 382 1037 Α
397 1011 494 1041 noxiis.
515 1009 563 1038 Gr.
579 1011 632 1038 τῶν
653 1010 856 1046 λελωϐημένων.
877 1012 899 1038 Α
917 1011 1008 1045 Ιεςίς,

224 1057 355 1092 iniuriam
370 1060 397 1084 et
412 1057 539 1084 damnum
552 1057 772 1092 procurantibus.

263 1103 298 1131 Et
324 1111 426 1130 omnem
449 1103 666 1138 ianualitatem.
689 1101 748 1130 Non
764 1103 829 1130 dicit
852 1103 1011 1138 simpliciter

227 1150 409 1178 exterminare
430 1150 658 1184 inaequalitatem,
675 1149 722 1177 sed
740 1149 768 1176 in
788 1149 912 1184 singulis,
924 1149 950 1177 id
969 1155 1012 1178 est

228 1196 350 1231 singulas
365 1198 552 1222 creaturarum
571 1202 625 1222 non
638 1203 748 1223 manere
766 1195 906 1230 aequaliter
926 1199 953 1222 et
973 1195 1011 1223 si-

228 1242 329 1269 militer
346 1241 374 1268 in
387 1241 525 1269 identitate
541 1242 676 1274 naturali;
693 1241 754 1268 ideo
768 1241 870 1269 addidit
890 1250 906 1268 α
920 1241 1008 1275 priva-

230 1288 308 1318 tione.
330 1287 457 1322 quoniam
479 1294 534 1314 non
556 1287 659 1314 idcirco
679 1287 753 1322 quod
778 1287 962 1315 inditTcrentes
985 1291 1012 1315 et

229 1333 377 1368 inaequales
389 1333 444 1360 sint
455 1340 510 1365 res,
527 1332 698 1368 inaequalitas
711 1333 843 1361 aufertur.

264 1377 439 1413 Equah’tutis
457 1378 630 1414 singularum.
647 1378 716 1406 Cum
738 1379 820 1407 sciret
833 1378 902 1407 duos
916 1379 1011 1406 modos

229 1423 381 1453 secundum
398 1432 467 1460 quos
481 1425 652 1460 inaequalitas
666 1425 779 1457 dicitur,
802 1425 872 1453 duos
890 1426 1010 1460 exponit,

229 1474 258 1499 et
267 1470 305 1497 ait
314 1469 410 1502 Deum,
421 1473 532 1498 eatenus
546 1469 600 1497 dici
611 1470 755 1505 justitiam,
762 1474 896 1506 quatenus
905 1479 1011 1498 omnem

230 1516 412 1553 aequalitatem
425 1523 553 1544 mensura
563 1516 679 1551 adauget
688 1516 749 1544 etin
755 1524 863 1544 omnem
875 1517 1012 1551 aequalita-

231 1565 285 1590 tem
296 1562 467 1590 exterminat.
483 1561 563 1590 Nunc
577 1570 641 1590 vero
659 1562 869 1598 inaequalitatem
886 1563 1012 1598 intelligit

230 1616 291 1637 eam
309 1616 369 1644 quae
382 1616 432 1644 per
444 1608 622 1644 privationem
638 1608 746 1640 accidit,
763 1608 790 1635 id
809 1614 850 1636 est
870 1609 1011 1636 abundan-

231 1656 308 1683 tiam.
316 1654 383 1682 Nam
395 1655 511 1690 singulis
523 1662 572 1690 pro
584 1655 683 1682 merito
692 1655 829 1691 aequaliter
838 1655 1010 1689 distribuere,

231 1701 284 1729 hoc
298 1701 420 1729 continet
434 1701 525 1728 omnia
548 1703 575 1728 ct
602 1706 756 1729 conservat.
776 1701 824 1730 [iis
839 1702 930 1736 dictis,
945 1704 1014 1731 alte-

231 1755 293 1774 rum
308 1754 416 1782 quoque
437 1747 548 1774 modum
568 1747 719 1774 secundum
739 1755 820 1783 quem
845 1748 1012 1784 inaequalitas

232 1793 332 1820 dicitur
347 1792 434 1820 atiert.
456 1791 536 1820 Novit
558 1792 630 1820 enim
648 1793 764 1829 aliquos,
788 1794 972 1830 intelligibiles
986 1799 1013 1823 et

233 1838 407 1873 incorporeas
432 1837 551 1870 formas.
579 1845 612 1866 ac
636 1839 725 1874 prima
749 1847 840 1867 rerum
861 1841 1012 1876 principia,

232 1883 424 1916 immortalem,
438 1883 559 1918 inquam,
570 1885 751 1919 creationem,
769 1885 902 1919 unitates,
925 1887 952 1914 id
971 1891 1014 1914 est

232 1930 368 1958 essentias
382 1930 529 1965 simplices,
538 1930 691 1958 nominasse
702 1932 881 1967 aequalitatem
896 1937 922 1960 et
937 1933 1014 1961 iden-

232 1976 356 2008 titatetu;
373 1976 485 2003 sensilia
496 1983 560 2003 vero
574 1984 635 2012 qua
645 1977 727 2004 etiam
743 1977 889 2006 divisibilia
905 1983 971 2007 sunt
987 1983 1014 2007 et

233 2021 375 2049 mutabilia
387 2026 414 2048 et
428 2021 591 2054 diﬂ'erentia,
604 2026 631 2050 et
641 2023 804 2058 quandoque
814 2024 893 2052 aliter
911 2025 1014 2053 haben-

234 2068 281 2101 tia,
297 2075 411 2095 vocasse
439 2068 649 2103 inaequalitatem
676 2072 703 2097 et
722 2069 916 2099 diversitatem.
942 2071 1013 2099 Dicit

233 2114 316 2148 igitur
330 2123 336 2140 :
349 2113 407 2141 Etsi
423 2113 522 2149 aliquis
540 2114 610 2142 hanc
627 2115 837 2151 inatqualitatem
852 2117 1014 2145 intellexerit

233 2159 414 2187 ditl'erentiam
429 2161 571 2188 sensilium
589 2161 616 2188 in
629 2161 734 2194 formis,
746 2170 799 2198 qua
814 2163 970 2192 animalium
986 2168 1014 2192 et

233 2206 399 2240 plantarum,
415 2206 636 2242 reliquorumque
650 2208 838 2242 generationes
850 2209 1012 2242 subsistunt,

1096 1010 1157 1040 Τῶν
1168 1013 1389 1048 λελωϐημέναηπ
1404 1013 1611 1050 Βεϐλαμμένων,
1625 1015 1679 1042 τῶν
1692 1015 1782 1052 λώϐην
1797 1017 1843 1043 καὶ

1059 1059 1205 1094 ἀχρείωσιν
1220 1058 1432 1095 προξενούντων.

1095 1104 1150 1132 Καὶ
1166 1104 1249 1132 πᾶσα
1271 1105 1423 1139 ἀνισότης.
1439 1105 1494 1141 Οὐχ
1516 1106 1608 1138 ἀπλῶς
1631 1115 1697 1143 φησι
1719 1107 1767 1143 τὴν
1785 1108 1842 1134 ἀνι·-

1061 1151 1160 1186 σότητα
1173 1150 1312 1187 ἐξορίζειν,
1324 1151 1380 1177 ἀλλ’
1394 1151 1423 1177 ὲν
1436 1153 1492 1183 τοῖς
1508 1152 1568 1179 καθ’
1584 1152 1708 1184 ἕκαστον,
1721 1153 1843 1180 τουτέστι

1060 1196 1090 1223 τὺ
1107 1196 1144 1232 μὴ
1169 1196 1233 1228 ἴσως
1253 1197 1300 1223 καὶ
1325 1197 1426 1232 ὁμοίως
1448 1197 1561 1224 ἕκαστον
1575 1198 1629 1224 τῶν
1642 1199 1790 1233 γεγονότων
1816 1200 1844 1226 ἐν

1060 1242 1200 1277 ταυτότητι
1212 1244 1245 1278 τῇ
1261 1242 1331 1268 κατά
1347 1242 1426 1277 φύσιν
1446 1243 1593 1278 διαμένειν·
1610 1243 1649 1269 διὸ
1662 1244 1709 1270 καὶ
1726 1244 1757 1270 rb
1771 1245 1845 1272 κατὰ

1060 1287 1203 1322 στέρησιν
1217 1288 1396 1323 προσέθηκεν,
1417 1288 1478 1314 ἐπεὶ
1496 1288 1565 1315 κατά
1585 1289 1615 1315 τὸ
1630 1289 1761 1325 ἀδιάφορα
1775 1288 1844 1317 εἶναι

1060 1332 1095 1359 τὰ
1104 1333 1167 1359 ὄντα
1181 1333 1227 1359 καὶ
1241 1333 1320 1360 ἄνισα
1336 1334 1352 1368 ἡ
1363 1333 1488 1369 ἀνισότης
1500 1334 1550 1361 οὐκ
1563 1334 1730 1361 ἐκϐάλλεται.

1099 1378 1155 1413 Τῆς
1174 1379 1209 1405 ὲν
1229 1379 1329 1412 αὐτοῖς
1348 1377 1486 1413 ἑκάστοις
1506 1381 1651 1414 ἰσότητος,
1671 1381 1846 1417 Δύοτρόπους

1061 1424 1122 1451 καθ’
1136 1423 1182 1456 οὒς
1202 1425 1330 1460 ἀνισότης
1354 1424 1461 1459 λέγεται
1481 1425 1568 1458 εἰδὼς,
1592 1427 1655 1459 τοὺς
1668 1427 1714 1454 δύο
1734 1429 1845 1463 τρανοῖ,

1061 1469 1107 1497 καί
1121 1479 1213 1506 φησιν,
1228 1471 1268 1497 ὅτι
1281 1471 1435 1507 δικαιοσύνη
1448 1471 1519 1498 κατὰ
1529 1471 1608 1498 τοῦτο
1621 1472 1728 1507 λέγεται
1740 1474 1755 1500 ὸ
1768 1473 1844 1505 Θεὸς,

1061 1516 1122 1543 καθ’
1136 1517 1150 1543 ὃ
1165 1517 1211 1544 καὶ
1225 1517 1274 1552 τὴν
1296 1517 1404 1552 ἰσότητα
1429 1517 1536 1544 πάντων
1556 1518 1711 1554 ἐπιμετρεῖ,
1727 1519 1774 1545 καὶ
1797 1519 1849 1554 τὴν

1062 1562 1205 1598 ἀνισότητα
1219 1562 1326 1589 πάντων
1342 1563 1466 1598 ἐξορίζει.
1489 1563 1645 1600 ’Λνισότητα
1669 1565 1697 1592 δὲ
1718 1565 1765 1592 νῦν
1780 1574 1846 1602 φησι

1061 1606 1109 1642 τὴν
1123 1606 1192 1633 κατὰ
1207 1607 1332 1642 στέρησιν
1346 1607 1395 1642 τῆς
1407 1607 1526 1643 ἰσότητος
1541 1609 1751 1644 συμϐαίνουσαν,
1767 1618 1849 1637 τουτδ

1060 1652 1117 1678 ἐστι
1135 1651 1183 1688 τὴν
1209 1651 1380 1684 πλεονεξίανθ
1395 1653 1426 1679 τὸ
1449 1653 1503 1689 γὰρ
1525 1654 1589 1686 ἴσως
1608 1655 1700 1690 νέμειν
1722 1655 1847 1689 ἑκάστοις

1060 1696 1094 1724 τὰ
1116 1698 1176 1724 κατ’
1197 1697 1284 1731 ἀξίαν,
1305 1698 1384 1725 τοῦτο
1409 1701 1556 1735 συγκρατεῖ
1580 1700 1669 1727 πάντα
1683 1701 1730 1728 καὶ
1753 1701 1846 1734 σώζει.

1061 1743 1152 1770 Ταῦτα
1166 1744 1264 1779 φήσας,
1288 1744 1411 1780 ἐπιφέρει
1427 1745 1473 1772 καὶ
1492 1745 1537 1771 τὸν
1555 1746 1647 1782 ἕτερον
1660 1747 1770 1782 τρόπον,
1785 1745 1849 1775 καθ’

1060 1789 1090 1816 ὃν
1111 1788 1235 1825 ἀνισότης
1260 1790 1376 1824 λέγεται.
1393 1791 1446 1817 Καὶ
1470 1791 1524 1827 γὰρ
1548 1790 1602 1818 οἶδέ
1624 1800 1711 1825 τινας,
1737 1793 1773 1820 τὰ
1797 1794 1849 1828 μὲν

1061 1834 1143 1870 νοητὰ
1159 1835 1206 1861 καὶ
1221 1835 1353 1871 ἀσώματα
1367 1835 1434 1871 εῐδη,
1450 1837 1496 1863 καὶ
1511 1838 1560 1868 τὰς
1573 1837 1683 1873 πρώτας
1695 1838 1749 1865 τῶν
1763 1838 1849 1866 ὅντων

1062 1880 1157 1915 ἀρχὰς,
1175 1881 1245 1916 φημὶ
1258 1881 1289 1917 δὴ
1303 1881 1352 1916 τὴν
1372 1881 1504 1908 ἀθάνατον
1518 1882 1707 1919 δημιουργίαν,
1724 1883 1773 1915 τὰς
1785 1884 1850 1911 ὲνά-

1061 1926 1119 1959 δας,
1133 1927 1254 1954 τουτέστι
1269 1927 1319 1959 τὰς
1334 1927 1421 1960 ἁπλᾶς
1441 1928 1544 1960 οὐσίας,
1566 1929 1676 1964 ἰσότητα
1691 1930 1738 1956 καὶ
1752 1931 1850 1957 ταυτό-

1061 1982 1130 2009 τητα
1147 1973 1346 2009 ὀνομάσαντας·
1369 1973 1404 2000 τὰ
1430 1974 1458 2000 δὲ
1472 1973 1604 2010 αἰσθητὰ,
1621 1974 1639 2002 ἃ
1662 1976 1709 2002 καὶ
1731 1976 1850 2010 μεριστά

1062 2019 1126 2051 είσι,
1137 2019 1184 2046 καὶ
1198 2019 1227 2046 ὲν
1239 2019 1383 2055 μεταϐολῇ,
1397 2019 1443 2046 καὶ
1458 2019 1582 2055 διαφορᾷ,
1595 2021 1641 2047 καὶ
1654 2020 1747 2048 ἄλλοτε
1760 2020 1850 2053 ἄλλως

1062 2063 1167 2099 ἔχοντα,
1184 2065 1327 2100 ἀνισότητα
1346 2065 1393 2092 καὶ
1411 2065 1557 2101 ἑτερότητα
1576 2066 1751 2098 καλέσαντας.
1765 2067 1850 2101 Λέγει

1063 2107 1119 2142 οὖν,
1135 2110 1186 2142 ὅτι,
1207 2111 1259 2137 κᾶν
1274 2111 1375 2146 ταύτην
1399 2111 1448 2146 τὴν
1465 2111 1609 2147 ἀνισότητα
1621 2112 1706 2148 νοήσῃ
1726 2121 1777 2145 τις,
1797 2114 1849 2148 τὴν

1062 2155 1116 2182 τῶν
1130 2155 1265 2191 αἰσθητῶν
1278 2157 1318 2188 εἰς
1333 2157 1389 2192 εἴδη
1404 2157 1543 2192 διαφορὰν,
1557 2157 1590 2184 δι’
1603 2155 1637 2193 ἧς
1650 2159 1678 2184 αἱ
1694 2158 1748 2184 τῶν
1758 2157 1848 2191 ζώων,

1063 2200 1110 2228 καὶ
1129 2201 1183 2228 τῶν
1205 2202 1306 2237 φυτῶν,
1320 2203 1367 2230 καὶ
1388 2202 1442 2229 τῶν
1463 2202 1526 2239 ἑξῆς
1541 2203 1661 2237 γενέσεις
1675 2204 1848 2238 ὑφίστανται,

233 2252 315 2289 hujus
329 2256 420 2280 tamen
438 2253 519 2280 etiam
535 2253 726 2288 iuaequalitatis
741 2254 812 2283 Deus
826 2259 868 2283 est
881 2260 975 2284 custos
987 2261 1010 2284 et

1067 2247 1131 2274 ἀλλὰ
1149 2249 1196 2275 καὶ
1215 2247 1316 2284 ταύτης
1334 2249 1384 2284 τῆς
1403 2249 1559 2285 ἀνισότητος
1577 2250 1591 2275 ό
1609 2250 1674 2281 Θεὸς
1694 2250 1781 2284 φύλαξ
1801 2251 1852 2278 καὶ

234 2302 388 2332 protector,
407 2306 461 2326 non
482 2300 641 2334 permittens
656 2301 792 2328 contraria
813 2302 841 2329 in
859 2309 914 2330 uno
938 2310 1013 2330 com-

233 2344 360 2376 misceri,
374 2346 411 2386 ,οἱ
435 2344 590 2372 mistionem
609 2346 799 2374 concurrentia
820 2347 849 2374 in
863 2349 1013 2383 corruptio-

234 2396 295 2416 nem
315 2390 418 2417 venire.
440 2390 476 2418 Ut
497 2391 570 2418 enim
594 2391 686 2418 omnia
701 2393 844 2427 produxit,
870 2393 911 2422 sic
931 2395 1012 2422 etiam

235 2435 293 2470 ipsa
307 2440 461 2467 conservat,
477 2440 504 2464 et
519 2441 583 2464 sunt
595 2438 670 2465 sicut
685 2446 699 2466 a
716 2439 850 2475 principio
864 2440 984 2469 fuerunt.

271 2480 482 2516 Imequalitatem
496 2483 576 2510 enim.
591 2483 660 2510 Nota
680 2492 742 2512 eum
763 2485 855 2513 dicere
872 2486 1012 2522 inaequali-

234 2529 329 2558 tatem,
343 2526 463 2553 omnium
479 2528 506 2553 in
521 2531 578 2554 toto
591 2528 661 2556 inter
675 2537 705 2557 se
716 2529 911 2563 diversitatem,
926 2535 953 2559 et
964 2531 1012 2560 Dei

235 2571 366 2606 justitiam
380 2572 514 2606 ejusmodi
531 2573 741 2608 inaequalitatem
755 2582 927 2604 conservare.
944 2575 1012 2605 Nota

235 2618 327 2650 etiam,
343 2625 404 2645 esse
417 2618 568 2645 naturalem
582 2619 805 2654 inaequalitatem.

528 2696 561 2723 IN
580 2696 656 2725 CAP.
676 2696 722 2725 1X.

272 2739 286 2775 ᾗ
305 2740 325 2768 1.
347 2740 449 2769 Horum
468 2743 616 2770 diuinorum
639 2744 782 2772 nominum.
807 2743 1012 2780 Sapientissime

1065 2293 1181 2329 φρουρός
1197 2294 1264 2325 ἐστι,
1289 2294 1325 2330 μὴ
1340 2294 1392 2321 ἑῶν
1407 2294 1442 2321 τὰ
1455 2296 1561 2322 ἐναντία
1577 2296 1618 2327 εἰς
1637 2295 1666 2322 ἓν
1679 2296 1702 2311 ‘“
1739 2305 1846 2332 συμμι-

1066 2334 1414 2376 χθῆναι,καὶσυνδραμόντα
1427 2340 1471 2367 διὰ
1481 2340 1531 2375 τῆς
1545 2341 1688 2377 φυράσεως
1697 2342 1720 2357 "
1730 2343 1770 2373 εἰς
1783 2342 1851 2376 φθο-

1067 2384 1116 2420 ρὰν
1129 2385 1223 2412 ἐλθεῖν.
1242 2385 1285 2417 Ὠς
1300 2385 1354 2421 γὰρ
1370 2386 1513 2421 παρήγαγε
1529 2386 1626 2419 πάντα,
1638 2386 1708 2413 οὕτω
1722 2387 1854 2423 συντηρεΐ

1065 2429 1144 2463 αὐτὰ,
1159 2430 1208 2456 καλ
1219 2430 1288 2457 είσλν
1300 2431 1338 2462 ὡς
1351 2429 1381 2462 ἐξ
1395 2431 1482 2466 ἀρχῆς
1497 2431 1628 2466 ἐγένοντο,

1103 2475 1161 2509 Τὴν
1169 2475 1224 2509 γὰρ
1236 2471 1405 2510 ἀνισότητα.
1417 2477 1453 2512 Ση
1458 2477 1580 2512 μείωσαι,
1592 2477 1633 2503 ὁτι
1643 2476 1692 2512 τὴν
1701 2476 1854 2512 ἀνισότητά

1065 2529 1131 2556 φησι
1146 2521 1193 2547 καὶ¹
1206 2521 1255 2555 τὴν
1268 2521 1297 2547 ὲν
1306 2521 1344 2556 τῷ
1357 2521 1409 2557 ὅλῳ
1424 2521 1491 2557 πρὸς
1500 2522 1548 2549 ὅλα
1563 2521 1692 2557 διαφορὰν
1702 2522 1756 2548 τῶν
1768 2522 1851 2554 ὅλως,

1064 2566 1111 2593 καὶ
1126 2566 1167 2592 ὅτι
1183 2566 1232 2602 τὴν
1254 2566 1380 2602 τοιαύτην
1403 2567 1547 2602 ἀνισότητα
1562 2569 1578 2602 ὴ
1602 2566 1649 2594 τοῦ
1663 2567 1729 2594 Geo?
1746 2567 1857 2594 δικαιοι

1069 2611 1135 2646 σύνη
1158 2613 1279 2647 φρουρεῖ.
1302 2611 1457 2648 Σημείωσαι
1473 2612 1519 2644 δὲ,
1535 2612 1575 2639 ὄτι
1598 2612 1656 2639 ἐπὶ
1678 2612 1725 2639 καὶ
1747 2620 1856 2650 φυσικη

1067 2656 1203 2692 ἀνισότης.

1301 2703 1355 2729 ΕΙΣ
1373 2703 1417 2730 ΤΟ
1437 2704 1560 2731 ΚΕΦΑΛ.
1580 2704 1618 2731 8'.

1104 2748 1118 2784 §
1130 2749 1149 2776 1.
1162 2749 1274 2776 Τούτων
1282 2748 1340 2775 τῶν
1347 2749 1541 2784 osus-munitet
1553 2749 1697 2784 Σοφὼτατά
1707 2757 1773 2784 φησι
1782 2748 1858 2776 θεω-

689 2809 802 2839 VARUE
820 2811 1010 2841 LECTIONES
1029 2813 1073 2842 ET
1090 2813 1371 2844 CORBECTIONES.

265 2871 287 2889 "
302 2874 474 2909 συναχθέντα.
529 2877 551 2893 ⁷²
569 2876 676 2911 φύσεως
