1940 3064
92 166 142 195 369

458 165 486 190 δ.
505 162 630 190 MAXIM!
646 161 792 190 SCHOLIA
807 161 840 188 IN
859 159 923 189 LIB.
942 160 986 187 DE
1004 158 1128 187 DIVINlS
1144 157 1339 185 NOMINIBUS’.

1649 157 1702 183 τιἼο

92 231 120 249 νυ
124 221 210 258 μυιῶν
220 220 432 256 ἀγαλμάτων,ὲξ
443 219 574 255 Ἐλλήνων
588 219 634 246 ἐπὶ
646 219 677 246 τὸ
685 219 781 254 ἀληθὲς
793 219 875 254 μετά-

929 218 991 246 dicit
1010 217 1165 245 divinorum
1186 217 1327 244 nominum
1349 215 1441 250 signa,
1456 221 1490 241 ex
1508 213 1654 249 gentilibus
1669 213 1703 239 ad

92 277 146 303 γων
156 277 162 284 ι
174 269 271 295 ἐκεῖνοι
281 267 336 303 γὰρ
343 265 387 293 οἷά
395 275 470 298 τινας
490 266 649 300 ἀνδριάντας
670 266 788 297 ἐποίουν,
804 266 872 301 μήτε

92 316 181 351 χεῖρας
189 315 257 350 μήτε
264 313 345 345 πόδας
352 313 471 348 ἔχοντας,
477 312 524 349 οὓς
530 312 632 348 Ἑρμᾶς
637 313 758 340 ὲκάλουψ
767 313 873 339 ἐποίουν

92 361 118 387 δὲ
129 361 226 392 αὐτοὺς
236 359 375 390 διακένους
383 358 467 395 Θύρας
475 358 595 395 ἔχοντας,
603 358 874 394 καθάπερτοιχοπυρ-

92 406 210 441 γίσκους.
229 405 348 432 Ἔσωθεν
362 403 408 432 οὖν
424 405 512 432 αὐτῶν
525 404 648 431 ἐτίθεσαν
667 405 821 440 ἀγάλματα,
837 401 875 432 ὧν

93 452 184 479 εσεῦον
209 451 297 485 θεῶν,
320 450 419 484 ἔξωθεν
450 451 479 478 δὲ
501 451 645 478 ἀπέκλειον
673 451 736 483 τοὺς
758 451 873 486 Ἑρμᾶς·

92 498 231 533 ἐφαίνοντο
247 496 292 524 οὖν
316 499 340 524 οἰ
359 498 457 534 Ἑρμαῖ
471 498 599 530 εὐτελεῖς,
619 497 718 524 ἔσωθεν
732 497 760 524 δὲ
775 497 876 525 τούτων

93 544 160 571 θεῶν
173 544 262 571 αὐτῶν
278 544 486 579 καλλωπισμοὺς
499 543 581 580 εἶχον.
597 544 690 576 Οὕτως
704 542 750 570 οὖν
762 544 878 571 κάνταῦ-

92 590 127 617 θα
137 591 253 627 νοήσεις,
268 590 303 617 τὰ
320 591 369 625 μὲν
382 590 504 626 περὶτοῦ
520 591 596 622 ὄντος
607 591 654 617 καὶ
670 589 796 625 ἀληθινοῦ
811 589 877 616 Θεοῦ

94 636 173 672 μόνου
193 638 222 664 ὲν
236 639 268 672 τῇ
293 637 386 672 Γραφῇ
409 637 529 672 ὀνόματα
544 636 641 668 ἀνάξια
656 634 724 662 εἶναι
736 636 799 671 περὶ
811 635 877 662 Θεοῦ

91 682 233 718 λεγόμενα,
253 682 291 714 ὡς
303 683 334 709 τὸ
361 683 457 718 μικρὸν
467 703 474 715 ,
489 683 536 709 καὶ
550 682 580 708 τὸ
604 682 736 718 καθῆσθαι
749 701 756 713 ,
773 681 820 708 καὶ
843 681 878 708 τὰ

92 728 169 764 ἑξῆς·
185 729 410 764 ἁναπτυσσόμενα
423 728 451 755 δὲ
467 728 500 755 τὰ
515 728 642 764 ὀνόματα,
658 729 704 755 καὶ
717 727 799 760 ἀξίως
811 726 877 754 Θεοῦ

92 775 306 811 ἑρμηνευόμενα,
318 775 423 810 ἔχουσιν
438 774 537 802 ἔσωθεν
549 775 584 802 τὰ
597 775 741 810 ἀγάλματα
755 774 801 801 καὶ
816 773 878 805 τοὺς

91 820 181 853 θείους
194 820 296 852 τύπους
311 821 362 857 τῆς
376 822 440 856 περὶ
455 820 522 848 Θεοῦ
539 820 627 857 δόξης.

922 264 1064 291 veritatem
1092 263 1256 295 traducens;
1284 262 1324 289 illi
1357 261 1430 289 enim
1455 259 1588 295 quasdam
1622 259 1705 285 veluti

924 313 1029 338 statuas
1047 309 1193 340 faciebant,
1207 315 1295 343 neque
1311 314 1427 339 manus,
1444 313 1532 341 neque
1552 304 1634 341 pedes
1654 304 1704 331 ha-

924 356 1037 385 bentes.
1059 362 1127 390 quas
1150 354 1263 382 Hermas
1290 354 1436 386 vocabant;
1456 352 1593 380 faciebant
1614 355 1706 379 autem

923 409 971 430 eas
993 409 1095 429 vacuas
1119 401 1191 429 fores
1213 400 1360 432 habentes,
1378 403 1505 434 tanquam
1525 399 1604 434 202
1626 405 1706 426 arcas

924 448 1039 477 turritas
1053 447 1082 474 in
1102 454 1191 474 muro.
1210 446 1283 474 Intra
1301 446 1376 481 ipsas
1390 445 1528 480 ponebant
1546 445 1623 479 signa
1641 444 1706 472 deo-

927 501 988 521 rum
1015 501 1089 528 quos.
1106 493 1243 525 colebant,
1263 495 1342 520 extra
1355 499 1422 519 vero
1443 491 1619 518 includebant
1638 489 1707 518 Her-

925 547 995 567 mas.
1017 540 1111 575 itaque
1136 539 1242 567 Hermae
1261 539 1329 566 viles
1353 537 1535 573 apparebant,
1564 538 1634 565 intra
1657 536 1708 564 hos

927 593 991 613 vero
1010 586 1109 613 decora
1126 585 1238 613 deorum
1261 591 1373 612 suorum
1399 583 1542 611 habebant.
1559 582 1604 609 Sic
1626 583 1708 618 igitur

927 632 971 659 hic
990 631 1135 667 intelliges,
1158 631 1270 658 nomina
1294 638 1353 666 quae.
1368 630 1396 657 in
1418 629 1558 664 Scriptura
1582 637 1659 657 sacra
1674 629 1709 658 de

927 685 960 706 eo
970 678 1018 713 qui
1032 682 1085 710 est.
1107 682 1134 705 et
1142 677 1201 705 solo
1214 685 1280 704 vero
1294 676 1349 704 Deo
1370 676 1509 708 dicuntur,
1524 676 1634 710 indigna
1648 684 1708 703 esse

927 731 987 758 quae
1002 723 1036 750 de
1048 723 1102 750 Deo
1117 722 1254 755 dicantur,
1267 726 1297 749 ut
1308 729 1432 757 parvum,
1451 725 1479 749 et
1493 721 1599 754 sedere,
1612 725 1638 749 et
1649 728 1710 756 que

927 770 1067 804 deinceps.
1088 768 1156 797 Cum
1174 776 1239 796 vero
1258 768 1370 796 nomina
1391 767 1443 795 ista
1467 767 1657 802 explicantur,
1682 771 1710 794 et

927 815 1008 851 digne
1022 814 1077 843 Deo
1091 817 1275 849 exponuntur,
1291 813 1434 842 continent
1455 813 1526 840 intra
1546 821 1576 841 se
1592 814 1669 849 signa
1682 817 1710 841 et

928 861 1036 888 divinas
1051 860 1145 896 gloria:
1161 859 1209 887 Dei
1226 859 1336 895 ﬁguras.

125 907 226 943 Μέγας
240 907 297 934 οὖν
312 908 329 935 δ
346 907 418 940 Θεὸς
432 907 467 934 ἐν
481 907 543 940 τοῖς
551 907 669 942 Λο-γιίοις
683 906 823 941 ὑμνεῖται.
838 906 874 933 οὐ

961 907 1076 942 Magnus
1086 906 1189 942 quidem
1199 905 1269 934 Deus
1286 906 1313 933 in
1324 905 1468 940 Scripturis
1479 905 1614 932 laudatur.
1627 904 1708 936 Deus.

91 954 161 990 πρὸς
182 953 394 989 ἀντιπαράθεσιν
417 955 431 980 ὁ
454 953 519 985 Θεὸς
546 953 631 988 μέγας
659 953 741 988 φησιν
767 953 872 989 ἑτέρου,

91 999 186 1034 ὥσπερ
212 998 274 1034 βοῦς
290 999 389 1034 μείζων
409 999 555 1035 προϐάτου,
579 1000 595 1034 ἠ
619 998 723 1034 κύαμος
745 998 875 1034 κέγχρου·

91 1046 160 1073 ἀλλὰ
172 1045 216 1073 διὰ
230 1045 261 1072 τὸ
274 1045 444 1081 ἀπαράθετον
462 1045 510 1072 καὶ
524 1044 607 1076 ὅντως
625 1044 814 1079 ἀκατάληπτον
829 1044 879 1079 τῆς

92 1092 167 1124 θείας
188 1091 408 1127 μεγαλειότητοςθ
427 1091 506 1118 τοῦτο
521 1089 575 1126 γὰρ
598 1091 716 1126 ὲαήμανε
734 1091 765 1116 τὸ
782 1089 876 1122 ἰδίως,

90 1138 176 1174 ἤγουν
189 1138 306 1173 ἰδιότητα
320 1136 414 1164 εἰπών.

129 1185 143 1220 §
164 1185 196 1212 11.
219 1184 318 1218 Μέγας
339 1183 398 1219 μὲν
420 1183 476 1210 οὖν
501 1185 517 1210 ὀ
542 1183 614 1216 Θεὸς
638 1182 816 1217 ὀνομάζεται.
846 1183 878 1209 Et

90 1232 140 1259 καὶ
162 1230 306 1266 ἑρμηνεύει
328 1229 382 1255 τῶν
405 1229 452 1255 ἐπὶ
467 1228 534 1255 Θεοῦ
560 1228 806 1264 κατηγορουμένων
829 1228 878 1260 τὰς

90 1276 296 1312 προσηγορίας,
327 1275 383 1302 ἀλλ’
409 1274 516 1310 ἀνάγκη
536 1275 686 1309 Γραφικαῖς
715 1273 879 1309 μαρτυρίαις

89 1322 193 1354 ταύτας
211 1321 356 1357 τρανῶσαι.
373 1321 473 1355 Μέγας
489 1320 537 1356 μὲν
551 1318 597 1347 οὖν
614 1320 734 1355 εἴρηται,
756 1319 820 1346 ἔνθα
834 1320 879 1354 γέ-

89 1375 231 1405 γραπται·
247 1367 346 1402 Μέγας
368 1368 384 1394 ὁ
412 1367 517 1401 Κύριος
533 1365 632 1401 ἡμῶν,
649 1366 697 1393 καὶ
719 1364 836 1400 μεγάλη
858 1366 877 1400 ἠ

91 1415 184 1449 ίσχὺς
198 1415 303 1446 αὑτοῦ,
321 1415 367 1441 καὶ
381 1414 430 1440 ὅσα
445 1412 557 1439 τοιαῦτα
572 1413 601 1439 ὲν
621 1414 654 1448 τῇ
675 1413 785 1448 Γραφῇ·
801 1412 831 1438 ἐδ
849 1412 879 1438 δὲ

90 1457 161 1487 ιὶναι
183 1461 229 1487 καὶ
240 1462 354 1494 μικρὸς,
377 1459 500 1494 δηλοῦται
524 1459 553 1485 ὲν
577 1459 609 1494 τῇ
633 1458 712 1494 τρίτῃ
725 1458 778 1484 τῶν
797 1458 879 1484 Βασι-

91 1505 184 1537 ὴιῶν,
204 1505 267 1532 ἔνθα
280 1506 346 1540 φησὶ
361 1504 429 1541 πρὸς
446 1502 541 1533 Ἠλίαν
554 1504 599 1531 τὸν
619 1504 761 1539 προφήτην
771 1512 777 1518 ·
802 1503 878 1531 Ἰδοὺ

91 1551 177 1586 φωνὴ
193 1551 285 1585 αὔρας
300 1550 429 1584 λεπτῆς,
446 1551 495 1577 καὶ
510 1550 572 1577 ἐκεῖ
586 1549 705 1584 Κύριος·
731 1548 806 1584 δηλοῖ
823 1548 878 1584 γὰρ

927 953 1027 989 inquit,
1044 960 1099 980 non
1114 952 1215 980 dicitur
1237 959 1352 987 magnus
1365 959 1398 979 ex
1419 950 1624 986 comparatione
1646 958 1710 978 cum

927 1000 1028 1033 altero,
1053 999 1125 1027 sicut
1145 999 1195 1026 bos
1218 997 1307 1038 major
1320 1005 1381 1030 cve,
1408 1001 1455 1024 aut
1474 996 1535 1024 faba
1555 997 1645 1029 milio;
1662 997 1710 1024 sed

927 1046 991 1081 quia
1001 1046 1093 1074 divina
1106 1044 1265 1080 magnitudo
1275 1051 1325 1072 nec
1337 1043 1455 1072 conferri
1470 1050 1532 1070 cum
1545 1043 1647 1078 aliquo,
1660 1050 1712 1070 nec

926 1101 990 1121 vere
1013 1091 1207 1128 comprehendi
1235 1094 1344 1126 potest;
1362 1090 1414 1117 hoc
1431 1089 1504 1118 enim
1524 1089 1659 1125 signiﬁcat
1681 1089 1712 1116 τὸ

929 1139 1001 1170 ἰδίως
1015 1146 1063 1166 seu
1078 1138 1272 1173 proprietatem
1288 1136 1415 1164 dicendo.

963 1185 978 1220 §
994 1184 1024 1212 ll.
1040 1185 1078 1211 Ac
1089 1192 1200 1219 magnus
1217 1183 1321 1219 quidem
1336 1182 1405 1210 Deus
1422 1181 1579 1216 appellatur.
1595 1181 1652 1209 Etsi
1668 1181 1711 1209 in-

929 1234 1091 1266 terpretetur
1106 1230 1302 1266 appellationes
1319 1236 1414 1256 eorum
1425 1236 1486 1263 qua:
1499 1228 1532 1256 de
1551 1227 1606 1255 Deo
1625 1235 1712 1255 enun-

928 1277 1048 1310 tiantur,
1072 1281 1165 1304 tamen
1188 1283 1300 1303 necesse
1328 1280 1370 1302 est
1383 1274 1546 1302 testimoniis
1565 1273 1713 1309 Scriptura:

928 1323 1036 1351 easdem
1051 1322 1199 1350 declarare.
1220 1322 1332 1357 Magnus
1344 1321 1453 1357 quidem
1463 1321 1563 1349 dicitur
1579 1321 1624 1348 ubi
1644 1321 1713 1348 scri-

928 1373 1002 1404 ptum
1016 1372 1058 1397 est
1071 1378 1078 1396 :
1095 1368 1208 1403 Magnus
1224 1368 1351 1395 Dominus
1364 1373 1460 1400 noster,
1476 1372 1500 1394 et
1523 1375 1619 1401 magna
1630 1367 1711 1394 virtus

928 1415 984 1450 ejus
997 1421 1021 1448 ιι,
1039 1419 1066 1443 et
1085 1422 1199 1450 quaeque
1213 1414 1313 1442 similia
1324 1414 1352 1441 in
1367 1413 1525 1448 Scriptura:
1538 1413 1609 1448 quod
1622 1416 1712 1440 autem

928 1461 1008 1487 etiam
1023 1469 1117 1495 paruus
1124 1460 1168 1490 sit.
1177 1461 1330 1488 declaratur
1343 1460 1371 1486 in
1387 1459 1466 1486 tertio
1480 1458 1583 1493 Regum
1595 1463 1647 1489 νει.
1664 1457 1712 1485 ubi

928 1507 994 1534 dicit
1007 1507 1142 1542 propheta;
1159 1506 1238 1533 Eliae:
1259 1506 1324 1533 Ecce
1344 1514 1394 1533 vos;
1410 1513 1484 1532 aurtz
1502 1505 1596 1536 tenuis,
1613 1509 1637 1531 et
1656 1504 1713 1531 illic

928 1553 1067 1580 Dominus.
1080 1552 1203 1580 Declarat
1217 1553 1288 1580 enim
1300 1552 1389 1586 ipsum
1402 1551 1474 1578 velut
1487 1550 1712 1585 comprehensum

91 1597 131 1629 ὥς
147 1597 338 1633 περιεχόμενον
357 1597 437 1623 αὐτὸν
453 1596 505 1623 ὑπὸ
520 1596 570 1631 τῆς
583 1595 678 1631 αὔρας,
693 1596 708 1622 ὅ
727 1596 785 1622 ἐστι
815 1594 877 1631 [λε-

929 1601 1046 1630 abaura,
1057 1598 1129 1634 quod
1142 1603 1183 1626 est
1193 1597 1344 1634 [tenuitatis
1351 1597 1390 1632 et]
1403 1596 1555 1631 parvitatis.
1564 1595 1642 1629 Quod
1648 1602 1712 1623 vero

92 1645 225 1680 πτότητος
240 1643 298 1679 καὶ]
310 1643 496 1678 σμικρότητος·
510 1642 540 1668 τὸ
549 1641 577 1668 δὲ
590 1641 690 1674 αὐτὸς,
700 1641 770 1676 ἔχεις
784 1641 878 1668 ἐνταῦ-

92 1690 139 1721 θα,
155 1691 201 1717 καὶ
219 1691 248 1716 ὲν
270 1689 320 1725 τῷ,
337 1688 410 1724 Ἐγώ
425 1689 492 1722 ειμι,
509 1687 558 1715 καὶ
581 1688 636 1714 οὐκ
650 1687 824 1721 ὴλλοίωμαι.
843 1687 879 1713 Τὸ

91 1735 122 1762 δὲ
139 1736 252 1770 ἕτερον,
267 1735 312 1762 ὅτε
331 1735 370 1771 τῷ
392 1734 517 1769 Ίεζεκιὴλ
530 1733 607 1768 ὤφθη
630 1733 669 1764 ὡς
688 1733 828 1769 ἄνθρωπος
847 1733 880 1760 ὲκ

91 1780 180 1816 πυρὸς
187 1781 233 1807 καὶ
243 1779 384 1815 ἠλέκτρου,
394 1779 440 1806 καὶ
452 1778 573 1814 ἑτέρωθι·
592 1780 623 1805 Ol
630 1777 776 1812 ὀφθαλμοὶ
787 1778 879 1805 αὐτοῦ

90 1826 135 1859 ὡς
144 1825 309 1860 λαμπάδες,
327 1826 374 1852 καὶ
391 1825 425 1852 τὰ
438 1824 533 1851 λοιπά”
550 1824 590 1857 ὼς
604 1824 683 1856 εἶδος
699 1823 814 1858 χαλκοῦ
830 1823 880 1850 καὶ

90 1871 248 1902 κλιϐάνου,
262 1871 330 1907 ὅπερ
346 1871 427 1907 φησὶν
447 1870 570 1906 Ἰωάννης
582 1870 610 1896 ἐν
625 1869 817 1904 Ἀποκαλύψει·
833 1870 881 1897 καὶ

91 1915 207 1952 ὅμοιος,
223 1917 266 1943 ὅτε
286 1917 345 1943 καθ’
361 1917 507 1952 ὁμοιότητα
521 1915 602 1943 αὐτοῦ
618 1915 691 1950 λέγει
706 1916 880 1951 δημιουργεῖν

90 1962 139 1990 τὸν
155 1963 304 1999 ἄνθρωπον.
323 1964 474 1997 Ἀνόμοιος
485 1963 524 1996 δὲ,
536 1963 564 1990 ὲν
585 1963 693 1998 Ἡσαΐᾳ,
708 1963 772 1989 ὃταν
794 1961 877 1998 λέγῃτ

94 2009 157 2036 Τίνι
169 2017 208 2043 με
223 2008 401 2043 ὡμοιώσατε,
417 2008 498 2043 λέγει
520 2009 642 2042 Κύριος,
660 2008 708 2035 ἆτε
723 2008 798 2039 οὐδὲν
811 2007 879 2043 ἔχων

92 2054 198 2090 ὅμοιον.
211 2055 265 2081 Καὶ
276 2054 371 2087 ἑστὼς
384 2054 430 2081 καὶ
446 2052 880 2089 ἀκίνητος-,ἐντῷλέγεινΜωῡσεϊ

90 2101 158 2136 περὶ
182 2101 231 2136 τῆς
261 2100 372 2136 πέτρας,
392 2098 463 2128 Ὧδε
485 2099 542 2135 ἐγὼ
557 2100 671 2134 ἕστηκα
696 2098 753 2133 πρὸ
773 2098 827 2126 τοῦ
842 2106 880 2126 σε

89 2147 169 2174 εἶναι
190 2146 269 2180 ἐκεῖ,
287 2148 332 2174 καὶ
355 2146 390 2173 τὰ
410 2147 498 2182 ὅμοια.
525 2146 697 2181 Καθήμενος
712 2145 740 2172 δὲ
752 2165 759 2177 ,
778 2144 841 2172 ἔνθα
864 2146 879 2172 ὸ

89 2192 201 2228 Βαρούχ
217 2201 299 2228 φησι·
322 2192 365 2220 Σὺ
381 2192 546 2227 καθήμενος
562 2193 605 2224 εις
627 2190 681 2218 τὸν
703 2190 812 2224 αἰῶνα,
829 2191 878 2218 καὶ

89 2238 178 2273 ἡμεῖς
193 2237 394 2272 ἀπολλύμενοι
409 2238 452 2270 εις
466 2236 520 2263 τὸν
541 2235 648 2263 αὶῶναν
667 2236 715 2263 καὶ
735 2235 824 2265 πάλιν·
848 2237 878 2262 '0

930 1654 1030 1681 semper
1042 1645 1111 1672 idem
1123 1644 1168 1676 sit,
1177 1643 1317 1671 habeshoc
1328 1643 1388 1670 loco
1398 1653 1404 1670 ι
1415 1642 1470 1677 Ego
1485 1650 1542 1669 sum
1555 1646 1579 1669 et
1592 1649 1643 1668 non
1654 1648 1714 1667 mu-

930 1697 971 1719 tor
980 1697 1010 1724 3';
1021 1691 1095 1718 aliud
1108 1698 1181 1721 vero,
1196 1689 1304 1725 quando
1316 1689 1391 1717 visus
1408 1693 1450 1716 est
1461 1688 1494 1715 ab
1501 1687 1641 1716 Ezechiele
1655 1691 1714 1713 tan-

929 1745 1011 1772 quam
1026 1737 1105 1764 homo
1122 1744 1155 1764 ex
1172 1736 1232 1771 igne
1246 1740 1272 1763 et
1282 1735 1383 1763 electro
1396 1740 1418 1767 ι,
1432 1738 1459 1762 et
1472 1735 1550 1761 alibi:
1563 1733 1640 1761 Oculi
1654 1733 1712 1767 ejus

930 1789 1053 1818 tanquam
1066 1782 1200 1817 lampades
1208 1788 1220 1802 α
1230 1801 1238 1814 ,
1250 1785 1276 1808 et
1283 1781 1396 1816 reliqua;
1406 1785 1435 1807 ut
1446 1781 1542 1815 species
1548 1780 1609 1807 (eris
1622 1785 1646 1806 et
1654 1779 1711 1813 for-

931 1830 1013 1861 nucis,
1028 1828 1100 1864 quod
1114 1829 1152 1856 ait
1167 1827 1286 1856 Joannes
1302 1828 1330 1855 in
1344 1827 1505 1862 Apocalypsi
1518 1827 1545 1859 1I;
1562 1830 1590 1853 et
1602 1825 1711 1857 similis.

929 1883 992 1903 cum
1016 1874 1115 1904 dicitur
1141 1873 1290 1902 secundum
1303 1874 1508 1901 similitudinem
1517 1880 1594 1900 suam
1603 1879 1714 1900 creasse

930 1921 1075 1948 hominem.
1092 1919 1236 1947 Dissimilis
1250 1924 1351 1950 autem,
1366 1920 1394 1946 in
1407 1918 1621 1954 Isaia¢,quando
1633 1919 1711 1952 dicit,

930 1966 981 1993 Cui
995 1975 1035 2006 me
1056 1966 1236 1998 assimilastis,
1258 1965 1322 1992 dicit
1343 1965 1485 1996 Dominus.
1508 1969 1636 2000 tanquam
1652 1965 1713 1992 nul-

930 2011 985 2039 lum
1005 2012 1108 2040 habens
1128 2012 1226 2040 simile.
1248 2011 1280 2039 Et
1303 2016 1377 2039 stans
1389 2031 1397 2044 ,
1415 2015 1443 2039 et
1466 2012 1608 2039 immobilis
1621 2031 1629 2045 ,
1648 2019 1711 2039 cum

930 2057 1015 2093 Moysi
1046 2058 1079 2085 de
1105 2062 1182 2093 petra
1210 2058 1302 2086 dicit:
1332 2057 1383 2084 llic
1403 2065 1448 2092 ego
1478 2057 1540 2085 steti
1572 2062 1712 2092 antequam

931 2108 959 2130 tu
973 2112 1042 2132 esses
1061 2104 1132 2137 illic,
1146 2107 1172 2132 et
1193 2105 1308 2137 similia;
1325 2104 1415 2132 sedens
1439 2111 1512 2136 vero,
1534 2104 1579 2131 ubi
1604 2103 1711 2131 Baruch

929 2150 1036 2178 dicitd:
1062 2150 1103 2177 Tu
1119 2150 1192 2178 sedes
1209 2151 1236 2178 in
1256 2155 1393 2181 teternum.
1412 2155 1436 2177 et
1458 2159 1505 2177 nos
1525 2150 1666 2184 peribimus
1683 2151 1712 2177 in

929 2203 1030 2228 wvum;
1045 2200 1071 2224 et
1086 2196 1183 2223 iterum
1194 2206 1199 2223 :
1217 2197 1268 2229 Qui
1280 2196 1349 2223 sedet
1360 2204 1437 2230 super
1447 2195 1579 2223 cherubim
1589 2201 1611 2223 ε.
1622 2195 1712 2224 Motus

929 2249 1010 2271 vero.
1031 2247 1061 2269 ut
1074 2242 1183 2277 quando
1196 2242 1280 2270 dicit:
1296 2242 1328 2269 Et
1344 2243 1463 2269 ascendit
1479 2250 1556 2276 super
1567 2242 1710 2274 cherubim,

89 2283 260 2318 καθήμενος
274 2284 323 2310 ἐπὶ
341 2283 400 2310 τῶν
415 2282 564 2317 χερουὸιμ.
580 2283 762 2317 Κινούμενος
776 2282 805 2309 δὲ
815 2301 823 2313 ,
840 2282 877 2314 ὡς

930 2292 955 2315 et
967 2288 1062 2315 volavit
1075 2287 1098 2320 ί,
1111 2295 1143 2315 ac
1159 2289 1255 2315 iterum
1270 2298 1276 2315 :
1299 2288 1397 2319 Venite.
1412 2288 1598 2315 descendamus
1609 2294 1634 2315 ct
1648 2297 1711 2315 con-

88 2330 156 2357 ὅταν
170 2329 252 2365 λέγῃ·
267 2329 323 2356 Kal
332 2328 421 2363 ἐπέϐη
433 2329 483 2355 ἐπὶ
494 2328 644 2363 χερουσῖμ,
656 2328 705 2355 καὶ
715 2328 875 2362 ἐπετάσθη·

88 2375 138 2402 καὶ
163 2374 242 2401 πάλιν
257 2383 263 2390 ·
291 2374 379 2402 Δεῦτε
406 2374 585 2407 καταϐάντες
600 2395 608 2407 ,
630 2375 804 2410 συγχέωμεν
824 2373 878 2407 τὰς

88 2420 235 2457 γλώσσας
262 2419 376 2447 αὐτῶν
402 2421 466 2453 καὶ,
489 2421 630 2448 Ἐκλινεν
654 2420 802 2455 οὐρανοὺς
828 2420 878 2447 καὶ

88 2466 210 2500 κατέϐη.
226 2467 281 2494 Καὶ
294 2465 379 2493 ταῦτα
398 2466 446 2501 μὲν
460 2466 520 2493 νῦν·
535 2467 565 2493 ὲν
579 2467 608 2493 δὲ
622 2467 682 2498 ταῖς
704 2466 773 2493 κατὰ
796 2466 878 2502 μέρος

89 2513 249 2549 ὲξηγήσεσι,
263 2513 298 2539 τὰ
310 2512 403 2539 δέοντα
419 2512 655 2548 σαφηνισοὴσεται.

129 2559 165 2586 Τὸ
184 2559 311 2594 μέγεθος
328 2559 416 2586 τοῦτο
436 2559 485 2585 καὶ
507 2558 631 2593 ἄπειρόν
653 2558 746 2586 ἐστιν.
770 2558 877 2594 Ἐπειδὴ

90 2605 247 2633 παντέλειον
263 2605 350 2641 πέρας
372 2604 427 2640 ἔχει
444 2606 458 2630 ὁ
474 2604 554 2636 θεὸς,
571 2604 616 2631 καὶ
632 2604 804 2640 ὑπερτέλειος
818 2604 857 2631 ὢν
867 2624 876 2636 ,

91 2653 138 2679 καὶ
153 2651 336 2686 ὑπεράπειρός
345 2651 430 2681 ἐστιν,
437 2651 475 2682 ὡς
481 2650 520 2682 τὸ,
530 2650 584 2677 Καὶ
594 2650 648 2684 τῆς
653 2650 815 2683 ,βασιλείας
823 2651 877 2677 αὐ-

90 2698 144 2725 τοῦ
162 2699 218 2725 οὐκ
240 2698 324 2725 ἔσται
345 2696 452 2730 πέρας·
471 2696 538 2723 ἀλλὰ
549 2697 595 2724 καὶ
611 2697 680 2732 ὑπὲρ
697 2697 784 2724 πάντα
803 2697 877 2725 ἐστὶν

90 2743 209 2779 ἀριθμόν
218 2752 226 2759 ·
238 2744 262 2770 εί
275 2743 329 2779 γὰρ
342 2742 389 2769 καὶ
400 2742 505 2776 λέγοιτο
517 2743 603 2775 ὸΘεὺς
610 2740 650 2775 εἷς
658 2743 704 2770 καὶ
710 2743 753 2775 ἒν,
761 2740 876 2770 ἀλλ’-οὗν

146 2826 159 2840 ιι
177 2819 248 2847 Psal.
267 2805 358 2852 cxtvt,
376 2820 402 2848 5.

90 2856 108 2876 1'
124 2855 181 2888 Cap
209 2863 247 2887 Ix,
266 2863 290 2882 v.
310 2855 337 2882 Ξ.

88 2898 137 2924 at,
157 2890 181 2917 ’1.
231 2890 244 2910 ιι
263 2889 284 2917 ιι
301 2889 437 2926 Regnum,
456 2891 498 2918 10.

450 2824 491 2838 νί
508 2819 573 2855 Cap.
592 2828 636 2848 nx
651 2839 659 2852 ,
706 2829 732 2847 v.

551 2892 558 2911 ί
580 2890 644 2919 Luc.
664 2899 683 2925 ι,
701 2891 744 2919 55.

761 2820 804 2848 12.
852 2825 867 2845 1
884 2820 947 2849 Mal.
966 2828 1008 2854 Ill,
1025 2821 1052 2848 6.

392 2861 403 2874 ε
419 2854 488 2898 Cap;
501 2854 590 2898 nev;
607 2855 651 2883 25.
699 2855 796 2898 ᾔρει).
815 2863 856 2889 ιιι,
880 2865 905 2898 νἶ
924 2856 952 2884 3.

929 2333 1071 2368 fundamus
1093 2334 1196 2369 linguas
1215 2342 1303 2361 eorum
1318 2336 1340 2361 κ.
1360 2334 1408 2362 Ει;
1432 2334 1572 2361 Inclinavit
1592 2335 1668 2362 cados
1685 2339 1711 2362 et

928 2378 1091 2411 descendith,
1105 2383 1132 2407 et
1147 2380 1204 2407 haec
1221 2380 1329 2414 quidem
1346 2380 1437 2408 modo.
1455 2381 1482 2408 In
1499 2381 1711 2416 particularibus

928 2429 1018 2453 autem
1041 2426 1289 2460 explicationibus.
1315 2426 1386 2460 quod
1418 2427 1603 2454 necessarium
1629 2427 1712 2455 fuerit

928 2476 1086 2507 exponetur.

963 2559 1043 2594 203
1064 2558 1220 2594 Magnitudo
1235 2559 1289 2586 Ita'c
1303 2564 1327 2586 et
1342 2559 1448 2594 inﬁnita
1469 2565 1516 2587 cst.
1534 2560 1710 2595 Quandoqui-

928 2604 989 2632 dem
1003 2605 1074 2633 Deus
1091 2606 1169 2632 linem
1185 2606 1295 2632 omnino
1310 2605 1458 2640 perfectum
1476 2606 1583 2638 habeat.
1598 2614 1659 2633 cum
1674 2606 1711 2633 sit

928 2658 1010 2686 supra
1024 2651 1217 2686 perfectionem
1245 2659 1293 2678 seu
1315 2651 1406 2685 ﬁnem,
1423 2652 1504 2679 etiam
1520 2659 1603 2687 supra
1619 2651 1710 2678 inlini-

927 2702 1010 2726 tatem
1024 2699 1090 2731 erit,
1103 2702 1133 2725 ut
1152 2697 1237 2725 illud:
1256 2697 1291 2724 Et
1302 2697 1374 2733 regni
1393 2697 1450 2733 ejus
1466 2706 1518 2724 non
1533 2698 1582 2725 erit
1600 2697 1661 2732 ﬁnis
1675 2696 1683 2716 ί
1701 2705 1708 2724 :

926 2744 1075 2780 quinetiam
1102 2751 1210 2772 omnem
1235 2752 1379 2772 numerum
1404 2748 1539 2780 superat:
1563 2743 1615 2771 etsi
1636 2742 1709 2770 enim

1106 2826 1117 2839 τ
1139 2821 1238 2849 Ezech.
1269 2829 1294 2855 ι,
1311 2820 1357 2851 26.
1382 2820 1428 2848 27.

1475 2819 1496 2855 ιι
1508 2819 1575 2846 Dan.
1607 2827 1634 2855 ξ,
1643 2851 1658 2855 _
1676 2818 1703 2844 6.

1001 2861 1015 2877 ι
1030 2856 1103 2885 Psal.
1121 2864 1214 2886 xcvm.
1232 2856 1259 2885 1.
1309 2856 1319 2876 ί
1339 2855 1410 2884 Psal.
1430 2862 1496 2887 xvn,
1517 2855 1559 2882 il.

1609 2854 1622 2875 ⁸
1639 2851 1707 2881 Gen.
