1940 3064
251 177 302 207 371

652 180 822 207 At'l’bNDlx
838 180 883 206 AD
901 179 1012 207 OPERA
1029 179 1058 207 S.
1078 179 1226 207 DlONYSll
1240 179 1480 209 ΔΒΕΟΡΔΟΙΤᾸΞ.
1500 186 1505 192 ’

1813 180 1866 208 572

249 236 323 264 Deus
346 236 452 265 dicatur
475 245 545 265 unus
570 241 598 264 et
620 245 717 269 unum,
739 241 857 264 attamen
882 240 924 264 est
948 244 1024 271 supra

1081 237 1151 273 ὑπὲρ
1166 238 1196 264 τὸ
1211 237 1240 264 ἓν
1255 239 1322 265 ἐστι.
1334 238 1442 273 Κυρίως
1460 238 1508 273 μὲν
1523 237 1577 273 γὰρ
1592 237 1622 265 τὸ
1637 237 1672 264 ἓν
1686 237 1778 273 σχέσιν
1791 238 1866 274 δηλοῖ

250 291 346 311 unum.
363 283 448 312 Unum
469 285 541 312 enim
566 283 676 319 proprie
700 283 897 310 connexionem
912 283 1032 311 declarat

249 337 314 358 cum
336 330 431 358 multis
448 330 569 358 numeris
585 330 631 365 qui
645 329 679 357 ab
702 330 761 364 ipso
779 334 888 361 exeunt.
908 335 936 357 et
950 330 1031 357 veluti

248 376 415 412 principium
431 375 612 403 multitudinis
633 383 808 403 numerorum
824 383 886 403 esse
904 375 1030 404 videtur:

248 425 342 449 tamen
364 422 436 450 Deus
455 421 583 456 dignatus
602 426 645 449 est
667 422 748 449 etiam
770 429 804 449 ex
824 421 879 448 illis
892 429 952 456 quae
966 430 1031 457 pro-

249 468 328 496 duxit
341 476 422 495 unum
441 475 568 496 sumere:
592 467 721 502 quoniam
743 476 842 500 unum,
857 471 898 495 est
919 468 1032 503 simplex

249 517 278 541 et
298 513 465 541 individuum
481 514 509 541 in
531 513 638 548 seipso,
657 516 684 541 et
708 513 819 540 minime
831 514 1030 548 compositum:

249 563 435 587 verumtamen
458 560 540 588 etiam
567 560 608 588 sic
630 560 800 596 ὑπερήνωται
816 567 864 587 seu
885 564 927 587 est
949 567 1032 594 supra

248 612 334 634 unum
347 615 353 633 :
367 605 426 634 ideo
440 605 552 639 dicitur,
567 605 601 632 Et
614 606 730 633 scicntia
743 605 801 640 ejus
825 614 877 632 non
889 609 928 633 est
941 614 1033 633 nume.

247 644 299 680 rus
308 654 333 680 κ.

286 698 301 734 ς
316 697 360 725 lll.
376 698 421 726 Sic
436 699 515 733 igitur
536 705 645 733 parvum
660 699 687 725 in
706 698 771 726 Deo.
789 697 857 726 Nam
877 705 972 726 omnes
987 706 1031 727 res

247 747 276 772 et
291 744 369 772 valde
386 752 490 780 magna:
513 747 540 772 et
559 744 637 772 valde
654 751 744 779 parvae
768 744 932 779 participant
954 744 1031 778 parvi

247 789 487 819 communionem:
510 790 584 818 nulla
601 790 673 818 enim
695 798 740 818 res
751 790 844 826 eil‘ugit
866 798 978 825 parvum
1002 790 1030 817 in

246 837 385 869 omnibus,
402 840 449 864 aut
463 836 527 871 quia
543 844 575 864 ex
594 842 677 872 parvo
697 836 732 864 ad
750 836 839 871 majus
859 836 1031 872 progreditur

248 883 320 918 quod
333 887 457 918 augetur,
472 883 531 910 haec
545 881 612 910 dicit
625 881 716 912 Pater.
731 886 778 910 aut
792 882 855 918 quia
875 890 987 917 parvum
1001 882 1029 910 in

247 929 344 963 majori
365 928 555 956 consideratur
565 949 572 961 ,
584 932 611 956 et
634 936 687 956 non
710 929 799 964 majus
813 929 841 956 in
853 936 946 964 parvo,
962 937 1029 965 qua-
1043 918 1065 946 Β

247 977 328 1003 tenus
347 975 435 1010 majus
448 980 498 1003 est.

286 1076 318 1103 Et
331 1077 490 1112 pertingens.
509 1074 579 1102 Hinc
600 1075 803 1103 demonstratur
820 1076 950 1104 velocitas
965 1083 1029 1111 pro-

240 1126 351 1152 gressus
372 1118 420 1147 Dei
443 1119 478 1147 ad
501 1119 672 1154 incorporea.
693 1118 761 1147 Nam
786 1119 852 1148 illud
876 1121 1029 1158 pertingere

241 1172 329 1200 usque
351 1165 384 1192 ad
406 1165 568 1193 divisionem
591 1166 689 1193 anima:
709 1169 736 1193 et
752 1166 879 1201 spiritus;
896 1175 940 1196 res
955 1169 1027 1195 enim

241 1211 279 1238 ita
291 1218 322 1238 so
338 1210 436 1245 habet;
453 1211 505 1239 hoc
521 1211 641 1239 declarat
653 1211 725 1246 quod
738 1212 819 1239 etiam
835 1212 924 1247 ipsum
939 1213 1029 1240 incor-

240 1264 354 1293 poreum
378 1257 515 1284 uniforme
535 1257 633 1285 anima‘
651 1265 667 1284 a
688 1257 742 1285 Deo
756 1258 839 1286 dividi
853 1259 949 1293 possit.
967 1259 1029 1286 Ideo

240 1301 313 1332 Deus
328 1304 505 1340 cogitationes
515 1311 625 1340 quoque
641 1303 765 1340 intelligit
780 1312 849 1340 quas
864 1313 942 1333 mens
955 1311 1027 1333 mola

240 1355 269 1378 et
286 1358 403 1385 operans
422 1351 539 1385 cogitat,
563 1358 625 1386 quae
645 1355 735 1379 tamen
760 1352 877 1380 maxime
900 1352 1027 1387 incorpo-

239 1405 294 1426 reas
313 1401 340 1425 et
357 1397 539 1432 individum;(
546 1397 612 1431 quid
635 1398 707 1425 enim
728 1398 798 1425 inter
816 1398 980 1426 intellectum
1000 1404 1028 1428 et

238 1443 482 1479 intellectionem?)
516 1442 588 1471 Deus
609 1443 714 1472 medius
732 1448 862 1479 penetrat.
874 1444 945 1473 sicut
960 1445 1028 1473 dici-

243 1488 289 1512 tur
303 1493 310 1511 :
325 1485 365 1512 Tu
377 1486 531 1514 intellexisti
543 1487 713 1522 cogitationes
725 1495 794 1514 meas
808 1487 840 1514 de
851 1487 955 1523 longel;
976 1488 1023 1516 sed

242 1531 325 1558 etiam
333 1531 405 1559 inter
417 1532 535 1559 animam
547 1536 574 1560 et
584 1532 721 1568 spiritum,
731 1532 758 1560 id
767 1537 810 1561 est
822 1534 849 1561 in
864 1541 918 1569 quo
925 1541 1023 1562 sensus

1082 283 1150 318 πρὸς
1170 284 1233 315 τοὺς
1257 283 1286 316 ἐξ
1309 284 1390 311 αὐτοῦ
1406 283 1519 316 πολλοὺς
1534 283 1684 320 ἀριθμοὺς,
1714 285 1761 311 καὶ
1784 285 1866 312 οἱονεὶ

1081 330 1152 365 ἀρχὴ
1177 330 1294 365 πλήθους
1314 330 1437 367 ἀριθμῶν
1466 328 1535 358 εἶναι
1555 331 1644 358 δοκεῖ·
1661 331 1735 366 ὅμως
1749 330 1866 365 ἠξίωσεν

1081 377 1096 402 ὸ
1112 375 1177 407 Θεὸς
1193 376 1238 402 καὶ
1253 376 1284 403 τὸ
1297 375 1337 403 ἐν’
1347 377 1379 403 ἐκ
1394 376 1448 403 τῶν
1464 376 1494 409 ἐξ
1508 376 1590 404 αὑτοῦ
1611 377 1754 410 δέξασθαι,
1771 374 1869 414 ἐπειδῆ

1081 421 1111 448 τὸ
1125 421 1159 448 ἓν
1173 421 1275 449 ἁπλοῦν
1290 422 1347 448 ἑστι
1365 423 1412 449 καὶ
1425 423 1527 458 ἀμερὲς
1541 422 1601 450 καθ’
1618 423 1708 455 ἑαυτὸ,
1721 423 1767 449 καὶ
1781 422 1864 449 ἀσύν-

1081 467 1171 494 Θετον·
1190 468 1257 495 ἀλλὰ
1273 469 1320 495 καὶ
1338 467 1424 499 οὕτως
1439 469 1609 504 ὑπερήνωται
1619 488 1626 501 ,
1642 468 1703 495 ἀντὶ
1717 468 1774 501 τοῦ,
1793 468 1864 504 ὑπὲρ

1080 513 1112 539 τὸ
1124 513 1153 539 ἓν
1168 513 1240 539 ἐστι·
1253 513 1292 539 διὸ
1303 513 1420 549 εἴρηται,
1435 513 1490 540 Kal
1502 512 1557 548 τῆς
1570 513 1722 547 συνέσεως
1732 513 1757 532 ⁷³
1770 513 1863 543 αὐτοῦ

1081 561 1136 587 οὐχ
1151 560 1237 588 ἐστιν
1251 555 1384 594 ἀριθμόςι

1081 705 1089 712 ⁵
1117 705 1131 742 §
1148 704 1191 733 lll.
1209 705 1308 739 οὕτως
1329 704 1387 732 οὖν
1398 704 1448 732 ἐπὶ
1467 703 1540 732 Θεοῦ
1562 703 1595 731 τὸ
1610 704 1746 739 qumde
1770 703 1862 731 Πάντα

1080 750 1134 786 γὰρ
1149 751 1183 778 τὰ
1202 751 1280 784 ὅντα,
1297 751 1343 778 καὶ
1357 750 1391 777 τὰ
1406 750 1465 777 λίαν
1487 750 1606 786 μεγάλα,
1622 750 1670 776 καὶ
1684 749 1719 776 τὰ
1732 749 1802 784 ἀγαν
1818 759 1862 785 μι-

1080 796 1145 832 κρὰ,
1158 797 1299 832 μετέχουσι
1314 796 1364 832 τῆς
1377 796 1424 823 τοῦ
1439 795 1537 832 μικροῦ
1551 795 1708 831 μετουσίας
1721 795 1796 822 οὐδὲν
1807 795 1861 831 γὰρ

1079 844 1133 871 τῶν
1152 844 1235 871 ὄντων
1250 843 1359 878 διέφυγε
1378 843 1409 870 τὸ
1431 842 1545 878 σμικρὸν
1569 843 1598 869 ὲν
1619 842 1702 868 πᾶσιν
1716 841 1860 876 ἀναφαινό-

1082 898 1174 925 μενον-
1191 889 1208 925 ἢ
1231 889 1272 916 ὅτι
1286 889 1319 916 ὲκ
1335 887 1433 924 μικροῦ
1449 888 1517 924 πρὸς
1540 887 1571 914 τδ
1593 887 1684 923 μεῖζον
1699 886 1806 923 πρόεισι
1827 887 1861 914 τὰ

1079 936 1108 962 ὲν
1117 934 1239 971 αὐξήσει,
1251 934 1330 961 τοῦτό
1344 943 1425 970 φησιν
1439 935 1453 961 ὁ
1469 934 1572 969 Πατήρ·
1584 933 1600 969 ἢ
1613 934 1654 960 ὅτι
1668 934 1698 960 ὲν
1709 933 1748 968 τῷ
1760 933 1861 968 μείζονι

1077 981 1108 1008 τὸ
1125 981 1221 1017 μικρὸν
1237 981 1418 1017 ἐνθεωρεῖται,
1433 980 1481 1007 καὶ
1496 981 1546 1007 οὐκ
1558 979 1589 1007 ἓν
1602 979 1642 1016 τῷ
1657 979 1749 1015 μικρῷ
1762 979 1794 1006 τὸ
1804 980 1861 1015 μετ-

1078 1028 1123 1060 ζον
1133 1029 1192 1055 κατ’
1207 1027 1272 1055 αὐτὸ
1287 1027 1317 1054 τὸ
1331 1026 1423 1062 μεῖζον
1440 1024 1519 1053 εἶναι.

1111 1074 1166 1100 Καὶ
1180 1073 1393 1108 διικνούμενον.
1411 1072 1447 1100 Τὸ
1463 1071 1656 1108 δπεροξὸτερον
1670 1071 1720 1107 τῆς
1734 1070 1782 1097 τοῦ
1793 1069 1860 1097 Θεοῦ

1077 1119 1123 1145 καὶ
1138 1118 1184 1145 ἐπὶ
1201 1118 1236 1145 τὰ
1258 1117 1391 1153 ἀσώματα
1405 1118 1550 1154 χωρήσεως
1570 1116 1693 1144 ἐντεῦθεν
1717 1116 1858 1152 δηλοῦται·

1076 1164 1106 1191 τὸ
1119 1163 1172 1199 γὰρ
1193 1163 1350 1190 διικνεῖσθαι
1373 1164 1437 1199 ἄχρι
1458 1162 1590 1199 μερισμοῦ
1613 1162 1702 1197 ψυχῆς
1716 1162 1764 1189 καὶ
1781 1162 1861 1189 πνεύ-

1077 1218 1168 1245 ματος·
1176 1209 1246 1237 οὕτω
1256 1209 1309 1245 γὰρ
1323 1209 1394 1245 ἔχειν
1406 1206 1485 1238 δοκεῖ·
1499 1209 1577 1236 τοῦτο
1584 1209 1726 1243 ἀποφαίνει
1744 1228 1751 1240 ,
1762 1208 1802 1234 ὅτι
1815 1208 1861 1235 καὶ

1075 1255 1141 1282 αὐτὸ
1155 1255 1184 1283 τὸ
1199 1255 1342 1290 ἀσώματον
1356 1256 1405 1291 τῆς
1426 1255 1515 1290 ψυχῆς
1529 1255 1642 1286 ὲνοειδὲς
1658 1255 1711 1281 ὑπὸ
1725 1254 1772 1281 τοῦ
1791 1254 1859 1281 Θεοῦ

1074 1301 1233 1337 διαιρεῖσθαι
1246 1301 1363 1329 δύναται.
1381 1301 1427 1328 Διὸ
1441 1301 1488 1328 καὶ
1502 1301 1552 1332 τὰς
1574 1301 1677 1333 ἑννοίας
1689 1302 1704 1328 ὁ
1718 1300 1784 1332 Θεδς
1793 1301 1858 1331 νοεῖ,

1074 1346 1108 1378 ἃς
1122 1347 1136 1373 ὁ
1151 1347 1214 1379 νοῦς
1228 1347 1385 1383 κινούμενος
1399 1347 1446 1374 καὶ
1461 1346 1578 1383 ἐνεργῶν
1593 1348 1658 1378 νοεῖ,
1673 1346 1720 1374 καὶ
1734 1347 1783 1381 τῆς
1799 1354 1861 1372 τοσ-

1073 1392 1159 1428 αύτης
1180 1392 1339 1428 ἀσωματίας
1359 1393 1407 1419 καὶ
1427 1392 1610 1428 ἀδιαιρεσίαςη
1628 1390 1671 1427 (τί
1687 1391 1742 1427 γὰρ
1757 1391 1860 1427 μεταξὺ

1074 1438 1120 1465 νοῦ
1145 1438 1192 1465 καὶ
1216 1438 1371 1474 νοήσεωςς)
1393 1439 1407 1466 ὁ
1429 1438 1494 1470 Θεὸς
1520 1438 1601 1473 μέσος
1623 1439 1726 1473 χωρεῖ,
1750 1437 1788 1470 ὡς
1813 1437 1860 1464 καὶ

1074 1484 1194 1519 εἴρηται-
1210 1484 1251 1511 Σὺ
1266 1483 1404 1518 συνῆκας
1420 1483 1490 1517 τοὺς
1505 1484 1718 1519 διαλογισμούς
1729 1492 1788 1518 μου
1799 1482 1861 1510 ἀπὸ

1071 1531 1234 1565 μακρόθεν-θ
1261 1530 1329 1558 ἀλλὰ
1353 1531 1400 1557 καὶ
1425 1530 1524 1566 μεταξὺ
1549 1531 1598 1565 τῆς
1620 1530 1709 1566 ψυχῆς
1736 1530 1782 1556 καὶ
1811 1528 1860 1556 τοῦ
1883 1531 1886 1535 “

242 1576 380 1605 stabilitos
400 1577 548 1610 habemus,
565 1586 613 1613 per
626 1579 698 1614 quod
717 1579 798 1606 etiam
823 1580 912 1606 anima
936 1581 1023 1608 sensi-

1077 1576 1238 1612 πνεύματος,
1255 1577 1393 1603 τουτέστιν
1408 1577 1437 1603 ὲν
1458 1573 1481 1610 ᾧ
1497 1577 1548 1608 τὰς
1563 1576 1700 1611 αἰσθήσεις
1715 1575 1862 1611 ἐπεστήρι-

242 1622 314 1650 libus
337 1623 469 1656 intendit,
496 1629 522 1651 et
546 1624 600 1651 vim
629 1625 798 1659 intelligendi
824 1626 1023 1660 speculationes

240 1668 394 1701 habemus,
417 1669 489 1697 Deus
518 1670 578 1698 sine
600 1670 794 1705 impedimento
813 1672 920 1698 transit.
946 1671 1023 1699 Hunc

239 1722 306 1743 vero
321 1716 446 1750 spiritum
466 1717 602 1751 sapientes
615 1715 770 1743 (imorum
789 1721 888 1743 vocant
908 1717 1022 1743 faculta-

239 1765 304 1794 tem,
316 1765 343 1789 et
353 1762 435 1788 veluti
449 1761 598 1789 secundam
607 1763 725 1789 animam
737 1763 894 1790 sensitivam
908 1763 1019 1790 anima}:

240 1815 305 1844 ergo
319 1808 409 1835 anima
434 1807 492 1835 haec
516 1808 646 1835 sensitiva
667 1812 791 1843 penetrat
813 1817 899 1843 usque
917 1809 949 1835 ad
966 1816 1022 1835 me-

239 1855 329 1882 dullas
345 1859 372 1882 et
386 1862 479 1886 venas,
491 1857 518 1881 et
535 1854 663 1887 arterias,
678 1857 705 1882 et
718 1861 792 1886 ossa,
810 1859 837 1882 et
851 1858 937 1881 totum
961 1862 1022 1881 cor-

239 1907 301 1934 pus.

275 1989 290 2025 §
315 1988 359 2016 IV.
384 1988 461 2022 Quod
483 1996 535 2016 non
556 1993 640 2022 potest
660 1988 751 2018 minui,
769 1989 922 2024 ingenitum.
952 1989 1020 2016 Nola

237 2038 304 2070 quot
319 2035 407 2062 modis
422 2038 547 2062 sumatur
560 2034 723 2070 signiﬁcatio
745 2035 866 2069 ingeniti;
887 2039 932 2062 aut
947 2035 1019 2069 quod

236 2079 352 2109 necdum
375 2082 514 2116 genitum,
533 2081 581 2108 sed
608 2080 783 2116 gignendum.
797 2085 826 2107 ut
844 2081 910 2108 Sara
932 2081 1017 2112 dixit,

239 2124 382 2159 Nunquam
401 2125 463 2151 mihi
479 2125 588 2156 accidit,
612 2125 654 2152 vel
674 2129 703 2151 ut
722 2124 803 2160 zoﬁI
819 2125 1017 2160 imperfectum,

235 2171 307 2198 sicut
318 2171 403 2198 turris
418 2171 444 2197 in
463 2171 598 2199 Chalane:
615 2171 656 2198 vel
671 2174 700 2198 ut
713 2172 746 2198 ab
755 2172 858 2206 aliquo.
873 2176 902 2198 ut
919 2171 1019 2200 Paulus

236 2217 386 2251 apostolus,
405 2225 459 2244 non
474 2225 506 2244 cx
519 2218 674 2246 hominibus
687 2219 744 2246 :vel
760 2223 854 2246 contra
869 2222 899 2246 ut
911 2218 1016 2250 Justus,

1073 1622 1175 1657 γμένας
1199 1622 1313 1658 ἔχομεν,
1339 1622 1371 1648 δι’
1400 1619 1430 1649 οὗ
1451 1622 1497 1649 καὶ
1516 1623 1572 1653 τοῖς
1591 1621 1728 1656 αἰσθητοῖς
1747 1622 1763 1656 ἡ
1786 1620 1860 1656 ψυχὴ

1073 1668 1246 1704 προσϐάλλει,
1262 1669 1309 1695 καὶ
1323 1668 1354 1695 τὸ
1368 1668 1535 1704 διανοητικὺν
1544 1668 1597 1695 τῶν
1614 1667 1734 1702 σκέψεων
1750 1666 1858 1702 ἔχομεν,

1072 1713 1218 1746 ἀκωλύτως
1233 1715 1318 1750 χωρεῖ
1336 1714 1350 1740 ὁ
1366 1714 1442 1746 Θεός.
1461 1713 1548 1740 Τοῦτο
1563 1714 1591 1740 δὲ
1606 1714 1636 1740 τὸ
1652 1713 1760 1749 πνεῦμα
1780 1713 1860 1740 δύνα-

1073 1768 1119 1794 μιν
1140 1761 1186 1786 καὶ
1207 1761 1286 1787 οἱονεὶ
1306 1761 1434 1796 δευτέραν
1455 1760 1543 1796 ψυχὴν
1559 1760 1718 1795 αἰσθητικὴν
1737 1759 1788 1795 τῆς
1808 1759 1860 1794 ψυ-

1071 1805 1122 1840 χῆς
1144 1807 1168 1832 οἱ
1189 1807 1252 1842 παρ’
1269 1806 1380 1841 Ἕλλησι
1402 1806 1477 1841 σοφοὶ
1502 1805 1645 1832 καλοῦσιν·
1662 1807 1678 1842 ἡ
1698 1803 1746 1832 οὖν
1763 1806 1860 1841 αἰσθη-

1070 1851 1133 1886 τικὴ
1147 1851 1214 1886 αὕτη
1230 1852 1302 1887 ψυχή
1318 1852 1392 1878 ἐστιν
1407 1853 1422 1887 ή
1442 1851 1521 1887 μέχρι
1536 1851 1656 1886 μυελῶν,
1673 1851 1720 1878 καὶ
1733 1851 1839 1886 φλεϐῶν
1849 1871 1858 1883 ,

1071 1897 1117 1922 καὶ
1132 1897 1286 1932 ἀρτηριῶν,
1311 1897 1359 1925 καὶ
1378 1897 1492 1930 ὀστέων,
1517 1897 1563 1924 καὶ
1588 1896 1649 1923 ὅλου
1665 1897 1712 1923 τοῦ
1734 1896 1859 1932 σώματος

1070 1942 1211 1976 διήκουσα.

1107 1987 1180 2023 §IV.
1207 1988 1377 2023 Ἀμείωτον,
1393 1989 1567 2024 ἀγέννητον.
1591 1989 1745 2025 Σημείωσαι
1767 1998 1854 2016 ποσα-

1069 2034 1124 2069 χῶς
1139 2033 1304 2069 λαμϐάνεται
1325 2035 1378 2062 τοῦ
1399 2035 1566 2069 ἀτεννήτου
1587 2037 1603 2071 ἡ
1627 2035 1766 2070 σημασία·
1790 2036 1807 2071 ἧ
1827 2035 1858 2062 τὸ

1071 2082 1309 2117 μήπωγενόμενον,
1316 2082 1509 2118 γεννησόμενον
1523 2081 1552 2108 δὲ
1562 2082 1607 2113 ⁷³⁸,
1616 2081 1653 2113 ὼς
1663 2082 1679 2117 ἡ
1689 2082 1780 2117 suppa
1795 2079 1858 2108 sim

1068 2128 1108 2159 τὸ,
1128 2128 1214 2154 οὔπω
1228 2129 1286 2162 μὲν
1301 2129 1364 2162 ἐμοὶ
1381 2129 1516 2163 γέγονεν·
1533 2128 1550 2163 ἢ
1573 2128 1610 2160 ὡς
1625 2127 1792 2160 ἀτελείωτον,
1817 2128 1858 2159 ὡς

1068 2174 1082 2199 ὁ
1105 2174 1133 2199 ὲν
1157 2173 1266 2209 Χαλάνῃ
1289 2174 1405 2209 πύργος’
1429 2174 1445 2209 ἦ
1466 2174 1518 2200 ὺπό
1540 2183 1596 2205 του,
1622 2174 1660 2205 ὡς
1687 2174 1727 2205 τὺ,
1752 2174 1858 2206 Παῦλος

1068 2219 1217 2251 ἀπόστολος
1233 2220 1284 2246 οὐκ
1303 2219 1332 2252 Ξξ
1346 2219 1494 2256 ἀνθρώπων
1503 2229 1510 2236 ·
1522 2220 1538 2256 ἢ
1551 2221 1621 2253 τόδε,
1635 2220 1672 2252 ὡς
1690 2219 1805 2252 Ἰοῦστος
1815 2219 1858 2252 εἷς

235 2270 306 2290 unus
318 2271 334 2290 e
347 2263 506 2296 duodecim,
528 2268 575 2292 aut
589 2265 661 2300 quod
683 2266 759 2292 nullo
779 2265 860 2292 modo
873 2269 926 2297 est,
948 2266 1018 2293 sicut

1075 2265 1120 2291 τῶν
1136 2265 1253 2292 δώδεκαθ
1270 2265 1287 2300 ἢ
1312 2266 1421 2301 μηδαμῆ
1440 2266 1571 2301 μηδαμῶς
1586 2266 1629 2296 ὃν,
1656 2266 1693 2298 ὡς
1709 2266 1758 2292 ὃσα
1773 2275 1857 2302 τερα-

235 2309 358 2344 prodigia
374 2317 389 2336 a
411 2309 513 2338 Graecis
538 2311 624 2342 dicta.
641 2311 729 2346 Scylla
758 2315 786 2338 et
805 2311 957 2343 Chimzera,
986 2319 1018 2339 ac

235 2353 345 2387 similia,
363 2355 513 2391 ingenitum
527 2360 570 2384 est
590 2357 619 2383 in
634 2356 699 2384 Deo.
720 2357 749 2384 In
768 2357 850 2384 idem.
866 2357 933 2384 Cum
949 2357 1017 2384 dixit

234 2398 319 2426 Deum
332 2407 393 2428 esse
412 2400 572 2436 ingenitum,
584 2402 673 2437 expiat
693 2402 879 2438 inauspicatas
898 2403 1016 2430 nominis

235 2443 487 2478 interpretationes,
511 2446 621 2481 aitque:
645 2447 728 2479 Vide,
751 2455 786 2475 ne
808 2455 924 2483 usurpes
946 2449 1016 2475 hanc

233 2489 380 2517 dictionem
409 2498 459 2525 pro
484 2493 626 2525 generari,
651 2497 781 2528 tanquam
807 2493 878 2522 Deus
905 2494 1017 2522 haberet

235 2532 351 2567 aliquem
374 2541 404 2561 se
430 2534 579 2568 majorem,
605 2540 634 2563 ut
659 2537 693 2564 ab
713 2545 746 2564 eo
769 2538 816 2572 qui
838 2542 902 2565 ante
927 2539 1015 2573 ipsum

234 2577 333 2609 fuerat,
349 2581 415 2605 tunc
426 2580 534 2613 genitus
551 2580 642 2610 fuerit.
659 2589 746 2616 neque
761 2582 885 2614 Creator,
901 2587 948 2609 aut
968 2583 1016 2610 bo-

233 2629 297 2650 nus.
309 2625 356 2649 aut
367 2622 491 2658 spiritus,
508 2627 555 2651 aut
569 2625 650 2659 ignis,
665 2629 712 2653 aut
727 2626 829 2660 aliquid
842 2627 913 2655 tale:
928 2635 1015 2663 neque

270 2693 282 2713 ι
301 2693 372 2723 Psal.
390 2701 480 2729 cum,
499 2695 524 2724 5.
563 2695 569 2714 ¹
589 2694 661 2723 Psal.
678 2704 808 2727 cxxxvm.
826 2698 854 2725 5.

1069 2311 1190 2337 τεύονται
1207 2311 1345 2347 Ἕλληνες,
1369 2311 1500 2344 Σκύλλαν,
1519 2312 1565 2338 καὶ
1580 2312 1733 2347 Χίμαιραν,
1755 2312 1804 2338 καὶ
1818 2311 1856 2338 τὰ

1069 2356 1157 2391 ὃμοια.
1182 2357 1282 2388 Ίδικῶς
1302 2355 1347 2384 οὖν
1372 2358 1418 2384 καὶ
1434 2357 1573 2389 ἀπολύτως
1592 2357 1622 2384 τὸ
1646 2357 1791 2393 ἀγέννητον
1807 2357 1857 2384 ἐπὶ

1068 2401 1135 2428 Θεοῦ
1145 2402 1177 2428 ’⁸.
1194 2403 1240 2434 Et;
1255 2402 1285 2429 τὸ
1298 2403 1370 2429 αὑτό.
1383 2402 1474 2429 Εἰπὼν
1489 2403 1633 2438 ἀγέννητον
1645 2403 1691 2430 τὸν
1710 2403 1786 2434 Θεὸν,
1802 2403 1856 2434 τὰς

1068 2448 1261 2484 παλιμιρήμους
1281 2449 1425 2484 ἑρμηνείας
1442 2449 1489 2475 τοῦ
1511 2449 1640 2484 ὀνόματος
1660 2448 1854 2484 ἀποκαθαίρει,

1068 2494 1114 2521 καί
1129 2503 1226 2530 φησιν’
1249 2495 1318 2530 Ὅρα
1339 2494 1376 2530 μὴ
1399 2495 1439 2526 εἰς
1460 2495 1491 2521 τὸ
1510 2494 1687 2530 γεγεννῆσθαι
1715 2494 1777 2530 δέξῃ
1801 2494 1854 2529 τὴν

1066 2539 1154 2573 λέξιν,
1171 2541 1209 2572 ὡς
1223 2540 1270 2567 τοῦ
1288 2540 1356 2567 Θεοῦ
1370 2540 1476 2575 ἔχοντος
1491 2540 1536 2568 τὸν
1552 2541 1623 2576 ὑπὲρ
1637 2541 1717 2568 αὑτὸν
1734 2560 1741 2570 ,
1758 2540 1803 2566 ἴνα
1817 2540 1853 2566 ὲκ

1065 2586 1111 2612 τοῦ
1127 2586 1179 2622 πρὸ
1192 2586 1273 2613 αὐτοῦ
1291 2585 1418 2623 γέρνηται
1429 2587 1452 2603 ⁷⁸
1466 2585 1600 2618 τόδε,οἶον
1621 2586 1786 2622 δημιουργὸς
1798 2604 1806 2616 ,
1833 2585 1852 2620 ἢ

1065 2631 1179 2666 ἀγαθὸς,
1195 2633 1211 2669 ἢ
1229 2633 1344 2669 πνεῦμα,
1358 2633 1375 2668 ἢ
1391 2633 1460 2670 πῦρ,
1476 2634 1493 2669 ἧ
1508 2643 1534 2660 τι
1549 2633 1681 2661 τοιοῦτον·
1697 2632 1765 2659 ἀλλά
1781 2631 1853 2667 μηδὲ

695 2754 810 2783 VARl/E
829 2755 1019 2785 LECTIONES
1033 2757 1078 2784 ET
1095 2757 1369 2786 CORRECTIONES.

276 2813 299 2828 "
316 2812 474 2845 συνθέσεως.

234 2845 269 2873 Id
293 2852 331 2874 est
353 2849 492 2875 secundum
516 2845 590 2877 nihil'
606 2845 709 2878 tum.

524 2815 571 2851 7’7"
584 2814 666 2850 μήπω
679 2814 857 2851 γεννώμενον,
876 2815 1104 2851 γεννηθησόμενον
1123 2815 1162 2843 δὲ.
1199 2816 1222 2832 ⁷⁵
1238 2816 1333 2851 ἤγουν
1353 2817 1427 2844 κατὰ
1439 2816 1536 2851 μηδὲν
1566 2816 1680 2843 τούτων
1692 2815 1741 2842 ἐπὶ
1759 2816 1850 2845 Θεοῦ.

760 2850 783 2866 ⁷⁸
794 2850 960 2885 ἀγέννητον
979 2851 1096 2886 ἁκούων
1115 2851 1164 2878 ἐπὶ
1181 2851 1254 2878 Θεοῦ
1272 2850 1462 2886 βλασφήμως
1491 2851 1672 2885 ἑπινοήσῃς,
1694 2852 1734 2884 ὡς
1756 2851 1852 2886 μήπω

234 2884 404 2922 γενόμενον,
415 2884 440 2922 ’ἢ
463 2885 502 2918 ὡς
518 2887 554 2912 οὑ
571 2885 762 2922 τελειωθέντα
776 2884 823 2918 εις-⁷
835 2885 868 2912 τὸ
882 2895 976 2921 γετεν.
1001 2885 1024 2912 11

1075 2887 1149 2913 iitum
1166 2885 1275 2914 audiens
1301 2884 1378 2921 impie
1397 2884 1463 2914 illud
1485 2884 1663 2922 intelligasde
1679 2886 1744 2919 Deo,
1757 2884 1853 2921 'quau'

234 2918 349 2944 umidum
363 2919 463 2953 genitus
484 2926 560 2955 esset,
583 2926 629 2948 aut
643 2921 757 2949 nondum
772 2918 996 2959 perfcclc‘grnitus
1008 2918 1089 2961 foret,
