1940 3064
100 155 155 184 3'13

468 155 497 180 δ.
511 153 635 181 MAXIM
651 153 796 183 SCHOLIA
811 153 844 181 IN
860 153 923 182 LIB.
942 153 987 182 DE
1006 154 1132 183 DlVlNlS
1148 153 1345 184 NOHlNlBUS.

1667 157 1720 186 574

100 212 266 248 ἀγέννητον
281 210 422 247 ὑπολάϐῃς
440 210 486 237 τὸν
506 210 597 244 αὑτὸν,
615 210 681 246 μηδὲ
702 211 767 238 ὄντα
789 220 873 238 παντε

940 212 1066 240 eumdem
1083 212 1225 247 ingenilum
1245 211 1388 240 arbitreris
1405 219 1455 240 nec
1472 220 1584 248 prorsus
1599 221 1659 242 esse
1673 222 1719 250 ge-

100 258 165 290 λῶς,
184 257 252 293 μήτε
272 257 301 283 ὲν
317 256 437 291 γενέσει,
454 256 522 292 μήτε
537 256 629 292 ἕτερόν
645 264 681 282 τι.
706 255 768 288 Πῶς
782 255 828 284 οὖν
849 257 889 284 δεῖ

98 304 132 331 τὸ
144 303 308 338 ἀγέννητον
317 299 435 335 ἀκούειν,
449 302 533 338 φησὶν
548 301 656 337 ἑφεξῆς.
669 302 761 330 Ταῦτα
775 303 804 329 δὲ
818 303 888 330 κατὰ

105 349 251 386 Ἀρειανῶν
273 348 320 375 κα)⁸
343 347 516 383 Εὐνομιανῶν
536 349 618 381 ποιεῖ,
638 348 692 374 τῶν
715 349 747 376 ὲκ
758 348 886 384 γεννητοῦ

98 396 147 423 καὶ
156 395 304 430 ἀγεννήτου
318 394 363 420 τὸν
374 393 439 420 Θεὸν
449 393 710 429 βλασφημησάντων.

142 440 222 468 Ἀλλ’
236 439 337 474 ὥσπερ
352 439 586 475 παναγέννητον.
607 440 731 475 Ἐπειδὴ,
753 439 790 471 ὥς
805 448 886 475 φησιν

98 486 171 522 ὑπὲρ
190 487 243 513 πᾶν
259 486 404 521 ἀγέννητον
419 486 483 512 ὄντα
506 484 552 511 τὸν
576 485 642 512 Θεδν
654 505 662 518 ,
686 487 758 512 ποιεῖ
781 485 886 522 νομίζε-

98 532 173 564 σθαι,
184 532 230 558 καὶ
245 531 333 566 λέγειν
348 531 428 558 αὑτὸν
443 531 476 558 ὲκ
490 530 586 562 τούτου
600 529 669 558 εἶναί
684 539 744 558 τινα
758 531 826 566 μετὰ
837 530 886 567 τὴν

97 576 180 613 ἁγίαν
195 578 297 614 Τριάδα
317 577 451 612 ἀγέννητα
478 577 506 603 ὲν
526 578 560 612 τῇ
585 576 686 611 κτίσει,
712 576 777 612 φέρε
802 577 886 612 σαφὲς

98 625 257 660 ποιήσωμεν
278 624 308 651 τὺ
331 623 537 659 σημαινόμενον.
562 623 616 649 Καὶ
633 623 702 654 τέως
720 623 798 658 δῆλός
813 623 888 655 ἐστιν,

97 670 129 702 ἐξ
151 670 238 706 ἀρχῆς
264 670 278 696 ὁ
302 669 372 701 θεῖος
399 669 552 701 Διονύσιος,
568 668 616 696 ἆτε
644 668 760 703 μάλιστα
774 669 833 695 τότε
855 669 884 695 ὲν

103 715 208 750 Ἐφέσῳ
230 715 407 750 ἀκμαζόντων
431 714 485 741 τῶν
514 713 683 749 φιλοσόφων,
707 713 771 740 ἔνθα
796 714 843 740 καὶ
866 715 885 749 ἡ

103 760 208 796 Ἰωνικὴ
229 760 372 795 φιλοσοφία
389 760 570 795 συνειστήκει,
587 759 634 786 τοῦ
650 759 729 794 ἁγίου
752 758 883 794 Τιμοθέου

96 806 245 833 ἐπισκόπου
280 806 374 837 ὄντος,
406 805 562 838 σπουδάζων
591 805 680 832 πάντα
705 803 740 831 τὰ
771 805 884 837 ἐκεινοις

95 851 271 887 ὲσφαλμένως
282 851 425 887 λεγόμενα,
439 851 485 878 ἐπὶ
499 851 547 886 τὴν
563 850 690 887 ἀλήθειαν
708 852 880 886 μεταγαγεῖν.

98 883 247 932 ’ᾙδει-οὖν
271 883 447 930 εἷναίδόγμα
465 883 545 921 τινιῖίν
577 883 666 922 αότῶν
690 883 824 928 λεγόντων
849 895 883 921 τὰ
898 883 919 910 Β

95 942 178 977 νοητὰ
190 942 278 969 πάντα
293 942 339 968 καὶ
355 941 486 972 ἀθάνατα,
508 941 555 967 καὶ
569 940 649 976 νοερὰ
664 939 778 976 γεννητὰ
795 940 882 967 πάντα

93 987 143 1014 καὶ
164 987 313 1022 ἀγέννητα’
335 985 452 1022 γεννητὰ
469 986 528 1021 μὲν,
544 985 581 1017 ὼς
600 985 629 1017 ἐξ
644 985 730 1012 αίτιου
752 984 800 1012 τοῦ
815 985 883 1012 Θεοῦ

93 1033 249 1060 ὑποστάντα
271 1032 342 1060 κατὰ
362 1032 474 1068 πρόοδον
495 1031 668 1067 ὲλλάμψεως·
690 1031 823 1067 ἀγέννητα
842 1031 881 1061 δὲ,

93 1079 154 1106 καθ’
169 1079 183 1105 ὃ
200 1078 236 1114 μὴ
253 1079 282 1106 ἐν
298 1079 396 1114 χρόνῳ,
417 1078 474 1105 ἀλλ’
488 1077 613 1111 αἱωνίως,
630 1077 767 1104 τουτέστιν
783 1078 811 1104 ὲν
826 1079 882 1109 τοῖς

92 1126 173 1153 αἱῶσι
192 1125 336 1162 προῆλθον.
361 1124 416 1151 Καὶ
438 1124 493 1161 γὰρ
509 1123 612 1159 ἔφημεν
633 1124 689 1150 ἄνω
711 1123 746 1150 τὰ
765 1123 882 1158 αἰσθητὰ

91 1171 139 1197 τὸν
153 1170 247 1206 χρόνον
260 1169 341 1205 ἔχειν·
358 1169 392 1196 τὰ
415 1168 444 1196 δὲ
462 1168 556 1204 νοητὰ,
565 1169 611 1194 τὸν
627 1168 729 1201 αἰῶνα,
753 1168 814 1195 ὅθεν
834 1169 882 1195 καὶ

91 1214 189 1242 αἰώνια
201 1214 334 1249 λέγονται.
357 1214 400 1246 Ὠς
418 1211 464 1240 οὖν
485 1214 516 1240 ὲκ
536 1213 649 1249 προόδου
671 1213 814 1249 λάμψαντα
835 1214 881 1240 καὶ

90 1261 227 1297 ἀγέννητα
241 1260 311 1288 αὐτὰ
323 1258 413 1287 εἷποψ
429 1260 509 1286 πάλιν
532 1259 590 1295 ᾔδει
614 1259 724 1295 ἐτέρους
747 1261 793 1286 καὶ
805 1259 879 1286 τόνδε

90 1306 138 1332 τοῦ
161 1305 258 1342 ὁρατοῦ
275 1305 401 1337 εἰπόντας
415 1305 515 1339 κόσμον
529 1305 575 1331 καὶ
590 1304 717 1340 γεννητὸν
734 1304 781 1331 καὶ
797 1304 878 1338 ἀγέν-

90 1360 170 1388 νητον
179 1359 187 1367 ·
201 1351 249 1378 καὶ
261 1351 387 1386 γεννητὸν
403 1351 461 1386 μὲν,
476 1350 535 1378 καθ’
546 1351 606 1377 ὅσον
626 1350 666 1381 είς
680 1349 753 1376 τόνδε
767 1349 798 1376 τὸ
812 1351 875 1377 πᾶν·

90 1396 152 1432 ηεξ
166 1396 225 1427 ἑνὸς
239 1396 286 1422 ὲπὶ
300 1395 384 1422 πολλὰ
402 1395 498 1429 ὁδεύει,
515 1396 583 1431 ὅπερ
596 1396 653 1422 ἐστὶ
673 1395 719 1422 ἐπὶ
736 1395 785 1427 τὰς
804 1395 879 1430 γενέ-

90 1450 147 1473 σεις
161 1441 215 1467 τῶν
229 1442 288 1468 κατ’
303 1438 371 1472 εἶδος
386 1441 472 1474 ζώων,
484 1442 530 1468 καὶ
540 1441 641 1476 φυτῶν,
652 1440 699 1467 καὶ
713 1441 766 1467 τῶν
776 1441 875 1468 ἄλλων·

90 1486 106 1522 ἢ
126 1487 158 1513 ἐκ
172 1485 226 1513 τῶν
255 1486 359 1514 πολλῶν
382 1487 429 1513 ὲπὶ
456 1487 487 1513 τὸ
514 1487 552 1520 ἓν,
574 1487 634 1513 ἀντὶ
658 1486 724 1519 τοῦ,
747 1487 811 1513 ὅταν
831 1487 877 1514 ἐπὶ

89 1532 191 1568 φθορὰν
214 1532 368 1580 όδεύῃ,-είς
387 1532 436 1568 τὴν
457 1533 504 1559 ἐπὶ
526 1532 562 1559 τὰ
592 1534 712 1568 στοιχεῖα
732 1532 874 1560 ἀνάλυσιν·
889 1548 914 1580 c

89 1578 233 1614 ἀγέννητον
246 1578 275 1605 δὲ
290 1576 368 1610 αὖθις
381 1579 427 1606 τὸν
446 1579 527 1605 αὑτὸν
542 1578 670 1613 λέγοντας
689 1578 800 1614 κόσμον,
815 1579 875 1614 ἦτοι

89 1625 183 1656 ἀΐδιον,
200 1624 260 1650 καθ’
274 1624 335 1650 ὅσον
348 1624 401 1651 τῶν
418 1624 550 1660 κινήσεων
562 1623 617 1650 τῶν
638 1623 684 1650 ἐπὶ
696 1624 812 1658 γένεσιν,
828 1625 874 1652 καὶ

88 1670 142 1697 τῶν
155 1670 401 1697 ἁποκαταστάσεων
415 1670 469 1696 τῶν
485 1671 531 1696 ἐπὶ
545 1669 657 1705 φθορὰν,
672 1669 799 1696 οὐδέποτε
812 1672 874 1697 κατ’

88 1716 186 1747 αὐτοὺς
195 1716 345 1750 ἐφίσταται.
357 1716 440 1751 Φησὶν
456 1712 502 1742 οὖν
515 1715 529 1742 ὁ
545 1715 631 1750 μέγας
644 1714 790 1746 Διονύσιος,
800 1716 874 1747 ὅπως

88 1762 146 1788 ποτ’
163 1761 196 1788 ἂν
210 1761 315 1796 λέγοιτο
329 1761 359 1788 τὺ
373 1761 529 1796 ἀγέννητον,
545 1760 600 1787 εἴτε
615 1760 652 1792 ὡς
667 1760 745 1796 ἔφην,
762 1760 816 1787 εἴτε
835 1761 874 1792 ὡς

87 1809 111 1834 οι
128 1808 265 1844 Ἕλληνες,
290 1807 327 1844 μὴ
349 1808 395 1834 ἐπὶ
409 1807 457 1834 τοῦ
480 1807 547 1834 Θεοῦ
566 1806 645 1833 τοῦτο
668 1806 749 1843 δέξῃ,
766 1807 800 1833 τὰ
824 1807 872 1842 μὲν

88 1853 154 1881 ἄλλα
165 1854 292 1886 αἰτιατῶς
306 1854 413 1888 λέγεται
426 1853 574 1888 ἀγέννητα,
589 1854 603 1880 ὁ
617 1853 682 1885 Θεὸς
701 1853 729 1880 δὲ
744 1853 872 1885 ἀναιτίως

88 1900 133 1926 καὶ
153 1900 308 1932 ἀπολύτως’
324 1900 366 1932 τίς
389 1899 443 1936 γὰρ
460 1900 533 1926 αἰτία
554 1899 613 1935 Θεῷ
636 1899 744 1926 πάντων
766 1899 870 1933 ἁπαξα-

86 1945 161 1978 πλῶς
175 1937 332 1982 ὑπερέχοντι
342 1954 350 1978 ;

938 257 1036 290 nitum,
1065 264 1115 284 nec
1136 256 1238 292 aliquid
1260 257 1342 284 aliud.
1364 257 1504 290 Quomodo
1521 259 1604 293 igitur
1623 259 1719 287 debeat

938 302 1052 338 intelligi
1067 302 1219 337 ingenitum,
1244 306 1338 337 postea
1352 303 1428 331 dicit.
1443 302 1506 331 Haec
1522 307 1611 331 autem
1624 308 1718 332 contra

936 348 1056 376 Ariauos
1073 351 1100 375 et
1123 346 1308 375 Eunomianos
1329 347 1449 382 faciunt,
1464 349 1511 384 qui
1533 356 1566 377 ex
1581 350 1674 384 genito
1692 353 1719 378 ct

937 393 1058 430 ingenito
1074 393 1268 429 blasphemiam
1282 393 1338 421 Deo
1353 394 1481 422 inferunt.

973 439 1024 468 Sed
1046 445 1171 475 tanquam
1189 440 1294 466 omnino
1313 439 1465 474 ingenitum.
1483 441 1717 476 Quandoquidem,

936 487 967 510 ut
983 484 1030 515 ait,
1047 483 1132 511 Deum
1148 483 1193 519 qui
1209 488 1251 511 est
1264 491 1347 518 supra
1361 492 1440 512 omne
1462 485 1628 520 ingenitum,
1653 487 1718 513 facit

936 529 1099 562 existimari,
1120 533 1146 557 et
1164 529 1256 557 dicere
1276 530 1365 565 ipsum
1378 538 1409 558 ex
1426 531 1478 559 hoc
1501 539 1562 560 esse
1583 533 1672 567 aliqua
1689 533 1717 559 in

936 580 1032 603 sancta
1047 574 1182 603 Trinitate
1205 575 1325 611 ingenita
1339 583 1387 611 per
1402 577 1586 611 creationem;
1603 578 1717 613 agedum

935 621 1108 656 perspicuum
1130 620 1262 649 faciamus
1281 621 1308 648 id
1328 621 1400 656 quod
1426 622 1603 658 signiﬁcatur.
1619 623 1717 652 Hacte-

934 674 987 694 nus
1001 665 1173 693 manifeslum
1189 671 1230 695 est
1244 675 1258 694 a
1272 667 1406 703 principio
1421 667 1449 694 S.
1469 667 1638 703 Dionysium,
1654 677 1716 696 cum

934 710 1052 738 maxime
1067 715 1123 738 tum
1141 712 1268 746 temporis
1285 712 1440 748 philosophi
1461 712 1559 748 Ephesi
1578 713 1716 746 ﬂorerent,

935 755 980 782 ubi
1006 755 1090 783 etiam
1118 756 1209 783 ionica
1235 757 1405 792 philosophia
1432 757 1580 786 constituta
1609 759 1715 791 fuerat,

934 805 1030 828 sancto
1047 800 1189 829 Timotheo
1211 802 1357 837 episeopo,
1382 802 1521 831 studuisse
1544 803 1635 830 omnia
1657 812 1718 839 quae

934 847 969 875 ab
989 847 1044 875 illis
1061 855 1123 875 cum
1145 856 1238 876 errore
1262 848 1400 881 dicuntur,
1418 850 1451 876 ad
1464 850 1606 877 veritatem
1622 850 1717 878 tradu-

933 899 1005 920 cere.
1023 891 1133 920 Sciebat
1152 893 1234 928 igitur
1247 900 1309 920 essc
1324 893 1422 929 dogma
1441 894 1621 928 quorumdam
1640 894 1716 929 ipso-

933 946 994 965 rum
1008 938 1156 965 diCentium
1177 939 1269 966 omnia
1293 938 1476 974 intelligibilia
1494 943 1521 966 et
1540 939 1715 972 immortalia,

932 989 960 1013 et
987 984 1126 1012 intellectu
1155 985 1270 1020 praedita
1293 986 1384 1021 genita
1404 986 1496 1013 omnia
1521 989 1549 1013 et
1572 985 1716 1021 ingenita:

932 1029 1023 1065 genita
1037 1029 1157 1064 quidem,
1173 1035 1202 1057 ut
1219 1029 1274 1058 Deo
1288 1035 1401 1058 auctore
1415 1030 1593 1058 subsistentia
1613 1038 1714 1063 secun-

931 1075 996 1102 dum
1011 1082 1185 1110 progressum
1205 1076 1414 1110 illustrationis;
1436 1076 1554 1111 ingenita
1567 1083 1632 1104 vero
1648 1084 1715 1112 qua-

931 1125 1011 1149 tenus
1025 1129 1079 1148 non
1099 1121 1127 1148 in
1144 1125 1275 1157 tempore,
1297 1123 1344 1150 sed
1360 1126 1502 1155 aeternum,
1515 1123 1541 1150 id
1559 1128 1602 1150 est
1622 1123 1651 1150 in
1664 1131 1716 1152 sae-

931 1167 1001 1194 culis
1027 1171 1231 1202 processerunt.
1252 1167 1320 1195 Nam
1349 1175 1433 1203 supra
1460 1168 1580 1196 diximus
1604 1169 1715 1197 sensilia

930 1212 1032 1241 habere
1056 1217 1180 1248 tempus;
1207 1214 1386 1249 intelligibilia
1412 1222 1497 1248 vero,
1518 1215 1714 1248 mtemitatem,

930 1258 1003 1285 unde
1023 1258 1105 1286 ctiam
1120 1254 1221 1286 aeterna
1241 1259 1380 1288 dicuntur.
1398 1259 1475 1287 Sicut
1496 1260 1580 1296 igitur
1597 1268 1631 1288 ex
1652 1267 1715 1295 pro-

929 1311 1026 1339 gressu
1050 1305 1167 1332 lucentia
1191 1309 1218 1333 et
1243 1305 1363 1341 ingenita
1379 1314 1410 1334 ea
1433 1306 1579 1334 dixerunt:
1605 1311 1713 1339 contra,

929 1349 1034 1377 sciebat
1060 1351 1129 1378 alios
1156 1350 1259 1378 dixisse
1282 1352 1417 1379 mundum
1442 1352 1516 1379 hunc
1546 1352 1667 1388 genitum
1686 1355 1714 1379 et

927 1397 1099 1430 ingenitum:
1120 1404 1152 1424 ac
1174 1397 1294 1432 genitum
1309 1398 1438 1433 quidem,
1456 1402 1593 1434 quatenus
1613 1399 1641 1425 in
1661 1398 1716 1426 hoc

928 1442 1061 1477 quidlibet
1084 1446 1130 1469 aut
1146 1450 1179 1470 ex
1194 1451 1249 1470 uno
1273 1443 1301 1470 in
1324 1444 1410 1471 multa
1434 1444 1624 1480 progreditur,
1640 1445 1714 1479 quod

927 1493 969 1516 est
1011 1489 1039 1515 in
1077 1489 1267 1524 generationes
1309 1489 1519 1524 particularium
1554 1489 1715 1517 animalium

927 1537 955 1562 et
979 1535 1153 1569 plantarum,
1185 1542 1218 1562 ac
1256 1535 1390 1568 aliorum;
1418 1539 1465 1562 aut
1494 1543 1528 1563 ex
1561 1534 1654 1563 multis
1684 1536 1713 1562 in

927 1588 1030 1613 unum,
1048 1588 1115 1615 pro,
1138 1582 1248 1616 quando
1273 1581 1300 1608 in
1330 1581 1533 1616 corruptionem
1557 1582 1661 1614 tendit,
1683 1582 1712 1609 in

926 1627 1123 1654 resolutionem
1148 1626 1228 1662 205
1244 1627 1271 1654 in
1297 1627 1440 1655 elementa.
1470 1627 1621 1662 lngenitum
1646 1635 1716 1665 verq

927 1675 1022 1707 postea
1041 1672 1165 1700 dicentes
1180 1673 1269 1707 ipsum
1284 1673 1427 1705 mundum,
1443 1673 1547 1701 scilicet
1566 1677 1708 1707 aeternum,

926 1721 1062 1752 quatenus
1086 1717 1236 1745 secundum
1257 1718 1333 1752 ipsos
1355 1726 1495 1754 nunquam
1525 1718 1629 1746 insistit
1649 1727 1710 1746 mo-

927 1763 1048 1791 tionibus
1062 1771 1122 1798 quzn
1136 1763 1164 1790 in
1178 1764 1409 1798 generationibus,
1423 1768 1504 1800 atque
1519 1765 1546 1792 in
1563 1765 1708 1800 pristinum

925 1814 1027 1838 statum
1055 1810 1275 1838 restitutionibus
1290 1819 1350 1846 quae
1374 1811 1402 1839 in
1426 1812 1601 1847 corruptione
1629 1819 1708 1851 repe-

922 1856 1040 1884 riuntur.
1062 1856 1132 1884 Dicit
1157 1857 1249 1892 itaque
1271 1865 1386 1893 magnus
1401 1857 1546 1894 Dionysius
1560 1858 1710 1893 quomodo-

923 1909 1031 1937 cunque
1044 1902 1191 1937 aliquando
1205 1903 1314 1930 dicatur
1335 1903 1494 1939 ingenitum,
1517 1904 1574 1932 sive
1589 1908 1619 1931 ut
1639 1904 1707 1936 dixi,

922 1948 980 1975 sive
996 1952 1025 1975 ut
1038 1947 1136 1981 Gnaei,
1153 1956 1208 1975 non
1229 1948 1263 1976 de
1287 1949 1342 1976 Deo
1363 1949 1415 1976 hoc
1431 1950 1560 1985 accipies,
1577 1950 1629 1977 alia
1646 1949 1709 1985 qui-

85 1991 147 2019 dem
161 2000 209 2028 per
228 1992 338 2020 modum
358 1991 471 2020 effectus
493 1991 614 2028 ingenita
629 1991 774 2025 dicuntur;
796 1990 868 2020 Deus
883 2000 958 2026 vero,
985 1994 1044 2022 sine
1064 2002 1148 2022 causa
1177 1999 1205 2022 et
1223 1995 1328 2023 libere:
1344 2003 1404 2030 quae
1428 1996 1501 2024 enim
1525 1995 1580 2024 Deo
1612 2003 1707 2031 causa,

85 2038 135 2074 qui
149 2038 272 2066 absolute
284 2041 312 2066 et
323 2038 450 2066 omnibus
464 2038 596 2066 excellit?

119 2083 286 2117 Μονοειδῶς
303 2084 352 2111 καὶ
371 2083 555 2116 ταύτοειὸῶς.
582 2083 734 2114 Μονοειδῶς
752 2083 802 2118 μὲν
818 2083 870 2119 ἔφη

84 2129 130 2156 διὰ
151 2129 182 2156 τὸ
203 2129 342 2161 παντελῶς
363 2129 554 2165 ἀπαράῦλητον
574 2128 623 2164 τῆς
648 2128 722 2160 θείας
745 2129 868 2162 φύσεως·

84 2174 244 2207 ταὺτοειδῶς
258 2175 287 2202 δὲ
301 2175 345 2202 διὰ
363 2175 394 2201 τὸ
409 2174 584 2201 ἀναλλοίωτον
601 2173 647 2200 καὶ
664 2173 866 2209 ἀμετάϐλητον

959 2083 1096 2118 Uniforme
1108 2084 1226 2119 idemque
1241 2086 1334 2119 specie.
1353 2083 1400 2111 Gr.
1419 2084 1562 2120 μονοειδῶς
1576 2085 1623 2112 καὶ
1638 2087 1706 2113 ταὺ-

919 2129 1036 2161 τοειδῶς.
1053 2129 1125 2157 Dixit
1137 2130 1278 2166 μονοειδῶς
1292 2137 1348 2157 uno
1363 2129 1454 2162 modo,
1468 2129 1530 2164 quia
1541 2130 1652 2157 omnino
1664 2131 1706 2159 di-

921 2175 984 2203 vina
995 2179 1093 2203 natura
1108 2183 1170 2203 cum
1186 2176 1261 2203 nullo
1273 2176 1427 2210 comparari
1437 2175 1541 2210 nequit.
1553 2175 1626 2203 Dixit
1639 2177 1706 2204 ταύ-

85 2219 279 2255 ἀφοριζόμενον
297 2220 326 2246 δὲ
340 2219 372 2246 τὸ
390 2218 574 2253 δεικνύμενον,
589 2218 642 2245 ἀπὸ
655 2217 702 2244 τοῦ
714 2217 814 2254 ὁρίζειν
825 2227 832 2234 ·
849 2217 866 2253 ἢ

930 2221 1026 2253 ὀειδῶς
1039 2221 1134 2249 eodem
1149 2221 1240 2254 modo,
1261 2222 1326 2256 quia
1341 2229 1392 2248 nec
1408 2221 1519 2248 alterari
1540 2229 1591 2249 nec
1605 2223 1705 2250 mutari

85 2264 116 2291 τὸ
132 2264 299 2301 ἐξῃρημένον
313 2265 360 2292 καὶ
375 2263 587 2300 κεχωρισμένον.

120 2361 174 2389 Kal
190 2361 222 2389 τὸ
239 2362 357 2389 ταύτόν.
374 2362 411 2390 Th
425 2362 467 2389 ἀεὶ
483 2362 580 2389 ταὺτδν
597 2361 643 2389 κα)¹
660 2361 791 2394 ὡσαύτως
808 2362 869 2398 ἕχον

84 2408 131 2435 ἐπὶ
147 2407 230 2443 μόνης
241 2408 290 2443 τῆς
303 2408 356 2435 τῶν
367 2408 436 2435 ὅλων
450 2409 592 2444 ποιητικῆς
608 2408 704 2443 ὁρᾶται
719 2408 808 2439 αίτίας
817 2427 824 2440 ,
839 2408 868 2441 ἐξ

84 2451 119 2489 ἦς
136 2452 183 2479 καὶ
197 2453 254 2484 τοῖς
277 2453 407 2489 κτίσμασι
421 2453 452 2480 τὺ
467 2454 496 2480 ὲν
512 2454 656 2488 ταυτότητι
672 2453 809 2488 διαμένειν
825 2453 868 2480 δε-

83 2498 201 2534 δώρηται
212 2518 219 2530 ,
236 2499 282 2525 καὶ
299 2500 315 2534 ὴ
333 2499 386 2526 τῶν
400 2499 536 2532 ἐναντίων,
552 2499 634 2535 ἧγουν
653 2498 779 2535 ὲτεροίως
792 2499 868 2534 ἐνόν-

83 2554 137 2572 των
154 2545 220 2580 πρὸς
230 2545 332 2581 ἄλληλα
346 2545 598 2578 σύνταξις.Ταὺτῶς
611 2543 657 2572 οὖν
670 2545 755 2576 ἅπαν,
772 2544 819 2570 καὶ
833 2544 868 2571 τὰ

86 2591 123 2627 μὴ
135 2591 163 2617 ἐν
178 2591 321 2626 ταύτότητι
339 2591 454 2626 φύσεως,
466 2592 495 2617 ἐν
504 2591 543 2626 τῷ
555 2590 615 2625 Θεῷ
630 2591 771 2626 θεωρεῖται
783 2599 789 2605 ·
803 2590 869 2617 πάν-

84 2646 137 2664 των
157 2637 213 2672 γὰρ
227 2637 282 2664 τῶν
296 2637 380 2664 όντων
393 2637 516 2669 ταὺτῶς,
532 2638 615 2672 ἤγουν
638 2636 741 2672 ὁμοίως
751 2655 760 2668 ,
781 2635 868 2668 αἴτιος

84 2685 99 2710 ό
113 2683 187 2716 Θεὸς.

120 2730 202 2758 Κατὰ
218 2729 276 2764 τὴν
288 2730 362 2764 μίαν
382 2729 431 2757 καὶ
446 2729 559 2763 ἑνικήν.
576 2729 613 2756 Τὸ
623 2729 665 2756 ἀεὶ
679 2729 809 2761 ὡσαύτως
820 2730 867 2757 καὶ

85 2774 269 2807 ἁναλλοιιῖντως
286 2774 367 2810 ἔχειν,
384 2774 452 2810 ὅπερ
470 2774 528 2801 ἐστὶ
553 2774 665 2807 ταύτὸν,
677 2775 692 2801 ὁ
707 2774 773 2806 Θεός
791 2775 864 2801 ἐστι·

86 2819 132 2847 καὶ
151 2820 196 2854 ὑφ’
220 2821 313 2856 ἑτέρου
336 2820 385 2855 μὲν
403 2820 484 2852 αὐτὸς
493 2820 524 2846 οὐ
539 2820 704 2856 περατοῦται
714 2841 721 2854 ,
737 2820 793 2847 οὐδ’
807 2821 866 2846 ἐστί

86 2874 111 2892 τι
126 2866 208 2893 αὐτοῦ
226 2866 325 2901 πέρας,
343 2867 383 2897 είς
398 2867 515 2894 αὑτὸνδὲ
528 2866 561 2894 τὰ
578 2866 664 2894 πάντα
684 2865 862 2902 περατοῦται·

919 2270 1018 2302 potest.
1040 2267 1246 2303 Ἀφοριζόμενον
1261 2275 1325 2295 vero
1339 2271 1382 2295 est
1392 2267 1607 2295 demonstratum
1618 2275 1633 2295 a
1644 2276 1706 2297 ver-
1743 2291 1748 2294 .

919 2312 955 2340 bo
966 2313 1077 2348 ὁρίζειν,
1095 2317 1142 2340 aut
1158 2317 1311 2348 exemptum
1323 2317 1350 2340 et
1362 2317 1527 2348 separatum.
1743 2304 1747 2310 ’

955 2358 988 2385 Et
1001 2358 1081 2386 idem.
1102 2357 1215 2393 Semper
1230 2359 1301 2387 idem
1317 2362 1344 2386 et
1366 2358 1493 2386 similiter
1508 2366 1538 2386 se
1552 2359 1656 2388 habens
1675 2359 1704 2388 in

919 2405 978 2433 sala
992 2412 1076 2433 causa
1089 2413 1150 2440 quae
1165 2405 1257 2432 omnia
1271 2404 1361 2433 facere
1372 2408 1462 2440 potest
1475 2405 1593 2438 videtur,
1604 2413 1638 2433 ex
1649 2413 1704 2441 qua

918 2452 1000 2479 etiam
1015 2451 1108 2478 datum
1123 2455 1165 2478 est
1176 2451 1310 2478 creaturis
1325 2451 1353 2478 in
1367 2450 1510 2479 i'dentitate
1529 2459 1702 2486 permanere,
1722 2482 1724 2484 τ

918 2500 946 2524 et
960 2497 1107 2525 contrariis
1116 2505 1163 2526 seu
1176 2497 1255 2525 aliter
1264 2497 1427 2525 habentibus
1438 2497 1509 2525 inter
1519 2505 1549 2526 se
1560 2498 1701 2533 conjungi.

917 2542 1020 2571 Eodem
1042 2543 1123 2571 modo
1136 2544 1219 2579 igitur
1232 2543 1335 2575 omnia,
1351 2543 1434 2571 etiam
1450 2551 1510 2578 qua:
1527 2551 1582 2570 non
1597 2543 1703 2571 suntin

917 2590 1010 2618 eadem
1024 2595 1132 2623 natura,
1147 2590 1175 2617 in
1191 2590 1245 2617 Deo
1256 2589 1382 2618 videntur
1395 2599 1402 2617 :
1415 2596 1478 2618 nam
1493 2589 1564 2618 Deus
1580 2594 1622 2618 est
1634 2589 1701 2616 ταὺ-

917 2635 971 2668 τῶς
985 2643 1034 2664 seu
1049 2636 1177 2664 similiter
1190 2637 1311 2664 omnium
1325 2643 1419 2665 causa.

953 2728 1101 2757 Secundum
1110 2737 1191 2756 unam
1201 2733 1277 2765 atque
1286 2729 1401 2756 unicam.
1413 2727 1526 2763 Semper
1537 2726 1663 2754 similiter
1672 2728 1701 2754 et

918 2773 1120 2802 immutabiliter
1136 2774 1244 2807 habere,
1259 2774 1332 2809 quod
1354 2774 1425 2801 idem
1440 2777 1492 2806 est,
1512 2772 1583 2800 Deus
1597 2774 1649 2800 est.
1666 2771 1700 2798 Et

919 2820 977 2855 ipse
991 2820 1099 2855 quidem
1112 2820 1146 2848 ab
1156 2821 1209 2847 alio
1227 2827 1282 2848 non
1294 2820 1464 2851 terminatur,
1480 2825 1530 2846 nec
1542 2821 1584 2845 cst
1599 2817 1698 2852 aliquis

920 2865 979 2901 ejus
1003 2865 1075 2901 ﬁnis,
1091 2866 1138 2895 sed
1159 2866 1249 2894 omnia
1272 2866 1301 2894 in
1324 2865 1383 2900 ipso
1398 2865 1593 2897 tcrmitrantur;
1617 2869 1698 2898 atque
