1940 3064
218 137 269 166 575

595 133 765 161 ΔΡΡΕΝΟΙΧ
783 133 828 160 AD
846 133 958 162 OPERA
975 132 1003 161 S.
1024 133 1174 163 DIONYSll
1190 114 1428 163 AREOPAGITA‘E.

1776 135 1829 163 376

218 195 287 221 idem
300 200 406 227 semper
417 197 459 220 est
470 190 553 222 Deus.
569 197 631 218 cum
645 190 681 218 sit
693 197 788 217 monas
799 197 830 217 ac
849 197 912 217 vere
926 188 996 216 idem

1061 190 1093 216 :u‘t
1112 190 1185 218 ἔστιν
1207 193 1221 218 ὸ
1243 191 1324 224 αὐτὸς
1343 191 1385 218 ἀεὶ
1409 190 1491 225 Θεδς,
1513 191 1551 223 ὡς
1576 190 1658 226 μονὰς
1673 189 1722 224 ὢν,
1740 191 1830 218 καὶτὸ

219 240 314 275 suique
336 239 422 273 ipsius
434 238 575 269 terminus,
587 240 666 272 atque
680 236 799 263 omnium
810 236 943 263 terminus
964 236 997 263 ab

219 286 344 314 omnibus
356 285 501 315 discretus.
513 288 539 311 et
550 291 604 311 uno
611 283 759 318 eodemque
769 283 849 310 modo
859 286 999 310 transcen-

219 333 303 366 dens;
318 331 345 358 id
366 335 409 359 est
429 334 563 366 quatenus
583 333 626 358 est
646 336 741 356 monas
753 329 821 356 nulli
835 328 915 357 mista
933 329 999 356 sim-

220 379 281 414 plex
295 382 375 413 atque
388 377 458 403 κατὰ
477 376 507 402 τὸ
522 375 619 402 ταύτόν
631 383 678 404 seu
693 375 820 402 similiter
833 383 861 403 se
875 375 977 403 habens
991 385 997 402 :

220 424 289 451 nihil
302 424 374 451 enim
394 421 482 450 (ἥσθη
497 421 588 449 dicere
602 421 718 448 monada
737 425 784 448 aut
795 421 960 452 uniusmodi.
973 424 1000 448 et

220 468 290 496 idem
303 471 349 496 aut
358 467 491 503 ejusmodi
505 475 511 493 :
525 467 595 494 idem
606 467 677 494 enim
688 466 832 502 signiﬁcat.
844 466 916 494 Deus
926 474 998 494 com-

221 514 342 542 municat
357 514 438 541 etiam
453 513 510 541 suis
521 513 655 540 creaturis
669 512 849 546 identitatem,
860 514 932 542 unde
943 521 1001 541 om-

222 562 265 589 nia
275 560 367 589 eadem
379 564 406 588 et
415 559 550 592 similiter,
559 559 787 594 quemadmodum
795 563 882 592 erant,
896 559 923 586 in
935 566 1002 587 con-

221 607 369 643 spiratione
382 609 409 634 et
430 606 635 633 conservatione
648 625 655 637 ,
676 613 707 632 ac
725 605 818 633 eodem
833 604 929 632 ail'ectu
944 613 1002 632 ma—

221 657 303 687 nent,
333 653 405 681 sicut
430 656 546 688 possunt
583 659 644 688 qum
672 652 723 679 hoc
758 652 931 687 participant.
963 652 1001 679 Ita

221 700 301 728 etiam
321 699 502 731 diversitates.
533 699 562 727 id
588 703 640 731 est,
667 698 789 726 diversas
815 706 848 726 ex
870 706 903 726 eo
926 706 1002 726 crea-

221 749 345 774 turarum
369 745 575 781 progressiones
589 745 616 772 in
637 745 726 780 seipso
741 749 884 772 conservat
897 748 924 771 et
938 752 1003 772 con-

221 792 310 829 jungit
337 802 343 819 :
372 792 453 820 simul
476 791 645 820 identitatem
660 799 736 818 suam
751 791 882 823 retinens,
905 796 932 818 et
956 799 1004 819 ne-

221 847 275 875 que
289 840 318 867 in
333 838 520 866 diversitatem
541 841 661 865 mutatus
671 857 679 869 ,
705 844 794 872 neque
809 838 837 864 in
851 838 1003 864 contrarie-

221 888 304 912 tatem
317 904 325 916 ,
342 883 466 920 quamvis
481 882 564 911 etiam
579 882 716 910 contraria
732 883 760 911 in
779 882 925 911 sensilibus
939 890 1004 910 con-

221 930 349 967 stringat.

263 1023 278 1059 ᾗ
291 1022 325 1050 ν.
337 1022 407 1055 Quia
422 1023 522 1050 cunctis
534 1021 836 1056 provide.‘Constructio
848 1022 929 1057 hujus
942 1030 1005 1050 ora-

223 1069 307 1096 tionis
322 1073 364 1096 est
375 1076 423 1103 per
436 1068 622 1103 trajectionem
638 1068 719 1104 206
745 1068 887 1096 referenda
900 1068 932 1095 ad
950 1069 1007 1104 οἰη-

223 1115 293 1147 τέον,
306 1118 336 1141 ιιι
347 1114 383 1141 sit
400 1114 461 1141 linis
483 1113 697 1148 existimandus,
714 1114 841 1149 quoniam
857 1114 926 1142 Deus
941 1122 1005 1149 pro—

223 1161 342 1189 videntia
360 1159 436 1187 adest
451 1159 588 1192 omnibus,
605 1163 633 1187 et
649 1167 710 1195 quae
724 1160 861 1194 deinceps.

259 1206 334 1234 Sicut
344 1206 412 1234 enim
427 1206 451 1234 si
472 1205 597 1233 animum.
615 1205 681 1233 Vide
701 1205 836 1240 quomodo
852 1206 931 1233 liceat
947 1207 1006 1233 ani-

223 1260 296 1280 mam
310 1251 391 1280 modo
405 1259 537 1287 corporeo
553 1251 712 1287 intelligere,
728 1256 755 1279 et
770 1252 904 1286 quomodo
925 1253 1007 1280 intel-

223 1298 290 1334 ligat
304 1298 386 1326 modo
400 1304 532 1333 corporeo
551 1305 613 1326 esse
627 1304 717 1333 partes
738 1298 870 1333 quasdam
887 1299 984 1326 animae
998 1308 1005 1326 :

223 1344 337 1380 pulchre
352 1344 424 1372 enim
435 1344 523 1379 ipsam
538 1351 663 1372 sermone
674 1343 784 1379 efﬁngit.

260 1390 383 1418 Portium
398 1391 507 1425 experti.
525 1390 623 1418 Anima
636 1397 690 1417 non
701 1395 742 1417 est
757 1390 918 1425 simpliciter
936 1389 1008 1417 indi-

223 1436 307 1464 vidua
323 1444 329 1462 :
345 1436 393 1464 sed
412 1440 537 1470 respectu
548 1437 672 1472 corporis
687 1436 825 1463 individua
839 1444 846 1462 :
866 1443 928 1463 nam
947 1436 1007 1470 ejus

225 1487 316 1519 partes
335 1482 477 1511 facultates
491 1483 567 1515 dicit,
584 1482 622 1518 ad,
632 1490 747 1517 quarum
762 1483 906 1519 imaginem
919 1490 1008 1518 quan-

224 1529 315 1564 doque
330 1533 422 1564 partes
438 1529 561 1564 corporis
572 1532 728 1557 sumuntur.

260 1575 510 1610 Explanationibur,
521 1575 710 1608 ἀναπτύξεσιν.
726 1574 883 1607 ’Λνάπτυξιν
893 1582 956 1603 vero
967 1574 1008 1602 di-

223 1622 262 1650 cit
276 1622 484 1657 explicationem
505 1629 553 1648 seu
579 1621 826 1649 manifestationem
842 1621 1009 1650 abscondita

224 1669 253 1697 ln
267 1669 387 1697 dictione
401 1667 607 1704 signiﬁcationis
624 1676 631 1701 ;
646 1667 873 1702 ἀνακαθαίρεσθαι
892 1675 956 1695 vero
966 1671 1010 1695 est

224 1715 381 1744 omnimode
391 1715 551 1750 afcorporeis
560 1715 677 1743 liberare
688 1715 715 1742 id
727 1714 799 1750 quod
808 1714 1007 1743 consideratur.

262 1763 423 1796 Tripartitas
444 1770 583 1797 corporum
602 1763 713 1798 ﬁguras.
738 1761 842 1790 Ternas
862 1769 1010 1798 corporum

225 1808 327 1844 ﬁguras
338 1809 414 1840 dicit,
423 1808 558 1843 triplicem
569 1809 736 1841 distantiam,
748 1811 778 1835 ut
790 1808 862 1835 clare
876 1808 1007 1842 explicat:

224 1858 253 1884 et
265 1858 339 1882 recte
358 1862 391 1883 ex
406 1854 457 1881 hoc
470 1854 529 1881 loco
550 1854 684 1889 intelliges
701 1854 863 1881 sententiam
875 1853 1008 1889 Apostoli,

229 1899 264 1928 Ut
277 1900 441 1935 cognoscatis
459 1908 517 1935 qua:
537 1899 716 1934 profunditas,
734 1905 759 1927 et
773 1908 830 1935 quin
844 1899 957 1927 altitudo
972 1904 990 1919 ἰι
1000 1920 1010 1934 ,

225 1950 253 1975 ει
266 1950 374 1978 cetera,
387 1945 459 1981 quod
467 1945 550 1980 aliqui
565 1946 598 1972 de
613 1946 726 1973 salutari
740 1954 821 1974 cruce
835 1950 1007 1981 acceperunt.

225 1991 295 2019 Nota
310 1999 373 2019 vero
386 1991 452 2026 quid
465 1991 652 2026 longitud0,et
665 1991 839 2026 profunditas
852 1996 879 2019 et
894 1992 1010 2020 latitudo

226 2038 255 2066 in
268 2036 333 2064 Deo.

263 2083 341 2111 Nunc
364 2087 451 2110 autem
476 2083 560 2117 ipsam
585 2083 711 2113 divinam.
739 2082 807 2111 lllud
834 2085 962 2113 unitatem
983 2089 1011 2112 et

226 2130 415 2162 identitatem,
432 2133 459 2159 et
481 2129 663 2165 aequalitatem
674 2150 681 2161 ,
698 2134 781 2164 atque
804 2130 1011 2158 similitudinem

226 2177 332 2212 antiqui
347 2183 458 2204 causam
476 2176 630 2204 concordiae
653 2179 771 2204 totorum
788 2180 815 2204 et
837 2176 1011 2212 providentia

226 2226 309 2258 atque
320 2222 417 2250 salutis
425 2226 568 2254 vocarunt,
581 2221 655 2257 quod
665 2222 746 2250 etiam
759 2229 840 2249 unum
860 2221 1007 2256 dicebant;

227 2267 411 2296 diversitatem
430 2275 505 2299 vero,
523 2271 550 2295 et
564 2267 813 2298 dissimilitudinem
826 2273 853 2296 et
867 2268 1009 2303 inarquali-

227 2317 312 2344 talem
324 2314 458 2342 vocabant
472 2312 671 2349 providentiam
688 2314 826 2343 Creatoris
837 2323 900 2350 erga
915 2315 1010 2343 divisi-

228 2359 294 2386 bilia
308 2362 335 2386 et
350 2358 502 2390 mutabilia,
525 2364 552 2386 et
576 2359 698 2392 sensilia,
718 2364 800 2396 atque
815 2368 879 2396 erga
899 2368 931 2389 ea
951 2369 1011 2396 quae

230 2408 295 2432 sunt
311 2405 369 2432 sive
386 2405 565 2440 intelligibilia
587 2415 594 2435 ;
609 2405 790 2441 intelligentes
805 2407 915 2434 nomina
930 2412 1011 2442 prout

229 2459 275 2479 res
285 2459 345 2486 quae
355 2451 543 2486 signiﬁcantur
553 2454 674 2487 exigunt,
689 2453 760 2480 sicut
773 2454 854 2481 etiam
871 2462 952 2489 supra
964 2464 1012 2482 va-

230 2497 271 2524 rie
284 2496 419 2530 diximus;
435 2497 481 2525 alii
504 2505 569 2525 vero
586 2498 755 2526 identitatem
773 2503 802 2527 et
825 2500 1010 2530 diversitatem

230 2542 289 2570 sive
311 2541 434 2569 eamdem
451 2545 479 2570 et
491 2543 627 2571 diversam
651 2543 766 2571 formam
783 2553 815 2572 ac
833 2547 1010 2581 privationem

231 2589 374 2622 dixerunt;
391 2589 436 2616 alii
455 2597 520 2617 vero
528 2589 606 2617 ﬁnem
621 2594 648 2618 et
665 2591 833 2619 inﬁnitatem.
846 2592 925 2628 [Nota
939 2596 1011 2628 quod

231 2635 276 2666 hic
282 2635 403 2664 declarat
410 2643 439 2663 se
451 2640 597 2663 tractatum
606 2636 642 2664 De
648 2636 793 2671 symbolice
803 2638 930 2674 theologia
940 2648 1012 2668 com-

284 2720 303 2734 ω
323 2711 424 2749 Ephes.
443 2719 485 2745 ιιι,
499 2711 541 2738 i8.

1047 235 1154 271 άληθῶς
1169 238 1276 270 ταύτὸν,
1298 238 1344 265 xui.
1364 239 1426 274 ὄρος
1441 237 1554 269 ἑαυτοῦ,
1569 238 1616 264 καὶ
1633 237 1686 264 τῶν
1703 238 1829 265 ἁπάντωι

1048 283 1110 318 ὅρος
1131 284 1163 310 ἐκ
1178 284 1285 311 πάντων
1300 284 1497 320 ἀφωρισμένος,
1518 283 1564 311 καὶ
1583 283 1831 320 ὑπεραναϐεϐηκὼς

1051 329 1194 364 μονοειδῶς
1210 330 1255 357 καὶ
1271 330 1448 362 ταὺτοειὸὦς,
1467 330 1590 356 τουτέστι
1617 330 1687 357 κατὰ
1701 330 1732 356 τὸ
1749 330 1845 365 μονὰς.

1050 373 1117 402 εἶναι
1133 377 1149 412 ὴ
1165 376 1272 403 πάντων
1282 377 1384 412 ἀμιγὴς
1394 377 1440 403 καὶ
1449 377 1519 412 ἁπλῆ
1535 377 1581 404 καὶ
1593 377 1663 403 κατὰ
1675 377 1705 403 τὸ
1722 377 1830 409 ταύτὸν,

1050 422 1109 449 ἀντὶ
1128 421 1174 448 τοῦ
1199 422 1268 448 κατὰ
1283 422 1313 448 τὸ
1329 422 1458 454 ὡσαύτως
1474 423 1558 458 ἔχειν·
1575 423 1649 449 οὐδὲν
1664 422 1717 458 γὰρ
1738 422 1831 458 διαιρέ-

1053 477 1092 504 ρει
1116 468 1216 504 μονάδα
1239 470 1324 495 εἰπεῖν
1346 468 1363 504 ἢ
1389 468 1539 504 μονοειδὲς,
1556 469 1602 495 καὶ
1623 469 1718 495 ταύτὸν
1734 469 1751 504 ἢ
1765 469 1831 495 ταὺ-

1049 514 1165 546 τοειδές·
1182 514 1212 541 τὸ
1225 514 1279 550 γὰρ
1295 514 1359 541 αὐτὸ
1375 514 1510 551 σημαίνει.
1527 514 1694 542 Μεταδίδωσι
1712 515 1758 542 καὶ
1776 516 1833 547 τοῖς

1051 561 1080 594 ἐξ
1092 561 1173 588 αὑτοῦ
1189 561 1317 596 κτίσμασι
1329 561 1375 588 τοῦ
1390 561 1488 588 ταὺτοῦ
1499 562 1513 587 ὁ
1527 561 1609 593 Θεὸς,
1622 561 1682 588 ὅθεν
1696 561 1730 588 τὰ
1745 561 1834 588 πάντα

1052 608 1122 635 κατὰ
1146 607 1180 634 τὰ
1201 607 1270 634 αὐτὰ
1289 608 1336 637 καὶ
1359 607 1501 639 ὡσαύτως,
1519 607 1610 639 καθὼς
1627 607 1674 634 καὶ
1693 607 1832 641 ἐγένοντο,

1051 653 1080 682 ὲν
1095 655 1128 690 τῇ
1149 653 1282 689 συμπνοίᾳ
1294 654 1341 684 καὶ
1356 654 1476 689 σωτηρίᾳ
1500 653 1546 680 καὶ
1568 653 1723 690 συμπαθείᾳ
1740 653 1834 689 μένου-

1054 708 1109 732 σιν,
1127 700 1166 732 ὡς
1185 700 1312 727 δύνανται
1330 699 1424 726 τούτου
1449 700 1605 735 μετέχοντα.
1623 699 1701 728 Οὕτω
1717 700 1762 726 καὶ
1784 699 1834 731 τὰς

1053 745 1222 781 ἑτερότητας,
1231 745 1353 773 τουτέστι
1363 744 1412 776 τὰς
1426 745 1455 778 ἐξ
1469 745 1551 772 αὐτοῦ
1566 745 1619 773 τῶν
1629 745 1660 780 δη
1665 746 1835 781 μιουργημὰι-

1053 800 1106 819 των
1124 791 1266 827 διαφόρους
1291 792 1435 827 προόδους,
1460 793 1489 818 ὲν
1505 791 1593 827 ἑαυτῷ
1610 791 1765 827 σωζομένας
1779 792 1835 827 ἔχει

1054 839 1100 865 καὶ
1114 838 1340 873 συντεταγμένας,
1351 838 1425 873 ὅμως
1434 838 1482 873 τῆς
1492 838 1652 873 ταυτότητος
1665 838 1760 864 ἑαυτοῦ
1777 838 1837 873 ὲχό-

1056 893 1136 920 μενος
1146 905 1153 917 ,
1170 884 1216 910 καὶ
1231 885 1272 915 εἰς
1286 883 1432 919 ἑτερότητα
1447 882 1484 923 μὴ
1497 883 1683 918 ἀλλοιούμενος
1692 903 1701 915 ,
1716 884 1784 919 μήτε
1796 883 1837 915 είς

1055 931 1247 965 ἐναντιότητα,
1265 929 1353 956 καίτοι
1372 930 1420 956 καὶ
1442 929 1550 956 ἐναντία
1573 930 1601 956 ὲν
1622 931 1678 961 τοῖς
1699 929 1838 964 αἰσθητοῖς

1056 977 1184 1012 συνέχων.

1091 1024 1105 1059 §
1118 1022 1149 1051 V.
1165 1022 1283 1055 Ἐπειδὴ
1295 1021 1369 1049 πᾶσι
1381 1021 1588 1055 προνοητικῶς.
1601 1020 1669 1048 Καθ’
1684 1020 1837 1056 ὑπέρϐατόν

1056 1071 1130 1096 ἐστιν
1145 1071 1162 1105 ἡ
1180 1068 1306 1102 σύνταξις
1323 1069 1391 1104 πρὸς
1412 1068 1443 1094 τὺ
1459 1068 1563 1104 οἰητέον
1585 1067 1683 1102 ἔχουσα
1702 1068 1750 1102 τὴν
1771 1067 1839 1094 ἀπό·

1054 1117 1136 1150 δοσιν,
1151 1117 1195 1143 ἵνα
1250 1116 1280 1142 τὸ
1299 1115 1374 1148 τέλος
1389 1115 1502 1151 οἰητέον,
1521 1114 1614 1150 ἐπειδὴ
1639 1115 1706 1141 πᾶσι
1721 1122 1838 1149 προνοη-

1055 1163 1137 1195 τικῶς
1151 1163 1283 1199 πάρεστιν
1295 1164 1309 1189 ό
1324 1162 1404 1194 Θεὸς,
1423 1161 1468 1188 καὶ
1483 1161 1517 1187 τὰ
1532 1160 1602 1196 ἑξῆς,

1096 1210 1144 1242 Ὡς
1167 1209 1223 1244 τὰρ
1244 1210 1271 1236 ει
1293 1208 1350 1242 τὴν
1371 1207 1486 1243 ψυχήν.
1505 1207 1575 1242 Ὅρα
1599 1206 1657 1238 πῶς
1679 1207 1767 1233 ἔνεστι
1789 1206 1840 1242 τὴν

1055 1255 1144 1290 ψυχὴν
1159 1255 1322 1291 σωματικῶς
1335 1254 1446 1289 νοῆσαι,
1461 1253 1508 1280 καὶ
1522 1253 1579 1285 πῶς
1590 1254 1645 1281 ωεϊ
1661 1253 1730 1288 μέρη
1750 1252 1839 1288 ψυχῆς

1056 1300 1126 1328 εἶναι
1149 1300 1327 1337 σωματικῶς·
1345 1300 1433 1332 καλῶς
1448 1300 1502 1339 γὰρ
1525 1299 1608 1326 αὐτὴν
1623 1298 1779 1326 διαπλάττει
1800 1297 1841 1333 τῷ

1057 1348 1139 1384 λόγῳ.

1094 1394 1134 1428 Τῇ
1151 1392 1260 1428 ἀμερεῒ.
1284 1391 1401 1428 Ἀμερὴς
1413 1392 1430 1427 ἠ
1447 1391 1520 1426 ψυχὴ
1534 1391 1583 1426 οὐχ
1599 1390 1692 1421 ἅπλῶς
1702 1409 1710 1421 ,
1729 1388 1786 1417 ἀλλ’
1801 1389 1841 1420 ὡς

1058 1441 1126 1476 πρὸς
1143 1439 1223 1475 σῶμα
1233 1439 1355 1474 ἀμερής”
1373 1438 1442 1474 μέρη
1457 1438 1511 1473 γὰρ
1524 1438 1608 1472 αὐτῆς
1628 1436 1675 1463 καὶ
1691 1435 1740 1467 τὰς
1759 1434 1840 1462 δυνά-

1059 1495 1119 1522 μεις
1135 1486 1226 1522 φησὶν,
1244 1482 1282 1512 ὧν
1296 1485 1335 1516 είς
1345 1485 1436 1512 εἰκόνα
1450 1483 1484 1510 τὰ
1501 1483 1571 1519 μέρη
1584 1482 1631 1509 τοῦ
1645 1482 1768 1518 σώματος
1783 1477 1840 1507 ἐσθ’

1020 1534 1042 1566 C
1058 1533 1102 1559 ὅτε
1119 1531 1369 1567 παραλαμϐάνεται.

1099 1576 1320 1608 Ἀναπτύξεσιν.
1351 1573 1510 1606 Ἀνάπτυξιν
1534 1573 1563 1600 δὲ
1591 1572 1663 1607 λέγει
1689 1572 1842 1604 ἑξάπλωσιν

1058 1625 1118 1660 ἦτοι
1142 1624 1288 1658 σαφήνειαν
1301 1622 1352 1657 τῆς
1369 1620 1595 1656 ὲγκεκρυμμένης
1614 1620 1643 1645 ὲν
1658 1620 1691 1654 τῇ
1707 1617 1777 1650 λέξει
1795 1618 1841 1645 ὲν-

1058 1670 1148 1702 νοίας·
1162 1670 1191 1696 τὸ
1202 1669 1230 1695 δὲ
1239 1667 1479 1703 ἀνακαθαίρεσθαι,
1492 1666 1521 1693 τὸ
1532 1665 1665 1696 παντοίως
1678 1664 1731 1691 τῶν
1749 1673 1842 1699 σωμα-

1058 1717 1140 1744 τικῶν
1157 1715 1307 1747 ἀπαλλάξαι
1322 1714 1352 1741 τὸ
1368 1713 1561 1749 θεωρούμενον.

1097 1763 1136 1790 Τὰ
1149 1761 1247 1797 τριττὰ
1262 1760 1321 1788 τῶν
1337 1759 1480 1795 σωμάτων
1495 1758 1643 1792 σχήματα.
1659 1755 1760 1792 Τριττὰ
1775 1756 1842 1790 σχή-

1061 1816 1132 1844 ματα
1158 1807 1213 1833 τῶν
1237 1806 1369 1841 σωμάτων
1389 1804 1456 1840 φησὶ
1470 1804 1501 1830 τὸ
1522 1803 1600 1838 τριχῆ
1620 1801 1775 1834 διαστατὺν,
1803 1800 1842 1832 ὡς

1059 1854 1140 1885 εὐθὺς
1166 1852 1327 1888 σαφηνίζει’
1352 1851 1399 1878 καὶ
1419 1849 1508 1881 καλῶς
1535 1848 1660 1875 ἐντεῦθεν
1681 1847 1788 1881 νοήσεις
1810 1845 1842 1873 τὸ

1060 1899 1203 1936 εἰρημένον
1217 1898 1257 1933 τῷ
1280 1896 1443 1931 Ἀποστόλῳ,
1461 1895 1527 1922 Ἵνα
1540 1893 1633 1928 γνῶτε
1646 1893 1675 1919 τί
1692 1891 1725 1920 τὸ
1734 1892 1840 1925 βάθος,

1060 1946 1108 1972 καὶ
1123 1945 1151 1971 τί
1161 1945 1193 1971 τὸ
1206 1945 1294 1978 ὕψος,
1312 1942 1358 1969 καὶ
1373 1942 1407 1968 τὰ
1420 1941 1492 1976 ἑξῆς,
1507 1940 1575 1976 ὅπερ
1590 1938 1660 1970 τινὲς
1676 1939 1715 1969 εἰς
1727 1937 1772 1964 τὸν
1787 1945 1841 1963 σω-

1060 1992 1153 2027 τήριον
1170 1990 1283 2025 σταυρὸν
1298 1988 1428 2022 ἐδέξαντο.
1441 1987 1596 2022 Σημείωσαι
1609 1986 1637 2012 δὲ
1649 1985 1676 2011 τί
1688 1984 1784 2020 μῆκος,
1795 1985 1842 2011 καὶ

1062 2038 1142 2073 βάθος
1154 2057 1161 2069 ,
1177 2036 1223 2063 καὶ
1240 2035 1340 2066 πλάτος
1357 2034 1402 2061 ἐπὶ
1418 2033 1495 2061 Θεοῦ.

1094 2084 1158 2111 Νῦν
1173 2083 1207 2109 δὲ
1222 2081 1318 2116 αὐτὴν
1328 2081 1384 2115 τὴν
1396 2081 1486 2108 θείαν.
1501 2080 1537 2106 Τὸ
1550 2080 1671 2114 ἑνότητα,
1687 2078 1734 2105 καὶ
1746 2078 1828 2105 ταυτό

1061 2137 1145 2165 τητα,
1163 2129 1210 2155 καὶ
1233 2127 1359 2162 ἰσότητα,
1383 2126 1429 2152 καὶ
1452 2125 1613 2161 ὁμοιότητα,
1630 2124 1661 2151 τὸ
1684 2123 1768 2150 αἴτιον
1792 2124 1844 2159 τῆς

1060 2175 1114 2202 τῶν
1128 2174 1196 2201 ὅλων
1219 2172 1387 2208 συμπαθείας
1399 2192 1406 2204 ,
1421 2172 1467 2198 καὶ
1483 2171 1628 2207 προνοίας,
1645 2170 1692 2197 καὶ
1707 2169 1844 2205 σωτηρίας

1024 2200 1049 2231 D
1063 2200 1176 2260 (tritavi
1189 2200 1319 2247 ἐκάλεσαν
1343 2219 1368 2245 οἱ
1377 2200 1518 2249 malum}...
1534 2200 1662 2252 ὅπερ-ιτα).
1684 2215 1719 2242 ἓν
1733 2200 1842 2248 slave-rw;

1061 2259 1208 2304 ἑτερότητα
1224 2266 1252 2293 δὲ
1272 2265 1319 2297 καὶ
1343 2263 1520 2300 ἀνομοιότητα
1532 2262 1580 2298 τὴν
1595 2263 1636 2294 είς
1654 2261 1688 2288 τὰ
1709 2259 1824 2296 μεριστὰ
1834 2278 1844 2292 ,

1062 2315 1109 2342 καὶ
1127 2312 1297 2350 μεταϐλητὰ,
1320 2310 1367 2338 καὶ
1389 2309 1518 2345 αἰσθητὰ,
1534 2309 1580 2336 καὶ
1601 2307 1650 2343 τὴν
1673 2308 1712 2339 είς
1732 2306 1767 2333 τὰ
1780 2305 1845 2332 ὄντα

1062 2363 1107 2394 δὲ,
1133 2361 1192 2396 ἦτοι
1214 2358 1297 2394 νοητὰ
1318 2356 1512 2393 δημιουργικὴν
1531 2355 1658 2391 πρόνοιαν
1669 2353 1692 2369 ⁷⁵
1714 2353 1844 2385 ἐκάλουν,

1063 2408 1202 2442 ἀναλόγως
1221 2407 1277 2438 τοῖς
1296 2404 1468 2440 δηλουμένοις
1492 2401 1614 2432 νοοῦντες
1640 2400 1702 2436 [καὶ
1727 2399 1761 2426 τὰ
1783 2398 1845 2425 ὀνόο

1065 2454 1166 2491 ματα],
1186 2453 1224 2484 ὡς
1246 2452 1292 2478 καὶ
1308 2451 1364 2478 ἀνω
1383 2449 1515 2484 διαφόρως
1537 2447 1686 2483 εἰρήκαμεν
1701 2446 1734 2472 ⁷⁷.
1751 2444 1844 2471 Ἄλλοι

1062 2503 1090 2529 δὲ
1111 2501 1160 2537 τὴν
1175 2499 1326 2533 ταοτότητα
1349 2497 1394 2524 καὶ
1413 2496 1575 2531 ἑτερότητα,
1598 2494 1658 2529 ἦτοι
1678 2492 1774 2520 ταύτὸν
1795 2491 1844 2518 καὶ

1062 2549 1154 2584 ἕτερον
1167 2546 1236 2578 εἶδος
1255 2545 1302 2573 καὶ
1323 2544 1449 2580 στέρησιν
1465 2540 1551 2569 εἷπον.
1575 2539 1736 2575 Ἕτεροιδὲ,
1756 2538 1843 2573 πέρας

1061 2595 1108 2625 καὶ
1123 2595 1234 2629 ἄπειρον
1244 2593 1277 2618 ⁷⁸.
1290 2591 1363 2628 [Ὅτι
1379 2589 1534 2617 συντάττειν
1551 2585 1746 2621 ἐπαγγέλλεται
1765 2585 1840 2617 2v}:-

1061 2641 1186 2676 ϐολικὴν
1199 2638 1384 2675 decuriam]
1406 2637 1519 2664 Ἐνιαῑον
1534 2633 1563 2662 δὲ
1589 2631 1843 2665 πολλαπλασιασμον

687 2791 803 2820 VARUE
821 2792 1012 2822 LECTIONES
1031 2795 1074 2823 ET
1092 2793 1364 2824 CORllECTIONES.

272 2862 295 2881 ⁷⁶
319 2863 438 2901 πρόοδον.
495 2864 516 2880 ¹⁷
535 2864 778 2900 παρατεθείκαμεν.
828 2864 997 2898 ⁷⁸ἀπειρίαν,
