1940 3064
115 145 165 173 377

485 148 513 177 S.
530 148 654 176 MAXIMI
673 148 819 177 SCHOLIA
837 147 871 175 1N
887 147 899 175 l

968 146 1014 174 DE
1030 145 1156 174 DlVlNlS
1171 145 1369 175 ΝοιιιΝιΒυε.

1685 146 1736 175 378

115 214 181 241 φησι
193 206 224 232 τὸ
238 207 267 233 ὲν
277 206 365 242 οἰκείᾳ
376 206 506 243 ἁπλότητι
520 207 633 243 μένοντα
646 208 692 235 τδν
702 207 779 240 Θεὸν,
790 207 825 234 τὰ
839 216 899 235 ποι-

951 204 1130 242 positurum]
1150 205 1255 240 Ateius
1266 212 1300 233 ex
1317 212 1373 232 uno
1392 203 1643 239 multiplicationem
1671 204 1739 232 dicit

115 253 178 279 κίλα
194 252 240 279 καὶ
257 253 412 288 παντοδαπῆ
428 252 486 289 εῐδη
501 253 553 289 τῆς
573 254 687 286 κτίσεως
708 255 897 289 παραγαγεῖν·

115 298 227 335 πρόοδον
242 299 296 335 γὰρ
310 299 383 334 λέγει
399 299 448 335 τὴν
463 299 532 335 πρὸς
545 299 577 326 τὸ
596 300 686 327 κτίσαι
699 300 735 327 τὰ
749 300 829 334 ὅντα,
844 298 899 327 οἷον

115 344 222 381 κίνησιν
237 346 284 372 καὶ
297 345 395 381 ὁρμήν.

152 432 217 469 ενι.
228 434 350 468 Ὅμοιον
361 434 396 461 δὲ
406 434 458 462 τὸν
466 434 549 462 om.
563 435 707 472 Ἐφ’ἠμῶν
717 435 768 463 οὒκ
777 435 849 463 ἐστιν
859 436 900 464 εί-

116 480 177 506 πεῖν
186 479 286 514 ὅμοιον·
299 479 390 516 τὸγὰρ
399 480 559 516 δῶμα-ἡμῶν
567 481 772 518 ὲξόμοιομερῶν
782 482 828 508 καὶ
839 482 900 509 ἀνο-

117 525 271 562 μοιομερῶν
283 526 556 562 συνέστηκεν,ὠςξκαὶ
570 528 757 564 Ἀριστοτέλης
766 528 900 556 δείκνυσιν

115 571 146 601 ιν
155 573 188 607 τῇ
199 572 270 607 ἀρχῇ
283 572 334 608 τῆς
345 572 500 607 Περὶᾷἔιων
509 574 657 609 γενέσεως
665 574 855 610 πραγματείας
865 574 898 592 ’⁸ο

114 617 130 644 ὸ
143 617 170 644 δὲ
183 617 259 650 Θεὸς,
276 618 291 645 δ
304 619 388 651 ἐστιν,
410 619 479 651 δλως
497 620 598 655 ὁμοίως
619 620 702 653 ἐστὶν,
720 620 821 648 ὲπείτοι
835 629 867 654 γε
883 620 899 656 ἠ

116 662 176 689 θεία
191 663 286 699 Γραφὴ
297 684 305 697 ,
318 664 356 696 ὠς
370 664 393 680 ³⁸
409 665 452 692 ἀεὶ
464 665 510 692 τὸν
533 666 615 694 αὑτὸν
634 666 821 698 ἁναλλοιώτως
835 666 900 697 ὅντα

115 708 240 743 ἀνόμοιον
256 709 323 736 πᾶσί
343 717 439 745 φησιν,
460 711 498 743 ὡς
519 712 550 738 τό
563 720 570 727 ”
591 712 639 745 Τις
653 711 688 738 ἐν
704 711 781 745 θεοῖς
801 711 900 747 ὅμοιός

115 762 175 787 σοι,
194 756 298 790 Κύριε;
315 756 362 785 καὶ
380 756 471 783 πάλιν·
490 757 550 785 Τίνι
564 766 603 792 με
618 757 803 793 ὡμοιώσατε,
820 756 900 792 λέγει

114 802 236 836 Κύριος·
252 802 299 829 καὶ
324 801 412 834 αὖθις·
436 803 510 839 Ἐγὼ
532 803 654 839 ὁράσεις
668 803 835 837 ἐπλήθυνα,
851 803 901 831 καὶ

114 847 202 882 χερσὶ
221 847 280 874 τῶν
294 848 455 883 προφητῶν
480 849 641 884 ὡμοιώθην,
656 849 792 877 τουτέστιν
820 849 900 882 αὐτὸς

949 251 1035 280 Deum
1050 252 1078 279 in
1092 251 1202 288 propria
1212 251 1386 286 simplicitate
1399 254 1565 282 manentem,
1577 250 1667 277 varias
1677 258 1738 277 om-

948 298 1047 332 nisque
1065 298 1175 333 generis
1189 290 1293 332 species
1310 301 1444 324 creatum
1464 295 1644 332 produxisse:
1657 299 1737 323 vocat

947 344 1020 372 enim
1038 344 1149 381 πρόοδον
1164 343 1253 379 ipsam
1268 343 1352 371 veluti
1369 343 1518 370 motionem
1535 346 1561 370 et
1577 343 1723 377 propensio

948 397 1010 418 nem
1023 390 1055 417 ad
1071 397 1163 418 rerum
1177 389 1352 417 creationem.

986 435 1000 471 §
1013 435 1060 463 Vl.
1072 435 1191 464 Similem
1202 443 1261 462 vero
1273 434 1364 462 Deum.
1376 434 1434 462 Non
1444 438 1533 468 potest
1543 435 1576 462 de
1587 435 1666 463 nobis
1681 435 1736 463 dici

947 481 1057 517 ὄμοιον;
1073 488 1136 508 nam
1149 488 1251 516 corpus
1267 484 1392 508 nostrum
1404 488 1438 508 ex
1453 480 1621 508 similaribus
1636 485 1663 508 et
1677 481 1736 509 dis-

948 527 1116 556 similaribus
1130 530 1249 558 constat.
1264 526 1336 554 sicut
1350 526 1432 554 etiam
1442 526 1603 555 Aristoteles
1616 527 1736 555 ostendit

950 573 977 600 in
991 572 1126 608 principio
1139 573 1200 600 libri
1222 572 1261 600 De
1278 573 1443 608 generatione
1460 573 1617 601 animalium
1635 580 1644 599 :
1666 573 1736 600 Deus

948 627 1024 650 vero.
1032 619 1104 654 quod
1110 624 1161 651 est,
1176 626 1289 654 prorsus
1301 618 1427 646 similiter
1440 622 1492 650 est.
1503 619 1631 653 quoniam
1643 619 1736 646 divina

950 665 1102 701 Scriptura.
1114 669 1243 700 tanquam
1257 672 1365 699 semper
1375 665 1500 692 eumdem
1519 665 1578 692 sine
1587 666 1736 694 mutatione

948 712 1076 740 omnibus
1095 711 1256 739 dissimilem
1271 711 1347 742 dicit,
1368 714 1398 738 ut
1417 710 1483 738 illud
1502 711 1582 746 207
1601 721 1607 738 :
1625 711 1691 744 Qui:
1707 712 1737 739 in

949 757 1001 785 diis
1015 758 1063 785 tibi
1075 758 1182 789 similis,
1200 757 1310 784 Domine
1319 762 1344 791 ιι;
1364 765 1396 784 ac
1411 757 1511 785 iterum
1524 767 1531 784 :
1548 756 1598 784 Cui
1617 766 1656 785 me
1671 759 1737 785 aui-

950 804 1078 836 milastia,
1095 804 1179 839 inquit
1193 803 1355 838 Dominus';
1372 807 1400 831 et
1414 812 1419 829 :
1445 803 1500 838 Ego
1517 803 1626 831 visiones
1645 805 1736 831 multi-

949 849 1063 884 plicaoi,
1091 850 1164 877 etin
1194 849 1315 876 manibus
1349 849 1535 884 prophetarum
1571 850 1735 878 assimilatas

114 893 169 927 ιγὼ
184 893 309 929 ἐμαυτῷ,
324 894 362 926 ὡς
385 895 528 931 Εἰρηναῖος
544 895 617 930 λέγει
639 896 670 923 ὲν
689 897 747 928 τοῖς
770 892 840 919 Καθ’
853 893 899 920 αἱ-

951 895 989 930 fui
997 900 1022 927 Ρ,
1034 894 1062 922 id
1077 898 1129 928 est,
1143 895 1216 922 idem
1230 903 1280 930 ego
1293 895 1359 922 mihi
1375 895 1438 930 ipsi,
1454 899 1483 923 ut
1495 894 1613 923 lrenaeus
1627 895 1694 923 dicit
1708 896 1737 923 in

111 939 238 974 ρέσεων.

152 984 192 1020 Τῇ
207 986 281 1014 κατὰ
296 987 423 1022 δύναμιν
434 987 568 1022 μιμήσει.
588 988 666 1015 Ἔστι
684 988 733 1024 μὲν
748 989 798 1025 τὴν
815 988 901 1024 μίμη-

114 1039 157 1058 σιν
172 1031 264 1059 λασεῖν
285 1033 316 1059 ὲν
337 1032 443 1065 τούτοις
467 1033 513 1060 ἐπὶ
528 1034 578 1069 τῆς
602 1035 698 1070 νοερᾶς
719 1035 765 1062 καὶ
788 1034 901 1069 λογικῆς

114 1077 220 1112 φύσεως
244 1078 312 1114 πρὸς
334 1079 381 1106 τὸν
401 1079 467 1106 Θεὸν
488 1081 735 1116 ἐπιστρεφομένης,
760 1081 829 1108 κατὰ
853 1081 898 1108 τό-

114 1123 236 1151 Γίνεσθε
248 1124 368 1158 τέλειοι,
376 1125 426 1152 καὶ
435 1126 557 1160 γίνεσθε
569 1127 761 1161 οἰκτίρμονες,
770 1127 833 1160 ὡςό
842 1129 901 1154 Πα-

114 1168 171 1202 τὴρ
187 1169 272 1204 ὑμῶν
292 1171 308 1197 ὁ
323 1171 462 1205 οὐράνιος
472 1179 478 1186 ·
497 1172 570 1207 ἅπερ
585 1173 632 1199 ὲπὶ
648 1172 715 1199 Θεοῦ
733 1174 781 1209 μὲν
799 1174 900 1209 κυρίως

115 1214 161 1241 καὶ
177 1215 247 1250 ὑπὲρ
263 1216 351 1244 πάντα
365 1216 428 1252 ὅρον
444 1217 490 1244 καὶ
506 1217 592 1252 λόγον·
610 1218 655 1245 ἐπὶ
670 1218 699 1245 δὲ
715 1219 770 1245 τῶν
786 1220 900 1254 κτισμά-

113 1268 167 1287 των
184 1261 256 1293 κατὰ,
269 1262 319 1297 τὴν
331 1263 449 1290 ἑκάστου
477 1263 591 1299 δύναμιν
606 1264 743 1300 ἀναλόγως
757 1267 791 1301 τῇ
809 1265 897 1300 φύσει.

115 1306 194 1334 Ἔστι
206 1307 234 1334 δὲ
249 1308 364 1344 μίμησιν
376 1310 406 1337 ἐν
421 1309 526 1342 τούτοις
541 1311 634 1347 νοῆσαι
658 1311 704 1338 καὶ
718 1311 767 1347 τὴν
782 1311 899 1348 ’μετοχὴν

113 1352 167 1380 τῶν
188 1354 218 1381 ἐν
238 1353 298 1390 Θεῷ
313 1354 505 1392 θεωρουμένων
530 1357 712 1392 ὺπερουσίως,
729 1358 762 1393 ἢν
777 1357 811 1384 τὰ
828 1366 899 1393 πρα-

112 1398 212 1434 χθέντα
228 1400 298 1435 πρὸς
313 1400 419 1435 γένεσιν
431 1401 525 1438 εἴληφε
535 1423 542 1434 ,
558 1402 606 1430 τοῦ
622 1401 691 1430 εἶναι
711 1404 759 1431 καὶ
774 1404 828 1431 τῶν
843 1403 898 1431 λοι-

113 1445 172 1472 πῶν
189 1446 352 1482 μετέχοντα,
369 1443 408 1475 ὧν
431 1448 568 1484 διεξῆλθον
590 1450 620 1476 ὲν
642 1451 698 1482 τοῖς
715 1450 768 1486 πρὸ
783 1451 896 1479 τούτων.

112 1490 150 1516 Τὸ
165 1491 193 1517 δὲ
208 1492 295 1519 εἰπεῖν
309 1493 391 1528 ὅμοια
406 1493 466 1529 Θεῷ
481 1495 551 1522 κατὰ
567 1495 616 1531 τὴν
632 1495 707 1523 θείαν
723 1498 828 1528 εἰκόνα,
849 1498 899 1524 οὐκ

112 1537 287 1572 ἀναιροῦντός
302 1540 361 1566 ἐστι
375 1539 406 1567 τὸ
422 1540 469 1568 ἐπὶ
483 1541 531 1569 τοῦ
555 1541 697 1577 ἀνθρώπου
720 1543 800 1570 τοῦτο
822 1545 897 1580 εἰρῆ-

113 1583 187 1616 σθαι,
204 1584 271 1615 ἀλλὰ
288 1585 359 1612 κατὰ
374 1585 420 1613 τὸν
435 1587 486 1623 τῆς
504 1588 621 1624 μετοχῆς
636 1588 715 1623 λόγον
729 1589 776 1616 καὶ
786 1589 832 1616 ἐπὶ
842 1589 897 1617 τῶν

113 1629 213 1656 Αοιπῶν
221 1629 271 1666 τὴν
287 1630 359 1664 λέξιν
376 1632 522 1668 παρῴδησε
532 1633 565 1660 δί.

147 1676 202 1703 Καὶ
219 1676 294 1704 κατὰ
310 1678 393 1705 θείαν
407 1679 517 1706 εἰκόνα.
535 1679 598 1712 Πῶς
612 1680 643 1707 τὸ
659 1679 720 1707 κατ’
734 1681 836 1709 εἰκόνα
849 1682 899 1710 καὶ

113 1721 255 1756 ὁμοίωσιν
264 1723 384 1758 ωητέον,
399 1724 515 1751 ἐνταῦθά
530 1733 623 1761 φησιν·
639 1725 681 1753 ὅτι
696 1726 726 1753 οὐ
743 1728 802 1754 κατ’
819 1725 898 1760 εἶδος,

113 1765 181 1792 ἀλλὰ
196 1766 266 1793 κατὰ
282 1766 312 1793 τὸ
328 1768 554 1804 ἐπεστράφθαι⁸¹,
570 1770 675 1797 καὶτὸν
691 1770 752 1798 νοῦν
768 1771 899 1799 ἀνατετα-

114 1811 195 1846 μένον
210 1811 282 1847 ἕχειν
299 1814 367 1848 πρὸς
382 1813 428 1840 τὸν
444 1813 510 1841 Θεὸν
526 1814 572 1842 τὸν
589 1814 676 1843 αἴτιον
695 1816 743 1844 τοῦ
761 1815 830 1844 εἷναι
853 1818 899 1845 καὶ

112 1855 144 1883 εὗ
160 1855 239 1884 εἶναι·
253 1858 322 1894 ὅπερ
337 1858 426 1895 ἕτεροι
437 1859 467 1886 τὸ
478 1859 648 1893 αὐτεξούσιον
662 1862 785 1898 ἐνόησαν,
799 1863 858 1893 ἐπεὶ
868 1863 899 1890 οὐ

113 1903 185 1930 κατὰ
199 1904 250 1940 τὴν
266 1904 358 1931 οὐσίαν
379 1905 394 1930 ὁ
409 1905 475 1937 Θεὸς
491 1905 582 1941 ὅμοιος
601 1907 657 1938 τοῖς
679 1907 814 1941 λογικοῖς·
837 1907 900 1935 οὔτε

112 1948 168 1984 γὰρ
183 1949 264 1984 ἡμεῖς
279 1949 365 1984 ὅμοιοι
380 1948 487 1986 [ἐσμὲν]
504 1952 564 1983 ταῖς
580 1951 681 1978 εἰκόσιν
696 1952 774 1987 ἡμῶν
792 1954 852 1985 ταῖς
867 1955 900 1981 ὲκ

113 1993 200 2029 κηροῦ
215 1994 297 2030 τυχὸν
314 1995 331 2030 ἢ
353 1995 472 2030 χαλκοῦ,
491 1996 569 2024 ἅτινα
595 1997 736 2033 ὲτερούσια
756 1999 822 2034 ἡμῖν
841 1999 899 2025 ἐστι

113 2039 161 2066 καὶ
177 2039 268 2072 ποσῶς
285 2040 376 2076 ὅμοια’
393 2041 428 2068 τὰ
445 2042 494 2077 μὲν
510 2042 565 2078 γὰρ
581 2044 714 2079 ὁμοταγῆ,
729 2044 854 2072 τουτέστι
864 2044 900 2075 τὰ

111 2085 163 2120 τῆς
184 2085 269 2121 αὐτῆς
281 2086 385 2120 τάξεως
407 2087 453 2114 καὶ
476 2088 568 2120 οὐσίας
578 2108 585 2122 ,
602 2089 640 2121 ὡς
655 2089 689 2116 τὰ
706 2090 837 2126 χερουόὶμ
853 2091 900 2118 καὶ

111 2132 236 2168 σεραφὶμ
251 2133 298 2160 καὶ
314 2133 405 2161 λοιπαὶ
419 2134 520 2167 τάξεις,
540 2136 694 2171 όμοιοῦνται
709 2137 832 2174 ἀλλήλοις
848 2147 899 2169 κα-

112 2178 147 2205 τὰ
163 2178 194 2205 τὸ
210 2179 414 2216 προηγούμενον
430 2179 510 2213 εἶδος·
528 2181 600 2218 ὅπερ
619 2180 688 2215 εἶδος
705 2183 752 2210 ἐπὶ
766 2183 821 2211 τῶν
837 2192 900 2220 νοη-

950 941 1028 969 libris
1041 943 1133 967 contra
1144 940 1264 968 hiemes.

986 986 1138 1014 Imitatione
1149 994 1227 1022 quam
1238 985 1361 1013 adhibere
1379 991 1497 1021 possunt.
1513 986 1588 1014 Licet
1604 995 1670 1015 sane
1684 987 1737 1015 hoc

950 1034 1010 1061 loco
1022 1033 1145 1068 accipere
1160 1032 1338 1060 imitationem
1351 1033 1378 1060 in
1395 1037 1492 1060 natura
1504 1037 1594 1060 mente
1605 1041 1636 1061 ac
1651 1033 1737 1061 ratio-

949 1089 984 1108 ne
998 1079 1110 1116 prazdita
1127 1079 1161 1107 ad
1183 1079 1265 1107 Deum
1281 1086 1423 1114 conversa,
1436 1079 1515 1114 juxta
1531 1079 1596 1106 illud
1619 1086 1627 1105 :
1646 1078 1737 1107 Estote

949 1126 1067 1161 perfecti,
1082 1131 1106 1154 et
1121 1131 1202 1153 estote
1218 1124 1399 1153 misericordes
1414 1125 1482 1152 sicut
1494 1125 1576 1152 Pater
1591 1130 1673 1152 vester
1685 1133 1736 1152 εω-

950 1172 1021 1200 lestia
1030 1177 1044 1197 ιι
1057 1180 1064 1198 :
1076 1180 1136 1208 quae
1144 1172 1172 1199 in
1184 1171 1240 1200 Deo
1250 1171 1360 1207 quidem
1371 1171 1481 1207 proprie
1491 1174 1519 1198 et
1533 1179 1616 1206 supra
1627 1179 1735 1198 omnem

948 1218 1095 1245 terminum
1110 1226 1142 1245 ac
1155 1217 1308 1251 rationem;
1325 1217 1353 1244 in
1365 1217 1501 1244 creaturis
1509 1225 1574 1245 vero
1582 1225 1632 1252 pro
1645 1218 1736 1252 cujus-

948 1271 1002 1299 que
1024 1263 1153 1291 facultate
1179 1264 1376 1291 convenienter
1396 1267 1502 1291 natura:
1524 1273 1530 1292 :
1556 1263 1620 1291 licet
1643 1268 1734 1291 autem

948 1311 1030 1338 etiam
1045 1310 1097 1338 hoc
1110 1310 1171 1338 loco
1188 1310 1368 1338 imitationem
1382 1310 1533 1345 intelligere
1548 1310 1736 1345 participatio-

948 1363 1011 1383 nem
1025 1363 1119 1383 eorum
1129 1363 1189 1391 quae
1201 1356 1228 1383 in
1239 1355 1294 1383 Deo
1309 1363 1393 1391 supra
1408 1356 1557 1384 essentiam
1571 1360 1733 1388 cernuntur.

948 1408 1031 1436 quam
1048 1409 1094 1429 res
1112 1402 1250 1437 productae
1267 1401 1295 1429 in
1311 1402 1486 1437 generatione
1499 1405 1662 1437 acceperunt
1670 1404 1740 1430 exsi.

948 1447 1064 1476 sentiam
1079 1451 1107 1475 et
1121 1447 1174 1474 alia
1185 1447 1393 1483 participantes,
1407 1455 1468 1483 quae
1479 1447 1507 1475 in
1520 1448 1736 1483 praecedentibus

947 1493 1089 1527 explicavi.
1106 1492 1184 1526 Quod
1198 1496 1289 1520 autem
1302 1493 1403 1520 dixerit
1417 1493 1517 1521 similia
1531 1493 1681 1521 s'ecundum
1693 1493 1736 1521 di-

948 1538 1037 1566 vinam
1051 1539 1207 1574 imaginem,
1223 1546 1278 1566 non
1290 1543 1334 1567 est
1343 1539 1415 1574 quod
1431 1543 1510 1574 neget
1524 1539 1576 1566 hoc
1590 1539 1691 1567 dictum
1701 1539 1736 1568 de

948 1584 1074 1619 homine;
1098 1584 1147 1613 sed
1166 1592 1216 1620 pro
1231 1584 1455 1620 :participationis
1477 1584 1584 1612 ratione
1599 1585 1681 1613 etiam
1701 1585 1736 1613 de

949 1631 1063 1666 reliquis
1081 1630 1228 1658 dictionem
1242 1631 1395 1666 usurpavit.

985 1676 1020 1704 Et
1031 1676 1065 1703 ad
1077 1676 1192 1703 divinam
1204 1677 1356 1712 imaginem.
1374 1676 1445 1704 Dicit
1459 1676 1512 1704 hoc
1523 1676 1584 1704 loco
1598 1677 1736 1712 quomodo

949 1721 1153 1757 intelligendum
1169 1721 1206 1750 sit
1221 1722 1363 1749 secundum
1391 1722 1532 1757 imaginem
1557 1726 1582 1749 et
1610 1722 1736 1749 similitu-

948 1767 1035 1795 dinem
1051 1775 1060 1795 :
1076 1760 1173 1802 nempe
1193 1775 1249 1795 non
1272 1767 1422 1795 secundum
1437 1767 1565 1801 formam,
1581 1768 1628 1796 sed
1643 1772 1737 1803 quate-

948 1821 1002 1840 nus
1011 1820 1151 1841 conversa:
1162 1816 1237 1846 sunt,
1253 1817 1280 1841 et
1293 1816 1412 1840 mentem
1427 1812 1460 1840 ad
1474 1812 1570 1847 Deum,
1584 1813 1735 1841 exsistcndi

949 1865 982 1886 ac
993 1859 1063 1887 bene
1069 1858 1218 1887 exsistendi
1229 1862 1380 1892 auctorem,
1391 1858 1523 1886 elevatam
1534 1858 1735 1894 habent;un

949 1904 996 1932 alii
1011 1905 1127 1932 liberum
1141 1904 1284 1933 arbitrium
1300 1904 1503 1936 intellexerunt,
1519 1904 1649 1940 quoniam
1665 1904 1736 1933 Deus

949 1957 1004 1977 non
1018 1954 1060 1978 est
1075 1950 1172 1978 similis
1199 1950 1351 1978 secundum
1372 1950 1519 1978 essentiam
1533 1950 1733 1978 rationalibus:

949 2003 1038 2031 neque
1051 1996 1125 2024 enim
1146 2003 1198 2024 nos
1216 1996 1320 2025 similes
1335 2004 1431 2025 sumus
1448 1996 1612 2031 imaginibus
1632 1998 1736 2025 nostris

948 2042 1036 2069 cereis
1047 2041 1129 2075 forte,
1148 2048 1195 2070 aut
1208 2042 1298 2076 aereis,
1315 2049 1376 2077 quae
1389 2042 1502 2070 alterius
1512 2042 1639 2070 essentia;
1653 2049 1734 2077 quam

948 2095 1000 2116 nos
1014 2091 1042 2116 et
1055 2095 1152 2123 parum
1168 2089 1271 2116 similes
1288 2096 1294 2114 :
1308 2096 1369 2124 quae
1379 2088 1451 2115 enim
1463 2088 1586 2123 ejusdem
1600 2088 1691 2121 seriei,
1707 2088 1735 2115 id

948 2138 991 2162 est
1012 2134 1137 2169 ejusdem
1159 2134 1267 2163 ordinis
1287 2141 1320 2162 ac
1343 2133 1478 2165 essentia,
1499 2137 1530 2161 ut
1551 2133 1692 2161 cherubim
1707 2137 1735 2162 et

949 2180 1085 2217 seraphim
1100 2187 1132 2208 ac
1143 2180 1242 2215 reliqui
1254 2179 1375 2213 ordines,
1394 2179 1581 2208 assimilantur
1592 2179 1644 2207 sibi
1664 2179 1735 2207 invi-

112 2224 168 2251 τῶν
183 2225 267 2258 ἔστιν,
284 2225 328 2252 οἵα
342 2234 384 2258 τις
400 2227 565 2263 ὑποκειμένη
582 2227 632 2264 ὓλη
648 2228 729 2261 ἄῦλος
749 2229 806 2265 ζωὴ
821 2227 897 2262 οὖσα,

951 2234 1009 2266 cem
1023 2227 1051 2254 in
1066 2227 1213 2262 principali
1228 2226 1334 2260 forma;
1353 2233 1415 2261 quze
1434 2225 1535 2258 forma,
1555 2225 1585 2253 in
1606 2225 1736 2261 intelligi-

112 2271 160 2298 καὶ
175 2270 241 2298 αὐτὸ
255 2271 287 2299 τὸ
302 2269 371 2304 εἶδος
384 2272 399 2299 ὃ
413 2273 487 2300 ὲστιν
502 2273 618 2300 ἕκαστον
632 2273 688 2301 τῶν
703 2275 817 2310 νοητῶν.
832 2275 860 2303 '0
871 2275 900 2303 δὲ

111 2315 180 2348 Θεὸς
194 2316 243 2353 οὐχ
258 2316 330 2344 οὕτω
346 2318 414 2354 πρὸς
429 2317 463 2345 τὰ
479 2318 510 2351 ἐξ
524 2319 625 2346 αὐτοῦ·
646 2320 677 2346 οὐ
690 2320 746 2356 γὰρ
760 2321 853 2357 ὅμοιον
868 2322 900 2349 τὸ

112 2361 200 2388 αἴτιον
215 2363 270 2395 τοῖς
286 2363 427 2395 αἰτιατοῖς.
448 2365 480 2391 '0
500 2364 528 2391 δὲ
543 2363 620 2393 εἷπον
642 2366 689 2392 ἐπὶ
704 2366 760 2394 τῶν
774 2367 877 2403 νοητῶν
890 2388 898 2401 ,

111 2407 210 2444 νόησον
225 2408 272 2435 καὶ¹
287 2409 333 2436 ἐπὶ
348 2409 402 2437 τῶν
417 2410 518 2446 νοερῶν
528 2411 605 2446 ήμῶν
621 2411 724 2448 ψυχῶν.

157 2541 221 2569 Ἐπὶ
234 2542 293 2577 μὲν
308 2542 364 2578 γὰρ
385 2543 445 2570 τῶν
466 2543 627 2579 ὁμοταγῶν.
650 2544 807 2580 ὀμοταγῶν
833 2555 899 2583 φησι

112 2587 169 2614 τῶν
192 2588 340 2624 ὁμοφυῶν,
360 2589 391 2622 ἐξ
405 2586 443 2617 ὧν
466 2590 483 2626 ἡ
503 2590 630 2626 ὁμοιότης
649 2591 822 2628 ἀντιστρέφει
843 2591 900 2620 οἷον

153 2692 167 2707 ιι
178 2687 253 2718 Psal.
269 2695 369 2723 unv,
383 2688 410 2717 8.

450 2694 463 2708 υ
479 2689 533 2718 Isa.
550 2697 596 2720 ιι..
608 2690 655 2718 25.
694 2696 708 2717 Ρ
722 2690 792 2720 Osee
806 2699 856 2725 xu,
873 2692 917 2723 to.
953 2698 968 2718 σι
983 2692 1050 2721 Luc.
1068 2702 1107 2727 vi,
1123 2694 1169 2722 '56.

949 2271 1051 2300 bilibus
1064 2275 1108 2300 est
1120 2272 1204 2300 veluti
1226 2271 1350 2307 subjecta
1365 2271 1490 2307 quaedam
1510 2271 1624 2299 materia
1639 2271 1736 2299 imma-

949 2317 1055 2346 terialis
1067 2318 1162 2346 vivens
1172 2339 1180 2350 ,
1201 2324 1234 2345 ac
1253 2317 1313 2353 ipsa
1328 2317 1417 2344 forma
1432 2324 1493 2352 qua:
1506 2321 1549 2345 est
1562 2317 1735 2352 unumquod-

948 2371 1003 2399 que
1015 2364 1241 2399 intelligibilium.
1259 2362 1332 2391 Deus
1348 2370 1414 2392 vero
1428 2371 1484 2391 non
1502 2363 1540 2391 ita
1553 2370 1615 2391 cum
1629 2367 1735 2391 creatu.

947 2410 987 2438 ris
1001 2414 1191 2446 comparatur;
1201 2417 1284 2438 causa
1294 2410 1366 2438 enim
1377 2417 1434 2437 non
1445 2413 1487 2437 est
1498 2409 1596 2437 similis
1609 2408 1733 2437 ellectui:

951 2456 1024 2492 quod
1037 2459 1128 2485 autem
1145 2456 1202 2484 dixi
1215 2457 1250 2485 de
1263 2456 1482 2491 intelligibilibus
1492 2475 1501 2489 ,
1520 2454 1639 2491 intellige
1652 2455 1735 2483 etiam

951 2503 986 2531 de
1001 2503 1216 2539 intelligentibus
1228 2503 1374 2532 animabus
1390 2502 1505 2530 nostris.

987 2548 1120 2582 Quoniam
1135 2549 1165 2576 in
1186 2549 1237 2582 iis,
1261 2557 1320 2585 qua
1336 2548 1450 2584 aequalia
1473 2552 1544 2576 sunt.
1563 2547 1650 2576 Vocat
1668 2546 1734 2581 ὁμο-

950 2595 1042 2629 ταγῶν
1057 2602 1118 2631 qua
1133 2595 1257 2631 ejusdem
1272 2600 1335 2624 sunt
1351 2600 1468 2629 natura,
1482 2595 1512 2623 in
1524 2594 1624 2630 quibus
1637 2592 1735 2622 simili-

1326 2712 1367 2728 ’ω

568 2779 685 2810 VARIE
701 2780 896 2812 LECTIONES
914 2782 959 2812 ET
975 2783 1250 2815 CORBEGTIONES.

173 2865 196 2882 "
208 2864 288 2899 εὐθὺς
303 2867 352 2904 τῆς
369 2867 433 2905 περὶ
448 2867 524 2901 ζώων
543 2868 672 2907 ἰδιότητος
687 2870 884 2910 πραγματείας.
918 2871 941 2890 ⁸ο
956 2871 994 2905 ὼς
1013 2871 1184 2908 δημιουργόν.
1217 2872 1239 2890 ⁹¹
1255 2871 1380 2905 ὶπέθνικε-
1414 2871 1437 2888 ⁵¹
1451 2868 1659 2904 ἐπιστραφῆναι·
