1940 3064
211 159 264 189 διν

592 150 760 180 APPENDIX
775 149 821 178 AD
835 148 949 178 OPERA
965 148 994 177 ε.
1013 147 1162 177 DIONYSII
1178 145 1420 175 AREOPAGITE.

1783 142 1837 172 380

211 211 278 244 tudo
289 210 473 244 convertitur;
488 210 563 238 velut
573 209 672 238 Petrus
688 209 788 238 similis
802 208 888 235 Paulo
901 215 990 235 secun‘

1051 207 1155 242 Πέτρος
1179 206 1277 241 Παύλῳ
1297 207 1389 241 ὅμοιος
1416 205 1485 233 κατὰ
1507 204 1556 240 τὴν
1581 203 1676 239 φύσιν,
1693 201 1740 229 καὶ
1762 202 1833 230 ἀντι-

210 258 275 285 dum
288 261 430 289 naturam,
449 259 477 284 et
491 255 645 284 eonversim
666 254 768 282 Paulus
782 254 882 282 similis
901 253 993 281 Petro.

210 302 241 330 In
253 303 362 330 homine
375 309 440 330 vero
450 309 483 329 ac
499 301 560 336 ejus
574 300 692 336 imagine
710 307 765 327 non
781 303 824 328 est
839 299 932 327 eadem
948 307 996 326 ra-

209 348 249 376 tio
261 356 268 373 :
286 355 340 374 non
354 352 396 375 est
410 347 483 374 enim
499 347 593 374 eadem
608 345 734 375 essentia:
744 345 772 372 in
780 346 903 380 utrisque
914 346 994 378 ratio,

209 393 282 430 quod
291 394 398 421 vocavit
410 393 493 428 208
505 392 682 428 principalem
694 392 795 420 similis
805 392 934 427 speciem.
945 391 997 419 Ho-

210 447 256 467 mo
267 447 332 467 vero
348 439 429 466 etiam
441 439 495 466 alio
510 438 591 466 modo
607 438 707 465 dicitur
720 437 862 465 dissimilis
879 438 996 473 propriae

209 485 332 521 imagini,
348 485 420 520 quod
436 485 526 520 imago
535 485 644 520 quidem
658 485 731 512 facta
745 485 781 512 sit
791 484 825 511 ad
835 485 954 512 hominis
961 484 996 512 si-

207 532 403 563 militudinem,
421 539 475 559 non
490 536 580 559 autem
596 531 677 559 homo
692 531 727 558 ad
743 531 826 566 hujus
838 530 995 559 similitudi-

207 587 270 608 nem
284 587 290 605 :
306 580 343 607 ita
356 579 440 614 igitur
453 585 542 614 neque
553 579 581 605 in
594 585 689 610 causa,
706 585 795 613 neque
810 578 838 605 in
853 577 950 605 elTectu
963 578 995 605 τὸ

207 625 412 661 ἀντιστρέφειν,
431 632 478 652 seu
499 623 665 659 reciprocari
681 623 888 650 admittendum.
907 622 994 650 Porro

207 670 371 705 reciprocari
385 673 427 697 est
443 677 506 696 cum
522 669 577 697 illis
591 669 674 696 etiam
690 669 737 704 qui
753 669 921 696 contrarium
936 672 994 696 tra—

203 721 283 744 ciant
298 723 469 748 sermonem,
491 715 634 750 aequaliter
655 714 747 742 dicere
770 715 847 746 licet,
863 714 946 741 veluti
970 714 994 742 si

205 763 307 790 animal
317 763 390 798 quod
405 762 433 789 in
448 766 536 794 utero,
556 765 584 789 et
598 761 777 792 contrarium,
790 761 813 788 si
827 768 882 787 non
893 760 994 787 animal

205 809 279 844 quod
292 809 320 835 in
331 813 421 835 utero.
438 807 478 834 Ita
501 807 623 842 loquitur
636 807 764 834 Clemens
777 807 804 833 in
815 806 951 841 principio
965 806 995 833 li-

207 856 249 882 bri
263 854 353 890 quinti
368 852 545 884 Stronuuum.
559 853 601 880 sic
611 852 692 887 igitur
702 852 783 879 etiam
794 852 846 879 hoc
861 852 931 879 loco.
943 850 995 878 [ta—

1048 254 1174 289 στρόφως
1191 253 1297 284 Παῦλος
1313 253 1409 288 Πέτρῳ
1424 253 1525 288 ὅμοιος.
1541 251 1602 278 Ἐπὶ
1617 251 1646 278 δὲ
1665 250 1712 277 τοῦ
1731 248 1836 291 ἀνθρὼ-

1046 307 1098 325 που
1111 299 1162 332 ,καὶ
1180 298 1230 334 τῆς
1246 299 1340 325 τούτου
1368 298 1472 330 είκόνος
1493 298 1542 332 οὐχ
1561 298 1575 324 ὁ
1597 296 1676 328 αὐτὸς
1697 296 1784 330 λόγος·
1802 296 1833 322 οὐ

1045 345 1100 380 γὰρ
1122 345 1137 372 ὁ
1160 345 1210 379 τῆς
1231 344 1325 376 οὐσίας
1346 343 1424 377 λόγος
1439 345 1454 370 ὁ
1466 343 1547 374 αὐτὸς
1563 344 1606 369 ἐπ’
1622 342 1722 376 ἀμφοῖν
1733 361 1741 373 ,
1764 341 1848 376 ὅπερ.

1045 391 1156 418 ἐκάλεσε
1174 390 1378 426 προηγούμενον
1393 389 1486 425 ὁμοίου
1501 387 1578 421 εἶδος.
1598 389 1626 415 '0
1646 388 1674 415 δὲ
1690 387 1833 423 άνθρωπος

1045 437 1092 464 καὶ
1109 437 1210 473 ἑτέρως
1225 436 1336 471 λέγεται
1352 436 1402 471 οὐχ
1416 436 1507 471 ὅμοιος
1515 436 1548 470 τῇ
1567 434 1620 470 ἰδίᾳ
1641 434 1736 465 εικόνι,
1751 434 1793 460 ᾰτι
1813 434 1831 469 ἡ

1044 482 1127 510 εἰκὼν
1144 482 1193 518 μὲν
1207 481 1275 518 πρὸς
1290 482 1341 518 τὴν
1356 481 1403 509 τοῦ
1420 481 1562 517 ἀνθρώπου
1578 481 1688 515 γέγονεν
1703 479 1831 515 ὁμοιότη-

1043 537 1089 561 τα,
1111 528 1159 555 καὶ
1180 528 1240 564 οὐχὶ
1256 529 1270 555 ὁ
1286 527 1429 564 ἄνθρωπος
1450 527 1518 563 πρὸς
1539 526 1590 563 τὴν
1605 526 1718 561 ταύτης.
1735 525 1830 558 Οὕτως

1043 572 1089 602 οὖν
1105 574 1153 602 καὶ
1168 575 1214 601 ἐπὶ
1227 574 1275 602 τοῦ
1289 574 1387 606 αἰτίου,
1398 574 1444 600 καὶ
1462 573 1516 600 τῶν
1533 573 1563 606 ἐξ
1577 572 1670 604 αὑτοῦ,
1685 571 1727 607 μὴ.
1735 571 1830 598 δεκτδν

1043 619 1113 648 εἶναι
1128 620 1159 647 τὸ
1174 620 1372 656 ἀντιστρέφειν·
1389 619 1576 654 άντιστρέφειν
1592 619 1620 645 δέ
1636 619 1724 649 ἐστιν,
1741 617 1759 644 ὃ.
1781 618 1830 645 καὶ

1043 667 1099 698 τοίς
1109 666 1154 692 τὸν
1165 666 1284 693 ἐναντίον
1299 665 1446 701 χειρίζουσι
1461 665 1484 680 ⁸³
1497 665 1574 699 λόγον
1587 664 1687 699 ὲπίσης
1700 663 1773 690 ἔστιν
1788 664 1829 690 εί-

1043 714 1115 744 πεῖν,
1127 709 1182 739 οἷον
1198 713 1222 739 εί
1237 711 1305 744 ζῶον
1315 711 1346 738 τὸ
1364 710 1433 738 κατὰ
1449 710 1578 746 γαστρὸς,
1595 711 1642 738 καὶ
1650 710 1682 737 τὺ
1698 709 1828 742 ἐναντίον,

1043 759 1067 785 εἰ
1083 759 1113 785 οὐ
1135 759 1203 792 ζῶον
1214 759 1245 785 τὺ
1261 758 1330 785 κατὰ
1347 758 1473 793 γαστρός.
1491 757 1569 784 οὕτω
1586 757 1667 793 φησὶν
1682 757 1697 783 ὁ
1713 756 1829 792 Κλήμης

1044 804 1074 830 ἐν
1089 804 1159 838 ἀρχῇ
1176 803 1223 829 τοῦ
1243 803 1368 838 πέμπτου
1384 801 1590 836 Στρωματέων,
1606 802 1700 837 ὥσπερ
1713 799 1760 828 οὖν
1781 800 1829 828 καὶ

1045 849 1174 878 ἐνταῦθα.
1188 849 1220 876 Εἰ
1236 846 1282 876 οὖν
1294 849 1374 884 ὃμοια
1388 847 1423 875 τὰ
1439 848 1572 884 ὁμοταγῆ,
1584 848 1631 875 καὶ
1646 849 1680 876 ὲκ
1693 847 1741 875 τοῦ
1751 849 1828 875 ὲναν-

205 907 260 935 que
277 900 300 928 si
314 900 413 927 similia
427 907 489 935 quae
501 899 624 933 ejusdem
641 898 759 931 ordinis,
771 901 799 926 et
810 905 826 926 e
840 898 989 933 contrario,

1041 895 1109 927 τίου,
1124 895 1149 921 εί
1167 895 1216 930 οὐχ
1231 895 1312 930 ὅμοια
1329 893 1508 929 τᾴγὸμοταγῆ.

205 945 230 974 si
245 953 300 973 non
315 946 414 973 similia
429 952 490 980 quae
501 945 622 979 ejusdem
639 944 754 972 ordinis.

242 991 330 1026 Ipsius
338 991 531 1018 simililudinis.
544 990 618 1018 Solet
627 998 741 1026 magnus
749 989 896 1026 Dionysius
902 989 993 1018 dicere

207 1037 290 1066 Deum
298 1038 326 1065 in
333 1037 438 1065 eﬁ'ectis
448 1045 510 1065 esse
521 1037 599 1072 quod.
605 1045 652 1072 per
661 1045 690 1064 se
697 1041 740 1065 est
747 1057 755 1069 ,
765 1042 791 1064 et
799 1037 858 1072 ejus
866 1037 938 1072 quod
945 1045 992 1072 per

205 1091 236 1112 se
247 1088 291 1113 est
311 1084 494 1116 conditorem.
509 1087 536 1111 et
558 1083 646 1118 ipsum
663 1090 725 1111 esse
739 1083 925 1110 exsistentiam
945 1091 993 1118 per

205 1136 250 1161 se.
263 1133 290 1157 et
313 1130 482 1157 exsistentia:
505 1136 555 1164 per
578 1136 609 1156 se
634 1128 803 1156 conditorem
820 1128 893 1156 sicut
910 1129 992 1156 etiam

204 1182 278 1202 nunc
294 1175 384 1209 ipsum
397 1182 459 1203 esse
474 1175 561 1210 ipsam
580 1173 797 1205 similitudinem,
815 1177 842 1201 et
857 1173 943 1209 ipsius
959 1175 993 1202 si-

204 1219 369 1248 militudinis
380 1220 560 1247 conditorem.
576 1219 639 1247 Haec
653 1223 743 1247 autem
756 1220 832 1254 dicit,
848 1228 903 1248 non
919 1221 992 1256 quod

203 1265 279 1294 dicat
294 1265 378 1293 Deum
392 1266 529 1294 diversam
540 1265 650 1301 quidem
664 1274 725 1294 esse
740 1267 835 1299 vitam,
854 1274 886 1295 ac
902 1267 992 1296 diver-

204 1320 264 1342 sam
278 1313 313 1340 ab
325 1320 358 1340 eo
373 1312 456 1340 vitam
471 1312 645 1340 essentialem
663 1313 823 1348 productam
843 1312 942 1345 fuisse,
959 1321 992 1341 ac

202 1358 289 1386 veluti
311 1358 416 1386 diceret
432 1358 552 1393 aliquam
570 1362 668 1393 praeter
692 1359 777 1387 Deum
797 1360 990 1388 subsistentem

203 1411 286 1440 quam
306 1403 469 1440 participant
489 1411 522 1431 ea
541 1411 604 1439 qua:
626 1404 711 1432 vitam
737 1405 901 1441 participant
917 1413 924 1432 :
943 1406 991 1434 sed

203 1450 276 1478 sicut
297 1450 417 1485 seipsum
444 1450 563 1485 explicat
582 1450 611 1477 in
634 1450 723 1485 capite
743 1450 903 1484 undecimo,
919 1451 990 1481 Deus

203 1495 306 1523 dieitur
318 1495 378 1530 ipsa
399 1496 465 1528 vita,
482 1503 514 1524 ac
531 1496 590 1531 ipsa
605 1497 705 1528 virtus,
726 1501 808 1532 atque
824 1497 882 1532 ipsa
897 1498 991 1525 simili-

201 1541 284 1576 tudo,
309 1545 338 1569 et
360 1542 512 1577 ejusmodi,
527 1545 557 1569 ut
581 1542 634 1570 hoc
658 1543 796 1571 cxsistens
811 1551 859 1578 per
874 1543 985 1570 modum

203 1587 342 1622 principii,
358 1594 391 1614 ac
406 1592 436 1614 ut
455 1586 546 1620 Deus,
561 1591 644 1623 atque
663 1588 737 1615 velut
758 1595 842 1615 causa
859 1598 867 1615 :
890 1588 988 1615 horum

201 1633 274 1660 enim
285 1637 337 1665 est,
351 1640 446 1660 revera
463 1632 523 1660 fons
540 1641 572 1661 ac
587 1633 682 1669 origo;
700 1634 788 1668 ipsius
803 1638 893 1661 autem
914 1635 987 1666 vitae,

201 1685 235 1705 ac
248 1678 334 1713 ipsius
347 1678 536 1708 similitudinis
547 1682 574 1706 et
589 1679 686 1706 talium
700 1683 744 1708 est
763 1679 899 1711 conditor,
917 1683 946 1706 ut
965 1680 989 1708 is

200 1724 249 1759 φή
264 1724 473 1758 participatione
487 1724 555 1759 ipsis
564 1731 625 1760 quze
639 1724 770 1760 primario
786 1725 857 1752 inter
868 1732 922 1757 res,
937 1725 989 1752 hoc

200 1768 304 1799 donum
321 1770 488 1805 participant
504 1770 621 1806 largitur
637 1780 643 1798 :
661 1778 723 1799 nam
739 1771 831 1798 omnia
846 1778 896 1806 pro
906 1774 988 1806 captu

202 1823 253 1843 suo
268 1816 332 1842 talia
355 1816 544 1851 participant:
563 1817 657 1852 primm
681 1817 790 1852 quidem
812 1820 840 1844 et
865 1823 989 1851 supernae

203 1860 414 1896 intelligibilium
428 1866 564 1889 creaturae
578 1869 626 1897 per
638 1863 750 1890 modum
768 1862 912 1898 principii:
927 1869 989 1897 quae

201 1913 267 1934 vero
282 1905 411 1941 deinceps
423 1927 431 1939 ,
454 1907 605 1944 secundum
623 1907 788 1935 descensum
813 1915 862 1935 seu
879 1907 989 1936 inferio-

201 1957 260 1978 rem
276 1951 401 1986 gradum.
417 1951 503 1979 Porro
518 1953 600 1980 etiam
617 1954 743 1987 superius
759 1953 879 1981 diximus
893 1954 988 1982 simili-

201 1996 325 2027 tudinem
344 2005 406 2025 esse
423 2002 542 2026 totorum
557 1998 702 2031 unitatem,
718 2007 772 2034 qua
787 2003 854 2031 tota,
871 2000 898 2027 id
914 2001 987 2036 quod

201 2050 234 2071 se
246 2042 341 2070 eodem
354 2043 436 2071 modo
449 2044 541 2077 habet,
558 2048 586 2072 et
600 2045 751 2073 secundum
769 2046 864 2073 eadem
877 2046 905 2074 in
919 2055 987 2074 con-

201 2089 356 2124 spiratione
371 2090 549 2125 participant,
564 2091 659 2126 primae
671 2099 760 2119 causa:
774 2092 965 2120 communione
978 2100 985 2118 :

201 2134 271 2162 dixit
285 2139 387 2169 autem,
403 2144 461 2169 qm
477 2144 532 2164 esse
542 2141 636 2172 potest,
651 2137 715 2172 quia
730 2145 783 2164 non
798 2137 928 2173 perfecte,
943 2146 988 2166 ne-

201 2188 255 2215 que
270 2180 298 2208 in
309 2185 366 2209 toto
383 2182 511 2211 imitatio.
918 2215 921 2218 .

235 2226 250 2261 §
266 2225 321 2254 VII.
334 2226 498 2261 οισι-ἔδεσκε,
514 2228 561 2256 Gr.
574 2229 605 2256 τὸ
614 2229 736 2256 ἀποδέον.
753 2229 897 2258 Deﬁciens.

234 2267 323 2307 §VIIL
338 2273 409 2306 Quid
420 2279 508 2301 autem
515 2275 548 2302 de
559 2275 734 2303 divinostalu.
746 2275 850 2303 Statum
859 2280 885 2303 el
894 2276 986 2304 sedem

200 2325 250 2353 pro
263 2319 359 2347 eodem
375 2320 475 2355 accipit
491 2328 498 2346 :
515 2325 616 2348 statum
633 2322 717 2354 enim,
736 2330 789 2350 non
805 2323 878 2359 quod
894 2327 986 2351 rectus

200 2363 257 2396 ﬁat,
275 2369 418 2400 postquam
434 2367 462 2394 in
478 2367 542 2394 sede
553 2367 711 2396 incurvatus
723 2369 804 2396 fuerit
817 2369 984 2404 suspicatur;

199 2409 249 2438 sed
258 2410 317 2438 sine
327 2412 519 2444 concussione,
528 2420 560 2439 ac
571 2415 720 2442 mutatione
732 2414 790 2445 Dei.
806 2415 914 2442 ﬁrmum
929 2419 986 2443 sta-

200 2459 264 2483 tum,
283 2458 415 2485 vocavit:
442 2459 514 2486 sicut
535 2459 616 2486 etiam
644 2461 739 2488 sedere
764 2461 901 2496 signiﬁcat
923 2470 985 2490 csse

199 2502 331 2529 continuo
347 2510 379 2530 ac
405 2503 723 2538 incomprehensibiliter
738 2506 820 2541 209
834 2507 867 2536 in
888 2515 983 2542 regno,

200 2554 233 2574 ac
244 2548 335 2583 quiete
350 2549 469 2577 nominis
485 2555 605 2584 experte.
619 2550 690 2578 Sane
706 2551 737 2579 in
751 2552 902 2587 Scriptura,
920 2557 983 2580 tan-

199 2601 282 2628 quam
298 2601 313 2621 a
332 2595 397 2623 sede
412 2602 561 2631 exsurgens
577 2596 678 2624 dicitur
689 2601 724 2624 .ut
735 2598 772 2625 ibi
790 2608 797 2625 :
815 2597 911 2633 Surge,
928 2599 983 2626 Do-

200 2639 280 2672 mine,
295 2641 407 2675 prazveni
419 2649 463 2669 eos
474 2645 502 2667 τε
520 2648 552 2669 ac
567 2642 678 2676 iterum,
691 2643 762 2671 sicut
773 2650 789 2670 a
805 2647 877 2671 statu
890 2644 923 2672 ad
940 2653 984 2673 se-

237 2725 250 2740 ι’
263 2719 335 2749 Psal.
351 2729 408 2754 xw,
423 2721 467 2750 15.

1080 1005 1138 1039 Τῆς
1153 1005 1406 1039 αὺτσομοιότητος.
1422 1003 1501 1035 Ἕθος
1511 1003 1570 1030 ἐστὶ
1586 1003 1626 1040 τῷ
1645 1003 1754 1040 μεγάλῳ
1769 1005 1828 1031 Διο-

1042 1051 1135 1086 νυσίῳ,
1152 1051 1197 1078 τὸν
1212 1050 1279 1076 Θεὸν
1295 1049 1384 1083 λέγειν
1395 1049 1441 1076 ἐπὶ
1455 1049 1510 1076 τῶν
1525 1049 1653 1077 αἰτιατῶν
1668 1049 1747 1076 αὐτὸν
1757 1047 1828 1077 εἶναι

1040 1097 1073 1124 τὺ
1087 1097 1182 1124 αὑτοὸν
1196 1096 1242 1123 καὶ
1262 1095 1309 1123 τοῦ
1326 1097 1460 1123 αὐτοεῖναι
1484 1097 1654 1132 ὑποστάτην·
1676 1096 1723 1123 καὶ
1744 1088 1828 1123 αὐτὸν

1041 1139 1110 1168 εἶναι
1131 1141 1181 1177 τὴν
1197 1141 1335 1177 αὑτοζωὴν
1345 1162 1353 1174 ,
1371 1140 1416 1169 καὶ
1431 1141 1482 1176 τῆς
1497 1141 1635 1177 αὑτοζωῆς
1657 1141 1825 1178 ὑποστάτην

1041 1187 1079 1219 ὼς
1094 1187 1140 1214 καὶ
1156 1187 1203 1214 νῦν
1219 1187 1300 1214 αὐτὸν
1314 1185 1439 1223 εἶναιτὴν
1448 1187 1671 1222 αὐτοομοιότητα,
1688 1187 1734 1214 καὶ
1752 1186 1826 1224 [τῆς]

1041 1233 1265 1268 αὑτοομοιότητος
1281 1233 1444 1268 ὑποστάτην.
1461 1233 1529 1268 Φησὶ
1548 1233 1577 1260 δὲ
1598 1232 1699 1265 ταῦτα,
1716 1234 1765 1268 οὐχ
1787 1233 1827 1266 ὡς

1041 1278 1137 1314 ἑτέραν
1155 1279 1204 1314 μὲν
1219 1278 1329 1313 φάσκων
1342 1279 1414 1314 ζωὴν
1429 1279 1511 1306 αὐτὸν
1526 1279 1571 1306 τὸν
1582 1278 1664 1312 Θεὸν,
1681 1279 1777 1315 ἑτέραν
1797 1279 1827 1306 δὲ

1041 1324 1179 1360 παρῆχθαι
1196 1324 1267 1360 ζωὴν
1282 1324 1408 1361 οὺσιὼδη,
1425 1325 1470 1352 καὶ
1486 1323 1541 1352 οἷον
1561 1325 1589 1352 εἴ
1599 1334 1660 1352 τινα
1677 1326 1827 1352 ὲνυπόστα-

1040 1378 1086 1396 τον
1102 1369 1178 1406 παρὰ
1193 1370 1240 1396 τὸν
1253 1370 1335 1402 Θεὸν,
1356 1367 1390 1405 ἦς
1408 1370 1518 1406 μετέχει
1530 1369 1566 1397 τὰ
1580 1370 1631 1405 τῆς
1647 1370 1719 1406 ζωῆς
1745 1370 1826 1405 μετέ-

1040 1424 1132 1451 χοντα,
1148 1415 1206 1441 ἀλλ’
1221 1415 1261 1447 ὡς
1278 1415 1360 1447 αὐτὸς
1380 1416 1475 1442 ἑαυτὸν
1490 1415 1635 1452 έρμηνεύει
1657 1417 1686 1442 ὲν
1701 1415 1740 1451 τῷ
1756 1415 1826 1442 ἐνδε-

1041 1461 1116 1495 κάιτῳ
1130 1460 1284 1496 κεφαλαίῳ,
1308 1461 1431 1496 αῠτοζωὴ
1451 1461 1498 1488 καὶ
1516 1461 1705 1497 αὺτοδὺναμις,
1719 1462 1765 1489 καὶ
1777 1462 1826 1489 αὑ-

1038 1507 1206 1541 τοομοιότης,
1224 1507 1270 1533 καὶ
1285 1507 1320 1534 τὰ
1333 1507 1446 1534 τοιαῦτα
1469 1508 1577 1542 λέγεται
1594 1509 1609 1535 ὁ
1624 1508 1700 1541 Θεὸς,
1716 1508 1755 1540 ὼς
1773 1509 1825 1544 ἀρ-
1860 1508 1864 1511 ⁴

1039 1551 1124 1587 χικῶς
1133 1551 1212 1578 τοῦτο
1225 1552 1272 1583 ὣν.
1285 1553 1331 1579 καὶ
1350 1553 1456 1586 θεῖκῶς,
1475 1554 1520 1580 καὶ
1536 1553 1704 1586 αὶτιατικῶς·
1722 1553 1826 1581 τούτων

1038 1596 1092 1633 γὰρ
1108 1598 1190 1630 αὐτὸς
1204 1597 1244 1633 τῷ
1264 1598 1323 1625 ὂντι
1338 1600 1454 1634 πηγαῖός
1474 1600 1542 1626 ἐστι·
1563 1600 1614 1635 τῆς
1635 1600 1664 1626 δὲ
1686 1599 1826 1634 αὑτοζωῆς

1039 1643 1112 1669 ἐστιν
1122 1643 1287 1678 ὑποστάτης,
1296 1643 1342 1670 καὶ
1358 1643 1594 1680 αὐτοομοιότητος,
1610 1644 1657 1671 καὶ
1673 1644 1727 1671 τῶν
1741 1645 1826 1671 satori-

1037 1697 1103 1721 των,
1119 1689 1158 1721 ὠς
1174 1689 1313 1724 μεθεκτίὶκ
1330 1690 1422 1722 αὐτοῖς
1435 1691 1492 1722 τοῖς
1506 1690 1621 1726 πρώτως
1642 1691 1671 1717 ἐν
1690 1692 1746 1722 τοίς
1765 1689 1826 1718 οὖσι

1037 1734 1087 1769 τῆς
1101 1734 1205 1770 δωρεᾶς
1217 1735 1320 1771 ταύτης
1346 1736 1487 1772 μετέχουσι
1511 1736 1645 1772 χορηγῶν.
1663 1736 1755 1764 Πάντα
1770 1737 1826 1774 γὰρ

1038 1779 1144 1812 οἰκείως
1160 1781 1266 1812 ἑαυτοῖς
1284 1781 1391 1816 μετέχει
1405 1781 1460 1808 τῶν
1477 1782 1615 1808 ’τοιούτων⁶
1634 1783 1661 1809 αί
1682 1783 1730 1818 μὲν
1748 1783 1824 1818 πρῶ-

1037 1835 1083 1853 ται
1099 1827 1145 1853 καὶ
1160 1826 1296 1854 ἀνώταται
1311 1827 1366 1854 τῶν
1381 1827 1484 1862 νοητῶν
1499 1828 1602 1860 κτίσεις
1612 1828 1777 1864 ἀρχηγικῶς·
1789 1830 1824 1857 τὰ

1037 1871 1067 1900 δὲ
1083 1871 1146 1907 ἑξῆς
1161 1872 1346 1905 ὑποϐατικῶς.
1364 1873 1528 1908 Ὁμοιότητα
1541 1874 1569 1900 δὲ
1586 1874 1632 1900 καὶ
1648 1874 1704 1900 ἄνω
1719 1873 1824 1909 ἔφημεν

1037 1918 1087 1953 τὴν
1102 1918 1156 1945 τῶν
1173 1918 1241 1945 ὅλων
1258 1919 1371 1954 ἑνότητα
1381 1939 1388 1950 ,
1407 1919 1468 1946 καθ’
1481 1920 1513 1955 ῆν
1527 1919 1561 1946 τὰ
1578 1919 1625 1946 ὅλα
1640 1919 1687 1946 τοῦ
1703 1919 1772 1946 κατὰ
1792 1919 1824 1946 τὸ

1037 1964 1168 1996 ὡσαύτως
1187 1964 1294 2000 ἔχοντος
1310 1966 1356 1992 καὶ
1373 1965 1443 1993 κατὰ
1456 1966 1490 1992 τὰ
1516 1966 1585 1993 αὐτὰ
1608 1967 1648 1998 εἰς
1672 1966 1823 2001 σύμπνοιαν

1039 2010 1157 2046 μετέχει,
1174 2010 1244 2037 κατὰ
1257 2011 1401 2046 μετουσίαν
1421 2011 1468 2038 τοῦ
1482 2011 1590 2048 πρώτου
1613 2011 1709 2038 αίτίου.
1725 2011 1810 2038 Ἐνδε

1037 2057 1166 2091 χύμενον
1185 2057 1213 2084 δὲ
1231 2055 1322 2090 εἶπεν,
1339 2058 1369 2084 οὐ
1387 2057 1442 2094 γὰρ
1460 2058 1580 2091 τελείως,
1603 2058 1663 2085 οὐδὲ
1681 2058 1742 2085 καθ’
1761 2058 1821 2085 ὅλου

1037 2103 1054 2138 ἡ
1064 2103 1187 2138 μίμησις-

1075 2233 1088 2269 §
1105 2233 1160 2261 VII.
1181 2234 1215 2261 Τὸ
1232 2235 1369 2262 ἀποδέον.
1386 2235 1552 2262 Ἀπολεῖπον.

1075 2280 1089 2316 §
1108 2279 1175 2307 Vlll.
1196 2282 1227 2308 Τί
1242 2281 1276 2307 δὲ
1292 2281 1340 2307 καὶ
1357 2281 1422 2314 περὶ
1439 2280 1494 2313 τῆς
1509 2280 1590 2313 θείας
1605 2280 1750 2313 στάσεως.
1766 2280 1823 2317 Τὴν

1039 2327 1134 2354 στάσιν
1157 2327 1204 2354 καὶ
1226 2326 1275 2362 τὴν
1299 2326 1429 2361 καθέδραν
1448 2325 1479 2352 τὸ
1500 2325 1566 2352 αὐτὸ
1589 2324 1705 2361 δέχεται·
1728 2326 1821 2353 στάσιν

1038 2371 1093 2408 γὰρ
1107 2372 1138 2398 οὐ
1153 2371 1203 2407 τὴν
1214 2372 1253 2403 εἰς
1265 2371 1295 2398 τὸ
1308 2371 1386 2407 ὀρθὸν
1398 2371 1521 2405 γενέσθαι
1537 2370 1591 2397 ἀπὸ
1604 2371 1651 2397 τοῦ
1662 2371 1820 2407 συγκεκαμ-

1038 2419 1103 2452 φοαι
1122 2419 1152 2445 ἐν
1167 2419 1201 2454 τῇ
1223 2418 1341 2454 καθέδρᾳ
1357 2418 1481 2445 ὑπόνοιάν
1496 2426 1591 2453 φησιν,
1610 2418 1677 2445 ἀλλὰ
1694 2418 1725 2444 τὸ
1744 2419 1820 2445 ἀχλύ-

1037 2473 1116 2499 νητον
1136 2464 1183 2491 καὶ
1206 2464 1412 2500 ἀμετάτρεπτον
1435 2463 1482 2490 τοῦ
1506 2463 1574 2490 Θεοῦ
1597 2463 1707 2498 βεϐαίαν
1722 2464 1820 2490 στάσιν

1036 2510 1174 2536 ἐκάλεσεν·
1192 2509 1230 2541 ὡς
1247 2509 1334 2536 καὶτὸ
1353 2509 1488 2544 καθῆσθαι
1503 2509 1533 2536 τὸ
1555 2509 1584 2536 ὲν
1600 2509 1782 2544 ἀνωνομάστῳ
1794 2508 1819 2525 ⁸⁵

1037 2555 1175 2592 βασιλείᾳ,
1193 2556 1239 2582 καὶ
1248 2555 1400 2583 ἀναπαύσει
1419 2555 1536 2590 διαρκῶς
1556 2556 1602 2583 καὶ
1620 2554 1818 2590 ἀκαταλήπτως

1035 2601 1116 2636 ἔχειν.
1134 2601 1190 2628 Καὶ
1204 2601 1257 2637 μὴν
1272 2602 1302 2628 ὲν
1314 2603 1348 2636 τῇ
1365 2601 1470 2636 Γραφῇ,
1493 2601 1530 2632 ὼς
1546 2601 1600 2627 ἀπὸ
1616 2600 1664 2628 τοῦ
1684 2599 1818 2635 καθῆσθαι

1035 2647 1212 2683 ἀνιστάμενος
1230 2646 1346 2682 εἴρηται,
1361 2646 1399 2678 ὼς
1415 2647 1444 2672 ὲν
1458 2645 1512 2681 τῷ,
1529 2645 1696 2682 Ἀνάστηθι,
1717 2645 1818 2680 Κύριε,

657 2801 776 2830 ἾᾹΙΠᾸΞ
793 2801 986 2832 LECTIONES
1005 2802 1050 2831 ET
1068 2802 1343 2833 CORBECTIONES.

255 2858 278 2874 "
295 2861 521 2897 μεταχειρίζιιυσι.
579 2863 600 2880 ⁸⁸
613 2865 646 2898 τῇ
664 2864 847 2899 ἀνονομάστῳ.
