1940 3064
129 155 177 186 581

475 157 504 186 S.
524 155 649 184 MAXlMl
669 155 815 185 SCHOLIA
835 156 868 184 IN
889 155 953 187 LIB.
970 156 1014 185 DE
1032 155 1158 185 DlVlNlS
1176 151 1373 185 NOMlNlBUS.

1700 158 1753 186 589.

125 220 165 246 πρ
171 214 308 250 όφθασον
316 213 436 246 αὐτούς·
446 213 492 240 καὶ
499 213 579 240 πάλιν
589 213 627 245 ὡς
634 212 688 240 ἀπὸ
695 213 815 245 στάσεως
826 213 872 240 ἐπὶ
877 213 914 248 τῷ

967 213 1030 240 dem
1042 212 1196 245 transiens,
1214 220 1276 240 cum
1293 213 1418 240 dicitur:
1436 210 1506 245 Quia
1526 212 1651 240 ascende:
1673 222 1752 248 equos

132 261 265 297 καθῆσθαι
277 260 455 297 μεταϐαίνων,
470 260 499 286 ὲν
505 259 554 295 τῷ·
568 259 632 286 Ὅτι
642 258 771 294 ἐπιϐήσῃ
783 259 833 286 ἐπὶ
847 259 918 294 τοὺς

968 264 1047 286 luos-
1060 268 1067 293 ;
1080 262 1108 287 et
1124 267 1131 285 :
1148 259 1290 294 Quadriga!
1304 263 1356 286 tuae
1368 258 1507 292 salvatioi;
1524 265 1557 285 ae
1569 266 1667 288 rursus
1688 270 1695 288 :
1713 261 1753 287 A-

130 307 242 340 ιππους
254 314 322 337 σου.
335 306 392 333 καί·
401 307 436 333 Ἡ
445 305 573 332 [nauata
583 313 641 332 σου
656 305 797 339 σωτηρία·
812 305 858 333 καὶ
870 303 914 332 αὗ-

967 306 1144 339 rceuditsuper
1153 304 1286 332 cherubim
1297 309 1322 332 et
1333 304 1469 338 volavit“;
1485 304 1604 332 maxime
1619 308 1710 332 autem
1716 305 1753 332 il-

131 353 183 385 θις·
197 353 303 386 Ἐπέεη
316 352 455 387 χερουῢιμ
465 351 515 378 καὶ
528 350 678 386 ὲπετὰσθη
687 360 694 366 ·
705 351 822 387 μάλιστα
832 352 861 379 δὲ
875 352 915 379 τό·

137 399 295 431 Ἐκάθισας
305 398 354 425 ἐπὶ
366 398 483 432 θρόνου,
492 399 509 425 ὀ
516 398 627 432 κρίνων
640 397 849 432 δικαιοσύνην
859 398 916 425 καί·

136 445 168 472 Ὅ
180 445 251 478 Θεὸς
263 444 385 479 κάθηται
397 444 445 470 ἐπὶ
456 445 563 478 θρόνου
573 444 659 478 ἁγίου
669 444 762 472 αὐτοῦ
770 464 776 471 .
789 444 881 472 Ταῦτα
890 445 918 472 δὲ

131 492 161 519 οὗ
177 490 330 528 σαρκικῶς,
346 491 414 518 ἀλλὰ
427 491 549 523 θεοειδῶς
563 491 595 517 ⁸⁸.
612 490 636 507 ⁸⁸

167 537 181 574 §
209 537 254 564 1X.
280 537 335 564 Kal
364 536 413 563 ἐπὶ
435 536 534 564 πάντα
563 536 715 570 προϊόντα.
737 534 800 563 Ἐπὶ
831 535 918 562 πάντα

132 582 236 619 προῖὼν
261 583 308 610 καὶ
330 582 487 619 κινούμενος
508 582 616 617 λέγεται
635 583 650 610 ὁ
673 582 748 615 Θεὸς,
772 583 810 614 ὼς
832 583 861 609 ὲν
879 581 919 618 τῷ

137 630 271 667 Ἱερεμίᾳ·
294 628 369 666 Ἐγὼ
382 629 455 663 Θεὸς
469 629 600 665 ἐγγίζων,
615 629 663 657 καὶ
674 629 742 663 οὐχὶ
757 629 916 665 πόρῤωθεν·

132 677 178 704 καὶ
194 677 282 705 πάλιν·
297 677 327 704 '0
340 677 389 704 ἐπὶ
399 678 518 705 πάντων
529 677 578 705 καὶ
592 677 641 704 διὰ
656 676 789 704 πάντων
804 676 851 703 καὶ
868 676 919 712 μά-

130 723 217 751 λιστα·
233 724 299 751 Ἐὰν
307 723 406 751 ἀναϐὥ
412 725 455 757 εἰς
465 723 519 750 τὸν
530 723 718 757 adparando
733 722 805 755 ἐκεῖ,
820 723 867 749 καὶ
884 722 918 749 τὰ

129 767 203 804 ἑξῆς.
218 769 261 795 Ἐν
274 769 302 795 δὲ
309 770 368 800 ταῖς
378 768 556 804 θεοφανείαις·
567 767 679 795 Κλῖνον
690 767 838 801 οὐρανούς
848 774 917 799 σου,

130 814 178 841 καί
192 815 332 849 κατάϐηθι
343 824 350 830 ·
365 815 421 847 καὶ,
445 814 548 848 Ἀνέϐη
564 815 581 841 ό
596 814 668 847 Θεὸς
687 813 722 841 ἐν
739 813 917 848 ἀλαλαγμῷ.

162 861 204 888 Οὐ
218 861 293 887 κατὰ
305 860 400 895 φορὰν
412 860 432 895 ἢ
443 861 618 888 ἀλλοίωσιν.
640 859 779 888 Διδάσκων
799 859 918 892 εὐσεϐῶς

128 908 199 934 νοεῖν
217 906 252 933 τὰ
274 907 338 942 περὶ
353 906 420 934 Θεοῦ
444 906 585 943 λεγόμενα,
603 906 684 941 φησίν
699 913 706 923 ¹
730 906 850 933 ’Δκούων
869 914 914 933 κι-

128 952 230 979 νεῖσθαι
241 953 287 979 τὸν
302 952 390 987 Θεδν,⁸
404 952 538 989 μηδέποτε
560 952 659 989 νοήσῃς
678 952 785 988 κίνησιν
799 952 850 988 τὴν
868 952 916 979 ἐπὶ

127 998 182 1024 τῶν
189 998 313 1025 ,κτιστῶν
330 998 352 1014 ³⁷
372 999 534 1034 νοουμένων,
550 998 598 1026 καὶ
615 997 732 1034 pexum
744 997 798 1025 τῶν
820 998 916 1034 αἰσθη-

127 1043 182 1070 τῶν
193 1052 200 1059 ο
215 1044 250 1071 τὰ
263 1043 318 1080 γὰρ
331 1044 411 1071 ὑλικὰ
431 1045 545 1071 κινεῖται
568 1043 618 1080 μὲν
632 1044 704 1071 κατὰ
724 1043 826 1080 φοράν·
845 1044 916 1079 φορὰ

127 1090 243 1118 seem;
256 1091 273 1127 ἡ
286 1090 347 1118 καθ’
363 1091 424 1118 ὅλον
441 1091 465 1108 ⁵⁸
479 1091 561 1118 τόπον
574 1090 718 1127 ὲναλλαγὴ,
734 1092 781 1118 καὶ
799 1090 915 1127 μάλιστα

128 1137 145 1172 ὴ
161 1137 198 1172 μὴ
210 1137 345 1173 δυναμένη
360 1137 403 1172 ἐφ’
417 1137 516 1172 ἑαυτῆς
531 1136 636 1172 στῆναι,
647 1137 711 1164 ὅταν
722 1136 802 1173 ἐθέλῃ
814 1145 820 1153 '
837 1137 915 1173 κίνηο

129 1190 172 1214 σις
186 1182 215 1209 δέ
230 1182 303 1209 ἐστιν
321 1183 339 1218 ή
353 1182 423 1210 κατὰ
438 1182 579 1211 ἀλλοίωσιν
590 1190 599 1201 σ
623 1182 763 1214 ἀλλοίωσις
784 1182 814 1209 δέ
829 1182 914 1215 ἐστιν,

127 1228 201 1262 ἄταν,
217 1228 342 1264 μένοντος
357 1228 404 1255 τοῦ
424 1228 603 1264 ὑποκειμένου
618 1227 748 1264 αἰσθητοῦ
765 1229 850 1261 ὄντος,
868 1237 916 1264 με-

127 1274 248 1311 ταϐάλλῃ
261 1275 291 1301 ὲν
303 1275 359 1307 τοῖς
373 1275 455 1302 αὑτοῦ
469 1275 582 1303 πάθεσιν
598 1275 729 1307 ἐναντίοις
741 1273 826 1308 οὖσιν,
835 1275 853 1311 ἢ
869 1275 915 1302 καὶ

129 1320 231 1355 μεταξὺ
248 1320 378 1348 ἐναντίων
404 1321 450 1348 καὶ
475 1321 527 1357 μὴ’
555 1318 611 1349 οἷον
628 1321 659 1348 τὸ
682 1321 761 1357 σῶμα
787 1320 913 1356 ὓγιαίνει,

127 1366 176 1393 καὶ
188 1366 268 1393 πάλιν
279 1366 379 1402 κάμνει
388 1375 395 1383 η
411 1367 441 1393 τὺ
453 1367 519 1394 αὐτὸ
530 1366 577 1394 καὶ
586 1368 601 1394 ό
614 1367 723 1402 χαλκὸς,
736 1366 801 1394 ποτὲ
816 1375 913 1402 στρογ-

127 1411 219 1446 γύλος,
238 1411 304 1438 ποτὲ
327 1412 482 1448 γωνοειδὴς,
499 1412 636 1439 τουτέστιν
654 1413 694 1444 είς
709 1411 809 1447 γωνίας
831 1419 914 1447 μετα-

129 1457 407 1498 σχηματισθείςσᾶταν
416 1458 445 1486 δὲ
461 1458 520 1485 ὅλον
535 1458 699 1495 μεταϐάλλῃ,
712 1458 749 1494 μὴ
765 1458 914 1494 ὑπομένον-

127 1512 173 1535 τος
185 1503 313 1541 αίσθητοῦ
330 1513 411 1537 τινος,
428 1504 466 1537 ὡς
482 1505 661 1540 ὑποκειμένου
677 1503 724 1532 τοῦ
744 1504 839 1539 αὑτοῦ,
856 1504 913 1533 ἀλλ’

967 350 1016 379 Iud
1030 359 1038 378 :
1056 350 1154 379 Sedistt'
1169 358 1246 385 super
1258 350 1390 383 thronum,
1404 351 1449 386 qui
1457 350 1565 385 judico:
1577 351 1752 387 justitiam';

968 402 996 426 et
1013 406 1020 424 :
1035 398 1105 426 Deus
1119 397 1191 425 sedet
1209 405 1288 432 super
1306 397 1393 426 sedem
1412 402 1532 424 sanetam
1551 405 1629 424 suam
1638 404 1661 424 ι.
1689 397 1754 426 Haec

967 452 1033 472 vero
1049 452 1103 472 non
1119 444 1278 476 carnaliter,
1294 444 1341 472 sed
1357 444 1430 472 sicut
1445 443 1530 472 Deum
1546 444 1634 478 decet,
1651 445 1753 473 intelli-

969 490 1067 526 senda.

1003 538 1018 574 §
1036 537 1081 565 IX.
1099 536 1134 565 Et
1154 537 1189 565 ad
1209 538 1331 565 universa
1346 536 1536 572 procedentem.
1559 537 1633 566 Deus
1649 538 1753 567 dicitur

968 584 1107 620 progredi,
1123 591 1156 612 ac
1177 584 1281 612 moveri
1302 584 1334 611 ad
1351 584 1454 618 omnia,
1470 584 1542 612 sicut
1565 583 1593 612 in
1610 585 1728 614 Ieremia
1744 596 1751 614 :

969 630 1025 667 Ego
1038 630 1108 658 Deus
1124 630 1156 658 de
1169 630 1253 658 vicino
1267 638 1337 663 sum,
1350 635 1376 658 et
1390 639 1442 658 non
1459 629 1492 658 de
1511 631 1586 667 longe
1605 637 1638 667 I;
1654 640 1686 660 ae
1702 633 1753 661 ite-

968 683 1030 703 rum
1043 684 1051 704 :
1066 675 1119 709 Qui
1135 676 1163 703 in
1175 676 1295 703 omnibus
1314 684 1346 704 ac
1361 684 1407 711 per
1421 677 1510 704 omnia
1527 682 1557 711 I;
1571 681 1597 705 et
1613 679 1730 706 maxime
1745 687 1752 705 :

969 722 1000 750 Si
1015 721 1157 750 ascendero
1173 723 1201 749 in
1216 724 1320 754 caelum,
1337 727 1365 750 tu
1381 723 1438 750 illic
1452 731 1479 751 es
1495 730 1508 746 ι
1519 744 1527 757 ,
1549 728 1577 753 et
1591 725 1707 760 reliqua.
1723 725 1753 753 In

969 769 1017 798 Dei
1039 774 1129 797 autem
1151 769 1370 805 apparitionibus
1393 779 1401 798 :
1425 770 1531 798 Inc-tina
1553 771 1631 798 caelos
1652 776 1711 799 tttos
1729 776 1755 800 et

969 815 1093 843 descende
1111 816 1142 850 b;
1159 819 1241 851 atque
1257 825 1265 844 :
1285 815 1410 843 Ascendit
1422 816 1493 844 Deus
1509 818 1536 844 in
1546 817 1634 852 jubito
1646 823 1670 846 ε.

1005 861 1069 890 Non
1088 861 1220 889 delatione
1239 866 1285 889 aut
1300 863 1455 890 mutatione.
1476 862 1582 892 Docens
1601 871 1633 891 ea
1648 871 1708 900 quae
1721 864 1756 892 de

968 908 1023 937 Deo
1033 909 1162 936 dicuntur
1175 909 1219 944 pie
1230 908 1393 944 intelligere,
1408 910 1446 937 ait
1459 918 1466 937 :
1483 909 1552 937 Cum
1567 910 1656 943 audis,
1669 910 1755 939 Deum

967 954 1081 988 moveri,
1093 961 1234 990 nunquam
1248 954 1385 990 intelligas
1398 955 1546 984 motionem
1558 963 1618 991 quae
1632 956 1661 984 in
1675 963 1756 984 crean

966 1001 1036 1029 turis
1057 1000 1177 1028 maxime
1206 1000 1354 1030 sensilibus
1379 1000 1541 1037 intelligitur
1564 1011 1571 1030 :
1602 1003 1755 1031 materialia

966 1049 1039 1076 enim
1060 1050 1206 1075 moventur
1221 1047 1292 1075 κατὰ
1309 1047 1417 1084 φοράν;
1435 1047 1506 1084 φορά
1523 1055 1589 1077 vero
1604 1054 1647 1077 est
1670 1049 1756 1078 totius

965 1094 1020 1122 loci
1043 1095 1170 1127 mutatio,
1195 1097 1222 1123 et
1246 1094 1365 1122 maxime
1384 1102 1445 1129 quae
1466 1095 1571 1130 nequit,
1594 1102 1659 1123 cum
1682 1096 1753 1128 vult,

965 1139 995 1168 in
1008 1139 1098 1176 seipsa
1118 1144 1212 1173 stare;
1235 1140 1321 1167 motio
1342 1144 1432 1168 autem
1455 1140 1485 1167 lit
1506 1140 1577 1167 κατὰ
1592 1140 1755 1173 ἀλλοίωσιν;

965 1186 1107 1219 ἀλλοίωσις
1121 1193 1186 1214 vero
1200 1190 1243 1214 est
1258 1186 1378 1221 quando,
1391 1186 1528 1222 subjecto,
1545 1186 1618 1222 quod
1633 1190 1675 1214 est
1692 1194 1755 1215 sen-

966 1232 1056 1266 sibile,
1069 1235 1208 1266 manente,
1229 1236 1352 1261 mutatur
1367 1233 1396 1260 in
1412 1233 1470 1262 suis
1491 1232 1681 1261 all‘ectionibus
1694 1241 1756 1268 qua:

965 1280 1030 1306 sunt
1041 1278 1196 1314 contraria,
1213 1278 1271 1307 sive
1286 1278 1369 1306 etiam
1390 1278 1462 1306 inter
1477 1279 1631 1306 contrarias
1652 1283 1679 1306 et
1700 1287 1756 1307 non

965 1324 1136 1359 contrarias;
1152 1325 1236 1353 veluti
1250 1332 1351 1361 corpus
1368 1332 1466 1353 sanum
1485 1327 1538 1357 est,
1555 1329 1582 1353 et
1600 1325 1660 1353 vice
1675 1333 1755 1354 versa

964 1373 1079 1405 aegrotat
1095 1379 1102 1398 :
1117 1370 1213 1398 eodem
1227 1370 1308 1398 modo
1321 1378 1359 1398 res
1370 1370 1518 1406 aliquando
1531 1370 1690 1404 rotundum,
1705 1370 1756 1398 ali-

965 1416 1075 1452 quando
1082 1417 1237 1454 γωνοειδής,
1247 1417 1274 1444 id
1281 1421 1324 1446 est
1333 1417 1362 1446 in
1373 1418 1488 1454 angulos
1498 1417 1632 1453 edictum;
1645 1418 1756 1455 quando

964 1465 1056 1490 autem
1081 1465 1169 1490 totum
1182 1466 1320 1497 mutatur,
1343 1462 1420 1491 nullo
1442 1463 1567 1491 sensibili
1583 1467 1754 1497 remanente,

963 1511 1097 1543 tanquam
1111 1507 1172 1543 ejus
1188 1507 1324 1543 subjecto,
1340 1507 1389 1536 sed
1405 1511 1535 1543 tanquam
1556 1516 1590 1537 ex
1605 1512 1677 1536 terra
1691 1509 1756 1536 uni-

127 1548 183 1576 οἷον
198 1550 231 1577 ἐκ
246 1550 298 1586 γῆς
314 1551 404 1588 πάσης
427 1548 505 1587 αἷμα,
529 1551 575 1578 καὶ
591 1551 622 1585 ἐξ
642 1551 738 1584 ὕδατος
754 1551 820 1586 ἀὴρ,
842 1550 859 1586 ἢ
883 1550 913 1584 ὲε

967 1561 1043 1582 versa
1061 1553 1183 1590 sanguis,
1194 1558 1221 1581 et
1231 1561 1263 1582 ex
1277 1561 1348 1590 aqua
1361 1561 1418 1588 aer,
1434 1558 1482 1581 aut
1496 1562 1530 1581 ex
1546 1561 1609 1582 aere
1623 1555 1754 1583 universo

128 1595 210 1631 ἁέρος
223 1596 323 1629 παντὸς
335 1597 418 1634 ὕδωρ,
429 1597 446 1633 ἢ
461 1598 499 1630 ὡς
507 1599 524 1634 ἡ
533 1598 629 1634 ῥάϐδος
637 1596 822 1630 Μωῡσὲωςείς
840 1597 913 1632 ὅφιν.

129 1642 146 1678 ἢ
157 1642 187 1669 τδ
204 1642 276 1678 ὕδωρ
290 1643 331 1675 είς
340 1640 418 1679 αἷμα,
426 1642 505 1670 τοῦτο
520 1644 567 1671 καὶ
576 1643 675 1680 τροπὴ,
688 1643 735 1670 καὶ
742 1643 856 1678 γένεσις,
867 1643 914 1670 καὶ

128 1688 225 1725 φθορὰ,
241 1690 474 1725 μετακινηθέντων
489 1690 542 1716 τῶν
555 1690 694 1726 προτέρων
705 1698 712 1705 ν
727 1689 784 1717 ἀλλ’
794 1688 852 1716 ἐστι
866 1692 913 1717 καὶ

128 1735 199 1762 κατὰ
220 1735 375 1772 ἑτεροίωσιν
395 1736 503 1772 κίνησις
517 1736 562 1768 ἐἰς
587 1736 618 1763 τὺ
639 1735 773 1772 ἀνόμοιον,
797 1736 843 1763 καὶ
860 1736 914 1763 ἀπὸ

127 1781 272 1817 χρώματος
284 1782 324 1814 εἰς
338 1782 445 1818 χρῶμα.
465 1782 548 1810 Πάλιν
561 1783 663 1819 τοπική
676 1782 717 1814 τίς
734 1783 792 1809 ἐστι
807 1782 914 1818 κίνησις

129 1827 146 1863 ή
163 1827 195 1854 ἐκ
209 1827 291 1854 τόπου
314 1829 356 1860 είς
375 1828 456 1855 τόπον
479 1828 662 1865 μετάστασις·
683 1828 744 1864 ἥτις
767 1828 873 1863 κίνησις
895 1827 912 1864 ἢ

128 1873 198 1900 κατὰ
210 1874 260 1910 τὴν
274 1874 314 1906 είς
329 1874 412 1910 ὀρθὴν
428 1874 541 1910 πορείαν
560 1874 674 1909 γίνεται,
689 1874 706 1910 ἢ
723 1873 794 1901 κατὰ
813 1873 912 1901 κυκλο-

128 1919 226 1954 φορίαν
239 1919 273 1936 ⁸⁸⁸
290 1919 328 1952 ὠς
347 1921 361 1947 ὸ
377 1920 474 1956 τροχὸς
493 1921 616 1951 κινεῖται,
639 1919 711 1946 κατά
726 1927 802 1951 τινας
821 1919 850 1946 δὲ
867 1920 914 1946 καὶ

127 1965 143 1991 δ
158 1965 284 2000 οὐρανός·
303 1964 320 2000 ἢ
335 1965 406 1992 κατὰ
418 1965 468 2001 τὴν
484 1965 583 2000 μικτὴν
596 1964 625 1997 ἐξ
640 1964 746 1996 εὐθείας
761 1965 808 1992 καὶ
821 1965 914 1992 κυκλιο

129 2011 190 2046 κῆς,
200 2012 238 2044 ὡς
248 2012 266 2048 ὴ
281 2012 427 2048 ἐλικοειδὴς
440 2011 546 2048 πορεία,
559 2012 602 2038 οἷα
617 2011 693 2038 ἐστὶν
706 2012 724 2046 ἡ
738 2012 792 2038 τῶν
806 2011 894 2046 δφεων
904 2019 911 2026 ·

128 2056 186 2084 ἐστι
208 2058 254 2084 καὶ
267 2057 350 2093 νοητὴ
367 2057 482 2092 κίνησις,
507 2057 568 2084 καθ’
583 2057 618 2093 ἣν
638 2058 653 2083 ὸ
670 2056 732 2089 νοῦς
750 2057 879 2093 ἐνεργῶν,
896 2057 913 2093 ἢ

129 2103 176 2130 καὶ
191 2103 215 2129 ot
232 2103 297 2130 θεῖοι
311 2103 370 2135 νόες
393 2103 483 2130 νοοῦσι
504 2104 540 2130 τὰ
560 2103 633 2130 ὄντα.
654 2103 731 2130 Ἔστι
753 2103 800 2130 καὶ
811 2103 914 2139 ψυχικὴ

131 2150 245 2185 κίνησις,
264 2149 324 2179 καθ’
337 2149 369 2185 ἢν
381 2150 421 2181 εις
437 2150 543 2185 νοήσεις
565 2150 689 2181 κινεῖται,
706 2149 754 2178 καὶ
769 2149 809 2181 είς
822 2149 853 2176 τὸ
871 2158 914 2176 κι-

129 2197 185 2222 νεῖν
200 2195 249 2227 τὰς
270 2195 418 2231 αἰσθήσεις.
437 2196 515 2222 Ἐστι
531 2195 580 2226 καὶ
595 2195 660 2231 ἄλλη
681 2195 787 2231 κίνησις
802 2195 913 2231 φυσικὴ,

965 1607 1046 1636 aqua,
1061 1603 1108 1627 aut
1119 1600 1191 1628 sicut
1205 1599 1282 1636 virga
1298 1599 1381 1628 Mosis
1396 1599 1424 1627 in
1439 1603 1604 1635 serpentem,
1623 1604 1670 1628 aut
1683 1608 1754 1635 aqua

963 1646 993 1674 in
1005 1646 1178 1681 sanguinem,
1193 1646 1248 1673 hoc
1257 1650 1284 1674 et
1294 1646 1439 1674 conversio
1456 1649 1484 1674 et
1497 1646 1647 1682 generatio,
1657 1649 1683 1674 et
1692 1654 1755 1674 cor-

963 1691 1066 1726 ruptio,
1083 1691 1222 1726 prioribus
1238 1690 1398 1718 transmotis
1410 1699 1418 1724 ;
1432 1690 1582 1726 quinetiam
1603 1694 1646 1718 est
1667 1691 1754 1720 motio

963 1745 1012 1773 per
1025 1736 1215 1765 alterationem
1230 1736 1258 1763 in
1277 1735 1422 1769 dissimile,
1442 1740 1469 1764 et
1484 1743 1500 1763 a
1519 1736 1610 1764 colore
1634 1736 1662 1764 in
1678 1736 1754 1764 colo-

963 1790 1032 1810 rem.
1050 1781 1173 1816 Denique
1194 1781 1289 1810 localis
1310 1785 1354 1810 est
1370 1781 1465 1814 motio,
1485 1782 1619 1810 transitus
1637 1781 1672 1810 de
1692 1782 1754 1810 loco

964 1829 992 1856 in
1013 1828 1104 1855 locum
1121 1837 1128 1855 ε
1145 1835 1205 1862 quas
1219 1827 1305 1855 motio
1318 1831 1366 1854 aut
1380 1829 1456 1855 recto
1476 1834 1625 1863 progressu
1650 1827 1689 1861 lit.
1706 1832 1755 1856 aut

963 1873 1090 1902 circulari
1102 1873 1174 1902 sicut
1184 1877 1245 1901 rota
1253 1877 1387 1907 movetur,
1395 1873 1450 1901 imo
1461 1873 1612 1901 secundum
1621 1873 1753 1909 quosdam

963 1921 1063 1948 cmlum
1077 1928 1084 1946 :
1101 1923 1148 1947 aut
1161 1919 1243 1948 misto
1257 1927 1290 1947 ex
1305 1921 1380 1946 recto
1394 1922 1421 1947 et
1436 1918 1577 1953 circulari,
1592 1919 1662 1947 sicut
1677 1928 1754 1955 gres-

964 1973 1011 1994 sus
1036 1968 1177 1992 tortuosus
1203 1964 1293 1999 qualis
1316 1967 1360 1992 est
1389 1964 1566 1999 serpentium.
1595 1963 1645 1992 Est
1669 1964 1753 1992 etiam

963 2010 1048 2038 motio
1062 2009 1253 2044 intelligibilis,
1269 2017 1323 2044 qua
1343 2016 1421 2038 mens
1441 2013 1582 2044 operatur,
1605 2009 1686 2044 210
1706 2013 1754 2036 aut

964 2056 1063 2084 divina:
1088 2060 1194 2083 mentes
1219 2063 1265 2084 res
1291 2055 1460 2091 intelligunt.
1486 2055 1535 2083 Est
1562 2056 1643 2084 etiam
1666 2056 1753 2084 motio

963 2102 1089 2130 animalis
1103 2109 1157 2137 qua
1175 2105 1300 2130 movetur
1314 2101 1349 2129 ad
1373 2101 1572 2129 intellectiones
1592 2106 1619 2129 et
1641 2101 1674 2128 ad
1690 2109 1752 2129 mo-

962 2148 1080 2177 vendum
1103 2155 1212 2176 sensus.
1231 2147 1280 2176 Est
1301 2147 1419 2183 denique
1443 2147 1496 2175 alia
1517 2148 1602 2175 motio
1617 2147 1753 2176 naturalis

962 2203 1024 2231 qua:
1038 2199 1129 2223 movet
1143 2195 1178 2222 ad
1202 2194 1387 2222 accretionem
1400 2197 1427 2222 et
1442 2195 1621 2223 nutritionem
1644 2202 1676 2223 ea
1691 2203 1751 2230 quae

130 2243 147 2278 ἡ
163 2243 202 2274 είς
216 2241 328 2278 αὔξησιν
345 2242 392 2268 καὶ
408 2241 508 2277 τροφὴν
527 2241 639 2268 κινοῦσα
656 2241 690 2269 τὰ
711 2241 860 2277 ἐπιτήδεια.
884 2241 913 2268 '0

967 2245 1029 2278 apta
1042 2245 1116 2270 sunt.
1136 2240 1231 2277 Itaque
1248 2240 1320 2269 Deus
1333 2241 1409 2268 nulla
1427 2241 1525 2268 harum
1539 2244 1664 2268 movetur
1677 2250 1685 2276 ;
1701 2241 1751 2269 sed

129 2287 176 2315 οὖν
187 2289 253 2320 Θεὸς
267 2289 297 2315 οὺ
311 2288 382 2315 κατὰ
397 2288 460 2324 μίαν
470 2288 571 2314 τούτων
584 2288 697 2314 κινεῖται
708 2296 714 2303 ·
726 2287 792 2314 ἀλλὰ
807 2288 913 2323 κίνησις

130 2334 178 2362 τοῦ
196 2335 324 2370 ἀκινήτου
340 2335 386 2362 καὶ
399 2335 442 2361 ἀεὶ
455 2334 585 2366 ὡσαύτως
597 2334 703 2369 ἔχοντος
717 2334 824 2369 λέγεται
840 2335 857 2369 ἡ
873 2335 913 2366 εἰς

129 2380 160 2406 τὸ
173 2379 298 2414 γενέσθαι
314 2379 348 2406 τὰ
368 2380 431 2406 ὅντα
445 2379 570 2415 βούλησις
585 2379 678 2411 αὑτοῦ,
695 2379 742 2406 καὶ
762 2380 873 2415 πρόοδος
888 2380 912 2396 ⁸ο

130 2425 180 2462 τῆς
195 2426 234 2457 είς
249 2425 337 2452 πάντα
350 2425 477 2460 προνοίας
489 2424 588 2460 αὑτοῦχ

166 2472 207 2498 Οὐ
221 2470 278 2504 τὴν
291 2471 326 2503 ἐξ
339 2470 457 2506 ἀμφοῖν.
475 2470 589 2506 Κίνησιν
607 2470 655 2506 τὴν
673 2470 854 2506 μεταδατικὴν
869 2470 912 2497 λέ-

130 2527 183 2552 γει,
198 2518 231 2554 ἣν
245 2518 291 2545 καὶ
304 2518 434 2553 ἑλικοειδῆ
449 2517 591 2553 ὀνομάζει·
602 2518 708 2554 ἀσχέτῳ
720 2518 761 2550 δὲ,
774 2518 912 2545 τουτέστιν

129 2563 255 2598 ἁπολύτῳ
273 2563 320 2590 καὶ
335 2564 456 2597 συναιρεῖ.

165 2651 176 2666 ι
192 2645 294 2673 llabac.
315 2652 357 2676 III,
371 2643 398 2671 8.
439 2643 448 2661 θ
466 2641 534 2670 Ibid.
571 2646 585 2661 ἰ
600 2642 749 2672 Psal.xvu.
766 2642 808 2669 Η.

848 2646 860 2660 ν
871 2641 943 2669 Psal.
960 2648 999 2673 Ix,
1013 2641 1040 2669 5.

966 2288 1052 2316 motio
1071 2287 1131 2323 ejus
1152 2287 1199 2322 qui
1225 2287 1372 2315 immobilis
1393 2290 1448 2319 est,
1473 2294 1505 2314 ae
1526 2294 1634 2322 semper
1653 2287 1750 2315 eodem

966 2334 1048 2362 modo
1061 2341 1090 2362 se
1104 2333 1196 2366 habet,
1215 2333 1317 2360 dicitur
1333 2333 1461 2361 voluntas
1478 2333 1565 2368 ipsius
1581 2337 1610 2360 ut
1623 2341 1667 2361 res
1681 2334 1753 2362 exsi-

965 2383 1050 2411 stant,
1077 2383 1104 2406 et
1128 2379 1285 2414 progressio
1306 2378 1483 2414 providentiae
1511 2378 1598 2414 ipsius
1627 2379 1661 2407 ad
1686 2379 1751 2406 uni-

966 2433 1055 2454 versa.
1085 2429 1092 2434 ’

999 2470 1061 2498 Non
1078 2478 1112 2498 ex
1125 2471 1253 2506 utrisque.
1266 2469 1394 2506 lntelliglt
1405 2470 1552 2498 motionem
1563 2470 1749 2504 transitivam,

963 2523 1045 2552 quam
1061 2516 1142 2544 etiam
1161 2520 1311 2544 tortuosum
1327 2516 1462 2552 appellat;
1478 2516 1585 2552 ἀσχέτῳ
1608 2521 1698 2544 autem
1712 2516 1752 2544 si-

963 2557 1074 2599 gniﬁcat
1096 2557 1222 2586 absoluto
1237 2564 1270 2585 ac
1285 2564 1417 2590 conuexo.

1080 2647 1095 2681 ξ
1108 2640 1182 2669 Psal.
1196 2649 1271 2675 xcvi,
1286 2641 1315 2670 9.
1351 2646 1366 2667 γ
1377 2642 1432 2672 Jer.
1443 2650 1522 2678 mu,
1535 2644 1582 2673 23.
1623 2650 1634 2664 ³
1648 2645 1748 2681 Ephcs.

133 2681 204 2720 mli
254 2686 266 2701 τ
282 2679 356 2708 Psal.
371 2684 503 2710 cxxxvm;
517 2679 544 2706 8.
583 2677 597 2698 ι
613 2677 686 2710 Psal.
704 2685 771 2711 xvu,
789 2676 832 2704 10.
871 2682 883 2695 ε
898 2676 972 2705 Psal.
984 2683 1058 2709 nvi,
1079 2675 1096 2703 6

588 2747 705 2777 VARIIE
722 2746 914 2775 LECTIONES
930 2746 975 2774 ΕΤ
990 2745 1265 2775 CORRECTIONES.

172 2833 195 2849 “
211 2832 319 2864 θεῖκίὖς.
368 2832 392 2848 ’³⁸
408 2830 576 2866 Σημείωσαι,
592 2831 648 2866 ὅτιῗ
662 2830 759 2866 ταύτὸν
775 2828 906 2866 ἐπίθεοῦ
930 2836 998 2866 φησι
1022 2829 1116 2856 στάσιν
1127 2829 1180 2866 ’καὶ
1203 2821 1346 2865 καθέδραν,
1361 2828 1428 2866 προς
1439 2827 1488 2862 τὴν
1504 2823 1744 2866 ᾁὲιῑνηῖοχσᾳντό-

130 2877 202 2902 τητα
218 2860 345 2903 ἑκάτερον
361 2860 516 2902 δεξάμενος.
531 2860 610 2903 Nota.
624 2865 694 2903 idem
709 2865 800 2903 dicere
815 2863 861 2903 llfi
878 2866 914 2891 sta

969 2871 1033 2903 ἐφ’
1049 2867 1077 2891 εί
1088 2864 1179 2903 ﬂeam“
1191 2873 1197 2890 τ
1208 2860 1353 2903 utrumque
1364 2860 1436 2903 eiii!»
1451 2860 1502 2896 pro
1515 2860 1647 2888 immobili
1667 2860 1744 2888 iden-

132 2905 209 2932 titate
228 2907 350 2936 usurpat.

399 2897 604 2938 31⁷’κτισμάτωπι
650 2902 676 2939 ,⁸³
688 2900 755 2928 κατὰ
772 2899 894 2928 τὸνὸλον.
925 2933 928 2936 ,
943 2900 964 2918 ⁸⁸
982 2899 1030 2934 τὴν
1048 2899 1255 2934 κυκλοφορικὴν.
1300 2899 1322 2915 νο
1338 2897 1453 2933 πρόοδοι.
