1940 3064
189 159 243 189 383

225 217 295 251 Quin
308 217 388 245 etiam
403 220 488 244 motus
506 215 563 244 Dei.
579 216 648 245 Cum
663 217 788 250 negasset
801 213 829 240 in
844 212 900 240 Deo
911 218 973 239 cor-
987 213 1010 242 Α

188 271 288 300 porcas
310 263 456 295 motiones,
478 262 599 291 declarat
622 260 758 296 quomodo
779 258 973 286 convenienter

190 308 245 336 Deo
267 307 442 342 intelligenda
470 307 507 334 sit
528 306 556 333 in
583 305 638 333 Deo
663 305 758 336 motio,
788 304 972 338 interpretans

183 354 337 389 ~anagogice
352 352 498 380 sensitivas
512 352 540 378 in
555 350 684 378 universo
702 348 847 376 motiones.

224 399 260 426 Et
278 403 376 426 rectum
394 397 508 433 quidem.
532 395 673 429 Quomodo
692 393 836 422 circularis
849 396 876 420 et
897 395 971 418 recta

181 447 215 470 .et
227 447 351 471 tortuosa
366 449 414 470 seu
430 442 541 476 obliqua
564 440 649 467 motio
667 439 694 466 in
716 438 773 465 Deo
791 436 970 472 intelligatur,

188 489 248 524 lege
262 492 343 524 caput
359 490 498 523 quartum,
514 490 576 521 post
596 493 681 521 pauca
696 484 760 512 folia
781 483 909 519 principii
923 489 972 509 ca-

187 536 264 571 pitis,
279 540 306 563 et
316 535 406 562 disces
416 533 553 569 quomodo
565 533 592 559 in
606 531 710 567 angelis
724 536 752 558 et
765 529 909 557 animabus
928 532 972 556 at-

187 591 241 619 que
252 581 416 618 corporibus
431 580 501 607 tales
511 579 647 607 motiones
661 577 858 612 intelligantur.

183 694 186 697 ~
223 680 313 708 Media
328 685 354 708 et
366 684 494 708 extrema.
529 677 677 713 Superiora
703 682 810 710 semper
830 674 972 702 continent

187 725 462 752 inferiora-extrema
479 722 588 758 quidem
603 725 684 750 vocat
699 727 841 756 supremas
856 720 973 748 virtutes

186 775 214 799 et.
231 770 286 800 Deo
300 770 416 801 vicinas,
437 769 526 797 media
542 775 617 800 vero.
642 774 689 795 eas
709 774 770 802 quae
788 766 848 793 illas
861 765 973 801 quidem

187 820 350 852 sequuntur,
365 814 413 843 sed
431 814 544 842 sensilia
561 811 653 841 omnia
677 814 818 846 superant.
839 809 910 845 Ergo
923 817 972 837 su-

188 869 288 898 premae
304 861 523 896 complectuntur
535 858 648 890 medius,
667 857 764 885 mediae
778 859 870 884 autem
884 854 973 883 sensi-

542 154 712 182 APPENDIX
728 154 774 182 AD
788 153 902 184 OPEM
918 153 947 181 S.
964 151 1113 181 DIONYSH
1129 149 1370 179 AREOPAGITA‘I.

1753 148 1802 176 37:4

1064 209 1156 237 Ἀλλὰ
1178 208 1226 236 καὶ
1248 207 1382 240 κινήσεις
1404 206 1487 233 Θεοῦ.
1511 203 1714 241 Ἀπαγορεύσας
1729 203 1752 221 ⁸⁸
1771 204 1806 232 τὰ

1021 257 1075 283 τῶν
1095 253 1257 290 σωματικῶν
1276 254 1409 289 κινήσεων
1423 253 1470 279 ἐπὶ
1487 251 1566 284 Θεοῦ,
1585 251 1660 282 ὅπως
1675 250 1728 286 χρὴ
1749 250 1806 277 θεο-

1021 303 1214 339 πρεπῶςινοεῖν
1225 300 1329 336 κίνησιν
1343 300 1390 326 ἐπὶ
1403 297 1470 325 Θεοῦ
1488 296 1641 334 σαφηνίζει,
1651 296 1701 328 τὰς
1711 292 1809 333 αίσθηέ

1021 348 1071 380 τὰς
1085 347 1114 374 ὲν
1128 346 1168 382 τῷ
1184 346 1264 373 παντὶ
1283 345 1404 380 κινήσεις
1419 341 1597 377 ἀναγωγικῶς
1610 341 1779 377 ἑρμηνεύων.

1053 393 1109 420 Kal
1122 392 1155 420 τὸ
1166 392 1225 427 μὲν
1237 392 1320 419 εὐθύ.
1335 390 1397 421 Πῶς
1411 390 1428 425 ἢ
1443 388 1514 415 κατὰ
1526 387 1635 421 κύκλον,
1649 387 1697 414 καὶ
1711 387 1728 423 ἡ
1744 386 1805 413 κατ’

1021 439 1139 470 εὐθεῖαν,
1160 438 1206 465 καὶ
1226 439 1243 473 ἡ
1267 436 1415 471 ὲλικοειδὴς
1429 435 1536 470 κίνησις
1550 434 1596 461 ἐπὶ
1611 433 1678 460 Θεοῦ
1695 434 1805 465 νοεῖται,

1022 484 1156 519 ἀνάγνωθι
1175 483 1207 510 τὸ
1223 482 1351 518 τέταρτον
1373 480 1527 516 κεφάλαιον,
1552 480 1610 515 μετ’
1626 479 1702 514 ὀλίγα
1721 479 1806 513 φύλλα

1021 530 1072 565 τῆς
1088 530 1175 566 ἀρχῆς
1188 528 1235 555 τοῦ
1249 527 1406 563 κεφαλαίου,
1423 527 1469 554 καὶ
1485 526 1604 561 μαθήσῃ,
1619 525 1678 556 πῶς
1694 525 1741 551 ἐπὶ
1755 524 1806 558 ἀγ-

1022 575 1118 609 γέλων,
1138 574 1185 600 καὶ
1205 572 1309 609 ψυχῶν,
1323 572 1371 600 καὶ
1385 571 1518 609 σωμάτων
1536 572 1564 598 αἱ
1577 570 1699 597 τοιαῦται
1714 569 1812 599 von-3w,

1021 629 1076 648 ται.

1060 666 1098 693 Τὰ
1110 665 1192 700 μέσα
1219 665 1268 692 καὶ
1285 665 1372 698 ἄκρα.
1393 663 1449 691 Ἀεὶ
1471 663 1506 690 τὰ
1530 657 1735 698 ὑπερϐεϐηκότα
1757 660 1811 698 πε-ξ

1024 712 1109 749 ριέχει
1134 711 1170 738 τὰ
1191 710 1389 746 ὑποδεὸηκὰτα.
1411 709 1501 745 ’Δκρα
1523 709 1571 744 μὲν
1592 706 1639 735 οὖν
1660 707 1738 735 καλεῖ
1755 707 1806 739 τὰς

1023 757 1152 789 ἀνωτάτω
1172 757 1301 792 δυνάμεις
1322 756 1369 783 καὶ
1389 755 1556 788 πελαζούσας
1577 753 1654 790 Θεῷ·
1685 753 1754 789 μέσα
1776 753 1805 780 δὲ

1022 803 1073 835 τὰς
1091 803 1148 839 μετ’
1167 801 1274 834 ὲκείνας
1302 801 1362 838 μὲν,
1385 800 1439 828 τῶν
1465 800 1494 827 δὲ
1517 799 1652 836 αἰσθητῶν
1677 798 1805 826 ἁπάντων

1023 848 1233 885 ὑπερκειμένας.⁴
1245 848 1277 875 Al
1297 847 1346 883 μὲν
1360 844 1406 874 οὖν
1427 845 1562 879 ἀνώταται
1578 844 1734 881 περιέχουσι
1754 844 1809 876 τὰς·

186 889 238 935 ila:
252 907 312 935 ideo
326 889 397 934 enim
414 905 556 940 Scriptura
570 905 639 931 dixit
653 903 735 931 etiam
756 902 868 930 ordines
889 907 971 936 ange-

1028 896 1124 932 μέσας·
1147 895 1175 921 at
1188 894 1216 921 δὲ
1232 894 1313 930 μέσαι
1326 892 1361 920 τὰ
1375 892 1492 928 αἰσθητὰ
1503 900 1510 906 ·
1532 890 1577 918 διὰ
1591 891 1671 918 τοῦτο
1685 890 1742 925 γὰρ
1756 889 1803 916 καί⁵

186 953 275 980 loru-n
285 952 312 979 in
321 951 409 979 cmlis.
424 950 497 978 Deus
508 949 617 985 quidem
628 948 818 983 complectitur
830 946 970 978 universa,

185 999 258 1026 sicut
272 997 393 1026 circulus
408 996 500 1024 omnia
518 1003 579 1031 quae
598 995 670 1022 intra
693 994 793 1029 ipsum,
808 996 836 1020 et
850 991 885 1020 ad
895 991 972 1027 'seip-

186 1053 246 1073 sum
260 1049 390 1079 tanquam
402 1043 436 1070 ad
448 1049 559 1071 causam
575 1040 720 1069 convertit.
732 1039 803 1067 Nota
817 1047 893 1072 vero,
906 1038 971 1074 quid

186 1090 269 1122 idem,
285 1094 314 1117 et
326 1089 434 1125 justitia
447 1089 476 1116 in
487 1087 543 1116 Deo
556 1092 584 1115 et
597 1086 711 1122 aequale.

222 1174 236 1211 ς
249 1174 285 1202 X.
299 1173 421 1202 Similem
433 1173 576 1201 incessum.
590 1170 693 1200 Similis
709 1171 863 1207 progressio
877 1178 927 1206 per
941 1177 973 1198 se

185 1224 283 1249 mutuo
288 1224 315 1248 et
321 1220 348 1247 in
354 1219 507 1248 elementis:
517 1225 581 1245 nam
590 1217 701 1253 aequalis
710 1218 805 1245 borum
815 1216 969 1252 temperies,

186 1266 252 1294 facit
262 1267 344 1295 etiam
357 1269 388 1292 ut
407 1264 596 1300 generationes
611 1263 706 1291 mundi
721 1263 749 1290 in
769 1262 969 1290 commistioni-

185 1313 238 1345 bus
251 1319 306 1340 nOn
317 1311 525 1347 praeponderent
537 1320 544 1337 ε
561 1309 584 1338 si
596 1309 669 1337 enim
681 1308 791 1343 aliquod
805 1307 969 1336 elementum

186 1358 343 1391 abundarit,
359 1357 545 1392 corrumpitur
560 1356 588 1383 id
604 1355 678 1391 quod
693 1358 849 1391 generatur.

223 1403 257 1432 Et
285 1404 411 1440 quoniam
439 1411 542 1433 omnem
573 1402 752 1437 σιᾳιιαίίιαιειη
782 1400 968 1430 intellectilem.

1021 940 1112 974 τάξεις
1127 941 1156 967 ὲν
1173 940 1229 971 τοῖς
1246 939 1368 975 οὐρανοῖς
1383 937 1505 973 ἀγγέλων
1528 937 1552 953 ’⁸
1568 935 1643 963 εἶπεν
1661 936 1678 971 ἡ
1695 935 1803 971 Γραφή.

1027 987 1056 1014 ‘0
1082 987 1172 1023 μέντοι
1198 985 1264 1017 Θεὸς
1281 985 1386 1012 ἅπαντα
1406 984 1540 1021 περιέχει,
1561 982 1600 1014 ὡς
1619 983 1634 1009 ὸ
1654 980 1751 1012 κύκλος
1768 980 1804 1007 τὰ

1021 1033 1096 1064 ἐντὸς
1114 1031 1195 1059 αὑτοῦ
1211 1031 1310 1065 πάντα,
1326 1030 1374 1058 καὶ
1392 1030 1434 1062 εις
1456 1028 1551 1056 ὲαντδν
1571 1028 1610 1061 ὡς
1629 1027 1699 1063 πρὸς
1719 1027 1805 1054 αέτιον

1020 1077 1188 1114 ἐπιστρέφει.
1209 1076 1362 1113 Σημεὶωσαι
1375 1075 1415 1109 δὲ,
1428 1075 1454 1103 τί
1468 1075 1498 1102 τὸ
1514 1075 1622 1104 ταύτὸν.
1644 1075 1691 1101 καὶ
1704 1074 1806 1106 Suaso-

1022 1124 1087 1161 σύνη
1101 1125 1147 1151 ἐπὶ
1159 1123 1207 1151 τοῦ
1222 1122 1300 1157 Θεοῦ,
1314 1123 1362 1150 καὶ
1375 1122 1406 1150 τδ
1424 1121 1488 1150 ἶσον.

1057 1171 1071 1207 §
1084 1171 1117 1198 X.
1137 1171 1256 1206 Ὀμοίαν
1268 1169 1410 1205 χώρησιν.
1431 1167 1527 1203 Ὁμοία
1539 1165 1659 1203 χώρησις
1673 1166 1706 1194 δι’
1720 1164 1809 1207 ἀλλήπξ

1020 1202 1073 1244 λων
1091 1217 1138 1244 καὶ
1153 1202 1200 1243 ἐπὶ
1215 1202 1422 1251 τῶν-στοιχείων
1433 1202 1472 1231 ⁹³λ
1488 1214 1506 1250 ἡ
1522 1202 1688 1249 γὰρνὲπίσης
1706 1202 1809 1249 κρᾶσις1

1020 1263 1130 1294 τούτων,
1148 1262 1194 1289 καὶ
1207 1263 1237 1289 τὸ
1253 1262 1289 1297 μὴ
1308 1259 1552 1297 ὑπερταλαντεύειν
1571 1259 1601 1286 ὲν
1613 1260 1671 1291 τοῖς
1690 1259 1804 1295 συγκρί-

1022 1317 1088 1345 μασι
1101 1309 1151 1341 τὰς
1164 1309 1284 1343 γενέσεις
1302 1307 1348 1335 τοῦ
1361 1307 1464 1342 κόσμου
1481 1306 1566 1333 ποιεῖ·
1590 1306 1614 1332 εἰ
1635 1305 1690 1341 γάρ
1709 1313 1736 1332 τι
1749 1305 1805 1332 τῶν

1021 1355 1159 1390 στοιχείων
1170 1354 1336 1387 πλεονάσειε,
1351 1352 1490 1389 φθείρεται
1504 1352 1535 1379 τὸ
1548 1351 1697 1387 γινόμενον.

1054 1401 1109 1429 Kal
1132 1400 1207 1427 κατὰ
1228 1399 1261 1427 τὸ
1284 1397 1387 1427 πᾶσαν
1410 1398 1538 1431 ἰσότητα
1555 1395 1678 1430 νοητήν.
1707 1395 1805 1422 Ἰστέον

186 1450 335 1480 Sciendum
358 1449 430 1486 quod
449 1449 544 1485 νοητόν
567 1456 614 1477 seu
635 1447 817 1483 intelligibile,
839 1450 881 1475 est
903 1447 970 1474 illud

1028 1448 1060 1475 ’rri.
1085 1447 1178 1482 νοητὸν
1197 1444 1246 1483 μέν
1262 1446 1320 1473 ἐστι
1341 1445 1371 1472 τὸ
1386 1445 1419 1481 τῇ
1438 1444 1562 1479 αἰσθήσει
1576 1442 1625 1478 οὐχ
1641 1442 1803 1472 ὑτωπίπτον,

185 1499 259 1533 quod
281 1497 408 1526 sensibus
423 1503 477 1524 non
491 1495 648 1530 subjicitur,
664 1502 753 1530 neque
765 1494 794 1521 in
808 1493 910 1529 se'ipso
924 1493 969 1520 in-

1028 1493 1081 1520 ιΰτε
1095 1493 1125 1520 τδ
1140 1493 1233 1529 νοερὸν
1250 1491 1310 1528 ἔχον
1325 1493 1353 1519 ὲν
1369 1490 1458 1526 ἑαυτῷ
1474 1489 1507 1522 ’⁸,
1524 1489 1562 1522 ὡς
1579 1490 1606 1516 αἱ
1617 1489 1742 1524 δυνάμεις
1755 1488 1805 1524 τῆς

186 1544 323 1580 telligendi
336 1543 495 1570 facultatem
509 1541 603 1573 habet,
623 1540 695 1568 sicut
708 1539 852 1567 facultates
871 1538 969 1570 animae

1028 1539 1108 1575 ιιυχῆς
1118 1539 1166 1566 καὶ
1187 1538 1242 1566 τῶν
1259 1537 1427 1574 αἰσθήσεων·
1443 1535 1536 1572 νοερὸν
1553 1535 1582 1563 δὲ
1600 1535 1631 1562 τδ
1653 1535 1740 1566 ἁπλᾶς
1758 1535 1805 1561 καὶ

186 1565 323 1580 ......,,υ.....
336 1565 495 1570 .-ν-...ηη-
510 1565 603 1573 μην,
624 1565 694 1568 _._-.
827 1565 850 1567 η
875 1565 887 1570 γ
951 1565 964 1566 η

185 1594 213 1618 et
233 1597 380 1622 sensuum;
396 1588 488 1624 νοερόν
505 1595 570 1615 vero
591 1594 639 1614 seu
654 1586 820 1622 intelligens.
835 1589 878 1614 est
896 1584 970 1621 quod

1183 1584 1243 1620 ἔχον
1257 1583 1306 1616 τὰς
1321 1565 1438 1619 νοήσεις,
1454 1565 1496 1615 ὡς.
1506 1581 1629 1617 ἄγγελοι·
1648 1565 1756 1617 λογικον
1774 1581 1803 1608 δὴ

186 1636 324 1672 simplices
336 1640 363 1664 et
374 1635 474 1663 liberas
488 1634 570 1662 habet
592 1633 802 1665 intellectlones,
817 1635 847 1659 ut
860 1630 949 1667 angeli
961 1640 969 1659 :

1028 1632 1050 1659 ιδ
1070 1631 1114 1659 διὰ
1135 1631 1215 1666 λόγου
1239 1631 1286 1657 καὶ
1304 1629 1421 1666 θεωρίας
1442 1628 1492 1661 τὰς
1510 1628 1564 1655 τῶν
1588 1627 1673 1655 ὅντων
1691 1626 1805 1662 γνώσεις

185 1682 293 1717 λογικόν
308 1685 399 1709 autem
413 1688 461 1708 seu
479 1679 624 1711 rationale,
640 1683 682 1707 est
700 1678 775 1714 quod
795 1678 903 1705 ratione
921 1684 971 1704 seu

1028 1678 1172 1713 ῑεχόμενον,
1186 1676 1224 1709 ὡς
1237 1677 1252 1703 ὁ
1265 1674 1434 1712 ἀνθρώπινος
1450 1674 1513 1707 νοῦς
1524 1683 1532 1691 ο
1547 1673 1673 1710 αἰσθητὸν
1682 1674 1710 1700 δὲ
1723 1674 1754 1700 τὺ
1769 1675 1804 1710 τῇ

187 1729 354 1764 argumentis
369 1727 448 1762 211
467 1734 499 1754 ac
519 1725 704 1761 speculatione
720 1731 812 1752 rerum
832 1723 970 1759 cognitio-

1028 1723 1143 1759 ιίσθήσει
1160 1723 1321 1755 ὑποπίπτον,
1336 1721 1374 1754 ὡς
1390 1721 1424 1748 τὰ
1443 1721 1511 1757 μέρη
1526 1721 1575 1756 τῆς
1593 1721 1717 1752 κτίσεως,
1733 1720 1805 1755 ἅπερ

186 1780 236 1801 nes
250 1773 358 1808 accipit,
377 1772 449 1800 sicut
469 1779 546 1799 mens
564 1771 706 1804 humana;
728 1768 889 1798 sensitivum
905 1775 971 1796 vero

1028 1768 1184 1804 Ξιαιροῦνται
1199 1769 1239 1802 εἰς
1253 1767 1368 1804 οὐσιώδη
1381 1768 1428 1795 καὶ
1442 1766 1554 1802 φυσικὰ,
1568 1766 1706 1793 τουτέστιν
1720 1765 1760 1797 εἷς
1774 1774 1804 1792 τε

186 1819 259 1854 quod
279 1819 408 1846 sensibus
427 1817 583 1852 subjicitur,
606 1819 637 1843 ut
652 1820 743 1851 partes
757 1819 890 1843 creaturae
911 1822 972 1850 quae

1028 1815 1054 1842 ιὰ
1069 1815 1205 1851 ἀκινήτως
1220 1814 1268 1842 καὶ
1282 1814 1369 1849 πάντη
1384 1813 1553 1849 ἀναισθήτως
1566 1812 1641 1844 ὂντα,
1657 1812 1703 1839 καὶ
1717 1812 1758 1843 είς
1770 1811 1804 1838 τὰ

186 1865 347 1896 dividuntur
364 1864 391 1891 in
405 1863 567 1891 essentiales
579 1869 611 1889 ac
625 1861 775 1893 naturales,
790 1861 818 1888 id
831 1864 874 1888 est
888 1860 916 1888 in
927 1868 972 1888 res

1028 1861 1070 1897 τὴν
1087 1860 1229 1888 ὁποιανοῦν
1244 1860 1340 1896 ἔχοντα
1354 1860 1461 1895 κίνησιν
1471 1868 1477 1875 ·
1493 1860 1542 1896 τὴν
1559 1859 1614 1895 γὰρ
1627 1859 1706 1894 φύσιν
1718 1858 1808 1894 ἀρχὴν

187 1917 248 1945 quae
259 1909 413 1936 immobiles
428 1915 460 1936 ac
474 1907 588 1935 omnino
607 1914 705 1934 sensus
723 1908 860 1941 expertes,
876 1909 905 1934 et
924 1912 972 1933 eas

1028 1906 1153 1942 ιινήσεως
1166 1907 1212 1934 καὶ
1224 1906 1342 1942 Ιιιρεμίας
1356 1905 1502 1942 ὁρίζονται.
1516 1905 1637 1942 Θελητὴν
1650 1905 1679 1932 δὲ
1696 1904 1806 1940 ἰσότητα

1019 1952 1069 1989 τὴν
1081 1952 1292 1988 προαιρετικὴν·
1311 1951 1362 1978 οὐκ
1375 1950 1465 1985 ἀγνοῶ
1481 1950 1582 1986 μέντοι,
1595 1950 1633 1983 ὡς
1656 1951 1703 1977 καὶ
1721 1958 1806 1977 κατα-

1020 2001 1175 2036 χρηστικῶς
1189 1999 1235 2026 καὶ
1249 1998 1296 2025 ὲπὶ
1311 1998 1360 2034 τῆς
1374 1996 1422 2025 τοῦ
1436 1997 1579 2034 ἀνθρώπου
1589 1997 1679 2033 ψυχῆς
1691 1997 1715 2013 ’³
1725 1997 1812 2033 νοεράἐ

1020 2053 1051 2071 τε
1068 2045 1116 2072 καὶ
1131 2044 1225 2080 λογική
1240 2043 1273 2070 ³ο.

186 1964 248 1992 quae
264 1956 356 1991 aliquo
371 1954 452 1982 modo
471 1954 574 1981 moveri
594 1957 698 1988 queunt
721 1962 728 1980 :
747 1957 874 1980 naturam
898 1953 972 1980 enim

187 2001 321 2030 deﬁniunt
339 1999 502 2036 principium
521 1999 651 2027 motionis
665 2002 692 2026 et
711 1998 820 2033 quietis.
840 1997 974 2026 Volunta-

187 2048 257 2077 riam
268 2055 333 2076 vero
352 2046 578 2082 aequabilitatem,
600 2052 661 2081 quae
682 2044 783 2079 eligere
803 2044 894 2071 valet:
916 2051 972 2070 non

187 2093 298 2130 quidem
317 2093 414 2129 ignoro
434 2092 506 2128 quod
529 2091 620 2119 anima
637 2089 757 2119 hominis
771 2090 877 2118 dicatur
890 2089 972 2118 etiam

187 2140 302 2169 abusive
318 2139 473 2175 intelligens
490 2145 523 2166 ac
536 2137 689 2165 rationalis.

228 2184 357 2213 Virtutem
367 2185 452 2212 omni:
463 2182 624 2220 wqualitatia
638 2182 805 2218 eﬁ'ectricem.
817 2180 867 2210 Est
881 2188 972 2217 aequa-

187 2231 281 2260 billtas
299 2238 360 2267 qua
378 2231 509 2259 tribuitur
524 2229 632 2258 naturis
651 2236 667 2257 a
685 2228 741 2256 Deo
760 2228 884 2257 omnium
905 2235 973 2258 C0111

187 2277 287 2310 ditore,
300 2282 397 2313 estque
410 2277 582 2313 aequabilitas
597 2275 762 2308 voluntaria,
778 2281 860 2310 quam
874 2273 972 2301 volun-

189 2325 250 2351 tarii
266 2328 348 2359 atque
375 2331 408 2351 ex
425 2323 613 2358 praeelectione
628 2321 750 2357 dirigunt
767 2320 817 2356 qui
835 2319 970 2354 justitiam

187 2373 215 2397 et
232 2369 303 2404 juris
316 2369 526 2404 aequabilitatem
540 2371 677 2395 exercent.
694 2366 756 2394 Haec
771 2367 862 2400 itaque
876 2372 968 2400 aequa-

186 2415 290 2446 bilitas,
313 2422 346 2442 ex
360 2414 415 2442 Deo
430 2414 579 2442 constituta
599 2418 651 2441 est.
668 2412 781 2440 Omnem
799 2412 881 2446 igitur
898 2410 970 2446 juris

188 2460 398 2496 aequabilitatem
415 2464 443 2488 et
462 2459 596 2494 justitiam
617 2458 689 2486 Deus
707 2458 735 2485 in
756 2457 848 2492 seipse
864 2456 970 2491 simpli-

187 2506 256 2535 citer
271 2510 298 2533 et
309 2505 446 2533 indivisim
467 2505 538 2533 sicut
552 2505 578 2532 in
594 2504 663 2532 ideis
679 2511 711 2531 ac
723 2502 925 2537 exemplaribus
940 2502 967 2529 in

187 2553 246 2582 suis
258 2551 369 2580 aeternis
383 2550 594 2586 cogitationibus
610 2554 673 2578 ante
692 2549 784 2582 habet,
800 2555 849 2576 seu
860 2547 968 2583 proprie

187 2597 323 2635 loquendo
333 2595 532 2632 complectitur.

1055 2172 1159 2207 Πάσης
1174 2172 1309 2207 ἰσότητος
1323 2171 1480 2207 ποιητικὴν
1492 2171 1629 2207 δύναμιν.
1644 2171 1737 2198 Ἔστιν
1753 2171 1811 2199 ίσύ-,

1020 2228 1070 2255 της
1082 2220 1100 2255 ή
1116 2219 1146 2246 ὲν
1157 2219 1218 2250 ταῖς
1233 2217 1344 2253 φύσεσιν
1358 2218 1391 2245 ὲκ
1412 2217 1480 2244 Θεοῦ
1495 2216 1542 2244 τοῦ
1560 2217 1670 2244 πάντων
1692 2217 1805 2252 ποιητοῦ

987 2248 1011 2279 ί)
1021 2248 1146 2300 stis-odqu
1162 2264 1197 2298 ιτ,
1209 2248 1267 2290 -κίιὶ
1283 2263 1356 2291 ἐστιν
1373 2263 1463 2299 ισάτης
1479 2263 1588 2299 θελητὴ,
1612 2263 1645 2299 ἥν
1668 2248 1809 2295 ἐθέλοντες»

1023 2309 1069 2347 καὶ
1085 2310 1117 2336 ὲκ
1131 2309 1315 2345 προαιρέσεως
1330 2307 1507 2345 κατορθοῦσιν
1521 2308 1545 2324 ’⁸
1558 2308 1582 2335 οἳ
1596 2308 1626 2335 τὸ
1641 2308 1744 2335 δίκαιον
1757 2317 1806 2336 κα.

1020 2353 1050 2380 τὸ
1063 2353 1126 2388 περὶ
1141 2353 1185 2380 τὸν
1200 2352 1256 2388 βίον
1271 2353 1422 2387 ίσονομικδν
1438 2353 1553 2388 μετίασιη
1573 2353 1628 2379 Καὶ
1643 2352 1711 2388 αὕτη
1725 2351 1772 2380 οὖν
1787 2355 1805 2389 ἠ

1021 2399 1110 2433 lori-mg
1127 2400 1159 2425 ἐκ
1176 2398 1244 2425 Θεοῦ
1261 2398 1384 2433 συνέστη.
1406 2399 1500 2426 Πᾶσαν
1515 2398 1579 2433 γοῦν
1603 2398 1742 2433 ἰσονομίαν
1757 2399 1805 2425 καὶ

1019 2445 1188 2480 δικαιοσύνην
1204 2445 1218 2471 ὁ
1231 2444 1296 2475 Θεὸς
1309 2445 1339 2470 ὲν
1353 2444 1442 2480 ἐαυτῷ
1456 2444 1549 2477 ἁπλῶς
1568 2445 1615 2472 καὶ
1628 2445 1750 2480 ἀμερῶς,
1765 2444 1804 2477 ὡς

1020 2488 1048 2518 ἔν
1068 2491 1150 2523 ἰδέαις
1171 2491 1218 2517 καὶ
1238 2490 1456 2526 παραδείγμασιν
1477 2492 1506 2518 ἐν
1523 2492 1584 2523 ταῖς
1606 2491 1700 2523 ἀϊδίοις
1718 2491 1803 2518 αὐτοῦ

1020 2537 1127 2573 νοήσεσι
1145 2536 1264 2572 προέχει,
1280 2537 1340 2572 ἦτοι
1355 2537 1477 2573 περιέχει
1490 2537 1593 2573 κυρίως
1608 2538 1708 2564 εἰπεῖν.

647 2703 762 2733 VARIIE
779 2703 968 2732 LECTIONES
981 2698 1025 2733 ΕΤ
1044 2703 1318 2734 CORRECTIONES.

240 2831 485 2873 "jfﬂfopfﬁdac‘:
509 2867 514 2873 _
528 2831 551 2873 ’ξ
560 2820 839 2873 οὐρανῶιςιὰγχέλὸιςέ

190 2867 214 2884 ’⁸
231 2867 290 2904 μεθ’
300 2865 408 2895 ἑαύτὸὗ.
463 2867 485 2884 ¹¹
502 2865 674 2903 ἀνθρωπίνης
688 2865 784 2902 ψυχῆς.

831 2863 858 2904 _"
873 2863 978 2899 λογικά.

888 2827 911 2844 ⁸³
923 2827 1020 2864 ὁμοίαν
1051 2828 1171 2864 χώρησιν
1197 2828 1232 2855 δι’
1246 2827 1381 2864 ἁλλήλωνλ
1397 2827 1448 2864 ¹[ὴν
1467 2825 1523 2855 τῶν
1538 2824 1678 2862 στοιχείων
1708 2824 1803 2861 φησιν.

1003 2901 1010 2902 7
1027 2862 1205 2898 ⁹⁷”δεδομένη.
1254 2865 1277 2881 ⁹¹
1285 2862 1479 2893 κατορθοῦμεν.
