1940 3064
131 182 184 210 535

372 233 426 269 ΕΙΣ
445 243 489 271 το
508 245 632 272 ΚΕΦΑΛ.
650 246 679 272 ι’.

165 286 179 323 5
196 287 217 313 1.
238 287 287 321 Ὧς
303 289 527 324 παντοκράτορα
543 290 592 318 καὶ
608 291 648 324 ὠς
661 292 803 319 παλαιόν.
822 292 917 325 nam;

76 321 85 331 ”
133 321 184 368 μὲν
201 332 279 369 ὤφθη
296 335 310 360 ὁ
331 333 397 366 Θεὸς
470 321 578 372 imm,
596 321 694 373 λευκὴν
713 338 783 374 ἔχων
802 338 852 374 τὴν
874 321 920 366 κε;

131 379 273 414 quicqvch
287 379 369 415 ἔριον,
383 380 465 407 καθ’ὃ
479 383 525 408 xui.
542 383 673 416 Παλαιὸς
683 383 801 418 ἡμερῶν
813 384 919 420 ὠνομά-

129 423 180 459 σθη
190 433 197 440 ’
214 424 344 461 νεώτερος
357 426 385 452 δὲ
399 426 446 453 τοῦ
463 427 554 454 πολιοῦ
567 428 705 464 γέροντος,
720 430 784 456 ὅταν
800 430 838 462 ὼς
850 431 919 467 ἀνὴρ

128 469 206 505 ὤφθη
218 470 257 506 τῷ
280 471 406 507 ’Δὸραὰμ
421 473 490 508 μετὰ
507 473 562 500 τῶν
572 474 704 509 ἀγγέλων,
716 476 762 502 καὶ
769 476 916 509 νεανίσκος.

131 516 166 542 Ἀ
180 516 226 542 καὶ
245 516 354 553 θεωρῶν
374 518 510 546 ἀπέλυσεν
527 515 578 546 ὧδε
590 529 597 535 ·
622 520 777 557 πρεσϐύτην
801 522 860 557 μὲν,
880 523 918 554 ὡς

128 561 237 588 πάντων
258 563 291 588 ὲκ
306 562 373 590 Θεοῦ
388 572 419 590 τε
442 564 528 593 ὄντων
549 566 596 593 καὶ
611 567 672 601 μετ’
694 568 775 595 αὐτόν
786 577 793 584 ·
813 569 853 596 διὸ
870 570 918 596 καὶ

128 608 268 643 νεωτέρων
292 608 394 635 αὐτοῦ·
423 609 482 637 νέον
507 610 546 643 δὲ,
567 611 605 644 ὼς
628 613 671 639 ἀεὶ
693 614 722 640 ὲν
745 614 851 651 ἀκμαία
870 616 918 643 καὶ

127 652 253 680 εὐσταθεί
282 655 466 691 μακαριότητι
489 657 661 685 ἀπαλαίωτον
681 658 754 686 ὄντα.
772 660 803 687 Εἰ
819 660 848 688 δὲ
870 662 917 688 καὶ

127 698 214 731 εἴποις
229 699 260 726 τδ
282 701 496 738 συναμφότερον,
518 703 643 731 τουτέστι
665 705 697 732 τὸ
719 702 853 742 γηραλέον
869 708 916 735 καὶ

127 744 186 771 νέον
200 745 268 780 ἅμα,
283 745 322 778 ὡς
336 747 478 784 ἀπ’ἀρχῆς
491 749 574 776 αὑτὸν
587 749 683 785 δηλοῦν
699 752 745 778 ἐπὶ
757 753 845 779 πάντα
860 753 916 790 διή-

127 799 210 818 κοντα
225 792 272 818 καὶ
286 793 414 828 προϊόντα
424 794 487 830 ἄχρι
501 794 593 827 τέλους
606 795 778 831 διαιωνίζειν,
794 799 862 834 ὅπερ
872 799 916 826 τέ-

126 835 170 868 λος
180 837 203 852 ⁹⁹
218 837 268 872 τῆς
277 838 366 874 ἀρχῆς
376 840 435 866 ἐστι
454 839 596 876 νεώτερον,
610 841 676 875 ἕξει,
692 844 767 878 φησὶ,
781 844 916 872 καὶτοῦτο

125 881 202 916 λόγον
213 891 220 898 ·
236 881 296 910 εἶτα
309 885 428 920 παράγει
442 886 490 912 καὶ
500 885 612 923 γνώμην
627 887 756 923 Ἰεροθέου
767 889 814 916 τοῦ
830 888 911 917 θείου·

497 189 527 214 δ.
545 189 668 214 MAXIM!
685 189 831 215 bGHOLlA
847 189 879 215 IN
897 188 960 216 LIB.
982 189 1026 217 DE
1043 190 1169 220 DIVlNIS
1187 192 1387 222 NOMINIBUS.

1706 200 1759 228 386

1278 252 1312 280 ΙΝ
1330 252 1407 282 CAP.
1425 253 1459 282 Χ.

1005 293 1019 329 §
1033 294 1054 323 Ι.
1073 294 1107 322 Ut
1125 297 1326 331 omnipotentem
1341 303 1366 326 et
1381 303 1410 326 ut
1430 296 1578 334 antiquum.
1594 300 1666 329 Deus
1681 302 1758 330 visus

969 344 1012 367 est
1029 347 1044 368 a
1059 340 1170 370 Dauiele
1183 350 1280 375 canus,
1296 344 1445 372 candidum
1464 346 1568 374 habens
1585 352 1668 383 caput
1682 350 1758 377 velut

969 385 1069 418 lanam,
1085 390 1196 422 propter
1207 389 1279 423 quod
1295 390 1376 417 etiam
1393 390 1524 426 Antiqua:
1545 391 1648 420 dierum
1668 395 1758 422 muni-

969 436 1049 459 natus
1061 436 1122 465 est;
1137 433 1230 467 junior
1245 442 1310 462 vero
1324 443 1389 463 sene
1403 443 1483 469 cano,
1498 438 1608 472 quando
1624 443 1756 474 tanquam

968 475 1011 502 vir
1025 482 1190 512 conspectus
1209 483 1251 507 est
1275 480 1310 508 ab
1331 479 1487 509 Ahrahamo
1508 490 1569 510 cum
1591 485 1706 519 angelis,
1727 489 1756 513 et

968 519 1128 550 adolescens
1143 531 1149 546 :
1166 531 1227 558 quae
1240 525 1321 552 etiam
1338 526 1517 554 considerans
1532 528 1613 556 solvit
1629 529 1674 557 hic
1690 540 1696 557 :
1711 537 1756 558 se—

968 569 1040 597 nem.
1051 568 1124 602 quod
1138 569 1229 597 omnia
1243 577 1259 597 a
1278 569 1333 598 Deo
1350 571 1482 606 producta
1504 580 1567 600 sunt
1580 574 1607 601 et
1630 574 1689 609 ipso
1707 584 1755 610 po-

968 611 1082 639 steriora
1098 620 1106 638 :
1120 612 1235 650 idecque
1246 615 1306 650 ipso
1319 615 1430 650 juniora
1440 616 1580 651 :juvenem
1591 626 1665 652 vero,
1680 621 1754 655 quod

967 660 1076 691 semper
1093 657 1129 684 sit
1146 657 1173 684 in
1193 659 1297 694 vigore,
1321 662 1348 688 et
1370 661 1449 688 llrma
1471 662 1600 691 beatitate
1621 665 1691 692 uenit
1707 673 1754 693 ex-

966 703 1048 735 pers;
1063 701 1086 729 si
1101 709 1167 730 vero
1184 703 1264 731 etiam
1282 704 1364 733 simul
1378 711 1525 742 utrumque
1539 707 1652 742 dixeris,
1668 710 1695 737 id
1711 714 1754 738 est

966 745 1047 773 simul
1063 754 1156 775 senem
1175 751 1202 776 et
1217 748 1355 783 juvenem,
1368 751 1510 780 declarare
1525 754 1598 788 quod
1617 762 1633 781 a
1647 756 1752 790 princi-

965 791 1010 825 pio
1030 791 1063 818 ad
1083 793 1174 820 omnia
1189 795 1350 828 perveniens
1373 800 1400 824 et
1417 798 1594 833 progrediens
1611 807 1697 835 usque
1718 802 1752 829 ad

965 834 1045 863 ﬁnem
1063 841 1203 871 perennet,
1223 839 1271 873 qui
1287 838 1349 868 linis
1366 840 1460 875 junior
1477 846 1520 869 est
1537 834 1751 881 principio,hoc,

965 880 1145 915 inquit,etlam
1156 883 1288 911 rationem
1301 885 1426 915 habebit:
1440 891 1533 922 postea
1545 888 1656 917 adducit
1668 891 1750 918 etiam

125 929 191 964 περὶ
203 929 299 956 τούτου
314 930 370 966 γὰρ
384 931 522 959 ἐπιϐάλλω
537 932 624 966 λέγειν
633 922 714 961 αὑτὸν
729 935 827 962 οἰκεῖον
845 936 908 972 ἱερο-

965 925 1128 952 sententiam
1140 926 1226 954 divini
1241 927 1382 957 llierothei
1400 940 1406 957 :
1423 931 1541 966 conjicio
1552 934 1624 961 enim
1638 942 1699 962 eum
1716 936 1751 964 de

124 974 253 1003 τελεστὴν
268 995 276 1004 .
293 976 341 1003 ἀτε
355 976 513 1005 διδάσκαλον
529 978 625 1006 ἑαυτοῦ
640 979 836 1008 ἀποκαλοῦντα.

158 1063 172 1098 §
185 1064 218 1090 ll.
236 1065 291 1091 Καὶ
306 1065 412 1099 πολιὸς
426 1066 473 1093 καὶ
484 1066 559 1099 νέος.
576 1067 639 1100 Πῶς
666 1069 731 1095 ποτὲ
747 1069 796 1104 μὲν
811 1069 912 1104 πολιὸς,

127 1110 193 1136 ποτὲ
213 1110 241 1136 δὲ
259 1110 319 1142 νέος
341 1112 355 1138 ὁ
380 1112 482 1148 Κύριος
502 1114 648 1149 γράφεταιδ
672 1115 709 1147 ὡς
728 1115 768 1142 τό·
800 1116 913 1151 Ἰησοῦς

123 1156 251 1190 Χριστὸς
263 1157 333 1191 χθὲς
353 1157 402 1184 καὶ
419 1157 552 1192 σήμερον
566 1161 582 1186 ὀ
597 1160 697 1194 αὐτὸς,
719 1161 766 1187 καὶ
782 1162 826 1194 εἰς
842 1162 913 1196 τοὺς

123 1201 232 1235 αἰῶνας
242 1210 248 1217 ·
265 1202 297 1228 τὸ
311 1202 377 1237 γοῦν
392 1203 511 1239 σήμερον
525 1204 572 1230 τοῦ
587 1205 649 1240 χθὲς
665 1205 805 1242 νεώτερον.

165 1246 299 1282 Ἐπείπερ
354 1249 462 1282 μονάς.
488 1250 651 1287 Ἐπειδήπερ
666 1252 682 1287 ἡ
699 1252 865 1290 ἀριθμητικὴ
881 1255 912 1282 τὺ

123 1293 152 1319 ὲν
174 1292 300 1328 ἀριθμοῖς
319 1293 451 1330 διαίρεσιν
470 1295 530 1330 ἔχον
552 1296 654 1331 ⁸πλῆθος
676 1298 716 1329 εἰς
737 1299 824 1334 πέρας
846 1301 911 1336 ἀνή-

121 1345 206 1372 γαγε·
225 1338 325 1372 μονάδα
349 1339 398 1375 μὲν
420 1340 506 1376 ἀρχὴν
524 1341 623 1378 θεμένη
646 1342 693 1369 τοῦ
714 1344 814 1376 παντὸς
844 1343 911 1379 ἀρι-

125 1382 204 1418 θμοῦ.
214 1384 296 1412 δυάδα
319 1385 347 1412 δὲ
368 1386 480 1421 ἀρτίων,
500 1388 546 1414 καὶ
568 1384 623 1414 τῶν
647 1389 711 1425 ἑξῆς
734 1391 774 1422 είς
797 1391 910 1426 μέγεθος

123 1431 274 1466 προϊόντων
287 1431 410 1467 ἀριθμῶν
424 1433 495 1460 κατὰ
510 1434 659 1469 παράθεσιν
672 1436 801 1470 μονάδων,
816 1437 909 1473 ἐπειδὴ

123 1476 154 1503 τὸ
172 1477 284 1512 πλῆθος,
307 1478 447 1505 τουτέστιν
467 1480 483 1513 ἡ
502 1479 599 1513 κτίσις,
619 1481 651 1507 ἐκ
667 1480 714 1507 τοῦ
734 1482 801 1509 Θεοῦ
816 1484 907 1509 ἐστιν·

119 1521 172 1549 όδὲ
186 1520 301 1559 ἀριθμὸς
321 1524 367 1550 ἐπὶ
382 1524 422 1560 τῷ
438 1525 534 1560 πλήθει
553 1526 626 1552 ἐστίν
637 1535 643 1540 “
660 1528 773 1560 εἰκότως
793 1529 824 1555 τὸ
848 1529 908 1555 κατ’

119 1568 234 1604 ἀριθμὸν
257 1569 388 1605 νεώτερον
411 1570 589 1606 ὀνομάζεται·
614 1573 645 1599 τὸ
667 1573 721 1609 γὰρ
744 1574 855 1609 πλῆθος,
878 1575 944 1616 τδρ

120 1614 165 1639 καὶ
182 1614 390 1651 ἀριθμούμενον,
407 1617 475 1651 μετὰ
495 1617 540 1643 τὸν
553 1614 620 1644 Θεὸν
637 1618 747 1653 ἀφάτως
759 1620 805 1647 καὶ
815 1622 847 1647 ὲκ
861 1621 908 1648 τοῦ

118 1659 186 1685 Θεοῦ
196 1661 321 1697 παρήχθη
332 1670 338 1677 ο
348 1662 413 1689 ἀλλὰ
426 1664 472 1689 καὶ
486 1663 533 1690 τοῦ
544 1665 674 1700 νεωτέρου
684 1665 779 1692 τούτου
793 1667 908 1702 ἀριθμοῦ

117 1704 168 1739 τῆς
181 1706 296 1738 κτίσεως
319 1708 541 1745 ἀρχηγικώτερόν
555 1711 627 1737 ἐστιν
642 1712 657 1746 ἠ
674 1712 766 1747 μονὰς,
782 1713 820 1745 ὼς
830 1713 907 1750 ἔφην,

118 1751 135 1786 η
147 1751 255 1779 καὶτῶν
264 1753 387 1788 ἀριθμῶν
399 1754 484 1785 αἰτία,
494 1755 540 1782 καὶ
550 1755 647 1791 ἔχουσα
662 1758 753 1792 σχέσιν
766 1758 827 1785 τινὰ
841 1759 908 1794 πρὸς

116 1797 151 1823 τὰ
167 1797 196 1831 ἐξ
210 1799 294 1834 αὐτῆς
313 1799 406 1826 πολλά.
430 1801 534 1828 Οὐκοῦν
554 1803 568 1829 ὁ
590 1797 665 1835 Θεὸς,
686 1803 724 1836 ὡς
743 1805 790 1831 καὶ
805 1806 907 1832 τούτων

117 1843 213 1877 αἴτιος,
225 1845 270 1871 καὶ
283 1846 395 1880 μονάδος
409 1846 486 1881 λόγον
500 1848 616 1883 ἐπέχων,
632 1849 762 1886 νεώτερος
775 1851 844 1878 κατὰ
857 1852 906 1888 τὴν

116 1891 263 1926 εἰρημένην
278 1891 394 1928 θεωρίαν
407 1893 439 1919 ἐκ
453 1894 507 1920 τῶν
521 1894 550 1926 ἐξ
568 1895 651 1922 αὑτοῦ
664 1898 903 1934 προσαγορεύεται.

116 1934 178 1963 Εἰσὶ
191 1937 218 1964 δὲ
235 1938 260 1964 οῖ
273 1937 307 1964 τὰ
323 1937 435 1975 σώματα
454 1940 488 1956 ¹⁰⁰
506 1941 621 1977 ἀριθμὸν
638 1941 788 1978 ὠνόμαζον.

154 2068 168 2104 §
184 2069 228 2095 Ill.
251 2070 305 2097 Καὶ
320 2071 476 2105 ἀπολύτως
491 2073 648 2108 ἀγέννητα.
664 2076 736 2102 Ἀνω
752 2077 802 2112 μὲν
819 2078 847 2104 ἑν
862 2078 902 2114 τῷ

116 2114 233 2150 πέμπτῳ
248 2116 386 2153 κεφαλαίῳ
403 2119 466 2154 περὶ
489 2120 586 2151 αἰῶνος
603 2121 649 2148 καὶ
662 2122 759 2157 χρόνον
778 2120 902 2155 πλατέως

114 2159 272 2196 διελάὃομεν
289 2163 298 2178 ¹
308 2170 315 2176 ·
329 2162 375 2189 νῦν
389 2163 417 2190 δὲ
431 2163 465 2190 τὰ
480 2164 633 2201 ζητούμενα
655 2169 832 2202 σαφηνιπέον
842 2177 849 2183 ·
868 2170 899 2195 οὐ

116 2207 196 2242 μόνον
210 2208 263 2244 γὰρ
281 2209 298 2244 η
312 2209 417 2245 Γραφῇ,
438 2211 529 2246 φησὶν,
548 2212 656 2239 αἰώνιον
671 2213 748 2240 καλεῖ
762 2214 809 2240 τὸν
821 2214 898 2246 Θεὸν,

965 968 1025 1004 ipso
1047 970 1139 999 dicere
1164 974 1304 1009 proprium
1330 975 1359 1003 in
1386 977 1474 1005 sacris
1499 977 1674 1014 initiatorem,
1700 989 1750 1009 seu

963 1016 1123 1050 magistrum
1138 1026 1217 1046 suum
1234 1021 1425 1055 appellantem.

998 1061 1063 1096 §ll.
1089 1063 1121 1090 Et
1137 1073 1229 1098 canus,
1255 1071 1280 1093 et
1305 1067 1420 1101 juvenis.
1442 1068 1584 1103 Quomodo
1617 1071 1748 1100 Dominus

962 1106 1109 1142 aliquando
1121 1110 1231 1144 quidem
1251 1112 1389 1148 antiquus,
1411 1115 1558 1151 aliquando
1575 1126 1640 1145 vero
1660 1111 1748 1148 novus

962 1153 1142 1188 describatur,
1162 1160 1192 1184 ut
1210 1165 1217 1183 :
1235 1157 1312 1186 Iesu:
1330 1159 1452 1188 Christus
1468 1162 1525 1189 heri
1546 1168 1570 1190 et
1588 1164 1748 1197 ltodie,idem

963 1202 988 1225 et
1004 1199 1032 1225 in
1048 1201 1147 1228 swcula
1162 1201 1175 1220 ά
1189 1211 1196 1229 :
1213 1207 1288 1231 certe
1303 1205 1383 1233 hodic
1398 1211 1439 1234 est
1452 1207 1545 1242 juuius
1562 1209 1631 1237 heri.

995 1244 1076 1281 212
1086 1247 1303 1283 Quandoquidem
1313 1252 1419 1280 veritas.
1428 1252 1651 1289 Quandoquidem
1660 1256 1746 1284 arith—

961 1293 1059 1318 metica
1084 1294 1286 1323 multitudinem
1313 1297 1340 1323 in
1364 1299 1486 1327 numeris
1509 1300 1672 1329 divisionem
1697 1303 1746 1330 ha-

960 1335 1067 1364 bentem
1085 1338 1112 1365 in
1130 1339 1210 1366 linem
1225 1341 1347 1374 deduxit,
1364 1350 1468 1378 ponens
1485 1347 1600 1373 mouada
1614 1355 1662 1375 seu
1684 1349 1746 1376 uni—

960 1385 1042 1410 tatem
1058 1385 1147 1411 omnis
1164 1388 1271 1413 numeri
1287 1389 1468 1424 principium;
1483 1391 1571 1419 duada
1591 1401 1638 1420 seu
1654 1394 1744 1421 duali-

960 1433 1040 1457 tatem
1059 1439 1131 1462 vero,
1153 1433 1258 1466 parimn
1282 1438 1308 1461 et
1330 1435 1496 1470 reliquorum
1517 1446 1694 1467 numerorum
1715 1441 1744 1468 in

959 1476 1145 1511 magnitudine
1169 1480 1400 1514 progrodientium
1425 1481 1564 1511 additioue
1587 1485 1742 1519 unitatum,

959 1522 1087 1555 quoniam
1108 1524 1265 1555 multitudo,
1290 1526 1316 1552 id
1337 1532 1379 1554 est
1400 1531 1527 1555 creatura
1548 1534 1589 1557 est
1610 1539 1644 1557 ex
1665 1530 1740 1560 Deo:

960 1576 1091 1597 numerus
1101 1575 1191 1598 autem
1205 1575 1247 1598 est
1260 1572 1288 1599 in
1301 1573 1486 1607 multitudine,
1500 1576 1597 1602 [turrito
1607 1582 1742 1611 quantum

960 1613 994 1640 ad
1011 1622 1156 1642 numerum
1177 1617 1271 1651 junior
1290 1619 1447 1646 nominatur
1463 1629 1468 1646 :
1493 1621 1640 1660 multitudo
1657 1624 1740 1656 enim,

959 1667 1020 1694 qua:
1038 1664 1080 1688 est
1095 1660 1122 1687 id
1139 1662 1212 1696 quod
1227 1668 1396 1697 numeratur,
1415 1669 1476 1699 post
1494 1665 1578 1693 Deum
1600 1668 1742 1696 ineﬂ‘abili-

959 1709 1000 1732 ter
1021 1710 1047 1733 et
1066 1713 1081 1732 a
1097 1706 1152 1734 Deo
1168 1709 1300 1742 producta
1324 1713 1388 1737 est:
1407 1711 1556 1745 quinetiam
1583 1721 1678 1741 monas
1699 1719 1741 1743 est

957 1751 1212 1787 antiquiorjuniore
1227 1753 1278 1781 hoc
1292 1759 1425 1783 creaturae
1438 1764 1562 1788 numero.
1578 1766 1648 1793 quae.
1667 1760 1740 1788 sicut

957 1795 1024 1827 dixi,
1037 1800 1080 1822 est
1095 1805 1271 1825 numerorum
1286 1806 1380 1833 causa,
1399 1805 1426 1828 et
1443 1801 1523 1829 habet
1542 1805 1740 1833 connexionem

956 1843 1100 1878 quamdam
1117 1851 1178 1871 cum
1193 1845 1297 1876 multis.
1313 1854 1373 1881 qua!
1386 1854 1420 1874 ex
1436 1847 1494 1882 ipsa
1510 1849 1670 1884 procedunt.
1686 1851 1739 1878 ltu-

955 1897 1008 1925 que
1019 1889 1102 1922 Deus,
1119 1894 1148 1917 ut
1164 1891 1246 1919 etiam
1267 1892 1364 1920 horum
1388 1899 1493 1927 auctor,
1510 1899 1536 1922 et
1552 1896 1677 1924 monadis
1693 1905 1739 1924 rae

954 1937 1055 1964 tionem
1079 1936 1217 1970 obtinens,
1235 1939 1385 1966 secundum
1405 1940 1507 1968 dictam
1530 1943 1738 1977 contemplatio-

953 1989 1027 2014 nem,
1043 1983 1195 2018 appellatur
1207 1983 1300 2018 junior
1315 1985 1349 2012 iis
1363 1993 1424 2021 quae
1436 1986 1470 2013 ab
1484 1994 1517 2014 eo
1530 1987 1661 2022 producta
1677 1989 1737 2017 fuen

952 2032 1017 2056 runt
1033 2039 1040 2056 :
1057 2034 1121 2057 sunt
1136 2030 1183 2065 qui
1198 2038 1313 2066 corpora
1327 2033 1500 2067 appellarunt
1515 2042 1668 2062 numerum.

986 2073 1000 2109 §
1024 2074 1067 2101 Ill.
1098 2074 1131 2101 Et
1155 2075 1273 2103 absolute
1299 2077 1424 2112 ingenita.
1455 2077 1541 2112 Supra
1568 2079 1678 2113 quidem
1706 2080 1735 2108 in

951 2121 1047 2155 quinto
1069 2122 1168 2156 capite,
1190 2122 1250 2150 fuse
1272 2124 1453 2151 tractavimus
1476 2123 1509 2151 de
1532 2125 1684 2152 mter-nitate
1707 2129 1735 2153 et

949 2170 1072 2202 tempore
1090 2178 1096 2194 :
1114 2176 1187 2196 nunc
1207 2177 1270 2197 vero
1286 2170 1449 2204 explicanda
1468 2175 1533 2198 sunt
1554 2178 1614 2206 qua:
1635 2175 1734 2206 petun-

950 2216 1014 2239 tur:
1041 2221 1096 2241 non
1121 2218 1227 2241 tantum
1248 2215 1319 2242 enim
1346 2215 1501 2251 Scriptura,
1532 2216 1629 2251 inquit,
1653 2221 1733 2245 vocat

114 2253 143 2279 ὲν
163 2254 202 2288 τῷ
216 2254 315 2288 λέγειν·
338 2256 365 2282 Ὀ
377 2256 442 2292 Θεὸς
459 2257 474 2282 ὀ
489 2257 605 2290 αἰώνιος,
620 2259 634 2284 ὁ
650 2261 853 2292 κατασκευάσας
865 2261 900 2288 τὰ

961 2258 1034 2286 )ευιη
1051 2265 1194 2293 aeternum,
1210 2261 1274 2288 dum
1290 2261 1357 2289 dicit
1376 2271 1382 2289 :
1402 2261 1472 2290 Deus
1483 2267 1613 2295 internus,
1630 2264 1675 2298 qui
1693 2264 1734 2290 fa-

114 2297 186 2333 ἇκρα
200 2299 249 2334 τῆς
270 2300 336 2335 γῆς·
354 2297 400 2327 τὸν
416 2301 470 2338 γὰρ
488 2303 553 2330 Θεὸν
569 2303 641 2337 λέγει
661 2304 801 2337 ἀπολύτως
819 2306 899 2340 ἀγέν-

114 2353 204 2379 νητον,
224 2346 272 2372 ἅτε
293 2347 339 2374 καὶ
358 2348 486 2380 ἀναιτίως
503 2349 568 2376 ὄντα
586 2349 682 2382 τοῦτο,
707 2350 774 2378 ἀλλὰ
798 2352 844 2378 καὶ
863 2352 898 2379 τὰ

115 2390 261 2426 μετέχοντα
275 2392 428 2428 ἀφθαρσίας
442 2395 487 2421 καὶ
503 2395 666 2422 ἀναλλοίωτα
678 2397 741 2433 περὶ
749 2398 833 2434 αὐτὴν
848 2398 896 2434 τὴν

113 2437 206 2463 οὐσίαν
227 2438 322 2465 αἰώνια
343 2439 433 2474 λέγει,
453 2442 507 2468 εἴτε
528 2442 670 2476 ἀγγέλους,
687 2443 742 2470 εἴτε
763 2444 896 2481 ἀνώτερον

113 2483 236 2518 οὐρανὸν,
248 2484 286 2516 ὡς
301 2485 340 2511 τό-
360 2487 507 2520 Ἕστησεν
522 2488 597 2515 αὐτὰ
609 2489 653 2522 εις
665 2489 719 2516 τὸν
732 2489 834 2521 αἰῶνα,
846 2487 910 2518 καὶ¹

112 2529 156 2562 εις
172 2528 225 2555 τὸν
243 2529 336 2557 αἰῶνα
349 2532 402 2558 τοῦ
416 2531 533 2565 αἰῶνος,
549 2534 596 2560 καὶ
608 2534 654 2560 τό⁴
670 2535 707 2562 Τὰ
724 2535 767 2570 μὴ
782 2536 897 2568 βλεπό-

109 2583 197 2609 μενα,
212 2575 314 2603 αἰώνια
339 2577 514 2605 Ἀναλλοίωτα
526 2579 554 2605 δέ
571 2588 636 2615 φησι
647 2581 775 2615 μείναντα
786 2581 824 2614 ὡς
837 2583 897 2617 ἐγέ-

112 2629 203 2647 νοντοο
222 2622 269 2648 καὶ
287 2622 375 2654 πύλας
389 2623 500 2655 αἰωνίας
521 2625 598 2651 καλεῖ
615 2626 670 2652 εῐτε
685 2627 823 2663 οὐρανοὺς,
841 2628 896 2656 εττε

111 2665 176 2697 τοὺς
201 2666 383 2703 ἐφεστηκότας
401 2668 504 2701 τούτοις
520 2670 660 2704 ἀγγέλους,
677 2669 720 2699 οἷα
736 2673 893 2708 πυλωρούς·

128 2744 142 2765 ει
159 2744 241 2774 Hebr.
256 2753 316 2779 xm,
330 2745 358 2775 8.
395 2753 407 2767 ε
419 2747 491 2776 Psal.
504 2755 616 2780 cxtvnl,
632 2748 658 2777 6.
698 2749 708 2769 ί
723 2749 745 2777 ll
761 2749 826 2778 Cor.
843 2759 880 2783 ιν.
897 2751 940 2780 18.

949 2304 1071 2333 bricatus
1089 2310 1132 2333 cst
1146 2311 1268 2334 extrema
1283 2312 1362 2335 terra:
1378 2317 1385 2336 :
1406 2308 1473 2335 dicit
1488 2309 1561 2336 enim
1579 2309 1662 2337 Deum
1680 2311 1729 2338 ah-

948 2351 1036 2378 solute
1058 2351 1219 2386 ingenitum,
1243 2358 1372 2388 tanquam
1393 2361 1456 2381 eum
1474 2356 1520 2390 qui
1545 2355 1597 2382 hoc
1613 2357 1731 2385 estsine

948 2402 1069 2429 auctore,
1085 2406 1180 2426 verum
1195 2400 1278 2426 etiam
1293 2399 1360 2427 dicit
1373 2405 1473 2428 aeterna
1490 2410 1550 2436 qua:
1565 2403 1730 2438 participant

947 2443 1191 2478 incorruptionem.
1206 2453 1294 2480 neque
1308 2446 1336 2473 in
1356 2446 1415 2481 ipsa
1436 2448 1555 2475 essentia
1578 2453 1728 2482 mutantur,

947 2489 1005 2517 sive
1029 2490 1084 2517 sint
1107 2491 1206 2526 angeli,
1231 2492 1288 2520 sive
1312 2493 1410 2520 caelum
1438 2501 1611 2529 supremum,
1631 2495 1727 2524 sicut:

947 2537 1048 2564 Statuit
1059 2546 1090 2564 ea
1101 2538 1128 2564 in
1144 2542 1280 2570 internum.
1297 2543 1322 2567 et
1337 2539 1365 2566 in
1378 2540 1504 2567 surculum
1520 2541 1613 2568 circuli
1629 2547 1659 2574 9;
1679 2545 1707 2569 et
1718 2550 1728 2570 :

948 2583 1013 2615 Qum
1029 2591 1080 2610 non
1096 2583 1227 2616 videntur,
1243 2589 1342 2611 trterna
1362 2584 1383 2612 τ.
1401 2584 1486 2613 Porro
1502 2586 1665 2613 ἀναλλοίωτα
1680 2595 1728 2614 vo-

946 2632 990 2656 cat
1007 2637 1066 2664 quae
1092 2635 1202 2657 manent
1224 2631 1296 2658 sicut
1313 2631 1434 2664 fuerunt,
1454 2637 1480 2660 et
1503 2637 1596 2667 portas
1611 2637 1727 2660 aeternas

946 2680 1036 2708 vocat,
1053 2677 1111 2704 sive
1135 2678 1231 2710 cmlos,
1252 2678 1310 2706 sive
1330 2680 1441 2714 angelos
1463 2679 1509 2714 qui
1532 2679 1572 2706 cis
1593 2683 1725 2714 praesunt,

567 2815 683 2845 VAlllE
703 2817 891 2846 LECTIONES
909 2819 953 2846 ET
973 2820 1250 2849 CORRECTIONES.

156 2871 177 2886 "
193 2871 255 2907 ἄχρι
272 2871 362 2904 τέλους
377 2872 570 2906 διαιωνίζοντα,
605 2874 650 2900 καὶ
677 2874 722 2900 ἐπὶ
755 2875 841 2901 πάντα
858 2875 959 2911 διήκειν
971 2876 1016 2902 xz!
1031 2877 1162 2912 προῖέναι,
1180 2877 1248 2912 ὅπερ
1271 2878 1356 2908 τέλος.

111 2904 217 2941 ἐθεμενᾷ

1407 2876 1441 2892 ¹⁰⁰
1457 2875 1583 2910 ὀνόματι
1625 2875 1632 2891 ¹
1652 2884 1722 2912 παρα
