1940 3064
192 155 245 183 587

579 156 748 185 APPENDIX
762 156 808 183 AD
824 155 937 185 OPERA
955 155 983 184 S.
1002 155 1149 184 DIONYSII
1167 156 1409 186 AREOPAGITE.

1756 161 1805 188 388

192 217 321 250 tanquam
348 219 500 251 portarunt.
517 215 666 248 custodes;
695 218 722 241 et
750 213 862 248 antiqua
894 218 967 240 vocat

1025 213 1071 240 καὶ
1093 213 1127 240 τὰ
1153 214 1255 249 ἀρχαῖα
1275 214 1303 241 δὲ
1329 214 1426 241 αἰώνια
1441 213 1540 247 καλεῖ,
1560 213 1598 246 ὡς
1613 215 1661 242 καὶ
1677 216 1715 242 τό·
1736 217 1804 250 Ἕτη

191 264 303 294 aeterna,
330 262 413 294 sicut,
436 262 526 289 Annos
550 266 661 289 internas
684 261 711 287 in
735 264 820 287 mente
845 259 925 286 habui
949 261 972 292 8,

192 312 371 343 nostrumque
387 312 506 344 tempus,
517 309 646 336 saeculum
661 307 738 339 dicit,
754 306 826 335 sicut
840 305 927 342 Usque
939 306 974 333 ad

147 365 150 367 λ
191 355 442 381 consummationem
458 354 550 381 saeculi
566 354 601 387 l1;
624 356 671 380 et:
695 351 730 379 Ut
753 353 861 387 eriperet
880 361 927 380 nos
943 352 975 380 de

191 399 314 433 praesenti
330 399 426 426 seculo
442 407 551 434 nequam
570 397 596 433 i;
615 403 642 426 et
660 399 720 426 vice
739 407 828 431 versa,
844 398 974 426 saeculum

191 448 299 480 tempus
325 444 413 476 dicit,
430 448 460 471 ut
477 445 554 479 :Ego
570 444 732 472 resuscitabo
759 453 818 472 eum
840 444 867 471 in
888 444 975 471 novis—

190 491 257 518 simo
274 490 316 518 die
339 491 352 510 Ιι
377 499 383 517 :
407 490 537 518 saeculum
566 490 649 522 enim,
670 498 724 518 non
742 498 807 517 vero
826 490 902 522 dies,‘
915 497 976 525 qua:

191 537 220 564 in
235 537 434 565 resurrectione
451 544 458 562 :
471 540 499 564 et
512 536 611 563 iterum
627 546 634 563 :
651 536 684 564 In
700 537 794 572 quibus
806 536 875 564 Deus
895 536 974 571 hujus

190 583 292 616 urculi,
316 583 458 610 excanduit
480 587 579 610 mentes
595 582 743 617 inﬁdelium
762 582 784 615 ι,
807 587 888 618 atque
906 587 976 610 tem-

190 637 252 664 pus,
267 629 394 656 saeculum
410 628 493 660 dicit,
510 632 540 655 ut
557 636 563 654 :
581 627 644 656 Dies
657 628 750 656 uecult'
766 634 804 662 m;
824 632 851 656 et
869 636 876 654 :
898 627 976 655 Moa-

190 675 254 703 bites
271 681 295 703 et
311 675 474 702 Ammonites
496 675 577 702 etiam
592 679 652 709 post
673 674 804 702 decimam
825 675 975 710 generatio-

189 730 247 750 nem
262 730 313 749 non
327 721 465 749 intrabunt
482 721 630 749 Ecclesium
645 721 762 755 Domini,
779 722 806 748 in
817 726 974 749 internum“.

189 767 255 794 Nam
272 767 366 795 decem
389 768 580 803 generationes
617 768 746 796 saeculum
763 767 839 795 dicit.
867 768 974 795 Aliter:

188 812 248 840 Non
255 817 373 849 oportet,
383 814 481 849 inquit,
493 814 539 842 ubi
552 813 691 849 Scriptura
697 815 826 842 saeculum
836 814 912 845 dicit,
922 821 979 840 om-

189 859 254 886 nino
261 859 431 887 divinitatem
438 860 587 895 intelligere
597 869 603 887 :
613 860 664 887 hoc
671 860 742 887 enim
751 863 792 888 est
799 859 880 894 213
887 859 974 895 πάντη

188 909 215 932 ct.
231 905 381 938 ἀπολύτως,
398 905 425 932 id
439 909 480 933 est
497 905 648 933 secundum
664 913 771 933 omnem
788 912 911 937 sensum,
932 905 974 932 in-

188 952 309 987 genitum
320 959 352 979 ac
363 956 492 981 teternum
504 961 511 979 :
533 951 683 987 quinetiam
694 951 742 978 tali
752 950 871 978 dictione
885 950 973 985 angeli

188 998 386 1033 significantur,
404 1001 433 1025 ut
452 998 498 1033 qui
516 998 544 1025 in
559 996 700 1024 identitate
721 1004 896 1032 perseverare
910 1004 973 1031 pos-

187 1048 262 1072 sunt.

222 1089 411 1118 zEternitatem
432 1093 627 1117 consecuturos.
654 1088 731 1117 Hunc
750 1089 832 1117 etiam
858 1088 967 1116 Patrem

187 1136 312 1171 accipere
330 1135 523 1166 aeternitatem,
549 1135 700 1162 secundum
719 1133 879 1171 Gregorium
895 1134 972 1162 theo-

187 1181 289 1216 logum,
314 1189 364 1216 pro
385 1180 570 1209 declarations
593 1180 727 1216 perpetui,
752 1188 801 1209 seu
815 1180 876 1216 ejus
898 1179 971 1216 quod

187 1222 369 1262 semper‘esse
386 1227 496 1255 dicitur.
531 1239 535 1241 ν

223 1273 375 1306 Quinetiam
393 1281 475 1300 a'oum
489 1272 632 1308 temporale
645 1271 804 1300 celebratur.
819 1271 971 1299 Aliternitas

186 1319 214 1346 in
229 1325 359 1355 tempore,
375 1323 405 1346 ut
419 1320 447 1346 in
462 1319 575 1355 psalmis
597 1329 604 1347 :
621 1318 764 1347 Laboravit
782 1319 810 1346 in
825 1323 969 1350 internum,

185 1369 209 1392 et
225 1365 288 1392 vivet
303 1365 331 1392 in
351 1365 464 1400 ﬁnem°.
488 1364 634 1393 Eternom
657 1369 749 1392 autem
771 1368 895 1399 tempus,
911 1371 971 1399 quas

185 1410 257 1445 apud
271 1410 440 1446 Apostolum,
456 1410 540 1438 veluti
557 1410 644 1439 :Ante
659 1414 776 1445 tempora
790 1409 969 1442 sa'culariar;

184 1459 231 1484 et:
249 1456 417 1491 Temporibus
442 1457 547 1484 wtcrnt's
561 1457 634 1483 taciti
645 1461 670 1484 ει.
683 1456 722 1483 Ac
740 1456 768 1483 in
783 1455 875 1491 Moyse
888 1464 896 1483 :
909 1454 969 1482 Erit

185 1502 232 1530 tibi
248 1510 383 1537 possessus
399 1502 427 1530 in
443 1507 579 1530 u'ternum.
596 1501 665 1529 Nota
688 1509 763 1532 vero.
778 1502 906 1529 saeculum
923 1501 968 1529 fu-

1023 259 1126 286 aklma
1140 259 1310 294 ἐμνήσθην·
1325 260 1372 287 καὶ
1387 261 1432 287 τὸν
1449 260 1509 288 καθ’
1525 261 1599 296 ἡμᾶς
1614 262 1708 296 χρόνον
1724 262 1805 289 αιῶνά

1025 313 1117 340 φησιν,
1125 305 1163 337 ὡς
1170 306 1201 332 τό
1209 314 1216 321 ’
1228 306 1299 338 Ἕως
1310 305 1365 340 τῆς
1378 307 1555 339 συντελείας
1565 307 1617 334 τοῦ
1629 307 1736 340 αὶῶνος
1744 316 1750 323 ·
1763 309 1806 336 καὶ
1853 315 1860 344 ς

1023 351 1064 377 τό·
1079 351 1173 384 Ὅπως
1179 352 1317 386 ἐξέληται
1322 352 1401 387 ἡμᾶς
1406 353 1464 380 ἀπὸ
1477 353 1530 380 τοῦ
1536 354 1699 387 ἐνεστῶτος
1703 354 1804 388 αἰῶνος

1025 397 1156 431 πονηροῦ
1166 406 1173 412 ·
1190 399 1237 425 καὶ
1248 398 1392 431 ἀνάπαλιν,
1404 398 1449 426 τὸν
1462 399 1549 426 αἰῶνα
1563 400 1656 435 χρόνον
1670 400 1754 435 λέγει,
1770 401 1805 433 ὡς

1024 442 1064 469 ’τό⁸
1089 442 1158 478 Ἐγὼ
1172 444 1335 476 ἀναστήσω
1351 445 1444 471 αὐτὸν
1457 445 1491 471 ἐν
1511 445 1550 479 τῇ
1562 445 1677 481 ἐσχάτῃ
1697 447 1804 481 ἡμέρᾳ·

1024 489 1089 516 αἰὼν
1105 489 1169 525 γὰρ,
1187 489 1244 516 ἀλλ’
1260 490 1309 525 οὐχ
1325 490 1425 526 ἡμέρα,
1441 491 1477 518 τὰ
1492 492 1521 517 ἐν
1537 493 1570 527 τῇ
1588 493 1743 520 ἀναστάσει·
1761 494 1805 520 καὶ

1025 535 1114 562 πάλιν-
1134 536 1183 562 Ἐν
1196 536 1240 568 οἷς
1249 537 1266 563 ὁ
1275 536 1345 569 Θεὸς
1359 537 1411 564 τοῦ
1420 537 1526 570 αἰῶνος
1540 539 1645 565 τούτου
1653 539 1805 573 ἐτύφλωσε

1025 582 1061 608 τὰ
1072 581 1204 616 νοήματα
1217 581 1276 608 τῶν
1288 582 1424 609 ἀπίστων
1432 591 1438 597 ·
1455 583 1502 609 καὶ
1513 582 1559 610 τὸν
1571 583 1665 620 χρόνον
1681 584 1709 611 δὲ
1723 585 1805 612 αιῶνά

1026 635 1117 662 φησιν,
1132 627 1170 658 ὡς
1184 627 1230 653 τό·
1247 629 1281 654 Al
1296 626 1401 662 ἡμέραι
1415 628 1467 655 τοῦ
1482 628 1599 661 αἰῶνος,
1616 629 1672 656 καί·
1694 631 1804 657 Μωαϐι-

1025 680 1079 706 της
1092 672 1141 699 καὶ
1149 673 1300 707 Ἀμανιτης
1310 673 1363 701 οὐκ
1373 674 1597 702 εισελεύσονται
1608 676 1652 707 εὶς
1662 675 1715 702 τὸν
1724 676 1804 702 οἷκον

1026 718 1135 752 Κυρίου
1140 718 1195 751 ἕως
1201 718 1326 752 δεκάτης
1340 718 1444 753 γενεᾶς
1456 720 1499 752 εὶς
1509 719 1562 746 τὸν
1571 720 1663 747 αἰῶνα
1670 728 1677 736 ’
1686 720 1736 753 τὰς
1751 721 1803 757 γὰρ

1026 764 1093 792 δέκα
1115 765 1211 798 γενεὰς
1226 765 1312 792 αἱῶνά
1327 773 1419 800 φησιν.
1439 765 1551 798 Ἄλλως·
1574 767 1610 793 Οὐ
1628 767 1691 802 χρὴ,
1713 768 1803 803 φησὶν,

1026 808 1089 835 ἔνθα
1105 809 1122 845 ὴ
1137 809 1231 844 Γραφὴ
1247 809 1352 836 αἰώνιον
1368 810 1451 844 λέγει,
1469 811 1576 842 πάντιυς
1591 811 1622 838 τὸ
1638 812 1709 838 θεῖον
1724 813 1802 840 νοεῖν·

1025 854 1105 881 τοῦτο
1125 854 1179 890 γάρ
1196 855 1254 881 ἐστι
1275 855 1306 881 τὸ
1330 856 1417 891 πάντη
1441 857 1488 884 καὶ
1507 856 1665 892 ἀπολύτως,
1682 859 1804 886 τουτέστι

1025 900 1095 927 κατὰ
1110 901 1200 928 πᾶσαν
1215 901 1329 934 ἔννοιαν,
1338 901 1482 938 ἀγέννητον
1497 903 1544 930 καὶ
1559 904 1641 931 ἀΐδιον
1650 912 1658 920 ο
1675 905 1742 932 ἀλλὰ
1759 908 1804 934 καὶ

1023 946 1154 980 ἀγγέλους
1176 948 1210 983 τῇ
1232 947 1345 984 τοιαύτῃ
1367 948 1439 981 λέξει
1463 950 1651 985 σημαίνεσθαι,
1671 951 1710 983 ὡς
1725 951 1756 978 τὸ
1774 953 1803 979 ὲν

1024 992 1166 1028 ταυτότητι
1179 993 1315 1030 διαμένειν
1331 994 1452 1030 ἔχοντας.

1056 1083 1168 1117 Αιῶνος
1185 1084 1331 1119 μεθέξειν.
1353 1087 1413 1113 ’Ὁτι
1429 1086 1476 1113 καὶ
1491 1084 1567 1119 οὗτος
1578 1089 1593 1114 ὁ
1608 1087 1703 1124 Πατὴρ
1717 1088 1802 1116 αἰῶνα

1022 1130 1153 1165 λαμϐάνει
1177 1130 1248 1158 κατὰ
1261 1132 1308 1158 τὸν
1323 1131 1445 1167 θεολόγον
1467 1133 1630 1170 Γρηγόριον,
1646 1134 1693 1161 τοῦ
1714 1134 1802 1171 διηνει

1022 1175 1096 1208 κοῦς,
1113 1177 1197 1212 ἤγουν
1211 1176 1258 1203 τοῦ
1274 1177 1319 1205 ἀεὶ
1332 1176 1402 1206 εἶναι
1417 1179 1467 1215 τὴν
1479 1179 1602 1216 δήλωσιν.

1057 1267 1112 1294 Kal
1125 1267 1266 1302 ἕτχρονος
1277 1267 1349 1295 αὶὼν
1360 1267 1519 1301 δοξάζέται.
1536 1269 1682 1305 Ἔγχρονος
1697 1270 1763 1297 αἰὼν
1771 1271 1804 1298 τὸ

1019 1315 1049 1340 ὲν
1062 1313 1178 1348 ψαλμοῖς
1187 1321 1194 1328 '
1212 1312 1389 1341 Ἑκοπίασεν
1402 1314 1446 1347 εὶς
1454 1314 1508 1342 τὸν
1515 1314 1609 1342 αἰῶνα
1621 1315 1670 1342 καὶ
1683 1315 1802 1349 ζήσεται

1018 1360 1062 1393 εἰς
1070 1359 1285 1393 τέλος.Δεώνιος
1296 1359 1324 1386 δὲ
1339 1360 1432 1397 χρόνος
1446 1360 1481 1388 τὰ
1496 1361 1571 1397 παρὰ
1585 1362 1623 1398 τῷ
1638 1362 1800 1398 Ἀποστόλῳ,

1018 1402 1073 1432 οἷον
1078 1406 1118 1432 τό·
1129 1405 1189 1439 Πρὸ
1197 1405 1314 1440 χρόνων
1323 1407 1459 1439 αιωνιων,
1472 1407 1527 1434 καί·
1539 1408 1663 1441 Χρόνοις
1672 1409 1802 1441 αἰωνίοις

1018 1449 1232 1485 σεσιγημένου·
1249 1451 1295 1477 καὶ
1310 1451 1340 1477 ὲν
1354 1451 1448 1478 Μωσεί
1461 1451 1502 1478 τό·
1521 1452 1627 1479 Ἔσται
1647 1459 1696 1479 σοι
1715 1453 1801 1479 κατό-

1019 1505 1103 1531 χιμος
1120 1497 1165 1529 εἰς
1182 1496 1237 1524 τὸν
1254 1496 1356 1524 αιιῖγνα.
1374 1497 1528 1532 Σημείωσαι
1543 1497 1582 1530 δὲ,
1604 1498 1646 1525 ὅτι
1662 1497 1800 1535 ἄφθαρτος

183 1553 274 1576 turum
288 1556 350 1577 esse
365 1548 554 1585 incorruptum
572 1553 599 1576 et
613 1556 721 1584 semper
734 1549 830 1576 eodem
844 1548 925 1578 modo
938 1555 967 1576 se

1021 1543 1066 1569 καὶ
1081 1543 1125 1570 ἀεὶ
1139 1541 1268 1574 ὡσαύτως
1281 1542 1350 1578 ἒχων
1365 1543 1379 1569 ό
1392 1543 1495 1578 μέλλων
1509 1543 1584 1571 αἰών.

184 1594 294 1622 habere.

220 1640 337 1668 Tametsi
355 1641 453 1669 scimus
469 1641 501 1667 ab
522 1641 596 1675 ipsis.
612 1639 683 1676 Ipsis
699 1639 825 1668 videlicet
839 1641 944 1669 sanctis
959 1650 965 1668 :

183 1690 247 1714 nota
262 1690 352 1714 autem
366 1687 440 1722 quod
455 1686 649 1722 intelligibilia,
669 1686 744 1714 entia
758 1690 850 1719 vocat,
866 1686 968 1722 quibus

181 1731 264 1759 etiam
279 1732 460 1760 aeternitatem
477 1735 674 1764 connumerat;
693 1731 804 1759 sensilia
825 1738 901 1763 vero,
921 1739 967 1767 ge—

182 1776 352 1804 nerationem
367 1776 445 1809 dicit,
459 1785 577 1812 quorum
588 1777 670 1805 etiam
683 1781 792 1813 tempus
805 1784 867 1805 esse
879 1777 965 1812 signi-

182 1825 256 1851 tieat.
272 1823 334 1851 Haec
349 1823 468 1858 perfecte
484 1824 569 1852 habes
583 1824 612 1851 in
626 1824 715 1858 capite
729 1823 835 1858 quinto.

219 1869 280 1896 Non
293 1869 447 1903 simpliciter
468 1873 599 1896 cowterna
615 1868 678 1896 Deo.
700 1868 907 1904 Sapientissime
921 1875 965 1895 se-

181 1922 279 1942 curum
303 1914 392 1942 reddit
414 1914 566 1942 auditorem
581 1915 610 1942 in
633 1914 774 1950 religione,
790 1913 885 1941 dicens
909 1921 964 1940 non

181 1960 281 1988 debere
305 1960 457 1988 existimari
478 1967 510 1988 ea
532 1967 593 1995 quae
616 1964 718 1988 aeterna
740 1959 880 1992 dicuntur,
902 1959 964 1986 ideo

180 2014 243 2035 esse
262 2006 318 2034 Deo
338 2009 474 2034 coasterna
493 2006 540 2041 qui
567 2009 610 2034 est
635 2008 698 2033 ante
719 2005 830 2033 saecula.
853 2005 887 2032 Et
905 2005 962 2040 jam

180 2053 290 2088 quidem
308 2060 391 2088 supra
413 2052 543 2086 diximus,
557 2056 689 2079 aeternum
702 2051 810 2087 proprie
821 2050 890 2083 dici.
908 2057 962 2077 non

180 2099 268 2134 ipsam
282 2099 471 2131 aeternitatem,
495 2097 543 2126 sed
564 2098 637 2133 quod
651 2097 829 2125 aeternitatem
851 2097 962 2132 partici-

180 2148 226 2180 pat
238 2154 244 2171 :
261 2152 326 2181 ergo
337 2152 396 2180 qua:
410 2144 589 2180 intelligibilia
601 2143 710 2180 proprie
724 2147 751 2172 et
765 2144 849 2175 entia,
861 2146 890 2170 ut
902 2149 962 2178 quae

179 2190 275 2217 eﬂ'ecta
289 2194 354 2218 sunt
368 2190 541 2222 immortalia,
557 2194 584 2217 et
603 2194 713 2221 aeterna,
730 2192 761 2216 ut
775 2196 837 2224 quae
851 2188 899 2216 Dei
914 2196 962 2215 vo-

1056 1635 1094 1661 ’Ἡ
1106 1634 1154 1661 καὶ
1166 1633 1286 1670 μᾶλλον
1299 1635 1388 1670 ἴσμεν
1403 1636 1513 1669 αὐτοῖς.
1533 1637 1630 1669 Δὺτοϊς
1639 1639 1695 1668 τοῖς
1709 1638 1800 1672 ἁγίοις

1016 1681 1145 1717 δηλονότι.
1172 1682 1327 1717 Σημείωσαι
1343 1682 1382 1714 δὲ,
1404 1683 1445 1709 ὅτι
1462 1681 1496 1709 τὰ
1510 1682 1602 1718 νοητὰ,
1626 1683 1691 1710 ὅντα
1704 1684 1798 1716 καλεῖ,

1016 1726 1056 1760 οἷς
1072 1729 1119 1755 καὶ
1133 1727 1178 1754 τὸν
1193 1727 1280 1755 αιιῖινα
1295 1727 1467 1764 συναριθμεῖ·
1483 1728 1518 1755 τὰ
1532 1729 1561 1755 δὲ
1577 1729 1703 1765 αἰσθητὰ,
1720 1730 1798 1764 γένε-

1017 1782 1059 1800 σιν
1072 1774 1154 1808 λέγει,
1171 1770 1209 1800 ὧν
1224 1774 1272 1800 καὶ
1285 1773 1331 1799 τὸν
1345 1773 1437 1808 χρόνον
1458 1771 1526 1800 εἶναι
1547 1774 1683 1810 σημαίνει.
1705 1775 1798 1802 Ταῦτα

1015 1819 1126 1851 τελείως
1139 1819 1210 1855 ἔχεις
1226 1821 1255 1847 ὲν
1269 1819 1407 1855 κεφαλαίῳ
1423 1820 1549 1855 πέμπτῳ.

1064 1866 1125 1900 οὐχ
1140 1865 1242 1898 ἁπλῶς
1252 1865 1389 1892 συναΐδια
1406 1865 1476 1898 Θεῷ.
1494 1866 1641 1902 Σοφώτατα
1655 1876 1797 1902 κατασφα-

1014 1911 1116 1944 λίζεται
1127 1911 1173 1938 τὸν
1189 1911 1325 1947 ἀκροατὴν
1334 1912 1374 1943 εἰς
1384 1912 1532 1944 εὐσέϐειαν,
1550 1913 1662 1947 φάσκων
1680 1914 1716 1948 μὴ
1726 1914 1796 1950 χρῆ-

1013 1966 1058 1985 ναι
1074 1957 1195 1983 ὑπονοεῖν
1219 1957 1253 1983 τὰ
1273 1957 1405 1993 λεγόμενα
1429 1958 1536 1990 αἰώνια,
1553 1959 1624 1986 κατὰ
1647 1959 1724 1986 τοῦτο
1747 1961 1797 1987 καὶ

1015 2003 1135 2030 ωναῖδια
1159 2000 1228 2030 εἶναι
1249 2003 1308 2039 Θεῷ
1329 2004 1368 2039 τῷ
1392 2004 1446 2041 πρὸ
1460 2004 1574 2032 αἰώνων.
1596 2006 1651 2033 Καὶ
1670 2006 1721 2042 ἤδη
1744 2008 1797 2043 μὲν

1013 2049 1067 2085 γὰρ
1080 2049 1136 2076 ἀνω
1148 2050 1296 2085 εἰρήκαμεν
1311 2049 1418 2077 αἰώνιον
1429 2050 1554 2085 λέγεσθαι
1568 2053 1670 2088 κυρίως
1685 2054 1734 2080 οὐκ
1749 2056 1796 2081 αὺ-

1012 2095 1057 2121 τὸν
1070 2095 1116 2122 τὸν
1132 2095 1218 2122 αἰῶνα
1230 2115 1237 2128 ,
1254 2095 1321 2122 ἀλλὰ
1341 2096 1372 2122 τὸ
1384 2096 1481 2129 αἰῶνος
1501 2098 1628 2133 μετέχον·
1646 2099 1743 2127 οὐκοῦν
1758 2101 1796 2128 τὰ

1011 2140 1093 2175 νοητὰ
1108 2140 1209 2176 κυρίως
1226 2142 1272 2168 καὶ
1293 2141 1356 2168 ὄντα
1376 2142 1414 2174 ὡς
1433 2143 1554 2171 ἀθάνατα
1573 2145 1723 2181 γενόμενα,
1745 2150 1795 2175 καὶ

1012 2185 1107 2212 αῑὼνια
1116 2187 1154 2218 ὡς
1169 2187 1334 2223 ἁτελεύτητα
1349 2187 1472 2225 βουλήσει
1482 2189 1549 2217 Θεοῦ
1565 2191 1724 2227 διαμένοντα
1738 2196 1793 2231 χρὴ

180 2236 284 2263 luntate
307 2236 366 2263 sine
387 2235 440 2263 line
454 2239 624 2271 permanent,
645 2235 737 2263 dicere
758 2238 875 2270 oportet.
898 2237 960 2261 tan-

1021 2232 1109 2266 ιέγειν,
1126 2233 1174 2260 ἅτε
1188 2234 1236 2261 καὶ
1251 2233 1424 2270 παραχθέντα
1444 2235 1497 2262 ὑπὸ
1513 2236 1590 2277 ρεοῠ,
1611 2226 1643 2264 οὐ
1660 2226 1794 2276 rupere-50';

179 2290 261 2318 quam
280 2286 307 2310 et
329 2289 345 2309 ει
370 2282 425 2310 Deo
441 2282 582 2318 producta,
598 2288 661 2309 cum
682 2281 760 2317 prius
779 2288 834 2308 non
856 2286 957 2308 essent.

180 2326 296 2353 Maxime
309 2334 374 2354 vero
389 2327 508 2362 propriis
523 2331 603 2355 utens
620 2326 797 2358 dictionibus,
814 2333 875 2361 quae
887 2325 959 2361 apud

180 2371 355 2406 philosophos
374 2379 477 2406 graecos
490 2379 591 2398 arcana
610 2371 765 2399 veneranda
777 2390 785 2404 ,
811 2372 869 2398 sine
885 2372 959 2406 peri-

179 2415 241 2442 culo
261 2416 296 2442 ad
320 2416 478 2451 religionem
501 2415 638 2444 traducit:
664 2416 732 2443 dicit
755 2417 859 2451 itaque,
883 2417 957 2444 entia

179 2461 287 2496 quidem
302 2469 364 2489 esse
378 2469 410 2488 ac
424 2465 534 2494 aeterna,
552 2462 727 2497 incorporeas
741 2463 856 2491 virtutes
873 2471 888 2489 a
904 2462 959 2490 Deo

178 2512 294 2540 creatas,
306 2515 360 2534 non
375 2513 465 2535 tamen
477 2508 531 2535 Deo
545 2512 706 2540 coaeternas,
722 2509 793 2536 sicut
809 2508 895 2536 Grani
907 2517 958 2536 nuo

177 2557 286 2588 gantur,
303 2552 389 2581 Simul
405 2553 485 2585 Deus,
503 2554 585 2582 simul
599 2555 700 2587 omnia,
721 2555 863 2587 dicentes;
893 2559 957 2582 sunt

177 2604 266 2627 autem
281 2608 341 2635 qua:
355 2600 503 2636 gignuntur
513 2601 581 2632 haec,
597 2601 695 2635 inquit,
705 2604 812 2628 terrena
827 2608 955 2635 corpora,

176 2652 236 2680 qua:
259 2648 286 2673 et
306 2645 507 2678 generationem
530 2649 558 2672 et
581 2645 783 2678 corruptionem
806 2643 954 2678 appellant,

1008 2278 1085 2306 ὄντα·
1102 2280 1280 2316 κυριολεκτῶν
1295 2281 1324 2311 δὲ
1342 2281 1467 2316 μάλιστα,
1486 2282 1520 2309 τὰ
1534 2283 1587 2310 τῶν
1600 2286 1663 2321 παρ’
1679 2286 1793 2322 Ἕλλησι

1010 2324 1160 2359 φιλοσόφων
1183 2326 1267 2361 σεμνὰ
1286 2326 1397 2361 μετάγει
1414 2327 1459 2354 ἐπὶ
1477 2328 1527 2363 τὴν
1545 2329 1685 2357 εὐσέϐειαν
1700 2331 1793 2366 ἀσφα-

1009 2370 1070 2402 λῶς.
1086 2371 1170 2407 Φησὶν
1184 2369 1240 2402 οὖν,
1254 2372 1318 2399 ὄντα
1333 2373 1382 2407 μὲν
1395 2371 1464 2400 εῖναι
1480 2375 1526 2400 καὶ
1542 2375 1637 2402 αἰώνια
1653 2376 1702 2408 τὰς
1716 2377 1792 2404 ἀσω-

1011 2415 1162 2450 ματώδεις¹
1184 2416 1312 2453 δυνάμεις
1328 2419 1379 2445 ὑπὸ
1403 2419 1469 2445 Θεοῦ
1485 2419 1740 2456 δημιουργηθείσας,
1757 2424 1792 2450 οὐ

1012 2462 1063 2497 μὴν
1077 2462 1227 2494 συναῖδίους
1242 2463 1310 2498 Θεῷ,
1327 2464 1364 2496 ὡς
1379 2465 1506 2500 ’Έλληνες
1520 2466 1694 2502 ληρῳδοὺσιν,
1714 2469 1792 2504 Ἅμα

1009 2507 1085 2540 Θεὸς,
1102 2507 1158 2542 ἅμα
1173 2507 1271 2539 πάντα,
1288 2509 1421 2543 λέγοντες.
1437 2511 1496 2537 Εἰσὶ
1507 2511 1535 2538 δὲ
1549 2513 1595 2539 καὶ
1608 2513 1642 2539 τὰ
1659 2515 1791 2550 γινόμενα

1008 2552 1102 2585 ταῦτα,
1119 2554 1195 2588 φησὶ,
1210 2554 1244 2581 τὰ
1258 2555 1389 2590 πρόσγεια
1404 2556 1526 2591 σώματα,
1541 2558 1558 2584 ἃ
1568 2560 1614 2585 καὶ
1624 2560 1729 2594 γένεσιν
1740 2563 1790 2588 καὶ

1007 2599 1110 2634 φθορὰν
1125 2600 1311 2634 ὀνομάζουσιν,
1331 2601 1368 2633 ὡς
1390 2603 1439 2637 τῆς
1459 2603 1633 2640 ὑποστάθμης
1656 2606 1720 2633 ὄντα
1735 2607 1790 2642 τῆς

1007 2644 1082 2680 ὕλης,
1106 2646 1153 2672 καὶ
1169 2647 1309 2681 παχύτερα
1326 2648 1414 2675 πάντα
1436 2648 1469 2675 τὰ
1493 2649 1560 2685 μετὰ
1584 2651 1707 2687 σελήνην.
1726 2653 1790 2680 Εἰσὶ

229 2711 436 2755 B'Psal.ui.xavr,
449 2712 476 2741 6.
522 2713 537 2755 ξ
553 2713 649 2755 Mattlii‘.
679 2720 772 2755 sxvm,
784 2713 830 2755 Ξίξἰ
869 2714 877 2733 'I
893 2712 967 2755 Fila!

1021 2714 1062 2755 λι.
1110 2715 1212 2755 i__Joan.
1230 2725 1268 2748 VI.
1280 2717 1324 2755 ξε,
1365 2719 1374 2738 ι
1392 2718 1412 2746 ll
1427 2720 1489 2749 Cor.
1508 2729 1543 2755 Iv,
1562 2723 1588 2750 4.
1627 2728 1646 2740 ¹·
1663 2724 1786 2755 Malach.

174 2755 215 2781 in,
237 2748 264 2776 Δ.
304 2755 316 2767 υ
329 2749 405 2776 Deut.
428 2756 506 2782 unt,
522 2749 549 2777 5.
597 2753 609 2766 ’³
623 2747 799 2781 Psal.xum,
815 2749 842 2775 9.

893 2753 906 2772 ι)
918 2748 970 2776 Tit.
986 2757 1004 2781 I,
1021 2749 1046 2777 2.
1095 2756 1108 2774 (ι
1119 2750 1197 2779 Rcui.
1217 2760 1272 2784 XVI,
1288 2753 1334 2780 ‘25.

628 2818 744 2848 ῩᾹΙΠΑΞ
764 2819 953 2849 LECTIONES
971 2820 1015 2850 ET
1035 2822 1310 2853 CORRECTIONES.

225 2867 236 2882 '
246 2867 414 2902 ἀσωμάτους.
