1940 3064
191 189 240 219 591

192 300 224 322 ut
253 292 329 327 impii
348 291 501 326 Manichmi,
518 292 591 328 quod
607 293 719 320 materia
733 299 826 319 secum
843 289 980 319 dissidens

191 339 328 375 pepererit
342 339 400 366 haec
411 339 545 366 daemonia
562 348 569 366 :
581 338 629 366 sed
642 338 715 373 quod
728 338 871 365 humidum
881 341 981 364 natura

193 393 244 414 suo
258 386 333 413 sicco
347 386 488 417 infestum,
506 389 533 413 et
550 384 679 418 frigidum
696 384 786 411 calido
802 393 808 411 :
823 383 895 411 Deus
906 383 981 410 enim

192 433 274 460 etiam
289 432 425 467 ejusmodi
440 431 574 459 convertit
589 430 623 457 ad
639 430 789 457 amicitiam
805 434 832 457 et
846 430 982 457 constitu-

192 480 294 507 tionem
307 479 427 507 universi
444 488 450 506 :
469 485 534 514 ergo
550 485 599 514 per
616 477 790 510 intestinum,
803 477 924 512 intellige
938 476 981 503 in-

192 525 325 561 genitum.

228 571 328 598 Primw
343 571 440 606 itaque.
454 570 611 605 Praccipuas
622 569 738 598 virtutes
751 569 827 602 dicit,
843 577 899 597 non
914 569 981 598 sim-

192 617 301 652 pliciter
327 616 511 651 principatum
540 615 647 643 ordinis
672 615 903 651 seraphinorum,
932 615 981 644 sed

191 667 328 698 quatenus
349 662 377 689 in
396 661 589 698 coniungendo
605 669 652 689 seu
669 661 855 689 convertendo
880 661 980 690 divinis

192 709 424 737 illustrationibus
436 709 592 740 inferiores,
608 709 711 744 primas
721 712 812 735 tenet:
830 708 895 743 ipsa:
906 708 979 736 enim

193 756 308 791 primam
323 755 370 783 Dei
385 755 519 783 visionem
540 755 678 790 accipiunt
693 765 699 782 :
716 755 849 782 individua
863 762 938 787 vero,
953 754 980 782 id

191 806 235 830 est
248 809 304 829 non
320 802 459 837 aliquibus
475 802 504 828 in
519 804 607 836 parte,
623 800 671 829 scd
685 801 830 828 confertim
845 801 921 828 totis.

229 847 261 875 In
276 848 412 883 inﬁnitum
428 847 554 882 tit/fundi.
569 847 667 883 Arguit
678 847 759 874 modo
775 854 887 881 magnos
905 846 979 874 Grae-

191 903 286 923 corum
301 895 528 930 philosophorum
540 899 660 926 errores,
677 897 758 929 atque
779 893 813 920 ad
831 893 904 928 pium
920 893 978 920 cul-

191 945 249 969 tum
264 941 384 968 traducit
398 949 404 968 :
419 940 513 968 multis
526 940 598 967 enim
609 940 681 968 inter
695 940 757 968 illos
769 939 977 972 dissidentibus,

191 993 218 1016 et
231 987 275 1015 his
289 987 398 1022 quidem
414 987 571 1014 dicentibus
589 986 682 1014 omnia
703 994 735 1013 ex
750 986 944 1013 contrarietate
955 989 982 1013 et

191 1034 263 1062 bello
278 1042 326 1069 per
347 1034 552 1061 contentionem
573 1037 600 1060 et
616 1040 734 1068 pugnam
760 1032 902 1067 generari;
921 1032 982 1059 aliis

191 1088 268 1112 vero,
284 1084 392 1107 tantum
407 1087 440 1107 ea
461 1079 583 1106 amicitia
598 1082 626 1106 et
644 1078 792 1106 concordia
808 1082 908 1105 cuncta
922 1085 983 1113 pro-

191 1126 268 1159 duci,
284 1127 318 1154 de
335 1126 390 1154 Deo
405 1129 494 1153 autem
509 1133 564 1152 non
578 1132 629 1160 pro
642 1125 776 1160 dignitate
794 1127 982 1151 commentan-

191 1173 275 1205 tibus,
292 1172 337 1200 hic
352 1172 462 1200 illorum
482 1171 625 1198 nominum
648 1170 772 1198 ﬁctiones
787 1170 820 1197 ad
843 1169 983 1197 rectitudi-

191 1227 254 1246 nem
276 1218 460 1250 transferens,
477 1217 598 1245 instituit
617 1216 702 1245 Deum
720 1217 840 1244 universi
857 1216 983 1244 condito-

189 1273 250 1293 rem
265 1268 293 1293 et
310 1268 577 1300 coagmentaturem,
603 1264 765 1291 intestinum
783 1263 893 1298 quidem
920 1263 982 1290 uni-

190 1312 265 1340 versi
293 1311 394 1339 bellum
416 1311 572 1346 intelligens
591 1310 816 1345 incorporeorum
838 1314 865 1350 et
886 1309 982 1336 imma-

191 1359 328 1386 terialium
354 1362 384 1386 et
411 1357 624 1393 intelligibilium
658 1364 720 1384 cum
756 1356 917 1392 corporibus
955 1359 982 1384 et

191 1404 380 1432 materialibus
408 1408 489 1438 atque
517 1404 666 1431 sensilibus
691 1403 843 1431 naturalem
873 1403 981 1430 discor-

192 1450 265 1478 diam
286 1460 293 1478 :
309 1454 373 1478 sunt
390 1451 463 1478 enim
479 1450 537 1477 haec
559 1450 706 1477 dissimilia
724 1450 855 1477 essentiis
871 1456 904 1476 ac
927 1449 982 1477 dis-

192 1501 323 1524 sentanea
338 1507 344 1524 :
361 1495 432 1524 Caro
448 1497 518 1524 enim
531 1497 693 1532 concupiscit
709 1496 832 1523 adversus
846 1496 980 1530 spiritum,

190 1547 216 1570 at
236 1543 347 1578 spiritus
369 1543 494 1570 adversus
519 1551 625 1570 carnem
638 1546 672 1569 *ι
702 1550 757 1569 non
781 1542 870 1569 solum
891 1546 981 1569 autem

565 188 735 216 APPENDiX
747 187 794 216 AD
811 187 927 215 OPERA
944 185 973 214 S.
996 186 1146 214 DIONYSII
1162 185 1406 214 AREOPAGITIE.

227 246 268 273 Ad
279 245 433 274 concordem
447 245 505 273 unit
518 247 761 274 commorationem.
775 245 814 273 Nc
825 245 982 281 cogitessic.
992 247 1016 275 Δ

1769 187 1822 216 392

1069 245 1217 279 Ἐνούσης
1230 246 1274 278 είς
1287 244 1405 280 ἑνοειᾶἦ
1413 245 1580 272 συνοικίαν.
1590 245 1636 280 Μὴ
1646 245 1786 281 νοήσῃςιὶκ
1796 252 1826 278 οἱ

1031 291 1104 318 ἄθεοι
1117 292 1272 327 Μανιχαῖοι,
1287 291 1328 318 ὅτι
1345 291 1526 323 στασιάζουσα
1540 291 1609 327 πρὸς
1625 292 1724 327 ἑαυτὴν
1736 293 1753 327 ή
1772 291 1821 328 ὕλη

1031 338 1171 374 ἀπεκύησε
1185 338 1220 365 τὰ
1234 338 1358 373 δαιμόνια
1371 337 1472 365 ταῦτα·
1485 337 1542 364 ἀλλ’
1552 338 1592 364 ὅτι
1609 338 1735 373 φύσειτῷ
1865 357 1868 360 ι

1030 383 1062 411 τὸ
1089 385 1172 420 ὑγρὸν
1204 385 1342 421 πολέμιον,
1379 385 1427 411 καὶ
1456 384 1487 411 τὸ
1509 384 1612 420 ψυχρὸν
1639 384 1679 418 τῷ
1710 385 1820 420 θερμῷ·

1031 431 1098 463 Θεὸς
1107 431 1162 467 γὰρ
1177 431 1223 458 καὶ
1236 430 1271 458 τὰ
1287 430 1373 462 οὕτως
1388 431 1483 466 ἔχοντα
1500 431 1629 457 συνάπτει
1645 431 1714 467 πρὸς
1732 431 1822 466 φιλίαν

1031 478 1078 504 καὶ
1100 477 1229 504 σύστασιν
1244 477 1291 504 τοῦ
1308 477 1418 509 παντός.
1436 477 1473 504 Τὸ
1494 476 1624 512 ἐμφύλιον
1641 475 1688 504 οὖν
1703 477 1822 513 ἔμφυτον

1031 519 1137 559 νόησον.

1065 577 1101 602 ΑΙ
1113 576 1187 611 γοῦν
1200 576 1408 610 πρεσϐύτεραι,
1426 575 1619 612 Πρεσευτέρας
1633 573 1763 611 δυνάμεις
1771 576 1822 612 οὐχ

1031 620 1124 653 ἁπλῶς
1138 622 1188 658 τὴν
1197 621 1251 649 τῶν
1266 615 1387 658 σεραφὶμ
1399 620 1560 656 ταξιαρχίαν
1570 619 1662 656 φησὶν,
1673 620 1742 648 ἀλλὰ
1753 621 1822 657 πρὸς

1030 667 1061 695 τὸ
1078 668 1214 703 συνάγειν,
1229 668 1312 704 ἦγουν
1327 668 1481 699 συνάπτειν,
1497 668 1557 698 ταῖς
1571 667 1658 699 θείαις
1672 667 1821 703 ὲλλάμψεσι

1030 713 1080 745 τὰς
1095 712 1244 749 ὑφειμένας
1259 713 1290 740 τὸ
1306 713 1450 750 πρεσϐεῖον
1466 712 1594 749 ἔχουσανἰ
1611 713 1661 749 τὴν
1675 713 1730 749 γὰρ
1747 713 1822 749 πρώ-

1030 767 1080 794 την
1099 759 1180 786 αὐταὶ
1203 759 1325 794 δέχονται
1349 759 1526 793 ϐεοφάνειαν·
1543 759 1658 794 ἀμερῶς
1679 759 1718 791 δὲ,
1742 768 1820 786 τουτ-

1031 803 1104 832 έστιν
1120 805 1170 832 οὐκ
1184 805 1213 832 ὲν
1232 805 1310 840 μέρει
1326 805 1406 838 τισὶν,
1423 804 1481 832 ἀλλ’
1495 805 1600 842 ἁθρόως
1612 803 1668 837 τοῖς
1685 805 1756 837 ὅλοις
1766 827 1774 833 .

1065 851 1200 886 Χυθῆναι
1212 851 1288 885 πρὸς
1306 851 1338 878 τὸ
1353 851 1485 886 ἄπειρον.
1506 851 1633 885 Μεγάλας
1656 851 1760 883 πλάνας
1776 860 1820 886 φι-

995 916 1015 944 B
1030 898 1152 931 λοσόφων
1174 897 1308 935 Ἐλλήνων
1347 897 1478 933 διελέγχει
1492 897 1549 930 νῦν,
1567 894 1614 924 καί
1631 892 1699 934 πρὸς
1715 897 1765 932 τὴν
1778 897 1820 924 εὑ.

1035 945 1142 972 σέϐειαν
1156 944 1284 979 μετάγει’
1304 944 1408 971 πολλῶν
1422 944 1476 981 γὰρ
1493 945 1522 971 ὲν
1538 944 1653 976 ἐκείνοις
1663 944 1821 976 στασιαζόν-

1032 1000 1096 1024 των,
1114 992 1160 1018 καὶ
1175 990 1229 1017 τῶν
1242 991 1291 1027 μὲν
1306 991 1336 1023 ἐξ
1350 990 1534 1022 ἐναντιώσεως
1546 986 1723 1026 καὶπολέμου
1733 991 1820 1018 πάντα

1032 1038 1065 1065 δι’
1080 1037 1166 1073 έριδος
1181 1038 1228 1064 καὶ
1245 1037 1335 1073 μάχης
1349 1037 1482 1071 λεγόντων
1499 1036 1652 1071 γεννᾶσθαι·
1664 1036 1719 1063 τῶν
1731 1036 1771 1068 δὲ,
1788 1037 1821 1063 ὲκ

1033 1083 1122 1118 φιλίας
1132 1083 1179 1109 καὶ
1188 1091 1219 1109 συ
1224 1082 1344 1118 μφωνίας
1354 1081 1432 1116 μόνον
1440 1081 1472 1116 δη
1477 1090 1537 1117 μιου
1541 1080 1632 1118 ργετσθ
1636 1090 1663 1108 αι
1675 1081 1710 1108 τὰ
1716 1081 1820 1115 πάντα,

1032 1129 1100 1155 Θεοῦ
1116 1129 1144 1155 δὲ
1162 1129 1199 1164 μὴ
1215 1129 1275 1155 κατ’
1291 1127 1368 1160 ἀξίαν
1389 1127 1424 1163 δὴ
1442 1127 1647 1164 φροντιζόντων,
1667 1125 1754 1159 οὗτος,
1770 1128 1821 1160 τὰς

1033 1176 1144 1202 ἐκείνων
1171 1174 1380 1210 ὀνοματοποιίαις
1402 1174 1443 1206 είς
1472 1174 1604 1210 ὀρθότητα
1639 1174 1819 1210 μεταφέρων,

1032 1221 1098 1248 Θεὸν
1114 1221 1238 1257 ἐφίστησι
1253 1220 1300 1248 τοῦ
1317 1220 1418 1252 παντὸς
1434 1220 1481 1247 καὶ
1502 1221 1617 1256 ποιητὴν
1635 1221 1681 1247 καὶ
1698 1229 1821 1255 συναγω-

1033 1269 1099 1302 γέα,
1124 1267 1254 1303 ἐμφύλιον
1280 1267 1329 1302 μὲν
1351 1267 1466 1302 πόλεμον
1488 1265 1536 1293 τοῦ
1555 1262 1654 1298 παντὸς
1669 1266 1744 1294 ινοῶν
1765 1266 1821 1294 τῶν

1032 1312 1185 1348 ἀσωμάτων
1202 1312 1249 1338 καὶ
1265 1310 1353 1338 ἀΰλων
1371 1312 1418 1339 καὶ
1434 1312 1536 1347 νοητῶν
1551 1307 1618 1348 πρὸς
1631 1311 1681 1347 τὴν
1696 1312 1750 1338 τῶν
1768 1321 1821 1339 σω-

1034 1359 1127 1394 μάτων
1145 1359 1192 1384 καὶ
1210 1357 1308 1384 ὐλικῶν
1324 1357 1371 1384 καὶ
1397 1357 1532 1393 αἰσθητῶν
1549 1358 1666 1393 φυσικὴν
1687 1358 1820 1394 ἀσυμφω-

1033 1404 1105 1432 νίαν·
1122 1404 1235 1439 ἀνόμοια
1252 1403 1305 1439 γὰρ
1325 1403 1411 1430 ταῦτα
1427 1405 1486 1435 ταῖς
1503 1403 1604 1435 οὐσίαις
1625 1403 1673 1430 καὶ
1689 1403 1821 1439 ἀσύμφω-

1033 1460 1066 1478 να
1075 1460 1082 1466 ·
1097 1450 1191 1486 Ἠγὰρ
1205 1450 1282 1485 σὰρξ
1295 1449 1430 1484 ἐπιθυμεῖ
1441 1450 1514 1476 κατὰ
1524 1449 1576 1476 τοῦ
1585 1450 1762 1485 πνεύματος,
1771 1450 1820 1477 καὶ

1032 1500 1065 1525 τὸ
1082 1499 1200 1532 πνεῦμα
1217 1499 1291 1525 κατὰ
1306 1497 1361 1531 τῆς
1377 1497 1500 1531 σαρκός.
1520 1496 1556 1523 oo
1580 1497 1659 1532 μόνον
1681 1497 1709 1523 δὲ
1725 1497 1819 1530 τοῦτο,

1033 1544 1100 1571 ἀλλὰ
1125 1544 1172 1571 καὶ
1196 1544 1230 1570 τὰ
1248 1543 1365 1578 αἰσθητὰ
1383 1543 1480 1575 πάντα,
1496 1543 1555 1579 ἦτοι
1571 1542 1695 1578 σώματα,
1718 1542 1822 1579 ἄπειρα

191 1590 253 1622 hoc,
265 1590 312 1617 sed
326 1593 353 1617 et
374 1590 486 1618 sensilia
503 1589 606 1621 omnia,
618 1589 676 1616 sive
691 1596 805 1624 corpora
817 1587 979 1623 quibusdam

1034 1589 1164 1624 λεγόντων
1180 1590 1258 1616 ἐνίων
1275 1587 1323 1616 καὶ
1339 1589 1378 1620 εἰς
1394 1588 1520 1624 ἀπειρίαν
1534 1587 1691 1624 φθείρεσθαι
1701 1609 1709 1621 ,
1719 1589 1774 1624 ,καὶ
1790 1587 1821 1614 τὸ

191 1636 347 1664 dicentibus
362 1636 444 1664 etiam
461 1636 567 1663 inﬁnita
583 1635 611 1663 in
627 1635 763 1662 inﬁnitum
781 1634 937 1668 corrumpi,
953 1637 980 1661 et

191 1683 313 1710 omnium
329 1683 495 1714 mistioucm,
511 1682 584 1717 quod
596 1681 663 1709 dicit
678 1681 850 1713 inﬁnitatem,
866 1688 981 1708 conver-

192 1737 250 1757 sam
276 1730 303 1757 in
318 1730 468 1757 discrimen
483 1737 514 1756 ac
535 1720 737 1764 separationem
758 1732 785 1754 et
799 1731 903 1762 partes,
923 1727 981 1755 dis-

191 1775 266 1802 cerni
279 1780 306 1803 et
329 1777 451 1810 separari
472 1775 500 1802 in
518 1774 753 1810 generationibus.
777 1778 859 1809 alque
880 1781 913 1800 ex
929 1773 981 1801 hoc

191 1821 307 1849 dissidio
329 1821 417 1857 magis
441 1824 618 1856 augescente,
644 1825 671 1848 et
687 1828 742 1847 non
757 1824 862 1847 tantum
877 1827 979 1854 expur—

191 1871 273 1902 gante
294 1867 375 1894 mista
398 1875 413 1894 a
432 1875 487 1894 non
513 1867 732 1895 coalescentibus
753 1869 780 1893 et
804 1866 911 1898 alienis,
933 1866 980 1893 sed

191 1912 274 1940 etiam
292 1912 320 1939 in
346 1913 496 1940 sectionem
518 1916 546 1940 et
567 1911 729 1940 fractionem
744 1912 800 1947 jam
821 1912 980 1940 coalescen-

191 1959 261 1986 tium
282 1959 364 1995 216
380 1959 446 1990 lata,
463 1962 545 1994 atque
561 1959 590 1986 in
608 1958 857 1987 dissimilitudinem
871 1966 980 1986 omnem

192 2007 220 2033 et
233 2005 422 2037 diﬂ‘ereutiam,
440 2013 500 2040 quae
510 2008 638 2032 concreta
653 2009 718 2032 sunt
731 2005 858 2038 ducente,
873 2005 941 2032 solvi
954 2010 981 2033 et

192 2051 330 2086 corrumpi
346 2051 453 2083 omnia,
467 2050 588 2086 exceptis
601 2050 775 2085 simplicibus
796 2058 845 2078 seu
861 2051 982 2078 elemen-

193 2096 239 2128 tis.
262 2102 290 2125 et
308 2097 360 2124 hoc
383 2097 483 2124 bellum
499 2097 665 2129 dicentibus,
678 2097 752 2132 quod
768 2105 824 2124 non
841 2097 908 2124 sinit
923 2101 980 2124 tota

194 2144 276 2170 uniri.
291 2142 405 2178 Magnus
420 2143 577 2179 Dionysius.
589 2147 719 2179 tanquam
734 2144 859 2171 veritatis
875 2151 979 2174 amans,

193 2189 256 2220 tale,
272 2188 343 2216 sicut
356 2189 424 2220 dixi,
434 2189 558 2216 naturale
574 2188 754 2224 bellum,(hoc
769 2189 842 2216 enim
856 2189 982 2216 naturale

191 2238 282 2265 vocat.
298 2235 439 2270 ἐμφύλιον,
455 2235 526 2262 sicut
550 2235 631 2263 etiam
649 2230 797 2271 σύμφυλον,
815 2236 887 2271 quod
904 2236 975 2272 ejus-

192 2281 253 2307 dem
275 2285 317 2308 est
336 2281 580 2318 generis,)solvere
601 2282 638 2308 ait
659 2281 754 2315 Deum,
775 2289 825 2317 pro
845 2283 978 2310 intestino

193 2326 275 2357 belio,
294 2334 388 2361 pacem
409 2334 441 2354 ac
461 2335 621 2363 compagem
642 2331 723 2362 atque
743 2328 979 2363 conspirationem

193 2373 322 2400 universo
334 2372 493 2405 donantem,
518 2378 545 2402 et
560 2375 588 2401 in
606 2374 699 2409 seipso
718 2375 810 2401 omnia
831 2375 977 2403 continen-

195 2423 248 2445 tem
262 2419 289 2445 et
304 2419 537 2452 reconciliantem,
554 2423 584 2446 ut
606 2420 726 2455 loquitur
743 2420 894 2456 Apostolus
906 2428 936 2455 ις
953 2427 980 2449 et

195 2464 382 2492 recouciliabit
399 2465 520 2493 cmlestia
534 2466 660 2498 terrenis,
677 2474 725 2501 per
739 2474 799 2502 qum
814 2467 977 2496 commissas

195 2511 311 2546 singulis
327 2511 451 2542 virtutes.
474 2515 501 2539 et
517 2513 604 2540 instar
622 2513 812 2540 ministrorum
836 2514 977 2542 institutas

195 2557 365 2588 subditorum
393 2566 485 2585 amore
506 2559 588 2585 unit:
613 2559 705 2586 omnia
719 2567 784 2587 vero
798 2560 832 2586 ad
854 2561 975 2596 seipsum

193 2605 338 2636 cuurertit.
353 2605 459 2631 clavum
472 2609 567 2632 tenens
579 2609 606 2632 et
621 2607 710 2634 omnia
728 2606 884 2635 continens.

248 2683 262 2703 ν
276 2681 364 2710 Galat.
382 2690 409 2715 ν,
424 2681 473 2710 Ην
493 2681 520 2703 ιι
532 2681 638 2710 Goloss.
652 2689 672 2716 t,
690 2681 736 2710 20.

1033 1636 1122 1672 μίγμα
1128 1635 1182 1662 τῶν
1189 1635 1326 1667 ἁπάντων,
1334 1635 1402 1670 ὅπερ
1415 1636 1496 1670 φησιν
1505 1635 1642 1670 ἀπειρίαν,
1653 1634 1821 1670 τρεπόμενον

1031 1683 1071 1714 εἰς
1079 1683 1210 1718 διαφορὰν
1220 1702 1226 1714 ,
1241 1680 1288 1710 καὶ
1301 1681 1449 1717 χωρισμὸν,
1467 1677 1514 1709 καὶ
1536 1682 1618 1717 μέρη,
1633 1680 1821 1717 διακρίνεσθαι

1032 1730 1079 1757 καὶ
1088 1729 1250 1765 χωρίζεσθαι
1257 1730 1297 1760 είς
1304 1729 1434 1764 γενέσεις,
1442 1728 1487 1755 καὶ
1493 1729 1525 1754 ἐκ
1535 1727 1629 1754 τούτου
1638 1726 1736 1762 μᾶλλον
1742 1725 1822 1758 αὐξα-

1031 1776 1145 1812 νομένης
1159 1776 1208 1811 τῆς
1218 1775 1392 1808 διαστάσεως,
1405 1774 1452 1801 καὶ
1469 1773 1506 1810 μὴ
1525 1773 1601 1809 μόνον
1616 1772 1650 1799 τὰ
1666 1772 1821 1808 μεμιγμένα

1031 1822 1084 1849 τῶν
1101 1822 1250 1858 ἀσυμφυῶν
1266 1822 1313 1848 καὶ
1328 1821 1475 1857 ἀλλοτρίων
1491 1818 1738 1854 ἀποκαθαιρούσης,
1751 1818 1819 1845 ἀλλὰ

1031 1869 1078 1895 καὶ
1095 1869 1133 1900 εἰς
1146 1868 1232 1904 τομὴν
1241 1868 1286 1894 καὶ
1294 1867 1407 1904 θραῦσιν
1418 1866 1467 1903 ἤδη
1476 1866 1531 1893 τῶν
1549 1865 1679 1901 συμφυῶν
1701 1864 1820 1900 φερομέ-

1032 1924 1089 1951 νης,
1115 1915 1162 1942 καὶ
1186 1916 1226 1946 εἰς
1253 1914 1432 1950 ἀνομοιότητα
1456 1913 1545 1939 πᾶσαν
1563 1912 1609 1938 καὶ
1632 1910 1765 1946 διαφορὰν
1784 1910 1820 1937 τὰ

1032 1962 1206 1999 συγκρίματα
1222 1961 1351 1996 ἀγούσης,
1362 1959 1472 1987 λύεσθαι
1488 1958 1534 1985 καὶ
1550 1956 1707 1993 φθείρεσθαι
1719 1956 1818 1987 πάντα,

1031 2009 1101 2044 πλὴν
1121 2008 1175 2034 τῶν
1191 2007 1294 2039 ἁπλῶν,
1311 2007 1371 2043 ἦτοι
1385 2005 1534 2042 στοιχείων,
1551 2002 1597 2031 καὶ
1611 2004 1690 2031 τοῦτο
1702 2003 1819 2038 πόλεμον

1031 2054 1173 2089 λεγόντων,
1190 2049 1221 2080 τὸ
1238 2053 1275 2088 μὴ
1292 2052 1344 2079 ὲῶν
1361 2052 1480 2088 ἡνῶσθαι
1493 2050 1527 2078 τὰ
1539 2051 1600 2077 ὂλα·
1618 2051 1632 2077 ό
1654 2049 1740 2085 μέγας
1756 2050 1818 2075 Διο-

1031 2102 1131 2133 νύσιος,
1142 2101 1191 2128 ἅτε
1200 2100 1251 2135 τῆς
1263 2099 1391 2135 ἀληθείας
1404 2099 1478 2133 φίλος
1487 2098 1497 2113 ⁸
1507 2097 1658 2133 τυγχάνων,
1670 2096 1716 2123 τδν
1731 2094 1820 2122 τοιοῦ-

1030 2155 1086 2178 τον,
1098 2146 1135 2178 ὡς
1151 2145 1229 2182 ἔφην,
1245 2142 1358 2180 φυσικὸν
1375 2143 1491 2179 πόλεμον
1514 2142 1617 2177 (τοῦτον
1633 2141 1687 2176 γὰρ
1704 2139 1819 2174 φυσικὸν

1032 2192 1118 2225 καλεῖ,
1135 2192 1181 2219 τὸν
1198 2191 1338 2227 ἐμφύλιον,
1356 2190 1393 2222 ὡς
1407 2190 1454 2216 καὶ
1470 2188 1608 2224 σύμφυλον
1620 2187 1667 2214 τὸν
1684 2185 1818 2221 ὀμοφυᾶ),

997 2259 1017 2287 D
1031 2239 1104 2266 λύειν
1121 2239 1187 2274 φησὶ
1201 2238 1247 2264 τὸν
1259 2237 1334 2269 Θεὸν,
1351 2237 1410 2264 ἀντὶ
1425 2235 1471 2262 τοῦ
1488 2234 1618 2270 ἐμφυλίου
1635 2232 1763 2287 πολέμρυ,
1780 2232 1820 2283 εί-

1031 2286 1116 2322 ρήνην
1133 2285 1178 2312 καὶ
1194 2284 1326 2322 ἁρμονίαν
1340 2283 1387 2310 καὶ
1399 2282 1548 2318 σύμπνοιαν
1562 2280 1601 2315 τῷ
1621 2279 1701 2306 παντὶ
1716 2276 1819 2314 δωρού-
1843 2295 1848 2300 .

1033 2341 1124 2368 μενον,
1140 2332 1187 2358 καὶ
1197 2333 1226 2358 ὲν
1240 2330 1329 2366 ἑαυτῷ
1345 2329 1490 2364 συνέχοντα
1505 2328 1593 2355 πάντα
1609 2326 1656 2352 καὶ
1665 2322 1820 2352 ἀποκαταλ-

1031 2379 1171 2410 λάττοντα,
1190 2376 1227 2411 ὥς
1245 2387 1328 2414 φησιν
1349 2379 1363 2404 ὁ
1393 2375 1567 2405 ’Λπόστολος,
1594 2373 1640 2400 καὶ
1662 2371 1820 2399 ἀποκαταλ-

1031 2425 1105 2459 λάξει
1121 2425 1155 2452 τὰ
1172 2423 1320 2461 ἐπουράνια
1335 2424 1392 2454 τοῖς
1413 2422 1554 2456 ἐπιγείοις,
1571 2419 1603 2446 δι’
1621 2416 1668 2450 ὧν,
1693 2417 1743 2448 τὰς
1767 2415 1818 2451 μὲν

1032 2471 1246 2507 ἐπιτεταγμένας
1258 2472 1314 2503 τοῖς
1330 2469 1390 2497 καθ’
1400 2469 1514 2495 ἕκαστον
1527 2467 1656 2502 δυνάμεις
1669 2464 1716 2491 καὶ
1729 2463 1819 2489 διακο-

1033 2519 1115 2551 νικῶς
1124 2517 1277 2549 διοιχούσας
1290 2517 1322 2554 τῇ
1341 2516 1434 2551 ἀγάπῃ
1446 2513 1500 2541 τῶν
1511 2510 1736 2546 ὑποτεταγμένων
1746 2508 1815 2535 ἑνοῖ·

1031 2563 1067 2590 τὰ
1081 2562 1110 2590 δὲ
1126 2564 1214 2590 πάντα
1238 2562 1305 2597 πρδς
1326 2561 1421 2588 ἑαυτὸν
1444 2559 1611 2596 ἐπιστρέφει,
1632 2554 1818 2592 πηδαλιουχῶν

1033 2611 1079 2637 καὶ
1096 2609 1214 2644 συνέχων
1229 2608 1264 2635 τὰ
1279 2609 1378 2641 πάντα,

655 2746 771 2775 νΑΚΙᾹΞ
788 2746 977 2777 LECTIONES
995 2750 1039 2777 ET
1058 2748 1338 2780 CORRECTIONES.

214 2815 256 2842 ας,
274 2815 326 2838 etc.
348 2809 411 2836 Haec
426 2808 494 2836 enim
507 2808 587 2835 etiam
620 2810 673 2836 ocis
687 2808 780 2835 divina:
790 2809 958 2844 participatio
973 2810 1007 2836 ad
1024 2811 1193 2838 concordiam
1204 2811 1311 2845 redigit.
1327 2816 1351 2837 et
1366 2808 1446 2837 simul
1461 2809 1608 2844 coniungit.
1628 2805 1672 2834 Vel
1691 2814 1737 2840 per
1752 2806 1809 2834 bel-

196 2821 250 2874 fum
261 2846 301 2872 hic
314 2845 430 2874 intelliqc
444 2843 521 2874 illud.
534 2816 691 2874 quodprebus
704 2844 862 2874 incorporei:
877 2844 912 2872 ad
925 2846 1078 2873 materiatio
1093 2847 1252 2873 naturaliter
1263 2846 1340 2873 inest.
1353 2855 1362 2871 ι
1381 2841 1451 2872 Caro
1466 2846 1535 2872 enim
1547 2865 1554 2874 ,
1569 2843 1664 2874 inquit.
1680 2844 1808 2874 concupi-

208 2841 254 2873 um
261 2846 301 2872 hic
314 2845 430 2879 intellige
444 2843 521 2874 illud.
534 2841 606 2879 quod
615 2845 691 2871 rebus
704 2844 862 2879 incorporei:
877 2841 912 2872 ἁιί
925 2846 1078 2873 materiatio
1093 2847 1252 2873 naturaliter
1263 2841 1340 2873 inest.
1353 2855 1362 2871 ι
1381 2841 1451 2872 Caro
1466 2841 1535 2872 enim
1547 2841 1664 2879 (inquit.
1677 2844 1808 2879 concurri:

195 2882 244 2909 scil
259 2882 382 2907 adversus
393 2877 512 2916 spiritum
525 2877 578 2916 {et
596 2880 705 2916 mirans
718 2878 845 2916 adversus
861 2888 965 2909 carnem
980 2889 988 2908 :
1007 2892 1015 2907 ι
1037 2881 1247 2916 quandoquidem
1265 2887 1288 2907 cl
1307 2880 1458 2916 hujusmodi
1479 2880 1575 2907 bellum
1597 2877 1649 2914 inut
1664 2877 1754 2904 divina
1773 2878 1809 2904 ad

196 2917 315 2943 unionem
325 2923 463 2950 pacemque
474 2914 592 2941 adducit.
642 2915 652 2930 '
665 2914 816 2949 φιλόσοφος.
