1940 3064
96 163 145 192 595

431 163 458 191 S.
481 163 607 191 MAXIM!
628 160 777 191 SCHOLIA
792 163 826 191 ΙΝ
844 158 910 191 LIB.
928 160 972 190 DE
992 160 1120 192 DiVlNlS
1144 162 1345 192 NOMINIBUS.

1678 163 1732 194 ποι

131 223 185 250 Ἢν
200 221 217 248 ὁ
262 222 340 256 ἱερὸς
370 222 504 255 Ἰοῦστος
524 222 688 257 ἀφθεγξίαν
708 222 803 250 καλεῖ.
822 221 881 258 [Ση-

974 221 1061 255 Quam
1081 228 1189 250 sanctus
1206 222 1301 250 Justus
1323 227 1398 250 vocat
1418 223 1609 250 insonantiam.
1628 221 1734 260 [Nota]

97 267 221 304 μείωσαι]
239 269 302 304 περὶ
325 268 455 301 Ἰούστου,
474 269 521 296 καὶ
535 269 578 295 ὅτι
593 268 643 304 τὴν
658 269 705 295 τοῦ
722 269 795 295 θείου
811 269 887 305 είρή-

94 323 140 350 νην
159 315 308 350 ἀφθεγξίαν
331 315 378 342 καὶ
401 315 549 354 ἀκινησίαν
573 314 711 351 ὀνομάζει.
732 315 834 342 Τούτου
858 315 887 342 δὲ

93 361 138 388 τοῦ
154 361 232 395 ἁγίου
248 361 367 388 Ἰούστου
388 362 538 397 μέμνηνται
554 362 582 389 αἱ
599 361 716 398 Πράξεις
731 362 786 388 τῶν
800 362 886 396 ἁγίων

92 407 257 439 ἀποστόλων,
282 408 435 443 φάσκουσαι
452 407 533 435 αὐτὸν
551 407 598 435 καὶ
619 408 716 443 Ίωσῆν
733 407 884 435 καλεῖσθαι.

92 453 198 480 Μᾶλλον
218 451 264 480 οὖν
287 454 334 480 καὶ
360 454 515 490 συνέγραψέ
540 462 577 485 τι,
595 453 611 490 ἢ
629 453 676 480 καὶ
699 453 833 489 ἀγράφοις
848 453 888 480 δι-

91 499 248 532 δασκαλίαις
265 501 410 536 ἐχρήσατο.
427 501 482 527 Καὶ
498 500 577 527 τοῦτο
588 498 635 526 οὖν
647 499 827 535 παρατίθεται
839 499 886 526 τοῦ

92 546 169 581 ἁγίου
194 546 333 573 Διονυσίου
350 547 399 583 τὴν
416 547 596 583 ἀρχαιότητα,
619 547 666 573 καὶ
682 546 723 572 ὃτι
739 547 795 577 τοῖς
820 546 888 572 ἀπο-

93 593 197 625 στόλοις
213 594 305 625 αὐτοῖς
322 594 368 620 καὶ
382 593 571 625 ἀποστολικοϊς
587 592 700 628 ἀνδράσι
714 593 886 628 συνήκμασε.

91 639 246 674 Σημείωσαι
262 639 290 666 δὲ
310 639 351 666 ὅτι
368 639 414 666 καὶ
431 639 455 665 οἱ
476 638 544 665 θεῖοι
561 639 658 665 ὲκεϊνοι
672 637 767 673 ἄνδρες
781 637 887 672 φιλοσό-

92 694 150 720 φοις
164 684 269 718 λέξεσιν
286 686 417 722 ἐχρῶντο,
439 685 588 720 ἀφοεγξίαν
610 685 657 711 καὶ
673 684 818 719 ἀκινησίαν
838 683 888 720 τὴν

90 731 135 758 τοῦ
152 731 220 758 Θεοῦ
237 733 350 768 εἰρήνην
367 731 557 767 ὀνομάζοντες.

131 778 301 805 Ἀπολείπει
310 779 366 812 τὴν
375 778 486 812 ἑαυτῆς
501 778 622 806 ἕνωσιν.
643 778 760 805 Ἕνωσιν
771 777 888 805 ἐνταῦθα

90 823 120 850 τδ
135 823 239 850 ἁπλοῦν
256 825 304 851 καὶ
320 825 431 857 ὲνιαῖον,
452 824 536 860 ἤγουν
552 824 717 860 ἀδιαίρετον,
736 823 826 860 φησίν.

127 868 238 896 Ἔνδον
252 869 309 903 ὅλη
318 869 466 904 μένουσα.
482 869 614 896 Τουτέστι
628 870 678 906 τὴν
689 869 785 896 ἑαυτοῦ
798 870 808 885 ⁸
819 878 886 906 κρυ-

90 915 203 952 φιότητα
220 915 388 952 παρεξιοῦσα
404 916 452 943 καὶ
468 916 662 943 ἀπολείπουσα.

127 963 182 995 Τὰς
191 962 300 997 νοητὰς
317 962 412 997 αὐτῆς
430 963 479 990 καὶ
496 959 602 997 ῥητὰς.
614 963 723 999 Νοητὰς
740 963 786 990 καὶ
803 963 887 998 ῥητὰς

91 1009 237 1043 μετουσίας
255 1010 338 1044 φησὶν
362 1010 414 1036 ὃσα
429 1008 473 1036 διὰ
489 1008 546 1035 τῶν
568 1009 721 1045 εἰρημένων
740 1011 773 1045 τῇ
790 1010 885 1046 Γραφῇ

90 1055 199 1089 ἐφεῖται
213 1056 284 1082 νοεῖν
300 1055 384 1091 ἡμᾶς.

126 1152 140 1188 §
158 1152 188 1180 Il.
206 1154 289 1181 Κιιτὰ
310 1153 367 1188 τὴν·
379 1155 554 1190 ἀσύγχυτον
571 1153 671 1182 αὐτῶν
685 1155 806 1182 ἕνωσιν.
824 1156 884 1182 Ὅτι

89 1201 135 1226 καὶ
150 1200 183 1226 τὰ
200 1200 241 1232 είς
258 1199 384 1227 σύνθεσιν
403 1199 475 1228 ἰόντα
488 1201 586 1228 ἕνωσιν
612 1200 699 1233 καλεῖ,
720 1199 800 1238 κᾶνῇ
821 1202 884 1228 ἀνό-

89 1249 167 1282 μοια·
186 1246 234 1274 καὶ
247 1247 325 1274 ποτόν
343 1255 425 1284 φησιν
439 1246 469 1274 ὃν
485 1247 592 1284 προέφη
609 1247 739 1283 ἐμφύλιον
754 1247 881 1284 πόλεμον.

124 1336 222 1371 ’Ὅμως
243 1335 405 1370 ἀκραιφνῆ.
426 1336 459 1362 Et
481 1335 576 1362 καὶτὰ
594 1336 723 1371 στοιχεῖα,
736 1334 814 1371 φησὶ,
832 1335 881 1370 τὴν

87 1381 155 1418 πρὸς
177 1381 279 1418 ἄλληλα
304 1382 351 1409 καὶ
377 1381 450 1418 μίξιν
478 1381 525 1408 καὶ
549 1381 708 1417 συμπλοκὴν
729 1381 881 1417 ἀδιαίρετον

87 1428 204 1464 ἔχουσιν,
229 1428 286 1455 ἀλλ’
303 1429 378 1464 ὅμως
399 1429 426 1455 αἱ
449 1428 553 1455 τούτων
571 1428 714 1464 ποιότητες
730 1428 781 1464 τὴν
798 1427 881 1464 ἀκρό-

87 1485 155 1512 τητα
168 1474 257 1502 αὐτῶν
279 1475 310 1502 οὺ
333 1474 581 1513 παραπολλύουσιν,
597 1472 652 1501 οἷον
674 1475 705 1501 τὺ
724 1474 835 1510 θερμὸν,
850 1474 880 1501 τὸ

89 1521 179 1558 ξηρὸν,
197 1521 244 1548 καὶ
263 1520 296 1548 τὰ
319 1520 400 1547 λοιπὰ
417 1522 446 1547 ὲν
462 1521 494 1556 τῇ
512 1520 567 1547 τῶν
588 1520 745 1557 ἑτεροειδῶν
763 1520 877 1556 κράσει,

87 1567 136 1604 τὴν
152 1569 181 1595 ὲν
196 1567 234 1604 τῷ
252 1568 333 1594 παντὶ
347 1567 546 1603 θεωρουμένην.
808 1574 809 1577 η

938 268 972 296 de
989 268 1078 301 Justo,
1092 274 1118 296 et
1133 269 1207 304 quod
1221 269 1344 297 numinis
1356 277 1462 305 pacem,
1479 269 1618 297 silentium
1632 276 1658 296 et
1674 278 1734 296 mo-

937 318 983 343 tus
997 316 1162 343 vacuitatem
1186 316 1312 351 appellet.
1329 315 1417 351 llujus
1435 320 1525 343 autem
1549 316 1638 343 sancti
1659 314 1733 344 Justi

939 362 1122 388 meminerunt
1131 361 1372 395 Actalsanctorum
1388 362 1587 397 apostolorum,
1605 369 1733 389 asseren-

938 407 976 433 tia
1006 406 1093 441 ipsum
1127 407 1208 434 etiam
1219 406 1302 434 Joscn
1314 408 1416 434 vocari.
1428 407 1523 435 Potius
1534 408 1616 443 igitur
1627 407 1733 443 aliquid

939 455 1022 482 etiam
1038 454 1220 490 conscripsit,
1238 459 1285 482 aut
1303 455 1384 482 etiam
1411 462 1466 482 non
1483 456 1595 490 scriptis
1618 455 1732 483 institu-

939 501 1061 528 tionibus
1078 509 1147 528 usus
1163 500 1227 527 fuit.
1242 500 1299 527 Hoc
1312 500 1395 536 igitur
1410 501 1601 536 antiquitatem
1622 509 1733 537 quoque

939 547 1027 575 sancti
1043 546 1165 582 Dionysii
1179 546 1334 578 conﬁrmat,
1352 550 1379 574 ct
1392 547 1466 581 quod
1487 547 1570 574 simul
1583 556 1644 575 cum
1662 555 1731 583 apo-

940 594 1019 622 stolis
1034 594 1103 629 ipsis
1119 597 1146 621 ct
1164 594 1230 621 viris
1246 594 1407 628 apostolicis
1422 593 1545 621 ﬂoruerit
1564 604 1571 622 :
1589 599 1653 622 nota
1668 603 1734 623 vero

940 640 1050 668 divinos
1078 641 1141 669 illos
1168 642 1244 669 viros
1272 641 1500 675 philosophorum
1527 641 1620 669 verbis
1648 642 1734 670 ctiam

939 694 1015 718 usos,
1049 686 1200 721 ἀφθεγξίαν
1222 687 1269 714 καὶ
1291 687 1436 722 ἀκινησίαν
1458 686 1506 714 Dei
1529 694 1622 722 pacem
1643 689 1734 715 nomi-

938 737 1046 761 nantes.

973 779 1084 806 Deserat
1106 787 1183 806 suam
1197 780 1333 812 unionem,
1347 779 1393 808 Gr.
1407 779 1514 807 ἕνωσιν.
1541 781 1658 807 ’Ἕνωσιν
1682 781 1734 809 hoc

938 825 1009 858 loco,
1026 825 1152 861 simplex,
1169 829 1196 853 et
1211 834 1297 853 unum
1315 834 1364 853 seu
1381 826 1552 854 individuum
1573 827 1652 854 dicit.

975 872 1052 900 Intus
1063 878 1119 900 tota
1127 881 1246 900 manens.
1262 873 1291 900 id
1306 877 1348 900 est
1361 881 1439 901 suam
1453 874 1652 902 obscuritatem
1664 882 1734 909 pree-

903 915 923 941 Β
938 920 1042 947 teriens
1059 924 1140 954 atque
1153 919 1294 947 deserens.

975 965 1042 998 Qua:
1057 965 1255 1001 intelliguntur,
1271 974 1302 992 ac
1315 966 1487 993 nominantur
1497 967 1566 1001 ejus.
1579 967 1732 1004 Participm

937 1012 1027 1040 tiones
1040 1020 1100 1047 qua:
1114 1012 1229 1048 intelligi
1249 1012 1359 1047 dicique
1374 1017 1501 1048 possunt,
1518 1013 1585 1041 dicit
1601 1023 1732 1047 qumcun‘

937 1066 991 1094 que
1006 1059 1087 1087 nobis
1102 1066 1151 1094 per
1167 1066 1199 1087 ea
1217 1067 1277 1094 quae
1293 1059 1320 1086 in
1338 1058 1481 1094 Scriptura
1497 1060 1629 1088 dicuntur
1650 1062 1731 1089 intel-

937 1105 1020 1140 ligcrc
1036 1106 1169 1140 permissa
1186 1109 1260 1133 sunt.

971 1151 985 1186 ᾗ
1002 1150 1034 1178 ll.
1054 1151 1164 1177 Minime
1177 1151 1290 1185 confusa
1308 1151 1426 1186 ipsorum
1441 1152 1634 1187 conjunctione.
1651 1152 1731 1186 Quod

934 1198 1016 1226 etiam
1031 1205 1063 1224 ea
1077 1205 1138 1232 quae
1151 1198 1179 1224 in
1194 1198 1421 1232 compositionem
1435 1198 1559 1230 veniunt,
1574 1198 1671 1225 ἕνωσιν
1683 1207 1732 1226 vo-

934 1248 997 1272 cat:
1013 1244 1065 1271 etsi
1080 1247 1145 1271 sunt
1161 1243 1307 1271 dissimilia
1324 1254 1330 1271 :
1349 1251 1380 1271 ac
1398 1244 1479 1279 quale
1494 1244 1562 1272 dicit
1579 1245 1652 1280 quod
1665 1249 1730 1274 ante

934 1290 1004 1318 dixit.
1019 1290 1180 1318 intestinum
1197 1290 1309 1317 bellum.

971 1336 1070 1363 Tamen
1084 1343 1163 1371 pura.
1180 1335 1238 1364 Etsi
1253 1337 1399 1370 elcmeuta,
1415 1337 1514 1372 inquit,
1531 1338 1687 1366 mistionem
1702 1343 1730 1367 et

932 1383 1104 1418 complexum
1121 1383 1192 1410 inter
1207 1390 1236 1410 se
1257 1383 1370 1410 minime
1391 1383 1559 1411 divisibiiem
1583 1385 1702 1413 habeant
1721 1396 1727 1413 :

931 1432 1025 1456 tamen
1050 1429 1148 1456 horum
1168 1429 1316 1464 qualitates
1339 1437 1395 1457 non
1418 1430 1489 1458 male
1512 1431 1632 1466 perdunt
1649 1440 1729 1460 suam

930 1474 1143 1507 extremitatem,
1158 1475 1243 1502 veluti
1259 1474 1391 1508 calidum,
1408 1475 1524 1508 siccum,
1541 1481 1568 1503 et
1581 1477 1686 1513 reliqua
1699 1479 1728 1506 in

930 1525 1027 1545 eorum
1043 1526 1104 1553 quae
1118 1518 1235 1547 diversa
1252 1519 1347 1547 formae
1368 1524 1434 1547 sunt
1454 1521 1596 1556 temperie,
1615 1523 1642 1550 in
1666 1525 1728 1551 uni-

930 1572 1011 1591 verso
1027 1564 1242 1593 consideratam.

122 1613 200 1647 Πρὸς
210 1602 245 1640 τὰ
255 1602 458 1647 ἀντικείμενα
469 1602 614 1646 κράσεως.
639 1613 746 1649 Κρᾶσιν
762 1613 881 1641 ἐνταῦθα

967 1610 1047 1646 217
1070 1611 1121 1638 Per
1134 1612 1330 1639 contrariorum
1342 1615 1564 1648 temperationem.
1579 1615 1728 1651 Tcmpcra-

87 1660 196 1695 νσητέον
210 1659 240 1686 οὺ
255 1659 305 1695 τὴν
319 1659 356 1690 ὼς
372 1659 418 1685 ἐπὶ
440 1658 487 1685 τοῦ
509 1657 594 1694 ὑγροῦ
613 1657 742 1695 φύρασιν,
768 1661 816 1687 καὶ
834 1661 883 1697 τὴν

86 1706 270 1742 ἀφανίζουσαν
281 1705 314 1732 τὰ
330 1705 509 1741 ὑποκείμενα,
524 1704 592 1732 ἀλλὰ
606 1705 655 1741 τὴν
674 1705 826 1741 σύμπνοιαν
837 1707 883 1734 καὶ

86 1752 280 1789 ἀλληλουχίαν,
302 1752 352 1788 τὴν
367 1753 396 1779 ἐν
416 1750 535 1788 ἁρμονίᾳ
557 1752 743 1787 φυλάττουσαν
766 1752 800 1779 τὰ
819 1754 883 1788 ἐφε-

87 1799 179 1827 στῶτα
194 1801 204 1816 ⁷
220 1800 267 1827 καὶ
277 1799 311 1826 τὰ
326 1798 534 1834 ὑποτεταγμένα
545 1807 553 1813 ⁸
573 1798 657 1834 νοητά
680 1807 751 1834 φημι
769 1799 818 1826 καὶ
841 1800 883 1826 αἰ-

88 1846 186 1883 σθητὰ,
202 1846 326 1873 τουτέστι
340 1845 374 1872 τὰ
390 1847 418 1872 ὲν
430 1845 547 1878 γενέσει,
558 1845 606 1871 καὶ
620 1845 689 1872 αὐτὰ
706 1845 736 1872 δὲ
753 1844 787 1871 τὰ
803 1846 882 1872 ἐναν-

88 1893 144 1926 τία,
161 1890 216 1919 οἷον
231 1892 404 1928 εἰρηνεύοντα
416 1891 484 1928 πρὸς
499 1890 616 1927 ἄλληλα,
632 1891 670 1923 ὡς
689 1891 719 1918 τὸ
739 1890 811 1928 ὕδωρ
835 1891 882 1918 καὶ

87 1940 137 1975 τὴν
153 1939 214 1976 γῆν,
230 1936 252 1974 ᾧ
268 1937 488 1975 περιϐεϐλημένη
505 1938 522 1974 ἡ
539 1938 574 1973 γῆ
591 1938 620 1964 οὐ
637 1937 740 1971 λύεται,
751 1938 798 1965 καὶ
813 1939 826 1965 ὁ
838 1939 882 1965 οὺ-

87 1986 171 2023 ῥανδς
186 1985 216 2018 ὲξ
233 1985 326 2017 ὓδατος
342 1984 390 2018 ὣν,
406 1984 454 2011 καὶ
467 1985 481 2011 ὁ
495 1983 577 2020 αἰθὴρ
590 1984 620 2010 οὺ
643 1983 714 2011 λύων
735 1984 780 2011 τὸν
799 1984 882 2020 οὐρα-

86 2033 133 2059 νόν
143 2041 149 2047 ·
168 2033 214 2059 καὶ
230 2029 307 2064 οὗτός
320 2032 394 2058 ἐστιν
410 2031 424 2057 ὁ
440 2030 571 2066 ἐμφύλιος
580 2030 707 2065 πόλεμος,
723 2030 753 2057 ὃν
763 2031 792 2057 οὺ
802 2031 881 2066 μόνον

87 2079 102 2106 ὁ
117 2078 283 2115 δημιουργὸς
307 2077 397 2112 σοφῶς
421 2076 548 2114 ἐξεῦρεν,
566 2076 633 2103 ἀλλὰ
655 2077 703 2104 καὶ
720 2076 881 2112 σοφωτέρως

87 2126 129 2157 εἰς
141 2125 231 2160 φιλίαν
248 2124 294 2152 καὶ
310 2123 441 2160 ἁρμονίαν
457 2123 518 2158 ἄγει
531 2123 565 2150 τὰ
576 2123 665 2150 πάντα
678 2123 712 2149 δι’
727 2122 817 2149 αὐτῶν
827 2122 880 2149 τῶν

86 2170 182 2199 ἁπλῶν
197 2172 345 2207 στοιχείων,
359 2170 430 2198 κατὰ
443 2170 474 2197 τὸ
491 2170 644 2206 εἰρημένον,
662 2169 752 2203 Θέρος
766 2168 813 2195 καὶ
828 2169 881 2202 ἔαρ

86 2216 129 2244 σὺ
142 2216 300 2250 ἐποίησας.

934 1655 1036 1684 tionem
1053 1657 1104 1684 hoc
1120 1658 1179 1685 loco
1188 1658 1407 1693 intelligendum,
1424 1668 1478 1687 non
1490 1669 1550 1688 eam
1565 1670 1625 1696 qua:
1636 1663 1662 1689 in
1676 1664 1728 1690 hu-

934 1702 1006 1729 mido
1024 1702 1051 1729 fit
1068 1703 1170 1736 mistio,
1188 1708 1215 1731 et
1229 1704 1351 1739 subjecta
1365 1707 1533 1741 corrumpit;
1551 1708 1598 1736 sed
1614 1711 1727 1745 conspi-

933 1749 1067 1776 rationem
1078 1753 1105 1776 et
1119 1749 1202 1777 unius
1217 1750 1252 1777 ab
1269 1750 1355 1778 altero
1365 1751 1588 1787 dependentiam,
1614 1763 1676 1790 qua:
1698 1757 1727 1784 in

933 1801 1066 1829 compage
1079 1794 1200 1821 custodit
1215 1802 1246 1822 ea
1258 1802 1319 1829 quae
1334 1800 1464 1830 praesunt,
1483 1801 1580 1833 etquae
1595 1799 1726 1830 subsunt.

932 1837 1116 1874 Intelligibilia
1128 1839 1242 1874 inquam
1253 1843 1280 1867 et
1292 1841 1414 1874 sensilia,
1432 1841 1459 1869 id
1474 1846 1517 1870 est
1529 1851 1590 1878 quas
1609 1845 1727 1880 gignun-

934 1889 989 1918 tur,
1008 1889 1036 1913 et
1052 1886 1110 1920 ipsa
1123 1889 1214 1913 autem
1231 1887 1380 1918 contraria,
1401 1887 1484 1914 veluti
1501 1896 1594 1923 pacem
1610 1890 1681 1918 inter
1697 1899 1727 1920 se

933 1935 1028 1967 agunt,
1045 1935 1076 1958 ut
1092 1938 1191 1966 aquam
1205 1935 1232 1959 et
1248 1936 1349 1960 terram
1360 1953 1367 1965 ,
1383 1940 1437 1967 qua
1463 1937 1536 1961 terra
1559 1935 1727 1965 circumcin-

933 1981 978 2005 cta
993 1985 1048 2005 non
1057 1977 1189 2012 solvitur;
1205 1981 1232 2005 et
1247 1979 1348 2006 malum
1371 1987 1404 2007 ex
1429 1987 1498 2015 aqua
1523 1986 1649 2014 constat,
1675 1991 1727 2011 nec

932 2029 1024 2053 tamen
1038 2025 1123 2052 mther
1136 2025 1370 2060 dissolvitlcwlum
1380 2035 1387 2058 ;
1397 2027 1539 2061 atquehoc
1555 2033 1597 2056 est
1613 2029 1726 2058 intesti-

932 2079 997 2098 num
1014 2064 1126 2103 bellum,
1139 2071 1211 2106 quod
1233 2077 1343 2098 creator
1372 2079 1426 2099 non
1455 2077 1560 2100 tantum
1586 2075 1726 2109 sapienter

933 2118 1048 2151 invenit,
1064 2117 1111 2145 sed
1137 2118 1219 2145 etiam
1236 2117 1389 2152 sapientius
1411 2118 1503 2145 omnia
1529 2118 1556 2146 in
1574 2120 1724 2148 amicitiam

932 2168 960 2192 et
986 2163 1250 2200 coagmentationcm
1275 2170 1323 2197 per
1340 2163 1399 2198 ipsa
1427 2164 1563 2199 simplicia
1590 2165 1724 2194 elementa

933 2211 1025 2243 ducit,
1052 2210 1203 2238 secundum
1231 2209 1418 2246 Scripturam:
1434 2209 1571 2238 Estatem
1584 2218 1609 2238 et
1635 2220 1678 2239 ver
1695 2218 1725 2241 tu

933 2256 1078 2292 plasmasti
1095 2260 1121 2284 1.

124 2307 179 2335 Καὶ
193 2306 294 2342 ἀμιγῆ.
319 2307 418 2342 ’Δμιγῆ
432 2306 478 2333 καὶ
504 2305 714 2342 συγκεκραμένα
731 2302 791 2331 εἶπε
807 2305 878 2332 κατὰ

964 2303 1050 2339 Atque
1063 2302 1236 2337 impermista.
1254 2301 1412 2330 Non'mista
1432 2306 1460 2330 ct
1476 2306 1628 2339 temperata
1654 2305 1725 2334 dixit

83 2356 135 2392 τὴν
152 2354 328 2390 προτεθεῖσαν
343 2353 467 2388 ἐκδοχὴν.

121 2402 162 2428 Δι’
177 2400 217 2435 ἣν
230 2402 256 2427 ol
270 2399 342 2428 θεῖοι
357 2400 426 2432 νόες
445 2398 607 2434 ἐνούμενοι.
626 2399 746 2434 Εἴπομεν
761 2399 808 2426 καὶ
822 2398 878 2425 ἄνω

83 2450 150 2481 τοὺς
165 2448 253 2479 θείους
267 2447 330 2479 νόας
340 2447 387 2474 καὶ
401 2446 514 2477 ἑαυτοὺς
530 2446 610 2478 νοεῖν,
632 2445 679 2472 καὶ
695 2446 758 2477 τοὺς
777 2447 879 2472 ἐπανα-

83 2494 248 2531 δεΰηκότας,
262 2493 308 2520 καὶ
324 2493 357 2520 τὰ
374 2492 554 2528 ὑποδεέστερα
566 2500 572 2506 ·
600 2492 647 2519 καὶ⁸
671 2491 762 2528 μένειν
780 2492 829 2528 μὲν
848 2493 878 2520 ἐν

84 2543 203 2573 ἑαυτοῖς,
216 2541 279 2568 ὅταν
293 2539 327 2567 τὰ
339 2538 442 2566 ἑαυτῶν
455 2538 587 2574 ἐνεργῶσι
601 2539 660 2570 ταῖς
672 2538 775 2565 ἑαυτῶν
799 2537 876 2565 ἐνού-

85 2597 165 2625 μενοι
179 2587 303 2623 νοήσεσιν
315 2595 321 2602 ·
338 2587 378 2618 είς
392 2585 420 2612 δὲ
434 2584 469 2612 τὰ
486 2584 538 2617 ἔξω
553 2584 642 2612 δοκεῖν
662 2585 795 2621 προῗὲναι,
812 2585 877 2612 ὅταν

82 2635 114 2662 δὲ
130 2634 166 2660 τὰ
177 2631 366 2668 ὑποϐεϐηκάτα
381 2630 472 2663 νοῶσι,
490 2629 536 2656 καὶ
551 2629 585 2655 τὰ
604 2629 790 2666 ὑπερκείμενα
800 2638 806 2645 ·
830 2630 877 2657 καὶ

80 2680 174 2711 οὕτως
185 2679 224 2711 ὡς
235 2678 346 2714 ἐφικτὸν
359 2678 398 2709 είς
407 2676 438 2704 τὸ
444 2677 525 2708 νοεῖν,
537 2675 650 2702 καὶτῶν
667 2676 775 2703 πάντων
792 2676 877 2703 αἴτιον

82 2726 244 2754 ἐπανίωσιν.
271 2723 350 2751 Οὕτω
372 2723 401 2750 δὲ
416 2722 537 2754 νοοῦντες
552 2723 576 2749 oi
599 2721 664 2749 θεῖοι
685 2722 761 2755 νόες,
784 2722 879 2758 ὁμολο-

123 2803 138 2823 1
149 2796 223 2825 Psai.
234 2802 332 2827 Lxxut,
349 2793 392 2822 17.

932 2350 1084 2379 secundum
1104 2349 1274 2385 propositam
1287 2347 1367 2377 nobis
1379 2350 1575 2385 acceptionem.

967 2395 1021 2423 Per
1032 2395 1100 2422 lianc
1116 2394 1212 2422 divinw
1227 2399 1325 2422 mentes
1353 2394 1494 2429 copulatw.
1517 2395 1642 2425 Diximus
1654 2404 1722 2432 quo-

931 2450 984 2478 que
1000 2442 1127 2477 superius
1143 2441 1251 2469 divinas
1265 2444 1382 2473 mentes,
1394 2445 1420 2469 et
1435 2442 1541 2477 seipsas
1557 2442 1721 2478 intelligere,

930 2494 958 2518 et
968 2489 1125 2524 superiores
1135 2492 1162 2516 et
1181 2487 1327 2524 inferiora;
1344 2491 1425 2523 atque
1441 2488 1467 2515 in
1483 2488 1582 2524 scipsis
1598 2498 1720 2523 manere,

931 2543 992 2563 cum
1010 2542 1060 2562 sua
1076 2538 1205 2562 exercent
1219 2534 1278 2561 suis
1291 2534 1375 2561 unitas
1389 2534 1619 2570 cogitationibus:
1634 2537 1720 2564 videri

930 2586 1021 2609 autem
1040 2585 1116 2608 extra
1129 2579 1267 2616 progredi,
1292 2579 1402 2615 quando
1417 2581 1499 2608 etiam
1523 2581 1651 2609 inferiora
1672 2591 1718 2610 co-

931 2627 1019 2663 gitant
1032 2631 1059 2654 et
1082 2627 1241 2661 superiora;
1259 2631 1339 2661 atque
1354 2626 1392 2653 ita
1408 2633 1459 2661 pro
1480 2626 1585 2655 viribus
1611 2627 1644 2654 ad
1660 2635 1718 2655 om-

929 2673 1005 2700 nium
1026 2676 1166 2699 auctorem
1194 2671 1401 2707 intelligendum
1426 2671 1554 2699 redeunt:
1569 2672 1609 2700 sic
1627 2677 1717 2700 autem

930 2719 1115 2755 intelligeutcs
1126 2718 1224 2746 divinae
1241 2723 1365 2752 mentes,
1392 2717 1452 2745 sine
1473 2717 1557 2746 dubio
1585 2719 1718 2746 uniuntur

543 2847 661 2877 VARl/E
681 2845 874 2876 LECTIONES
892 2845 936 2873 ΕΤ
952 2844 1230 2875 COBRECTIONES.

115 2927 126 2942 "
143 2933 190 2962 γρ.
209 2923 318 2958 ἑαυτῆς.
369 2922 379 2938 ⁷
393 2929 439 2957 γρ.
457 2920 609 2955 ὑφεστῶτα.

253 2972 388 3001 ΡΔΤΒΟΙ..
411 2969 470 3000 Gn.
494 2967 546 2998 IV.

1522 2955 1559 2987 t3
