1940 3064
207 169 267 200 395
601 162 773 195 APPENDIX
790 166 836 194 AI)
855 161 970 194 O'PERA
988 165 1016 193 S.
1037 164 1186 194 DIONYSII
1207 165 1452 197 AREOPAGITIE.
1797 172 1845 201 396

210 227 343 263 objectis;
355 226 427 262 quod
444 226 517 253 enim
530 226 668 260 intelligit,
685 233 733 260 per
741 224 926 259 cognitionem
943 232 976 251 un

1078 225 1195 260 ουμένως
1206 223 1331 253 ’ἐνουνται
1347 228 1404 258 τοῖς
1420 226 1589 262 νοουμένοις·
1605 227 1634 254 τὸ
1652 227 1706 264 γὰρ
1724 230 1799 256 νοοῦν
1812 231 1844 263 τῇ

211 279 256 301 tur
270 273 382 309 cognito
398 279 429 299 ac
445 272 597 302 intellecto,
611 272 682 298 sicut
698 272 779 298 ctiam
793 271 922 305 ignorans
934 270 977 298 div

1077 271 1154 298 νὼσει
1168 269 1277 299 ξενοῦται
1292 272 1331 308 τῷ
1346 273 1495 307 γνωσθέντι
1511 275 1558 300 καὶ
1573 274 1695 310 νοηθέντι
1705 295 1712 307 ,
1729 274 1767 306 ὡς
1775 275 1817 301 καὶ
1831 276 1843 301 ὁ

210 322 296 353 ditur,
324 327 379 346 non
408 318 645 353 comprehenderis
661 317 734 352 quod
755 316 901 351 ignoravit.
929 316 975 342 Tal

1085 318 1159 345 ’νοῶν
1174 319 1360 350 σκεδάννυται,
1380 316 1416 355 μὴ
1430 319 1591 347 καταλαϐὼν
1607 321 1621 347 ὃ
1630 321 1758 357 ἠγνόησε.
1770 321 1851 349 Νοῶν.

211 366 296 401 igitur
312 373 389 392 mens
412 364 477 391 dum
496 363 620 398 cogitans
648 363 675 389 in
699 363 818 396 seipsam
843 361 974 388 rcilectitu

1075 363 1099 391 Ξν
1115 365 1257 397 ὁτοιοῦτος
1273 365 1335 398 νοῦς
1355 367 1395 398 εἰς
1411 367 1506 394 ἑαυτὸν
1517 367 1708 403 ἀνακάμπτει,
1732 369 1763 395 οὐ
1786 376 1841 394 σκε-

210 419 266 438 non
275 411 362 438 divisa
377 413 455 437 extra
472 409 601 443 scipsam,
619 407 666 434 sed
681 407 732 434 sibi
749 407 800 441 ipsi
819 406 894 433 unita
909 414 957 441 per
971 416 976 432 ι

1078 411 1199 446 ιζόμενος
1212 410 1264 443 ἔξω
1276 412 1385 442 ἑαυτοῦ,
1402 413 1459 439 ἀλλ’
1476 413 1621 448 ἐνούμενος
1637 412 1739 449 ἐαυτῷ,
1761 414 1794 440 δι’
1808 411 1844 441 ὧν

209 458 311 493 quibus
324 457 351 483 in
364 456 482 490 seipsam
500 454 609 481 redivit.
636 453 695 479 Alia
719 460 783 480 vero
803 452 884 479 estin
900 455 975 479 sanet

1076 459 1094 488 lg
1109 455 1205 483 ἑαυτὸν
1227 457 1401 493 ἀνέστρεψεν.
1422 458 1504 495 ιἌλλη
1528 457 1556 485 δὲ
1573 459 1647 495 παρὰ
1671 460 1735 491 τοὺς
1754 460 1842 494 ἁγίους

210 503 360 535 mentibus,
385 509 445 536 qua:
468 504 511 528 est
540 500 704 527 intcliectiva
724 499 823 526 animre
849 499 970 531 unitio;i

1075 502 1126 534 ias,
1139 503 1200 538 ἣτις
1220 502 1309 538 ψυχῆς
1329 505 1387 531 ἐστι
1405 505 1517 540 νοητικὴ
1537 505 1633 537 ἓνωσις
1646 514 1652 520 '
1674 507 1698 531 οἱ
1720 507 1768 541 μὲν
1792 506 1841 542 γὰρ

210 550 284 577 enim
303 547 500 582 intelligibiles,
530 546 588 572 hrec
603 553 668 572 vero
692 545 858 579 intelligens.
875 543 976 570 omniin

1076 550 1141 584 ὶητοί
1153 558 1159 564 ·
1177 549 1233 584 ἡδὲ
1248 550 1337 586 νοερὰ,
1355 551 1464 578 πάντων
1485 549 1671 587 ὖποϐεϐηκυῖα
1693 553 1747 580 τῶν
1762 553 1842 587 ἀγγέ-

211 595 316 629 angelis
331 593 454 621 inferior.
479 591 565 619 Porro
577 595 684 618 tantum
699 594 741 618 est
752 590 916 625 intelligens.
938 597 977 624 pr(

1076 605 1114 622 ov.
1129 595 1219 632 Νοερὰ
1235 596 1262 623 δὲ
1279 597 1357 632 μόνον
1372 598 1440 630 ἐστὶ,
1457 598 1490 624 δι’
1505 598 1539 630 ἃς
1552 599 1704 635 εἰρήκαμεν
1718 599 1842 636 ἀνωτέρω

209 646 270 676 pter
280 647 378 667 causas
397 646 466 674 quas
479 638 607 672 superius
625 637 756 670 diximus,
777 637 822 664 ubi
845 637 926 664 etiam
943 636 975 662 tu:

1077 641 1150 674 ἱτίας,
1167 641 1231 668 ἔνθα
1248 643 1294 669 καὶ
1312 642 1436 675 πλατέως
1455 643 1630 680 διεξήλθομεν
1650 646 1713 681 περὶ
1731 645 1784 672 τῶν
1800 646 1843 672 ὲν-

209 686 392 714 disseruimus
411 685 445 713 de
471 685 506 713 iis
531 692 592 720 qua!
621 684 666 712 hic
687 683 828 716 dicuntur,
857 684 885 710 in
912 683 971 718 capi

859 684 885 710 in
912 683 1001 718 capite
1050 687 1137 714 ταῧοα
1147 686 1301 724 λεγομὲνων
1317 691 1346 716 ὲν
1361 690 1501 726 κεφαλαίῳ
1516 691 1625 727 πρώτῳ.

209 741 308 769 primo.

244 780 297 807 Per
310 778 524 809 immaterialem,
538 782 616 813 atque
631 777 782 804 indivisam.
803 774 890 803 Posse
908 775 934 803 in
951 783 1001 803 no-

1086 776 1139 803 Διὰ
1160 775 1215 810 τῆς
1235 777 1331 805 ἀῦλου
1351 779 1401 805 καὶ
1417 778 1558 813 ἀμεροῦς.
1577 780 1637 806 Ὂτι
1657 781 1703 807 καὶ
1724 781 1769 808 ἐπὶ
1789 782 1840 810 τῶν

154 828 157 832 ”
208 825 276 853 stris
292 825 392 852 animis
405 825 521 852 inveniri
536 823 707 854 individuam
723 827 750 850 et
764 823 887 849 materize
904 830 919 850 e

1074 823 1190 859 μετέρων
1199 823 1292 860 ψυχῶν
1304 825 1438 860 ἐνδέχεται
1454 827 1544 862 ἀμερῆ
1565 827 1612 853 καὶ
1628 827 1708 854 ἄῦλον
1730 828 1840 865 εὑρεθῆ-

207 875 264 899 tem
281 871 502 906 intelligentiam,
527 869 639 905 quando
655 877 719 896 suas
733 869 856 896 omnium
870 876 970 903 generu

1074 878 1095 895 ιι
1107 869 1210 904 νόησιν,
1227 870 1292 896 ὅταν
1308 871 1373 903 τοὺς
1389 872 1577 903 παντοδαποὺς
1592 873 1682 900 αὐτῶν
1697 874 1840 910 λογισμοὺς

208 904 434 946 ratiocinationes
457 917 490 944 ad
514 904 597 943 unam
626 916 823 952 intelligente-ni
851 916 971 950 puritate

1074 916 1120 952 ρὸς
1135 916 1198 951 μίαν
1213 916 1311 952 νοερὰν
1336 917 1511 954 καθαρότητα
1533 919 1688 954 συνάγωσι·
1711 904 1839 959 τύτειγὰρ

208 964 356 999 colligunt;
373 967 431 990 tum
445 963 517 990 enim
530 963 612 990 etiam
628 962 661 989 ad
677 961 830 989 unitioncm
845 961 974 997 intelliget

1073 962 1098 988 αὶ
1114 962 1160 988 ἐπὶ
1174 962 1222 998 τὴν
1238 963 1402 999 ὑπερνόησιν
1423 964 1519 991 ἕνωσιν
1535 966 1644 998 οἰκείως
1663 967 1773 999 ἑαυταῖς
1791 967 1839 1003 ὁδῷ

207 1012 245 1038 tia
257 1011 427 1046 superiorem
438 1014 621 1045 congruenter
638 1009 691 1038 sibi
702 1009 747 1036 via
769 1013 796 1036 et
815 1009 912 1036 ordine
932 1016 973 1044 pri

677 1009 691 1036 ιὶ
702 1009 747 1036 via
769 1013 796 1036 et
815 1009 912 1036 ordine
932 1016 999 1044 pro-
1049 1009 1156 1035 τινικαὶ
1166 1009 1240 1041 τάξει
1257 1010 1443 1046 προϐαίνουσι.

207 1058 380 1093 grediuntur.

245 1104 366 1139 Perfecto
377 1106 503 1130 concentu
516 1106 593 1137 atque
612 1101 767 1129 concordia.
787 1101 885 1129 Pacem
909 1101 999 1136 perfe-

1085 1099 1245 1133 Συμφωνίᾳ
1256 1100 1401 1127 παντελεῖ
1409 1102 1458 1128 καὶ
1477 1102 1610 1136 ὁμονοίᾳ.
1628 1103 1751 1139 Παντελῆ
1766 1104 1841 1140 εἰρή-

208 1153 280 1176 ctam
305 1149 393 1182 dicit,
409 1148 531 1176 omnium
554 1147 691 1175 bonorum
715 1147 880 1182 perfectam,
903 1147 929 1174 id
957 1156 972 1175 e

1073 1154 1098 1181 γν
1109 1145 1183 1179 λέγει
1193 1145 1242 1182 τὴν
1258 1147 1366 1174 πάντων
1382 1147 1489 1175 τελείαν
1503 1148 1558 1175 τῶν
1572 1149 1693 1183 ἀγαθῶν,
1717 1150 1839 1178 τουτέστι

207 1194 305 1223 Deum.

1047 1192 1093 1219 τὸν
1109 1192 1185 1219 Θεόν.

242 1241 326 1276 218
340 1241 372 1268 Et
386 1245 518 1268 extremas
529 1244 694 1278 contrectans,
707 1239 835 1268 Extrema
851 1239 931 1272 dixit,
946 1239 999 1266 vir-

1082 1239 1137 1265 Kui
1153 1239 1329 1267 συνδέουσα
1350 1241 1386 1268 τὰ
1407 1241 1493 1276 ἄκρα.
1513 1242 1603 1277 ’Ἄκρα
1622 1242 1690 1278 φησὶ
1712 1242 1763 1275 τὰς
1784 1244 1840 1271 ἄνω

207 1292 281 1316 tutes
299 1288 455 1323 superiores
468 1292 495 1315 et
510 1287 667 1317 inferiores.
695 1290 778 1322 atque
799 1286 900 1317 media,
926 1286 973 1314 sici

1073 1285 1175 1320 ινάμεις
1184 1286 1230 1312 καὶ
1246 1285 1296 1317 τὰς
1304 1287 1389 1318 κάτω,
1406 1288 1453 1314 καὶ
1470 1288 1549 1323 μέσα,
1565 1288 1603 1319 ὡς
1620 1289 1790 1325 προέφημεν,
1806 1290 1839 1317 τὰ

206 1337 288 1361 antea
299 1326 430 1364 diximus.
444 1342 504 1369 qure
521 1341 553 1361 ex
565 1333 713 1369 purissima
726 1333 852 1366 materia,
866 1333 972 1359 nimirul

1073 1340 1080 1358 ι
1094 1332 1143 1367 τῆς
1152 1331 1349 1368 καθαρωτάτης
1358 1333 1438 1369 ὕλης,
1456 1332 1511 1360 οἷον
1526 1335 1657 1370 οὐρανοὺς
1669 1355 1676 1367 ,
1693 1336 1738 1362 καὶ
1759 1337 1839 1362 ἀστέ-

207 1380 292 1407 cmlos
308 1382 336 1407 et
347 1379 451 1411 stellas,
464 1380 573 1414 aliaque
589 1383 710 1406 extrema
731 1383 810 1406 terrae
831 1378 973 1413 adjacentia

1071 1385 1108 1408 κς,
1127 1377 1173 1404 καὶ
1188 1377 1222 1404 τὰ
1238 1378 1319 1415 ἔτερα
1335 1379 1408 1415 ἄκρα
1424 1380 1458 1407 τὰ
1475 1381 1586 1415 ἐπίγεια
1596 1382 1641 1408 καὶ¹
1657 1382 1744 1418 γεώδη
1759 1383 1837 1410 αὐτὰ·

206 1430 234 1452 et
245 1430 353 1453 terrena
372 1426 448 1461 ipsa;
465 1429 587 1454 extrema
603 1425 675 1453 enim
704 1432 719 1451 a
749 1425 938 1459 superioribus
961 1432 972 1451 ιι

1071 1432 1119 1459 κρα
1137 1424 1186 1459 μὲν
1202 1424 1256 1460 γὰρ
1272 1424 1326 1451 ἀπὺ
1341 1425 1395 1452 τῶν
1411 1426 1468 1453 ἀνω
1481 1426 1528 1453 ἐπὶ
1542 1427 1576 1454 τὰ
1588 1429 1662 1455 κάτω
1681 1429 1715 1455 τὰ
1737 1429 1837 1465 νοητά·

207 1471 354 1503 interiora,
379 1471 579 1507 in‘lelligibilia;
602 1474 700 1498 contra
722 1478 787 1498 vero
813 1476 935 1498 extrema
961 1479 973 1498 a

1073 1469 1127 1496 ﬂw
1137 1469 1165 1496 δὲ
1179 1469 1251 1506 ἄκρα
1267 1471 1389 1499 κάτωθεν
1400 1473 1447 1499 ἐπὶ
1460 1473 1494 1500 τὰ
1512 1474 1568 1500 ἄνω
1583 1474 1617 1501 τὰ
1639 1476 1720 1511 γήϊνα
1741 1476 1839 1507 ταῦτα,

206 1518 385 1545 inferioribus
397 1517 431 1545 ad
444 1518 599 1553 superiora,
614 1518 672 1545 luec
686 1521 804 1551 terrena,
819 1525 879 1552 qua!
897 1518 968 1545 medi

1080 1514 1126 1541 καὶ
1141 1516 1321 1544 συνάπτονται
1339 1519 1396 1550 τοῖς
1406 1519 1508 1554 μέσοις.
1532 1521 1662 1557 Ὀμόγνια
1681 1522 1709 1549 δὲ
1724 1522 1758 1550 τὰ
1775 1533 1841 1558 συγ-

207 1568 415 1592 convertuntur.
433 1564 563 1599 Ὁμόγνια
573 1571 638 1591 vero
654 1567 717 1591 sunt
742 1572 802 1599 quae
816 1564 938 1599 ejusdem
951 1573 973 1600 gi

951 1572 996 1600 ge-
1009 1579 1030 1608 ο
1046 1561 1122 1597 γενῆ,
1137 1562 1184 1589 καὶ
1198 1564 1230 1589 ὲκ
1244 1563 1292 1590 τοῦ
1306 1564 1415 1592 πάντων
1432 1566 1518 1594 αἰτίου
1531 1568 1706 1603 προελθόντα.

205 1611 291 1642 neris.
306 1615 388 1646 atque
403 1618 434 1638 ex
444 1607 565 1638 omnium
583 1613 696 1637 auctore
716 1610 886 1645 prodierunt.

241 1658 276 1685 El
295 1658 431 1685 extremis.
449 1656 566 1684 Ultimos
600 1656 720 1683 universi
753 1655 831 1688 ﬁnes,
860 1655 995 1684 essentias

1081 1651 1136 1677 Καὶ
1148 1650 1212 1684 ταῖς
1223 1651 1376 1686 ἐσχάταις.
1399 1652 1530 1690 Ἑσχάτας
1550 1655 1598 1682 τοῦ
1618 1658 1718 1690 παντὸς
1732 1659 1839 1687 ἀποπε-

205 1705 303 1732 animm
315 1708 442 1739 expertes
452 1703 529 1733 dicit.
545 1702 571 1729 id
583 1706 625 1730 est
639 1703 666 1729 in
680 1703 781 1738 quibus
794 1701 886 1730 nullus
903 1707 971 1730 mott

1074 1696 1179 1728 ιτώσεις
1194 1696 1243 1729 τὰς
1258 1697 1378 1734 ἀψύχους
1394 1700 1489 1732 οὐσίας
1504 1701 1581 1736 φησὶ,
1595 1703 1733 1731 τουτέστιν
1748 1705 1778 1732 ἐν
1794 1703 1840 1738 αἷς

203 1749 378 1781 accretionis,
401 1752 448 1775 aut
463 1748 623 1776 nutritionis
639 1751 686 1774 aut
701 1748 818 1775 aliorum
834 1747 969 1775 consider:

1078 1742 1157 1778 δεμία
1173 1743 1280 1780 κίνησις
1295 1744 1438 1781 αὐξητικὴ,
1457 1746 1472 1782 ἢ
1490 1747 1635 1785 θρεπτικὴ,
1651 1750 1668 1784 ἢ
1685 1751 1740 1777 τῶν
1751 1751 1841 1779 ἄλλων

203 1803 260 1824 tur.
291 1795 420 1831 Ὀμόγνια
435 1799 537 1826 autem,
553 1799 616 1822 sunt
630 1801 759 1829 germana
771 1798 798 1821 et
811 1793 935 1828 ejusdem
949 1800 965 1820 o

1074 1797 1087 1819 ς
1101 1788 1254 1824 θεωρεῖται.
1264 1790 1394 1825 Ὀμόγνια
1410 1791 1439 1817 δὲ
1454 1791 1488 1818 τὰ
1498 1792 1601 1827 ἀδελφὰ
1617 1795 1664 1821 καὶ
1679 1796 1838 1834 ὁμόστοιχα.

204 1843 294 1875 diuis;
308 1842 393 1869 distat
409 1848 475 1868 vero
488 1840 581 1874 ἑνότης
596 1839 631 1866 ab
645 1838 754 1873 ὲνὼσει,
766 1847 829 1866 nam
842 1839 934 1874 ἑνότης
946 1847 970 1866 se

1078 1835 1172 1871 αφέρει
1188 1836 1215 1862 δὲ
1231 1837 1324 1872 ἑνότης
1339 1836 1462 1870 ὲνώσεως
1473 1847 1480 1853 ·
1498 1840 1514 1874 ἡ
1531 1840 1583 1876 μὲν
1605 1841 1660 1879 γὰρ
1683 1843 1713 1870 τὺ
1738 1844 1840 1877 ἰδιάζον

203 1889 296 1915 unitas
309 1887 513 1923 proprietatem,
530 1889 556 1913 et
571 1885 790 1921 uniuscujusque
807 1889 914 1912 natura:
926 1886 969 1913 sin

1073 1883 1092 1908 ιὶ
1107 1883 1207 1917 ἀμιγὲς
1221 1883 1272 1918 τῆς
1288 1883 1348 1910 καθ’
1363 1884 1479 1911 ἕκαστον
1491 1885 1611 1914 δείκνυσι
1630 1888 1738 1922 φύσεως
1748 1899 1754 1906 ·
1777 1892 1794 1927 ἡ
1809 1892 1839 1918 δὲ

203 1935 353 1971 plicitatem
369 1932 505 1966 ostendit;
520 1932 617 1964 ἓνωσις
636 1939 702 1959 vero
731 1939 780 1959 seu
808 1932 905 1962 unitio.
931 1940 969 1959 cm

1075 1937 1141 1961 ωσις
1154 1929 1205 1966 τὴν
1220 1929 1287 1965 πρὸς
1300 1930 1381 1965 ἕτερα
1397 1930 1548 1968 σύγκρασιν
1560 1953 1567 1965 ,
1590 1933 1606 1969 ἢ
1623 1934 1716 1968 ἁπλῶς
1740 1945 1840 1972 μετου-

203 1980 266 2008 aliis
294 1980 512 2007 commistionem
527 1981 573 2005 aut
589 1978 750 2012 simpliciter
762 1979 991 2008 communionem.
1045 1975 1114 2001 σίαν-

240 2026 307 2053 Tota
323 2025 464 2053 adlatam.
479 2023 567 2052 Etiam
586 2031 661 2051 nunc
684 2023 846 2051 familiarem
864 2025 917 2053 sibi
932 2025 994 2052 dili-

1080 2022 1152 2056 Ὅλη
1168 2022 1243 2056 πρὸς
1262 2023 1347 2057 ὅλην.
1364 2025 1419 2050 Καὶ
1433 2024 1480 2051 νῦν
1495 2026 1545 2062 τὴν
1568 2027 1672 2055 οἰκείαν
1694 2029 1839 2065 ἀκρίϐειαν

202 2066 321 2110 gentiam
332 2071 470 2105 custodit;
488 2079 549 2099 cum
563 2071 635 2098 enim
647 2068 762 2098 dixisset
772 2068 896 2106 ὁμόγνια,
913 2071 939 2098 id
951 2079 966 2099 θ

1073 2067 1186 2095 ιλάττει·
1204 2068 1287 2095 εἰπὼν
1304 2069 1359 2106 γὰρ
1370 2070 1493 2105 ὁμόγνια,
1507 2073 1628 2100 τουτέστι
1640 2075 1770 2111 συγγενῆ,
1788 2078 1839 2104 καὶ

201 2124 318 2157 cognata
335 2123 362 2148 et
376 2119 498 2154 ejusdem
514 2118 632 2153 generis.
649 2121 732 2152 atque
751 2117 786 2144 ab
797 2116 892 2145 eodem
908 2125 967 2153 gem

1074 2114 1088 2140 ὕ
1101 2114 1183 2141 αὑτοῦ
1196 2114 1291 2149 γένους
1300 2136 1307 2147 ,
1331 2116 1378 2142 ἇτε
1394 2117 1470 2152 παρὰ
1483 2118 1530 2144 τοῦ
1555 2118 1656 2152 παντὸς
1668 2121 1804 2158 γενάρχου
1828 2125 1840 2139 ¹¹

200 2168 241 2194 ris
256 2166 379 2202 principe
398 2165 453 2193 Deo
468 2163 643 2200 prodeuntia.
656 2164 727 2191 sicut
746 2163 895 2198 Apostolus
909 2159 965 2192 ead

1073 2160 1109 2187 ;οὖ
1123 2160 1335 2197 προεληλυθότα,
1351 2162 1420 2188 κατὰ
1437 2162 1482 2189 τὸν
1495 2165 1666 2200 χρησάμενον
1681 2166 1720 2202 τῷ
1732 2169 1839 2204 ῥήματι

200 2213 292 2240 ctione
308 2211 409 2239 utitur:
429 2209 519 2245 Hujus
530 2210 600 2237 enim
615 2214 640 2236 et
656 2216 736 2244 genus
752 2217 843 2236 sumus
860 2214 871 2228 ι
885 2219 893 2242 ;
917 2217 966 2236 nui

1073 2207 1224 2233 λπόστολον·
1249 2207 1304 2234 Τοῦ
1320 2207 1376 2242 γὰρ
1399 2209 1447 2235 καὶ
1475 2209 1562 2244 γένος
1582 2211 1691 2246 ἐσμέν·
1714 2215 1788 2249 λέγει
1807 2217 1839 2244 δὲ

201 2259 271 2286 dixit
288 2265 399 2286 causam
420 2264 469 2291 per
478 2264 560 2292 quam
574 2256 665 2282 omnia
676 2260 801 2291 cognata,
819 2259 901 2291 atque
917 2264 967 2291 quo

1071 2252 1089 2277 tl.
1102 2252 1151 2287 τὴν
1166 2252 1266 2285 αἰτίαν,
1281 2253 1342 2280 καθ’
1353 2254 1386 2289 ἢν
1394 2254 1507 2290 ὁμόγνια
1516 2256 1550 2283 τὰ
1563 2257 1665 2285 πάντα·
1680 2260 1728 2286 καί
1740 2270 1837 2298 φησιν,

200 2302 273 2330 Deus
282 2303 363 2330 etiam
375 2301 559 2336 intelligibilia
573 2301 692 2336 ἐνότησι,
706 2300 733 2328 id
749 2306 791 2329 est
805 2309 853 2336 per
864 2301 966 2336 simplic

1073 2307 1079 2324 ι
1095 2298 1164 2330 τέως
1176 2298 1209 2325 τὰ
1222 2299 1307 2334 νοητὰ
1323 2301 1383 2332 ταῖς
1404 2301 1510 2337 ἑνότησι
1523 2323 1531 2334 ,
1554 2304 1677 2332 τουτέστι
1705 2307 1775 2334 κατὰ
1805 2309 1839 2336 τὺ

199 2351 283 2375 tatem
309 2351 337 2374 et
358 2346 541 2374 essentiarum
568 2346 777 2381 compositionis
796 2346 965 2381 privationen

1073 2344 1146 2371 πλοῦν
1166 2345 1213 2371 καὶ
1226 2345 1373 2373 ἀσύνθετον
1398 2347 1452 2374 τῶν
1477 2349 1592 2382 οὐσιῶν,
1619 2352 1664 2378 καὶ
1691 2353 1763 2380 κατὰ
1785 2355 1839 2392 τὴν

200 2397 283 2427 atque
305 2401 354 2427 per
378 2392 623 2423 immortalitatem,
654 2399 735 2426 quam
760 2392 914 2428 ταυτότητα
941 2399 966 2420 δε

1073 2390 1191 2417 ιανασίαν
1205 2411 1211 2420 .
1232 2391 1266 2426 ἣν
1281 2392 1432 2428 ταυτότητα
1461 2394 1585 2429 λέγουσιν
1601 2398 1626 2423 οἱ
1645 2400 1709 2435 περὶ
1730 2389 1839 2430 τούτων

199 2437 372 2466 idenlitatem
379 2437 475 2464 dicunt
487 2437 532 2473 qui
543 2436 576 2464 de
592 2437 635 2464 liis
647 2436 788 2465 disserunt
797 2458 804 2470 ,
812 2437 935 2472 ejusdem
944 2446 965 2474 gi

1071 2436 1226 2484 χλεχθέντες
1237 2458 1243 2470 ,
1262 2439 1380 2474 συγγενῆ
1397 2442 1468 2466 ποιεῖ
1482 2442 1496 2467 ὁ
1511 2441 1586 2474 Θεὸς,
1606 2444 1653 2470 καὶ
1672 2446 1837 2484 ὀμόστοιχα.

199 2484 275 2512 neris
288 2482 433 2511 acordinis
443 2483 536 2510 faciat.
553 2481 631 2510 Sicut
653 2483 738 2518 igitur
752 2483 864 2512 sensilia
887 2492 920 2511 ex
944 2484 965 2512 dt

1073 2487 1148 2519 Ισπερ
1162 2481 1208 2510 οὖν
1225 2485 1272 2511 καὶ
1286 2485 1320 2512 τὰ
1335 2485 1452 2521 αἰσθητὰ
1478 2489 1539 2520 ταῖς
1567 2489 1599 2516 ὲκ
1621 2490 1676 2517 τῶν
1695 2481 1839 2530 διαφόρων

198 2530 288 2557 versis
303 2529 446 2557 elementis
468 2528 641 2556 unitionibus
661 2536 709 2556 seu
735 2529 964 2557 commistionibu:

1072 2529 1180 2564 οιχείων
1194 2529 1333 2562 ὲνώσεσιν,
1349 2531 1407 2567 ἦτοι
1423 2533 1601 2569 συγκρίμασι,
1614 2537 1661 2563 καὶ
1675 2539 1734 2571 ταῖς
1747 2528 1838 2567 σελνα-

199 2583 232 2603 ac
257 2576 352 2603 talium
367 2574 525 2602 mistionum
548 2574 756 2602 collectionibus
776 2574 965 2609 dependentiai

1071 2576 1143 2609 ›γαῖς
1157 2576 1211 2602 τῶν
1223 2576 1350 2622 τοιούτων
1367 2579 1509 2614 μιγμάτων
1530 2582 1569 2613 εἰς
1582 2581 1687 2616 γένεσιν
1698 2584 1773 2620 ἄγων
1781 2587 1837 2622 τὰς

200 2622 281 2650 unius
297 2622 331 2649 ab
347 2621 433 2649 altero
451 2621 478 2648 in
503 2620 708 2656 generationem
736 2620 887 2648 adducens,
901 2621 962 2649 vclu

941 2621 985 2648 luti
1039 2622 1227 2658 ὰλληλουχίας,
1244 2620 1300 2651 οἷόν
1310 2632 1385 2656 τινας
1402 2626 1562 2660 συγγενείας
1573 2627 1707 2658 ἀποτελεῖ.

199 2667 376 2704 cognationes
389 2667 520 2703 quasdam
536 2665 652 2702 perﬁcit,

240 2740 254 2756 ²
265 2735 326 2764 Act.
345 2743 411 2769 xm,
428 2734 473 2762 28.

661 2800 776 2832 VARLE
796 2800 986 2832 LECTIONES
1005 2799 1048 2831 ET
1069 2799 1345 2832 CORRECTIONES.

243 2898 254 2914 ⁸
266 2906 309 2934 γρ.
322 2898 446 2936 ἑνάρχου.
