1940 3064
85 186 133 215 391

427 182 456 211 S.
476 182 600 210 MAXlMl
619 182 765 210 SCIIOLIA
785 182 817 210 ΙΝ
835 182 898 211 LIB.
917 181 960 210 DE
978 181 1106 210 DIVINIS
1121 178 1319 210 NOMINIBL'S.

1640 179 1701 207 598‘

117 245 194 282 μη.
216 244 282 278 Πῶς
298 230 348 276 δὲ,
365 244 437 279 φαίη
461 252 515 277 τις.
540 243 687 275 Ἀντίθεσις
710 243 779 279 πρὸς
800 243 864 274 τοὺς

949 241 1019 279 §lll.
1035 242 1086 270 Sed
1101 242 1241 277 quomodo,
1253 240 1321 266 dicet
1343 238 1451 274 aliquis.
1475 236 1616 274 Oppositio
1632 245 1696 272 pro-

84 291 208 325 λέγοντας
226 290 262 326 μὴ
277 288 400 324 ἐφίεσθαι
414 289 504 316 πάντα
525 289 649 324 εἰρήνης·
673 289 720 315 καὶ
742 288 769 315 τί
791 289 864 315 ἐστιν

85 336 218 372 ἑτερότης.

120 381 179 409 Τῶν
200 381 294 408 ὄντων
318 381 456 415 ἰδιότητα.
479 380 634 416 Σημείωται
655 380 681 405 τί
702 388 783 414 φησιν
804 379 865 406 ἰδιό-

84 435 163 463 τητα·
178 427 219 454 ὅτι
232 427 263 453 τὸ
276 425 478 460 εἷναιέκαστον,
488 427 525 458 ὡς
535 425 591 461 ἑχει
609 425 724 460 φύσεως,
735 425 781 451 καὶ
794 424 865 451 κατὰ

85 474 114 501 τδ
125 473 188 500 αὐτὸ
199 473 236 505 ὡς
247 473 351 508 γέγονε.
368 473 458 499 Ταῦτα
473 472 544 499 κατὰ
567 471 732 506 Ἀκεφάλων,
751 471 806 497 τῶν
818 471 865 497 καὶ

84 518 260 554 ἀγνοούντων,
275 519 301 545 τί
314 520 388 545 ἐστιν
405 518 513 554 ἰδιότης.
532 518 596 552 Ἐπὶγ
613 517 679 543 πολὺ
700 516 729 543 δὲ
753 516 864 548 κατεξε-

84 564 157 597 τάζει
173 564 222 601 τὴν
237 565 301 601 περὶ
315 564 365 600 τῆς
375 564 502 599 ἰδιότητος
518 562 696 599 κυριολεξίαν,
711 561 865 597 σαφηνίξων

84 611 176 646 αὐτήν.

125 657 215 684 Ἀλλὰ
230 656 279 683 καὶ
297 657 407 690 ταύτην
423 655 544 690 εἰρήνης
559 655 673 689 ἔφεσιν.
696 653 834 681 Ἐντεῦθεν
847 654 864 688 ή

85 703 167 735 λύσις.
193 701 253 729 Τῶν
272 702 373 728 ἑαυτῶν
392 701 420 728 δέ
433 709 515 737 φησιν
531 701 592 727 ἀντὶ
610 699 657 726 τοῦ
678 699 732 726 τῶν
753 699 865 734 ἰδιωμά-

84 754 146 772 των.

124 793 299 826 ἈκινησΙαν.
324 791 477 826 ’Δκινησίαν
493 791 558 826 φησὶ
576 790 606 817 τὺ
627 790 664 826 μὴ
687 790 864 826 μεταπίπτειν

84 838 131 873 τῆς
145 838 246 870 οίκείας
262 838 368 873 φύσεως
382 838 429 864 καὶ
443 837 586 872 κινήσεως.

119 883 190 919 §IV.
209 884 263 910 Kal
289 885 315 910 εὶ
331 884 366 911 τὰ
388 884 547 918 κινούμενα
569 882 675 910 πάντα.
693 881 790 914 Καλῶς
806 879 865 908 εῐπε

84 930 117 956 τὰ
132 931 219 957 πάντα
235 929 364 957 κινεῖσθαι
377 930 406 956 οὐ
423 930 485 965 μίαν
502 930 607 965 κίνησιν
620 949 628 962 ,
648 928 704 955 ιέιλλ⁹
720 928 785 955 ίδίαν
806 927 866 954 τινὰ

85 977 131 1003 καὶ
145 976 309 1012 κατάλληλον
327 977 434 1012 κίνησιν
443 984 450 992 ·
462 977 496 1003 τὰ
511 977 559 1012 μὲν
569 976 623 1012 γὰρ
633 975 714 1011 νοητὰ
729 975 776 1002 καὶ
786 974 866 1011 νοερὰ

84 1021 169 1054 ἄλλως
179 1031 185 1037 ·
202 1022 236 1048 τὰ
252 1023 280 1049 δὲ
294 1022 409 1058 αἰσθητά
422 1023 470 1058 τὴν
483 1023 524 1054 είς
537 1022 644 1056 γένεσιν
657 1042 664 1054 ,
688 1021 705 1057 ἢ
720 1020 768 1048 καὶ
788 1020 866 1047 ποιάν

84 1075 143 1094 τινα
157 1067 262 1104 κίνησιν
281 1070 406 1102 κινεῖται,
421 1069 484 1105 περὶ¹
498 1065 536 1096 ὧν
555 1069 585 1095 ἑν
605 1067 644 1104 τῷ
663 1067 764 1102 ὲννάτῳ
783 1073 868 1100 κεφα-

84 1113 150 1150 λαίῳ
165 1114 337 1150 διεξήλθομεν
354 1115 528 1151 τελειότερον.

119 1161 173 1188 Καὶ
190 1160 246 1195 τὴν
263 1159 383 1187 πάντων
390 1160 448 1187 τῶν
464 1160 646 1195 κινουμένων
656 1158 797 1192 ἰδιότητα.
807 1159 868 1184 ’Ότι

86 1205 184 1242 ίδιότης
196 1207 254 1233 ἐστὶ
268 1207 314 1233 καὶ
328 1207 344 1242 ἠ
361 1206 487 1242 κινητική
502 1206 557 1242 ζωὴ
573 1206 620 1232 τοῦ
637 1205 697 1232 καθ’
708 1205 832 1231 ἑκαστον.
865 1230 867 1234 ,

120 1295 134 1331 §
149 1294 182 1323 ν.
199 1297 233 1323 El
249 1295 282 1322 δὲ
298 1295 357 1330 τὴν
371 1297 435 1322 κατ’
450 1293 689 1331 ἐκπτωσιν.Πρὺς
702 1296 765 1326 τοὺς
778 1294 869 1329 λέγον-

83 1350 133 1374 τας
143 1342 289 1378 ἑτερότητα
304 1340 373 1369 εἶναι
385 1342 433 1377 τὴν
445 1343 504 1368 κατ’
514 1341 650 1368 ἔκπτωσιν
665 1342 675 1357 ⁹
686 1341 736 1377 τῆς
747 1342 868 1378 εἰρήνης,

83 1388 131 1415 καὶ
145 1387 269 1415 ἐντεῦθεν
283 1387 513 1424 ίσχυριζομένους,
531 1387 568 1423 μὴ
582 1389 664 1414 πᾶσιν
671 1387 787 1423 ἐραστὴν
801 1384 869 1413 εἴναι

83 1434 133 1470 τὴν
146 1435 265 1471 είρήνην.
283 1434 441 1470 Σημείωσαι
458 1433 508 1465 τὰς
532 1434 579 1460 δύο
606 1433 781 1470 ἑτερότηταςο
805 1433 869 1468 μιαν

85 1480 134 1515 μὲν
147 1480 196 1516 τὴν
209 1481 267 1506 κατ’
281 1480 416 1507 ἔκπτωσιν
428 1480 552 1516 εἰρήνης·
574 1480 621 1507 καὶ
638 1479 734 1515 ἑτέραν
749 1479 798 1514 τὴν
816 1479 870 1506 τῶν

85 1527 169 1553 ὄντων
185 1527 300 1554 ἑκάστου
322 1526 451 1561 ἰδιότητα.

122 1573 155 1600 Τὸ
167 1573 222 1607 τὰρ
232 1572 329 1606 πάντη
338 1572 476 1599 ἄστατον.
486 1571 542 1599 Θαυ
547 1572 651 1608 μασίως
661 1571 752 1599 ἀθετεῖ
758 1571 807 1603 τὰς
815 1571 870 1599 τῶν

915 291 974 323 pter
988 295 1036 315 eos
1050 286 1097 322 qui
1112 288 1212 321 negant
1227 284 1318 312 omnia
1338 290 1433 318 pacem
1449 289 1563 317 cupere,
1580 286 1608 310 et
1628 282 1695 317 quid

915 333 951 362 sit
964 333 1089 369 ἑτερότης
1100 339 1149 360 seu
1164 330 1318 359 diversitas.

914 378 1046 406 “Rerum
1059 378 1254 412 proprietatem.
1276 375 1344 402 Nota
1367 374 1432 409 quid
1447 374 1519 403 dicat
1542 371 1702 415 proprieta-l

915 429 984 458 tem;
1000 431 1107 459 nempe,
1124 421 1336 457 unumquodque
1350 428 1421 452 esse,
1438 421 1509 448 sicut
1524 420 1605 448 habet
1620 427 1634 447 a
1646 420 1702 458 na-i

914 475 988 504 tura,
1005 474 1032 498 et
1045 470 1115 497 idem
1130 468 1203 504 quod
1216 467 1275 495 fuit.
1293 466 1356 494 Haec
1371 471 1466 494 contra
1478 465 1652 501 Acepbalos,’
1667 470 1702 494 ett

915 525 962 545 eos
978 516 1024 551 qui
1049 516 1177 551 ignorant
1191 513 1255 549 quid
1284 512 1399 548 ίδιότης;
1415 512 1538 547 pluribus
1555 520 1619 540 vero
1630 504 1703 554 exa-li

914 564 1000 590 mittat
1011 561 1077 597 quid
1088 560 1197 596 proprie
1212 559 1309 595 ἰδιότης
1322 557 1458 593 significet
1467 578 1475 591 ,
1491 558 1632 593 ipsamque
1645 555 1702 586 de-'

915 609 1011 635 clarat.

951 653 1003 682 Sed
1018 653 1177 681 desiderium
1195 651 1268 686 pacis
1294 650 1408 684 idipsum
1422 658 1531 685 quoque.
1557 649 1607 677 Hic
1622 646 1703 691 solu-j

915 699 972 733 tio;
997 699 1169 727 dixit‘autem
1185 696 1288 724 ἑαυτῶν
1301 703 1316 723 a
1328 704 1372 729 se,
1388 703 1439 731 pro
1459 695 1611 732 ἰδιωμάτων
1633 695 1704 738 ριόᾗ

914 745 1087 780 prietatibus.

950 791 1032 826 219
1048 790 1262 818 Immobilitatem
1274 808 1282 821 ,
1301 787 1348 815 Gr.
1369 787 1522 823 ἀκινησίαν.
1544 787 1696 823 Ἀκινησίαν

915 838 992 869 dicit.
1011 845 1067 864 non
1080 835 1171 864 delabi
1182 843 1197 862 a
1210 835 1320 870 propria
1335 838 1433 876 natura
1448 837 1476 862 et
1486 835 1627 862 motioneJ
1705 842 1718 869 ι
1770 851 1772 853 -

949 884 962 920 §
975 883 1020 911 1V.
1034 883 1063 911 Si
1076 887 1172 909 cuncta
1186 889 1264 917 porro
1275 889 1333 917 qua:
1355 885 1498 908 moventur.
1525 881 1609 909 Recte
1628 882 1697 910 dixit
1718 918 1723 923 '

915 930 1006 958 omnia
1022 929 1138 961 moveri,
1149 936 1205 956 non
1219 935 1274 955 una
1289 927 1420 960 motione,
1437 927 1485 955 sed
1504 928 1614 963 propria
1628 936 1697 964 qua—

916 976 978 1004 dam
1001 980 1028 1003 et
1041 974 1214 1009 convenienti
1231 973 1368 1007 motione;
1383 980 1446 1000 nam
1466 973 1646 1009 intelligibilia
1671 978 1698 1001 et

916 1021 1094 1057 intelligentia
1108 1020 1203 1053 aliter;
1217 1019 1357 1047 sensibilia
1365 1027 1440 1050 vero,
1453 1018 1481 1046 in
1496 1019 1706 1054 generationem

917 1072 964 1095 aut
974 1068 1094 1103 aliquam
1107 1066 1224 1094 similem
1238 1066 1387 1093 motionem
1404 1069 1568 1098 moventur;
1585 1065 1618 1092 de
1638 1065 1701 1100 qui-

917 1115 969 1142 bus
984 1114 1012 1141 in
1028 1121 1100 1141 nono
1114 1112 1204 1148 capite
1214 1111 1362 1147 perfectius
1374 1111 1578 1144 disseruimus!

940 1159 1037 1195 'Atque
1049 1167 1140 1187 eorum
1154 1159 1271 1185 omnium
1283 1166 1342 1194 qua:
1353 1163 1487 1185 moventur
1503 1158 1699 1192 proprietatem.

918 1206 1116 1242 Proprietatem
1129 1212 1238 1240 quoque
1253 1212 1325 1238 esse,
1342 1204 1483 1232 motricem
1500 1204 1635 1240 cujusque
1659 1205 1701 1232 vi-

918 1256 983 1281 tam.

954 1297 1013 1334 5V.
1032 1298 1162 1326 Craterum
1180 1297 1204 1324 si
1225 1298 1283 1333 quis
1302 1297 1505 1332 prolapsionem.
1530 1298 1632 1326 Contra
1653 1305 1700 1326 eos

918 1345 965 1380 qui
982 1344 1077 1372 dicunt
1086 1345 1264 1373 mutationem
1282 1352 1343 1372 esse
1364 1352 1379 1371 a
1408 1352 1473 1380 pace
1488 1345 1700 1380 prolapsionem,

919 1394 945 1418 et
962 1390 1027 1418 hinc
1037 1390 1210 1422 conﬁrmant,
1223 1398 1278 1418 non
1291 1398 1352 1418 esse
1366 1391 1492 1419 omnibus
1512 1398 1605 1426 pacem
1620 1399 1702 1427 expe—

919 1436 1038 1464 tendam.
1051 1436 1119 1463 Nota
1133 1437 1201 1464 duas
1213 1436 1396 1464 mutationes:
1410 1444 1491 1463 unam
1505 1436 1625 1472 quidem,
1640 1445 1702 1472 pro-

921 1482 1072 1517 lapsionem
1094 1489 1110 1509 a
1136 1489 1214 1517 pace,
1234 1485 1262 1509 et
1283 1482 1396 1510 alteram
1422 1482 1637 1518 uniuscujusque
1663 1483 1702 1510 rei

920 1529 1125 1564 proprietatem.

957 1573 990 1600 Id
1000 1574 1070 1601 enim
1083 1573 1153 1609 quod
1171 1574 1273 1609 penitus
1289 1573 1412 1602 instabile
1427 1578 1475 1601 est.
1499 1572 1702 1600 Admirabililer

90 1619 222 1656 Ἑλλήνων
236 1620 282 1646 καὶ
297 1619 350 1646 τῶν
363 1618 491 1647 τοιούτων
506 1619 650 1656 αῐρετικῶν
664 1619 775 1655 γνώμας
784 1639 792 1651 ,
814 1615 868 1646 οἷον

925 1619 1033 1654 abrogat
1043 1619 1199 1647 Graecorum
1210 1623 1236 1646 et
1248 1619 1375 1646 similium
1387 1619 1577 1647 haereticorum
1592 1623 1704 1646 senten-

84 1665 312 1692 Οὐαλεντινιανῶν
327 1665 373 1692 καὶ
383 1664 548 1700 Μανιχαίων,
564 1665 617 1692 τῶν
627 1666 676 1700 τὴν
691 1664 757 1701 ὓλην
772 1665 869 1692 ὑποθε-

86 1711 173 1746 μένων
184 1711 282 1747 ἀρχὴν,
296 1711 330 1737 τὰ
344 1711 452 1738 ἰ;νιι.ντί‹ι
467 1711 600 1746 φέρουσαν
614 1712 643 1738 ὲν
658 1712 740 1747 ἑαυτῇ
760 1712 815 1742 τοῖς
822 1711 869 1738 τοῦ

83 1759 152 1787 Θεοῦ
160 1769 167 1775 ·
178 1761 309 1787 ἀστασίαν
324 1760 378 1796 γὰρ
387 1760 434 1787 καὶ
447 1761 609 1796 περιφορὰν,
621 1761 668 1787 καὶ
679 1761 871 1797 ἀπειρίαν,καὶ

84 1806 236 1843 ἀοριστίαν,
248 1807 296 1833 καὶ
313 1806 399 1833 ταῦτα
411 1806 501 1834 πάντα
521 1806 632 1842 διηνεκῆ
645 1807 695 1843 τὴν
716 1807 781 1842 ὕλην
805 1807 871 1844 ἑφη-

86 1862 146 1885 σαν,
164 1853 231 1889 ὅπερ
245 1853 434 1880 ἀποδείκνυται
447 1853 543 1888 ψευδὲς
561 1852 668 1888 ἀληθῶς
689 1853 826 1886 παντελῶς
837 1855 868 1870 ¹⁰·

83 1898 162 1925 οὐδὲν
177 1901 231 1934 γὰρ
246 1899 330 1931 ἐστὶν,
346 1899 406 1926 οὐδὲ
420 1899 540 1933 γέγονεν,
552 1898 566 1925 δ
579 1899 615 1934 μὴ
629 1898 674 1933 ἀφ’
691 1896 721 1926 οὗ
732 1899 869 1935 παρήχθη,

85 1943 135 1971 καὶ
142 1944 391 1980 διακεκοσμημένον
400 1945 452 1972 ὑπὸ
465 1944 532 1971 Θεοῦ
543 1944 669 1980 παρήχθη
690 1945 730 1976 είς
737 1943 815 1978 εἶδος,
825 1946 872 1972 καὶ

84 1989 134 2017 τοῦ
156 1990 242 2021 ὅντως
251 1990 322 2026 ἔχειν
344 1991 382 2022 ὡς
404 1990 679 2027 παρήχθη,προνοίας
700 1990 792 2026 ἔτυχεν
818 1991 872 2018 ἀπὸ

85 2036 165 2064 Θεοῦ.

129 2121 280 2156 Ἀμαυροϊς
304 2121 446 2154 είδώλοις.
471 2121 544 2148 Ἀντί
561 2122 608 2148 τοῦ
629 2122 758 2157 ἀμυδροῖς
773 2122 871 2148 εἰκονί-

86 2175 205 2202 σμασινο
229 2167 349 2201 ἐφίενται
376 2167 430 2202 γὰρ
454 2167 504 2203 τῆς
529 2168 596 2204 πρὸς
620 2167 669 2200 τὰς
689 2167 802 2209 ρεούεξας
826 2169 873 2195 καὶ

85 2212 267 2249 φθειρομένας
277 2213 453 2249 ἡδυπαθείας,
464 2213 649 2246 ἀπολαύσεως,
657 2215 704 2241 καὶ
714 2215 870 2249 συναφείας,

84 2259 134 2286 καὶ
155 2259 186 2285 τὸ
206 2259 276 2295 πρὸς
295 2259 396 2291 ταύτας
418 2259 604 2290 ἀστασιάστως
622 2260 687 2294 ὁρᾷν
705 2259 869 2295 αἱρούμενοι,

83 2306 170 2340 ἡγουν
181 2305 282 2331 τούτων
299 2305 433 2340 μετέχειν,
443 2305 486 2332 διὰ
494 2306 524 2332 τὸ
539 2306 577 2342 μὴ
589 2305 668 2332 τοῦτο
681 2306 783 2338 αὐτοῖς,
793 2305 870 2342 φησὶ,
888 2299 910 2328 Ῑ)

83 2350 158 2378 κατὰ
170 2350 231 2377 νοῦν
247 2352 354 2386 χωρεῖν,
368 2351 590 2387 ὲκταράσσονται.

121 2397 177 2423 Καὶ
191 2397 284 2424 ταῦτα
299 2397 397 2431 ἱστᾶν.
421 2397 498 2424 Οὕτω
512 2398 552 2424 δεῖ
564 2398 595 2425 τὸ
619 2399 700 2434 ῥητὸν
713 2399 792 2425 τοῦτο
812 2407 873 2425 συν-

83 2443 183 2474 θεῖναι,
200 2443 297 2470 ὃτικαὶ
310 2444 335 2470 οί
353 2444 486 2480 φιλὲριδες
508 2445 555 2472 καὶ
576 2445 686 2472 ἄστατοι
704 2445 837 2481 ἀμαυροῖς
850 2445 872 2461 ¹¹

83 2489 134 2516 καὶ
149 2489 226 2516 αὐτοὶ
247 2489 365 2522 εἰδώλοις
380 2490 427 2517 τοῦ
446 2491 555 2526 ἀγαπᾷν
573 2491 685 2527 εἰρήνην
696 2491 869 2526 κατέχονται·

83 2535 140 2562 ὑπὸ
164 2535 219 2571 γὰρ
242 2536 336 2562 παθῶν
363 2536 548 2572 ἐνοχλούμενοι
561 2558 568 2570 ,
596 2537 692 2564 καὶτὰ
708 2537 780 2573 πάθη
802 2537 871 2564 κατὰ

82 2581 212 2616 ἄγνοιαν,
228 2581 265 2613 ὡς
284 2581 353 2609 καλὰ
373 2581 495 2613 θέλοντες
511 2583 601 2618 ίστᾷν,
618 2583 740 2610 δοκοῦσιν
761 2584 872 2619 εἰρήνης

81 2627 240 2663 ὀρέγεσθαι,
255 2627 391 2663 ἐφιέμενοι
404 2628 489 2660 ἀδεῶς
503 2629 615 2660 ἑαυτοὺς
623 2628 768 2655 ἀπολαύειν
782 2629 802 2644 ¹¹
817 2629 870 2656 τῶν

84 2674 209 2711 ρευστῶν
233 2674 280 2701 καὶ
295 2673 388 2700 κακῶν
408 2674 515 2707 παθῶν,
540 2674 800 2710 ὲκταραττομὲνους,
823 2674 871 2701 ἐὰν

82 2720 243 2755 ἁποτύχωσι
257 2719 304 2746 τοῦ
323 2719 468 2746 ἀπολαύειν
486 2719 541 2747 τῶν
559 2719 742 2756 νομιζομένων
762 2719 869 2754 καλῶν,

81 2767 171 2794 ὅντων
181 2767 210 2793 δὲ
225 2765 319 2792 παθῶν
335 2766 367 2792 ¹³.
384 2766 460 2793 Κατὰ
472 2765 561 2793 κοινοῦ
576 2763 621 2792 οὖν
645 2766 676 2792 τὸ
694 2766 805 2797 ἑαυτοὺς
823 2775 871 2793 τα-

920 1665 984 1697 tias,
997 1673 1094 1701 nempe
1110 1665 1362 1692 Valentinianorum
1378 1669 1404 1692 et
1415 1665 1638 1696 Manichaeorum,
1655 1666 1703 1699 qui

920 1711 1062 1739 materiam
1074 1712 1244 1739 constituunt
1255 1711 1430 1746 principium,
1444 1712 1582 1739 contraria
1603 1712 1703 1740 divinis

920 1757 949 1784 in
966 1757 1056 1792 seipsa
1070 1756 1218 1788 ferentem;
1232 1756 1436 1785 instabilitatem
1451 1757 1523 1784 enim
1539 1761 1566 1785 et
1582 1757 1703 1785 circum-

921 1802 1082 1835 ferentiam,
1102 1806 1129 1830 et
1140 1802 1313 1834 infinitatem,
1336 1807 1363 1829 et
1379 1803 1488 1830 termini
1510 1803 1702 1838 privationem,

921 1853 948 1878 et
962 1849 1019 1876 haec
1030 1849 1121 1876 omnia
1133 1852 1290 1884 perpetuam
1303 1849 1446 1877 materiam
1462 1848 1606 1884 dicebant;
1631 1850 1703 1887 quod

920 1903 984 1924 vere
1003 1895 1114 1923 omnino
1128 1894 1226 1923 falsum
1241 1895 1413 1929 ostenditur;
1426 1896 1492 1923 nihil
1504 1897 1576 1924 cuitu
1587 1901 1639 1929 est,
1656 1906 1704 1925 ue-

921 1949 973 1978 que
985 1941 1047 1974 fuit,
1061 1941 1134 1977 quod
1150 1949 1204 1968 non
1219 1949 1253 1969 ex
1273 1949 1327 1976 quo
1342 1942 1504 1977 productum
1520 1948 1572 1976 est,
1588 1947 1614 1972 et
1624 1952 1704 1972 exor-

921 1992 1042 2016 natuma
1056 1988 1112 2016 Deo
1133 1988 1293 2023 productum
1315 1988 1351 2016 sit
1364 1990 1390 2017 in
1403 1988 1528 2024 formam,
1546 1994 1573 2018 et
1584 1991 1704 2018 divinam

921 2035 1121 2070 providentiam
1146 2040 1324 2062 consecutum
1343 2035 1399 2068 sit,
1420 2039 1450 2063 ut
1475 2036 1512 2063 ita
1539 2044 1569 2064 se
1593 2037 1705 2065 haberet

922 2081 1004 2109 sicuti
1023 2080 1186 2116 productum
1201 2080 1298 2108 fuerat.

959 2127 1083 2154 Obscuris
1105 2126 1266 2153 simulacris.
1293 2125 1344 2154 Pro
1370 2127 1495 2155 obscuris
1522 2128 1702 2164 imaginibus:

922 2173 1085 2208 appetebant
1103 2172 1174 2200 enim
1187 2172 1344 2199 fruitionem
1360 2175 1387 2200 et
1405 2173 1625 2207 coniunctionem
1641 2183 1705 2202 cum

923 2219 1002 2247 ﬂuxis
1017 2223 1044 2246 et
1055 2218 1277 2253 corruptibilibus
1291 2218 1487 2253 voluptatibus,
1503 2224 1584 2255 atque
1602 2221 1705 2255 eligen—

922 2268 963 2292 tes
983 2265 1031 2291 has
1050 2264 1110 2291 sine
1131 2264 1337 2298 perturbatione
1352 2263 1455 2297 videre,
1474 2273 1520 2293 seu
1538 2265 1580 2293 liis
1592 2267 1705 2301 partici-

923 2318 997 2346 pare,
1009 2311 1074 2345 quia
1088 2310 1149 2341 hoc,
1166 2309 1256 2345 inquit
1268 2331 1275 2343 ,
1289 2310 1356 2345 ipsis
1370 2311 1480 2338 minimc
1492 2319 1525 2339 ex
1540 2313 1623 2339 animi
1639 2321 1703 2342 sen-

923 2356 1009 2384 tentia
1021 2355 1154 2387 succedit,
1169 2355 1380 2383 conturbantur.

957 2403 992 2430 Et
1004 2403 1059 2430 [uec
1069 2402 1169 2429 sedare.
1182 2401 1221 2429 lta
1239 2405 1346 2437 oportet
1363 2403 1525 2430 sententiam
1543 2403 1613 2431 hanc
1628 2413 1703 2432 com-

923 2457 1032 2484 ponere,
1049 2449 1193 2476 nimirum:
1210 2447 1386 2479 contentiosi,
1398 2453 1425 2475 et
1439 2449 1561 2476 seditiosi
1576 2450 1703 2478 obscuris

922 2494 1005 2522 etiam
1032 2493 1195 2528 imaginibus
1221 2492 1357 2520 desiderio
1373 2493 1448 2527 pacis
1475 2497 1617 2529 tenentur;
1640 2504 1704 2523 nam

922 2539 1174 2575 perturbationibus
1188 2539 1292 2574 agitati,
1302 2543 1382 2573 atque
1392 2547 1424 2566 cx
1433 2539 1540 2568 inscitia
1550 2543 1702 2576 passiones,

923 2589 1051 2620 tanquam
1061 2585 1146 2612 bonas
1155 2584 1250 2612 sedare
1258 2584 1542 2619 cupientes,videntur
1554 2594 1647 2622 pacem
1656 2595 1704 2614 ex-

923 2633 1025 2664 petere.
1040 2630 1181 2662 cupientes
1195 2630 1254 2656 sine
1266 2635 1337 2656 metu
1349 2630 1427 2658 fluxis
1438 2635 1464 2658 et
1476 2632 1553 2659 malis
1569 2633 1705 2667 passioni-

923 2675 974 2702 bus
991 2675 1055 2707 frui.
1077 2676 1228 2710 perturbati
1246 2675 1268 2702 si
1287 2675 1452 2702 frustrentur
1466 2678 1597 2712 reputatis
1613 2678 1702 2709 bonis,

923 2721 970 2748 sed
979 2729 1072 2748 revera
1081 2721 1169 2748 malis.
1180 2720 1218 2748 Ex
1227 2721 1416 2749 subauditione
1425 2722 1464 2749 sic
1473 2730 1534 2749 cum
1543 2723 1655 2754 ἑαυτούς
1662 2728 1704 2752 est

923 2767 1148 2800 construendum,
1163 2770 1193 2793 ut
1208 2767 1425 2802 sit:expetentes
1440 2769 1556 2803 seipsos,
1571 2773 1702 2804 tanquam

546 2846 663 2874 VARl/E
680 2846 871 2875 LECTIONES
890 2847 934 2874 ET
953 2846 1227 2875 CORRECTIONES.

101 2917 113 2931 '
135 2924 182 2949 γρ.
200 2917 250 2948 τὴν
267 2917 413 2946 ἔκπτωσιν.
450 2918 471 2935 ιο
487 2926 531 2951 γρ.
549 2918 644 2952 ψευδὲς
663 2906 811 2950 mansit-3:.
847 2919 865 2935 1‘
880 2927 925 2954 γρ.
945 2918 1084 2954 ἀμυδροῖς.
1108 2919 1141 2956 _”
1159 2926 1204 2954 γρ.
1223 2917 1360 2944 ἀπολύειν.
1397 2915 1417 2931 ¹³
1433 2923 1477 2950 γρ.
1496 2915 1597 2942 κακῶν.
