1940 3064
104 167 154 199 ιοι

467 169 507 198 .S.
529 170 654 198 ΜΑΧΙΜΙ
672 170 819 200 SCHOLIA
836 173 872 200 ιΝ
889 172 954 201 LIB.
974 173 1018 202 DE
1032 174 1160 204 DIVlNlS
1179 175 1378 206 NOMINIBUS.

1671 180 1740 208 rm

138 224 194 250 Καὶ
206 223 292 257 θεοὺς
313 225 372 252 τῶν
392 225 497 255 όντων.
519 227 580 254 ’Ότι
602 227 653 255 οῦκ
673 229 726 255 εισι
743 229 799 256 θεοὶ
813 229 830 265 ἢ
845 229 880 266 δηη

981 229 1015 258 Et
1034 231 1096 259 deos
1109 240 1210 260 eorum.
1227 232 1288 261 Non
1300 242 1363 262 esse
1377 233 1443 263 deos
1461 240 1507 263 aut
1525 239 1664 264 crcatores
1682 229 1739 264 an?

104 270 231 305 μιουργοὶ
246 270 366 304 ἄγγελοι,
376 271 436 298 οὐδὲ
449 271 546 298 ἄλλοτι
557 273 633 308 παρὰ
645 273 690 300 τὸν
708 273 784 302 Θεόν.

145 315 272 351 Ἀληθῶς
286 318 337 345 καὶ
352 320 470 354 κυρίως.
483 320 648 356 Σημείωσαι,
659 322 699 349 ὅτι
713 322 773 349 οὐδὲ
787 319 865 355 οὗτος
878 323 893 351 ό

101 361 174 394 Odor;
188 363 258 399 ἀνὴρ
283 364 413 401 διαφορὰν
430 363 484 392 οἶδε
502 365 550 393 τοῦ
566 367 674 401 κυρίως
695 368 742 395 καὶ
761 369 890 404 ἀληθῶς.

141 409 201 443 Τὴν
221 411 452 438 αὐτοουσίωσιν.
476 412 519 440 Ἑν
532 413 637 445 τούτοις
661 414 827 451 σαφέστερον
842 416 892 452 τὴν

100 454 176 481 λύσιν
190 456 336 492 ἐποιήσατο
351 457 398 484 τοῦ
413 457 590 494 προτεθέντος
603 459 708 496 προὸλή
713 469 807 496 ματος,
817 461 892 494 ὅπως

99 502 154 538 χρὴ
168 501 260 529 λασείν
275 503 316 534 τὸ,
341 504 406 531 ποτὲ
431 504 556 539 λέγεσθαι
585 506 634 541 μὲν
652 506 735 534 αὑτὸν
751 507 891 544 αὑτοζωὴν

99 548 147 574 καὶ
163 547 197 575 τὰ
215 549 263 576 σὺν
277 549 351 585 αὐτῷ
368 550 414 577 τὸν
433 550 508 583 Θεὸν,
525 552 590 578 ποτὲ
603 552 631 579 δὲ
645 552 748 582 τούτων
772 554 891 583 ὑποστά-

96 601 159 629 την,
178 595 262 630 ἤγουν
275 595 360 622 ταῦτα
370 596 560 633 ὑποστήσαντα
570 607 577 614 ’
594 599 634 625 ὃτι
650 600 664 626 ὁ
681 600 741 634 μὲν,
751 599 789 632 ὡς
802 600 890 634 αἴτιος

97 640 199 668 τούτων
219 643 267 669 καὶ
283 642 353 679 ἁρχὴ
374 644 547 680 ὑπεράρχιος,
565 645 636 673 οὕτω
655 646 742 673 ταῦτα
762 647 887 682 λέγεταισ

96 685 132 713 τὰ
147 686 176 713 δὲ
190 686 254 714 όντα
276 688 377 716 τούτων
402 690 559 725 μετέχοντα,
583 691 728 719 καλοῦνται
748 692 779 726 ἐξ
798 693 889 721 αὐτῶν

96 731 197 765 ζῶντα,
220 734 267 760 καὶ
285 734 349 761 ὄντα
373 736 420 762 καὶ
442 736 530 763 ἔνθεα.
549 737 604 773 Τὴν
619 737 726 770 ζώωσιν
742 739 818 773 γοῦν,
838 740 888 777 τὴν

95 778 223 806 οὺσίωσιν
253 780 313 807 ἀντὶ
339 781 388 808 τοῦ
416 782 451 810 τὰ
475 783 626 820 πράγματα
641 785 673 818 ¹¹,
698 786 852 822 ὑπέστησεν
872 787 888 814 ὁ

95 825 171 869 (θεός.
187 825 306 861 Πρώτως
327 825 374 854 οὖν
399 829 563 865 ὲννοούμεθα
591 830 658 859 αὐτὸ
688 832 719 858 τὸ
750 833 886 869 πρᾶγμ’

93 868 144 897 εἷθ’
159 871 229 898 οὕτω
242 872 290 908 τὴν
306 873 451 911 καθολικὴν
464 875 547 902 αὐτοῦ
561 875 666 905 ἔννοιαν
676 886 683 892 ·
697 874 753 905 οἷον
763 878 813 917 τὴν
823 887 888 907 παν-

942 276 1029 312 gelos,
1045 285 1134 313 neque
1145 279 1250 314 aliquid
1266 280 1339 307 aliud
1351 285 1449 315 praeter
1460 280 1556 308 Deum.

983 324 1048 352 Vere
1061 333 1093 352 ac
1106 326 1221 360 proprie.
1236 325 1304 354 Nota
1319 327 1394 361 quod
1407 335 1495 363 neque
1509 327 1620 355 divinus
1634 327 1679 356 hic
1691 328 1735 356 vir

941 369 1124 398 diﬂ‘erentiam
1138 374 1270 406 agnoscat
1285 370 1357 398 inter
1372 371 1474 407 κυρίως
1484 375 1511 399 et
1525 370 1642 406 ἀληθῶς.

978 415 1030 443 Per
1040 425 1067 444 se
1083 424 1149 444 esse.
1167 416 1197 444 In
1213 417 1257 445 his
1269 417 1414 452 perspicue
1434 418 1521 453 magis
1537 417 1619 445 solvit
1633 425 1738 468 propo—|

942 463 1025 491 situm
1032 463 1156 496 dubium,
1164 463 1302 499 quomodo
1313 463 1503 498 accipiendum
1515 464 1561 496 sit,
1570 465 1658 499 ipsum
1670 463 1739 499 qui-'|

941 509 1003 537 dem
1018 509 1166 545 aliquando
1182 510 1236 537 dici
1251 511 1338 545 ipsam
1355 511 1449 543 vitam,
1467 515 1494 538 et
1513 518 1574 545 quae
1592 519 1654 538 cum
1671 505 1739 546 ipso?

940 555 1197 591 Deum;aliquando
1212 561 1303 583 autem
1314 556 1411 583 borum
1427 555 1596 583 conditorem
1609 563 1657 583 seu
1674 555 1739 592 haec:

940 601 1109 629 condidisse.
1125 601 1259 629 Nimirum
1271 609 1334 629 eum
1347 605 1477 636 tanquam
1485 601 1582 628 horum
1590 604 1732 628 auctorem

940 651 967 675 et
986 647 1151 683 principium
1181 655 1265 682 supra
1284 647 1448 683 principium
1465 647 1501 674 ita
1520 646 1669 678 nominari,
1685 647 1740 674 res'

939 701 1004 722 vero
1014 701 1075 729 qua:
1090 693 1336 729 haecfparticipaut,
1357 701 1389 721 ex
1403 693 1472 728 ipsis
1486 692 1579 720 vocari
1594 692 1728 724 viventes.

939 739 1105 768 exsistentes
1134 747 1166 766 ac
1186 739 1305 766 divinas.
1324 738 1394 774 Ergo
1411 738 1482 766 Deus
1497 746 1547 774 pro
1563 739 1647 766 rebus
1662 738 1730 773 ipsis

939 792 987 813 seu
1002 785 1107 813 eﬂ'ectis
1118 785 1248 820 produxit
1259 785 1367 812 vivendi
1384 785 1532 817 actionem,
1548 788 1575 812 et
1591 784 1729 811 actionem

938 831 1064 859 essentia:
1086 830 1230 858 datricem.
1257 829 1351 865 Itaque
1374 830 1462 865 primo
1475 830 1536 856 loco
1550 829 1729 865 intelligimus

938 878 1028 912 ipsum
1043 877 1180 905 ell'ectum.
1195 876 1294 904 POstea
1309 876 1490 904 universalem
1507 876 1568 911 ejus
1583 876 1730 912 cogitatio-

92 915 175 947 τοίως
183 915 373 954 θεωρουμένην
389 918 461 956 ζωὴν
472 920 488 956 ἢ
505 921 599 949 οὐσίαν
608 930 614 936 ·
632 923 680 950 καὶ
693 924 755 951 τότε
766 915 800 951 τά
812 933 880 961 μερι·

937 931 1011 956 nem,
1028 923 1144 956 scilicet,
1157 922 1286 950 omnibus
1301 922 1390 950 modis
1414 922 1616 950 consideratam
1643 922 1729 950 vitam

93 961 142 991 κὰ.
157 962 279 989 τουτέστι
290 964 340 1000 τὴν
354 964 401 991 τοῦ
416 965 476 992 καθ’
492 966 608 994 ἕκαστον
621 965 693 1001 εἶδος
706 969 810 997 ἔννοιαν
819 970 886 1007 λαμ-

92 1007 225 1044 ϐάνομεν,
254 1007 310 1038 οἷον
334 1011 384 1047 τῆς
409 1012 558 1049 ἀγγελικῆς
588 1013 605 1050 ἢ
633 1015 684 1051 τῆς
709 1015 886 1053 ἀνθρωπίνης

90 1053 175 1090 ζωῆς,
193 1055 240 1082 καὶ
263 1055 318 1084 τῶν
334 1056 436 1085 λοιπῶν
451 1055 492 1090 οἷς
510 1060 706 1093 συνεισϐάλλει,
727 1063 772 1089 καὶ
795 1063 884 1092 αὐτῶν

89 1099 146 1126 τῶν
168 1101 336 1137 μετεχόντων
351 1103 368 1138 ή
395 1104 500 1140 μνήμη.
525 1105 687 1141 Ἐπαγαγὼν
705 1107 734 1134 δὲ
747 1108 812 1137 εἶτα
825 1108 885 1135 τῶν

90 1146 172 1174 ὅλων
194 1147 294 1175 αὐτῶν
311 1150 508 1183 μετεχόντων,
525 1151 658 1187 ἐδήλωσεν
681 1152 719 1184 ὡς
737 1154 768 1180 οὐ
794 1155 884 1182 πάντα

90 1192 201 1220 πάντων
216 1193 375 1229 μετέχουσι·
388 1194 423 1221 τὰ
444 1195 493 1231 μὲν
517 1196 572 1232 γὰρ
587 1197 681 1230 οὐσίας
698 1198 794 1235 μόνης
811 1200 845 1228 τὰ
855 1201 883 1228 δὲ

89 1236 163 1274 ζωῆς
174 1247 181 1253 ·
194 1239 229 1265 τὰ
248 1239 277 1265 δὲ
295 1240 342 1266 καὶ
364 1241 494 1276 νοήσεως,
509 1241 525 1277 ἢ
545 1243 592 1273 καὶ
605 1243 779 1280 νοερότητος·
803 1246 837 1273 τὰ
853 1245 882 1272 δὲ

87 1285 157 1322 πρὸς
170 1285 275 1318 τούτοις
288 1287 335 1313 καὶ
352 1286 485 1320 θεώσεως.

125 1377 177 1403 Ὃν
190 1376 227 1404 τὰ
247 1376 320 1404 ὄντα
341 1378 456 1411 οἰκείως
474 1378 602 1413 ἑαυτοῖς.
618 1379 655 1407 To
666 1380 761 1409 δοκοῦν
777 1382 880 1419 ἀσαφέ-

87 1430 184 1457 στερον
204 1422 384 1458 σαφηνιπέον
400 1422 504 1454 οὕτως·
522 1425 537 1450 ὁ
550 1424 616 1456 Θεὸς
632 1425 724 1452 πάντα
739 1427 779 1459 εἰς
793 1436 880 1466 σωτη-

87 1467 149 1506 ρίαν
163 1468 192 1494 ὲν
207 1467 296 1503 ἑαυτῷ
319 1468 443 1504 προέχων
460 1469 680 1506 ὑπερηνωμένως
696 1471 743 1499 καὶ
767 1473 880 1501 ἀσυνθέὲ

84 1522 150 1546 τως,
167 1513 214 1540 καὶ
227 1513 265 1546 ὡς
279 1513 384 1550 πηγαία
395 1514 467 1551 ἁρχὴ
481 1515 514 1542 δι’
530 1515 700 1552 άγαθότητος
713 1518 877 1556 ὑπερὸολὴν,

84 1559 135 1586 καὶ
150 1561 206 1591 τοῖς
219 1559 250 1592 ἐξ
263 1559 347 1587 αὐτοῦ
370 1560 573 1596 δημιουργικῶς
588 1561 732 1595 ὑποστᾶσι,
752 1564 878 1601 καθάπερ

84 1606 198 1637 ἀκτῖνάς
216 1614 292 1638 τινας
308 1606 409 1641 ἀφιεὶς,
431 1607 519 1642 μένων
536 1607 604 1639 ὅλως
618 1609 647 1634 ὲν
661 1609 751 1644 ἑαυτῷ
768 1610 877 1646 μεταδί-

83 1651 151 1680 δωσι
167 1652 306 1688 μεθεκτόκ
327 1652 435 1688 ἑκάστῳ
451 1653 560 1685 οἰκείως
575 1654 630 1680 τῶν
652 1654 779 1690 μεγάλων
794 1657 877 1687 αὑτοῦ

83 1697 317 1734 προτερημάτων·
334 1698 364 1724 αἱ
383 1696 430 1724 οὖν
447 1698 480 1725 ὲκ
502 1698 556 1725 τῶν
581 1699 695 1727 ἐνόντων
712 1701 787 1737 αὐτῷ
808 1702 877 1737 ἀγα-

83 1743 137 1771 θῶν
157 1745 197 1776 εις
212 1744 354 1779 μετάδοσιν
375 1744 523 1780 ὲλλάμψεις
542 1746 729 1781 πρωτοτύτιως
741 1747 875 1783 λέγονται,

82 1790 131 1821 καὶ
146 1791 282 1818 αὺτοεϊναι
292 1792 339 1819 καὶ
351 1790 547 1824 αὐτοζωώσεις,
570 1793 617 1820 καὶ
631 1793 808 1827 αὐτοθεώσεις
830 1795 877 1822 καὶ

81 1837 132 1864 ὅσα
144 1836 257 1864 τοιαῦτα
270 1837 340 1865 κατὰ
357 1837 473 1873 μίμησιν
487 1837 540 1864 τῶν
560 1837 662 1874 ἀρχῶν,
686 1840 808 1868 τουτέστι
822 1841 876 1869 τῶν

82 1881 165 1910 αὑτοῦ
181 1881 214 1918 δὴ
228 1882 275 1909 τοῦ
291 1882 360 1910 Θεοῦ
383 1882 479 1914 ὄντων,
504 1883 575 1919 φημὶ
598 1877 648 1920 τῆς
671 1884 875 1922 αὺτοθεότητος,

81 1928 129 1959 καὶ
144 1928 389 1964 αὐτοαγαοότητος,
407 1929 453 1956 καὶ
468 1928 623 1965 αὑτοζωῆς’
639 1930 773 1967 δευτέρως
789 1932 876 1960 δὲκαὶ

80 1975 129 2002 ὅλα
142 1975 211 2003 αὐτὰ
227 1976 376 2012 ὑποστῆναι
397 1975 516 2010 λέγεται,
533 1975 576 2003 διὰ
590 1976 644 2004 τῶν
667 1978 736 2005 κατὰ
764 1979 876 2015 πρόοδον

81 2021 242 2051 ὑποστασῶν
257 2021 303 2048 ὑπ’
313 2020 395 2048 αὐτοῦ
411 2021 519 2053 οὐσιῶν,
537 2022 614 2054 ζωῶν
625 2023 713 2050 οὐσῶν
727 2024 874 2059 οὐσιωδῶς,

81 2066 129 2097 καὶ
149 2066 294 2103 διδομένων
318 2066 456 2103 μεθεκτῶς
473 2067 530 2098 τοῖς
558 2067 645 2101 ἀξίοις
659 2069 694 2084 ιθ·
723 2070 822 2106 τρίτως
846 2072 874 2098 δὲ

79 2112 134 2140 τῶν
147 2113 266 2149 μερικῶν
286 2114 389 2141 τούτων
405 2116 575 2151 μεταδόσεων
585 2123 591 2130 ·
615 2116 677 2143 τινὰ
693 2117 748 2154 γὰρ
767 2118 874 2154 μετέχει

80 2159 213 2192 ζωώσεως
242 2160 336 2197 μόνης,
352 2161 414 2188 τινὰ
434 2161 462 2188 δὲ
481 2162 526 2189 καὶ
551 2162 685 2196 θεώσεως,
705 2164 766 2191 τινὰ
781 2165 810 2191 δὲ
827 2165 874 2192 καὶ

79 2204 133 2232 τῶν
149 2204 217 2232 ὅλων
239 2205 307 2242 ὁμοῦ
335 2207 448 2240 τούτων,
472 2207 509 2239 ὡς
525 2209 553 2234 αἱ
570 2207 706 2236 ἀνώταται
721 2211 815 2246 νοηταὶ
828 2212 874 2239 δυ-

80 2251 185 2286 νάμεις.

936 974 984 997 aut
997 970 1157 1001 essentiam,
1171 972 1198 997 et
1211 973 1268 996 tum
1283 969 1472 1004 particularia,
1493 968 1521 995 id
1536 972 1578 996 est
1594 968 1729 1003 cujusque

936 1016 1035 1051 speciei
1058 1016 1268 1052 intelligentiam
1295 1015 1448 1051 accipimus
1468 1015 1599 1050 angelicae
1614 1019 1661 1042 aut
1675 1015 1728 1041 liu—

935 1070 1024 1090 manae
1036 1063 1108 1097 vitae,
1127 1071 1160 1091 ac
1186 1063 1355 1099 reliquorum
1371 1063 1474 1098 quibus
1495 1062 1627 1090 memoria
1644 1062 1727 1090 simul

934 1109 1081 1142 incumbit,
1097 1117 1129 1137 ac
1140 1117 1235 1138 eorum
1250 1117 1310 1145 qua).
1336 1109 1514 1145 participant.
1539 1108 1608 1135 Cum
1633 1112 1726 1136 autent

934 1156 1050 1189 addidit,
1071 1161 1127 1183 tum
1153 1163 1245 1183 eorum
1265 1163 1324 1191 qua:
1348 1155 1468 1183 omnibus
1489 1155 1664 1190 participant,
1687 1154 1726 1183 si-

933 1203 1073 1239 gniﬁcavit
1096 1211 1152 1231 non
1180 1203 1273 1233 omnia
1302 1202 1432 1231 omnibus
1460 1202 1649 1238 participare;
1670 1202 1725 1230 alia

932 1250 1005 1277 enim
1022 1250 1079 1278 sola
1095 1249 1227 1282 essentia,
1244 1250 1297 1276 alia
1319 1257 1383 1277 vero
1401 1249 1457 1276 vita
1472 1257 1480 1283 ;
1499 1248 1622 1284 quaedam
1642 1248 1724 1276 etiam

931 1297 1119 1324 intellectione
1133 1304 1182 1324 seu
1202 1295 1394 1331 intelligentia,
1411 1295 1534 1331 quaedam
1551 1299 1642 1323 autem
1653 1302 1724 1330 pra:-

931 1345 973 1369 ter
985 1342 1031 1368 illa
1040 1341 1122 1369 etiam
1135 1341 1288 1369 divinitate.

966 1387 1032 1421 Qum
1044 1395 1084 1414 res
1106 1392 1184 1422 prout
1199 1388 1292 1423 cuique
1314 1387 1445 1415 convenit.
1468 1386 1548 1421 Quod
1574 1385 1723 1414 obscurius

930 1433 1048 1466 videtur,
1071 1434 1108 1461 ita
1123 1433 1317 1462 declarandum
1332 1437 1386 1462 est.
1404 1433 1476 1461 Deus
1491 1433 1583 1461 omnia
1599 1433 1632 1460 ad
1648 1433 1723 1460 salu-

930 1483 984 1506 tem
1000 1478 1029 1509 in
1043 1479 1133 1514 seipso
1149 1483 1212 1508 ante
1229 1479 1333 1507 habens
1348 1479 1430 1507 modo
1446 1479 1605 1506 unitissimo
1619 1482 1647 1505 et
1663 1478 1723 1506 sine

929 1522 1140 1557 compositione,
1158 1530 1190 1550 ac
1205 1523 1279 1551 velut
1299 1523 1403 1552 fontale
1420 1523 1588 1559 principium
1607 1528 1723 1559 propter

929 1569 1061 1597 bonitatis
1081 1577 1237 1602 excessum.
1265 1574 1348 1605 atque
1372 1570 1406 1598 iis
1427 1577 1488 1606 qua:
1500 1570 1534 1597 ab
1547 1570 1606 1605 ipso
1620 1571 1722 1597 virtute

928 1614 1039 1642 creandi
1046 1614 1157 1643 condita
1165 1619 1240 1648 sunt,
1249 1615 1330 1643 veluti
1340 1616 1432 1643 radios
1440 1615 1572 1651 quosdam
1580 1617 1720 1650 etnitlens,

927 1664 1001 1689 totus
1038 1664 1066 1692 in
1092 1669 1122 1692 se
1145 1670 1273 1695 manens,
1304 1662 1453 1697 unicuique
1484 1669 1535 1697 pro
1563 1667 1642 1698 captu
1671 1670 1722 1697 per

926 1706 1037 1734 modum
1052 1707 1312 1735 communicationis
1334 1715 1448 1743 magnas
1464 1715 1529 1735 suas
1545 1708 1721 1738 excellentia:

925 1753 1120 1782 communicat.
1130 1752 1225 1789 Itaque
1237 1753 1435 1782 illustrationes
1446 1761 1478 1781 ex
1494 1754 1529 1782 iis
1541 1762 1601 1789 qua:
1612 1754 1666 1789 ipsi
1678 1754 1720 1782 in-

926 1803 991 1827 sunt
1002 1799 1082 1828 bonis
1099 1800 1379 1828 eommunicabilibus
1393 1800 1483 1835 primo
1503 1800 1565 1828 loco
1577 1800 1717 1835 dicuntur,

925 1850 952 1874 et
964 1846 1053 1882 ipsum
1066 1854 1138 1879 esse,
1151 1847 1273 1882 etipsius
1282 1847 1345 1874 vitae
1355 1846 1526 1882 largitiones,
1537 1851 1564 1875 et
1575 1847 1662 1882 ipsius
1674 1848 1691 1875 ιι
1705 1862 1720 1869 -

924 1892 1048 1920 vinitatis
1064 1892 1219 1929 largitiones
1230 1897 1256 1919 et
1264 1897 1398 1929 quotquot
1406 1893 1470 1922 talia
1479 1894 1628 1921 secundum
1636 1895 1718 1931 222

925 1938 1103 1966 imitationem
1117 1937 1326 1974 principiorum,
1348 1938 1376 1966 id
1391 1942 1434 1967 est
1447 1947 1546 1967 eorum
1556 1947 1618 1976 qua:
1631 1940 1718 1975 ipsius

924 1982 973 2012 Dei
985 1988 1060 2017 sunt,
1069 1984 1156 2019 ipsius
1163 1985 1315 2013 divinitatis
1324 1985 1447 2020 inquam,
1455 1990 1482 2013 et
1490 1986 1578 2023 ipsius
1585 1985 1718 2014 bonitatis

925 2034 1007 2065 atque
1025 2030 1111 2066 ipsius
1129 2031 1211 2064 vitae;
1230 2031 1351 2059 secundo
1375 2039 1441 2060 vero
1463 2033 1547 2060 etiam
1571 2036 1628 2060 tota
1657 2033 1718 2068 ipsa

923 2076 1079 2104 condidisse
1091 2076 1203 2110 dicitur,
1219 2081 1331 2113 propter
1346 2079 1481 2106 essentias
1494 2079 1554 2114 ejus
1568 2079 1718 2114 progressu

924 2122 956 2150 ad
973 2127 1049 2151 extra
1066 2123 1262 2157 subsistentes,
1277 2132 1338 2159 qur
1354 2124 1542 2153 essentialiter
1558 2130 1623 2153 sunt
1639 2126 1713 2159 vitae,

923 2173 950 2197 et
966 2169 1056 2205 dignis
1072 2170 1301 2198 communicando
1318 2170 1420 2197 dantur
1433 2179 1440 2204 ;
1454 2171 1536 2199 tertio
1550 2176 1640 2199 autem
1652 2179 1716 2207 par-

924 2215 1083 2242 ticularium
1098 2216 1197 2243 harum
1223 2216 1506 2244 communicationum
1526 2225 1621 2245 causa.
1636 2218 1716 2252 Qua:-

887 2248 910 2276 D
924 2261 987 2289 dam
1002 2261 1075 2289 enim
1099 2263 1185 2290 solam
1210 2263 1272 2290 vita:
1300 2263 1485 2299 largitionem,
1509 2264 1633 2300 quaedam
1650 2272 1715 2292 vero

79 2297 161 2349 etiam
172 2298 327 2349 divinitatis
348 2300 533 2337 largitionem,
561 2303 686 2337 quaedam
700 2302 820 2342 denique
843 2307 925 2336 simul
956 2309 1014 2338 haec
1030 2312 1086 2337 tota
1101 2329 1109 2343 ,
1133 2310 1206 2338 sicut
1226 2297 1362 2349 suprema:
1387 2297 1574 2348 iutelligibiies
1599 2313 1714 2343 virtutes

80 2343 256 2381 participant.

115 2389 176 2417 Τῶν
196 2392 335 2426 μερικῶν.
363 2395 474 2431 Μερικά
502 2405 568 2433 φησι
594 2397 644 2429 τὰς
668 2398 793 2436 διαδοχὰς
816 2401 870 2429 τῶν

78 2444 173 2470 γενων.

114 2483 168 2509 Καὶ
186 2483 241 2518 τῆς
249 2486 518 2522 αὺτοαγαθότητος.
537 2489 597 2517 ’Ότι
609 2491 656 2518 καὶ
670 2492 720 2527 τῆς
734 2492 870 2528 αὐτοαγα-

78 2527 189 2564 θότητος
202 2529 249 2556 καὶ
263 2530 389 2567 θεότητος
409 2532 563 2569 ὑποστάτης
579 2534 653 2562 ἐστὶν
667 2537 681 2562 ὁ
697 2527 871 2572 ὑπεράγαθος

77 2574 124 2602 καὶ
147 2575 287 2612 ὑπέρθεος.
318 2577 474 2613 Σημείωσαι
501 2577 548 2607 οὖν
573 2580 615 2607 ὅτι
635 2581 685 2608 οὐκ
702 2581 776 2609 ἐστιν
790 2582 870 2610 οὐσία

77 2619 142 2646 Θεοῦ
159 2619 193 2647 τὰ
207 2620 330 2648 τοιαῦτα.
356 2622 504 2657 Ἀνάγνωθι
531 2625 561 2652 ὲν
582 2626 616 2662 τῇ
649 2625 671 2661 β’
697 2627 766 2662 πρὸς
789 2627 869 2655 Γάϊον

77 2665 203 2702 ἔπιστολῇ
209 2688 215 2695 .

112 2712 257 2746 Προνοίας
271 2714 320 2740 καὶ
343 2714 538 2750 ἀγαθότητας.
561 2716 693 2753 Προνοίας
709 2718 756 2745 καὶ
770 2718 870 2753 ἀγαθό-

959 2400 1183 2429 Particularium.
1205 2400 1389 2430 Particularia
1413 2403 1480 2431 dicit
1502 2411 1632 2440 generum
1649 2414 1713 2434 suc-

923 2447 1075 2476 cessioncs.

959 2493 994 2522 Et
1011 2502 1056 2529 per
1075 2503 1102 2521 se
1117 2494 1253 2523 bonitatis.
1272 2495 1340 2523 Eum
1356 2503 1418 2524 esse
1429 2495 1516 2532 ipsius
1536 2496 1668 2526 bonitatis
1683 2503 1712 2527 ct

921 2539 1074 2568 divinitatis
1100 2541 1273 2569 conditorem
1289 2541 1337 2577 qui
1359 2545 1402 2570 est
1418 2550 1501 2578 supra
1518 2542 1667 2572 bonitatem
1683 2549 1711 2573 et

921 2593 1005 2620 supra
1020 2585 1200 2614 divinitatem.
1216 2586 1287 2616 Nota
1309 2587 1402 2623 igitur,
1419 2588 1484 2616 talia
1508 2597 1564 2616 non
1587 2597 1648 2617 esse
1662 2589 1709 2617 Dei

920 2632 1079 2660 essentiam.
1094 2632 1166 2668 Lege
1184 2633 1334 2662 secundam
1349 2634 1383 2662 ad
1398 2633 1495 2662 Caium
1515 2635 1672 2671 epistolam.

957 2720 1142 2749 Providentius
1166 2727 1190 2749 et
1208 2721 1347 2751 bonitates.
1368 2721 1560 2751 Providentia:
1574 2725 1602 2750 et
1625 2720 1707 2752 boni-

541 2807 660 2836 VARIA'I
677 2808 870 2839 LECTIONES
886 2811 931 2841 ET
950 2812 1226 2843 CORBECTIONES.

113 2905 135 2924 ⁸³
149 2905 200 2939 τὴν
213 2905 319 2940 θέωσιν,
336 2907 419 2944 ἠγουν
432 2906 502 2935 αὐτὰ
514 2906 548 2936 τὰ
566 2907 649 2943 πράγ.

701 2909 722 2926 ¹⁶
738 2918 783 2949 γρ.
798 2910 894 2946 ἁγίοις.
