1940 3064
113 186 166 213 405

485 183 513 212 S.
536 183 659 211 MAXIM]
677 182 824 211 SCHOLIA
842 182 874 209 IN
896 182 959 209 LIB.
980 181 1024 208 DE
1041 181 1168 209 DIVIle
1186 181 1382 210 NODIINIBUS.

1684 185 1743 213 ωε

111 241 192 268 mino
208 241 362 276 ἐσχηκότων
372 249 378 255 ·
397 240 430 267 τὰ
446 240 501 274 γὰρ
517 240 606 267 πάντα
628 241 660 266 ἐκ
683 239 750 266 Θεοῦ
766 240 834 271 ἐστι,
853 239 899 265 καὶ

953 239 997 274 qui
1024 240 1069 267 illa
1104 240 1313 277 participatione
1344 240 1464 274 habent;
1493 240 1584 267 omnia
1606 242 1678 269 enim
1703 251 1738 270 et

111 287 230 321 λέγεται,
248 287 294 313 καὶ
310 286 379 322 ἔχει·
397 287 411 313 6
426 286 491 317 θεὸς
507 285 537 318 ἐξ
551 285 666 317 οὐδενός.
687 284 748 320 [Διὰ
763 284 790 310 τί
807 285 899 319 Ἄγιος

112 333 209 367 ἁγίων,
230 333 278 359 καὶ
295 332 425 363 Βασιλεὺς
442 332 647 367 βασιλευόντων,
664 331 711 358 καὶ
727 330 830 366 Κύριος
845 330 900 357 τῶν

114 379 226 413 κυρίων,
240 378 287 405 καὶ
303 378 369 410 Θεὸς
381 378 448 405 θεῶν
464 377 595 414 λέγεται.]

156 425 267 460 Ἁγίους
277 424 310 451 δὲ
322 425 369 451 καὶ
379 424 528 457 βασιλεῖς.
547 424 628 455 Θείας
644 423 765 455 ἐπινοίας
780 423 794 449 ὁ
812 422 901 458 μακά-

114 480 172 507 ριος
201 467 278 502 οὗτος
303 470 462 505 ἠξιωμένος,
489 469 611 500 εὐσεϐῶς
630 468 665 495 τὰ
681 469 758 504 παρά
772 476 844 495 τισιν
861 469 900 500 εἰς

115 515 259 542 πολυθέων
274 515 423 542 ἐκπεσόντα
440 514 570 549 φιλοθέως
588 515 770 550 μυσταγωγεῖ,
788 513 835 540 καὶ
850 513 900 544 τὰς

113 561 297 596 ὲφεστηκυίας
312 560 366 587 τῶν
389 559 597 596 ὑποϐεϐηκότων
614 559 702 596 ἀρχὰς
717 559 788 586 κατὰ
804 558 900 595 ἐξοχὴν

112 607 216 642 ἁγίους,
246 607 293 634 καὶ
319 606 445 641 βασιλεῖς,
470 606 516 632 καὶ
532 606 652 641 κυρίους,
671 606 716 632 καὶ
733 605 810 636 θεοὺς
824 604 901 639 λέγε-

115 653 176 680 σοαί
193 661 286 688 φησιν,
304 652 398 688 ὥσπερ
420 652 466 678 καὶ
482 653 510 678 ὲν
527 651 681 688 ἀνθρώποις
696 652 721 678 οἱ
738 651 900 686 ἐξοχώτατοι

112 700 184 726 οὕτω
214 699 469 735 προσαγορεύονται,
500 698 546 725 καὶ
574 697 669 735 ὥσπερ
695 698 724 724 ὲν
748 699 814 733 ἡμῖν
829 698 854 723 οἱ
870 699 900 724 ὲν

112 747 197 782 ἀρετῇ
215 746 377 781 προῦχοντες
384 745 537 773 διδάσκαλοι
550 745 599 780 τὴν
616 744 716 780 ἀρετὴν
733 745 761 770 ὲν
777 746 811 780 τῇ
827 744 899 780 ψυχῇ

113 792 221 824 ὲνιαίως
248 791 478 828 συνηθροισμένην
503 791 604 827 ἔχουσι.
633 791 682 817 Διὰ
707 791 735 818 δὲ
760 790 809 826 τῆς
825 790 899 817 διδα-

114 839 227 871 σκαλίας
243 839 346 875 ἑτέροις
361 838 411 870 τὰς
435 838 536 874 ἀρετὰς
560 837 745 874 μεταδιδόντες
768 837 836 872 πρὸς
851 836 900 873 τὴν

111 885 243 921 διαφορὰν
258 885 305 912 τοῦ
323 885 439 920 πλήθους
455 884 508 911 τῶν
523 884 721 919 διδασκομένων
738 883 899 919 πληθύνεται

952 285 1007 314 Deo
1027 291 1091 314 sunt
1113 291 1140 314 et
1161 287 1290 314 dicuntur
1304 290 1332 314 et
1347 287 1471 321 habent;
1499 287 1571 316 Deus
1596 292 1688 316 autem
1703 297 1737 316 ex

951 333 1037 360 nullo.
1056 332 1159 368 [Quare
1178 332 1297 360 Sanctus
1308 337 1479 364 sanctorum,
1495 331 1553 360 Rex
1565 341 1670 369 regum,
1686 333 1738 361 Do-

951 378 1042 405 minus
1055 378 1266 411 dominantium,
1282 382 1309 406 et
1320 378 1391 407 Deus
1407 379 1520 406 deorum
1536 380 1662 416 dicitur.]

987 423 1100 451 Sancto;
1113 432 1171 451 vero
1186 429 1212 451 et
1224 433 1306 459 reges.
1322 424 1423 452 Beatus
1445 425 1490 452 hic
1511 425 1604 452 divina
1620 426 1739 462 inspira-

952 470 1025 496 tione
1043 469 1143 504 dignus
1161 469 1282 501 habitus,
1311 477 1343 497 ea
1363 478 1423 505 quae
1456 471 1526 505 apud
1552 471 1685 506 quosdam
1710 472 1739 500 in

951 514 1063 542 deorum
1077 515 1253 542 multitudine
1278 515 1389 550 delapsa
1407 520 1497 548 erant,
1513 517 1640 551 religiose
1654 521 1681 545 et
1696 518 1739 553 pie

951 560 1040 592 docet,
1057 565 1084 588 et
1102 560 1273 596 principatus
1298 560 1477 589 inferioribus
1508 562 1662 596 praefectos,
1691 570 1740 598 per

950 606 1140 634 excellentiam
1165 610 1286 639 sanctos,
1305 612 1332 634 et
1358 614 1446 642 reges,
1470 607 1608 640 dominos,
1631 612 1659 635 et
1673 608 1740 637 deos

951 653 1005 683 dici
1021 652 1147 685 aﬂirmat,
1168 653 1239 680 sicut
1254 653 1325 681 inter
1341 661 1392 681 nos
1410 653 1536 689 magistri
1557 655 1656 681 virtute
1671 662 1741 690 prae-

952 702 1066 731 stantes,
1087 699 1214 726 virtutem
1232 700 1260 726 in
1275 700 1365 726 anima
1381 699 1457 728 unite
1472 699 1615 729 collectam
1628 700 1739 730 habent.

951 744 1080 773 Docendo
1093 750 1191 774 autem,
1211 746 1326 773 virtutes
1346 746 1408 773 aliis
1433 747 1680 779 communicantes,
1696 755 1740 776 se.

950 791 1070 818 cundum
1095 791 1281 819 diversitatem
1302 792 1488 822 multitudinis
1511 800 1606 823 eorum
1623 793 1669 827 qui
1688 792 1741 820 do-

951 839 1049 864 centur
1068 837 1156 866 etiam.
1178 837 1266 865 virtus
1291 838 1327 864 ab
1344 838 1412 873 ipsis
1431 838 1634 865 communicata
1660 838 1743 875 ω

951 883 1166 918 multiplicatur:
1179 883 1221 911 sic
1240 883 1347 911 fortiori
1371 884 1489 919 quadam
1507 889 1534 912 et
1546 884 1675 911 diviniori
1695 892 1741 911 ra-

112 931 161 958 καὶ
189 932 205 966 ἡ
236 930 430 967 μεταδιδομένη
463 932 527 966 παρ’
559 930 648 959 αὐτῶν
679 930 763 965 ἀρετή
777 938 783 944 ·
814 929 899 962 οὕτως

953 930 1025 957 tione
1040 930 1068 956 in
1083 930 1259 965 incorporeis,
1275 931 1421 958 ordinibus
1438 931 1678 966 contemplandum
1693 939 1700 964 ;
1715 936 1743 958 et

114 977 260 1013 ίσχνοτέρῳ
275 977 328 1004 τινὶ
345 978 392 1004 καὶ
409 977 539 1011 Θειοτέρῳ,
551 977 645 1012 τρόπῳ
665 977 724 1003 ἐστὶ
744 975 798 1002 τῶν
828 976 900 1002 ἀσω-

113 1023 206 1058 μάτων
221 1023 324 1056 τάξεων
340 1023 476 1059 θεωρητόν
485 1024 505 1039 ¹⁷
514 1031 521 1038 ·
532 1024 578 1050 καὶ
584 1023 628 1050 διὰ
635 1022 688 1049 τῶν
704 1022 846 1057 ἁνωτέρων
854 1022 901 1048 καὶ

111 1070 312 1105 πλησιαιτέρων
341 1069 402 1105 Θεῷ
420 1071 448 1096 at
469 1069 667 1105 ὑποδεὸηκυῖαι
697 1069 790 1102 τάξεις
822 1069 901 1104 μετέ-

111 1124 188 1150 χουσι
218 1115 272 1142 τῶν
302 1116 410 1152 δωρεῶν
430 1115 477 1142 τοῦ
501 1115 580 1148 Θεοῦ,
602 1116 696 1151 ὥσπερ
712 1116 744 1142 ὲκ
762 1115 901 1151 κρατῆρος

111 1162 326 1199 ὑπερϐλύζοντος
343 1163 390 1189 καὶ
405 1161 582 1197 πηγάζοντος,
599 1162 634 1188 τὰ
653 1163 701 1198 μὲν
718 1161 901 1198 πλησιάζοντα

112 1209 198 1244 σκεύη
219 1209 314 1245 πρῶτα
330 1209 505 1245 πληροῦνται,
522 1209 653 1245 δεχόμενα
668 1209 699 1236 τὸ
715 1209 763 1235 ἐπὶ
778 1209 813 1235 τὰ
829 1208 900 1239 αὐτὰ

110 1256 275 1292 φερόμενον·
299 1253 367 1288 εἶτα,
389 1256 438 1283 καὶ
463 1255 552 1282 αὐτῶν
579 1255 812 1290 ὑπερϐλυςόντων,
843 1255 900 1282 διας

110 1303 197 1336 χεῖται
220 1301 260 1333 είς
282 1301 365 1338 ἕτερα
389 1301 557 1337 ὑποκείμενα
584 1301 679 1337 σκεύη,
703 1302 750 1329 καὶ
777 1302 845 1338 πρὸς
867 1302 900 1329 τὸ

109 1347 211 1383 πλῆθος
226 1346 281 1374 τῶν
303 1347 466 1383 δεχομένων,
493 1348 539 1374 καὶ
560 1347 610 1383 τὴν
633 1348 765 1384 διαφορὰν
781 1348 836 1375 εἴτε
855 1358 900 1384 μι-

110 1393 184 1429 κρῶν
200 1393 256 1420 είτε
274 1393 409 1429 μεγάλων,
426 1391 481 1420 οἷον
503 1393 719 1430 διαρῤαντίζεται
740 1395 772 1421 τὸ
792 1396 824 1422 ὲκ
851 1394 898 1422 τοῦ

110 1440 247 1475 κρατῆρος
272 1439 422 1472 ἀναϐλῦζον
448 1440 504 1467 τῶν
526 1440 642 1476 πρώτων
666 1440 771 1470 σκευῶν
787 1442 817 1468 ὲν
833 1442 898 1468 ἐαυ-

107 1489 164 1519 τοῖς
181 1487 295 1522 ἑχόντων
321 1487 391 1514 κατὰ
406 1487 456 1523 τὴν
472 1487 586 1522 ἑνότητα
607 1487 655 1513 τοῦ
671 1487 853 1523 πληρώματος
868 1488 899 1514 τὸ

108 1533 224 1570 πρώτως
240 1535 272 1560 ἐκ
293 1533 341 1560 τοῦ
363 1534 499 1570 κρατῆρος
521 1533 642 1569 ὲνεχθέν·
660 1533 732 1560 οὕτω
748 1534 897 1570 παχυτέρῳ

108 1580 178 1616 λόγῳ
194 1580 244 1616 τὴν
260 1580 390 1615 ἀφθονίαν
406 1580 456 1615 τῆς
474 1579 641 1614 μεταδόσεως
664 1579 719 1606 τῶν
744 1580 825 1607 θείων
847 1581 899 1607 δων

951 976 1096 1003 inferiores
1108 975 1220 1004 ordines
1237 984 1286 1011 per
1301 976 1460 1012 superiores
1474 980 1501 1004 ct
1512 975 1568 1009 Deo
1582 976 1741 1010 viciniores,

951 1021 998 1049 Dei
1014 1022 1086 1050 dona
1099 1023 1274 1058 participant,
1289 1026 1360 1051 sicut
1374 1031 1406 1050 ex
1420 1028 1526 1051 cratere
1536 1024 1702 1051 exuberante
1714 1027 1743 1052 et

951 1069 1130 1101 scaluriente,
1159 1070 1250 1097 vicina
1265 1070 1375 1105 quidem
1392 1078 1469 1102 vasa,
1487 1070 1574 1105 prima
1590 1070 1740 1105 replentur,

950 1117 1115 1152 excipientia
1129 1116 1203 1152 quod
1225 1116 1253 1144 in
1271 1116 1329 1152 ipsa
1345 1116 1462 1150 decidit;
1478 1120 1573 1151 postea
1587 1115 1643 1143 illis
1658 1116 1742 1144 etiam

950 1163 1168 1190 exuberantibus
1183 1162 1282 1190 diffluit
1296 1163 1324 1190 in
1344 1163 1398 1190 alia
1424 1163 1550 1198 subjecta
1566 1170 1640 1195 vasa,
1658 1168 1685 1191 et
1698 1171 1744 1191 se-

951 1209 1070 1236 cundum
1083 1209 1285 1236 multitudinem
1301 1209 1537 1244 recipientium,ct
1551 1209 1742 1237 diversitatem

951 1256 1009 1284 sive
1025 1263 1172 1291 parvorum
1196 1256 1254 1284 sive
1270 1263 1445 1291 magnorum;
1462 1256 1567 1283 scilicet
1587 1255 1744 1291 aspergitur

949 1302 1023 1337 quod
1035 1310 1068 1330 ex
1084 1306 1191 1330 cratere
1205 1303 1376 1330 exuberabat
1389 1301 1485 1337 primis
1497 1302 1571 1329 vasis
1591 1303 1619 1330 in
1635 1310 1664 1330 se
1675 1310 1743 1329 con—

949 1349 1103 1377 tinentibus
1116 1357 1164 1384 per
1191 1349 1325 1377 unitatem
1351 1349 1530 1384 plenitudinis
1553 1349 1627 1384 quod
1654 1349 1743 1383 primo

949 1405 981 1424 es
996 1401 1104 1424 cratere
1118 1397 1256 1424 delatum:
1275 1397 1313 1424 ita
1329 1397 1435 1424 rudiori
1452 1403 1579 1424 sermone
1599 1396 1743 1423 abundan-

950 1443 1016 1470 tiam
1041 1442 1301 1471 communicationis
1334 1443 1488 1470 divinorqu
1516 1442 1652 1470 donorum
1671 1440 1743 1471 dixi-

949 1497 1009 1517 sam
1025 1489 1053 1516 in
1075 1497 1172 1517 omnes
1198 1490 1303 1524 primos
1329 1489 1442 1516 ordines
1468 1488 1686 1523 intelligendum.
1708 1485 1743 1514 Et

948 1536 1096 1571 Apostolus
1106 1543 1155 1563 vas
1165 1535 1309 1563 electionis
1320 1535 1479 1562 nominatus
1488 1538 1530 1562 est
1541 1534 1566 1562 ἀ.
1581 1533 1662 1567 Nota,
1676 1541 1740 1561 eum

950 1591 1023 1610 nunc
1033 1583 1126 1610 dicere
1140 1582 1225 1610 Deum
1242 1589 1297 1609 non
1313 1589 1403 1616 posse.
1419 1580 1619 1608 communicari
1640 1587 1740 1608 secum

109 1626 179 1661 ρεῶν
195 1615 376 1663 μεριζομένην
392 1628 432 1659 είς
449 1627 571 1658 ἅπαντας
586 1626 630 1653 διὰ
646 1627 701 1653 τῶν
718 1627 835 1663 πρώτων
845 1628 898 1654 δια-

953 1629 1015 1656 dum
1030 1633 1135 1656 natura:
1147 1629 1293 1656 rationem.

107 1674 217 1708 κόσμων
232 1674 351 1710 νοητέον.
369 1674 425 1701 Καὶ
439 1675 453 1701 6
476 1674 637 1706 Ἀπόστολος
658 1674 755 1707 σκεῦος
777 1675 833 1710 γὰρ
849 1675 965 1711 ἐκλογῆς
986 1676 1143 1712 ὠνομάσθη.
1169 1676 1325 1712 Σημείωσαι
1341 1675 1374 1702 δὲ’
1391 1676 1433 1702 ὅτι
1456 1676 1608 1711 ἁμέθεκτον
1630 1674 1678 1701 νῦν
1694 1674 1740 1701 τὸν

107 1720 175 1747 Θεὸν
192 1720 262 1748 κατὰ
277 1720 325 1748 τὸν
339 1721 390 1757 τῆς
405 1720 513 1756 φύσεως
528 1720 606 1755 λόγον
637 1721 715 1757 φησί,

143 1765 289 1800 Διαφορὰς
319 1766 506 1800 πληθύουσι.
539 1766 669 1793 Τουτέστι
701 1767 810 1799 πλείους
841 1766 898 1793 δειη

107 1813 249 1841 κνύουσιν·
273 1813 335 1839 ὅσον
356 1812 412 1848 γὰρ
433 1812 548 1848 διάφορα
569 1812 604 1839 τὰ
628 1812 788 1848 μετέχοντα,
806 1812 900 1839 τοσοῦ-

107 1868 153 1886 τον
169 1859 216 1886 καὶ
231 1859 260 1886 at
275 1859 375 1894 δωρεαὶ
391 1858 540 1890 πολυειδεῖς
555 1857 752 1893 διαφαίνονται.

336 1913 390 1940 ΕΙΣ
406 1914 450 1940 ΤΟ
466 1913 591 1940 ΚΕΦΑΛ.
616 1914 666 1941 ll".

145 1959 159 1995 ᾗ
169 1960 190 1986 l.
206 1960 212 1969 '
219 1960 269 1994 Υφ’
279 1959 551 1994 ἐαυτοῦμονοειὸὧς
559 1960 780 1995 ἀφοριζόμενον.
795 1961 824 1987 ’0
831 1961 898 1993 Θεὸς

109 2006 206 2034 ἑαυτοῦ
223 2006 270 2033 καὶ
285 2006 346 2042 ὅρος
371 2007 419 2032 καὶ
439 2006 531 2039 τόπος,
549 2007 596 2033 καὶ
613 2007 688 2034 οὐδὲν
705 2007 897 2043 ὑπερεκτείνε-

108 2061 154 2080 ται
169 2053 215 2079 τοῦ
232 2052 299 2080 Θεοῦ
310 2061 317 2067 ·
341 2052 409 2079 ἀλλὰ
429 2053 476 2080 καὶ
491 2053 526 2080 τὰ
548 2053 650 2090 ἄπειρα
666 2053 747 2085 αὐτὸς
764 2055 878 2089 περατοί
889 2062 896 2068 ·

108 2100 171 2131 τοὺς
187 2099 242 2135 γὰρ
258 2099 359 2131 αίῶνας
390 2099 521 2135 ἀπείρους
543 2100 625 2132 ὄντας
651 2099 721 2135 (οὐδὲ
737 2099 792 2136 γὰρ
807 2100 899 2135 ἔχουσι

111 2146 212 2182 πέρας)
245 2146 336 2178 αὐτὸς,
359 2146 399 2182 τῷ
420 2146 526 2182 ἀπείρῳ
556 2145 667 2181 μεγέθει
699 2145 840 2181 ὑπερέχων
860 2145 900 2180 τῷ

110 2192 206 2218 ἑαυτοῦ
232 2192 436 2228 ἀπειροπλασίῳ
468 2192 600 2228 περιέχει·
629 2192 677 2219 καὶ
706 2193 797 2219 πᾶσαν
822 2192 900 2228 ἀορι-

111 2240 186 2266 στίαν
212 2239 293 2274 ζωῆς,
321 2240 359 2272 ὡς
384 2240 430 2266 ἐπὶ
455 2239 510 2266 τῶν
526 2239 644 2274 νοητῶν·
662 2239 693 2265 οὐ
709 2238 765 2274 γὰρ
781 2238 898 2274 ὥρισται

109 2286 213 2318 τούτοις
228 2287 243 2313 6
259 2273 326 2322 βίος,
343 2286 381 2318 ὡς
397 2286 443 2312 ἐπὶ
459 2273 619 2322 ἀνθρώπων,
636 2285 693 2312 ἀλλ’
710 2273 840 2313 ἀθάνατοι
868 2278 897 2311 ἒ·
914 2273 936 2300 D

110 2332 267 2368 κτίσθησαν.
279 2333 307 2360 Ὁ
323 2333 350 2360 δὲ
374 2332 440 2365 Θεὸς
465 2334 494 2360 ὲν
516 2333 554 2369 τῷ
571 2333 744 2369 ὑπεραιωνίῳ
759 2332 835 2365 ἐντὸς
850 2331 899 2367 τῆς

110 2379 175 2410 ιδίας
191 2379 338 2415 ὰῖδιότητος
355 2380 526 2416 όρίζεται¹⁷⁶.

143 2426 157 2461 §
173 2427 207 2453 ll.
227 2428 283 2453 Ἓν
297 2426 341 2458 δὲ,
367 2427 412 2453 ὅτι
435 2426 543 2454 πάντα.
571 2426 660 2453 Πολλὰ
676 2427 716 2462 τῷ
733 2426 851 2462 ἀριθμῷ,
869 2426 898 2453 ἓν

107 2473 136 2500 δὲ
150 2472 190 2508 τῷ
206 2472 279 2505 εἴδει,
303 2472 338 2499 τὰ
361 2473 525 2508 νομίσματα,
547 2474 594 2499 καὶ
610 2473 644 2500 τὰ
661 2474 791 2510 ἀργύρια,
810 2474 856 2501 καὶ
872 2475 897 2500 οἱ

107 2519 209 2545 όϐολοί’
227 2519 258 2545 τὸ
273 2519 328 2555 γὰρ
350 2517 420 2551 εἶδος
436 2519 475 2551 ἓν,
490 2520 505 2555 ἥ
531 2520 639 2555 χαλκὸς,
656 2520 672 2555 ἢ
690 2521 798 2556 χρυσὸς,
816 2521 832 2556 ἢ
849 2521 899 2556 ἄρ-

109 2573 208 2601 γυρος·
225 2565 257 2592 τὸ
271 2565 300 2592 δὲ
321 2565 405 2592 πολλὰ
427 2568 487 2597 ταῖς
502 2566 659 2602 δυνάμεσιν,
676 2567 714 2598 ὡς
731 2568 759 2593 at
777 2567 851 2598 πόαι,
869 2567 898 2593 ἓν

107 2612 136 2639 δὲ
151 2611 190 2647 τῷ
206 2611 285 2638 εῖδει·
307 2613 392 2638 πᾶσαι
418 2612 473 2648 γὰρ
500 2613 608 2648 χόρτος·
637 2613 669 2639 τὸ
693 2613 721 2640 δὲ
738 2613 823 2640 πολλὰ
843 2615 899 2645 τοῖς

108 2658 216 2690 εἴδεσιν,
233 2655 288 2684 οἷον
313 2658 405 2690 ῐππος,
424 2658 496 2694 βοῦς,
514 2659 668 2694 ἄνθρωπος,
685 2661 733 2687 καὶ
748 2660 782 2686 τὰ
799 2659 894 2695 νοητὰ,

108 2704 137 2731 ἒν
152 2704 180 2731 δὲ
195 2703 235 2740 τῷ
257 2704 342 2738 γένει,
369 2705 410 2731 ὃτι
431 2705 518 2732 ταῦτα
542 2706 611 2738 ζῶόν
633 2707 702 2733 εἱσι·
721 2706 752 2733 τὸ
767 2706 796 2733 δὲ
813 2705 898 2733 πολλὰ

150 2783 164 2804 ἀ
177 2783 238 2812 Act.
257 2791 283 2811 ix
295 2802 303 2815 ,
319 2783 363 2811 15.

986 1765 1167 1800 Diﬂ'erenlt'as.
1184 1765 1372 1800 multiplicant.
1404 1765 1431 1791 Id
1459 1768 1501 1792 est
1527 1765 1621 1800 plures
1646 1769 1740 1794 osten-

950 1812 1035 1845 dunt;
1051 1815 1183 1847 quantum
1201 1811 1274 1839 enim
1289 1812 1398 1839 diversa
1410 1815 1475 1839 sunt
1487 1819 1548 1846 qum
1564 1812 1738 1848 participant,

949 1862 1055 1886 tantum
1067 1857 1150 1886 etiam
1165 1857 1237 1886 dona
1248 1857 1426 1885 multifariam
1439 1860 1582 1892 apparent.

1235 1914 1269 1942 ΙΝ
1289 1914 1367 1943 CAP.
1386 1913 1457 1942 XIII.

987 1963 1001 2000 §
1019 1963 1040 1990 Ι.
1062 1962 1082 1990 Α
1098 1971 1125 1990 se
1136 1962 1305 1997 uniformim
1316 1961 1451 1997 definitus.
1469 1959 1545 1989 Deus
1555 1960 1598 1989 sui
1609 1960 1695 1996 ipsius
1711 1961 1740 1987 [l-

951 2010 995 2038 nis
1010 2014 1037 2038 et
1052 2010 1140 2042 locus,
1157 2009 1279 2045 nihilque
1292 2016 1375 2044 supra
1398 2008 1484 2036 Deum
1500 2007 1658 2036 extenditur
1672 2017 1679 2040 ;
1692 2007 1741 2035 sed

950 2056 1009 2091 ipse
1024 2056 1132 2083 inﬁnita
1145 2056 1257 2089 deﬁnit;
1270 2063 1333 2082 nam
1347 2055 1447 2082 sarcula
1466 2061 1528 2089 quze
1546 2057 1611 2081 sunt
1622 2053 1739 2086 inﬁnita,

950 2111 1004 2130 non
1024 2103 1096 2130 enim
1117 2102 1264 2130 terminum
1285 2101 1398 2134 habent,
1422 2100 1568 2135 multiplici
1584 2107 1634 2127 sua
1649 2099 1741 2126 infini-

950 2151 1006 2176 tate
1020 2148 1224 2183 complectitur,
1240 2151 1267 2175 et
1285 2154 1395 2174 omnem
1413 2147 1497 2173 vitam
1520 2145 1629 2172 termini
1643 2152 1741 2179 exper-

949 2198 1016 2226 tem,
1033 2195 1105 2221 sicut
1122 2194 1149 2221 in
1165 2193 1383 2228 intelligibilibus
1400 2192 1501 2219 habent
1516 2192 1608 2224 linem,
1623 2191 1681 2226 ipse
1698 2191 1741 2218 in-

952 2240 1044 2271 finita;
1057 2248 1106 2267 seu
1128 2240 1243 2276 angelis,
1261 2247 1316 2266 non
1338 2239 1412 2266 enim
1429 2239 1472 2265 bis
1489 2238 1653 2265 terminatur
1672 2238 1739 2270 vita,

950 2285 1180 2321 quemadmodum
1196 2286 1224 2313 in
1239 2284 1405 2316 hominibus,
1421 2284 1647 2312 sedimmortales
1663 2291 1742 2311 crea-

949 2334 970 2360 ti
982 2336 1057 2360 sunt.
1073 2332 1146 2360 Deus
1159 2340 1224 2360 vero
1248 2332 1275 2360 in
1296 2335 1479 2366 super-aeterna
1503 2331 1614 2367 propria
1629 2331 1740 2358 περι-ηἰ-

950 2383 1006 2406 tate
1020 2379 1196 2406 terminatur.

986 2425 999 2461 ᾗ
1018 2425 1051 2453 ll.
1066 2425 1152 2452 Unum
1167 2429 1266 2458 autem,
1277 2425 1340 2460 quia
1351 2429 1389 2452 est
1400 2424 1499 2451 omnia.
1514 2423 1597 2450 Multa
1612 2431 1738 2455 numero,

950 2481 1035 2499 unum
1042 2481 1106 2500 vero
1112 2473 1212 2508 specie,
1221 2472 1394 2502 numismata.
1402 2472 1517 2506 pecunia
1525 2475 1552 2498 et
1558 2470 1645 2503 oboli;
1656 2478 1740 2497 unum

950 2519 1023 2546 enim
1036 2519 1195 2554 specie,aut
1208 2526 1255 2550 aes,
1269 2521 1315 2545 aut
1326 2525 1435 2549 aurum,
1446 2521 1493 2544 aut
1505 2521 1665 2552 argentum;
1681 2516 1739 2544 vir-

951 2569 1008 2593 tute
1020 2570 1110 2593 autem
1121 2566 1216 2597 multa,
1233 2569 1262 2592 ut
1275 2565 1376 2598 herbae,
1390 2565 1439 2592 sed
1452 2572 1537 2592 unum
1556 2563 1657 2599 specie,
1674 2569 1738 2588 nam

949 2621 1046 2641 omnes
1055 2613 1164 2640 fenum:
1181 2613 1267 2640 multa
1276 2620 1340 2640 vero
1350 2612 1505 2648 speciebus,
1521 2613 1551 2637 ut
1563 2617 1660 2645 equus,
1676 2608 1738 2639 bos,

950 2661 1043 2693 homo,
1058 2663 1086 2687 et
1100 2659 1293 2694 intelligibilia,
1311 2667 1358 2687 seu
1383 2658 1491 2694 angeli;
1507 2663 1591 2684 unum
1608 2663 1673 2682 vero
1688 2662 1738 2688 ge-

949 2715 1024 2739 nere,
1036 2706 1100 2742 quia
1115 2706 1174 2734 lizec
1188 2708 1254 2734 sunt
1270 2705 1388 2736 animal:
1406 2704 1493 2732 multa
1507 2706 1598 2730 autem
1614 2706 1740 2736 progres-

575 2860 692 2888 VARIzE
710 2860 903 2890 LECTIONES
920 2860 964 2889 ΕΤ
985 2860 1256 2893 COBRECTIONES

144 2930 165 2947 "
181 2937 226 2966 γρ.
240 2929 401 2965 θεωρητέον.
444 2929 478 2965 ⁸7⁸
496 2939 540 2966 γρ.
554 2928 648 2966 ὁρίζει.
