1940 3064
159 2983 174 2995 κ

204 181 256 209 ιιι-ι

601 178 770 207 APPENDIX
788 178 833 206 AD
848 177 964 206 OPERA
980 179 1009 208 S.
1027 177 1178 207 DIONYSII
1196 177 1437 207 AREOPAGITE.

1777 179 1832 208 tos

204 239 329 268 sionibus
353 238 458 266 scilicet
473 245 488 265 a
503 237 569 270 Deo,
584 243 727 271 creatura,
744 238 792 265 sed
811 245 895 265 unum
912 238 987 274 prin-.

1042 240 1102 270 ταῖς
1133 237 1264 274 προόδοις,
1297 238 1326 264 αἱ
1353 237 1541 273 δημιουργίαι,
1563 235 1593 262 ἓν
1615 236 1644 263 δὲ
1658 237 1693 272 τῇ
1709 236 1798 272 ἀρχῇ’
1816 238 1832 264 ὁ

203 286 287 322 cipio.
303 284 374 313 Deus
388 285 462 312 enim
478 285 602 312 omnium
621 289 664 312 est
679 288 785 312 auctor.

238 331 291 360 Sed
304 331 524 367 quemadmodum
534 339 658 358 numerus
670 331 766 358 omnis.
779 329 859 366 225
875 329 992 358 Pulchre

202 379 373 407 demonstrat
394 378 466 413 quod
488 378 620 409 intendit;
637 378 702 404 huic
724 377 797 405 enim
817 378 911 405 divino
931 379 991 406 viro

202 433 304 462 scopus
314 429 367 457 est,
384 425 546 453 sententiam
573 432 650 452 suam
671 425 754 452 etiam
773 431 806 451 ex
822 425 926 452 ratione
939 433 990 452 nu-

201 471 326 499 merandi
351 470 524 498 conﬁrmare.
548 469 619 497 Dicit
634 470 726 505 itaque
741 470 844 497 nullam
856 478 913 498 rem
928 479 990 499 esse

200 519 283 546 unius
298 523 447 553 expertem,
463 517 489 544 id
504 521 546 545 est
565 516 631 550 Dei;
649 517 713 552 quia
740 517 831 544 omnis
858 525 990 546 numerus

201 564 334 592 unitatem
349 564 509 599 participat;
526 570 589 590 nam
611 563 634 590 si
656 571 671 590 a
683 563 791 590 duobus
806 564 868 598 quis
880 563 989 599 incepe-

200 611 246 643 rit,
267 618 349 638 unam
378 610 537 637 dualitatem
563 610 680 645 primam
704 614 841 641 numerat,
857 613 884 638 ct
893 618 927 638 ex
942 610 990 638 de-

199 663 259 684 cem
275 655 412 688 simililer,
429 654 546 690 amplius
563 655 641 687 dicit,
654 654 727 690 quod
748 655 800 683 etsi
816 655 915 690 aliquis
930 656 989 690 pri—

199 709 245 729 mo
254 701 388 736 inceperit
405 708 421 728 a
437 700 570 734 minimis,
595 703 721 728 numerat
733 700 876 728 dimidium
892 709 988 734 unum,

199 750 226 774 et
241 754 325 774 unum
344 746 465 780 tertium,
479 753 564 774 unum
579 745 726 778 decimum,
744 750 770 773 et
789 745 828 772 ita
844 746 988 781 deinceps;

198 793 292 828 itaque
307 800 360 820 non
372 796 415 820 est
429 799 572 824 numerus,
596 792 642 827 qui
659 799 713 819 non
737 791 883 826 participet
898 791 990 818 unita-

198 844 254 867 tem
281 846 330 867 seu
356 839 516 866 monadem:
532 839 583 866 etsi
605 838 676 866 enim
704 837 791 872 partis
818 836 989 869 meminerisl

198 886 285 918 dices,
302 893 385 913 unam
401 884 553 917 dimidiam,
565 889 592 912 et
602 892 684 913 unam
711 884 831 916 tertiam,
848 891 931 911 unam
942 884 989 912 de-

199 932 310 962 cimam,
327 936 354 959 et
377 931 521 966 deinceps:
542 935 625 966 atque
653 939 736 958 unam
766 931 935 963 dualitatem,
963 934 990 959 et

198 975 282 1004 unar’n
299 976 430 1005 deeadem
457 977 522 1011 dici,
541 977 615 1013 quod
640 978 723 1005 etiam
742 978 783 1006 ho:
802 986 837 1008 ex
854 985 887 1006 ea
915 986 990 1007 com-

198 1024 337 1060 pleantur.

238 1068 326 1096 Unum
347 1069 415 1097 illud
435 1070 505 1105 quod
525 1077 564 1097 est
582 1071 702 1098 omnium
718 1079 811 1100 causa.
829 1072 990 1102 Manifestus

198 1120 242 1144 est
253 1123 365 1150 scopus,
378 1115 508 1143 nimirum
525 1116 642 1152 probare
653 1117 740 1145 Deum
754 1117 809 1146 dici
827 1126 922 1152 unum,
935 1127 991 1147 non

199 1162 327 1191 similiter
352 1169 384 1189 ac
399 1165 497 1190 caetera
524 1170 586 1198 quae
600 1168 791 1191 numerantur.
819 1164 891 1193 Deus
917 1165 990 1193 enim

198 1216 284 1235 unum
301 1211 354 1241 est,
370 1212 507 1243 quatenus
531 1209 649 1245 simplex
673 1213 701 1237 et
727 1209 894 1243 individuus,
908 1215 990 1246 atque

199 1253 359 1281 diderentiae
373 1254 508 1289 speciticze
518 1262 626 1289 expers,
639 1255 815 1291 omniumque
830 1257 989 1292 passionum

199 1304 227 1328 et
243 1299 427 1327 accidentium
450 1299 574 1335 alienus;
590 1300 693 1329 dicitur
710 1301 793 1329 etiam
811 1310 908 1337 unum,
923 1303 989 1331 dum

198 1350 330 1381 tanquam
338 1346 503 1382 principium
509 1347 620 1382 aliquod
627 1351 653 1375 et
660 1348 824 1377 elementum
832 1349 989 1377 futurorum

198 1391 372 1427 intelligitur.
384 1391 419 1421 At
430 1391 514 1425 idem,
531 1396 579 1420 aut
592 1393 742 1426 diversum,
762 1398 810 1422 aut
820 1395 926 1430 majus,
942 1399 989 1422 aut

198 1439 300 1470 minus,
315 1438 428 1473 insuper
437 1438 518 1466 etiam
530 1439 665 1474 integrum
676 1439 888 1468 autredundans
895 1445 942 1468 aut
952 1449 990 1468 ae-

198 1483 279 1519 quale
298 1486 345 1511 aut
359 1483 503 1518 inaequale,
515 1483 589 1519 quod
600 1485 629 1511 in
642 1485 765 1513 numeris
784 1485 987 1519 consideratur,

197 1529 292 1559 nullus
311 1537 374 1558 cum
399 1531 506 1558 ratione
528 1531 557 1558 in
588 1530 752 1566 principium
775 1530 947 1566 transferat,i
956 1539 987 1559 ea

1041 285 1107 317 Θεὸς
1123 284 1177 321 γὰρ
1193 284 1279 316 αἴτιος
1296 283 1414 311 πάντων.

1083 332 1158 359 Ἀλλ’
1172 330 1271 364 ὥσπερ
1282 331 1362 364 ἅπας
1375 331 1506 365 ἀριθμός.
1525 329 1623 361 Καλῶς
1639 329 1832 357 ἀποδείκνυσιν
1849 354 1852 358 ,

1041 379 1108 415 ὅπερ
1125 377 1171 405 καὶ¹
1188 377 1323 413 βούλεται.
1348 377 1453 408 Σκοπὸς
1468 375 1524 412 γὰρ
1539 375 1578 411 τῷ
1595 375 1659 411 θείῳ
1675 375 1764 411 τούτῳ
1780 376 1831 402 ἀν-

1040 425 1082 461 δρὶ
1099 425 1145 451 καὶ
1161 423 1215 451 ἀπὸ
1234 423 1284 459 τῆς
1309 423 1494 459 ἀριθμητικῆς
1517 423 1648 459 συστῆσαι
1669 421 1703 449 τὰ
1720 421 1831 449 ἑαυτοῦ.

1040 471 1121 506 Λέγει
1137 470 1212 506 γοῦν,
1229 471 1269 498 ὅτι
1292 470 1366 497 οὐδέν
1389 471 1448 496 ἐστι
1464 469 1518 497 τῶν
1533 469 1618 497 όντων
1633 469 1766 505 ἀμέτοχον
1781 467 1831 495 τοῦ

1040 519 1109 549 ἑνὸς,
1126 517 1249 544 τουτέστι
1264 516 1312 543 τοῦ
1335 516 1419 543 Θεοῦ·
1437 515 1502 542 διότι
1518 516 1566 542 καὶ
1583 515 1636 546 πᾶς
1652 514 1766 550 ἀριθμὸς
1783 522 1834 550 μιθ-

1040 563 1117 596 νάδος
1135 563 1252 599 μετέχει·
1268 564 1292 590 εἰ
1307 563 1362 598 γὰρ
1378 563 1411 594 ἐκ
1431 562 1486 588 τῶν
1507 561 1554 588 δύο
1574 561 1685 597 ἀρξεταί
1701 569 1752 593 τις,
1766 561 1832 596 μίαν

1039 609 1121 637 δυάδα
1138 609 1249 646 πρώτην
1272 609 1393 645 ἀριθμεῖ,
1411 608 1458 635 καὶ
1475 609 1506 634 ὲκ
1522 607 1576 634 τῶν
1592 607 1657 634 δέκα
1673 607 1781 642 ὁμοίως,
1799 607 1833 633 τὸ

1040 656 1120 683 πλέον
1136 656 1229 691 φησὶν,
1252 656 1293 682 ὅτι
1313 654 1365 682 κᾶν
1389 656 1421 681 ὲκ
1438 654 1493 682 τῶν
1509 654 1663 690 λεγομένων
1680 653 1831 687 πολλοστη-

1041 703 1142 740 μορίων
1159 702 1274 739 ἄρξηται
1289 711 1332 735 τις
1349 702 1467 737 πρῶτον,
1491 701 1603 738 ἀριθμεῖ
1623 701 1708 736 ἥμισυ
1725 699 1765 731 ἒν,
1783 699 1832 726 καὶ

1038 749 1129 786 τρίτον
1145 748 1191 782 ἓν,
1207 748 1319 776 δέκατον
1338 747 1377 780 ἓν,
1401 748 1448 776 καὶ
1471 747 1557 779 οὕτως
1573 745 1682 781 ἑφεξῆς,
1700 745 1772 772 ὥστε
1792 745 1832 781 μὴ

1039 795 1108 824 εἶναι
1124 795 1238 832 ἀριθμὸν
1257 795 1294 831 μὴ
1312 795 1464 830 μετέχοντα
1481 793 1528 820 τοῦ
1551 793 1618 825 ἑνὸς,
1636 793 1695 828 ἢτοι
1712 792 1762 827 τῆς
1780 800 1832 827 μο-

1039 842 1131 874 νάδος·
1150 841 1201 869 κᾶν
1217 840 1272 876 γὰρ
1290 839 1384 875 μορίου
1401 838 1580 874 ὲπιμνησθῇς,
1600 839 1671 874 ἐρεῖς
1687 837 1772 872 ἣμισυ
1790 836 1831 870 ἓν,

1041 888 1087 916 καὶ
1103 887 1193 923 τρίτον
1210 887 1249 919 ἓν,
1267 887 1313 913 καὶ
1336 885 1447 912 δέκατον
1470 884 1509 916 ἓν,
1527 884 1573 911 καὶ
1591 882 1706 918 ἐφεξῆς·
1726 883 1773 909 καὶ
1790 883 1832 909 ὅτι

1005 917 1026 947 Β
1043 933 1091 970 μία
1106 917 1181 965 δυὰς,
1198 917 1246 959 καί
1263 931 1314 969 μία
1330 930 1412 962 δεκὰς
1427 930 1547 965 λέγεται,
1563 929 1601 962 ὡς
1613 917 1785 956 καὶτούτων
1802 927 1835 962 ἐξ

1041 979 1126 1015 αὐτῆς
1143 978 1252 1015 συμπλη
1257 986 1302 1014 ρου
1307 977 1405 1013 μένων.

1079 1069 1114 1097 Τὸ
1130 1068 1250 1097 πάντων
1270 1067 1367 1096 αἴτιον
1386 1066 1431 1095 ἐν.
1452 1066 1481 1093 '0
1503 1065 1604 1097 σκοπὸς
1622 1065 1720 1101 δῆλος,
1738 1065 1779 1091 δτι
1802 1063 1833 1091 ἓν

1039 1116 1184 1153 λεγόμενος
1197 1115 1213 1142 ὀ
1227 1115 1302 1148 Θεὸς,
1316 1114 1365 1150 οὐχ
1377 1113 1478 1150 ὁμοίως
1495 1114 1551 1144 τοῖς
1566 1112 1729 1148 ἀριθμητοῖς
1743 1111 1772 1137 ἓν
1787 1111 1832 1138 λέ-

1039 1171 1127 1199 γεται·
1148 1163 1163 1190 ὁ
1176 1163 1225 1199 μὲν
1240 1161 1295 1200 γὰρ
1311 1160 1376 1192 Θεὸς
1393 1160 1423 1186 ἓν
1438 1160 1495 1186 ὲστι
1506 1178 1513 1192 ,
1529 1158 1597 1186 mea
1620 1158 1721 1190 ἁπλοῦς
1734 1166 1765 1184 τε
1784 1157 1834 1185 καὶ

1040 1209 1146 1246 ἀμερὴς
1152 1231 1160 1244 ,
1176 1209 1224 1237 καὶ
1247 1208 1296 1244 τῆς
1317 1207 1380 1235 κατ’
1394 1203 1463 1237 εἶδος
1483 1206 1614 1241 διαφορᾶς
1636 1206 1767 1241 ἄμοιρος,
1785 1204 1834 1232 καὶ

1039 1258 1149 1285 πάντων
1175 1256 1345 1292 παθημάτων
1369 1254 1416 1281 καὶ
1439 1252 1649 1289 ωμὸεϐηκότων
1677 1251 1831 1287 ἀλλότριος·

1039 1304 1148 1339 λέγεται
1170 1304 1218 1330 καὶ
1239 1303 1283 1335 ἒν,
1307 1302 1378 1338 ἀρχή
1388 1309 1431 1333 τις
1452 1299 1547 1336 ὥσπερ
1565 1299 1612 1326 καὶ
1627 1300 1758 1335 στοιχεῖον
1776 1298 1833 1326 τῶν

1039 1350 1176 1385 ἐσομένων
1192 1348 1345 1384 νοούμενος.
1361 1347 1400 1373 Τὸ
1417 1346 1446 1373 δὲ
1466 1345 1573 1379 ταύτὸν,
1589 1345 1606 1381 ἢ
1620 1343 1725 1380 ἕτερον,
1742 1345 1758 1380 ἢ
1775 1345 1835 1380 μεῖτ

1039 1395 1095 1430 ζον,
1118 1395 1135 1432 ἦ
1158 1395 1277 1427 ἔλαττον,
1298 1393 1339 1420 ἐτι
1353 1393 1382 1420 δὲ
1401 1392 1494 1429 ἄρτιον
1514 1392 1532 1428 ἢ
1552 1391 1688 1427 περιττὴν,
1709 1390 1726 1426 ἢ
1744 1389 1801 1417 ἶσον
1814 1391 1833 1426 ἢ

1039 1445 1141 1477 ἄνισον,
1156 1443 1225 1478 ὅπερ
1237 1443 1266 1468 ὲν
1280 1442 1337 1472 τοῖς
1350 1439 1477 1476 ἀριθμοῖς
1497 1439 1652 1474 θεωρεῖται,
1669 1438 1720 1464 οὐκ
1735 1437 1768 1465 ἄν
1789 1445 1834 1470 τις

1039 1489 1157 1524 εὐλόγως
1170 1488 1217 1515 ἐπὶ
1229 1487 1277 1524 τὴν
1292 1485 1380 1523 ἀρχὴν
1399 1484 1541 1521 ἀναφέροι,
1553 1483 1639 1521 ἀρχὴν
1656 1483 1726 1511 αὺτά
1741 1483 1834 1510 ποιού-

1041 1543 1134 1572 μενος·
1156 1535 1191 1561 τὰ
1214 1533 1269 1569 γὰρ
1290 1532 1402 1559 τοιαῦτα
1425 1531 1499 1566 πάθη
1522 1531 1570 1558 καὶ.
1588 1529 1780 1566 συμϐεϐηκότα
1803 1530 1835 1563 ἐξ

198 1575 364 1614 principium
373 1577 545 1604 constituens
555 1585 561 1604 :
570 1577 636 1605 talia
650 1577 723 1604 enim
733 1578 890 1613 passiones,
900 1581 928 1606 et
940 1585 987 1606 ae-

1042 1582 1162 1617 ἀνάγκης
1180 1580 1242 1607 εισι.
1266 1579 1327 1606 Τῶν
1351 1579 1400 1614 μὲν
1416 1576 1462 1605 οὖν
1480 1579 1510 1604 ὲν
1530 1576 1656 1613 ἀριθμοῖς
1675 1576 1834 1612 διαιρέσεων

198 1621 317 1650 cidentia
332 1623 490 1651 necessario
504 1627 579 1651 sunt.
595 1623 689 1659 Itaque
703 1625 732 1652 in
745 1625 867 1653 numeris
878 1625 989 1654 ﬁnisdi-

197 1667 335 1696 visionum
346 1669 374 1697 in
382 1669 586 1697 multitudinem
594 1670 627 1697 ad
635 1671 766 1699 unitatem
776 1671 916 1699 reducitur
926 1671 989 1705 -,sed

198 1714 362 1750 principium
385 1715 422 1748 in,
441 1723 606 1752 unoquoque
630 1724 729 1752 genere
754 1717 988 1752 simplicissimum

197 1765 255 1792 est;
268 1769 333 1797 ergo
344 1762 426 1790 etiam
442 1763 470 1790 in
486 1763 520 1791 iis
531 1771 591 1798 quae
603 1767 677 1796 sunt,
697 1764 755 1792 sive
767 1772 851 1791 unum
866 1764 902 1792 sit
914 1764 988 1791 mul-

196 1811 236 1840 ta,
252 1807 310 1835 sive
333 1809 418 1837 multa
442 1809 498 1836 sint
519 1817 616 1843 unum,
641 1811 806 1846 principium
829 1811 939 1846 aliquod
961 1815 988 1839 et

197 1853 363 1881 elementum
379 1855 615 1891 simplicissimum
637 1861 694 1889 est,
711 1861 739 1884 et
762 1865 848 1884 unum
864 1857 987 1885 omnium

197 1907 306 1934 expers,
331 1908 365 1927 ex
389 1909 454 1936 quo,
477 1906 610 1937 tanquam
634 1911 669 1931 ex
692 1904 840 1938 exemplari
865 1907 892 1932 ct
914 1905 986 1937 idea,

197 1953 283 1972 unum
299 1946 366 1973 illud
381 1947 453 1981 quod
471 1947 500 1975 in
512 1949 546 1976 iis
557 1956 618 1984 quae
633 1953 708 1982 sunt,
724 1950 853 1977 nimirum
875 1951 928 1978 etsi
943 1951 987 1978 lu-

197 1999 262 2019 men
277 1993 407 2021 sensibile
423 1994 509 2022 multa
526 1995 562 2023 sit
577 1995 718 2030 partibus,
734 2003 784 2031 pro
795 1997 882 2024 stellis
898 1997 988 2024 omni-

197 2038 262 2071 bus,
279 2039 352 2074 quod
375 2043 496 2068 attamen
517 2044 604 2068 totum
623 2041 651 2068 in
674 2050 760 2069 unum
783 2042 930 2078 colligitur,
945 2048 989 2072 est

197 2092 284 2112 unum
302 2085 394 2113 lumen
419 2090 447 2114 et
467 2087 555 2115 multa
579 2088 779 2123 accidentibus,
802 2089 887 2117 veluti
902 2097 987 2124 pavo;

197 2129 281 2159 habet
295 2132 368 2159 enim
390 2139 474 2161 aurea
484 2154 491 2165 ,
509 2138 537 2162 et
559 2135 674 2163 caerulea
684 2155 692 2168 ,
708 2139 735 2164 et
750 2136 810 2164 alba
822 2158 829 2170 ,
845 2144 930 2164 unum
945 2141 989 2165 est

196 2176 322 2213 subjecto
338 2187 453 2215 corpore
465 2190 471 2208 :
488 2181 526 2209 ita
539 2186 567 2209 et
581 2182 615 2210 de
628 2182 735 2211 czeteris
747 2183 932 2219 cogitandum.

234 2223 326 2260 Neque
345 2227 414 2254 enim
440 2231 479 2254 est
501 2228 655 2258 multitudo.
673 2228 731 2257 Hoc
757 2229 818 2257 loco
841 2237 874 2257 ex
891 2238 988 2258 nume-

1039 1630 1079 1660 εις
1093 1627 1194 1663 πλῆθος
1207 1626 1239 1653 τὸ
1252 1625 1339 1661 πέρας
1351 1626 1392 1656 εἰς
1415 1624 1517 1660 μονάδα
1530 1623 1670 1658 ἀνάγεται·
1686 1623 1704 1658 ἡ
1717 1622 1746 1649 δὲ
1760 1621 1834 1659 ἀρχὴ

1039 1677 1068 1702 ὲν
1083 1675 1191 1709 ἑκάστῳ
1207 1672 1281 1708 γένει
1294 1670 1480 1699 ἀπλούστατόν
1491 1671 1566 1697 ἐστι·
1581 1669 1630 1696 καὶ
1642 1671 1672 1696 ὲν
1685 1671 1742 1701 τοῖς
1757 1667 1833 1695 οὖσιν

1038 1719 1095 1755 οὖν,
1112 1720 1167 1748 εἴτε
1179 1720 1210 1748 τὸ
1224 1719 1254 1746 ἓν
1275 1717 1361 1745 mm
1375 1719 1459 1750 ἐστιν,
1476 1716 1531 1744 εἴτε
1545 1716 1580 1743 τὰ
1596 1715 1682 1743 πολλὰ
1698 1715 1742 1748 ἓν,
1760 1716 1832 1751 ἀρχή

1039 1777 1081 1800 τις
1097 1767 1145 1794 καὶ
1168 1767 1299 1802 στοιχεῖον
1312 1764 1344 1791 τδ
1359 1763 1545 1791 ἀπλούστατόν
1564 1763 1633 1796 ἐστι,
1657 1763 1705 1789 καὶ
1722 1761 1833 1793 πάντων

1039 1814 1172 1850 ἀμέτοχον
1199 1813 1239 1845 ἐν,
1255 1812 1287 1844 ἐξ
1308 1809 1350 1844 οὗ,
1375 1810 1470 1846 ὥσπερ
1492 1811 1526 1839 ὲκ
1546 1808 1766 1846 παραδείγματος
1785 1809 1833 1835 καί

1041 1861 1113 1893 ἰδέας
1134 1861 1182 1887 καὶ
1204 1859 1235 1886 τὸ
1251 1860 1280 1885 ὲν
1302 1859 1359 1890 τοῖς
1379 1855 1454 1884 οὖσιν
1468 1856 1509 1889 ἓν,
1524 1854 1580 1883 οἷον
1598 1855 1651 1884 κᾶν
1660 1856 1691 1882 τὸ
1702 1854 1832 1891 αἰσθητὸν

1039 1907 1098 1942 φῶς
1109 1905 1196 1934 πολλὰ
1210 1903 1228 1942 ᾗ
1240 1906 1296 1937 τοῖς
1312 1903 1433 1940 μέρεσιν,
1446 1903 1507 1930 ἀντὶ
1521 1902 1569 1930 τοῦ
1580 1904 1636 1934 τοῖς
1650 1902 1759 1937 ἄστροις
1776 1903 1831 1928 πεί-

1040 1963 1092 1989 σιν,
1104 1953 1161 1982 ἀλλ’
1174 1953 1234 1980 ὅλον
1250 1952 1457 1988 συλλεγόμενον,
1478 1950 1508 1978 ἓν
1523 1950 1580 1985 φῶς
1602 1951 1669 1977 ἐστι·
1683 1950 1730 1976 καὶ
1745 1948 1831 1975 πολλὰ

1037 2004 1095 2034 τοῖς
1110 2000 1320 2037 ωμὸεὸηκόσιν,
1334 1997 1390 2026 οἷον
1403 2000 1418 2026 6
1433 1997 1514 2034 ταὼς·
1533 1997 1588 2032 ἔχει
1608 1996 1662 2032 γὰρ
1676 1995 1722 2023 καὶ
1737 1994 1832 2031 χρυσί-

1039 2048 1129 2081 ζοντα,
1147 2047 1194 2074 καὶ
1211 2046 1332 2078 κυάνεα,
1355 2044 1403 2072 καλ¹
1425 2043 1526 2076 λευκὰ,
1551 2043 1580 2069 ἓν
1596 2042 1635 2078 τῷ
1658 2041 1832 2077 ὑποκειμένῳ

1040 2093 1146 2130 σώματί
1160 2093 1244 2119 ι-ὶιϊτιν⁹
1260 2091 1331 2118 οὕτω
1346 2091 1394 2118 καὶ
1405 2089 1440 2118 τὰ
1454 2089 1518 2126 ἑξῆς
1531 2089 1650 2125 νοητέον.

1076 2227 1152 2257 οὐδὲ
1175 2226 1232 2262 γὰρ
1254 2226 1320 2253 ἐστι
1346 2224 1474 2259 πλῆθος.
1496 2221 1562 2250 Ὧδε
1587 2222 1618 2256 ἐξ
1647 2221 1832 2260 ἀριθμητικῆς

196 2271 277 2298 randi
292 2272 407 2301 scientia
423 2273 524 2301 evincit
537 2275 611 2310 quod
631 2275 750 2304 dicebat.
762 2275 832 2304 Nota
851 2283 913 2304 eum
930 2284 987 2304 me.

1042 2275 1208 2311 περιγίνεται
1231 2272 1278 2300 τοῦ
1307 2271 1464 2307 λεγομένου.
1493 2269 1650 2305 Σημείωσαι
1673 2268 1702 2295 δὲ
1725 2268 1766 2295 ὅτι
1784 2268 1833 2294 καὶ

195 2317 251 2345 rito
273 2318 364 2348 dicere
384 2320 470 2348 Deum
495 2329 557 2350 esse
582 2325 646 2350 ante
672 2331 767 2356 unum,
794 2323 923 2358 quoniam
944 2327 987 2351 est

196 2364 339 2398 omnium,
354 2374 440 2402 quare
463 2367 546 2396 etiam
570 2369 679 2396 numeri
716 2373 824 2400 auctor,
836 2377 884 2398 seu
908 2369 986 2398 adin-

195 2414 304 2439 venter.

233 2457 285 2485 Sed
298 2459 368 2493 quod
381 2460 485 2494 quidem
500 2462 596 2490 multa.
611 2462 834 2491 Subaudieudum
851 2464 933 2500 226
943 2468 986 2492 est

196 2503 225 2532 in
239 2511 406 2541 unoquoque
418 2508 558 2541 exsistam,
575 2513 606 2536 ut
621 2510 662 2537 sit'
669 2510 732 2539 talis
747 2510 884 2538 sententia
895 2509 985 2545 :quod

195 2550 282 2578 multa
297 2555 338 2578 est
358 2553 498 2587 partibus,
515 2559 571 2582 toto
590 2564 674 2583 unum
689 2560 747 2588 est,
762 2560 792 2584 ut
807 2563 909 2591 corpus
919 2576 927 2589 ,
945 2557 986 2584 sic

195 2600 224 2624 et
239 2597 355 2632 reliqua,
373 2607 458 2627 unum
479 2605 545 2630 sunt
567 2602 708 2638 subjecto,
724 2611 772 2630 seu
784 2603 920 2635 essentia;
937 2602 986 2630 Sed

195 2645 384 2674 accidentibus
396 2646 492 2680 multa,
505 2651 535 2674 ut
546 2648 638 2676 homo.
653 2648 812 2678 Accidentia
827 2657 902 2682 vero,
916 2657 989 2685 quae-

195 2691 259 2719 dam
280 2693 458 2728 separabilia,
476 2698 506 2721 ut
532 2694 639 2728 sedere,
654 2696 806 2728 ambulare,
827 2699 854 2723 et
869 2695 985 2729 similia;

195 2738 319 2773 quaedam
331 2747 396 2767 vero
412 2740 622 2776 inseparabilia,
639 2745 670 2769 ut
685 2743 831 2771 caeruleum
847 2746 874 2770 et
897 2741 985 2769 adun-

195 2793 257 2815 cum
269 2806 276 2818 ,
292 2790 319 2814 et
334 2787 434 2815 similia
450 2795 456 2813 :
470 2792 498 2816 et
519 2792 616 2816 contra
638 2796 724 2817 unum
747 2789 858 2824 quidem
882 2788 983 2824 specie,

1040 2322 1094 2358 πρὸ
1110 2321 1157 2348 τοῦ
1178 2321 1247 2353 ἐνὸς
1265 2319 1339 2354 λέγει
1355 2316 1424 2345 εἶναι
1441 2317 1488 2344 τὸν
1506 2315 1572 2343 Θεὸν
1592 2315 1715 2347 εἰκότως,
1737 2313 1832 2350 ἐπειδὴ

1041 2369 1148 2395 πάντων
1164 2366 1297 2403 ὑπάρχει,
1311 2364 1373 2392 ὃθεν
1390 2364 1437 2392 καὶ
1451 2362 1500 2390 τοῦ
1517 2360 1635 2398 ἀριθμοῦ
1648 2360 1831 2397 δημιουργὸς,

1040 2415 1099 2451 ἣτοι
1115 2413 1263 2449 ὲφευρέτης
1276 2411 1359 2439 ἐστίν.

1081 2460 1169 2489 Ἀλλὰ
1184 2459 1217 2486 τὸ
1228 2458 1286 2495 μὲν
1300 2457 1409 2486 πολλά.
1427 2453 1687 2493 Προσυπακουστέον
1709 2454 1751 2489 ἐφ’
1765 2453 1832 2480 ὲκά-

1041 2517 1104 2536 στου
1121 2506 1222 2534 τούτων
1237 2505 1268 2532 τὸ
1275 2504 1422 2538 ὑπάρχον,
1438 2503 1481 2529 ἵνα
1534 2502 1564 2528 τὸ
1579 2501 1724 2537 λεγόμενον
1739 2500 1830 2526 τοιοῦ-

1039 2564 1094 2587 τον,
1116 2554 1147 2581 τὸ
1169 2553 1290 2589 ὑπάρχον
1310 2552 1367 2583 τοῖς
1386 2550 1480 2586 μέρεσι
1498 2548 1583 2575 πολλά
1598 2547 1628 2574 ἓν
1643 2549 1702 2574 ἐστι
1714 2546 1753 2582 τῷ
1764 2546 1830 2581 ὅλῳ,

1038 2600 1094 2629 οἷον
1106 2601 1137 2628 τὺ
1152 2600 1241 2636 σῶμα,
1253 2598 1324 2626 οὕτω
1336 2598 1384 2627 καὶ
1401 2597 1435 2624 τὰ
1454 2595 1535 2623 λοιπά
1549 2595 1578 2622 ἓν
1599 2594 1638 2631 τῷ
1657 2593 1831 2631 ὑποκειμένῳ

1038 2648 1112 2678 ἐστὶν
1131 2648 1190 2683 ἦτοι
1214 2646 1302 2682 οὐσίᾳ·
1327 2643 1396 2672 ἀλλὰ
1420 2642 1506 2670 πολλά
1529 2643 1586 2674 τοῖς
1614 2640 1831 2677 συμϐεϐηκόσιν,

1036 2693 1091 2722 οἷον
1105 2695 1120 2721 ὁ
1135 2693 1287 2730 ἄνθρωπος.
1310 2690 1505 2728 Συμὸεσηκότα
1524 2689 1554 2716 δὲ
1573 2688 1607 2715 τὰ
1623 2689 1672 2725 μὲν
1694 2687 1830 2724 χωριστὰ,

1037 2742 1076 2773 ὡς
1095 2741 1126 2768 τὸ
1139 2739 1317 2772 καθέζεσθαι,
1335 2738 1507 2775 περιπατεῖν,
1528 2736 1576 2763 καὶ
1599 2735 1633 2762 τὰ
1651 2736 1732 2771 ὃμοια
1747 2734 1779 2751 ιδ·
1795 2734 1831 2762 τὰ

1038 2788 1067 2815 δὲ
1079 2787 1229 2824 ἀχώριστοι,
1239 2785 1277 2817 ὡς
1289 2785 1320 2812 τὸ
1329 2784 1457 2820 γλαυκὸν,
1470 2782 1612 2819 ῆγρυπὺν,
1627 2782 1674 2809 καὶ
1688 2781 1723 2808 τὰ
1736 2781 1830 2817 ὅμοιαι

657 2868 775 2896 VARI/ﬂ
795 2869 988 2898 LECTIONES
1002 2868 1046 2897 ET
1065 2864 1342 2896 COBRECTIO‘M‘IS.

232 2931 252 2952 ³⁸
268 2940 313 2973 γρ.
326 2935 446 2962 τοιαῦτα.
