1940 3064
125 175 172 203 ιθθ

492 178 520 205 S.
545 178 669 205 Μ’ΔΧΙΜΙ
688 178 836 206 SCllGLlA
857 178 889 205 IN

957 179 974 207 ι.
992 178 1036 206 DE
1055 178 1183 207 BlVlNIS
1200 179 1398 208 NGMDHBL'S.

1697 181 1750 208 “0

123 235 165 263 καὶ
187 235 266 262 πάλιν
276 255 283 267 ,
300 236 328 263 ἓν
345 237 392 272 μὲν
408 235 488 269 εἶδος,
503 238 601 270 ἵππος,
617 238 633 274 ἢ
650 238 728 274 βοῦς,
744 238 812 265 ἀλλά
831 238 900 265 τοῦτ(

960 246 1058 273 equus,
1072 242 1118 265 aut
1136 239 1196 271 bos,
1212 239 1259 266 sed
1276 239 1327 266 hoc
1353 239 1436 265 multa
1452 242 1493 266 est
1515 246 1628 266 numero
1647 246 1653 263 :
1670 240 1747 267 mnlti

122 281 202 309 πολλά
223 282 340 318 ὑπάρχει
362 283 400 319 τῷ
422 284 545 320 ἀριθμῷ·
571 284 663 311 πολλοὶ
682 284 738 321 γὰρ
752 285 843 316 ἵπποι,
860 285 908 311 καὶ

121 328 209 355 πολλοὶ
224 329 293 365 βάες.
316 329 395 360 Ἀλλά
411 331 459 357 καὶ
476 332 537 362 ταῖς
551 330 682 366 δυνάμεσι
703 332 763 362 ταῖς
780 332 908 366 φυσικαῖς

120 374 202 401 πολλά
226 375 352 411 ὑπᾶρχεν
378 376 425 403 καὶ
450 375 528 408 αὖθις
543 377 578 403 τὰ
603 377 689 403 πολλά
702 377 759 413 εἴδη
770 397 777 410 ,
792 374 847 403 οἷον
861 376 908 403 ἄν·

121 420 236 457 θρωπος,
247 421 339 454 ἵππος,
354 422 437 454 κύων,
456 422 501 449 καὶ
516 422 550 449 τά
563 423 640 454 ἄλλα,
660 423 689 449 ἓν
704 424 757 449 εἱσι
773 422 812 457 τῷ
822 422 905 456 γένει·

119 466 185 500 ζῶον
202 468 256 504 γὰρ
266 468 368 495 τούτων
382 469 505 495 ἕκαστον·
527 468 598 495 οὕτω
618 469 682 504 γοῦν
707 469 753 495 καὶ
773 469 803 495 τὸ
823 468 907 495 πολλά

119 513 236 548 ὑπάρχον
255 515 315 545 ταῖς
339 513 480 549 περιόδοις,
499 514 582 550 ἤγουν
604 515 659 546 τοῖς
675 513 871 549 βουλεύμασιν,
889 513 906 549 ἢ

119 559 161 585 καὶ
174 561 230 591 τοῖς
243 559 344 596 ἔργοις,
359 559 388 588 ἓν
402 561 454 586 εισι
468 561 500 595 τῇ
517 561 599 596 ἀρχῇ.

152 604 164 640 §
177 606 211 632 Il.
227 605 329 632 Πάντα
343 606 390 633 καὶ
407 606 464 633 ὅλα
481 605 587 632 πάντα.
607 606 699 634 Πάντα
712 605 830 640 λέγεται,
843 605 906 632 ὅταν

116 650 170 686 εἴδη
184 671 191 683 ,
209 651 256 677 καὶ
274 651 361 687 μέρη,
383 652 429 678 καὶ
454 652 579 687 διαφοραὶ
601 652 629 678 ὲν
656 653 716 683 ταῖς
742 651 905 687 διαιρέσεσιν

116 697 189 726 ὦσιν·
208 699 267 726 ὅλον
282 699 320 732 δὲ,
335 700 398 726 ὅταν
414 699 448 726 τὰ
464 700 534 736 μέρη
554 699 737 735 συλλεγόμενα
752 698 780 725 ἓν
793 697 904 734 ὁλόκλη-

116 753 160 780 ρον
179 744 356 777 ἀποτελῶσιν,
371 745 387 781 ἢ
409 745 442 772 τὰ
458 745 515 781 εἴδη
534 745 562 772 ἓν
579 745 666 780 γένος,
690 743 705 779 ἢ
721 744 768 771 καὶ
780 743 813 770 τὰ
827 744 904 770 ὲναν-

114 791 157 817 τια
171 791 218 818 καὶ
235 791 411 827 ἀντικείμενα
432 792 473 823 εἰς
495 791 646 827 σύμπνοιαν
668 791 715 817 καὶ
731 790 904 826 συμπάθειαν

113 836 245 873 ἡσυχάζῃ,
269 836 307 868 ὡς
322 836 394 872 ὓδωρ
407 836 486 871 ὁμοῦ,
508 837 554 864 καὶ
577 837 631 872 γῆ,
648 836 694 863 καὶ
717 836 787 872 ἀὴρ,
810 836 904 863 καὶτὰ

114 882 222 918 πυρώδη
237 882 341 918 ἄστρα,
356 882 403 909 καὶ
420 882 544 918 οὐρανός·
561 882 669 916 λέγεται
686 881 741 918 γὰρ
753 882 801 908 ὅλα
817 881 904 908 ταῦτα

113 929 222 964 κόσμος.

147 974 200 1002 Καὶ
212 974 286 1002 ἄνευ
304 975 363 1010 μὲν
376 975 430 1004 τοῦ
448 975 526 1009 ἑνός.
547 975 657 1011 Ἐπειδὴ
670 975 701 1002 τὸ
714 974 742 1002 ἓν
755 974 829 1002 δοκεῖ
846 983 904 1006 πως

111 1020 181 1056 ἔχειν
194 1021 285 1057 σχέσιν
302 1022 370 1058 πρὸς
380 1022 505 1058 ἀριθμὸν,
519 1022 584 1051 ἄνευ
600 1022 659 1053 ἑνὸς
669 1022 719 1049 οὐκ
732 1021 764 1048 ἂν
777 1021 819 1057 εἴη
834 1020 902 1056 πλῆη

111 1067 167 1099 θος·
187 1067 310 1100 σύνθεσις
324 1068 380 1104 γὰρ
400 1068 512 1103 μονάδος
529 1068 599 1095 εἰσὶν
622 1068 647 1094 οἱ
669 1069 709 1100 εἰς
725 1066 826 1102 πλῆθος
841 1067 902 1103 apt-.-

110 1113 171 1149 θμοὶ
184 1134 192 1146 ,
214 1114 283 1150 ὅπερ
305 1112 382 1141 εἶπεν
404 1114 477 1147 ἄνω,
500 1113 544 1141 ὅτι
569 1111 863 1143 πολλαπλασιάζεται
887 1115 903 1140 ὁ

111 1160 192 1192 Θεὸς,
208 1160 246 1191 ὡς
268 1161 323 1187 ἀπὸ
345 1160 531 1196 ἀριθμητικῆς
544 1159 699 1196 νοούμενος.
718 1160 754 1186 Τὸ
771 1159 799 1186 δὲ
816 1159 845 1185 ἒν
856 1159 903 1186 καὶ

109 1207 168 1233 καθ’
182 1207 262 1234 ἑαυτὸ
278 1207 415 1244 ὑφέστηκε
428 1207 475 1234 καὶ
491 1207 558 1235 ἐστι.

142 1253 196 1280 Kal
219 1255 245 1280 εὶ
259 1252 334 1281 πᾶσι
349 1254 385 1281 τὰ
407 1253 514 1280 πάντα.
532 1253 568 1280 Τὸ
582 1251 727 1281 ὑποθοῒτό
740 1261 797 1286 τις,
813 1252 859 1279 καὶ
872 1251 903 1278 τὸ

107 1299 170 1326 καθ’
186 1298 333 1326 ὑπόθεσιν
353 1298 520 1334 λαμϐάνεται
549 1299 596 1326 ὲπὶ
618 1299 673 1326 τῶν
700 1298 903 1336 πραγματικῶς

106 1345 156 1373 οὐκ
170 1345 269 1380 ὄντων,
285 1345 353 1372 ἀλλά
375 1345 447 1382 λόγῳ
469 1346 657 1382 τυπουμένων·
674 1345 791 1372 ἐνταῦθα
811 1345 902 1381 μέντοι

105 1391 154 1427 οὐχ
164 1391 235 1418 οὕτω
246 1391 362 1427 ληπτέον
371 1412 378 1425 ,
389 1391 457 1418 ἀλλά
471 1391 502 1418 τὸ
516 1392 587 1419 κατά
599 1392 720 1420 ἐπίνοιαν
736 1392 807 1428 λόγῳ
824 1393 903 1419 τοῦτο

106 1438 208 1472 θετέον,
225 1438 271 1465 διὰ
286 1439 335 1474 τὴν
356 1437 404 1465 τοῦ
420 1438 544 1466 ἐκτίσθαι
558 1439 721 1475 ταυτότητα,
736 1439 784 1466 καὶ
799 1439 829 1465 τὸ
842 1440 902 1471 ὅλον

105 1485 135 1511 ιν
148 1486 204 1516 τοῖς
218 1484 314 1521 μέρεσι
331 1485 502 1522 θεωρεῖσθαι,
517 1485 565 1512 καὶ
577 1486 606 1512 ὲν
620 1486 659 1522 τῷ
674 1486 728 1521 ὅλῳ
741 1486 777 1513 τά
791 1486 874 1522 μέρη.

958 285 1031 312 enim
1044 289 1109 313 sunt
1122 285 1200 320 equi,
1213 289 1240 313 et
1257 286 1334 312 multi
1352 286 1445 313 boves.
1461 285 1617 318 Quinetiam
1634 284 1749 311 faculta-

959 332 1032 359 tibus
1049 331 1222 358 naturalibus
1246 335 1287 358 est
1306 331 1405 362 inuita,
1420 336 1448 358 et
1464 338 1562 358 rursus
1586 330 1672 357 multa
1687 338 1750 365 spe-

958 378 1064 409 ciebus,
1080 382 1110 404 ut
1125 378 1222 410 homo,
1241 384 1344 411 equus,
1361 378 1447 408 canis,
1463 382 1489 405 et
1503 378 1567 410 alia,
1583 385 1668 403 unum
1684 380 1750 404 sunt

958 432 1067 459 genere,
1081 423 1296 458 unumquodque
1308 423 1380 450 cnim
1398 423 1493 450 horum
1511 429 1554 451 est
1565 424 1667 450 animal
1685 433 1691 451 ε
1709 423 1749 450 sic

958 470 1075 505 denique
1090 476 1117 497 et
1138 469 1212 504 quod
1235 469 1319 496 multa
1341 473 1383 496 est
1399 470 1542 505 περιόδοις,
1560 478 1608 497 seu
1623 470 1749 497 consiliis

958 517 1097 544 autetiam
1113 516 1256 551 operibus,
1277 524 1360 542 unum
1378 520 1441 543 sunt
1453 516 1598 551 principio.

995 606 1055 642 §lI.
1074 606 1172 634 Omnia
1193 606 1316 634 universa
1342 611 1398 634 tota
1418 607 1509 634 etiam.
1535 606 1632 634 Omnia
1654 607 1751 635 dicun-

957 656 1011 686 tur,
1025 653 1134 688 quando
1154 653 1261 686 species
1280 657 1306 679 et
1328 657 1421 688 partes
1435 656 1461 680 et
1477 652 1635 680 ditfcrentize
1654 654 1680 680 in
1708 653 1750 680 di-

956 699 1110 726 visionibus
1131 702 1206 726 sunt.
1224 698 1323 725 Totum
1342 706 1416 730 vero,
1436 698 1547 733 quando
1561 703 1652 733 partes
1666 699 1750 725 colle-

956 749 1005 772 ctae
1019 753 1103 772 unum
1119 745 1256 779 integrum
1279 744 1410 775 etticiunt,
1427 747 1473 770 ant
1485 743 1591 778 species
1608 751 1690 770 unum
1706 751 1750 778 ge-

955 799 1020 823 nus,
1033 797 1079 818 aut
1095 792 1235 818 contraria
1251 795 1278 818 et
1301 790 1427 826 opposita
1450 790 1478 817 in
1504 790 1709 825 conspiratione
1725 792 1749 817 et

956 837 1103 865 concordia
1117 837 1275 872 quiescunt,
1294 840 1324 863 ut
1338 844 1408 871 aqua
1422 836 1505 864 simul
1521 839 1548 863 et
1563 839 1635 863 terra
1651 839 1678 862 et
1693 843 1750 867 aer,

954 887 981 909 et
999 883 1083 917 igneae
1101 882 1197 916 stellze,
1215 885 1242 910 et
1255 882 1356 909 cmlum
1371 889 1378 907 :
1396 882 1516 908 mundus
1533 881 1606 908 enim
1623 880 1679 908 haec
1695 884 1750 907 tota

920 918 940 945 Β
955 929 1098 956 dicuntur.

990 975 1027 1005 Ac
1042 975 1099 1002 sine
1117 982 1169 1001 uno
1187 973 1302 1009 quidem.
1317 973 1454 1007 Quoniam
1477 981 1559 1000 unum
1579 973 1687 1001 videtur
1702 973 1746 1000 lia-

953 1021 1019 1049 bere
1072 1020 1268 1049 connexionem
1308 1020 1456 1055 quamdam
1498 1027 1560 1048 cum
1605 1026 1741 1052 numero,

954 1067 1014 1095 sine
1038 1074 1093 1094 uno
1115 1073 1170 1094 non
1196 1070 1272 1094 esset
1297 1074 1449 1100 numerus;
1471 1073 1536 1093 nam
1559 1065 1666 1093 numeri
1686 1069 1751 1092 sunt

954 1114 1117 1149 compositio
1131 1113 1246 1141 unitatis
1267 1113 1295 1140 in
1317 1113 1504 1146 multitudine,
1521 1112 1595 1148 quod
1610 1119 1694 1148 supra
1709 1111 1750 1138 di-

953 1161 1004 1193 xit,
1023 1160 1105 1187 Deum
1120 1160 1304 1194 multiplicari,
1322 1160 1402 1195 quasi
1416 1167 1448 1186 ex
1461 1160 1633 1186 arithmetica
1651 1157 1750 1185 intelli-

954 1213 1065 1244 geretur
1079 1218 1085 1235 :
1101 1215 1184 1235 unum
1195 1215 1259 1234 vero
1274 1210 1301 1234 ct
1312 1206 1404 1242 seipso
1424 1204 1548 1233 substitit
1566 1208 1593 1232 et
1608 1207 1662 1232 est.

990 1253 1024 1280 Et
1044 1254 1068 1281 si
1091 1255 1149 1289 quis
1173 1252 1293 1280 omnibus
1317 1252 1418 1280 omnia.
1447 1250 1515 1278 Illud
1539 1249 1667 1277 ὑποθοῖτό
1690 1257 1750 1282 τις,

953 1300 1050 1335 aliquis
1067 1304 1211 1334 supponat,
1225 1299 1266 1326 vel
1279 1298 1343 1325 illud
1357 1307 1389 1325 ex
1404 1298 1585 1331 suppositione
1602 1299 1752 1331 usurpatur

954 1347 982 1374 in
997 1347 1030 1374 iis
1053 1354 1115 1382 qum
1139 1346 1229 1381 reipsa
1253 1352 1315 1373 esse
1340 1347 1489 1379 nequeunt,
1511 1342 1558 1371 sed
1575 1342 1682 1369 ratione
1697 1341 1750 1368 tin-

953 1396 1055 1428 guntur
1073 1402 1079 1419 :
1096 1399 1189 1419 verum
1215 1391 1267 1419 hoc
1292 1391 1353 1418 loco
1378 1399 1433 1418 non
1459 1390 1496 1417 ita
1512 1390 1675 1417 sumendum
1696 1392 1750 1421 est,

953 1446 1017 1466 nam
1034 1438 1086 1465 hoc
1102 1438 1185 1466 verbo
1196 1438 1295 1465 mentis
1307 1437 1463 1472 ponendum
1478 1441 1588 1472 propter
1601 1436 1753 1463 creationis

954 1484 1136 1516 identitatem,
1153 1488 1181 1513 et
1196 1484 1260 1519 quia
1286 1487 1374 1511 totum
1392 1483 1420 1510 in
1443 1483 1568 1518 partibus
1589 1483 1751 1511 considera-

955 1535 1010 1563 tur.
1028 1535 1055 1559 et
1070 1535 1160 1566 partes
1175 1531 1202 1558 in
1216 1535 1284 1558 toto.

141 1573 202 1601 Ὅτι
222 1573 297 1601 κατὰ
324 1572 358 1601 τὸ
378 1574 448 1608 ἐνὸς
468 1574 601 1602 ἑκάστου
616 1573 900 1611 προεπινοούμενον.

992 1577 1025 1604 Ut
1053 1580 1196 1604 secundum
1222 1576 1429 1612 uniuscujusque
1460 1576 1571 1611 speciem
1602 1584 1736 1611 pra’conce

103 1619 136 1646 Et
151 1620 188 1656 μὴ
204 1620 412 1657 προεπινοηθείη
423 1641 431 1653 ,
449 1621 526 1657 φησὶ,
549 1621 580 1648 τὸ
600 1620 648 1648 τοῦ
664 1620 808 1656 ἀνθρώπου
822 1617 900 1653 εἶδος,

103 1665 189 1702 ἦγουν
210 1666 227 1702 ὴ
251 1665 342 1701 φύσις,
367 1667 418 1694 οὐκ
440 1667 473 1694 ἄν
495 1675 537 1698 τις
562 1666 637 1694 εῐποι
652 1666 716 1699 τοὺς
742 1666 903 1703 ἀνθρώπους

80 1744 88 1756 ἱ
103 1710 226 1747 ἡνῶσθαι
240 1711 371 1748 ἀλλήλους
384 1712 416 1729 ¹⁹υ
432 1712 510 1748 δῆλον
524 1713 553 1740 δὲ
565 1713 607 1740 ὅτι
622 1714 683 1739 κατ’
699 1712 779 1740 αὑτὸν
794 1714 840 1740 τὸν
853 1715 902 1750 τῆς

104 1759 214 1794 φύσεως
231 1757 320 1794 λόγον.

138 1804 194 1832 Kal
208 1806 234 1832 ει
249 1805 371 1840 ἀγέλαις
386 1806 419 1834 τὸ
442 1806 487 1834 ἐν.
509 1806 587 1834 Οὕτω
606 1806 637 1834 τὸ
653 1806 735 1843 ῥητὸν
749 1806 900 1841 συνθετέον,

102 1852 144 1878 ὅτι
157 1851 278 1887 ἡνῶσθαι
298 1852 408 1887 λέγεται
422 1853 457 1881 τά
474 1853 602 1889 ἡνωμένα
623 1853 683 1880 κατ’
700 1851 770 1886 εἶδος
786 1862 901 1890 προεπι-

102 1899 248 1934 νοούμενον
272 1899 331 1931 ἐνὸς
355 1900 481 1927 ἑκάστου·
508 1901 676 1936 προείπομεν
700 1900 775 1937 γὰρ,
800 1902 842 1928 ὅτι
866 1902 900 1929 τὰ

103 1945 164 1980 εἴδη
180 1945 225 1971 καὶ
239 1945 273 1972 τά
290 1945 376 1973 πολλὰ
394 1946 524 1982 στοιχεῖόν
540 1955 566 1974 τι
583 1947 630 1974 καὶ
646 1947 734 1983 ἀρχὴν
749 1947 779 1975 τὸ
795 1947 825 1974 ἓν
841 1949 901 1976 ὲπι-

103 1992 266 2027 γράφονται,
280 1993 321 2025 εἰς
344 1993 421 2028 γένος
438 1993 468 2020 ἓν
492 1994 663 2030 ἀναγόμενα,
680 1992 710 2022 οὗ
727 1995 822 2030 γένους
841 1995 900 2032 εἴδη

102 2038 167 2064 εἰσίο
183 2037 269 2065 ταῦτα
286 2039 341 2074 γὰρ
354 2039 482 2075 ἡνωμένα
495 2039 570 2075 αὐτῷ
585 2040 625 2077 τῷ
645 2041 721 2073 εἴδει,
736 2039 792 2068 οἷον
809 2042 898 2075 ἵπποι,

103 2084 176 2121 βόες,
194 2085 241 2111 καὶ
256 2085 290 2111 τά
307 2085 380 2121 ἑξῆς,
398 2086 469 2122 ἅπερ
495 2087 535 2118 εἰς
548 2087 580 2114 ἓν
600 2087 679 2122 γένος
693 2089 854 2122 ἀνάγονται,
869 2088 899 2115 τὸ

102 2131 246 2158 καλεῖσθαι
263 2131 341 2164 ζῶον.

142 2221 203 2256 Τὴν
225 2222 301 2257 ὄλητ-
326 2224 477 2258 θεαρχίαν.
501 2223 567 2260 Ὀλη
593 2225 706 2260 θεαρχία
734 2226 750 2261 ἡ
777 2226 898 2260 παναγία

99 2268 150 2295 καὶ
168 2269 343 2304 προσκυνητὴ
359 2269 453 2305 Τριά;’
471 2270 515 2297 διὰ
538 2270 566 2297 δὲ
581 2270 630 2306 τὴν
646 2271 834 2307 ἀνέκιρραστον
848 2272 898 2308 τῆς

100 2314 211 2350 φύσεως
225 2315 331 2348 ἕνωσιν,
345 2317 360 2342 ὀ
377 2313 416 2348 εἷς
433 2317 479 2343 καὶ
496 2316 525 2343 ἓν
540 2317 714 2353 χρηματίζει.

145 2407 204 2441 Ὑφ’
218 2404 255 2442 ἧς
269 2407 318 2434 καὶ
335 2407 370 2441 ἐξ
383 2405 430 2444 ἧς.
449 2408 493 2445 Τῷ
509 2409 559 2444 ὑφ’
575 2409 613 2444 ἧς
627 2409 755 2444 σύνταξον
773 2410 803 2437 τὸ
819 2411 896 2444 ἐστὶ,

99 2454 150 2485 καὶ
164 2451 202 2487 τῷ
219 2453 253 2486 ἐξ
268 2452 306 2488 ἧς
320 2454 350 2481 τὸ
364 2456 573 2489 συντέτακται,
588 2457 635 2484 καὶ
647 2457 686 2493 τῷ
696 2457 733 2484 δι’
749 2455 787 2492 ἧς
803 2458 833 2484 τὸ
843 2457 898 2493 μέ-

97 2509 159 2533 νει,
178 2500 225 2527 καὶ
239 2501 278 2537 τῷ
378 2502 408 2528 τὸ
425 2502 597 2537 συνέχεται,
614 2504 696 2539 ἡγουν
718 2504 894 2539 φυλάττεται,

98 2547 151 2575 καὶ
167 2547 207 2582 τῷ
221 2549 264 2580 εἰς
281 2547 322 2581 ἢν
341 2547 364 2563 ¹⁰
383 2548 413 2574 τὸ
432 2549 651 2584 ἐπιστρέφεται,
667 2552 692 2577 st
709 2551 756 2577 καὶ
770 2553 784 2578 ὁ
799 2550 896 2587 Πατὴρ

99 2593 177 2625 tam;
193 2594 239 2620 καὶ
253 2594 298 2628 ὑφ’
315 2594 344 2620 ἓν
365 2594 398 2621 τὰ
417 2595 526 2630 ῥήματα
542 2595 631 2629 ἔταξει
648 2596 694 2623 καὶ
714 2596 744 2623 τὸ
754 2597 852 2623 πάντα
867 2597 896 2623 δὲ

97 2640 156 2667 ἀπὸ
177 2640 277 2668 κοινοῦ.
294 2640 395 2673 Καλῶς
408 2641 437 2668 δὲ
460 2639 552 2675 εἶπεν,
571 2643 612 2669 ὅτι
628 2642 676 2669 ἐὰν
693 2643 790 2679 ἀνέλῃς
804 2644 834 2670 τὸ
850 2643 895 2676 ἓν,

95 2687 165 2715 οὔτε
185 2688 292 2724 ὀλότης,
309 2687 370 2715 οὔτε
388 2689 635 2726 πολλοστημόριον,
650 2690 712 2716 οὔτε
730 2690 793 2718 ἄλλο
809 2691 894 2717 οὐδέν·

95 2733 181 2761 τοῦτο
194 2734 249 2771 γὰρ
265 2734 428 2772 προῃνίξατο
447 2736 493 2763 καὶ
509 2736 565 2763 ἄνω
580 2735 674 2768 εἰπὼν,
690 2736 736 2762 καὶ
752 2736 838 2772 ἥμισυ
855 2735 895 2769 ἓν,

952 1623 1111 1657 ptam.Nisi,
1120 1624 1219 1658 inquit,
1229 1624 1306 1659 prius
1316 1622 1484 1657 intelligatur
1497 1623 1603 1657 species
1621 1622 1743 1649 hominis

954 1677 1000 1696 sou
1016 1675 1124 1702 natura,
1143 1670 1235 1697 nullus
1259 1669 1359 1696 dixerit
1384 1668 1510 1695 homines
1536 1668 1607 1696 inter
1633 1676 1662 1696 se
1683 1676 1746 1695 con~

950 1715 1072 1750 junctos,
1091 1716 1220 1743 nimirum
1239 1716 1332 1743 eadem
1348 1719 1454 1742 natura:
1469 1715 1585 1743 ratione.

988 1806 1027 1833 Ac
1038 1806 1062 1833 si
1078 1806 1219 1833 sustuleris
1234 1806 1375 1836 unitatem.
1390 1805 1430 1833 Ita
1448 1806 1584 1834 sententia
1599 1806 1656 1834 liam
1674 1814 1735 1834 com

952 1854 1088 1888 ponenda,
1113 1853 1243 1880 nimirum
1266 1861 1297 1880 ea
1326 1861 1387 1888 qum
1410 1854 1558 1889 conjuncta
1583 1859 1666 1885 sunt,
1682 1862 1741 1881 con-

948 1900 1046 1935 juncta
1060 1899 1114 1926 dici
1131 1900 1349 1935 uniuscujusque
1363 1901 1465 1936 specie,
1481 1908 1541 1935 qua:
1557 1901 1632 1935 prius
1649 1900 1746 1928 intelli-

951 1951 1031 1981 gatur
1046 1954 1051 1972 :
1067 1951 1147 1974 antea
1173 1947 1246 1974 enim
1271 1947 1403 1979 diximus,
1429 1947 1535 1982 species
1554 1951 1581 1974 ct
1606 1947 1690 1974 multa
1713 1947 1747 1975 ad

952 2002 1036 2021 unum
1062 2001 1148 2029 genus
1164 1994 1246 2028 227
1263 1993 1395 2025 reducta.
1420 1993 1582 2021 describunt
1596 2001 1678 2020 unum
1692 1994 1748 2021 ele-

950 2045 1072 2067 mentum
1097 2040 1207 2076 aliquod
1225 2044 1252 2068 et
1267 2040 1447 2075 principium,
1464 2040 1544 2075 cujus
1558 2040 1667 2076 generis
1682 2044 1748 2067 sunt

950 2087 1059 2122 species
1071 2097 1079 2120 -,
1093 2087 1150 2114 haec
1167 2087 1242 2115 enim
1258 2087 1318 2122 ipsa
1335 2087 1427 2122 specie
1446 2087 1611 2121 conjuncta,
1628 2091 1657 2113 nt
1671 2088 1746 2121 equi,

950 2133 1044 2164 boves,
1058 2137 1086 2160 et
1098 2133 1214 2168 reliqua,
1232 2141 1292 2168 qua:
1306 2133 1339 2160 ad
1356 2141 1440 2160 unum
1464 2141 1550 2168 genus
1565 2133 1745 2164 reducuntur,

950 2179 1014 2215 quia
1031 2184 1165 2207 vocantur
1182 2180 1294 2207 animal.

987 2225 1081 2252 Totam
1100 2225 1282 2255 divinitatem.
1296 2225 1343 2253 Gr.
1367 2226 1417 2262 τὴν
1434 2225 1498 2260 ὃλην
1515 2225 1655 2261 θεαρχίαν.
1678 2225 1745 2261 ’Ὀλη

916 2265 935 2291 ί)
949 2271 1079 2308 θεαρχία,
1096 2276 1183 2299 totum
1199 2272 1352 2299 divinitatis
1370 2272 1552 2307 principium,
1569 2272 1749 2299 sanctissima

948 2322 975 2345 et
989 2318 1129 2345 adoranda
1145 2318 1285 2351 Trinitas;
1305 2323 1417 2353 propter
1433 2317 1598 2345 inetl'abilem
1614 2325 1680 2345 vero
1696 2326 1745 2345 na-

948 2367 1016 2390 tura:
1030 2363 1174 2395 unitatem,
1192 2371 1265 2390 unus
1276 2367 1303 2390 et
1318 2371 1401 2390 unum
1414 2363 1577 2398 appellatur.

982 2410 1004 2436 Α
1028 2418 1081 2446 qua
1104 2415 1128 2437 et
1152 2418 1184 2437 ex
1202 2418 1265 2445 qua.
1281 2409 1350 2438 Cum
1369 2409 1414 2445 ὑφ’
1431 2407 1481 2447 ἦς,
1498 2418 1514 2436 a
1528 2417 1591 2444 qua,
1608 2408 1747 2445 conjunge

946 2455 1004 2485 tot!
1011 2463 1021 2488 ',
1037 2463 1132 2485 etcum
1142 2455 1171 2489 ἐξ
1183 2454 1227 2493 ἧς,
1235 2464 1336 2492 ext/ua,
1346 2456 1482 2492 conjunge
1491 2456 1678 2487 συντέτακται,
1688 2455 1744 2483 dis-

946 2506 1033 2541 posita
1046 2509 1118 2535 sunt,
1128 2509 1209 2539 atque
1217 2511 1279 2531 cum
1288 2501 1371 2539 δι’ἧς,
1379 2511 1425 2538 per
1435 2511 1524 2539 quam,
1534 2504 1645 2531 verbum
1656 2503 1746 2539 μένει,

947 2556 1064 2584 ntanent,
1074 2558 1105 2578 ac
1117 2547 1250 2586 ουιιιὲνῇ,
1265 2550 1292 2577 in
1307 2559 1370 2586 qua,
1379 2550 1491 2578 verbum
1501 2550 1642 2586 συνέχεται
1656 2550 1742 2577 rentia

947 2603 1043 2626 nentur
1056 2606 1103 2625 seu
1119 2596 1318 2628 custodiuntur,
1332 2600 1360 2624 et
1373 2597 1672 2633 cumaigﬁvmdquam,
1681 2604 1743 2623 ver-.

948 2644 1012 2672 bum
1029 2644 1235 2680 ἐπιστρέφεται,
1243 2648 1431 2671 convertuntur
1439 2651 1449 2676 ;
1456 2643 1507 2671 etsi
1514 2642 1596 2670 Pater
1602 2641 1746 2678 sigillatum

948 2695 976 2717 et
987 2691 1069 2717 simul
1077 2690 1160 2718 verba
1167 2691 1322 2724 collocarit,
1330 2693 1358 2718 et
1365 2691 1453 2718 omnia
1462 2690 1605 2718 subaudiri
1612 2687 1743 2721 voluerit,~

949 2736 1037 2765 Porro
1047 2741 1120 2765 recte
1128 2737 1207 2770 dixit,
1219 2737 1289 2773 quod
1297 2738 1321 2766 si
1329 2745 1414 2765 unum
1422 2737 1578 2768 sustuleris,
1588 2743 1638 2764 nec
1647 2733 1744 2762 multa

569 2823 687 2850 VARI/li
703 2822 896 2852 LECTIONES
911 2823 955 2851 ΕΤ
973 2823 1249 2853 CORRECTIONES.

127 2913 153 2935 ι’
163 2922 210 2952 γρ,
228 2913 365 2953 ἀλλήλοις,
395 2916 418 2938 '9
438 2924 482 2952 γρ.
504 2915 735 2951 συμφυλάττεται,
747 2917 776 2944 ἐν
793 2916 868 2953 αὐτῷ
879 2916 935 2954 γὰρ
950 2915 1051 2953 ζῶμεν*
1070 2917 1116 2945 καὶ
1128 2915 1165 2953 τῷ
1174 2917 1214 2948 εἰς
1229 2916 1274 2953 ﬁt
