1940 3064
198 167 244 198 HI

599 168 769 199 APPENDIX
788 168 833 196 AD
849 167 964 196 OPERA
980 167 1009 195 S.
1028 166 1177 194 DIONYSll
1194 165 1435 193 AREOI‘AGITIE.

1773 167 1824 195 ΗΞ

197 232 250 262 tas,
270 235 320 256 nec
336 228 490 255 multesima
509 235 588 262 pars,
604 235 655 255 nec
679 227 782 262 aliquid
799 226 874 254 aliud
889 234 982 253 eorum

1036 225 1082 251 καὶ
1098 224 1198 260 τρίτον.
1214 225 1260 254 καὶ
1274 225 1401 256 δέκατον,
1416 223 1536 260 δηλονότι
1558 223 1604 250 καὶ
1622 223 1656 249 τὰ
1679 222 1760 258 μόρια
1776 222 1822 249 τοῦ

196 282 257 309 quae
271 278 335 302 sunt
343 274 396 301 erit
405 283 413 307 -,
422 274 472 301 hoc
479 274 551 300 enim
559 278 638 301 antea
646 272 795 301 insinuavit
801 279 864 299 cum
873 272 984 304 dixerit,

196 325 224 348 et
239 320 381 348 dimidium
397 328 491 352 unum,
508 324 535 347 et
545 320 626 347 tertia
637 327 712 354 pars,
725 318 875 351 etdecima
889 326 984 350 unum,

198 367 304 395 scilicet
314 369 395 394 etiam
409 369 501 400 partes
516 374 600 392 unum
614 365 789 400 participant.

233 412 357 440 Omnium
367 420 450 439 unum
461 411 530 447 quod
545 416 583 438 est
596 419 688 438 causa.
702 411 761 438 Non
773 412 897 439 absolute
910 411 985 439 omni

196 467 251 486 uno
268 459 360 486 omnia
385 458 579 488 constiterunt,
594 457 642 484 sed
659 457 705 484 illo
727 457 785 484 solo
799 465 869 489 uno,
886 465 985 485 secun-

195 504 260 532 dum
274 504 348 540 quod
359 512 453 535 unum,
469 503 539 530 Deus
553 506 580 530 et
594 511 665 530 unus
679 507 706 530 et
717 511 799 530 unum
812 504 983 537 nominatur;

195 551 254 578 solo
269 551 352 582 enim,
369 551 420 577 hoc
437 558 493 576 uno
509 557 553 577 res
577 550 722 577 exsistunt.
738 549 789 582 Qui
805 550 877 577 enim
892 550 982 584 ipsum

195 604 293 624 nomen
308 604 388 622 unum
406 595 473 623 dicit
487 595 632 631 negatione
648 595 861 630 multiplicitatis
873 596 926 622 hoc
944 596 984 623 si-

193 643 321 677 gniﬁcat;
338 642 468 669 nimirum
486 650 568 669 unum
585 642 673 677 ipsum
690 642 872 677 principium,
886 647 913 670 et
926 643 984 677 pri-

193 696 268 715 mum
289 692 331 716 est
345 688 439 720 alicui,
455 692 485 715 ut
498 688 636 724 quomodo
649 689 765 716 exsistat
777 709 784 721 ,
800 697 862 716 nam
879 690 981 716 mulio-

193 741 254 760 rum
279 741 339 768 quae
361 741 395 761 ex
416 741 448 761 eo
473 734 625 768 procedunt
649 735 842 770 cogitationem
866 736 981 763 inducit.

193 778 257 807 Haec
281 787 345 806 vero
371 780 483 807 minime
504 780 558 808 Deo
585 782 762 808 conveniunt.
792 781 879 809 Porro
901 791 982 810 unum

192 825 265 859 quod
283 825 371 853 solum
395 826 463 857 tale,
481 834 595 860 prorsus
615 831 658 854 est
675 827 828 855 all‘ectionis
850 836 896 855 seu
919 836 982 863 pas-

193 871 280 898 sionis
295 879 404 906 expers,
427 875 454 898 et
477 872 656 905 individuum,
675 881 707 900 ac
729 881 778 907 per
801 881 831 900 se
845 873 981 901 suilicien-

1036 271 1095 302 ἑνὸς
1110 271 1261 306 μετέχουσι.

1071 414 1107 442 Τὸ
1123 414 1243 442 πάντων
1259 412 1425 441 alnos-357*.
1442 413 1499 439 Οὐκ
1523 411 1665 443 ἀπολύτως
1681 411 1721 438 ἑνὶ
1742 411 1821 438 παντὶ

1033 460 1067 487 τὰ
1094 461 1184 488 πάντα
1209 461 1381 496 συνέστηκεν,
1408 459 1465 486 ἀλλ’
1489 458 1586 493 ἐκείνῳ
1612 458 1684 494 μόνῳ
1710 457 1748 492 τῷ
1773 458 1823 491 ἑνὶ,

1034 507 1093 533 καθ’
1109 507 1123 533 ὃ
1139 507 1178 539 ἓν,
1193 508 1208 533 ὁ
1221 506 1287 538 Θεὸς
1307 507 1354 533 καὶ
1376 503 1427 537 εἷς,
1444 506 1490 532 καὶ
1507 505 1536 531 ἓν
1552 503 1723 539 ὀνομάζεται·
1737 504 1824 538 τούτῳ

1032 552 1087 588 γὰρ
1103 553 1175 587 μόνῳ
1196 552 1235 587 τῷ
1250 553 1289 578 ἑνὶ
1312 553 1345 578 τὰ
1360 552 1424 579 ὄντα
1439 552 1522 578 ἐστίν’
1541 551 1606 578 αὐτὸ
1625 551 1680 587 γὰρ
1695 551 1724 577 τὸ
1740 551 1825 586 ὄνομα

1031 598 1062 624 τὸ
1078 598 1107 624 ἓν
1125 599 1139 624 ό
1162 598 1248 632 λέγων
1265 598 1335 624 κατὰ
1351 597 1487 632 ἀπόφασιν
1505 597 1552 624 τοῦ
1574 597 1728 624 πολλαπλοῦ
1745 597 1825 624 τοῦτο

1034 644 1170 679 σημαίνει”
1184 644 1216 670 τὸ
1230 644 1319 679 μέντοι
1333 643 1362 669 ἓν
1376 643 1512 678 αὑτοαρχὴ
1527 643 1574 669 καὶ
1590 643 1697 678 πρῶτόν
1713 644 1771 670 ἐστι
1785 643 1825 678 τῷ

1032 690 1100 726 πρός
1110 690 1136 716 τι
1151 699 1209 721 πως
1223 689 1304 725 ἔχειν·
1322 689 1376 716 τῶν
1389 689 1442 724 γὰρ
1455 688 1485 721 ἐξ
1499 688 1580 717 οιὺτοῦ
1602 689 1705 715 πολλῶν
1720 688 1824 716 ἔννοιαν

1032 736 1146 770 εἰσάγει.
1168 735 1260 762 Ταῦτα
1281 736 1308 762 δὲ
1328 736 1378 762 οὐκ
1392 735 1530 770 ἐπιτήδεια
1546 735 1591 761 ἐπὶ
1605 734 1683 761 Θεοῶ
1705 734 1824 761 τοιοῦτον

1031 780 1059 806 δὲ
1072 780 1102 806 ὃν
1120 781 1199 816 μόνον
1214 780 1244 806 τὸ
1258 780 1303 811 ἒν,
1319 780 1457 811 παντελῶς
1474 780 1586 812 ἀπαθὲς,
1598 780 1645 807 καὶ
1661 781 1822 816 ἀδιαίρετον,

1032 825 1078 852 καὶ
1092 825 1311 861 αὐταρκέστατον
1335 827 1403 852 ἐστι·
1422 826 1492 852 κατὰ
1507 826 1562 861 γὰρ
1578 826 1627 861 τὴν
1648 827 1729 853 αὑτοῦ
1744 827 1824 861 φύσιν

1032 871 1117 907 ὲτέρῳ
1134 871 1338 906 συμπλέκεσθαι
1353 871 1382 897 οὐ
1401 872 1535 906 πέφυκεν,
1553 872 1647 907 ὥσπερ
1666 873 1696 899 τὸ
1712 874 1740 899 ἑν
1762 875 1823 909 ἀρι-

192 917 329 945 tissimum
341 926 349 950 ;
366 925 454 952 neque
468 919 540 945 enim
553 919 611 946 vult
623 919 699 946 alteri
714 920 741 946 in
754 923 852 946 natura
868 928 922 947 una
934 928 982 948 co—

1035 906 1112 952 Ομοῖς
1124 917 1163 944 ἕν’
1180 917 1329 946 ἀπωθεῖται
1347 917 1401 953 γὰρ
1414 918 1444 944 τὸ
1461 917 1571 953 πλῆοος,
1587 906 1635 947 κοιῖ
1655 919 1744 945 πᾶσαν
1760 906 1824 946 σάν-

191 964 291 999 pulari,
307 964 378 991 sicut
394 972 476 991 unum
489 965 517 991 in
539 965 677 998 numeris;
692 965 766 1000 quod
785 967 858 993 enim
873 967 982 1001 proprie

191 1018 288 1042 unum,
302 1016 329 1038 et
354 1015 415 1038 ante
435 1019 516 1038 omne
535 1019 631 1046 unum,
645 1012 750 1047 repellit
768 1012 981 1044 multitudinem,

190 1064 353 1092 omnemque
368 1058 594 1092 compositionem
610 1062 637 1086 et
651 1059 831 1092 divisionem;
846 1059 982 1094 siquidem

191 1103 243 1130 hoc
259 1110 347 1137 neque
366 1110 480 1138 parvum
491 1122 499 1134 ,
515 1111 603 1138 neque
619 1105 757 1133 mediocre
774 1111 897 1137 vocatur,
916 1105 982 1140 quin

190 1148 213 1175 si
229 1148 294 1183 quid
312 1148 478 1180 audendum,
490 1157 579 1184 neque
596 1150 740 1184 pulchrum
756 1159 845 1187 neque
858 1152 958 1179 bonum
972 1160 980 1177 :

191 1194 233 1221 ha:
247 1194 320 1221 enim
344 1194 511 1227 affectiones,
528 1196 600 1223 sicut
623 1197 706 1223 etiam
736 1202 800 1224 sunt
825 1197 935 1225 habitus
953 1202 982 1226 et

190 1240 341 1268 accidentia
355 1250 362 1274 ;
375 1241 465 1276 ipsum
489 1250 553 1270 vero
574 1251 658 1270 unum
671 1251 754 1278 supra
767 1244 858 1271 omnia
873 1252 981 1280 quoque

189 1287 366 1322 intelligitur;
378 1287 536 1316 alfectiones
549 1297 615 1317 vero
626 1294 656 1316 ut
667 1297 790 1324 parvum,
807 1294 834 1317 et
845 1291 982 1319 medio-:1

190 1341 253 1360 eum
266 1333 319 1361 alio
334 1342 444 1369 quoque
458 1335 678 1366 considerantur,
695 1341 721 1363 et
738 1336 799 1364 ideo
813 1344 903 1371 neque
915 1338 981 1364 sim-

189 1378 285 1412 plices,
295 1386 382 1414 neque
397 1380 587 1408 elementares.
598 1380 669 1415 Ergo
682 1389 778 1413 unum,
792 1381 863 1409 sicut
875 1381 980 1409 dictum

188 1429 242 1457 est,
255 1425 328 1460 quod
343 1426 457 1461 simplex
469 1430 496 1454 et
509 1427 568 1454 sine
583 1426 735 1460 all‘ectione,
749 1427 863 1455 minime
875 1428 980 1456 habens

188 1479 221 1498 ea
238 1480 298 1506 qua),
322 1472 395 1500 dicta
420 1477 494 1506 sunt,
513 1481 602 1508 neque
626 1477 755 1508 tanquam
778 1482 865 1509 genus
888 1482 981 1502 rerum

190 1518 344 1553 ponendum
356 1528 363 1552 ;
384 1527 483 1554 genera
495 1520 567 1547 enim
583 1519 695 1547 omnino
706 1520 864 1547 dividuntur
878 1521 905 1548 in
917 1528 979 1556 spc-

189 1563 257 1595 cies,
273 1564 356 1599 228
372 1564 418 1591 sed
440 1572 529 1600 neque
546 1568 678 1600 punctum
697 1570 743 1593 aut
758 1566 902 1593 monadem
916 1574 979 1601 pro—
993 1579 1016 1610 ο

189 1610 248 1644 prie
272 1610 394 1642 habens;
410 1611 455 1637 illa
480 1611 554 1638 enim
581 1611 778 1639 connexionem
796 1612 898 1640 habent
917 1619 980 1639 cum

188 1656 380 1691 sequentibus.
408 1654 466 1684 lloc
489 1661 581 1684 autem
601 1660 644 1685 est
669 1657 904 1692 simplicissimum
932 1666 983 1686 nec

189 1702 272 1729 ullam
293 1702 473 1730 diﬁ‘erentiam
498 1702 598 1736 habet;
623 1710 714 1738 neque
736 1703 809 1730 enim
834 1703 984 1731 motionem

188 1747 347 1782 quamdam,
370 1756 418 1775 seu
434 1748 580 1776 stationem
593 1752 621 1776 et
635 1749 753 1784 quietem
774 1748 856 1776 habet
869 1758 876 1776 :
889 1756 984 1777 verum

188 1801 279 1828 neque
296 1794 472 1821 statuendum
488 1798 532 1822 est
547 1802 632 1822 unum
653 1802 715 1822 esse
736 1794 763 1821 id
780 1794 854 1830 quod
870 1799 922 1827 εει,
936 1795 984 1822 sed

189 1839 355 1874 principium
371 1843 398 1867 et
411 1847 504 1867 semen
519 1841 579 1875 ejus
594 1841 667 1875 quod
684 1845 742 1874 est;
760 1848 823 1868 nam
837 1841 984 1869 multitudo

189 1885 345 1913 necessario
372 1894 458 1913 unum
481 1887 624 1922 sequitur,
649 1887 819 1914 multitudini
841 1888 914 1922 quod
939 1891 981 1915 est

189 1931 320 1964 adhaeret,
341 1932 414 1967 quod
428 1939 495 1960 sane
510 1933 536 1960 in
548 1932 604 1960 Deo
614 1941 670 1960 non
683 1933 712 1960 ﬁt
724 1940 732 1959 :
749 1940 812 1960 nam
823 1933 854 1959 τὸ
871 1933 900 1960 ὅν
913 1933 983 1968 quod

189 1980 229 2003 est
244 1976 333 2008 οὐσία,
347 1977 463 2004 essentia
474 1980 526 2010 est,
542 1985 558 2004 a
571 1977 655 2005 verbo
667 1975 736 2004 εἶναι
747 1978 900 2010 εδεε;[)ειιε
907 1987 982 2012 vero,

188 2027 216 2050 et
228 2031 309 2058 supra
321 2024 482 2058 essentiam,
498 2028 525 2052 et
545 2032 628 2059 supra
641 2024 667 2051 id
679 2025 752 2060 quod
766 2029 818 2057 est,
833 2029 860 2053 et
874 2026 982 2058 ἑνικῶς,

189 2069 367 2104 singulariter
386 2077 436 2105 pro
458 2071 558 2098 eximie
575 2074 602 2098 et
618 2071 677 2099 sine
689 2071 842 2098 imitatione
856 2079 939 2105 supra
955 2071 983 2099 id

188 2115 261 2151 quod
274 2121 325 2144 est.
343 2116 415 2144 Deus
429 2117 501 2144 enim
519 2118 622 2150 omnia,
638 2122 665 2145 et
688 2125 772 2153 super
794 2118 897 2145 omnia.
913 2117 982 2145 Cum

188 2162 342 2190 mirandum
357 2162 386 2190 in
401 2163 510 2190 modum
526 2164 561 2191 de
581 2167 682 2191 natura
702 2171 880 2191 numerorum
896 2163 985 2191 disse—

1034 963 1119 996 θεσιν,
1146 964 1192 990 καὶ
1214 964 1346 999 διαίρεσιν
1367 964 1432 990 αὐτὸ
1457 964 1487 990 τὸ
1514 964 1615 999 κυρίως
1637 963 1680 996 ἓν,
1698 966 1744 993 καὶ
1770 966 1824 1001 τρὸ

1033 1009 1133 1042 παντὸς
1149 1010 1217 1042 ἑνός.
1234 1010 1319 1036 Τοῦτο
1339 1010 1393 1046 γὰρ
1417 1009 1478 1036 οὔτε
1506 1010 1620 1045 μικρὸν,
1636 1010 1697 1037 οὔτε
1715 1010 1826 1045 μέτριον

1033 1056 1163 1082 καλεῖται·
1180 1057 1204 1082 εἰ
1227 1056 1255 1082 δὲ
1278 1056 1319 1082 δεῖ
1338 1056 1385 1082 καὶ
1401 1056 1543 1091 τολμῆσαι,
1560 1055 1627 1085 οὔτε,
1641 1056 1737 1087 καλὸν,
1760 1055 1825 1081 οὔτε

1032 1101 1142 1136 ἀγαθόν·
1155 1101 1241 1128 ταῦτα
1253 1101 1307 1138 γὰρ
1321 1101 1393 1138 πάθη
1412 1111 1482 1133 πως,
1504 1100 1558 1128 οἶόν
1580 1102 1633 1128 εισι
1655 1102 1701 1128 καὶ
1718 1101 1826 1136 σχέσεις

1032 1148 1079 1175 καὶ
1099 1147 1300 1183 συμϐεϐηκότα.
1320 1147 1390 1174 Αὐτὸ
1411 1147 1439 1174 δὲ
1462 1147 1492 1173 τὸ
1513 1147 1542 1173 ἓν
1565 1148 1612 1173 καὶ
1636 1147 1706 1182 ὑπὲρ
1733 1147 1825 1174 πάντα.

1032 1196 1140 1222 νοεῖταν
1160 1195 1194 1221 τὰ
1209 1194 1237 1220 δὲ
1254 1194 1338 1228 πάθη,
1352 1194 1390 1226 ὡς
1402 1194 1432 1220 τὸ
1450 1194 1546 1229 μικρὸν
1557 1217 1564 1227 ,
1581 1194 1627 1220 κε’.
1644 1194 1762 1229 μέτριον,
1776 1193 1825 1220 καὶ

1033 1241 1081 1267 σὺν
1100 1240 1172 1276 ἄλλῳ
1190 1240 1322 1273 νοοῦντας
1340 1249 1386 1267 κα.
1411 1238 1472 1266 οὔτε
1498 1240 1571 1266 απ).ᾶ
1591 1240 1634 1266 διὰ
1655 1240 1744 1270 τοῦτο,
1760 1239 1825 1265 οὒτε

1033 1286 1197 1322 στοιχειώδη.
1213 1286 1249 1312 Τὸ
1265 1286 1294 1313 ἒν
1306 1281 1362 1318 οὖν,
1378 1286 1416 1318 ὡς
1435 1286 1556 1322 εἴρηται.
1573 1287 1640 1321 ὅπερ
1661 1285 1762 1312 ἁπλοῦν
1777 1286 1826 1311 καὶ

1031 1333 1145 1365 ἀπαθὲς,
1165 1333 1202 1369 μὴ
1219 1333 1280 1368 ἔχον
1295 1333 1329 1359 τὰ
1343 1332 1489 1368 λεχθέντα,
1506 1332 1568 1359 οὗτε
1586 1332 1623 1362 ὡς
1636 1332 1712 1366 γένος
1732 1331 1825 1358 θετέον

1031 1379 1085 1406 τῶν
1108 1379 1201 1406 ὄντων·
1224 1379 1258 1406 τὰ
1282 1379 1309 1405 δὲ
1330 1379 1397 1414 γένη
1422 1379 1530 1410 πάντως
1557 1379 1700 1414 διαιρεῖται
1725 1378 1764 1408 εἰς
1788 1377 1825 1404 τὰ

1030 1426 1098 1461 εῐδη,
1112 1424 1237 1452 ἀλλὀῠτε
1253 1424 1383 1460 στιγμὴν,
1397 1425 1414 1460 ἢ
1429 1425 1530 1460 μονάδα
1543 1424 1653 1460 κυρίως·
1671 1425 1761 1462 σχέσιν
1769 1423 1825 1459 γὰρ

1031 1472 1089 1508 ἔχει
1099 1471 1185 1499 ταῦτα
1207 1470 1276 1507 πρὸς
1297 1471 1332 1497 τὰ
1346 1470 1453 1506 ἐφεξῆς.
1471 1471 1507 1497 Τὸ
1530 1471 1559 1497 δέ
1581 1472 1654 1497 ἐστιν
1669 1469 1824 1496 ἁπλούστα-

1030 1527 1086 1550 τον,
1101 1518 1155 1546 καὶ,
1171 1517 1232 1544 οὗτε
1255 1517 1318 1553 μίαν
1336 1516 1466 1552 διαφορὰν
1488 1516 1557 1552 ἕχον·
1576 1516 1637 1542 οὔτε
1650 1515 1703 1551 γὰρ
1718 1515 1826 1550 κίνησίν

1030 1573 1101 1597 τινα,
1127 1564 1173 1591 καὶ
1200 1564 1305 1596 στάσιν,
1328 1560 1384 1590 οἷον
1401 1563 1520 1599 ὴρεμιαν
1544 1562 1608 1598 ἔχει·
1636 1562 1692 1589 ἀλλ’
1707 1562 1768 1590 οὔτε
1793 1561 1826 1587 ὂν

1031 1611 1121 1637 θετέον
1133 1610 1198 1637 αὐτὸ
1210 1610 1241 1636 τὸ
1254 1609 1298 1643 ἓν,
1315 1609 1383 1636 ἀλλὰ
1393 1609 1479 1645 ἀρχὴν
1494 1609 1570 1640 ὖντος
1582 1609 1628 1635 καὶ
1644 1608 1763 1644 σπέρμα.
1779 1607 1827 1644 Τῷ

1030 1657 1059 1683 δὲ
1073 1657 1129 1684 ὗντι
1143 1656 1246 1692 πλῆθος
1262 1656 1290 1689 ἐξ
1311 1656 1433 1691 ἀνάγκης
1449 1655 1612 1691 παρέπεται,
1627 1655 1666 1691 τῷ
1683 1654 1779 1690 πλήθει
1793 1654 1827 1681 τὸ

1031 1703 1061 1729 ὃν
1078 1703 1266 1739 προσγίνεται,
1282 1703 1350 1738 ὅπερ
1372 1703 1421 1729 οὐκ
1438 1702 1510 1728 ἔστιν
1524 1702 1570 1728 ἐπὶ
1585 1701 1663 1728 Θεοῦ.
1677 1701 1714 1728 Τὸ
1728 1701 1783 1737 γὰρ
1793 1701 1827 1727 ὃν

1032 1750 1111 1776 οὐσία
1130 1750 1214 1781 ἐστὶν,
1233 1749 1287 1776 ἀπὸ
1303 1748 1349 1775 τοῦ
1371 1747 1450 1776 εἶναι.
1473 1748 1501 1775 '0
1513 1748 1543 1774 δὲ
1563 1747 1630 1780 Θεὸς
1646 1748 1693 1774 καὶ
1709 1747 1828 1784 ὑπερθύ-

1034 1804 1100 1828 σιος,
1116 1795 1163 1823 καὶ
1176 1796 1246 1832 ὑπὲρ
1258 1795 1288 1822 τὸ
1302 1795 1332 1822 ὃν
1342 1815 1349 1827 ,
1363 1795 1409 1822 καὶ
1430 1794 1528 1826 ἑνικῶς
1543 1795 1603 1821 ἀντὶ
1618 1793 1665 1820 τοῦ
1678 1793 1828 1829 ἐξαιρέτως

1033 1842 1081 1868 καὶ
1105 1842 1252 1878 ἀμιμήτως
1276 1842 1346 1877 ὑπὲρ
1369 1842 1400 1868 τὸ
1426 1841 1466 1868 δν·
1486 1841 1500 1867 ὁ
1524 1840 1579 1876 γὰρ
1603 1840 1669 1871 Θεὸς
1684 1839 1718 1866 τὰ
1735 1840 1829 1868 πάντα

1033 1888 1092 1915 ἐστὶ
1115 1888 1162 1915 καὶ
1184 1889 1255 1924 ὑπὲρ
1272 1888 1371 1915 πάντα.
1387 1887 1552 1923 Θαυμασίως
1565 1884 1612 1913 οὖν
1635 1886 1669 1913 τὰ
1685 1887 1749 1925 περὶ
1763 1887 1827 1922 ἀρι-

1033 1934 1108 1970 θμῶν
1125 1934 1335 1970 φυσιολογήσας,
1354 1933 1413 1961 Κᾶν
1428 1933 1517 1969 τριὰς,
1535 1933 1633 1967 ἐπάγει
1644 1952 1652 1964 ,
1674 1932 1723 1959 κᾶν
1741 1932 1829 1967 μονὰς

1033 1982 1155 2016 ὑμνεῖται
1171 1983 1188 2018 ἡ
1204 1982 1274 2017 ὑπὲρ
1289 1981 1377 2007 πάντα
1389 1980 1498 2016 Θεότης,
1514 1979 1576 2006 οὔτε
1589 1978 1668 2015 τριὰς
1686 1978 1749 2005 οὔτε
1777 1988 1830 2014 μο-

1034 2028 1082 2059 νάς
1094 2028 1179 2060 ἐστιν,
1199 2029 1216 2064 ή
1232 2028 1296 2063 παρ’
1307 2027 1386 2063 ἡμῶν
1406 2027 1440 2053 δι’
1457 2026 1580 2062 ἀριθμῶν
1595 2024 1793 2060 γνωριζομένη,
1809 2025 1829 2061 ἢ

1035 2073 1099 2109 παρ’
1123 2074 1227 2110 ἐτέρου·
1253 2073 1311 2101 ἀλλ’
1331 2073 1402 2109 ὑπὲρ
1425 2072 1513 2099 πάντα
1537 2070 1600 2098 νοῦν
1625 2071 1672 2098 καὶ
1697 2070 1756 2097 ἔστι
1779 2072 1830 2097 καὶ

1034 2119 1195 2155 ὀνομάζεται
1220 2120 1234 2146 ὁ
1258 2119 1332 2151 Θεός·
1357 2119 1401 2146 διὰ
1425 2118 1480 2154 γὰρ
1499 2117 1547 2144 τοῦ
1570 2118 1656 2144 εἰπεῖν
1681 2117 1750 2152 ὅπερ
1776 2117 1830 2144 οὐκ

1034 2165 1102 2197 ἔστι,
1119 2165 1232 2201 νοοῦμεν
1246 2165 1260 2192 ὃ
1272 2165 1301 2191 τί
1315 2165 1389 2191 ἐστιν
1399 2165 1414 2190 ὁ
1426 2163 1501 2196 Θεὸς.

187 2208 298 2240 ruisset,
322 2208 397 2236 addit
414 2208 492 2236 :Etsi
509 2207 629 2238 Trinitas
643 2229 651 2242 ,
673 2210 725 2238 etsi
748 2209 840 2237 unitas
862 2208 987 2237 laudetur
1009 2217 1071 2244 quae
1095 2218 1180 2246 supra
1213 2211 1305 2238 omnia
1326 2210 1424 2242 deitas,
1449 2217 1539 2244 neque
1559 2208 1693 2243 Trinitas,
1730 2217 1825 2244 neque

189 2254 280 2282 unitas
297 2261 349 2288 est,
370 2263 431 2291 quae
446 2263 461 2283 a
474 2256 553 2284 nobis
567 2265 595 2284 m
611 2257 733 2286 numeris
746 2258 917 2293 agnoscitur,
929 2261 975 2284 aut
994 2258 1029 2285 ab
1059 2258 1129 2292 alio;
1152 2267 1199 2287 seu
1215 2267 1298 2295 supra
1318 2266 1427 2286 omnem
1452 2261 1570 2286 mentem
1596 2263 1649 2290 est,
1682 2262 1709 2286 et
1736 2258 1830 2285 norni-

188 2305 270 2328 natur
284 2300 372 2333 Deus;
384 2302 500 2330 dicendo
515 2303 588 2330 enim
604 2303 678 2339 quod
699 2311 756 2331 non
778 2308 838 2336 est,
852 2303 1029 2339 intelligimus
1045 2305 1110 2340 quid
1126 2305 1162 2333 sit
1178 2305 1260 2333 Deus.

224 2347 309 2382 Atque
333 2356 414 2375 unum
437 2349 523 2383 ipsum
547 2350 617 2385 quod
640 2354 679 2376 est
702 2349 870 2378 determinat.
895 2350 980 2378 Deum

1068 2352 1124 2379 Kal
1139 2352 1212 2381 αὐτὸ
1227 2352 1260 2380 τὸ
1275 2352 1311 2379 ἓν
1327 2352 1364 2379 ὃν
1376 2351 1488 2387 ὥριζονι
1499 2351 1560 2378 ’Ὁτι
1572 2350 1619 2379 καὶ
1637 2350 1752 2386 ὑπὲρμτὸ
1765 2350 1797 2378 ὃν
1815 2353 1830 2379 ὁ

188 2400 250 2421 εεεε
265 2400 348 2428 supra
365 2393 392 2420 td
409 2394 481 2429 quod
494 2398 547 2425 est,
559 2402 622 2422 cum
635 2396 671 2423 sit
684 2396 788 2429 omnia,
802 2399 885 2432 atque
896 2395 984 2431 ipsius

188 2437 295 2465 numeri
307 2438 433 2465 conditor
447 2443 474 2467 et
488 2439 662 2467 adinventor.

224 2482 266 2510 Ad
288 2492 425 2510 numerum
441 2490 559 2520 spectat,
577 2487 722 2522 ἐνάριθμον
742 2488 808 2514 ἐστι.
827 2487 898 2515 Nota
919 2488 984 2515 ὲνά-

191 2529 288 2564 ριθμον
313 2530 563 2559 manil’estationem
587 2534 696 2560 numeri
721 2533 890 2569 signiﬁcare;
918 2542 983 2570 ergo

191 2583 276 2602 uirum
294 2576 322 2603 in
338 2577 431 2609 rebus,
449 2578 476 2605 id
488 2582 531 2606 est
546 2578 573 2606 in
588 2580 724 2607 creaturis
739 2580 869 2615 positum,
884 2587 983 2608 secun-

191 2623 256 2650 dum
270 2623 377 2651 numeri
389 2628 551 2659 conceptum
566 2633 613 2653 seu
629 2625 764 2654 rationem
780 2627 901 2661 ponitur.

227 2669 290 2697 Non
303 2673 343 2697 εει
353 2669 453 2698 unitas.
468 2669 529 2698 Noli
550 2671 712 2706 simpliciter
733 2679 781 2699 seu
806 2671 981 2707 singulariter

190 2715 298 2750 audire,
323 2716 390 2744 illud
415 2725 468 2744 non
494 2721 534 2744 est
559 2717 649 2744 unitas
677 2725 758 2752 neque
782 2717 909 2750 trinitas;
932 2718 980 2746 sed

191 2762 267 2790 illius
286 2772 338 2791 non
357 2767 396 2791 est
419 2767 549 2791 construe
572 2771 635 2790 cum
651 2763 838 2800 διεγνωσμένη
857 2765 982 2799 cognita;

190 2816 283 2836 sermo
303 2810 376 2838 enim
406 2819 462 2838 non
489 2811 548 2838 vult
571 2810 755 2838 condemnare
777 2819 838 2846 qua:
867 2811 905 2838 ita
933 2819 983 2847 pro

190 2855 321 2885 confesso
343 2857 489 2892 habentur,
514 2855 562 2886 sed
585 2855 671 2885 Deum
690 2864 751 2886 esse
765 2856 982 2893 investigabilcm

191 2901 282 2929 docet.

1035 2398 1112 2431 Θεὸς,
1127 2398 1166 2430 ὡς
1179 2399 1269 2425 πάντα
1295 2398 1440 2434 ὑπάρχων,
1457 2398 1504 2425 καὶ
1525 2397 1608 2429 αὐτὸς
1632 2396 1679 2423 τοῦ
1707 2397 1830 2432 ἀριθμοῦ

1034 2444 1149 2481 ποιητὴς
1159 2445 1206 2472 καὶ
1223 2446 1373 2481 ὲφευρετὴς
1385 2445 1524 2481 ὑπάρχων.

1077 2490 1248 2526 Ἐνάριθμόν
1266 2491 1343 2518 ἐστι.
1366 2491 1524 2527 Σημείωσαι
1543 2490 1588 2517 ὅτι
1610 2490 1641 2516 τὸ
1669 2489 1829 2526 ἐνάριθμον,

1037 2536 1154 2573 ἀριθμοῦ
1176 2537 1293 2573 δήλωσιν
1316 2537 1452 2573 σημαίνει·
1476 2537 1522 2564 ἐπὶ
1545 2538 1600 2564 τῶν
1620 2536 1704 2563 ὄντων
1724 2535 1834 2569 τοίνυν,

1036 2584 1157 2610 τουτέστι
1181 2583 1235 2610 τῶν
1258 2583 1434 2619 κτισμάτων,
1456 2583 1487 2611 τὸ
1506 2583 1535 2610 ἓν
1559 2582 1730 2618 ἐντιθέμενον
1756 2581 1830 2609 κατὰ

1035 2629 1153 2666 ἀριθμοῦ
1169 2630 1274 2657 ἔννοιαν
1288 2630 1402 2658 τίθεται.

1071 2677 1132 2703 Οὐκ
1151 2676 1238 2704 ἐστιν
1259 2676 1330 2703 οὐδὲ
1350 2676 1456 2712 μονάς.
1471 2676 1517 2712 Μὴ
1537 2676 1631 2708 ἁπλῶς
1645 2675 1677 2703 τὸ
1698 2676 1831 2702 οὐκέστι

1031 2723 1138 2758 μονὰς,
1147 2722 1218 2750 οὐδὲ
1229 2722 1311 2757 τριὰς
1324 2722 1482 2759 ἐξακούσῃς,
1493 2722 1560 2749 ἀλλὰ
1573 2722 1641 2758 πρὸς
1654 2721 1696 2752 τὸ,
1708 2721 1831 2756 διεγνω-

1031 2769 1140 2804 σμὲνη,
1154 2769 1281 2801 σύνταξον
1292 2769 1322 2796 τὸ
1336 2770 1391 2796 οὐκ
1399 2770 1493 2796 ἐστιν’
1505 2769 1535 2795 οὑ
1546 2769 1600 2804 γὰρ
1613 2768 1717 2795 ἀνελεῖν
1730 2767 1766 2794 τὰ
1778 2767 1832 2804 τῆς

1032 2815 1160 2850 τοιαύτης
1178 2815 1333 2851 ὁμολογίας,
1351 2815 1418 2844 ἀλλὰ
1441 2816 1472 2843 τὸ
1495 2815 1698 2851 ἀνεξιχνίαστον
1719 2815 1734 2842 ὀ
1750 2814 1832 2850 λόγος

1033 2861 1137 2895 διδάξαι
1155 2862 1287 2898 βούλεται.
