1940 3064
108 179 155 206 013

139 237 191 265 Καὶ
213 236 247 263 τὸ
264 237 407 272 θεογόνον
427 237 556 271 άληθῶς.
573 237 609 264 Τὸ
627 237 751 272 θεογόνον
765 237 832 273 φησὶ
846 237 892 273 δη-
906 241 931 269 Α

108 284 213 311 λοῦσθαι
226 284 258 310 ὲκ
272 283 322 319 τῆς
338 284 486 319 ὀνομασίας
499 284 550 319 τῆς
567 284 689 319 Τριάδος·
709 284 753 311 ἵνα
766 285 820 320 γὰρ
836 293 890 311 πα-

110 331 190 366 ραστῇ
207 329 260 356 τῶν
280 329 470 365 ἀνεκλαλήτων
485 330 660 357 ὑποστάσεων
684 331 701 365 ὴ
717 330 892 366 προσκυνητὴ

109 376 242 411 ἔκφανσις,
260 378 274 403 ὁ
285 376 400 412 ἀριθμὸς
412 376 555 412 ἐπενοήθη,
574 376 646 403 καθά
661 385 726 412 φησι
743 377 892 408 Βασίλειος,

109 423 152 450 καὶ
167 424 191 450 οἰ
206 423 272 450 θεῖοι
287 423 439 459 Γρηγόριοι.
455 423 567 458 Γόνιμον
581 423 609 449 δὲ
624 423 670 450 τὸν
687 423 798 459 Πατέρα
812 431 894 449 κατα-

109 468 259 506 χρηστικῶς
279 469 441 504 ὠνόμασεν,
467 469 514 496 ἆτε
541 469 587 495 καὶ
614 468 801 505 προσκυνητοῦ
827 468 893 495 Υἱοῦ

109 515 229 552 Πατέρα,
247 515 293 542 καὶ
315 515 362 542 τοῦ
380 515 624 551 συμπροσκυνητοῦ
650 515 739 546 αὐτοῖς
762 515 894 549 παναγίου

109 562 264 597 Πνεύματος
278 563 380 597 πηγήν.
401 562 549 597 Γονιμότης
561 559 619 594 οὖν,
634 562 650 596 ἢ
662 561 756 597 ἕτερόν
770 569 796 587 τι
809 560 894 596 ὄνομα

108 607 159 634 τῶν
181 608 407 644 συνεγνωσμένων
422 607 587 644 ἀνθρώποις,
612 608 628 643 ἢ
652 607 700 634 καὶ
721 607 815 638 αὑταῖς
834 607 895 637 ταῖς

107 655 212 689 νοηταῖς
230 653 386 690 δυνάμεσιν,
402 654 453 679 οὐκ
476 652 510 680 ἂν
533 653 718 688 παραστήσειε
740 651 846 687 τρανῶς
860 651 895 677 τὰ

108 699 144 732 ὥς
159 700 229 726 εἰσιν
251 693 284 726 ἐκ
306 700 414 726 πάντων
428 698 664 734 ἀποκεκρυμμένα
678 697 725 724 τοῦ
739 696 817 723 Θεοῦ·
836 697 896 728 πῶς

108 746 160 781 γὰρ
184 745 295 772 δυνατὸν
319 745 451 781 ὀνομάσαι
475 745 529 771 ἀπό
556 753 628 776 τινος
655 744 709 770 τῶν
738 743 822 770 ὅντων
850 742 896 769 τὸν

108 792 181 825 Θεὸν,
201 793 268 829 μήτε
281 801 308 819 τι
316 792 369 819 τῶν
381 792 489 820 πάντων
503 791 577 825 ὅντα,
590 791 657 818 ἀλλά
668 791 714 817 καὶ
727 790 797 826 ὑπὲρ
807 789 897 817 πάντα

107 839 140 866 τὰ
153 839 233 872 ὄντας

143 885 219 912 Οὐδὲ
240 883 334 919 ὄνομα
357 883 453 918 αὐτῆς
476 884 553 911 ἐστι.
579 883 679 915 Καλῶς
695 883 709 909 ὁ
725 882 798 914 θεῖος
820 880 898 915 οὗτος

468 179 497 206 S.
517 178 641 206 MAXIM!
661 178 808 207 SCIIOLIA
829 179 865 206 IN
882 179 947 207 LIB.
964 179 1010 207 DE
1025 179 1153 208 DlVlNIS
1168 181 1369 210 NOM'INIBUS'.

1685 181 1737 209 ιιι

980 238 1028 266 Dei
1041 239 1227 273 fecunditatem
1242 245 1266 267 et
1289 249 1356 268 vere.
1380 239 1451 267 Dicit
1474 239 1594 266 divinam
1612 238 1737 266 fecundi-

943 287 1027 311 tatem
1039 285 1174 312 declarari
1187 294 1219 313 ex
1239 286 1422 321 appellatione
1443 286 1599 313 Trinitatis.
1613 285 1648 313 Ut
1664 286 1737 313 enim

944 330 1082 358 adoranda
1096 332 1271 359 inell‘abilium
1286 333 1525 361 subsistentiarum
1538 332 1739 360 demonstratio

943 382 1198 412 repragseutaretur,
1220 387 1352 407 numerus
1379 380 1551 414 excogitatus
1576 382 1637 411 est,
1666 378 1739 406 sicut

943 423 1011 450 dicit
1024 423 1141 453 Basilius
1154 430 1181 452 et
1194 425 1279 452 divini
1298 425 1432 461 Gregorii.
1444 426 1552 453 Patrem
1564 432 1629 452 vero
1643 424 1740 452 fecun-

945 468 1010 495 dum
1024 469 1137 497 abusive
1154 471 1311 505 appellavit,
1329 476 1458 505 tanquam
1479 470 1613 498 adorandi
1628 478 1739 505 quoque

945 514 1006 542 Filii
1020 516 1181 550 genitorem,
1199 521 1225 543 et
1247 517 1330 544 simul
1354 524 1416 543 eum
1442 517 1512 551 ipsis
1527 516 1657 543 adorandi
1676 515 1739 551 Spi-

945 561 1015 589 ritus
1031 563 1120 589 sancti
1135 562 1246 590 fontem.
1259 562 1422 590 Fecunditas
1436 563 1528 598 igitur,
1542 563 1614 589 aliud
1627 562 1737 597 aliquod

945 615 1045 635 nomen
1068 609 1227 637 hominibus
1252 613 1358 642 notum,
1382 614 1429 636 aut
1443 610 1525 637 etiam
1547 609 1615 644 ipsis
1637 609 1740 637 intelli—

947 653 1074 688 gibilibus
1095 654 1244 682 virtutibus
1269 662 1318 682 seu
1339 654 1454 688 angelis,
1476 662 1531 681 non
1553 659 1645 689 posset
1666 655 1740 682 clare

946 698 1077 726 exhibere
1089 698 1135 726 Dei
1149 700 1309 728 abscondita
1322 700 1395 728 sicut
1415 705 1496 733 sunt;
1518 701 1656 735 quomodo
1666 702 1738 728 enim

947 743 1031 777 Deus,
1047 745 1095 779 qui
1111 745 1180 772 nihil
1200 754 1292 774 rerum
1301 747 1410 780 est,sed
1425 754 1508 781 supra
1525 755 1621 775 omnes
1635 755 1690 780 res,
1705 755 1739 775 ex

948 791 1038 826 aliqua
1055 798 1086 819 re
1101 799 1201 819 nomen
1216 793 1340 828 accipere
1355 794 1468 828 posset?

985 879 1076 916 Neque
1090 881 1147 915 ejus
1162 889 1256 908 nomen
1271 887 1320 909 est.
1335 882 1451 910 Divinus
1466 883 1511 910 hic
1525 883 1607 918 229
1617 883 1659 910 vir
1671 883 1741 912 bene

108 930 176 967 ἀνὴρ
191 930 275 964 λέγει,
291 916 333 957 ότι
347 930 408 957 οὐδὲ
478 930 563 965 ὄνομα
577 929 661 965 αὐτῆς
677 930 751 956 ἐστιν
761 950 768 962 ,
784 929 844 956 οὐδὲ
855 929 897 955 λό-

950 928 1034 955 ιΙίοἰιε
1052 936 1142 963 neque
1164 929 1225 964 ejus
1246 936 1346 956 nomen
1368 935 1420 961 est,
1437 938 1526 964 neque
1543 931 1631 963 ratio;
1648 931 1694 958 sed
1712 931 1740 958 in

108 986 164 1012 γος,
180 976 246 1004 ἀλλά
263 977 292 1003 ὲν
315 976 426 1008 ἀϐάτοις
450 976 592 1012 ἐξῄρηται,
608 976 638 1002 οὐ
663 975 765 1008 τόποις,
793 975 829 1011 μὴ
853 975 898 1010 γέ-

108 1024 198 1051 vom!
221 1023 288 1050 ἀλλά
302 1023 443 1058 λογισμοῖς
458 1023 505 1050 καὶ
519 1022 709 1058 ένθυμήσεσιν-
726 1021 826 1052 ἄϐατος
843 1022 898 1057 γὰρ

108 1071 189 1096 παντὶ
203 1069 240 1104 νῷ
264 1070 310 1096 καὶ
335 1068 481 1104 ἐνθυμήσει
503 1070 517 1095 ὁ
542 1068 606 1104 περὶ
621 1067 691 1094 Θεοῦ
711 1067 799 1101 λόγος.
816 1066 852 1093 To
870 1067 898 1093 δὲ

109 1117 177 1152 μήτε
199 1115 284 1150 ὄνομα
305 1115 388 1142 αὐτοῦ
411 1113 497 1147 εἶναι,
516 1114 606 1146 καλῶς
627 1114 673 1140 καὶ
687 1113 898 1145 εὑαπαλλάκτως

107 1163 212 1198 νόησον·
230 1161 265 1188 τὰ
281 1162 335 1198 γὰρ
352 1161 416 1188 ὄντα
434 1161 523 1188 πάντα
537 1161 584 1188 καὶ
597 1161 630 1187 δι’
643 1161 782 1188 ὀνομάτων
796 1161 842 1187 καὶ
855 1159 898 1186 διὰ

107 1207 276 1244 πραγμάτων
300 1207 460 1242 γνωστικῶν
491 1207 679 1243 σημαίνονται.
703 1207 782 1233 Ποῖον
809 1206 898 1233 τοίνυν

107 1254 191 1290 ὄνομα
204 1254 223 1290 ἢ
239 1255 355 1290 πρᾶγμα
368 1254 481 1281 δυνατὸν
497 1254 630 1281 ἐπιθεῖναι
646 1254 685 1289 τῷ
695 1253 764 1289 Θεῷ,
780 1253 819 1288 τῷ
830 1254 899 1289 ὑπὲρ

107 1303 195 1329 πάντα
207 1301 242 1328 τὰ
258 1302 322 1328 ὄντα
337 1301 507 1338 ὲξῃρημένῳ,
521 1302 567 1328 καὶ
581 1301 787 1336 πεποιηκότιτά
798 1301 897 1333 πάντα,

106 1348 154 1375 καὶ
169 1349 247 1384 αἰτίῳ
261 1348 314 1374 τῶν
335 1347 459 1380 πάντων;
477 1347 522 1374 Διὸ
542 1348 589 1374 καὶ
602 1347 651 1383 τὴν
674 1346 833 1382 ἁγαοότητα
849 1347 898 1373 αὒ-

105 1395 155 1430 τὴν
178 1396 195 1430 ἢ
219 1395 249 1421 τὸ
269 1395 351 1421 καλόν
374 1403 455 1429 φησιν
481 1395 494 1421 ὁ
518 1394 587 1425 θεῖος
612 1391 689 1425 οὗτος
706 1393 842 1424 Διονύσιος
861 1392 898 1428 μὴ

106 1441 208 1475 κυρίως
220 1441 374 1476 ἐφαρμόσαι
386 1440 460 1476 αὑτῷ
479 1440 517 1475 τῷ
534 1440 604 1476 Θεῷ,
619 1439 714 1476 ἐπειδὴ
730 1440 778 1466 καὶ
799 1440 828 1466 ὲν
843 1440 899 1470 τοῖς

105 1485 180 1513 οὖσιν
193 1486 365 1522 εὑρίσκονται
388 1486 483 1513 ταῦτα.
500 1487 556 1513 Καὶ
571 1486 700 1521 ἀνωτέρω
719 1485 806 1517 οὕτως
818 1486 900 1521 εὑρή-

107 1541 173 1564 σεις,
191 1533 231 1559 ὅτι
244 1532 329 1559 ταῦτα
345 1532 379 1559 τὰ
391 1533 465 1568 πάθη
479 1533 526 1560 καὶ
539 1532 730 1568 ωμῦεὸηκότα
745 1530 899 1566 λογίζονται

105 1580 137 1606 ὲν
151 1580 207 1611 τοῖς
220 1576 307 1611 οὖσιν,
325 1579 393 1615 ὅπερ
406 1579 456 1606 οὐκ
466 1579 540 1606 ἔστιν
557 1579 604 1606 ὶπὶ
617 1578 685 1608 Θεοῦ
701 1578 748 1605 τοῦ
764 1578 899 1614 ὑπερανα-
912 1594 933 1623 c

106 1625 253 1661 σεὸηκότος
269 1625 388 1652 πάντων.

148 1671 237 1698 Ἀλλὰ
253 1672 334 1703 πόθῳ
354 1671 408 1699 τοῦ
425 1671 517 1698 νοεῖν.
536 1671 689 1707 Σημείωσαι
700 1691 707 1703 ,
724 1670 826 1707 ὡραῖόν
843 1678 893 1705 φην

107 1727 161 1750 σιν,
178 1719 218 1746 ὅτι
235 1718 278 1745 διὰ
293 1718 323 1745 τὸ
339 1718 406 1750 ὅλως
422 1719 493 1745 νοεῖν
509 1727 534 1746 τι
547 1738 553 1751 ,
571 1720 618 1746 καὶ
634 1719 722 1753 λέγειν
739 1719 802 1754 περὶ
817 1717 897 1748 θεοῦ,

106 1765 147 1802 τῷ
163 1765 227 1801 περὶ
243 1765 324 1792 αὑτὸν
341 1764 416 1800 πόθῳ
433 1765 626 1800 κατεχόμενοι,
643 1765 673 1791 τὸ
689 1764 744 1798 τῆς
755 1763 899 1798 ἀγαθότη-

105 1821 159 1845 τος
174 1812 260 1847 ὄνομα
276 1811 409 1839 ἐπέϐαλον
434 1811 472 1847 τῷ
496 1811 555 1847 Θεῷ
579 1812 604 1838 οἱ
621 1811 757 1845 θεολόγοι,
775 1812 835 1840 ἐπεὶ
851 1823 899 1841 κυ-

107 1859 174 1894 ρίως
196 1858 243 1885 καὶ
266 1858 439 1894 ὑπεράγαθος
455 1859 502 1885 κα)⁸
518 1858 679 1894 {irrepo-icto;
702 1859 775 1886 ἐστιν
791 1861 805 1886 ὁ
822 1861 896 1892 Θεός.

112 1904 146 1932 Ἦ
160 1905 187 1931 δὲ
201 1905 347 1939 ἁγαθέτης
357 1924 365 1937 ,
380 1905 418 1937 ὥς
430 1913 512 1940 φησιν
525 1901 602 1936 οὗτος
611 1925 619 1937 ,
636 1906 797 1941 σεμνότατον
813 1907 898 1942 ὄνομα

105 1950 162 1977 τῶν
178 1951 296 1979 πάντων.
322 1951 356 1978 Αἱ
380 1951 408 1978 δὲ
432 1951 599 1987 ἀποφάσεις,
616 1952 676 1987 ἦτοι
700 1953 829 1989 ἀρνήσεις
851 1955 898 1980 καὶ

107 1999 266 2034 στερήσεις,
284 1999 331 2025 ἐπὶ
347 1998 415 2025 Θεοῦ
432 1999 481 2034 οὐχ
497 1998 590 2030 ἅπλῶς
615 1999 738 2035 εἴρηνται
759 2000 815 2031 τοῖς
838 1999 897 2026 θεο-

104 2044 196 2079 λόγοις
207 2054 214 2060 ·
231 2046 262 2072 οὐ
279 2045 343 2081 γὰρ,
361 2045 398 2078 ὡς
414 2045 554 2080 λέγονται,
571 2046 697 2073 νοοῦνται
707 2066 714 2078 ,
731 2046 799 2073 ἀλλά
815 2047 899 2082 ὑπερ-

104 2090 314 2126 αναϐεὸηκότως
338 2091 519 2127 θεωροῦνται·
543 2092 574 2119 τὸ
595 2092 650 2128 γὰρ
666 2091 814 2125 ἀθάνατος
826 2111 834 2124 ,
851 2093 898 2119 καὶ

104 2136 244 2171 ἀόρατος,
254 2138 301 2164 καὶ
317 2137 479 2172 ἄφθαρτος,
486 2138 532 2165 καὶ
548 2138 703 2173 ἀνενδεὴς,
714 2140 760 2165 καὶ
767 2138 898 2174 ἀναμάρ-

103 2191 207 2218 τητος,
224 2184 274 2210 οὐκ
289 2184 322 2211 ἄν
338 2193 380 2215 τις
390 2204 397 2216 ,
416 2184 512 2219 σοφίας
532 2184 651 2220 μετέχων
661 2205 668 2217 ,
693 2185 897 2221 δημωδέστερον

104 2230 238 2258 ὑπολάϐοι
249 2239 256 2246 ·
274 2230 335 2258 οὔτε
352 2231 402 2257 ὃσα
418 2231 465 2257 ἐπὶ
481 2231 548 2258 Θεοῦ
565 2231 678 2258 τοιαῦτα
693 2231 812 2266 λέγεται,
830 2233 897 2259 ἀλλὰ

948 974 982 1001 iis
997 974 1030 1001 ad
1045 982 1106 1010 quae
1120 974 1212 1002 aditus
1228 982 1282 1002 non
1303 979 1388 1010 patet,
1404 980 1509 1003 secreta
1525 980 1640 1008 est,non
1658 978 1738 1010 locis,

947 1019 1039 1047 absitl
1077 1021 1126 1049 sed
1158 1022 1415 1049 ratiocinationibus
1448 1026 1475 1050 et
1516 1023 1740 1058 cogitationibus.

949 1065 1045 1093 Sermo
1060 1068 1132 1094 enim
1155 1067 1189 1094 de
1204 1067 1259 1094 Deo
1283 1067 1443 1096 inaccessus
1458 1073 1500 1096 est
1523 1070 1596 1096 omni
1613 1070 1696 1096 menti
1714 1073 1742 1097 et

948 1113 1118 1148 cogitationi.
1143 1113 1230 1141 Porro
1255 1114 1333 1145 illud,
1358 1123 1446 1149 neque
1466 1115 1527 1150 ejus
1546 1123 1644 1142 nomen
1659 1123 1739 1148 esse,

947 1158 1016 1185 bene
1029 1161 1055 1185 et
1078 1158 1208 1186 distincte
1234 1160 1371 1195 intellige;
1389 1168 1451 1187 nam
1475 1161 1567 1188 omnia
1583 1170 1643 1196 quae
1665 1166 1740 1195 sunt,

947 1204 1106 1232 nominibus
1128 1208 1154 1232 et
1174 1205 1329 1233 actionibus
1354 1207 1547 1241 cogitationem
1572 1208 1742 1242 parientibus

948 1249 1148 1285 signiﬁcantur.
1165 1251 1251 1284 Quale
1271 1252 1355 1286 igitur
1381 1260 1492 1285 nomen,
1520 1257 1567 1280 aut
1591 1254 1664 1281 actio
1688 1254 1742 1282 Deo

948 1296 1051 1331 imponi
1068 1297 1176 1331 poterit,
1195 1298 1241 1332 qui
1257 1298 1291 1325 ab
1307 1298 1435 1326 omnibus
1448 1307 1508 1333 quzc
1525 1303 1589 1327 sunt
1606 1304 1741 1332 secretus,

948 1346 976 1369 et
990 1344 1112 1370 omnium
1131 1343 1267 1377 conditor,
1285 1352 1316 1372 ac
1332 1345 1453 1371 omnium
1470 1349 1512 1373 est
1533 1350 1639 1374 auctor.
1653 1346 1743 1380 Quare

948 1388 1058 1415 divinus
1082 1388 1126 1415 hic
1150 1388 1300 1425 Dionysius
1326 1390 1393 1417 dicit
1415 1391 1502 1426 ipsam
1522 1392 1669 1419 bonitatem
1696 1396 1743 1419 aut

949 1434 1092 1470 pulchrum
1105 1443 1159 1462 non
1176 1436 1287 1471 proprie
1299 1435 1354 1464 Deo
1369 1438 1526 1469 convenire,
1543 1438 1672 1473 quoniam
1684 1439 1744 1466 haec

949 1481 1031 1508 etiam
1054 1483 1081 1508 in
1097 1482 1178 1509 rebus
1197 1483 1394 1516 inveniuntur;
1411 1488 1437 1511 et
1453 1485 1581 1519 superius
1605 1485 1643 1512 ita
1663 1493 1742 1520 repe-

949 1527 1016 1558 rias,
1041 1527 1199 1554 allectiones
1222 1528 1270 1556 has
1295 1532 1321 1555 et
1345 1529 1498 1556 accidentia
1523 1530 1692 1557 considerari
1714 1531 1743 1558 in

949 1573 1050 1605 rebus,
1072 1574 1144 1609 quod
1161 1582 1214 1601 non
1236 1575 1300 1602 licet
1330 1576 1358 1602 in
1388 1576 1443 1603 Deo
1466 1577 1512 1611 qui
1541 1577 1631 1604 omnia
1663 1581 1742 1604 tran-

950 1619 1068 1646 scendit.

985 1663 1036 1691 Sed
1048 1664 1178 1692 desiderio
1191 1666 1362 1701 intelligendi.
1374 1667 1456 1701 Nota,
1469 1673 1583 1696 venuste
1598 1669 1646 1701 ait,
1663 1670 1741 1698 theo-

949 1710 1026 1746 logos
1049 1715 1079 1738 ut
1104 1712 1208 1746 aliquid
1232 1713 1345 1740 omnino
1367 1714 1571 1750 intelligerent,
1588 1720 1615 1743 et
1638 1716 1671 1743 de
1687 1717 1742 1745 Deo

948 1757 1082 1789 dicerent,
1102 1758 1189 1793 ipsius
1213 1759 1350 1787 desiderio
1368 1765 1511 1796 correptos
1523 1782 1529 1792 .
1545 1770 1643 1789 nomen
1660 1763 1741 1790 boni-

948 1803 1014 1831 tatis
1026 1802 1081 1831 Deo
1097 1804 1272 1839 imposuisse.
1288 1808 1413 1841 quamvis
1429 1808 1539 1842 proprie
1558 1808 1628 1836 Deus
1645 1809 1681 1836 sit
1694 1818 1743 1837 su-

949 1858 998 1886 pra
1015 1851 1164 1879 bonitatem
1179 1857 1205 1879 et
1221 1860 1304 1887 supra
1325 1854 1486 1881 essentiam.
1504 1854 1627 1888 Bonitas,
1648 1859 1678 1883 ut
1695 1856 1741 1883 hic

949 1897 995 1929 ait,
1009 1905 1108 1925 nomen
1119 1898 1242 1926 omnium
1254 1899 1479 1934 augustissimum
1491 1909 1498 1933 ;
1514 1901 1666 1936 ἀποφάσεις
1676 1909 1743 1930 vero

949 1951 997 1971 seu
1013 1945 1172 1979 negationes
1183 1949 1210 1972 et
1222 1946 1400 1980 privationes,
1409 1946 1436 1973 in
1445 1946 1509 1980 Deo,
1519 1955 1572 1974 non
1580 1948 1742 1984 simpliciter

949 1991 1255 2026 atheologisdicuntur;
1271 2000 1326 2019 non
1341 1992 1414 2020 enim
1429 1993 1641 2022 sicutdicuntur
1651 1995 1688 2022 ita
1698 1995 1741 2023 in-

948 2037 1119 2072 telliguntur,
1133 2037 1179 2066 sed
1188 2038 1738 2069 modotranscendentaliconsiderantur.

947 2082 1015 2110 Nam
1034 2083 1195 2110 immortalis
1210 2085 1412 2111 etindivisibilis
1430 2089 1457 2112 et
1472 2086 1692 2121 incorruptibilis,
1712 2092 1740 2114 et

948 2129 1047 2156 nullius
1061 2130 1177 2165 indigus,
1196 2130 1386 2164 impetcabilis,
1405 2131 1497 2159 nullus
1520 2133 1661 2167 sapientia:
1675 2141 1740 2167 par—

947 2177 1036 2212 ticeps
1051 2177 1132 2205 modo
1145 2177 1249 2213 vulgari
1262 2177 1391 2212 excipiet,
1401 2186 1450 2205 nec
1464 2179 1556 2205 omnia
1569 2179 1668 2206 similia
1680 2187 1740 2214 quae

948 2222 982 2250 de
990 2223 1046 2250 Deo
1062 2223 1208 2257 dicuntur;
1225 2224 1284 2256 sed,
1297 2224 1374 2251 abiis
1382 2224 1625 2259 quazdcclarantur
1637 2225 1735 2252 abhor-

102 2276 161 2304 τῶν
184 2276 353 2312 δηλουμένων
378 2277 551 2313 ἐξιστάμενος
574 2278 620 2304 ἐπὶ
641 2278 691 2310 τὰς
715 2279 897 2314 σεσιγημένας

950 2277 1028 2302 rens,
1045 2270 1073 2296 in
1100 2271 1198 2298 tacitas
1217 2274 1244 2297 et
1271 2270 1421 2298 diviniorcs
1449 2271 1629 2306 cogitationes
1650 2273 1740 2307 suspi-

103 2325 156 2352 καὶ
171 2324 310 2361 θειοτέρας
326 2324 430 2353 ἑννοίας
452 2324 593 2351 ἀνανεύσει
605 2333 611 2339 ·
629 2324 669 2351 διὸ
687 2325 735 2351 καὶ
759 2325 899 2361 θειοτέρας

105 2371 261 2407 θεωνυμίας
277 2370 376 2406 ἐφεξῆς
391 2371 476 2403 αὑτὰς
492 2371 582 2403 καλῶς
605 2371 814 2407 προσαγορεύει.
839 2371 898 2404 Ἐξ-

103 2417 239 2454 ισταμένη
255 2417 309 2454 γὰρ
325 2418 342 2453 ἡ
358 2417 429 2453 ψυχὴ
445 2417 499 2444 τῶν
516 2417 678 2453 σωματικῶν
695 2417 790 2444 πασῶν
807 2418 899 2453 αἰσθή-

103 2473 177 2491 σεων
194 2465 241 2491 καὶ
257 2464 407 2498 κοσμικῶν,
424 2462 510 2489 ταῦτα
526 2464 581 2498 γὰρ
597 2464 681 2499 ἑαυτῇ
697 2464 809 2499 ἐποίησε
827 2463 897 2499 σύμ-

101 2511 177 2546 φυλα
188 2518 195 2525 ·
212 2509 285 2536 οὕτω
300 2509 463 2536 συνάπτεται
483 2509 522 2544 τῷ
538 2510 683 2545 ἀκραιφνεῖ
699 2510 749 2545 τῆς
765 2509 895 2544 γνώσεως

99 2557 153 2585 τοῦ
170 2556 236 2583 Θεοῦ
248 2577 255 2588 ,
273 2556 333 2583 καθ’
345 2557 407 2583 ὅσον
423 2555 533 2582 δυνατόν
544 2557 617 2583 ἐστιν
628 2556 785 2592 ἀνθρωπίνῃ
803 2557 894 2592 φύσει,

99 2604 142 2636 ὡς
165 2604 213 2631 καὶ
228 2603 242 2629 ὁ
264 2602 424 2633 Ἀπόστολος
446 2601 593 2628 αἰνίττεται
615 2602 718 2637 λέγων·
742 2603 797 2630 Καὶ
819 2603 896 2630 οὕτω

99 2650 234 2678 πάντοτε
248 2649 310 2676 σὺν
326 2649 424 2683 Κιψίῳ
441 2648 570 2683 ἐσόμεθα
581 2657 588 2664 ·
601 2649 648 2676 καὶ
664 2649 744 2676 πάλιν
754 2657 761 2664 ⁸
778 2649 843 2676 Νῦν
856 2650 895 2683 ὠς

97 2695 137 2722 ἑν
152 2695 304 2730 αἰνίγματι
321 2694 370 2721 καὶ
394 2694 428 2720 ἐν·
438 2694 575 2728 ἐσόπτρῳ
594 2694 719 2730 ὁρῶμεν·
733 2696 799 2722 τότε
810 2695 844 2722 δὲ
863 2697 894 2722 τὸ

98 2741 267 2776 πρόσωπον
285 2739 360 2774 πρὸς
371 2740 532 2774 πρόσωπον
545 2739 688 2775 ὀψόμεθα.

142 2787 179 2814 Τὸ
199 2787 261 2814 τῶν
282 2787 436 2822 ὀνομάτων
457 2786 652 2813 σεπτότατον.
676 2787 832 2823 Σημεεωσαι
855 2787 896 2814 ὄτι

99 2833 215 2861 πάντων
232 2833 372 2869 ὀνομάτων
395 2833 558 2860 σεπτότατον
574 2835 593 2868 ἠ
613 2834 759 2868 ἁγαθότης
770 2843 776 2849 ·
793 2834 833 2860 διὸ
849 2835 896 2861 καὶ

99 2879 223 2911 πρώτως
236 2880 275 2915 τῷ
294 2879 352 2915 Θεῷ
367 2880 525 2915 ἀφιέρωται.

142 2936 177 2964 εΙ
194 2935 292 2964 Thess.
311 2944 354 2970 ιν,
374 2937 416 2964 16.

947 2315 1019 2349 ciet;
1035 2319 1179 2351 propterea
1194 2316 1276 2344 etiam
1299 2315 1435 2344 diviniora
1450 2316 1498 2345 Dei
1516 2317 1629 2345 nomina
1644 2323 1739 2353 postea

947 2361 1022 2398 ipsas
1041 2363 1170 2398 appellat.
1190 2362 1258 2390 Nam
1279 2363 1370 2390 anima
1387 2364 1434 2391 ubi
1452 2364 1592 2399 corporeis
1610 2365 1739 2392 omnibus

948 2409 1075 2436 sensibus
1089 2413 1116 2437 et
1127 2409 1209 2437 rebus
1221 2410 1368 2437 mundanis
1383 2418 1413 2437 se
1430 2410 1576 2443 abdicarit,
1593 2411 1650 2438 hinc
1665 2411 1739 2438 enim

948 2455 999 2483 sibi
1017 2456 1163 2484 familiaria
1181 2457 1256 2489 fecit,
1269 2463 1326 2484 tum
1338 2457 1494 2492 purissimae
1512 2456 1560 2484 Dei
1576 2457 1739 2492 cognitioni,

947 2507 1081 2538 quantum
1097 2507 1204 2531 natura
1220 2503 1346 2531 humana:
1369 2503 1444 2535 licet,
1461 2503 1649 2538 conjungitur,
1666 2503 1741 2531 sicut

945 2549 1095 2585 Apostolus
1110 2549 1245 2582 insinuat,
1262 2550 1358 2577 dicens
1372 2559 1378 2578 ε
1398 2549 1433 2576 Et
1448 2550 1485 2576 sic
1498 2558 1598 2584 semper
1609 2558 1667 2576 cum
1684 2549 1739 2576 Do-

946 2597 1017 2624 mino
1029 2597 1128 2624 erimus
1140 2601 1162 2630 ε,
1177 2601 1205 2624 et
1221 2597 1322 2624 iterum
1335 2606 1342 2624 :
1364 2595 1444 2623 Nunc
1459 2597 1530 2623 sicut
1552 2596 1579 2623 in
1599 2596 1740 2629 «enigmata

946 2647 970 2669 et
982 2643 1088 2677 speculo
1099 2644 1217 2670 videmus
1231 2651 1240 2670 .'
1255 2648 1312 2670 tum
1332 2648 1422 2670 autem
1439 2643 1508 2678 facie
1534 2642 1569 2669 ad
1587 2642 1684 2677 faciem
1698 2642 1738 2668 vi-

947 2688 1065 2716 debimus
1083 2689 1106 2717 ¹.

983 2785 1129 2814 Nominum
1150 2789 1266 2816 maxime
1286 2788 1439 2816 venerabile.
1457 2787 1526 2816 Nota
1543 2786 1664 2814 omnium
1683 2793 1732 2815 no-

949 2832 1053 2860 minum
1067 2835 1294 2868 augustissimum
1313 2843 1375 2864 esse
1389 2835 1504 2868 bonitas,
1521 2834 1635 2869 ideoque
1648 2833 1741 2868 primo»

950 2879 1005 2907 Deo
1014 2879 1164 2915 dedicatur.

472 2936 578 2965 flCor.
602 2945 661 2971 tiu,
683 2937 806 2976 l2..\"idc
823 2937 889 2966 Nov.
909 2937 982 2966 Tcst.
999 2937 1085 2966 Graec.
1104 2938 1171 2972 Aug.
1192 2936 1300 2964 Scliolz.
