1940 3064
217 181 270 213 415

251 243 273 270 Α
289 244 407 279 cognatis
423 242 484 277 fuit.
498 241 552 268 τῶν
571 242 656 276 ἑαυτῇ
675 239 833 274 συμφύλων.
850 236 922 263 Dixit
936 244 1002 270 συμ-
1019 237 1043 265 Α

215 290 319 326 φύλων,
334 289 363 317 id
374 293 416 317 est
431 289 564 325 cognatis,
575 292 602 315 et
613 288 695 318 notis,
712 290 793 321 atque
803 288 934 312 creatura).
942 290 1006 318 pro-

218 337 296 372 priis.

253 382 335 417 230
354 381 412 408 Hoc
429 381 498 408 enim
519 388 576 407 vere
599 379 680 406 etiam
701 378 799 413 angeli.
822 377 935 404 Divinas
961 383 1005 403 res

217 429 329 456 minime
344 429 378 455 ab
393 428 496 463 angelis
511 426 705 462 comprehendi
731 432 827 460 posse;
849 428 877 451 et
897 427 1005 458 postre-

217 483 292 503 mum
314 475 472 511 angelorum
488 473 593 508 majora
609 472 738 499 omnibus
753 471 883 498 Ecclesiae
898 470 1006 499 theolo-

217 522 269 556 gis,
287 525 368 555 atque
384 521 422 548 ita
437 519 569 555 apostolis
583 519 616 546 de
629 517 685 546 Deo
698 517 844 552 speculari.

252 603 286 630 Et
306 603 407 638 siquid
428 611 518 630 eorum
539 610 597 637 qua:
611 602 651 628 liis
668 600 835 636 wquiualent.
858 599 960 634 Nempe
980 598 1003 626 si

215 650 296 677 etiam
311 650 370 677 alia:
383 650 504 684 ejusdem
521 649 631 675 virtutis
652 648 751 675 divina:
765 646 961 682 appellationes
976 645 1004 671 iu

216 696 358 730 Scriptura
372 697 556 726 inveniantur,
568 697 676 729 oportet
686 694 768 720 etiam
779 701 837 725 eas,
853 691 1003 720 secundum

215 742 323 772 easdem
337 742 491 778 explicandi
507 742 627 768 rationes
642 740 803 775 adiungere.

251 790 286 817 Et
300 791 375 818 nobis
386 797 410 818 et
425 800 484 818 cum
498 792 558 818 aliis
573 793 636 818 viris
651 792 793 826 religiosis.
807 791 935 828 Mysteria
950 800 1004 820 non

214 845 276 865 esse
295 839 451 873 promiscue
468 838 595 866 omnibus
612 839 840 865 communicanda
851 859 857 870 ,
873 838 920 866 sed
935 838 1004 873 aptis

214 888 242 912 et
253 884 390 920 religiosis
405 885 485 918 viris;
501 885 574 919 quod
589 884 672 911 etiam
691 885 801 912 divinus
820 883 924 913 Paulus
939 884 1003 912 liuic

215 935 311 959 sancto
327 931 386 958 viro
402 930 548 958 Timotheo
559 931 668 958 scribit.

251 977 306 1006 Pro
319 983 409 1005 nostra
425 977 529 1004 dicendi
541 983 630 1012 captu.
646 977 721 1013 Haec,
731 978 803 1006 sicut
817 981 942 1006 sanctum
957 978 1006 1006 de-

213 1024 419 1057 cet,modesti2e
441 1024 533 1052 studio
558 1024 625 1052 dicit
648 1024 744 1058 Pater;
771 1024 897 1053 similiter
921 1025 1003 1053 etiam

213 1070 305 1097 omnia
320 1077 381 1105 qua:
397 1073 562 1105 sequuntur.

247 1115 289 1142 Ad
314 1116 486 1150 symbolicam
509 1116 679 1152 theologiam.
703 1116 839 1144 Nimirum
864 1116 1004 1152 θεολογίαν

213 1160 391 1196 συμΰολικήν,
408 1169 456 1188 seu
477 1161 576 1189 librum
595 1161 634 1189 De
649 1162 785 1197 theologia
800 1170 861 1197 quie
873 1163 900 1190 in
917 1164 1004 1199 signis

211 1209 349 1238 versatur,
366 1206 502 1241 intelligit,
518 1207 564 1241 qui
580 1207 714 1234 hactenus
728 1215 783 1234 non
793 1208 921 1240 habetur,
931 1209 1002 1237 sicut

211 1252 240 1278 in
257 1252 310 1279 alio
329 1260 439 1287 quoque
453 1252 543 1287 capite
558 1253 613 1286 ait;
630 1253 654 1281 si
666 1260 732 1281 vero
745 1254 841 1288 cupias
860 1255 932 1283 scire
949 1255 1003 1282 dif-

1017 918 1040 945 B

212 1297 355 1326 ferentium
371 1299 421 1334 τῆς
440 1297 598 1334 θεολογικῆς
615 1299 819 1332 ὺποτυπώσεως
832 1304 859 1327 et
872 1301 922 1336 τῆς
935 1309 1004 1336 συμ-

211 1344 324 1380 ϐολικῆς
339 1344 489 1379 θεολογίας,
507 1346 565 1378 lege
580 1349 664 1380 caput
680 1348 791 1374 tertium
807 1347 870 1374 llbri
891 1346 931 1374 De
945 1355 1004 1381 my-

211 1392 279 1419 stica
295 1391 434 1427 theologia.

606 179 780 208 APPENDIX
800 178 845 205 AD
863 175 978 205 OPERA
996 174 1024 202 S.
1045 173 1194 202 DlONYSll
1213 171 1453 200 AREOPACITE.

1789 169 1841 198 ιισ

1094 233 1154 260 Τῶν
1167 231 1260 266 ἑαυτῇ
1272 232 1448 266 συμφύλων.
1465 229 1612 264 Συμφύλων
1626 228 1694 264 φησὶ
1705 227 1759 255 τῶν
1774 233 1842 264 cupi-

1058 279 1143 314 φυῶν,
1160 278 1207 305 καὶ
1222 278 1377 313 γνωρίμων,
1395 277 1442 303 καὶ
1456 275 1507 310 τῆς
1522 275 1636 306 κτίσεως
1654 273 1735 301 ἰδίων.

1095 369 1184 396 Τοῦτο
1200 367 1254 403 γὰρ
1269 366 1388 401 ἀληθῶς
1404 366 1452 393 καὶ
1469 365 1597 400 ἄγγελοι.
1616 364 1676 391 Ὅτι
1689 362 1737 390 καὶ
1758 361 1841 397 ἀγγέ-
1864 357 1867 361 ’

1056 415 1113 446 λοις
1127 414 1162 441 τὰ
1175 414 1240 449 περὶ
1255 412 1322 440 Θεοῦ
1339 411 1517 446 ἀκατάληπτα
1527 431 1534 442 ,
1548 410 1596 437 καὶ
1609 410 1649 436 ὅτι
1664 409 1711 436 καὶ
1726 409 1741 435 ὁ
1754 407 1842 435 κατώ-

1055 469 1137 492 τατος
1151 460 1205 486 τῶν
1229 459 1352 494 ἀγγέλων
1370 457 1470 493 μείζων
1487 457 1594 483 πάντων
1610 455 1664 482 τῶν
1680 455 1708 481 ὲν
1724 456 1757 490 τῇ
1780 455 1840 481 Ἐκ-

1055 507 1155 543 κλησίᾳ
1169 505 1301 541 Θεολόγων
1317 506 1382 541 περὶ
1398 504 1465 531 Θεοῦ
1482 503 1597 539 θεωρεῖ,
1614 501 1712 529 οὐκοῦν
1727 501 1774 528 καὶ
1787 500 1840 528 τῶν

1055 552 1222 583 ἀποστόλων.

1090 598 1145 626 Καὶ
1162 598 1190 625 ει
1205 606 1232 624 τι
1248 597 1307 624 τῶν
1322 595 1525 631 ὀμοδυνὰμων.
1539 595 1599 622 Ὀτι
1613 594 1663 621 κᾶν
1672 594 1764 629 ἕτεραι
1778 593 1842 628 όμο-

1054 645 1169 679 δύναμοι
1191 644 1338 678 θεωνυμίαι
1354 644 1382 670 ἐν
1399 645 1431 678 τῇ
1449 643 1468 668 Γ
1471 643 1543 677 ραψῇ
1560 640 1706 677 εὑρεθῶσι.
1728 639 1779 675 χρὴ
1796 637 1843 666 καὶ

1055 689 1156 721 ταύτας
1171 689 1241 720 κατὰ
1252 689 1301 720 τὰς
1315 688 1399 720 αὐτὰς
1412 687 1610 723 ἐκφαντορικὸις
1623 686 1748 721 μεθόδους
1758 693 1842 720 προο-

1054 744 1211 763 υπακουειν.

1089 793 1144 820 Καὶ
1160 793 1232 828 ὑμῖν
1249 793 1297 820 καὶ
1315 793 1426 827 ἑτέροις
1448 791 1538 826 lspoi'c
1558 790 1717 824 ἀνδράσιν.
1736 789 1796 816 ’Ὁτι
1811 788 1843 815 οὐ

1054 840 1137 866 πᾶσιν
1146 839 1288 874 ἁζητήτως
1304 839 1462 874 μεταδοτέον
1477 838 1531 865 τῶν
1549 837 1698 873 μυστικῶν,
1710 835 1777 862 ἀλλὰ
1787 837 1843 868 τοῖς

1056 885 1158 916 ἱκανοῖς
1171 885 1218 911 καὶ
1235 885 1317 920 ἱεροῖς
1326 885 1453 921 ἀνδράσιν
1463 893 1469 899 '
1485 885 1552 920 ὅπερ
1565 884 1611 911 καὶ
1624 885 1639 910 ὸ
1655 884 1724 915 θεῖος
1739 883 1844 915 Παῦλος

1053 930 1139 965 τούτῳ
1155 931 1194 966 τῷ
1212 930 1277 966 ἱερῷ
1291 931 1368 966 ἀνδρὶ
1384 930 1508 966 Τιμοθέῳ
1524 930 1634 966 γράφει.

1097 977 1195 1012 Ἡμεῖς
1213 985 1245 1004 τε
1263 977 1359 1004 εἰπεῖν
1376 978 1483 1004 ἱκανοί.
1499 977 1591 1004 Ταῦτα
1605 976 1780 1012 ἁγιοπρεπῶς
1798 984 1846 1011 με-

1055 1023 1174 1059 τριάζων
1202 1024 1284 1059 φησὶν
1310 1024 1324 1049 ὁ
1344 1024 1440 1060 Πατήρ
1455 1031 1464 1039 δ
1493 1022 1623 1055 ὡσαύτως
1648 1024 1695 1050 καὶ
1721 1023 1755 1049 τὰ
1781 1021 1846 1057 ἑξῆς

1055 1070 1154 1097 πάντα.

1097 1117 1159 1144 Ἐπὶ
1173 1116 1208 1144 δὲ
1221 1116 1279 1150 τὴν
1294 1115 1484 1151 συμϐολικὴν
1499 1116 1664 1151 θεολογίαν.
1679 1117 1739 1143 ’Ότι
1756 1115 1846 1143 Θεολο-

1055 1163 1117 1197 γίαν
1139 1162 1305 1199 συμϐολικὴν
1326 1162 1400 1197 λέγει
1415 1162 1484 1193 τέως
1502 1161 1539 1197 μὴ
1555 1162 1725 1198 φερομένην,
1743 1163 1780 1194 ὡς
1797 1163 1846 1190 καὶ

1054 1210 1083 1236 ὲν
1097 1209 1168 1244 ἄλλῳ
1185 1209 1324 1245 κεφαλαίῳ
1339 1209 1437 1244 φησιν’
1452 1209 1476 1236 si
1492 1208 1520 1235 δὲ
1535 1207 1623 1243 βούλει
1644 1208 1692 1244 τὴν
1712 1209 1845 1245 διαφορὰν

1054 1256 1151 1283 ειδέναι
1167 1257 1216 1292 τῆς
1232 1256 1419 1291 θεολογικῆς¹¹
1437 1255 1637 1287 ὑποτυπώσεως
1650 1257 1697 1283 καὶ
1712 1256 1761 1291 τῆς
1778 1264 1847 1291 συμ-

1055 1302 1164 1338 ϐολικῆς
1185 1302 1343 1337 θεολογίας,
1370 1302 1507 1337 ἀνάγνωθι
1532 1302 1563 1328 τὸ
1584 1302 1675 1337 τρίτον
1697 1302 1846 1336 κεφάλαιον

1054 1349 1102 1376 τοῦ
1118 1350 1186 1383 Περὶ
1198 1349 1350 1384 μυστικῆς
1364 1350 1519 1384 θεολογίας
1532 1348 1621 1382 λόγου.

668 1449 787 1477 VARUE
803 1449 1000 1478 LECTIONES
1017 1449 1062 1480 ET
1080 1448 1363 1480 CORRECTIONES.

247 1509 269 1525 ¹¹
289 1517 335 1545 γρ.
357 1508 535 1545 ωμὸολικῆς.

223 1574 240 1582 ,.
264 1574 303 1578 ..-μ

223 1571 1834 1591 NW

439 1649 662 1738 ΤΟΥ
699 1648 1040 1736 ΑΓΙΟΥ

1075 1643 1616 1737 ΜΑΞΙΜΟΥ

972 1781 1028 1809 ΕΙΣ
1042 1782 1086 1809 ΤΟ

576 1865 707 1911 ΠΕΡΙ
724 1864 834 1909 ΤΗΣ
857 1864 1145 1910 ΜΥΣΤΙΚΗΣ
1170 1863 1487 1913 ΘΕΟΛΟΓΙΑΣ

876 1960 1175 2022 ΣΧΟΛΙΑ

434 2141 776 2222 SANGTI
815 2140 1003 2221 ΜΑΧ

1065 2144 1172 2218 ΜΙ
1216 2142 1322 2221 SC
1334 2142 1626 2225 HOLIA

919 2282 954 2310 ΙΝ
968 2282 1099 2311 LIBRUM

648 2373 723 2417 DE
761 2371 1021 2418 MYSTICA

1057 2369 1408 2419 THEOLOGIA

596 2472 690 2502 Petro
722 2470 888 2502 Lanssclio
916 2479 934 2502 e
963 2470 1119 2503 Societate
1147 2472 1224 2503 Jesu
1256 2471 1440 2511 interprete.

518 2605 550 2633 IN
570 2606 647 2635 CAP.
666 2606 687 2635 1.

247 2651 293 2688 gl.
309 2650 359 2679 Ubi
368 2651 508 2686 simplicia.
523 2651 666 2688 Simplicia
679 2658 706 2682 et
724 2654 850 2682 ahsoluta
864 2659 929 2683 sunt
937 2664 998 2691 qua:

207 2698 269 2730 sine
287 2699 374 2734 signis
390 2698 590 2734 intelliguntur,
611 2704 639 2727 et
660 2701 731 2728 sicut
748 2708 777 2728 se
800 2700 918 2735 habent,
943 2710 999 2730 non

207 2753 273 2773 vero
290 2753 339 2781 per
354 2745 588 2780 comparationem
601 2746 797 2782 inspiciuntur.
813 2747 906 2782 Itaque
918 2748 999 2776 abso-

207 2793 264 2821 luta
279 2792 357 2826 dicit,
374 2800 435 2828 quae
445 2799 498 2820 non
513 2800 562 2828 per
571 2794 713 2821 nominum
730 2797 777 2821 aut
792 2795 934 2830 signorum
950 2803 998 2823 ex-

208 2838 384 2872 plicationem
399 2838 546 2872 dicuntur;
562 2838 610 2866 sed
629 2846 679 2874 per
697 2840 878 2868 cessationem
900 2844 927 2868 et
949 2841 998 2869 ab-

209 2883 373 2911 solutionem
387 2884 421 2911 ab
433 2884 507 2912 omni
519 2892 549 2912 re
557 2885 722 2920 cogitatione
730 2886 905 2922 colliguntur,
914 2895 996 2921 quam

209 2935 296 2958 sacra:
316 2930 447 2973 motionis
465 2932 663 2966 cessationem,
677 2932 752 2968 prius
769 2932 878 2968 quidem
889 2933 996 2962 iocavit

1012 2611 1036 2642 C

1285 2607 1340 2634 ΕΙΣ
1350 2607 1403 2639 ~T0
1420 2606 1546 2634 ΚΕΦᾹΛ.
1567 2606 1606 2633 A'.

1087 2654 1100 2690 ς
1119 2655 1140 2682 ι.
1163 2654 1254 2681 Ἔνθα
1269 2653 1305 2680 τὰ
1318 2653 1412 2682 ἁπλᾶ.
1434 2653 1521 2679 Ἀπλᾶ
1537 2653 1585 2680 καὶ
1603 2651 1725 2679 ἀπόλυτά
1738 2652 1792 2678 εισι
1810 2645 1853 2680 εδ

1051 2700 1113 2736 δίχα
1128 2700 1269 2736 συμϐόλων
1282 2699 1415 2735 νοούμενα
1432 2700 1478 2726 καὶ
1492 2698 1696 2734 ὲποπτευόμενα
1711 2698 1749 2730 ὠς
1765 2697 1853 2734 ἔχου-

1054 2755 1113 2778 σιν,
1130 2747 1161 2772 οὐ
1180 2746 1232 2782 μὴν
1249 2745 1452 2782 παραὸολικῶς.
1476 2745 1610 2772 Ἀπόλυτα
1626 2741 1673 2772 οὖν
1687 2744 1738 2780 ἔφη
1752 2744 1789 2771 τὰ
1806 2744 1852 2781 μὴ

1052 2792 1123 2820 κατὰ
1147 2789 1295 2826 ἀνάπτυξιν
1315 2793 1454 2828 ὀνομάτων
1477 2792 1511 2828 [ἢ
1529 2791 1670 2827 συμϐόλων
1690 2791 1851 2826 λεγόμενα,

1051 2838 1120 2866 ἀλλὰ
1135 2840 1168 2874 τῇ
1185 2839 1218 2866 ἐκ
1232 2839 1341 2866 πάντων
1351 2839 1406 2866 τῶν
1420 2838 1521 2874 ὄντων]
1532 2859 1540 2871 ,
1555 2837 1602 2865 καὶ
1615 2839 1648 2874 τῇ
1658 2837 1712 2864 τῶν
1723 2838 1853 2873 νοήπων

1050 2885 1204 2912 ἀποπαύσει
1219 2885 1265 2912 καὶ
1279 2885 1410 2912 ἀπολύσει
1426 2885 1606 2920 συναγόμενα,
1621 2885 1716 2920 ἥντινα
1732 2884 1855 2919 ἀνενερη

1050 2931 1149 2968 γησὶαν
1169 2932 1220 2967 τῆς
1246 2932 1321 2968 ἱερᾶς
1338 2933 1470 2969 κινήσεως
1486 2933 1514 2960 ἐν
1538 2932 1586 2969 μὲν
1600 2933 1656 2963 τοῖς
1675 2931 1727 2967 πρὸ
1744 2930 1852 2959 τούτου
