1940 3064
117 189 171 218 H7

463 186 491 215 Β.
510 186 638 214 MAXIHI
660 185 806 214 SCHOLIA
825 185 857 213 IN
878 180 943 214 ΜΒ.
962 185 1005 213 DE
1025 180 1181 214 MYST-ICA
1195 186 1402 215 THEOLOGIA.

1699 187 1752 218 418

118 247 247 283 ἀνοησίαν
261 246 389 273 ἐκάλεσεν
399 253 405 260 ·
421 245 538 272 ἐνταῦθα
552 245 579 272 δὲ
596 245 796 272 σκοτεινότατον
810 244 907 279 γνόφον

964 244 1090 280 ἡνοησίαν
1109 244 1285 280 cogitationis
1309 246 1495 278 vacuitatem;
1519 253 1591 274 nunc
1609 255 1674 274 vero
1690 258 1753 276 σκο-

119 294 165 322 καὶ
180 294 295 329 ἀόρατον
312 291 382 319 κατὰ
398 292 443 318 τὸν
457 292 485 318 Ψ
487 291 608 327 αλμῳδὸν
618 311 625 323 ,
640 291 759 326 Νεφέλη
777 291 825 318 καὶ
841 291 909 326 γνό-

118 348 175 375 φος
189 339 291 371 κύκλῳ
301 338 395 366 αὐτοῦ
405 346 412 353 '
429 338 488 371 καὶ,
498 339 602 365 Ἕθετο
610 338 719 370 σκότος
729 336 911 372 ἀποκρυφὴν

117 385 223 413 αὐτοῦ.

155 477 229 510 Τοὺς
241 477 431 512 ἀνομμάτους
446 477 528 509 νόας.
539 476 576 503 Οὐ
589 475 643 512 γὰρ
658 474 794 511 αἰσθητῶν
810 474 910 509 ὀφθαλ-

120 524 178 560 μῶν
194 525 247 550 εισι
263 523 373 559 μεστοὶ,
387 523 444 550 ἀλλ’
460 523 534 549 ἐστὶν
551 522 641 549 αὐτῶν
655 523 671 558 ἡ
686 522 764 549 οὐσία
775 542 782 551 ,
797 521 844 548 ἆτε
855 521 909 554 ζῶν

118 571 197 603 νοῦς,
221 570 269 605 ὅλη
291 569 429 605 ὀφθαλμὸς
449 569 691 605 ὀξυδερκέστατος·
710 568 771 595 ὅθεν
791 568 838 595 καὶ
861 577 910 594 πο-

118 616 269 652 λυόμματοι
282 616 405 650 λέγονται
421 616 450 642 ἑν
465 617 498 651 τῇ
514 616 618 652 Γραφῇ.

153 663 208 690 Καὶ
234 663 286 696 τὰς
307 662 464 696 αἰσθήσεις
487 663 642 690 antistante.
667 663 713 689 Ἐκ
736 662 908 698 παραλλήλου

117 709 148 736 τὸ
165 710 230 736 αὐτὸ
243 709 388 746 δηλοῦται·
405 709 440 736 τὰ
455 709 510 746 γὰρ
525 709 643 745 αἰσθητὰ
655 708 725 735 αὐτὰ
739 708 868 735 καλοῦσιν
883 709 907 735 oi

118 757 227 783 παλαιοὶ
241 756 285 791 μὴ
307 756 390 788 ὄντα,
405 756 454 783 ἅτε
472 756 622 791 μεταϐολῆς
631 755 740 791 ἀπάσης
751 755 907 790 μετέχοντα,

116 803 165 830 καὶ
182 802 219 838 μὴ
233 802 364 834 ὡσαύτως
379 803 422 830 ἀεὶ
436 803 500 829 ὄντα
511 811 518 818 ·
533 802 568 829 τὰ
583 802 611 829 δὲ
625 801 707 837 νοητά
717 820 724 833 ,
739 802 776 833 ὠς
791 802 833 828 ἀεὶ
844 801 908 828 ὅντα

117 849 239 876 ἀθάνατα
256 849 381 885 βουλήσει
396 849 444 876 τοῦ
460 850 624 884 ποιήσαντος
639 849 688 875 καὶ
699 847 748 883 τὴν
758 848 851 875 οὐσίαν
869 847 907 883 μὴ

121 896 341 932 μεταϐάλλοντα,
366 896 491 931 λέγουσιν
512 896 594 922 ὄντα.
613 895 706 922 Ταῦτα
729 895 756 921 δὲ
779 894 908 926 πολλάκις

959 291 1115 318 τεινότατον
1133 291 1242 326 γνόφον,
1259 293 1486 320 obscurissimam
1504 293 1649 329 caliginem
1665 303 1697 323 ac
1711 298 1753 325 in-

960 337 1115 370 visibilem;
1138 337 1217 372 juxta
1240 338 1407 373 psalmorum
1424 339 1570 367 Cantorem
1590 348 1596 365 :
1615 340 1705 370 Nubes
1727 348 1753 371 et

961 382 1046 418 caligo
1061 383 1087 409 in
1103 382 1216 410 circuitu
1226 382 1284 417 ejus
1297 387 1328 416 ες
1344 387 1371 411 et
1388 391 1394 409 :
1407 383 1504 412 Posuit
1519 384 1639 413 tenebras
1653 386 1754 414 latitia-

961 428 1016 455 lum
1032 437 1110 455 suum
1122 430 1147 456 λ.

995 474 1073 509 231
1101 473 1202 502 Mentes
1222 475 1306 502 oculis
1322 480 1425 510 captas.
1441 475 1500 503 Non
1517 477 1590 504 enim
1605 479 1753 508 sensilibus

960 521 1048 547 oculis
1072 521 1145 555 pleni
1168 526 1242 553 sunt,
1263 522 1310 549 sed
1327 529 1423 548 eorum
1449 523 1570 550 essentia
1591 529 1651 557 est,
1678 526 1753 553 velut

960 572 1038 593 mens
1058 567 1128 597 viva,
1147 570 1203 593 tota
1221 568 1318 594 oculus
1340 568 1492 595 acutissimi
1511 569 1605 603 visus;
1622 571 1695 598 unde
1710 572 1749 598 di-

960 615 1062 639 cuntur
1077 612 1104 639 in
1120 613 1261 648 Scriptura
1279 614 1379 642 multos
1396 614 1495 642 habere
1509 616 1615 644 oculos.

995 659 1031 686 Et
1053 669 1145 688 sensus
1165 662 1291 696 relinque.
1312 661 1369 689 Hoc
1382 670 1415 690 ex
1431 667 1527 690 mutua
1546 665 1752 700 comparatione

959 706 1132 741 declaratur;
1149 716 1211 736 nam
1233 710 1337 744 antiqui
1363 711 1497 737 non-entia
1514 717 1646 739 vocarunt
1662 713 1751 741 sensi—

960 754 1013 785 lia,
1035 755 1098 789 quia
1122 763 1230 783 omnem
1250 757 1427 784 mutationem
1449 759 1631 793 participant,
1649 765 1676 786 et
1695 767 1750 787 non

960 804 1024 828 sunt
1041 808 1149 836 semper
1169 801 1265 829 eodem
1283 802 1365 830 modo
1384 812 1391 830 :
1408 803 1588 839 intelligibilia
1604 814 1667 832 vero
1679 808 1750 834 em’a

961 847 1057 875 dicunt
1081 848 1144 882 quia
1160 848 1302 876 voluntate
1324 848 1466 876 Creatoris
1489 851 1565 877 velut
1584 851 1756 915 immortaliq

961 899 1023 915 mm
1038 901 1089 915 uno
1113 895 1295 915 cnlmmnliam
1318 900 1424 915 mutant
1461 896 1522 915 Ι-ῐωιι
1544 905 1614 915 amna
1633 898 1660 915 :n
1680 899 1749 915 l:||--A

960 899 1025 922 sunt
1038 901 1090 922 nec
1113 895 1295 922 substantiam
1318 900 1437 925 mutant.
1460 896 1523 925 Haec
1544 905 1614 934 saepe
1633 898 1660 925 in
1680 895 1750 926 libro

118 943 358 978 παρατεθεικαμεν
372 944 401 969 ὲν
416 942 456 978 τῷ
470 942 540 976 Περὶ
557 942 643 968 θείων
658 940 811 976 ὀνομάτων
825 939 906 976 λόγῳ.

964 939 999 967 De
1017 939 1112 967 divinis
1126 940 1277 968 nominibus
1293 942 1481 977 exposuimus.

160 990 243 1024 Ὑπὲρ
263 989 367 1017 πᾶσαν
391 989 512 1016 οὐσίαν.
534 988 589 1024 Τὴν
611 987 750 1023 ἁπλάτητα
771 987 818 1013 καὶ
839 987 908 1024 ὑπὲρ

118 1037 208 1064 πᾶσαν
222 1036 312 1063 ἑνὰδα.
328 1036 391 1068 Πῶς
405 1036 434 1062 δὲ
447 1035 594 1071 ἀγνώστως
606 1034 774 1062 ἀνατείνεται
786 1042 827 1066 τις
842 1034 909 1070 πρὸς

119 1084 194 1116 Θεὸν,
215 1083 262 1110 καὶ
287 1084 316 1110 ὲν
335 1083 375 1118 τῷ
394 1083 465 1117 Περὶ
487 1082 575 1109 θείων
595 1081 748 1116 ὀνομάτων
770 1080 909 1116 κεφαλαίῳ

119 1130 238 1166 πέμπτῳ
251 1129 424 1166 εἴρητατ,καὶ
437 1129 554 1156 ἐνταῦθα
570 1128 639 1164 μετὰ
652 1127 756 1164 βραχέα
767 1127 902 1164 εὑρήσεις.

161 1219 287 1254 Ἁσχέτφ
312 1219 363 1248 καὶ
378 1220 528 1251 ἀπολύτφ.
544 1219 675 1255 Ἀσχετον
698 1219 826 1246 ἓκσ-τασίν
841 1227 908 1255 φησι

118 1265 168 1301 τὴν
182 1265 356 1302 ἀναχώρησιν
372 1266 462 1302 πάσης
478 1266 612 1301 σχέσεως,
627 1265 687 1292 ἀντὶ
702 1265 749 1292 τοῦ
765 1265 808 1292 ῐνα
825 1265 908 1301 μηδε-

120 1312 170 1347 μιᾷ
186 1311 328 1347 κατέχοιτο
347 1312 455 1348 σχέσει,
473 1312 541 1348 μήτε
557 1312 626 1348 πρὸς
644 1311 736 1345 αὐτὸν,
756 1312 825 1348 μήτε
841 1311 908 1348 πρός

117 1365 145 1384 τι
157 1357 212 1384 τῶν
229 1358 396 1393 κτισμάτων.

153 1404 285 1437 Σκότους
299 1403 414 1431 ἀκτῖνα.
431 1403 487 1430 Καὶ
501 1403 618 1431 ἐνταῦθα
628 1403 723 1435 σκότος
731 1402 780 1439 τὴν
790 1403 908 1439 παντελῆ

118 1449 305 1485 ἀκαταληψίαν
320 1449 382 1485 ἔφη.

153 1496 167 1532 §
182 1497 215 1522 ll.
231 1492 341 1530 Μηδεὶς
354 1495 414 1522 τῶν
426 1493 576 1531 agminum.
597 1495 751 1532 Σημείωσαι
765 1495 806 1522 ὅτι
822 1495 908 1531 ἀμυή-

118 1550 180 1574 τους
200 1543 267 1578 φησὶ
281 1543 344 1574 τοὺς
370 1542 418 1577 μὲν
433 1542 488 1569 τῶν
505 1541 643 1577 μυστικῶν
665 1542 814 1578 ἀμετόχους
826 1561 834 1575 ,
850 1543 907 1573 τοῖς

118 1588 147 1615 δὲ
163 1588 301 1624 αἰσθητοῖς
316 1587 518 1624 ὲνειλουμένους
528 1608 536 1620 ,
557 1588 603 1614 καὶ
617 1587 694 1615 οὐδὲν
712 1588 781 1624 ὑπὲρ
795 1587 830 1614 τὰ
842 1587 907 1614 ὅντα
920 1607 943 1638 C

118 1632 189 1662 εἶναι
223 1634 452 1670 φανταζομένους.
485 1634 591 1670 Ἀμέλει
621 1635 685 1670 περὶ
711 1634 765 1661 τῶν
792 1635 906 1662 καθόλου

119 1682 249 1718 ἀμυήτων
270 1681 351 1712 εὐθὺς
373 1680 551 1717 παρακατιὼν
568 1689 646 1716 φησι.
672 1681 729 1707 Καὶ
754 1681 908 1717 σημείωσαι

118 1727 160 1754 ὃτι
174 1727 270 1760 ἄλλους
281 1727 344 1760 τοὺς
358 1727 497 1763 ἀμυήτους
512 1727 584 1762 λέγει
598 1726 644 1754 καὶ
657 1727 752 1759 ἄλλους
764 1728 829 1759 τοὺς
838 1727 908 1763 ἀμύ-

121 1781 201 1805 στους
211 1794 219 1807 ,
235 1774 318 1810 ἤγουν
332 1774 592 1809 ἀμυσταγωγήτους.

153 1821 190 1848 Et
203 1820 238 1847 as
250 1819 327 1854 ὑπὲρ
340 1820 464 1853 τούτους
477 1820 546 1848 εισι.
559 1820 599 1847 Τὰ
613 1821 662 1856 μὲν
677 1820 730 1856 πρὸ
743 1820 844 1847 τούτων
854 1820 907 1857 ἔφη

120 1866 247 1903 περὶτῶν
260 1866 463 1894 πιστευσάντων
479 1867 528 1902 μὲν
540 1867 580 1902 τῷ
591 1867 703 1903 ὀνόματι
717 1868 763 1894 τοῦ
777 1867 906 1904 Χριστοῦ,

122 1913 159 1949 μὴ
185 1913 238 1949 μὴν
259 1913 305 1940 ἐπὶ
321 1912 371 1949 τὴν
385 1913 555 1950 τελειοτέραν
570 1913 700 1940 ἐλθόντων
716 1914 825 1948 γνῶσιν,
840 1913 908 1942 ἀλλὰ

121 1959 349 1995 συμμετρούντων
362 1960 396 1995 τῇ
412 1959 500 1996 οἰκείᾳ
513 1959 576 1996 δόξῃ
591 1960 640 1996 τὴν
654 1960 793 1996 ἀλήθειαν,
808 1961 855 1988 καὶ
871 1960 907 1997 μὴ

120 2005 228 2032 εἰδότων
243 2005 374 2042 διαφορὰν
389 2007 473 2034 ὄντων
483 2007 586 2043 κυρίως
595 2007 642 2034 καὶ
651 2007 802 2043 ὁμωνύμων
812 2008 907 2041 ὄντων,

121 2050 219 2078 οὐσιῶν
235 2052 282 2078 καὶ
295 2052 377 2079 αὑτοῦ
399 2052 446 2079 τοῦ
470 2053 540 2088 ὑπὲρ
554 2052 588 2079 τὰ
606 2053 667 2080 ὂντα
678 2073 685 2085 ,
701 2053 741 2080 διὸ
756 2054 803 2080 καὶ
824 2055 909 2090 ὑπερ-

121 2097 223 2126 ουσίου.
241 2099 272 2125 Οἱ
287 2098 352 2133 γοῦν
368 2098 501 2132 τοιοῦτοι,
524 2098 562 2130 ὡς
580 2098 715 2134 ἀμύητοι,
733 2099 786 2125 τῶν
809 2100 908 2135 ὑψηλο-

121 2143 208 2179 τέρων
223 2144 440 2180 ὑπολαμϐάνουσι
456 2144 526 2171 κατὰ
540 2143 668 2179 ἀλήθειαν
684 2145 779 2176 σκότος
793 2142 863 2172 εῖναι
878 2145 908 2172 τὸ

121 2192 241 2226 ἀφεγγὲς
262 2191 340 2218 τοῦτο
355 2191 386 2218 τὸ
402 2192 465 2227 παρ’
482 2192 546 2227 ἡμῖν
569 2191 690 2227 σκίασμα
706 2190 841 2218 καλύπτον
862 2191 908 2218 τὸν

121 2238 197 2270 Θεὸν,
213 2238 260 2265 καὶ
273 2238 448 2273 ἀποκρύπτων
457 2239 538 2265 αὑτὸν
548 2238 598 2273 τῆς
611 2238 737 2265 ἁπάντων
751 2238 825 2271 θέας,
840 2239 908 2274 ὅπερ

995 985 1084 1021 Supra
1094 995 1196 1014 omnem
1204 988 1391 1017 substantiam.
1403 989 1612 1025 Simplicitatem
1624 996 1651 1020 et
1666 1000 1749 1028 supra

959 1039 1067 1060 omnem
1080 1033 1222 1061 unitatem.
1233 1033 1375 1067 Quomodo
1387 1037 1477 1063 autem
1487 1037 1586 1072 aliquis
1598 1039 1749 1074 ignorando

959 1078 993 1105 ad
1006 1076 1090 1106 Deum
1102 1079 1235 1112 elevetur,
1250 1085 1306 1108 tum
1321 1081 1349 1108 in
1358 1081 1429 1109 libro
1441 1082 1478 1110 De
1490 1084 1587 1112 divinis
1599 1086 1748 1114 nominibus

959 1124 1050 1159 capite
1068 1124 1166 1160 quinto
1181 1125 1286 1155 dictum
1301 1129 1361 1160 est,
1377 1131 1434 1155 tum
1453 1128 1498 1156 hic
1519 1133 1580 1164 post
1601 1138 1687 1165 pauca
1706 1133 1747 1159 in-

958 1177 1009 1197 ven
1013 1178 1062 1198 tes.

994 1215 1167 1252 Perﬂberam
1179 1223 1205 1245 et
1215 1218 1376 1247 absolutam.
1393 1219 1523 1248 Liberum
1538 1221 1692 1251 discessum
1706 1224 1748 1251 (li-

959 1263 996 1290 cit
1012 1271 1152 1292 secessum
1168 1265 1202 1292 ab
1217 1266 1293 1293 omni
1314 1266 1525 1304 aﬂ'ectu,pro,ut
1535 1269 1610 1297 nullo
1626 1269 1749 1298 detinea-

958 1313 1005 1337 tur
1025 1311 1142 1345 aﬂ‘ectu,
1163 1319 1252 1347 neque
1275 1319 1339 1348 erga
1361 1320 1408 1346 se,
1430 1322 1520 1350 neque
1541 1323 1606 1351 erga
1628 1316 1748 1352 aliquam

958 1361 1112 1385 creaturam
1117 1378 1124 1385 .

995 1403 1173 1431 Tenebrarum
1187 1404 1304 1434 radium.
1314 1404 1371 1434 Hoc
1382 1406 1444 1434 loco
1451 1406 1652 1437 dicittenebras
1663 1411 1750 1437 omni-

958 1450 1067 1478 modam
1085 1451 1453 1486 incomprehensibilitatem.

996 1495 1010 1532 §
1033 1496 1065 1524 11.
1090 1496 1176 1524 Nemo
1199 1506 1289 1525 eorum
1307 1499 1352 1534 qui
1373 1508 1423 1527 non
1442 1505 1503 1527 sunt
1524 1502 1658 1530 instructi.
1677 1502 1748 1530 Nota

958 1549 1020 1569 eum
1035 1549 1136 1570 vocare
1151 1542 1291 1579 ἀμυήτους
1305 1551 1351 1570 eos
1366 1544 1413 1578 qui
1426 1545 1553 1580 mysteria
1569 1547 1678 1581 qmdem
1692 1555 1749 1575 non

958 1588 1174 1623 participarunt,
1192 1588 1238 1616 sed
1255 1589 1403 1617 sensilibus
1429 1590 1616 1624 involvuntur,
1632 1596 1659 1619 et
1680 1593 1748 1620 nihil

958 1640 1019 1661 esse
1041 1641 1125 1669 supra
1145 1641 1177 1661 ea
1195 1641 1255 1668 quae
1276 1634 1404 1661 videntur
1421 1635 1600 1663 arbitrantur.
1620 1635 1749 1665 Profecto

958 1679 993 1707 de
1008 1680 1121 1707 omnino
1134 1679 1259 1714 profanis
1275 1680 1368 1708 statim
1382 1681 1540 1716 subiungit;
1552 1685 1579 1709 et
1595 1688 1658 1709 nota
1674 1683 1748 1718 quod

958 1726 1028 1753 alios
1042 1726 1115 1754 dicat
1129 1726 1268 1761 ἀμυήτους
1280 1730 1308 1754 et
1323 1726 1392 1754 alios
1404 1726 1551 1762 ἀμύστους,
1569 1735 1617 1755 seu
1634 1729 1748 1758 minime

958 1772 1120 1800 instructos.

994 1819 1025 1847 Si
1045 1824 1134 1846 autem
1145 1827 1227 1854 supra
1242 1818 1289 1846 hos
1305 1823 1376 1847 sunt.
1393 1819 1421 1847 ln
1432 1820 1572 1855 prioribus
1584 1821 1694 1850 locutus
1706 1825 1749 1849 est

958 1865 993 1894 de
1011 1866 1046 1894 iis
1063 1866 1111 1901 qui
1123 1866 1296 1894 crediderant
1316 1866 1425 1902 quidem
1447 1867 1552 1894 nomini
1568 1868 1682 1901 Christi.
1700 1869 1748 1896 sed

958 1913 992 1940 ad
1005 1913 1160 1940 ulteriorem
1178 1913 1361 1948 cognitionem
1377 1921 1431 1941 non
1452 1919 1643 1949 pervenerant,
1662 1921 1689 1942 at
1702 1924 1749 1944 ve-

959 1958 1068 1986 ritatem
1096 1959 1215 1993 propriae
1238 1959 1361 1994 opinioni
1388 1966 1634 1994 commcnsurant,
1659 1969 1748 1997 neque

959 2005 1049 2032 sciunt
1064 2004 1246 2032 dilTerentiam
1262 2005 1443 2033 essentiarum
1459 2006 1568 2034 illarum
1584 2016 1675 2036 rerum
1688 2016 1749 2044 qua:

958 2049 1070 2085 proprie
1084 2054 1158 2082 sunt,
1173 2053 1200 2076 et
1213 2057 1307 2077 earum
1321 2058 1382 2085 quae
1396 2054 1503 2078 tantum
1520 2052 1659 2086 aequivoce
1671 2057 1746 2085 sunt,

959 2100 1040 2131 atque
1055 2096 1115 2131 ejus
1131 2096 1177 2131 qui
1193 2097 1322 2124 omnibus
1337 2105 1397 2132 qua:
1413 2102 1477 2124 sunt
1495 2102 1621 2133 praestat.
1637 2106 1669 2126 ac
1686 2099 1749 2127 ideo

958 2143 1198 2177 superessentialis
1208 2146 1259 2170 est.
1274 2142 1353 2170 Tales
1365 2143 1458 2178 igitur,
1472 2147 1602 2179 tanquam
1618 2145 1747 2181 ἀμύητοι,

959 2194 1007 2215 seu
1024 2187 1141 2214 necdum
1158 2187 1185 2213 in
1204 2187 1411 2215 sublimioribus
1425 2188 1544 2215 instituti
1567 2189 1746 2224 arbitrantur,

957 2233 1011 2260 hoc
1029 2232 1118 2260 velum
1132 2233 1204 2267 quod
1222 2232 1294 2268 apud
1309 2240 1360 2259 nos
1382 2231 1467 2260 Deum
1481 2234 1615 2266 occultat,
1631 2243 1748 2271 eumque

120 2285 160 2316 ὡς
186 2284 292 2320 ἀληθῶς
324 2284 431 2312 νοσοῦσι
458 2284 551 2310 πολλοὶ
579 2284 626 2311 καὶ
645 2285 674 2310 ὲν
695 2286 779 2320 ἡμῖν,
802 2284 850 2312 ἅτε
871 2284 907 2320 μὴ

964 2279 993 2307 ab
1010 2279 1133 2307 omnium
1153 2283 1266 2314 aspectu
1281 2279 1438 2311 abscondit,
1456 2286 1517 2307 esse
1533 2288 1629 2308 revera
1649 2281 1748 2316 caligi-

122 2331 302 2365 γινώσκοντες
315 2331 346 2358 τὸ
359 2331 561 2367 ἀνυπέρϐλητον
576 2331 634 2366 φῶς
647 2332 737 2357 πᾶσαν
751 2330 812 2365 Mm
823 2332 910 2358 σκοτί-

122 2377 189 2410 ζειν.
204 2378 236 2404 Εἰ
257 2375 304 2404 οὖν
327 2378 379 2404 εἰσι
392 2397 399 2409 ,
424 2378 515 2412 φησὶν,
540 2377 569 2403 ἐν
590 2378 656 2412 ἡμῖν
674 2376 808 2408 τοιοῦτοι,
831 2377 858 2404 τί
874 2376 907 2405 ἂν

121 2425 246 2460 εἴποιμεν
260 2424 323 2460 περὶ
341 2423 538 2459 εἰδωλολατρῶν
552 2423 605 2450 τῶν
620 2423 775 2450 παντάπασι
799 2422 908 2450 πάντων

123 2470 260 2507 μυστικῶν
274 2470 413 2506 ἀμετόχων
435 2469 482 2496 καὶ
504 2468 604 2505 [πρὸς]
629 2468 710 2501 ξόανα
732 2468 906 2504 τεθηπότωνς

121 2517 233 2553 κυρίως
249 2517 298 2553 μὲν
311 2515 358 2543 οὗν
372 2516 436 2543 ὄντα
448 2515 483 2542 τὰ
496 2515 580 2551 νοητά
589 2524 595 2530 “
615 2516 765 2551 ὁμωνύμως
778 2515 807 2541 δὲ
818 2514 852 2541 τὰ
865 2516 908 2541 αί-

123 2563 220 2600 σθητά.
236 2563 272 2589 Τὸ
285 2563 313 2589 δὲ
329 2562 404 2596 ὑπὲρ
420 2562 543 2595 τούτους
566 2562 628 2593 τοὺς
647 2563 757 2594 πιστοὺς
777 2561 909 2597 δηλονότι,

120 2611 185 2643 τοὺς
199 2611 229 2637 ὲν
242 2611 299 2641 τοῖς
313 2608 442 2644 φθαρτοῖς
454 2607 654 2643 ὲνισχημένους.

159 2745 232 2773 Δέον
245 2745 291 2772 ἐπ’
305 2743 392 2777 αὐτῇ.
413 2744 457 2775 Ὠς
470 2743 559 2769 πάντα
574 2741 656 2777 οὔσης
671 2741 828 2777 Θεοπρεπῶς
837 2763 844 2774 ,
860 2742 908 2768 καὶ

126 2792 207 2828 μηδὲν
222 2791 305 2826 οὔσης
320 2790 489 2826 ὑπερουσίως
501 2798 507 2804 ·
524 2789 594 2824 αὕτη
612 2788 666 2824 γὰρ
686 2788 733 2815 καὶ
756 2787 828 2820 θέσις
850 2788 909 2814 ἐστὶ

123 2840 172 2866 καὶ
193 2838 346 2873 ἀπόφασις,
363 2837 424 2863 ἐπεὶ
444 2837 491 2864 καὶ
513 2836 614 2872 κυρίως
632 2834 773 2871 ἀμφύτερα
792 2834 839 2861 ἐπὶ
853 2834 909 2871 ’τῆς

176 2931 189 2951 ι
206 2929 279 2958 Psal-
298 2929 415 2964 1cvt,2.
455 2927 559 2965 [Ῥείη.
573 2934 640 2962 xvn,
658 2927 702 2955 12.

959 2333 1021 2353 nem
1037 2325 1228 2359 tenebrosam;
1248 2333 1302 2360 qua
1324 2325 1479 2360 ignorantia
1501 2326 1584 2353 etiam
1608 2327 1680 2355 inter
1697 2336 1747 2357 nos

958 2372 1038 2399 multi
1065 2372 1202 2404 laborant,
1224 2376 1318 2408 utpote
1341 2373 1499 2408 ignorantes
1523 2374 1746 2409 copiosissimum

958 2417 1052 2444 lumen
1067 2416 1218 2445 obscurare
1235 2425 1344 2445 omnem
1360 2423 1511 2455 aspectum.
1530 2419 1557 2447 Si
1576 2421 1659 2456 igitur
1676 2421 1747 2448 inter

956 2471 1007 2491 nos
1015 2463 1083 2492 tales
1100 2465 1166 2497 sint,
1181 2464 1247 2500 quid
1255 2464 1378 2493 dicemus
1391 2465 1426 2494 de
1440 2466 1605 2499 idololatris,
1622 2468 1681 2503 qui,
1699 2475 1746 2494 ar-

958 2519 1089 2539 canorum
1106 2511 1167 2538 ﬁdei
1179 2516 1318 2547 expertes,
1334 2513 1417 2540 etiam
1437 2514 1585 2542 simulacra
1603 2517 1747 2550 stupentes

958 2557 1247 2594 veneranturﬂtaque
1263 2558 1444 2593 intelligibilia
1460 2560 1540 2595 232
1558 2566 1622 2588 sunt
1636 2561 1746 2596 proprie

960 2603 1036 2637 οντα,
1052 2611 1099 2631 seu
1109 2611 1139 2631 ea
1149 2612 1209 2640 quae
1225 2609 1288 2632 sunt
1298 2606 1450 2640 ,zequivoce
1465 2614 1531 2634 vero
1547 2607 1674 2640 sensilia;
1693 2608 1747 2636 hoc

959 2653 1050 2677 autem
1066 2658 1147 2685 supra
1158 2651 1216 2685 hos,
1232 2651 1357 2687 designat
1369 2651 1460 2680 ﬁdeles
1475 2653 1521 2688 qui
1537 2653 1564 2680 in
1579 2654 1744 2688 corruptibi—

957 2694 1030 2722 libus
1046 2695 1158 2723 harent.

993 2742 1061 2771 Cum
1083 2748 1201 2778 oporteat
1222 2744 1250 2770 in
1271 2753 1313 2772 ea.
1339 2743 1481 2780 Tanquam
1503 2752 1564 2779 qua:
1585 2744 1677 2771 omnia
1701 2748 1743 2772 est

958 2790 1039 2817 modo
1054 2790 1109 2817 Deo
1123 2790 1307 2822 convenienti,
1319 2793 1347 2816 et
1362 2790 1430 2816 nihil
1445 2793 1488 2817 est
1498 2790 1579 2817 modo
1593 2789 1744 2817 essentiam

957 2838 1122 2870 superante;
1133 2835 1190 2863 haec
1203 2835 1275 2863 enim
1290 2835 1435 2863 allirmatio
1447 2840 1489 2865 est
1502 2843 1534 2864 ac
1545 2836 1665 2872 negatio,
1677 2843 1744 2872 quo
