1940 3064
203 187 257 216 419

612 185 783 214 APPENDIX
801 185 846 212 AD
865 184 981 213 OPERA
1000 185 1030 212 S.
1048 182 1197 214 DIONYSII
1217 183 1460 212 AREOPAGI-‘IJE.

1782 186 1837 214 420

205 244 279 271 niam
302 247 418 278 utraque
437 243 471 271 de
491 243 584 271 divina
608 243 752 277 majestate
766 242 905 269 dicuntur.
926 241 994 274 Quid

1053 242 1123 274 θείας
1135 242 1258 276 λέγονται
1275 242 1494 277 μεγαλειότητος.
1510 241 1543 267 Τί
1561 241 1588 267 δέ
1603 241 1670 268 εἰσιν
1687 241 1714 268 at
1730 241 1838 275 ἀποφά-

207 291 298 315 autem
318 287 374 314 sint
394 289 555 323 negationes
577 288 745 315 ablationum
757 291 785 314 et
804 286 995 314 aliirmationes

206 333 386 368 positionum.
403 341 435 360 ac
449 334 514 368 quid
530 334 708 368 privationes,
724 337 781 359 tum
802 333 854 359 hoc
872 333 934 360 loco
949 340 996 360 ex-

206 380 334 414 plicatur.
350 383 407 406 tum
425 380 542 407 maxime
556 379 678 409 in,tertio
695 379 784 414 capite
799 379 860 406 libri
876 378 915 406 De
929 379 996 406 divi-

205 426 247 451 m's
259 425 408 452 nominibus
425 425 591 452 excellenter
604 429 632 452 et
647 425 707 452 fuse
721 425 908 460 exposuimus.

240 471 398 498 Contrarias
414 479 479 498 esse.
490 470 654 506 Negationcs
662 479 716 498 non
726 471 827 506 opponi
837 470 995 497 affirmatio-

205 518 322 546 nibusin
334 517 390 546 Deo
403 527 409 550 ;
424 525 487 544 nam
501 517 572 544 Deus
584 513 695 552 su'perat
704 525 813 544 omnem
828 517 994 544 ablationem

205 569 232 592 ct
241 565 414 600 positionem.
432 564 502 599 Lege
514 564 596 591 etiam
609 565 636 591 iu
652 564 722 591 libro
734 563 772 591 De
782 564 880 591 autem
890 564 993 590 ltierar-

205 610 264 637 clu‘a
279 610 360 644 paulo
375 613 438 644 post
451 609 627 644 principium.

241 697 255 733 ᾗ
275 697 318 724 Ill.
340 696 399 723 [Iac
419 696 508 731 utique
529 697 631 722 ratione
647 695 751 723 divinus
771 695 993 722 Bari/toleramus.

206 743 276 770 Hinc
291 744 373 771 etiam
388 747 452 770 nota
466 742 526 770 sine
538 742 647 770 lictioue
661 743 719 769 haec
730 741 822 768 divina
835 749 918 776 opera
933 749 995 769 esse

205 790 295 825 magni
310 789 448 825 Dionysii;
465 794 563 824 printer
579 790 652 824 quod
671 790 744 817 enim
765 790 793 816 in
809 788 946 823 prioribus
961 788 995 814 li-

205 837 264 866 bris
281 837 462 873 quorumdam
479 837 525 872 qui
541 837 674 871 apostolis
689 836 869 864 convixerunt
885 839 995 862 senten-

205 885 306 911 tiarum
321 883 454 916 meminit,
468 890 541 910 nunc
553 883 644 913 statim
657 882 820 910 sententiam
833 881 916 908 divini
929 880 995 908 Bur-

206 930 343 958 tholomazi
355 930 479 962 adducit,
497 930 568 957 sicut
579 929 710 962 declarat,
722 929 752 955 τὸ
760 928 852 964 φησίν,
864 928 919 960 ait;
933 935 994 954 nam
1010 932 1031 958 Β

207 976 230 1003 si
249 975 352 1010 absque
371 976 474 1009 scripto
498 975 647 1007 docuisset,
662 974 785 1009 profecto
801 973 916 1000 dixiSSet
931 972 993 1008 ἔφη,

206 1021 303 1048 aiebat.
319 1020 389 1048 Nota
405 1029 466 1048 eum
484 1021 581 1048 alierre
598 1020 762 1048 sententiam
777 1019 866 1047 sancti
881 1018 995 1045 Bartho-

207 1067 294 1095 lomzei
303 1086 311 1100 ,
325 1067 463 1103 quomodo
479 1067 615 1103 theologia
628 1067 664 1094 sit
675 1073 772 1100 magna
788 1069 816 1093 et
827 1065 950 1092 minima.

243 1158 375 1191 Quoniam
389 1162 414 1184 et
428 1157 528 1192 copiosi
540 1159 679 1186 sermonis.
698 1155 746 1183 Gr.
764 1155 919 1189 πολυλόγος.
943 1154 996 1181 Πο-

206 1204 318 1238 λυλόγος
343 1208 460 1231 accentu
483 1204 510 1230 in
536 1203 703 1238 penultima,
729 1202 774 1237 qui
801 1202 886 1228 multa
911 1201 993 1232 dicit;

208 1249 353 1284 πολύλογος
369 1253 483 1276 accentu
499 1249 525 1276 in
539 1248 761 1284 antepenultitna,
774 1248 818 1283 qui
833 1247 922 1273 multis
938 1254 995 1274 ver-

208 1297 247 1323 bis
260 1296 380 1331 indiget;
395 1296 466 1323 sicut
486 1295 567 1322 etiam
589 1295 761 1330 πρωτότοκος
776 1297 890 1321 accentu
905 1293 932 1320 in
947 1301 996 1320 an-

207 1341 397 1376 tepenultima,
409 1342 454 1375 qui
463 1341 548 1374 primo
563 1340 681 1374 paritur;
694 1337 865 1374 πρωτοτόκος
884 1345 949 1365 vero
968 1337 995 1364 in

209 1387 370 1423 penultima,
387 1387 482 1413 mulier
499 1394 558 1421 qua:
574 1387 657 1420 primo
669 1387 750 1420 parit.
767 1383 813 1411 Sic
826 1383 976 1411 Homerus:

245 1433 324 1460 Nunc
337 1434 452 1467 primum
463 1434 568 1468 pariens
587 1432 692 1467 Cinyre,
708 1431 781 1466 prius
798 1431 881 1457 inscia
891 1434 995 1465 partus.

247 1479 340 1514 Ulpole
351 1488 408 1515 qua:
420 1488 500 1514 neque
511 1479 649 1506 rationem.
660 1477 793 1505 Nimirum
803 1476 848 1511 qui
858 1475 996 1511 propriam

209 1532 336 1554 naturam
357 1529 533 1561 repraesmtct
555 1526 582 1552 in
607 1524 738 1552 externis.
764 1522 853 1551 Simili
869 1523 950 1551 modo
963 1523 997 1551 de

208 1572 386 1607 intelligentia
403 1571 617 1606 intelligendum.

247 1619 342 1645 Divina
359 1619 448 1645 omnia
461 1618 562 1644 lumina
573 1621 597 1643 et
610 1624 698 1643 sonos.
716 1615 805 1643 Sonos
819 1619 845 1643 et
857 1623 997 1643 sermones

209 1665 336 1692 caelestes
352 1663 418 1690 dicit
435 1670 466 1690 ea
491 1670 551 1698 qua:
567 1662 601 1689 de
624 1661 679 1689 Deo
695 1662 723 1688 in
738 1661 888 1696 Scripturis
900 1661 998 1688 dicun—

210 1715 264 1742 tur,
289 1714 420 1745 tanquam
445 1709 567 1736 rationes
595 1716 649 1735 non
674 1707 825 1735 secundum
847 1707 997 1734 humanam

210 1761 238 1784 et
252 1761 390 1785 terrenam
409 1755 616 1790 intelligentiam
626 1775 633 1787 ,
648 1754 695 1782 sed
712 1753 862 1782 secundum
877 1753 999 1781 divinam

213 1803 422 1838 intelligentiam
433 1801 507 1828 dicta
524 1805 551 1827 et
564 1800 675 1828 tradita.

245 1849 356 1876 Diuiuus
380 1848 495 1882 Moyses.
514 1847 584 1873 Nota
605 1846 741 1882 quomodo
757 1847 790 1874 de
805 1847 897 1882 Moyse
910 1845 999 1873 disse-

211 1899 264 1925 rat,
290 1902 387 1929 nempe
401 1894 446 1921 ubi
469 1894 496 1921 in
517 1897 635 1920 montem
659 1893 844 1925 ascendisset,
866 1896 947 1928 atque
970 1892 999 1918 in

211 1941 353 1976 caliginem
368 1940 509 1975 ingressus
531 1938 645 1971 fuiSSet,
667 1938 768 1965 vidisse
784 1942 915 1973 quantum
935 1939 998 1965 licet

211 1988 328 2019 homini,
341 1987 435 2014 Deum.
453 1986 569 2013 Advertc
587 1986 670 2013 etiam
691 1984 815 2012 ordinem
829 1993 922 2012 eorum
938 1991 999 2019 quas

212 2036 239 2062 in
254 2034 347 2069 Moyse
360 2033 440 2068 233
455 2032 576 2068 perfecta
591 2036 665 2065 sunt,
678 2036 823 2068 antequam
836 2032 935 2066 dignus
949 2032 998 2058 ha-

211 2082 322 2110 beretur
334 2080 454 2108 divinam
469 2079 612 2114 caliginem
628 2078 742 2113 ingredi.

247 2126 300 2155 Sed
314 2126 399 2153 locum
414 2125 459 2152 ubi
475 2125 556 2152 stetit.
572 2124 639 2157 Quis
655 2124 690 2152 sit
706 2124 783 2151 locus
801 2123 828 2150 in
851 2131 906 2158 quo
922 2123 998 2150 stetit

211 2174 283 2201 Deus
297 2180 390 2200 coram
415 2172 517 2207 Moyse,
539 2171 645 2207 et-quid
662 2171 717 2198 sint
734 2170 876 2197 cacumina
897 2169 999 2196 intelli-

211 2220 334 2255 gibilium
346 2222 373 2246 et
389 2218 453 2254 quid
467 2218 621 2251 sensilium,
637 2217 813 2252 exposuimus
825 2216 853 2243 in
870 2215 941 2243 libro
958 2215 998 2243 De

212 2267 309 2293 cazlesti
323 2264 473 2292 hierarchia
487 2264 514 2291 in
528 2263 582 2291 ﬁne
596 2263 695 2298 capitis
711 2262 802 2298 primi.

248 2362 446 2398 IIypothetieas.
470 2361 662 2392 ’Υποθετικοὺς
678 2359 773 2393 λόγους
787 2359 854 2387 dicit
877 2359 994 2388 ratione!

249 2415 271 2433 2e
290 2414 334 2434 res
355 2406 524 2437 describunt,
541 2409 568 2433 et
586 2405 665 2437 quasi
686 2408 915 2437 contemplantur,
930 2413 994 2437 quas

1089 2359 1305 2388 'TnoOertxotvc.
1331 2359 1524 2386 Τπουετικοὺς
1549 2359 1644 2389 λόγους
1667 2359 1733 2391 φησι
1743 2376 1749 2387 ,
1775 2366 1777 2373 ι

1053 2402 1263 2437 ὅπογραφικοὺς,
1280 2401 1296 2436 ἦ
1311 2401 1349 2433 ὡς
1363 2401 1545 2437 θεωρητικοὺς
1557 2401 1580 2416 ³⁵
1589 2400 1643 2428 τῶν
1657 2401 1751 2434 όντων,
1765 2401 1777 2428 ὅ

1121 2410 1263 2438 ραφικους,
1280 2409 1296 2436 η
1311 2410 1349 2433 ως
1363 2409 1545 2437 υεωρητικους
1557 2409 1580 2416 ⁵⁸
1589 2409 1643 2428 των
1657 2409 1751 2434 οντων,
1765 2410 1841 2438 ειπερ

212 2415 271 2441 qua:
290 2414 334 2434 res
355 2406 524 2437 describunt,
541 2409 568 2433 et
586 2405 665 2440 quasi
686 2408 915 2440 contemplantur,
930 2413 998 2440 quas

213 2454 250 2479 ait
265 2460 325 2479 esse
341 2452 395 2479 Deo
411 2453 565 2487 subiectas;
580 2459 628 2487 per
646 2452 721 2487 ipsas
735 2452 810 2479 enim
827 2460 874 2480 seu
892 2460 940 2487 per
953 2452 999 2479 ha-

213 2507 272 2526 rum
293 2499 523 2534 perseverantiam
543 2504 570 2526 et
592 2499 844 2532 conservationem,
868 2499 998 2527 docemur

213 2547 302 2580 ipsum
324 2544 451 2572 omnibus
479 2549 656 2580 prasentem,
679 2552 735 2572 non
759 2545 926 2572 transeundo
948 2545 995 2572 sed

214 2590 381 2627 providendo
401 2600 408 2619 :
425 2591 561 2626 spiritalia
584 2599 651 2619 vero
681 2591 844 2623 cacumina,
870 2591 996 2618 cwlestes

214 2646 246 2665 ac
269 2638 449 2673 intelligentes
470 2638 605 2665 essentias
628 2645 689 2672 quae
710 2638 784 2666 circa
808 2636 893 2664 Deum
917 2640 995 2669 sunt,

214 2689 303 2716 vocat,
316 2691 383 2719 quas
395 2683 476 2711 etiam
491 2683 551 2710 lo‘ca
564 2684 649 2718 ipsius
661 2683 832 2711 sanctissima
847 2683 997 2710 nominavit

213 2731 313 2766 quibus
337 2730 531 2765 supereminet,
549 2733 596 2756 aut
611 2736 626 2756 a
642 2729 742 2764 quibus
764 2729 903 2760 liberatur,
920 2728 995 2755 nullo

214 2775 293 2804 modo
306 2783 420 2811 prorsus
435 2775 501 2811 ipsis
515 2775 683 2803 inhabitans.

1047 297 1104 320 σεις
1111 288 1166 315 τῶν
1181 289 1353 324 ἀφαιρέσεων
1367 288 1414 315 καὶ
1426 289 1454 314 αἱ
1471 287 1640 322 καταφάσεις
1653 287 1708 313 τῶν
1724 287 1837 318 θέσεων,

1045 337 1092 363 καὶ
1105 336 1131 362 τί
1141 336 1170 362 αι
1182 336 1333 371 περήσεις,
1344 335 1390 361 καὶ
1401 333 1516 361 ἐνταῦθα
1526 332 1711 369 σαφηνίζεται,
1720 334 1767 359 καὶ
1782 334 1836 368 μά-
1887 358 1890 362 ,

1044 382 1122 409 λιστα
1137 382 1167 408 ἐν
1184 381 1223 417 τῷ
1238 381 1322 417 τρίτῳ
1336 380 1492 415 κεφαλαίῳ,
1509 380 1555 406 καὶ
1569 380 1598 405 ὲν
1612 378 1652 414 τῷ
1666 379 1734 413 Περὶ
1750 379 1838 405 θείων

1045 429 1198 463 ὀνομάτων
1211 428 1282 464 λόγῳ
1296 427 1430 462 διαφόρως
1443 426 1490 453 καὶ
1505 425 1628 456 πλατέως
1650 425 1836 461 παρεθέμεθα.

1085 474 1297 510 Ἀντικειμένας
1310 475 1395 501 εἶναι.
1404 474 1465 500 Ὅτι
1479 473 1526 499 ἐπὶ
1535 471 1602 499 Θεοῦ
1612 472 1838 507 οὑκμάντίκεινται

1044 522 1072 548 at
1092 520 1245 556 ἀποφάσεις
1265 521 1327 552 ταῖς
1348 519 1554 555 καταφάσεσιν⁸
1579 519 1650 555 ὑπὲρ
1677 520 1768 546 πᾶσαν
1781 520 1837 555 γάρ

1044 569 1117 595 ἐστιν
1130 569 1144 594 6
1156 567 1223 599 Θεὸς
1240 567 1286 594 καὶ
1298 567 1442 602 ἀφαίρεσιν
1459 566 1506 593 καὶ
1527 565 1610 593 θέσιν.
1630 566 1778 600 Ἀνάγνωθι
1791 567 1838 592 καὶ

1044 615 1135 643 ἐντοῖς
1147 613 1216 648 Περὶ
1231 613 1286 648 τῆς
1299 613 1440 647 οὐρανίας
1454 613 1605 647 ἰεραρχίας
1616 613 1674 649 μετ’
1687 612 1777 646 ὀλίγον
1786 613 1838 648 τῆς

1044 661 1142 696 ἀρχῆς-

1080 706 1093 742 §
1112 707 1157 734 Ill.
1180 706 1261 734 Οὕτω
1284 706 1359 742 γοῦν
1381 708 1397 734 ό
1420 706 1498 739 θεῖος
1521 705 1752 740 Βαρθολομαῖος.
1783 706 1838 740 Ση-

1046 753 1161 788 μείωσαι
1171 754 1219 780 καὶ
1228 753 1354 780 ἐντεῦθεν
1362 754 1384 768 ’³
1392 752 1423 779 τὸ
1435 752 1571 780 ἄπλαστον
1583 751 1630 778 τοῦ
1639 750 1707 778 εἶναι
1717 753 1739 768 ’³
1752 751 1838 779 ταῦτα

1043 800 1078 826 τὰ
1092 800 1152 826 θεῖα
1168 799 1345 835 συντάγματα
1355 799 1403 826 τοῦ
1420 799 1537 834 μεγάλου
1550 798 1697 826 Διονυσίου.
1710 799 1782 834 Πρὸς
1795 797 1838 831 οἷς

1044 846 1098 882 γὰρ
1119 846 1148 872 ὲν
1169 847 1226 878 τοῖς
1250 845 1393 882 προτέροις
1416 845 1505 879 λόγοις
1529 845 1609 872 τινῶν
1630 844 1684 871 τῶν
1704 845 1837 872 συνόντων

1044 894 1101 924 τοῖς
1125 891 1283 924 ἀποστόλοις
1311 893 1422 927 μνήμην
1450 892 1573 927 χρήσεων
1599 891 1766 926 ἐποιήσατο,
1787 891 1837 918 νῦν

1046 937 1244 973 παραπλησίως
1256 938 1304 964 τοῦ
1320 938 1392 964 θείου
1412 937 1614 973 Βαρθολομαίου
1636 937 1734 972 χρῆσιν
1754 937 1834 971 ἄγει,

1046 984 1083 1016 ὡς
1097 984 1170 1020 δηλοί
1185 984 1216 1011 τδ
1231 985 1336 1019 φησιν’
1353 985 1377 1011 εί
1394 983 1448 1019 γὰρ
1463 983 1594 1019 ἀγράφως
1606 981 1641 1019 ἦν
1654 983 1777 1016 διδάξας.
1800 985 1837 1010 εί-

1047 1032 1126 1067 ρήκει
1141 1031 1185 1062 ἂν,
1209 1031 1278 1065 ἔφη.
1298 1030 1453 1066 Σημείωσαι
1469 1029 1498 1056 δὲ
1523 1030 1563 1056 ὅτι
1577 1028 1625 1055 τοῦ
1641 1029 1719 1063 ἁγίου
1735 1029 1839 1064 Βαρθο-

1045 1076 1157 1112 λομαίου
1175 1076 1272 1112 χρῆσιν
1295 1076 1428 1113 προφέρει
1439 1095 1447 1108 ,
1464 1075 1522 1108 πῶς
1542 1075 1626 1111 πολλὴ
1641 1075 1688 1102 καὶ
1707 1075 1837 1110 ἐλαχίστη

1046 1124 1062 1158 ὴ
1083 1123 1216 1157 θεολογία.

1083 1170 1147 1196 Ὅτι
1167 1169 1214 1196 καὶ
1242 1169 1421 1203 πολυλόγος.
1446 1168 1596 1203 Πολυλόγος
1621 1167 1809 1204 παροξυτόνως
1823 1169 1840 1194 6

1047 1216 1131 1243 πολλὰ
1141 1216 1227 1251 λέγων
1240 1225 1246 1231 ·
1268 1215 1415 1249 πολύλογος
1428 1215 1456 1242 δὲ
1471 1215 1716 1251 προπαροξυτόνως
1738 1215 1752 1240 ὁ
1772 1214 1840 1241 πολ-

1046 1262 1099 1289 λῶν
1114 1262 1200 1296 λόγων
1221 1262 1362 1297 δεόμενος”
1380 1262 1418 1293 ὡς
1436 1262 1484 1289 καὶ
1504 1261 1675 1297 πρωτότοκος
1697 1270 1840 1296 προπαροι

1048 1308 1162 1341 ξυτόνως
1175 1309 1189 1334 ό
1207 1308 1323 1344 πρώτως
1346 1308 1453 1343 τεχθείς
1462 1316 1469 1323 ⁶
1493 1308 1665 1343 πρωτοτόκος
1678 1308 1706 1334 δὲ
1720 1307 1841 1342 παροξυ-

1047 1355 1130 1386 τόνως
1145 1355 1161 1390 ἡ
1176 1354 1292 1391 πρώτως
1304 1354 1420 1382 τεκοῦσα
1436 1355 1515 1390 γυνὴ,
1530 1355 1567 1386 ὡς
1581 1354 1628 1381 καὶ
1646 1355 1768 1390 Ὅμηρος
1781 1363 1787 1369 ·

1046 1435 1238 1470 Πρωτοτόκος
1252 1435 1376 1469 Κινύρη,
1392 1435 1427 1462 οὐ
1443 1434 1514 1469 πρὶν
1529 1434 1625 1462 εἰδυῖα
1640 1435 1738 1461 τόκοιο
1755 1434 1797 1469 (‘).

1086 1482 1138 1514 Ὃς
1159 1483 1227 1509 οὐτε
1247 1482 1350 1515 λόγον.
1366 1481 1470 1517 Δηλαδὴ
1484 1481 1535 1516 τῆς
1549 1480 1651 1512 οἰκείας
1665 1481 1771 1515 φύσεως
1787 1489 1842 1507 πα-

1048 1527 1211 1563 ραστατικὺν
1225 1528 1254 1554 ὲν
1274 1529 1331 1559 τοῖς
1351 1527 1459 1561 ἔξωθεν.
1483 1527 1597 1563 Ὁμοίως
1619 1528 1667 1554 καὶ
1691 1527 1755 1562 περὶ
1775 1528 1841 1562 νοή-

1048 1582 1117 1605 σεως
1130 1573 1250 1609 νοητέον.

1010 1601 1031 1630 C
1083 1601 1186 1647 Παντα
1199 1620 1263 1647 θεῖα
1276 1620 1358 1654 φῶτα
1372 1619 1420 1646 καὶ
1442 1620 1546 1654 ἤχους.
1569 1619 1670 1654 Ἦχους
1683 1620 1729 1646 καὶ
1743 1619 1842 1653 λόγους

1047 1666 1191 1702 οὐρανίους
1204 1667 1271 1702 φησὶ
1284 1666 1318 1693 τὰ
1334 1667 1398 1702 περὶ
1412 1666 1478 1693 Θεοῦ
1494 1667 1522 1693 ὲν
1537 1668 1596 1694 ταῖς
1617 1667 1740 1702 Γραφαίς
1761 1667 1841 1702 εἰρη-

1050 1711 1135 1747 μένα,
1151 1712 1189 1744 ὡς
1205 1712 1242 1748 μὴ
1257 1712 1327 1739 κατὰ
1341 1712 1389 1747 τὴν
1410 1712 1582 1748 ἀνθρωπίνην
1603 1713 1649 1738 καὶ
1668 1713 1765 1748 γηῐνην
1779 1713 1843 1738 ἐπί-

1048 1767 1133 1791 νοιαν,
1148 1758 1216 1785 ἀλλὰ
1229 1758 1300 1785 κατὰ
1314 1758 1387 1785 θείαν
1405 1757 1526 1785 ἐπίνοιαν
1547 1757 1676 1793 λεχθέντα
1687 1759 1734 1785 καὶ
1748 1767 1842 1794 παρα-

1048 1804 1169 1832 δοθέντα.

1090 1850 1206 1884 Ὀθεῖος
1218 1849 1355 1885 Μωῢσῆς.
1366 1850 1520 1885 Σημείωσαι
1531 1870 1538 1882 ,
1554 1849 1612 1880 πῶς
1626 1849 1791 1884 διεξέρχεται
1805 1849 1843 1876 τὰ

1049 1895 1114 1931 περὶ
1127 1897 1266 1929 Μωῡσεος,
1280 1896 1320 1922 ὅτι
1331 1916 1338 1928 ,
1353 1897 1381 1922 ὲν
1395 1896 1434 1931 τῷ
1448 1896 1505 1931 ὕρει
1520 1895 1637 1922 ἀνελθὼν
1650 1897 1696 1922 καὶ
1711 1894 1842 1922 εἰσελθὼν

1049 1943 1089 1973 εἰς
1105 1941 1150 1968 τόν
1165 1942 1261 1976 γνόφον
1277 1939 1357 1975 εἶδεν,
1369 1942 1407 1973 ὡς
1415 1942 1524 1976 ἐφικτὸν
1540 1941 1692 1977 ἀνθρώπῳ,
1702 1941 1746 1968 τὸν
1761 1941 1840 1969 Θεόν.

1048 1987 1314 2023 Σημείωσαικαὶτὴν
1322 1987 1397 2020 τάξιν
1410 1988 1464 2014 τῶν
1481 1987 1658 2014 τελεσθέντων
1672 1987 1718 2013 ἐπὶ
1732 1988 1841 2020 Monet,

1048 2035 1116 2070 πρὶν
1128 2033 1274 2068 ἀξιωθῆναι
1288 2034 1416 2060 εἰσελθεῖν
1429 2034 1468 2065 εἰς
1482 2033 1526 2060 τὸν
1539 2033 1609 2060 θεῖον
1630 2024 1739 2068 γνόφον.

1090 2124 1178 2152 Ἀλλὰ
1194 2123 1246 2150 τὸν
1269 2124 1362 2150 τόπον
1392 2123 1427 2150 οὖ
1450 2124 1535 2157 ἔστη.
1558 2124 1606 2156 Τίς
1628 2126 1642 2152 6
1662 2125 1745 2157 τόπος
1767 2126 1796 2151 ἐν

1048 2171 1113 2206 ἔστη
1128 2172 1141 2197 6
1156 2170 1220 2202 Θεὸς
1235 2172 1281 2197 ἐπὶ
1302 2171 1454 2202 Μωῡσέως,
1476 2171 1522 2197 καὶ
1542 2170 1569 2196 τί
1587 2171 1663 2197 ἐστιν
1688 2171 1843 2207 ἀκρότητος

1047 2217 1161 2253 νοητῶν,
1183 2218 1228 2244 καὶ
1250 2217 1276 2243 τί
1299 2217 1414 2252 ὁρατῶν,
1434 2218 1463 2243 ἐν
1485 2216 1524 2251 τῷ
1544 2216 1614 2251 Περὶ
1630 2216 1684 2250 τῆς
1699 2217 1734 2243 ἐν
1749 2219 1842 2251 οὐμι-

1013 2266 1036 2293 D
1049 2264 1113 2297 νοῖς
1129 2264 1278 2299 ἱεμιρχίας
1294 2265 1334 2295 είς
1347 2263 1377 2289 τὸ
1393 2263 1468 2294 τέλος
1488 2263 1536 2290 τοῦ
1557 2263 1665 2299 πρώτου
1688 2264 1840 2298 κεφαλαίου

1047 2310 1219 2347 διεξήλθομεν

1089 2356 1305 2388 ’Υποθετικούς.
1331 2354 1524 2386 ’Υποθετικοὺς
1548 2355 1644 2389 λόγους
1667 2356 1749 2391 φησὶ,
1775 2357 1841 2389 τοὺς

1048 2448 1255 2484 ὑποϐεϐλημένα
1278 2448 1329 2483 ἔφη
1353 2448 1391 2483 τῷ
1415 2447 1474 2483 Θεῷ
1497 2446 1579 2475 εἶναι’
1600 2448 1633 2474 δι’
1660 2448 1748 2475 αὐτῶν
1771 2448 1840 2484 γὰρ,

1048 2496 1131 2532 ἤγουν
1145 2495 1194 2530 τῆς
1208 2494 1309 2521 τούτων
1329 2495 1473 2530 διαμονῆς,
1494 2495 1541 2521 καὶ
1565 2495 1763 2531 συντηρήσεως,
1781 2497 1842 2527 τοῖς

1048 2543 1131 2569 πᾶσιν
1147 2541 1227 2568 αὑτὸν
1244 2542 1370 2577 παρεῖναι
1385 2540 1575 2576 διδασκόμεθα,
1589 2541 1619 2567 οὐ
1637 2541 1838 2576 μεταϐατικῶς,

1047 2588 1116 2615 ἀλλά
1130 2587 1329 2624 προνοητικῶς·
1346 2586 1444 2623 νοητὰς
1460 2586 1488 2613 δὲ
1511 2587 1663 2622 ἀκρότητας
1675 2586 1735 2618 ’τὰς
1753 2587 1839 2622 οὐρα-

1047 2635 1118 2667 νίας,
1133 2635 1180 2662 καὶ
1198 2633 1294 2669 νοερὰς
1306 2633 1400 2664 οὐσίας
1415 2632 1464 2664 τὰς
1486 2633 1550 2668 περὶ
1565 2633 1630 2659 Θεὸν
1643 2633 1726 2664 οὔσας
1746 2633 1837 2665 καλεῖ,

1046 2681 1080 2712 ἃς
1093 2681 1140 2707 καὶ
1153 2680 1251 2711 τόπους
1268 2679 1350 2706 αὐτοῦ
1374 2678 1539 2714 ἁγιωτάτους
1560 2679 1713 2715 ὠνόμασεν·
1730 2676 1766 2706 ὧν
1788 2681 1839 2706 καὶ

1047 2726 1137 2753 αὐτῶν
1155 2726 1326 2762 ὑπέρκειται,
1342 2725 1359 2761 ἢ
1379 2725 1417 2758 ὼς
1430 2725 1588 2758 ἀπολύεται,
1606 2726 1677 2754 κατά
1692 2726 1772 2762 μηδὲν
1787 2726 1839 2752 αὺ-

1048 2774 1103 2805 τοῖς
1116 2773 1184 2804 ὅλως
1196 2771 1372 2807 προσεοικώς.

677 2842 793 2870 VARI/I3
811 2841 1002 2871 LECTIONES
1018 2842 1062 2869 ET
1081 2839 1356 2869 CORRECTIONES.

268 2905 290 2921 “
306 2912 351 2941 γρ.
369 2903 493 2931 ἐνταῦθα.
529 2904 550 2920 ¹¹
567 2912 612 2940 γρ.
631 2902 805 2931 καθεστάναι.
824 2902 855 2938 (')
870 2902 899 2930 ll.
917 2902 994 2936 xvu,l

1053 2901 1073 2917 “
1091 2910 1135 2937 γρ.
1152 2901 1234 2935 ἡγουν
1247 2898 1441 2935 θεωρητικοὺς,
