1940 3064
131 176 180 205 421

487 179 515 208 S.
531 177 656 208 MAXIM]
677 178 825 210 SCHOLIA
840 180 874 209 lN
896 182 961 211 LIB.
986 182 1030 210 DE
1050 183 1204 212 MYSTICA
1221 185 1428 215 TllEOLOGlA.

1714 194 1767 222 Hi

164 235 219 263 Καὶ
232 237 299 265 τότε
311 235 360 263 καὶ
372 237 472 264 αὐτῶν
477 237 650 265 ἀπολύεται.
658 239 714 275 Τὴν
722 240 793 267 κατὰ
800 240 897 267 σύνϐεσ

954 257 961 272 λ
1011 240 1044 267 Et
1061 248 1122 268 tunc
1143 243 1223 270 etiam
1235 243 1271 270 ab
1291 245 1325 272 iis
1345 245 1492 274 absolutus.
1517 247 1675 277 Secundum
1700 260 1765 279 sen-

125 282 173 310 τοῦ
189 282 271 319 ῥητοῦ
299 282 427 318 ἐξήγησιν
451 283 522 310 οὕτω
545 285 665 320 νοητέον,
687 285 728 311 ὅτι
748 287 762 312 ὁ
785 286 918 322 Μωῦσῆς,

125 329 267 365 θεωρήσας
289 329 336 356 τὸν
362 329 444 355 τόπον
462 325 493 355 οὗ
511 330 633 365 εἱστήκει
653 330 668 356 ὁ
684 330 767 363 Θεὸς,
788 332 835 358 καὶ
859 331 919 358 τότε

124 375 269 406 ἀπολυθεὶς
295 374 350 402 τῶν
373 384 403 402 τε
429 376 591 412 ὁρωμένων,
621 377 760 413 τουτέστιν
783 377 919 412 αἰσθητῶν

122 419 261 451 ἁπάντων,
276 420 323 446 καὶ
336 419 390 446 τῶν
404 420 540 456 ὁρώντων,
556 422 618 448 ἀντὶ
631 422 679 448 τοῦ
701 422 816 457 λογικῶν
831 423 919 450 ἀπάν-

121 474 187 497 των,
203 466 305 501 νοητῶν
316 466 346 492 τέ
362 475 431 502 φημι
445 467 492 494 καὶ
506 468 606 503 νοερῶν
620 468 728 500 οὐσιῶν,
746 469 804 504 μεθ’
816 466 854 495 ὧν
870 470 917 496 καὶ

121 511 176 539 τῶν
199 512 339 548 ἡμετέρων
364 513 472 548 ψυχῶν,
496 514 648 549 τηνικαῦτα
681 516 721 546 εἰς
748 515 793 541 τὸν
817 515 916 549 γνόφον

120 557 239 593 εἰσῆλθε,
253 558 392 586 τουτέστιν
404 560 444 591 εἰς
455 559 505 595 τὴν
519 560 583 595 περὶ
597 559 665 586 Θεοῦ
678 561 823 594 ἀγνωσίαν,
838 560 913 593 ἔνθα,

119 605 210 637 πάσας
228 605 372 641 ἀπομύσας
386 606 435 638 τὰς
450 606 605 641 γνωπικάς
622 606 786 642 ἀντιλήψεις,
806 607 915 642 ἐγένετο

118 651 148 678 ὲν
164 651 203 687 τῷ
214 652 312 687 ἀναφεῖ
325 652 365 688 τῷ
380 652 418 688 νῷ
433 653 478 679 καὶ¹
491 653 610 688 ἀοράτῳ,
627 653 723 680 πασῶν
743 653 913 688 ἀντιλήψεων

117 698 276 732 γνωστικῶν
294 698 340 725 τοῦ
359 699 430 735 πέρα
448 699 557 726 πάντων
575 698 654 731 Θεοῦ,
676 699 722 726 καὶ
740 699 850 732 ένωοεὶς
867 700 911 727 διὰ

117 744 165 771 τοῦ
182 744 304 771 τοιούτου
326 745 428 781 τρόπου
452 747 485 782 τῇ
506 746 629 782 ἀγνωσία
650 747 697 773 καὶ
719 746 910 782 ἀνενεργησίᾳ,

116 791 148 817 οὐ
166 790 237 825 λέγω
256 792 290 827 τῇ
310 792 375 828 περὶ
396 792 479 819 αὑτοῦ
496 793 677 828 ἀνενεργησιᾳ
693 792 741 819 τοῦ
761 793 825 820 ἰδίου
851 793 909 826 νοῦ,

114 835 177 864 οὔτε
193 839 226 873 τῇ
244 838 339 873 ἑτέρου
354 838 533 874 ἀνενεργησίᾳ
548 839 577 865 ὲν
593 838 633 874 τῷ
648 839 717 874 μήτε
732 839 823 870 αὐτὸν,
841 839 909 874 μήτε

114 883 207 918 ἕτερόν
226 893 252 910 τι
267 886 347 916 νοεῖν,
362 885 419 912 ἀλλ’
439 885 548 918 ένωθεὶς
568 885 607 920 τῷ
621 885 762 917 παντελῶς
776 885 908 922 ἀγνώστῳ

972 287 1063 313 tentia!
1089 295 1120 314 ac
1144 288 1291 316 verborum
1313 292 1551 325 compositionem,
1576 294 1765 330 interpretatio

971 332 1010 359 ita
1024 337 1067 360 est
1085 334 1273 370 intelligenda,
1293 337 1398 364 scilicet
1414 339 1486 373 quod
1510 338 1617 375 Moyses
1641 346 1765 371 contem-

970 377 1061 412 platus
1076 379 1166 406 locum
1184 380 1230 407 ubi
1247 380 1320 410 Deus
1332 386 1454 417 steterat,
1468 389 1581 420 tumque
1599 388 1633 414 ab
1649 388 1684 416 iis
1702 398 1764 425 qua!

967 423 1097 451 videntur
1112 425 1253 458 liberatus,
1276 426 1303 454 id
1317 433 1359 455 est
1372 429 1406 456 ab
1422 431 1550 458 omnibus
1572 423 1760 468 sensibililius,

967 473 995 496 et
1009 470 1043 496 ab
1060 469 1094 497 iis
1110 478 1170 505 quae.
1184 471 1287 505 vident,
1308 481 1360 508 pro
1375 475 1409 501 ab
1423 476 1550 504 omnibus
1565 478 1759 514 rationalibus,

969 515 1199 551 intelligibilibus,
1210 518 1332 553 inquam,
1348 525 1375 547 et
1396 521 1610 557 intelligentibus
1621 527 1760 556 essentiis.

966 569 1028 589 eum
1044 563 1144 597 quibus
1165 564 1247 591 etiam
1263 565 1297 592 ab
1316 566 1460 594 animabus
1481 570 1593 603 nostris,
1611 576 1707 606 postea
1730 575 1758 601 in

971 607 1116 643 caliginem
1132 609 1273 644 ingressus
1284 615 1336 642 est,
1351 611 1378 638 id
1390 618 1431 639 est
1445 613 1472 639 in
1487 613 1534 641 Dei
1548 615 1757 652 ignorationem,

968 653 1016 680 ubi
1040 661 1103 681 cum
1125 655 1215 682 omnis
1232 657 1399 690 cognitionis
1425 659 1548 687 subsidia
1576 662 1755 697 exclusisset,
1777 680 1780 684 -

963 699 1015 726 fuit
1031 700 1058 727 in
1074 705 1165 728 mente
1181 709 1242 736 quae
1257 710 1308 730 nec
1327 703 1400 739 tangi
1416 712 1466 731 nec
1481 705 1570 733 videri
1590 711 1689 741 potest,
1708 709 1755 737 Dei

962 746 1034 773 ultra
1057 754 1153 774 omnes
1169 749 1354 783 cognoscendi
1378 749 1523 779 facultates
1537 754 1692 787 constituti,
1714 761 1756 783 ta-

961 792 1035 827 lique
1057 793 1139 821 modo
1161 794 1327 829 conjunctus
1351 795 1517 830 ignorationi
1541 802 1568 826 et
1591 801 1753 836 cessationi,

961 845 1016 865 non
1030 838 1093 866 dico
1114 840 1226 875 proprie
1240 842 1340 869 mentis
1355 844 1515 876 cessationi,
1532 852 1621 880 neque
1639 847 1754 876 alterius

959 884 1121 917 cessationi.
1146 893 1197 913 nec
1225 887 1365 922 seipsum,
1391 896 1443 916 nec
1466 890 1531 925 quid
1553 891 1627 918 aliud
1651 893 1752 921 intelli-

114 930 206 966 πάσης
220 929 347 964 γνώσεως
358 931 404 958 τοῦ
416 932 525 959 πάντων
539 931 668 958 ἐπέκεινα
683 931 743 958 τότε
761 933 793 967 τῇ
810 932 900 968 ἀγνοίς

958 929 1056 963 gendo,
1072 931 1120 958 sed
1135 932 1301 967 conjunctus
1318 934 1526 969 perfectissimae
1546 938 1637 966 omnis
1657 941 1753 976 cogni—

112 974 144 1001 τὸ
156 976 210 1002 πᾶν
221 975 300 1010 ἔγνω.
316 976 473 1012 Σημείωσαι
486 977 524 1009 δὲ,
538 977 576 1008 ὡς
591 977 690 1012 γνόφον
704 977 754 1013 τὴν
769 977 906 1012 ἀγνωσίαν

112 1021 208 1058 ἐνόησε
217 1023 251 1049 ’⁸.
272 1023 335 1055 Πῶς
347 1023 381 1050 δι’
397 1024 535 1058 ἀγνωσίας
549 1024 564 1050 ό
579 1024 646 1056 Θεὸς
668 1023 839 1058 γινώσκεται,
857 1025 905 1051 καὶ

112 1065 164 1095 ὧδέ
184 1077 264 1104 φησι,
286 1070 333 1096 καὶ
355 1071 383 1096 ὲν
399 1069 438 1105 τῷ
457 1070 528 1104 Περὶ
549 1071 636 1097 θείων
651 1069 804 1105 ὀνομάτων
822 1070 903 1106 λόγῳ,

111 1114 278 1151 πλατύτερον
295 1115 468 1151 διεξήλθομεν
485 1117 514 1143 ὲν
530 1116 670 1152 κεφαλαίῳ
689 1117 719 1152 β’.
740 1117 800 1153 Χρὴ
821 1117 850 1144 δὲ
867 1119 905 1144 εί-

110 1160 195 1193 δέναι,
209 1161 246 1193 ὼς
263 1162 292 1188 ὲν
307 1163 340 1197 τῇ
357 1161 464 1197 Ἐξόδῳ,
478 1162 543 1189 ἔνθα
556 1163 721 1200 γέγραπται,
739 1163 780 1189 ὅτι
795 1163 903 1199 εἰσῆλθε

110 1207 231 1243 Μωῡσῆς
247 1209 286 1240 εἰς
301 1208 348 1235 τὸν
363 1208 462 1244 γνόφον
477 1206 507 1236 οὗ
522 1207 557 1245 ἦν
572 1210 587 1236 ὁ
598 1209 675 1242 θεὸς,
688 1209 719 1236 τὸ
736 1209 786 1245 μὲν
801 1207 904 1246 Ἐϐραϊ-

109 1254 157 1281 κὸν
173 1254 230 1290 ἔχει
243 1255 359 1290 ἀραφέλ
370 1255 411 1291 (·)”
421 1257 445 1282 ot
461 1255 488 1281 δὲ
497 1255 760 1292 Ἐϐδομήκοντα,καὶ
771 1256 901 1289 Ἀκύλας,

109 1301 158 1326 καὶ
183 1301 329 1328 Θεοδοτίων
349 1301 380 1328 τὸ
402 1301 518 1336 ἀραφὲλ
541 1302 638 1336 γνόφον
661 1301 805 1334 ἐξέδωκαν.
828 1302 902 1338 Σύμ-

110 1355 196 1383 μαχος
214 1347 304 1383 μέντοι
321 1348 453 1383 ὁμίχλην
463 1348 494 1375 τὸ
506 1348 622 1383 ἀραςρὲλ
634 1348 809 1384 ὲρμήνευσεν.
830 1349 858 1375 '0
873 1349 902 1376 δὲ

113 1393 237 1428 Ἑϐραῖος
252 1393 324 1428 λέγει
340 1394 370 1421 τὸ
386 1394 512 1429 ἁραφέλ,
528 1394 612 1430 ὄνομα
628 1392 697 1421 εἶναι
714 1393 902 1430 στερεώματος

107 1439 147 1470 εἰς
162 1439 176 1465 ὃ
191 1439 292 1473 ἔφθασε
308 1440 440 1474 Μωῦσῆς·
458 1440 527 1467 ἑπτὰ
543 1440 597 1477 γὰρ
614 1440 792 1476 στερεῶματά
807 1449 899 1475 φασιν,

106 1485 125 1512 ἃ
138 1486 184 1512 καὶ
195 1486 324 1521 οὐρανοὺς
337 1486 458 1515 καλοῦσι.
471 1486 518 1514 καὶ
533 1486 567 1513 τὰ
578 1487 696 1522 ὀνόματα
711 1487 849 1522 λέγουσιν·
862 1484 900 1514 ὧν

108 1532 293 1567 μνημονεῦσαι
311 1532 358 1559 νῦν
380 1534 430 1560 οὐκ
446 1534 601 1568 ἀναγκαῖον.
625 1533 757 1568 Ἀνέγνων
773 1533 802 1560 δὲ
821 1533 900 1561 τοῦτο

105 1578 181 1605 ἑπτὰ
208 1579 355 1613 οίιρανυὺς
380 1580 427 1607 καὶ
458 1581 487 1606 ὲν
509 1581 542 1615 τῇ
560 1579 805 1628 ισυγγεγραμμένῃ-
823 1579 898 1616 Ἀρί-
912 1599 934 1628 C

107 1632 188 1651 στωνι
209 1624 248 1660 τῷ
272 1625 395 1660 Πελλαίῳ
416 1624 530 1657 διαλέξει
547 1625 688 1652 Παπίσκου
711 1625 756 1652 καὶ
773 1625 897 1658 Ἰάσονος,

106 1669 139 1702 ἦν
156 1670 292 1706 Κλήμηςὸ
310 1671 501 1707 Ἀλεξανδρεὺς
513 1673 542 1698 ἐν
557 1671 628 1707 ἕκτῳ
644 1672 738 1708 βιϐλίῳ
749 1672 898 1699 marmo-

104 1716 266 1744 τυπώσεων
291 1718 336 1745 τὸν
367 1718 445 1752 ἆγιον
474 1718 581 1746 Λουκᾶν
610 1727 693 1754 φησιν
728 1719 894 1755 ἀναγράψαι.

106 1762 200 1798 Ὅμως
215 1764 245 1790 τὸ
261 1763 326 1801 περὶ
339 1764 386 1790 τοῦ
403 1765 513 1799 γνόφου,
532 1765 573 1797 εἰς
595 1765 645 1801 τὴν
669 1765 743 1791 θείαν
759 1765 895 1798 ἀγνωσίαν

104 1808 300 1845 θεωρούμενον,
326 1811 459 1847 θειότερον
487 1811 700 1847 πεφιλοσόφηται
722 1811 769 1838 καὶ
785 1812 813 1838 ἐν
836 1812 895 1842 ταῖς

103 1855 258 1887 ἐπιστολαῖς
273 1857 355 1884 αὐτοῦ
365 1866 371 1872 ·
384 1858 413 1884 ὲν
425 1859 458 1894 τῇ
472 1857 583 1893 πέμπτῃ
598 1857 627 1884 δὲ
636 1856 746 1889 τελείως
758 1856 823 1892 περὶ
837 1856 895 1883 τού-

103 1909 149 1928 του
168 1902 275 1939 γράφει.

135 2023 192 2057 Τῆς
220 2023 321 2057 πάσης
343 2023 480 2058 γνώσεως
501 2023 709 2058 ἁνενεργησίᾳ.
736 2023 892 2059 Σημείωσαι

101 2069 143 2096 ὅτι
167 2071 199 2105 τῇ
224 2070 314 2106 πάσης
338 2070 465 2104 γνώσεως
494 2070 675 2107 ἀνενεργησίᾳ
697 2069 736 2105 τῷ
759 2069 891 2107 ἀγνώστῳ

102 2115 244 2152 ένούμεθα.

335 2162 389 2189 ΕΙΣ
408 2163 451 2189 ΤΟ
470 2163 595 2190 ΚΕΦΔΛ.
612 2163 650 2190 B’.

135 2207 216 2234 Κατὰ
230 2207 338 2235 τοῦτον
352 2208 445 2243 ἡμεῖς.
463 2209 518 2236 Καὶ
532 2209 648 2236 ἐνταῦθα
665 2210 729 2248 περὶ
744 2211 816 2239 θείου
832 2212 891 2247 γνό-

956 975 1040 1002 tionis
1058 976 1224 1012 ignorationi
1248 978 1308 1013 ejus
1331 980 1378 1015 qui
1401 986 1513 1016 superat
1533 984 1671 1018 universa,
1692 991 1750 1015 tum

956 1020 1128 1056 ignoratione
1162 1025 1254 1051 omnia
1278 1027 1364 1054 novit.
1394 1027 1463 1055 Nota
1498 1037 1573 1062 vero,
1590 1033 1663 1066 quod
1685 1034 1752 1061 cali-

955 1067 1045 1102 ginem
1059 1069 1240 1104 ignorantiam
1262 1072 1437 1101 intellexerit.
1453 1074 1576 1108 Quanam
1593 1082 1683 1106 autem
1703 1088 1749 1107 ra-

956 1114 1029 1142 tione
1045 1114 1118 1144 Deus
1133 1124 1182 1152 per
1203 1117 1402 1152 ignorationem
1419 1126 1613 1156 cognoscatur,
1630 1128 1687 1152 tum
1704 1125 1748 1154 hic

959 1160 1038 1194 dicit,
1070 1167 1127 1189 tum
1159 1162 1187 1189 in
1218 1163 1289 1191 libro
1315 1164 1354 1192 De
1378 1165 1474 1193 divinis
1493 1169 1640 1197 nominibus
1660 1173 1748 1206 capite

954 1207 1075 1235 secundo
1114 1207 1204 1237 fusius
1235 1211 1442 1245 explicabimus.
1483 1213 1569 1242 Porro
1603 1217 1746 1246 sciendum

953 1259 1006 1287 est,
1037 1255 1064 1282 in
1086 1254 1194 1288 Exodo,
1215 1256 1262 1284 ubi
1283 1258 1416 1292 scriptum
1435 1264 1478 1286 cst
1502 1260 1621 1296 Moysem
1640 1263 1747 1298 ingrcs-

953 1305 1015 1326 sum
1049 1299 1135 1327 fuisse
1157 1300 1302 1336 caliginem
1327 1302 1355 1329 in
1377 1311 1430 1338 qua
1445 1308 1504 1331 erat
1519 1304 1590 1333 Deus
1604 1326 1611 1338 ,
1630 1307 1746 1336 Hebrai-

952 1351 1015 1371 cum
1039 1343 1140 1373 habere
1154 1346 1264 1381 araphel
1275 1355 1286 1374 :
1302 1346 1480 1384 Septuaginta
1494 1358 1558 1378 vero
1573 1356 1600 1379 et
1613 1352 1742 1387 Aquilam

952 1389 1255 1425 atque'l‘heodotionem
1264 1393 1419 1422 reddidisse
1434 1395 1552 1430 amp/uel.
1571 1398 1680 1432 γνόφων,
1698 1408 1743 1426 cn-

951 1435 1072 1471 liginem;
1081 1441 1108 1465 at
1115 1436 1308 1473 Symmachum
1315 1438 1439 1475 ὁμίχλην,
1448 1441 1583 1476 nebulam,
1591 1444 1743 1472 esseinter—

951 1486 1097 1516 pretatum.
1108 1482 1241 1511 Hebraeus
1255 1492 1321 1512 vero
1348 1484 1414 1512 dicit
1428 1486 1537 1520 araphel
1551 1495 1612 1516 esse
1642 1497 1741 1518 nomen

951 1526 1115 1555 firmamenti
1123 1528 1150 1555 in
1160 1529 1233 1564 quod
1241 1528 1347 1565 Moyses
1353 1531 1477 1565 pervenit
1484 1541 1491 1564 ;
1499 1532 1594 1560 dicunt
1601 1534 1672 1562 enim
1680 1544 1742 1564 esse

951 1576 1055 1608 septem
1069 1573 1254 1608 ﬁrmamenta,
1270 1583 1331 1610 quae
1344 1576 1527 1611 etiam_ctelos
1537 1579 1618 1615 234
1628 1585 1738 1614 vocant,

950 1619 1118 1655 nominaque
1128 1625 1283 1654 recensent,
1297 1629 1413 1656 quorum
1423 1630 1496 1650 nunc
1512 1625 1669 1655 meminisse
1683 1635 1739 1655 non

948 1670 991 1693 est
1010 1666 1208 1694 necessarium.
1222 1666 1287 1702 Legi
1301 1672 1391 1695 autem
1407 1674 1505 1703 septem
1520 1670 1598 1698 caelos
1611 1672 1692 1700 etiam
1708 1674 1737 1702 in

947 1710 1134 1746 disputatione
1150 1711 1259 1747 Papisci
1281 1717 1308 1740 et
1323 1712 1434 1742 Iasonis
1446 1715 1548 1750 scripta
1564 1717 1598 1743 al)
1609 1717 1738 1748 Aristone

946 1755 1059 1788 Pellaeo.
1095 1765 1184 1792 quam.
1209 1757 1337 1787 Clemens
1360 1759 1563 1789 Alexandrinus
1595 1763 1624 1790 in
1656 1769 1736 1793 sexto

946 1801 1017 1828 libro
1043 1801 1247 1837 Hypotyposeon
1271 1804 1311 1831 ait
1343 1809 1469 1832 sanctum
1503 1806 1605 1835 Lucam
1627 1809 1734 1838 descri-

945 1844 1044 1879 psisse.
1061 1844 1099 1873 De
1113 1846 1231 1882 caligine
1250 1847 1279 1875 in
1300 1847 1392 1876 divina
1415 1850 1586 1886 ignoratione
1610 1855 1735 1883 conside-

944 1895 1015 1923 rata,
1035 1891 1064 1918 in
1082 1892 1140 1920 suis
1161 1901 1271 1929 quoque
1293 1895 1418 1931 epistolis
1442 1897 1544 1932 optime
1567 1906 1735 1928 commenta-

944 1940 990 1964 tur
1007 1947 1015 1974 _:
1041 1937 1070 1966 in
1094 1938 1192 1974 quinta
1213 1947 1278 1968 vero
1300 1940 1421 1977 perfecte
1441 1942 1476 1970 de
1495 1943 1548 1970 hoc
1571 1950 1733 1980 argumento

943 1983 1050 2012 scribit.

979 2029 1071 2057 Omnis
1093 2031 1250 2066 cognitionis
1271 2033 1427 2060 cessatione.
1451 2032 1522 2060 Nota
1547 2039 1619 2069 quod
1641 2036 1731 2064 omnis

942 2076 1107 2112 cognitionis
1121 2077 1287 2112 cessatione,
1301 2077 1394 2114 ignoto
1406 2079 1545 2108 uniamnr.

1245 2167 1279 2195 IN
1299 2167 1375 2196 CAP.
1392 2168 1426 2197 II.

977 2212 1011 2239 In
1032 2213 1082 2240 hac
1099 2221 1156 2241 nos.
1182 2212 1232 2240 Hic
1256 2222 1365 2249 quoque
1386 2213 1420 2242 de
1444 2214 1537 2249 divina
1562 2215 1678 2251 caligine
1701 2222 1728 2245 et

100 2260 151 2287 φου
168 2253 214 2279 καὶ
233 2253 283 2286 τῆς
313 2254 450 2287 ἀγνωσίας
477 2254 567 2289 λέγει.
593 2255 648 2282 Καὶ
673 2256 825 2291 σημείωσαι
849 2258 890 2285 ὅτι

954 2258 1096 2293 gnorantia
1109 2257 1187 2286 dicit.
1200 2258 1269 2286 Nota
1285 2259 1366 2287 etiam
1381 2260 1454 2294 quod
1471 2260 1523 2287 hoc
1539 2261 1575 2288 sit
1591 2262 1618 2289 in
1632 2262 1726 2291 divina

98 2297 177 2325 τοῦτό
199 2300 256 2325 ἐστι
273 2299 302 2325 τὸ
321 2299 373 2326 ὑπὸ
396 2300 442 2326 τὸν
457 2300 528 2327 θεῖον
543 2301 642 2336 γνόφον
657 2302 793 2336 γενέσθαι,
809 2303 841 2330 τὸ
855 2304 889 2330 δι’

98 2345 229 2380 ἀϐλεψίας
250 2346 296 2373 καὶ
318 2346 454 2381 ἀγνωσίας
477 2346 541 2373 ἰδεῖν
569 2347 616 2374 καὶ
638 2347 740 2382 γνῶναι
762 2349 793 2375 τὸ
819 2350 889 2386 ὑπὲρ

99 2390 162 2418 θέαν
173 2393 219 2418 καὶ
234 2393 343 2427 γνῶσιν,
361 2393 418 2420 κατ’
431 2393 496 2419 αὐτὸ
511 2393 541 2419 τὸ
558 2393 595 2429 μὴ
611 2393 675 2420 ἰδεῖν
692 2394 758 2430 μηδὲ
772 2395 887 2430 γνῶναι·

97 2437 175 2465 τοῦτο
190 2439 243 2477 γάρ
262 2441 337 2472 ἐστι,
355 2440 437 2475 φησὶ,
454 2439 484 2466 τὸ
507 2439 590 2472 ὅντως
614 2440 678 2467 ἰδεῖν
706 2441 753 2467 καὶ
768 2441 885 2475 γνῶναι·

96 2484 214 2520 οὐδαμοῦ
236 2485 264 2512 δὲ
285 2485 356 2512 οὕτω
387 2486 528 2522 σαφηνίζει
548 2486 597 2522 τὴν
621 2488 650 2513 ὲν
673 2487 795 2523 ἀγνωσία
816 2488 887 2522 γνῶ-

98 2539 149 2558 σιν.
173 2531 321 2566 Ἀνάγνωθι
344 2531 372 2558 δὲ
399 2533 446 2559 καὶ
471 2532 521 2568 τὴν
542 2535 563 2559 ε’
580 2533 648 2570 πρὸς
672 2533 807 2569 Δωρόθεον
823 2535 885 2562 ἐπιδ

97 2576 177 2612 στολή
182 2586 204 2603 ν.

131 2623 184 2650 Διὰ
208 2623 264 2658 τῆς
288 2623 410 2650 πάντων
429 2623 488 2650 τῶν
507 2623 611 2651 ὄντων.
627 2624 757 2652 Τουτέστι
777 2625 821 2652 διὰ
835 2625 883 2653 τοῦ

98 2670 180 2705 μηδὲν
194 2669 248 2696 τῶν
262 2669 347 2696 ὄντων
357 2670 379 2686 ³⁸
395 2669 532 2706 προσφυὲς
547 2669 620 2706 αὺτῷ
634 2672 703 2697 νοεῖν
712 2679 719 2685 ·
736 2670 814 2698 τοῦτο
829 2671 883 2709 γὰρ

96 2715 240 2752 ἀφαίρεσιν
255 2716 405 2752 ὠνόμασεν.
422 2717 559 2751 Αὐτοφυὲς
574 2716 602 2744 δὲ
623 2716 735 2753 ἄγαλμά
759 2726 851 2754 φησιν,
868 2718 883 2744 ὃ

96 2761 200 2797 γίνεται
215 2764 244 2790 ὲν
266 2762 315 2799 ὕλῃ
331 2763 453 2799 ἀτμήτῳ,
469 2759 524 2789 οἷον
540 2757 570 2790 ὲν
585 2762 674 2799 πέτρᾳ
688 2763 836 2800 ὁλοκλήρῳ,
853 2765 882 2791 έν

940 2305 1056 2340 caligine
1076 2313 1154 2338 esse,
1178 2308 1306 2340 aspectus
1329 2307 1481 2341 privatione
1503 2312 1529 2335 et
1552 2308 1726 2343 ignoratione

939 2358 1052 2379 cernere
1068 2358 1101 2379 ac
1120 2359 1286 2387 cognoscere
1300 2360 1362 2380 eum
1383 2353 1430 2387 qui
1451 2361 1559 2382 omnem
1584 2361 1725 2390 aspectum

940 2402 1021 2432 atque
1044 2397 1186 2425 scientiam
1201 2397 1296 2429 vincit,
1312 2398 1363 2425 hoc
1379 2398 1449 2433 ipso,
1463 2399 1535 2434 quod
1551 2401 1662 2429 minime
1684 2403 1724 2430 vi-

939 2443 1053 2471 deamus
1072 2446 1100 2470 et
1118 2443 1260 2471 sciamus:
1277 2443 1328 2471 hoc
1348 2445 1420 2472 enim
1440 2449 1496 2478 est,
1513 2446 1611 2482 inquit,
1627 2455 1722 2476 revera

940 2490 1034 2517 videre
1047 2493 1074 2517 et
1088 2496 1263 2525 cognoscere.
1280 2490 1419 2526 Nusquam
1436 2496 1526 2520 autem
1543 2493 1583 2521 sic
1604 2494 1721 2529 explicat

938 2534 1122 2570 cognitionem
1144 2534 1172 2561 in
1194 2535 1380 2570 ignoratione;
1397 2536 1455 2572 lege
1474 2538 1557 2565 etiam
1577 2538 1720 2573 epistolam

937 2581 1060 2617 quintam
1073 2580 1106 2608 ad
1122 2580 1298 2610 Dorotheum.

973 2627 1098 2656 Omnium
1110 2636 1168 2663 qua?
1184 2633 1256 2656 sunt.
1267 2628 1298 2656 ld
1315 2634 1366 2662 est,
1381 2630 1526 2665 cogitando
1541 2631 1608 2658 nihil
1623 2639 1717 2658 eorum

935 2680 995 2710 quae
1020 2676 1084 2700 sunt
1107 2673 1159 2708 ipsi
1178 2673 1331 2709 adhaerere;
1351 2675 1403 2702 hoc
1417 2675 1489 2703 enim
1512 2675 1653 2710 ἀφαίρεσιν
1667 2684 1718 2703 no—

934 2718 1059 2746 minavit.
1081 2717 1208 2746 Nativum
1235 2724 1324 2748 autem
1346 2721 1454 2756 signum
1470 2724 1564 2753 vocat,
1586 2721 1659 2756 quod
1680 2721 1716 2749 sit

932 2764 960 2791 in
984 2764 1098 2792 materia
1122 2772 1177 2792 non
1200 2765 1324 2799 desecta,
1348 2767 1420 2794 sicut
1443 2767 1472 2794 in
1495 2770 1571 2802 petra
1593 2767 1714 2802 integra,

555 2830 671 2859 VARIIE
691 2831 883 2860 LECTIONES
899 2832 943 2860 ET
962 2832 1240 2867 CORRECTIONES.

130 2890 152 2906 "
163 2898 208 2926 γρ.
222 2890 343 2922 ἐκάλεσε.
362 2891 395 2927 (⁸)
413 2882 488 2929 ’πλην
503 2891 552 2921 Ex.
566 2900 612 2927 xx,
627 2893 671 2921 21.
707 2892 730 2909 ³⁸
745 2901 790 2928 γρ.
806 2891 862 2920 τῶν
877 2892 997 2920 πάντων.
