1923 3067
170 165 225 194 4ὶό

568 160 740 189 APPENDIX
760 160 805 188 AD
822 159 936 187 oram
955 160 982 188 s.
1004 153 1157 188 btouYsu
1174 152 1418 187 anso'pacms.

1762 160 1814 189 ἀει

170 227 276 252 tantum
302 225 434 257 quantum
463 225 522 249 est.
547 219 658 253 quando
692 218 791 252 aliquis
819 218 952 253 seulpseri

1018 219 1072 254 ὅσῳ
1087 218 1211 254 ἔστηκεν,
1224 218 1288 244 ὅταν
1297 216 1386 252 γλύψῃ
1400 224 1443 247 τις
1458 214 1526 247 ζῶόν
1542 224 1566 242 τι
1577 216 1610 247 ’⁷,
1625 215 1661 248 ὡς
1677 216 1752 252 δηλοῖ
1767 219 1815 246 καὶ

170 270 272 298 animal
295 268 443 304 quoddam.
462 270 491 293 ut
506 265 627 293 declarat
643 264 786 299 Euripides
803 264 830 291 in
855 264 964 291 Andro-

170 316 268 344 meda:

292 360 458 395 Virginisque
472 359 613 393 imaginem
628 356 773 395 quamdam

205 397 248 424 Ea:
267 391 378 431 Ιιιρὶιίὲίδ
396 391 504 430 propria
525 391 646 420 naturali
669 392 757 427 [arma
777 391 962 463 comitantibus

843 435 928 453 muris

843 435 928 453 mum

286 467 378 494 Docta:
394 465 567 492 simulacrum
583 471 688 490 manus.

168 515 235 543 Nam
255 514 424 549 αὐτόμορφον
442 512 552 547 ἄγαλμα
566 511 616 546 τῆς
632 510 735 546 πέτρας
749 512 829 535 vocat
847 508 961 535 formam

167 567 250 597 petra)
265 561 432 591 naturalem;
448 558 513 593 quin
531 558 614 584 etiam
639 557 750 592 quando
771 556 833 590 quis
856 558 961 589 partem

167 609 273 636 arboris
296 605 472 633 consistentis
493 608 519 631 ct
543 604 666 630 ﬂorentis
689 601 879 636 insculpserit,
897 608 961 635 par-

167 659 275 687 tumque
301 651 363 678 lecti
389 650 493 682 fecerit,
508 649 580 683 quod
599 650 670 675 sicut
686 649 752 675 dicit
777 647 910 674 Homerus
934 647 960 672 in

166 699 288 735 Odyssea
310 697 424 733 Ulysses
441 696 520 727 fecit,
538 695 679 722 autetiam
697 694 724 721 in
745 694 792 720 tali
808 693 905 720 arbore
922 692 960 719 vi-

164 745 258 774 ctorize
288 748 363 778 tropa
373 752 417 771 um
455 742 581 777 sculpsit.
600 741 733 768 Similiter
747 747 858 776 quoque
880 739 946 766 intcl

163 791 223 827 ligit
239 789 352 826 pretiosi
369 788 469 823 lapidis
490 795 537 815 seu
557 794 670 822 gemma:
690 786 851 817 simulacra,
876 785 960 812 veluti

163 838 274 874 quando
288 835 449 870 smaragdos
465 835 498 862 ab
514 834 587 860 oumi
607 833 821 866 circumjacente
834 831 960 858 terrestri

163 887 326 919 cxpurguta,
340 882 451 909 exhibet
470 881 590 916 ἄγαλμα,
607 880 633 907 id
650 881 692 907 est
705 878 856 913 ἀγλάϊσμα,
871 877 959 912 splen-

1018 265 1168 302 Εὐριπιδης
1184 266 1214 291 ὲν
1237 264 1402 300 Ἀνδρομέδᾳ
1412 271 1419 279 ·

1160 364 1312 397 Παρθένου
1330 364 1352 391 τ’
1369 365 1472 391 εἰκόνα
1485 364 1552 391 τινὰ

1075 400 1124 433 Ἐξ
1139 401 1336 434 αὺτομίζρρων
1349 400 1462 427 λαΐνων
1477 399 1690 435 τειχισμάτων,

1160 435 1262 470 £097“-
1278 436 1397 470 ἄγαλμα
1411 435 1522 470 χειρίς.

1014 515 1190 550 Δὺτόμορφον
1208 514 1263 550 γὰρ
1287 514 1399 550 ἄγαλμα
1421 514 1472 549 τῆς
1497 514 1602 549 πέτρας
1625 514 1656 541 τὺ
1681 514 1815 550 αὐτοφυὲς

1015 560 1107 588 εἶπεν·
1127 560 1195 587 ἀλλὰ
1218 561 1265 588 καὶ
1288 561 1352 587 ὅταν
1380 560 1462 597 μέρος
1478 569 1504 587 τι
1519 561 1567 587 τοῦ
1592 561 1702 597 δένδρου
1724 561 1816 598 γλύψῃ

1014 605 1130 637 ἑστῶτος
1152 607 1199 633 καὶ
1222 606 1376 638 ἀνθοῦντος,
1394 607 1441 633 καὶ
1466 607 1548 642 μέρος
1574 607 1669 642 κλίνης
1694 608 1815 643 ποιήσῃ.

1012 653 1082 689 ὅπερ
1112 653 1149 684 ὥς
1187 662 1271 688 φησιν
1295 654 1419 689 Ὅμηρος
1447 654 1477 679 ὲν
1507 653 1648 690 Ὀδυσσείᾳ
1683 654 1814 690 ἐποίησεν

1019 698 1164 730 Ὀδυσσεύς
1174 707 1180 713 ·
1199 699 1215 734 ἢ
1233 699 1279 725 καὶ
1296 700 1324 725 ὲν
1340 699 1378 734 τῷ
1390 699 1503 735 τοιούτῳ
1518 699 1619 735 δένδρῳ
1635 700 1734 735 ἐγλυψε
1750 700 1816 736 τρό-

1013 753 1093 771 παιον
1110 745 1198 780 νίκης.
1215 746 1285 780 Φησὶ¹
1307 745 1335 772 δὲ
1358 746 1405 772 καὶ
1430 746 1523 781 τιμίας
1546 746 1621 773 λίθου
1646 747 1814 782 ἀγάλματα,

1011 787 1067 817 οἷον
1079 791 1142 817 ὃταν
1155 791 1171 826 ή
1186 791 1353 828 σμάραγδος,
1365 791 1590 827 ἀποκαθαρθεῖσα
1605 792 1651 819 τοῦ
1668 793 1816 830 περιέχον-

1010 845 1057 868 τος
1087 836 1220 871 γεώδους,
1253 837 1322 873 αὐτὴ
1358 838 1481 873 ἀναφανῇ
1513 838 1642 874 ἄγαλμα,
1672 840 1816 866 τουτέστιν

1011 881 1168 917 ἀγλάϊσμα·
1197 882 1267 918 πρὸς
1293 882 1308 908 ὃ
1339 882 1457 918 μάλιστα
1482 883 1531 910 νῦν
1561 883 1669 919 βλέπων
1695 883 1757 912 εἷπε
1783 885 1816 912 τὸ

163 929 255 956 didum
273 931 474 955 ornamentum.
493 927 532 953 Ad
556 925 628 960 quod
649 925 767 951 maxime
785 931 859 950 nunc
872 923 956 958 respi-

1018 912 1274 964 n‘poxefitsvovitbg
1288 912 1424 961 Διονύσιος
1441 930 1456 956 ὁ
1474 912 1591 967 ποιητὴς
1620 932 1651 958 ὲν
1671 931 1695 967 β’
1718 931 1815 968 βιϐλίῳ

163 977 240 1004 ciens
255 975 322 1002 dicit
347 973 419 1009 quod
437 973 611 1008 proponitur,
634 971 706 999 sicut
721 969 869 1006 Dionysius
883 974 963 1004 poeta

160 1023 191 1049 in
206 1021 327 1050 secundo
342 1021 413 1048 li'bro
428 1018 566 1047 Λιθικῶνυ

161 1069 242 1105 235
258 1066 498 1105 Iaspidispbscure
513 1064 636 1105 uirentis,
651 1068 697 1090 aut
712 1063 854 1105 amethysti

255 1097 387 1138 Purpurei
404 1102 576 1129 simulacrum
588 1120 595 1132 ,
610 1101 683 1135 nigro
697 1097 819 1138 ρει-[ιιδιὼ
829 1097 964 1138 sanguine

746 1133 925 1171 [hyacinthus

163 1185 230 1219 Qum
253 1185 344 1213 omnia
365 1183 515 1212 ostendunt
544 1182 659 1210 multam
685 1181 773 1209 sancti
798 1180 880 1215 hujus
909 1179 961 1207 viri

163 1232 327 1259 doctrinam.

199 1277 308 1312 Oportet
332 1281 430 1308 autem,
454 1280 482 1302 ut
503 1275 638 1306 existimo,
659 1273 818 1300 oblationes.
842 1273 961 1308 lpsemet

163 1323 244 1352 Pater
269 1325 358 1350 locum
383 1326 546 1358 praesentem
574 1322 601 1348 in
631 1320 809 1355 sequentibus
835 1320 958 1354 exponit.

165 1370 261 1401 Θέσεις
286 1369 369 1404 igitur
390 1372 469 1399 sunt,
498 1374 559 1402 quae
582 1367 689 1401 proprie
713 1365 748 1393 de
772 1365 828 1394 Deo
857 1366 959 1393 dicun-

163 1420 219 1448 tur,
235 1415 318 1443 Veluti
336 1415 383 1450 qui
409 1418 461 1445 est,
480 1413 547 1444 vita,
566 1413 669 1444 lumen,
682 1416 709 1439 et
729 1415 827 1439 caetera
848 1422 853 1439 :
876 1412 959 1446 ἀφαι-

165 1460 253 1496 ρέσεις
267 1467 341 1491 vero,
364 1466 425 1494 quin
449 1462 579 1493 tanquam
595 1464 611 1484 a
626 1456 681 1484 Deo
702 1457 792 1484 aliena
811 1461 958 1493 negantur,

163 1507 234 1535 sicut
256 1506 327 1534 Deus
351 1513 406 1532 non
427 1509 470 1532 est
493 1511 605 1538 corpus,
627 1511 681 1530 non
707 1507 750 1531 est
774 1504 884 1535 anima,
908 1512 958 1532 nec.

163 1552 271 1588 aliquod
291 1559 386 1580 eorum
404 1558 465 1586 quae
479 1549 609 1585 cognosci
626 1553 740 1584 queunt,
757 1555 804 1576 aut
820 1550 847 1577 in
864 1550 959 1585 cogni-

1014 974 1142 1001 Λιθικῶν
1151 983 1158 990 ·

1055 1066 1111 1100 Τῆς
1133 1067 1414 1102 ,βαθνχλοάοντοςη
1431 1067 1588 1102 ὶάσπιδος,
1603 1068 1624 1104 ’ἢ
1640 1069 1814 1104 ἀμεθύστου

1049 1104 1276 1137 Πορφυρόεντος
1292 1103 1412 1139 ἄγαλμα
1422 1125 1429 1137 ,
1447 1103 1691 1176 μελατκρατέτῖιὲ
1708 1105 1814 1156 {itif/r-

1692 1150 1726 1173 ος
1769 1162 1775 1167 .

1013 1183 1105 1210 Ταῦτα
1121 1183 1176 1220 γὰρ
1193 1184 1282 1211 πάντα
1297 1184 1418 1211 δείκνυσι
1440 1184 1471 1211 τδ
1487 1184 1642 1220 πολυμαθὲς
1658 1185 1705 1211 τοῦ
1730 1185 1812 1219 ἁγίου

1011 1230 1106 1257 τούτου
1123 1230 1227 1267 ἀνδρός.

1047 1275 1109 1311 Χρὴ
1131 1276 1175 1309 δὲ,
1199 1276 1241 1310 ὡς
1261 1276 1358 1311 οἶμαι,
1382 1276 1435 1310 τὰς
1456 1276 1638 1312 ἀφαιρέσεις.
1663 1277 1699 1304 Τὸ
1724 1277 1814 1313 παρὸν

1012 1324 1110 1360 χωρίον
1126 1324 1156 1350 ὲν
1177 1324 1234 1354 τοῖς
1259 1322 1323 1358 ἑξῆς
1347 1322 1428 1355 αὐτὸς
1444 1323 1458 1350 ὁ
1475 1323 1572 1359 Πατὴρ
1589 1322 1743 1359 σαφηνίζει.
1761 1323 1813 1351 Θέ-

1015 1380 1072 1403 σεις
1090 1370 1140 1406 μὲν
1164 1368 1211 1397 οὖν
1227 1365 1307 1404 εισιῆ
1324 1370 1375 1397 ὅσα
1396 1369 1505 1402 οἰκείως
1528 1369 1575 1396 ἐπὶ
1592 1369 1660 1396 Θεοῦ
1683 1369 1810 1404 λέγεται,

1013 1418 1065 1454 [ὅτι
1091 1415 1176 1453 ἐστὶν]
1202 1415 1258 1444 οἷον
1283 1414 1314 1444 τὸ
1335 1417 1383 1448 ὢν,
1400 1416 1432 1443 τὺ
1458 1415 1525 1452 ζωὴ,
1549 1416 1580 1443 τὸ
1610 1416 1679 1451 φῶς.
1703 1417 1749 1444 καὶ
1775 1417 1812 1443 τὰ

1010 1463 1096 1491 ἄλλαι
1114 1463 1274 1500 ἀφαιρέσεις
1297 1463 1336 1496 δὲ,
1360 1463 1410 1490 ὅσα
1435 1463 1473 1495 ὡς
1495 1463 1625 1499 ἀλλότρια
1649 1462 1717 1490 Θεοῦ
1740 1464 1809 1490 ἁπο-

1009 1511 1160 1546 φάσκεται·
1178 1507 1234 1536 οἷον
1250 1510 1291 1536 ὅτι
1314 1509 1346 1536 οὐ
1371 1509 1451 1545 σῶμα
1467 1510 1481 1535 ὁ
1497 1509 1573 1541 θεὸς,
1592 1510 1621 1536 οὑ
1645 1508 1729 1545 ψυχὴ,
1749 1509 1810 1536 οὐδέ

1008 1566 1035 1584 τι
1050 1556 1105 1583 τῶν
1120 1556 1261 1590 γνωστῶν,
1273 1555 1289 1591 ἢ
1303 1556 1336 1590 τῇ
1354 1555 1446 1591 νοήσει
1460 1554 1677 1581 ὑποπιπτόντων.
1689 1554 1806 1586 Ἄλλως-

163 1600 265 1628 tionem
287 1600 401 1626 cadunt.
418 1597 503 1625 Aliter
521 1607 528 1625 :
551 1597 624 1630 Quid
644 1596 700 1624 sint
721 1596 808 1628 Θέσεις
830 1600 858 1624 et
878 1597 956 1631 ἀφαι-

1018 1603 1044 1629 Γί
1059 1603 1113 1629 stet
1129 1601 1218 1633 θέσεις
1235 1601 1282 1628 καὶ
1297 1601 1324 1628 αἱ
1341 1600 1516 1637 ἀφαιρέσεις,
1534 1601 1563 1627 ὲν
1579 1599 1617 1636 τῷ
1633 1600 1702 1634 Περὶ
1722 1600 1810 1627 θείων

163 1647 267 1684 ρέσεις,
289 1647 318 1673 in
343 1646 414 1673 libro
432 1644 469 1672 De
492 1644 590 1671 divinis
616 1643 766 1671 nominibus
792 1643 958 1670 excellenter

162 1693 356 1722 intelleximus.

199 1739 233 1766 In
248 1738 369 1766 anguibus
383 1737 470 1765 rebus.
485 1736 598 1769 Eorum,
614 1735 712 1771 inquit,
726 1742 786 1770 quae
796 1738 861 1762 sunt
868 1734 958 1770 cogni-

160 1785 262 1816 tiones,
276 1791 332 1811 non
348 1783 478 1819 detegunt
495 1781 542 1810 Dei
558 1782 770 1817 ignorationem,
784 1784 812 1808 et
825 1781 852 1808 in
868 1781 957 1808 lucem

162 1830 317 1863 adducunt;
330 1829 378 1857 sed
388 1829 479 1864 potius
491 1832 640 1864 contegunt
650 1831 677 1855 et
690 1827 839 1855 occultant.
853 1826 958 1854 Lumen

162 1884 229 1904 vero
244 1876 315 1911 quod
338 1876 366 1903 in
389 1875 472 1903 rebus
487 1878 547 1906 est,
563 1873 755 1909 accipiendum
787 1881 838 1908 pro
862 1873 958 1908 cognic

164 1923 237 1950 tione
255 1929 347 1949 rerum
363 1924 499 1956 quatenus
517 1923 592 1952 sunt,
609 1920 681 1947 sicut
695 1920 778 1946 etiam
795 1919 823 1946 in
838 1927 957 1954 sequen-

163 1969 238 1996 tibus
253 1967 418 1995 invenimus.

461 2011 495 2038 lN
514 2011 591 2040 CAP.
608 2010 654 2038 lll.

200 2064 338 2106 Quomodo
371 2066 461 2097 divina
494 2069 612 2104 bonaque
648 2071 755 2095 natura.
784 2066 855 2100 Quid
887 2066 957 2094 liber

165 2117 382 2153 Theologirarttm
393 2116 591 2143 institutionum
604 2115 814 2149 complcctatttr.
828 2113 866 2139 Eu
879 2113 956 2139 theo-

163 2163 242 2200 logiae
258 2164 412 2199 subjectum
433 2166 460 2190 et
484 2165 647 2197 argumenta
663 2168 724 2196 qum
743 2160 897 2187 universam
914 2159 957 2186 di-

163 2211 256 2239 vinam
276 2215 303 2238 et
322 2211 487 2237 illustratum
505 2208 690 2243 cognitionem
706 2214 738 2233 ac
754 2210 858 2233 rectam
874 2205 954 2232 ﬁdem

164 2258 400 2293 complectuntur;
416 2257 497 2287 scire,
511 2255 647 2291 quomodo
664 2261 717 2282 una
733 2254 824 2281 divina
843 2257 951 2284 natura,

164 2305 332 2332 recentiores
338 2303 448 2339 quidam
456 2303 552 2330 Patres
560 2301 710 2338 ὁμοούσιον,
719 2300 952 2331 consubstantiale,

166 2350 352 2386 appellarunt;
367 2348 503 2384 quomodo
514 2348 597 2380 trina,
611 2347 683 2382 quod
696 2347 814 2374 dicimus
827 2345 955 2382 τρισυπό-

167 2404 262 2423 στατον
289 2396 370 2422 trium
396 2395 645 2426 subsistentiarum,
679 2397 762 2428 atque
788 2399 955 2428 cognoscere

165 2449 343 2478 personarum
359 2442 550 2478 proprietates,
562 2445 589 2469 et
601 2440 666 2476 quid
680 2439 846 2475 signiﬁcent,
858 2446 955 2474 nempe

164 2488 298 2515 rationem
305 2487 406 2519 Patris,
416 2487 551 2514 rationem
561 2485 634 2518 Filii,
643 2493 675 2513 ac
682 2494 743 2521 qua:
750 2485 786 2512 sit
792 2485 882 2513 sancti
887 2484 952 2511 tica-

165 2534 220 2562 trix
234 2533 319 2561 divini
333 2532 452 2568 Spiritus
461 2533 549 2561 virtus
567 2536 594 2560 et
611 2532 734 2559 divinum
746 2539 856 2563 nomen,
871 2535 953 2565 atque

167 2580 304 2616 quomodo
311 2579 419 2608 dicatur
432 2589 438 2607 :
451 2578 588 2606 Eructavit
596 2587 642 2606 car
648 2586 734 2605 meum
744 2577 849 2605 verbum
857 2577 953 2603 bonum

167 2628 226 2661 (Ps.
236 2636 308 2660 κων,
316 2627 356 2662 2),
364 2630 391 2655 et
399 2626 536 2662 quomodo
548 2625 582 2652 de
597 2624 730 2651 adorabili
742 2622 845 2659 Spiritu
857 2626 953 2650 sancto

168 2674 269 2702 dicitur
278 2674 322 2708 qui
337 2680 369 2700 ea:
381 2671 461 2700 Patre
471 2671 588 2707 procedit
599 2678 607 2698 :
618 2674 645 2698 et
653 2668 788 2704 quomodo
797 2671 824 2696 in
838 2668 918 2696 Patre
925 2672 953 2696 et

167 2720 195 2748 in
209 2719 308 2754 seipsis
325 2718 393 2746 etin
406 2726 435 2746 se
452 2721 548 2745 mutuo
565 2709 650 2744 Filius
665 2719 691 2743 et
705 2714 825 2750 Spiritus
839 2717 951 2742 sanctus

167 2769 267 2793 aeterne
290 2769 317 2793 et
335 2763 552 2800 inseparabiliter
567 2770 599 2790 ac
612 2761 740 2789 distincte
760 2760 788 2788 in
807 2759 950 2786 mansione

1009 1647 1162 1684 ὀνομάτων
1175 1647 1247 1682 λόγῳ
1261 1646 1397 1682 διαφόρως
1413 1645 1546 1681 ἔγνωμεν.

1049 1739 1097 1766 Ἐν
1122 1738 1197 1766 πᾶσι
1213 1738 1276 1772 τοῖς
1301 1738 1400 1766 οὖσιν.
1427 1738 1460 1764 Δί
1485 1736 1540 1764 τῶν
1568 1737 1653 1764 ὄντων
1678 1737 1806 1781 γνώσεις.

1008 1786 1084 1821 φησὶ,
1096 1785 1126 1812 τὸ
1142 1785 1206 1821 περὶ
1220 1783 1290 1812 Θεοῦ
1307 1784 1447 1819 ᾱγνωστον
1462 1784 1512 1810 οὒκ
1527 1783 1741 1816 ὲκκαλύπτουσι,
1758 1785 1807 1810 καὶ

1008 1832 1048 1862 είς
1064 1830 1218 1868 φανέρωσιν
1233 1830 1346 1865 ᾱγυυσιν
1356 1838 1362 1845 ·
1381 1829 1449 1856 ἀλλὰ
1466 1829 1566 1865 μᾶλλον
1583 1828 1807 1863 συγκαλύπτουσι

1007 1876 1055 1903 καὶ
1070 1877 1285 1912 ἀποκρύπτουσι.
1303 1875 1340 1902 Τὸ
1355 1875 1383 1902 δὲ
1406 1877 1435 1902 ὲν
1457 1876 1513 1907 τοῖς
1536 1872 1594 1902 οὖσι
1618 1875 1676 1908 φῶς
1701 1875 1805 1911 ὑπολη-

1008 1922 1089 1949 πτέον
1104 1922 1135 1949 τὸ
1151 1923 1252 1956 γνῶναι
1268 1922 1302 1949 τὰ
1318 1922 1386 1949 ὄντα
1401 1919 1418 1960 ᾖ
1435 1922 1501 1949 ὅντα
1517 1922 1586 1954 ἐστὶ,
1604 1917 1696 1954 καθὼς
1712 1923 1760 1950 καὶ
1775 1924 1806 1950 ἐν

1009 1969 1065 2000 τοῖς
1083 1968 1146 2004 ἑξῆς
1166 1968 1338 2006 εὑρίσκομεν.

1245 2015 1300 2041 ΕΙΣ
1319 2015 1362 2041 ΤΟ
1381 2014 1507 2041 ΚΕΦΑΛ.
1523 2014 1560 2041 Γν.

1042 2061 1109 2094 Πῶς
1131 2061 1151 2095 ἠ
1176 2062 1240 2089 θεία
1265 2062 1314 2088 καὶ
1339 2060 1435 2097 ἀγαθὴ
1465 2061 1567 2096 φύσις.
1584 2061 1617 2088 Τί
1642 2061 1766 2097 περιέχει
1790 2062 1805 2088 ό

1006 2107 1084 2142 λόγος
1099 2107 1154 2134 τῶν
1171 2107 1353 2143 Θεολογικῶν
1370 2107 1602 2135 ὑποτυπώσεων.
1629 2108 1693 2135 Ίδοὺ
1710 2108 1803 2134 Θεολο-

1005 2154 1069 2188 γίας
1085 2154 1220 2189 ὑποθῆκαι
1244 2155 1290 2181 καὶ
1314 2154 1447 2191 ἀφορμαὶ,
1468 2155 1559 2189 πάσης
1581 2153 1709 2190 ἐχόμεναι
1726 2154 1804 2187 θείας

1006 2202 1052 2229 καὶ
1068 2200 1277 2237 πεφωτισμένης
1301 2201 1428 2235 γνώσεως
1444 2201 1491 2228 καὶ
1515 2200 1688 2238 ὀρθοδοξίαςθ
1707 2201 1739 2228 τὸ
1762 2203 1804 2228 εἰ-

1006 2247 1096 2280 δέναι,
1120 2247 1180 2280 πῶς
1203 2247 1280 2283 ἑνικὴ
1304 2248 1320 2283 ή
1344 2247 1402 2274 Θεία
1428 2246 1522 2282 φύσις,
1540 2248 1564 2274 οἱ
1592 2247 1721 2284 νεώτεροι
1742 2249 1803 2275 Ila.-

1006 2294 1085 2330 τέρες
1113 2294 1184 2325 τινὲς
1215 2293 1378 2328 ὀμοούσιον
1394 2293 1416 2309 ³⁸
1441 2294 1606 2328 προσεῖπον·
1635 2293 1694 2325 πῶς
1722 2302 1804 2330 τριαρ

1007 2340 1080 2376 δικὴ,
1098 2340 1111 2366 ὃ
1127 2348 1216 2375 φαμεν
1238 2340 1489 2374 τρισυπόστατον,
1507 2340 1554 2366 καὶ
1569 2338 1599 2366 τὺ
1621 2339 1720 2366 ειδέναι
1745 2340 1802 2367 τῶν

1008 2386 1162 2422 προσώπων
1191 2385 1241 2418 τὰς
1276 2385 1425 2421 ἰδιότητας,
1452 2386 1499 2413 καὶ
1526 2386 1553 2412 τί
1578 2385 1718 2422 δηλοῦσινε
1743 2384 1802 2413 οἷον

1008 2430 1177 2467 πατρότητα,
1194 2430 1242 2457 καὶ
1263 2430 1389 2466 υίότητα·
1407 2430 1455 2458 καὶ
1469 2431 1512 2463 τίς
1527 2431 1544 2467 ἡ
1560 2430 1607 2458 τοῦ
1623 2431 1695 2458 θείου
1712 2431 1801 2458 Ilvati-

1008 2485 1092 2513 ματος
1108 2475 1267 2511 ἁγιαστικὴ
1285 2475 1411 2511 δύναμις
1430 2476 1481 2502 καὶ
1502 2477 1650 2511 θεολογία·
1673 2478 1718 2504 καὶ
1737 2478 1800 2510 πῶς

1006 2523 1113 2559 εῐρηται
1135 2522 1175 2554 τὸ,
1193 2522 1376 2557 ἐξηρεύεατο
1393 2522 1412 2556 ἡ
1432 2521 1539 2556 καρδία
1550 2531 1610 2557 μου
1622 2523 1714 2557 λόγον
1726 2524 1800 2558 ἀγα-

1007 2570 1076 2598 θόν’
1095 2569 1142 2596 καὶ
1166 2569 1224 2600 πῶς
1250 2568 1314 2605 περὶ
1341 2569 1388 2595 τοῦ
1420 2568 1607 2605 προσκυνητοῦ
1638 2569 1798 2605 Πνεύματος

1007 2615 1132 2652 εἴρηται,
1160 2614 1232 2649 ὅπερ
1253 2614 1287 2641 ἐκ
1311 2614 1364 2642 τοῦ
1387 2614 1502 2649 Πατρός
1522 2615 1729 2649 ἐκπορεύεται·
1748 2616 1798 2643 καὶ

1005 2662 1064 2694 πῶς
1089 2664 1118 2689 ὲν
1142 2661 1181 2697 τῷ
1206 2661 1303 2697 Πατρὶ,
1320 2662 1368 2688 καὶ
1382 2662 1411 2688 ἐν
1427 2661 1534 2695 αὐτοῖς,
1553 2662 1599 2689 καὶ
1614 2663 1643 2688 έν
1659 2661 1795 2698 ἀλλήλοις,

1004 2709 1018 2735 ὁ
1034 2708 1107 2741 Υἱὸς,
1124 2708 1170 2735 καὶ
1191 2707 1221 2734 τὸ
1246 2707 1358 2743 Πνεῦμα
1379 2707 1521 2740 συναῖδίως
1536 2708 1583 2735 καὶ
1597 2709 1732 2744 ἀσχίστως
1748 2710 1796 2736 καὶ

1003 2755 1162 2792 ἀδιαιρέτως
1174 2756 1203 2782 ὲν
1220 2757 1286 2791 μονῇ
1301 2757 1368 2783 εἰσιν
1380 2756 1576 2792 ἀνεκφοιτήτῳ.
1586 2757 1631 2783 Δεῖ
1643 2756 1670 2783 δὲ
1682 2755 1794 2790 ειδέναι,

628 2838 746 2867 VARIE
766 2835 961 2867 LECTIONES
979 2835 1024 2863 ΕΤ
1043 2833 1317 2864 CORREC'HONES.

205 2932 223 2948 ’τ
238 2932 342 2965 ζωιδιόν
358 2940 394 2959 τι.
424 2933 447 2949 ¹⁸
464 2931 688 2969 βαθυχλοαούσης.
764 2929 955 2967 μελαγκρατής
970 2938 1000 2957 τι
1018 2929 1079 2957 Mx.
1150 2929 1299 2966 τριακόσιοι
1314 2926 1452 2955 δεκαοκτὼ
1461 2927 1629 2961 ὁμοούσιον.
