1923 3067
105 212 160 240 425

456 210 486 240 S.
508 211 632 239 MAXIM]
651 209 799 239 SCHOLIA
816 210 849 238 lN
869 209 934 238 LIB.
951 209 996 236 DE
1013 208 1165 238 MYSTICA
1185 209 1392 238 THEOLOGIA.

1685 210 1737 240 426

103 273 144 299 ὅτι
166 271 233 308 μονὴ
249 273 297 300 καὶ
312 274 406 307 στάσις
420 275 517 303 ταυτόν
540 276 609 303 εἱσι·
628 276 734 313 κίνησις
749 276 777 303 δὲ
800 274 892 311 ἕτερόν

949 272 1003 299 sine
1018 280 1140 308 egressu.
1158 271 1305 299 Sciendum
1323 279 1386 298 vero
1398 272 1528 307 est,quod
1541 271 1607 307 μονή
1623 276 1649 298 et
1673 273 1738 299 πά-

103 321 162 348 δστι
177 320 228 356 τῆς
252 322 346 358 μονῆς.
373 323 457 359 Φησὶν
478 321 525 351 οὖν
546 324 604 357 ὅτι,
621 325 668 351 καὶ
693 325 722 350 ἐν
747 323 813 359 μονῇ
836 323 896 349 ἀκι-

103 367 176 403 νήτῳ
192 368 234 394 ἀεὶ
255 366 323 395 οὖσα
339 370 355 404 ἡ
372 369 432 396 θεία
454 369 544 404 φύσις,
561 371 634 398 δοκεῖ
656 369 788 397 κινεῖσθαι
809 370 838 396 ἑν
861 369 894 404 τῇ

102 414 132 440 ὲν
145 413 270 450 ἀλλήλοις
287 416 417 452 χωρήσει.

137 501 192 528 Καὶ
212 501 267 536 τῆς
285 501 320 529 ἐν
337 503 417 536 αὐτῷ
435 504 483 531 καὶ
511 503 546 531 ἐν
570 504 682 537 αὐτοῖς.
705 501 788 536 Οὗτος
804 505 818 531 ὁ
834 504 895 536 νοῦς

101 546 156 573 τῶν
178 547 346 583 εἰρημένων·
372 550 516 582 συνατδιος,
543 551 642 586 φησὶν,
669 552 685 586 ἡ
708 551 824 587 ὕπαρξις
845 552 896 587 τῆς

101 593 181 628 ἁγίας
196 595 320 631 Τριάδος,
338 596 384 623 καὶ
400 597 448 632 οὺχ
464 597 565 634 ἑτέρως
583 597 631 633 μὲν
647 597 779 634 ὑπῆρξεν,
795 598 895 634 ἑτέρως

100 640 129 668 δὲ
146 641 214 676 μετὰ
229 642 315 669 ταῦτα
332 643 449 680 κατέστη
460 652 467 659 ·
491 644 508 680 ἢ
525 645 662 681 χωρισμόν
675 644 761 681 τιναῆ
780 646 895 681 μεταδο-

100 686 148 723 λὴν
161 687 288 724 ἔσχηκεν,
301 689 358 716 ἀλλ’
379 690 437 725 ἅμα
449 691 496 718 καὶ
511 691 582 718 κατὰ
597 692 694 719 ταυτὸν
709 691 740 718 τό
754 700 783 718 τε
800 692 833 718 ὲκ
848 691 895 718 τοῦ

100 733 207 770 Πατρδς
230 733 299 762 εἶναι
315 735 361 762 τὸν
377 736 441 764 Υιὸν
457 737 504 764 καὶ
518 736 549 764 τὸ
563 737 676 774 Πνεῦμα
690 738 721 765 τὺ
746 738 832 773 ἅγιον,
848 739 896 766 καὶ

98 779 130 807 οὐ
149 782 206 816 μετ’
221 781 312 809 αὐτόν.

134 827 201 860 Πῶς
217 829 233 855 ὁ
250 829 432 863 ύπεροὺσιος
453 829 576 864 Ἰησοῦς.
588 830 744 866 Σημείωσαι
762 830 831 858 κατὰ
847 831 895 857 Νε-

98 874 252 910 στοριανῶν
268 875 314 901 καὶ
337 875 505 910 Ἀκεφάλων.

133 919 202 954 Πῶς
215 920 336 956 ἀγαθός.
347 921 379 948 Τί
397 922 518 958 περιέχει
528 923 542 950 6
557 923 628 957 Περὶ
639 924 728 950 θείων
741 923 895 959 ὀνομάτων

97 965 177 1001 λόγος
190 966 259 993 ³¹ο³¹.

132 1013 187 1040 Καὶ
196 1013 250 1048 γὰρ
257 1013 361 1048 ἐχρῆν.
370 1015 418 1042 Διὰ
425 1014 451 1041 τί
458 1016 486 1042 αἱ
495 1015 659 1051 θεολογικαὶ
671 1015 893 1050 ’Υποτυπώσεις

96 1059 146 1086 καὶ
161 1059 175 1086 6
191 1060 262 1094 Περὶ
285 1061 372 1088 θείων
388 1061 540 1097 ὀνομάτων
559 1061 638 1097 λόγος
660 1061 823 1098 ὀλιγόστιχα
838 1064 891 1090 εισι

97 1105 200 1141 μᾶλλον
215 1106 232 1142 ἢ
250 1108 266 1142 ὴ
282 1107 452 1142 Συμϐολικὴ
471 1109 618 1144 θεολογία.

136 1152 193 1187 Τῆς
204 1153 400 1188 συμϐολικῆς.
410 1153 471 1181 Τῶν
481 1154 596 1191 πρώτων
603 1155 637 1182 τὰ
647 1155 696 1191 τῆς
705 1156 893 1191 211116011217;-

96 1200 253 1234 θεολογίας
268 1200 346 1236 φησι.

136 1245 202 1278 Ταῖς
216 1245 369 1280 συνόψεσι
383 1246 444 1274 τῶν
464 1247 590 1283 νοητῶν.
607 1249 735 1284 Συνόψεις
759 1249 813 1276 τῶν
830 1257 892 1285 νοη-

94 1290 153 1318 τῶν
167 1291 216 1324 τὰς
239 1293 273 1328 τῇ
289 1292 363 1328 ἀΰλῳ
382 1292 472 1320 αὐτῶν
494 1293 626 1330 ἁπλότητι
650 1295 809 1331 πρεπούσας
825 1295 891 1322 θεω-

95 1336 160 1374 ρίας
176 1337 297 1365 ἐκάλεσε.
315 1337 352 1364 T6
372 1338 400 1366 δὲ
423 1339 673 1374 περιστέλλονται
688 1342 749 1368 ἀντὶ
767 1342 815 1368 τοῦ
835 1350 891 1370 συ-

94 1383 278 1412 στέλλονται
294 1385 428 1414 τέθεικεν.

139 1431 215 1459 Ἀλλ’
235 1432 362 1468 ἀλογίαν
385 1433 532 1468 παντελῆ.
557 1434 681 1469 Ἀλογίαν
706 1436 772 1471 φησὶ
795 1435 827 1462 τὸ
852 1435 889 1472 μὴ

93 1475 226 1505 δύνασθαι
258 1478 329 1514 λόγῳ
359 1479 533 1516 παραστῆσαι
555 1480 590 1507 τὰ
620 1481 691 1517 ὑπὲρ
722 1481 819 1516 λόγον·
843 1482 891 1510 καὶ

93 1524 229 1560 ἀνοησίαν
251 1522 298 1552 οὖν
312 1525 343 1552 τδ
367 1525 537 1562 ἀνεννόητον,
553 1527 600 1554 καὶ
621 1527 635 1554 ὃ
652 1529 689 1564 μὴ
713 1528 825 1556 δύναται
848 1537 890 1561 τις

94 1571 203 1606 νοῆσαι,
219 1571 257 1604 ὡς
273 1571 343 1607 ὑπὲρ
357 1571 429 1599 νοῦν.

135 1694 229 1721 Κάκεῖ
248 1693 305 1729 μὲν
323 1694 383 1722 ἀπὸ
400 1694 453 1722 τοῦ
471 1695 541 1722 ἅνω.
565 1695 673 1732 Ἐπειδὴ
688 1696 722 1723 τὰ
745 1698 826 1733 νοητὰ
842 1699 889 1725 καὶ

93 1741 168 1777 ὑπὲρ
183 1740 245 1767 νοῦν
260 1740 307 1767 τοῦ
324 1740 391 1767 Θεοῦ
407 1740 499 1773 ὲνάδες
514 1741 578 1774 εἰσὶ,
596 1742 642 1769 καὶ
657 1742 687 1769 ἓν
702 1743 716 1769 ό
727 1743 803 1776 Θεὸς,
822 1745 890 1780 μᾶλ-

91 1786 141 1814 λον
157 1786 186 1812 δὲ
209 1786 255 1813 καὶ
278 1786 347 1822 ὑπὲρ
363 1786 393 1813 τὸ
419 1786 467 1813 ἓν·
492 1787 603 1820 εἰκότως
627 1788 819 1823 συνέσταλται,
841 1790 889 1818 ἆτε

93 1833 144 1861 καὶ
159 1833 261 1869 ἀμερὲς
279 1833 326 1860 καὶ
350 1833 528 1870 ἀπλήθυντον.
546 1834 585 1862 Τὰ
600 1834 630 1862 δὲ
652 1835 721 1872 μετὰ
742 1835 818 1869 Θεὸν,
835 1837 890 1873 ὅσῳ

94 1881 200 1916 μᾶλλον
223 1881 346 1908 κάτεισιν
365 1880 412 1908 ἐπὶ
433 1881 468 1908 τὰ
492 1882 625 1918 αἰσθητὰ,
642 1882 763 1919 τοσούτῳ
788 1883 889 1919 μᾶλλον

91 1926 255 1963 ὀμιλοῦνται
269 1929 327 1959 τοῖς
357 1929 496 1964 μεριστοῖς
518 1929 565 1956 καὶ
581 1929 753 1963 σκεδαστοῖς,
771 1931 816 1958 καὶ
839 1938 889 1957 πε-

91 1973 298 2009 πληθυσμένοις
315 1974 520 2010 συμπληθύεται
543 1975 634 2008 αὐτοῖς
658 1976 726 2012 πρὸς
741 1977 787 2004 τὸν
812 1986 889 2014 μερι-

90 2021 167 2058 σμὸν
192 2022 239 2049 καὶ
261 2022 293 2049 τὸ
316 2022 475 2058 πολυσχιδὲς
495 2023 550 2050 τῶν
578 2023 723 2060 αἰσθητῶν.
749 2024 827 2058 Πρὸς
852 2025 888 2052 τὰ

88 2068 213 2102 ἔσχατα
229 2068 274 2101 δὲ,
299 2069 436 2096 τουτέστιν
461 2069 515 2096 ἀπὸ
535 2069 586 2105 τῆς
608 2070 762 2107 θεολογικῆς
787 2071 887 2098 ὑποτυ-

87 2114 223 2148 πώσεως.

137 2160 206 2188 Ἀπὸ
227 2161 280 2188 τοῦ
298 2162 478 2196 πρωτίστου.
495 2162 652 2199 Πρωτιστου
668 2165 735 2199 φησὶ
750 2163 797 2190 τοῦ
822 2165 889 2200 μᾶλ-

85 2207 141 2234 λον
157 2207 321 2245 οἱκειστέρου
340 2208 386 2235 καὶ
400 2209 433 2244 τῇ
457 2209 546 2245 ἐννοίᾳ
562 2209 816 2245 προεισῶλλοντος,
833 2208 888 2238 οἷον

83 2254 133 2282 ὃτι
151 2253 189 2281 ὣν
205 2255 219 2280 6
230 2254 305 2287 Θεὸς,
317 2254 384 2291 ὅπερ
399 2255 493 2282 ἑαυτὸν
506 2255 656 2292 ὠνόμασεν.

95 2353 97 2373 ι
126 2349 193 2374 Ὅτι
218 2347 250 2374 τὸ
276 2346 352 2381 ὑπὲρ
375 2346 487 2374 πᾶσαν.
508 2347 570 2378 Πῶς
591 2346 630 2373 δεῖ
651 2346 803 2383 κεχρῆσθαι
827 2349 888 2380 ταῖς

81 2376 188 2430 όέσεσι
210 2394 258 2421 καὶ
273 2376 341 2426 ταῖς.
355 2393 531 2430 ἀφαιρέσεσιν
547 2376 593 2420 ent
608 2393 675 2420 Θεοῦ
685 2376 758 2421 Τκαὶ
781 2393 822 2421 ὅτι
837 2376 887 2426 τάξ

161 2440 252 2473 Θέσεις
268 2439 321 2467 ἀπὸ
335 2439 382 2466 τοῦ
399 2439 552 2477 πρωτίστου
563 2440 610 2467 καὶ
627 2439 727 2476 μᾶλλον
738 2439 886 2475 συγγενοῦς

77 2488 126 2524 τῷ
137 2486 204 2522 Θεῴ
220 2486 368 2522 ποιούμεθα
378 2495 384 2501 ·
401 2486 451 2518 τὰς
466 2485 494 2512 δὲ
505 2485 662 2522 ἀφαιρέσεις
673 2485 726 2513 ἀπὺ
736 2485 789 2514 τῶν
802 2487 884 2522 ἐσχά-

76 2543 145 2562 των
165 2532 214 2560 καὶ
232 2531 331 2568 μᾶλλον
347 2531 429 2559 αὑτοῦ
445 2531 634 2566 διεστηκότων.

125 2581 195 2615 Τὴν
219 2579 401 2614 ὑποθετικὴν
430 2578 617 2614 κατάφασιν.“
634 2579 796 2614 Κατάφασίς
828 2580 886 2606 ἐστι

75 2629 174 2663 λόγος
191 2625 374 2660 ὰποφαντικὺς
389 2625 406 2660 ἢ
422 2624 469 2651 τοῦ
485 2624 610 2656 καθόλου,
628 2623 702 2660 ἢτοῦ
720 2624 884 2660 μαχομένου,

77 2675 97 2712 ἦ
130 2671 365 2709 συμπλεκομένου
390 2671 472 2703 τινὸς,
490 2671 506 2706 ἢ
531 2671 761 2708 συγκρινομένου’
784 2668 849 2704 οἷον,
872 2671 887 2698 6

75 2722 158 2753 Θεὸς
178 2718 235 2755 ζωή
252 2720 336 2750 ἐστιν,
353 2719 367 2745 6
382 2718 447 2751 Θεὸς
464 2718 599 2754 ἀγαθότης
615 2717 701 2745 ἐστίν.
724 2718 887 2754 ’Υποθετικὴ

75 2769 110 2796 δέ
129 2769 199 2795 ἐστι
222 2765 300 2800 λόγος
322 2765 504 2800 ἀποφαντικὺς
520 2764 536 2800 ἢ
552 2764 599 2792 τοῦ
622 2764 746 2798 καθόλου,
764 2764 780 2801 ἦ
805 2773 888 2800 μαχο-

78 2815 178 2851 μένου
204 2811 292 2844 τινὸς,
318 2811 335 2848 ἢ
361 2811 585 2847 συμπλεκομένου
606 2811 762 2848 δηλωτικός.
786 2811 818 2838 Ἡ
842 2809 888 2838 οὖν

948 326 999 349 σις.
1017 319 1119 345 mansio
1134 321 1162 346 et
1185 322 1283 350 status,
1299 316 1369 344 idem
1385 317 1458 350 sint;
1477 317 1525 345 sed
1539 317 1622 344 motio
1645 317 1737 345 diilert

947 371 962 391 a
977 364 1129 392 mansione.
1145 363 1216 391 Dicit
1232 363 1323 398 itaque
1340 362 1458 390 divinam
1477 367 1602 390 naturam
1618 364 1646 391 in
1661 372 1737 391 man.

947 410 1023 438 sione
1050 409 1162 436 immota
1185 409 1376 440 exsistentem,
1402 408 1488 436 videri
1512 409 1614 436 moveri
1640 415 1735 436 mutua

946 455 1125 492 profectione.

982 501 1017 529 Et
1036 503 1063 529 in
1081 503 1138 537 ipso
1152 511 1183 529 ac
1202 502 1230 529 in
1248 502 1351 537 seipsis.
1371 501 1433 529 Hmc
1454 501 1589 530 dictorum
1606 507 1649 542 est
1671 510 1735 530 sen-

946 549 1047 581 tentia;
1065 553 1212 582 coaeterna,
1230 549 1329 583 inquit,
1349 548 1510 576 exsistentia
1527 547 1628 576 sancta
1643 548 1735 575 Triui-

946 595 1020 626 tatis,
1037 603 1125 630 neque
1139 595 1221 630 236
1233 595 1312 622 aliter
1324 594 1434 630 quidem
1448 595 1562 626 exstitit.
1578 595 1655 622 aliter
1670 602 1736 623 vero

945 646 1038 676 postea
1064 642 1200 673 constitit,
1222 645 1269 669 aut
1294 641 1492 676 separationem
1515 641 1660 676 quamdam
1677 642 1735 669 sive

946 687 1126 714 mutationem
1143 687 1266 722 accepit;
1281 687 1329 714 sed
1349 687 1431 714 simul
1446 690 1473 714 et
1486 687 1581 714 eodem
1596 693 1734 715 momento

945 732 1032 762 Filius
1046 737 1135 762 estex
1152 733 1241 766 Patre,
1255 737 1282 761 et
1298 733 1417 768 Spiritus
1432 737 1556 766 sanctus,
1574 741 1627 760 nou
1643 738 1733 761 autem

945 782 1007 814 post
1023 779 1123 814 ipsum.

981 824 1118 858 Quomodo
1139 823 1218 851 Iesus
1232 824 1277 859 qui
1292 828 1330 851 est
1348 832 1432 858 supra
1448 823 1637 851 substantiam.
1663 823 1733 851 Nota

944 874 1041 898 contra
1054 870 1231 899 Nestorianos
1246 875 1273 899 et
1287 870 1450 906 Acephalos.

981 916 1118 950 Quomodo
1142 916 1235 944 bonus.
1251 916 1320 950 Quid
1335 916 1404 944 liber
1418 916 1456 943 De
1471 917 1566 944 divinis
1582 919 1731 947 nominibus

910 958 931 986 Β
945 956 1154 999 complectatur.

978 1009 1093 1038 Decebat
1116 1011 1198 1038 enim.
1223 1009 1279 1037 Cur
1303 1009 1453 1045 theologica:
1479 1008 1680 1044 Institution“,
1705 1015 1733 1038 et

943 1056 1013 1084 liber
1028 1055 1067 1084 De
1082 1056 1178 1084 divinis
1198 1055 1347 1083 nominibus
1361 1055 1506 1090 pauciores
1526 1063 1624 1084 versus
1644 1058 1732 1084 conti-

943 1106 1038 1135 ueant,
1053 1110 1135 1138 quam
1153 1101 1305 1138 Symbolica
1322 1101 1472 1137 theologia!

977 1147 1250 1184 Symbolicw.Primis
1273 1147 1420 1175 convenire
1445 1147 1609 1183 theologiam
1625 1156 1685 1183 qua:
1704 1149 1732 1176 in

943 1194 1030 1230 signis
1046 1197 1184 1222 versatur.

978 1240 1177 1268 Intellectilium
1200 1239 1358 1274 atpectibus.
1375 1239 1548 1275 Conspectus
1574 1239 1732 1274 intelligim-

941 1286 1027 1320 lium,
1052 1285 1157 1314 vocavit
1172 1285 1417 1321 contemplationes
1443 1285 1615 1313 immateriali
1636 1294 1732 1314 eorum

942 1331 1109 1367 simplicitati
1132 1331 1338 1359 convenientes.
1358 1331 1454 1360 Posuit
1470 1335 1560 1360 autem
1587 1332 1731 1368 περιστέλ-

941 1377 1032 1405 λονται
1047 1385 1097 1414 pro
1111 1377 1309 1410 συστέλλονται,
1323 1378 1535 1406 contrahuntur.

979 1424 1066 1452 Unum
1085 1425 1166 1452 etiam
1192 1425 1220 1451 in
1246 1424 1380 1451 silentium
1403 1424 1566 1459 perfectum,
1590 1424 1639 1453 Gr.
1663 1425 1729 1452 ἀλο-

940 1471 1012 1506 γίαν,
1044 1471 1165 1506 ’Δλογίαν
1191 1470 1258 1498 dicit
1283 1475 1339 1498 neu
1362 1477 1443 1506 posse
1475 1479 1602 1500 sermone
1627 1480 1730 1507 reprae-

940 1522 1049 1546 sentare
1084 1525 1145 1553 quae
1181 1524 1334 1545 sermonem
1371 1517 1485 1544 vincunt
1510 1527 1516 1544 :
1545 1521 1572 1545 et
1603 1518 1731 1546 similiter

939 1562 1068 1599 ἀνοησίαν
1095 1563 1202 1590 vocavit
1226 1563 1292 1590 illud
1318 1563 1391 1598 quod
1422 1562 1536 1599 intelligi
1563 1564 1676 1598 nequit.
1700 1569 1729 1593 et

902 1629 924 1658 ϐ
940 1609 1012 1645 quod
1038 1609 1131 1637 nullus
1155 1609 1305 1645 intelligere
1327 1609 1429 1644 possit,
1452 1617 1514 1636 cum
1539 1614 1656 1638 mentem
1682 1619 1729 1638 su-

977 1658 1026 1682 ret.

977 1662 1026 1682 ret.

940 1662 1059 1732 peAtque
1082 1700 1111 1727 in
1133 1700 1187 1728 illis
1204 1682 1310 1736 quidem
1324 1709 1341 1727 α
1362 1709 1494 1735 supremo.
1509 1701 1643 1735 Quoniam
1667 1704 1730 1730 uui-

939 1749 1011 1774 tates
1023 1746 1069 1773 Dei
1082 1750 1146 1774 sunt
1156 1745 1190 1773 τὰ
1206 1746 1290 1782 νοητά
1300 1754 1348 1774 seu
1363 1754 1423 1782 qua:
1438 1747 1550 1775 minime
1563 1748 1614 1775 sub
1628 1755 1729 1776 sensus

939 1791 1052 1822 cadunt,
1069 1795 1241 1826 mentemque
1264 1792 1394 1825 vincunt,
1414 1796 1441 1820 et
1458 1791 1532 1820 Deus
1557 1797 1600 1821 est
1624 1802 1728 1827 unum,

939 1838 982 1866 vel
1002 1838 1094 1874 potius
1118 1846 1200 1873 supra
1222 1846 1321 1871 unum,
1344 1840 1442 1867 merito
1459 1840 1642 1874 contrahitur,
1668 1846 1729 1869 tau—

939 1891 1021 1920 quam
1036 1885 1204 1913 individuum
1219 1889 1245 1913 et
1260 1894 1315 1913 non
1331 1886 1547 1922 multiplicabile.
1560 1887 1626 1921 Quae
1638 1893 1729 1916 autem

938 1934 1002 1966 post
1024 1929 1126 1963 Deum,
1148 1935 1253 1966 quanto
1275 1931 1363 1966 magis
1385 1932 1555 1960 descendunt
1578 1934 1612 1960 ad
1637 1935 1728 1961 sensi—

938 1977 1022 2010 bilia,
1047 1981 1124 2005 tanto
1150 1977 1238 2013 magis
1265 1978 1471 2013 conjunguntur
1495 1978 1678 2007 divisihilibus
1700 1984 1729 2008 et

938 2022 1147 2058 separabilibus,
1162 2025 1264 2050 etcum
1282 2022 1350 2058 ipsis
1375 2023 1560 2059 multiplicatis
1581 2025 1663 2052 simul
1679 2033 1729 2061 per

938 2069 1100 2096 divisionem
1119 2068 1327 2104 multiplicatur.
1342 2073 1369 2096 et
1392 2070 1477 2096 multa
1503 2071 1645 2098 sensilium
1669 2072 1728 2100 dis-

939 2116 1034 2143 sectio.
1046 2115 1086 2142 Ad
1098 2120 1228 2149 extrema,
1243 2115 1270 2143 id
1283 2119 1326 2143 est
1343 2123 1358 2143 a
1374 2116 1524 2151 theologica
1544 2117 1726 2147 institutione.

973 2163 993 2188 Α
1017 2163 1112 2196 primo.
1135 2161 1256 2189 Primum
1279 2162 1347 2189 dicit
1370 2162 1436 2189 illud
1457 2163 1529 2198 quod
1551 2164 1637 2199 magis
1662 2173 1728 2200 pro-

939 2209 1028 2244 prium
1065 2209 1214 2236 intellectui
1242 2208 1304 2243 ejus
1327 2208 1373 2244 qui
1400 2209 1517 2243 primum
1546 2211 1725 2245 aggreditur:

938 2263 1034 2290 nempe
1050 2255 1122 2290 quod
1148 2254 1219 2282 Deus
1243 2255 1280 2283 sit
1301 2255 1316 2281 6
1336 2254 1384 2286 ὢν,
1406 2254 1451 2290 qui
1472 2259 1529 2287 est,
1544 2256 1616 2290 quod
1628 2264 1727 2285 nomen

902 2307 925 2335 ῐ)
939 2302 990 2330 sibi
1005 2302 1145 2336 imposuit.

977 2347 1048 2381 Quia
1063 2346 1090 2374 id
1107 2347 1176 2382 quod
1191 2350 1296 2381 superat
1312 2354 1423 2374 omnem.
1437 2345 1504 2379 Quis
1519 2347 1555 2374 sit
1569 2355 1635 2376 usus
1654 2347 1728 2375 allir-

940 2395 1091 2421 mationum
1105 2397 1133 2421 et
1149 2394 1323 2429 negationum
1347 2393 1374 2420 in
1400 2391 1469 2427 Deo;
1492 2397 1518 2421 et
1536 2402 1587 2422 nos
1611 2394 1728 2422 allirma-

939 2440 1027 2468 tiones
1051 2446 1067 2466 a
1090 2439 1179 2474 primo
1204 2440 1344 2475 magisque
1367 2438 1422 2467 Deo
1440 2444 1557 2475 cognato
1577 2440 1726 2475 eilicimus;

938 2490 966 2513 at
991 2486 1151 2521 negationes
1172 2485 1207 2513 ab
1230 2486 1360 2514 extremis
1378 2489 1406 2514 et
1431 2487 1574 2522 magisab
1596 2487 1657 2523 ipso
1681 2496 1726 2516 re—

939 2533 1031 2560 motis.

975 2576 1175 2613 Ilypotlieticam
1192 2576 1401 2612 alﬁrmationem.
1414 2576 1564 2605 Aﬂirmatio
1578 2581 1620 2606 est
1635 2586 1726 2606 sermo

939 2624 1128 2652 enuntiativus
1150 2624 1268 2658 alicujus
1289 2624 1362 2659 quod
1383 2629 1426 2652 est
1441 2624 1484 2652 vel
1504 2625 1668 2656 universale.
1684 2626 1727 2653 vel

939 2677 1106 2706 repugnans,
1123 2669 1166 2696 vel
1190 2669 1364 2704 copulatum,
1387 2669 1469 2696 veluti
1483 2678 1490 2696 :
1507 2668 1579 2697 Deus
1598 2673 1639 2697 est
1658 2670 1724 2700 vita.

941 2716 1012 2744 Deus
1029 2721 1071 2744 est
1084 2715 1204 2743 bonitas.
1223 2715 1383 2751 ’Υποθετική
1401 2723 1465 2742 vero
1479 2719 1522 2742 est
1537 2723 1628 2742 sermo
1642 2723 1727 2742 enun-

940 2762 1052 2792 tiativus
1076 2762 1136 2798 ejus
1155 2761 1227 2797 quod
1249 2765 1291 2789 est
1315 2765 1363 2789 aut
1386 2761 1558 2792 universale,
1579 2764 1625 2787 aut
1643 2761 1724 2795 237

941 2815 1107 2845 repugnans,
1130 2811 1177 2835 aut
1194 2807 1313 2843 copulati
1333 2807 1524 2835 declarativus.
1548 2806 1643 2841 Itaque
1659 2807 1727 2835 ὐπο-

560 2881 679 2910 VARIAE
697 2880 889 2909 LECTIONES
908 2879 951 2907 ET
972 2877 1247 2908 CORRECTIONES.

134 2951 206 2970 ³¹-³⁹
221 2952 247 2979 τί
270 2952 391 2989 περιέχει
406 2952 420 2978 6
437 2952 487 2987 τῆς
502 2949 692 2985 Συμϐολικῆς
704 2949 860 2984 θεολογίας
875 2948 962 2983 λόγος.

258 2999 397 3030 Paeon.
420 2999 480 3030 tia.
497 2998 551 3029 IV.

1567 2985 1604 3016 1’s
