1923 3067
192 214 244 247 ΗἹ
583 213 752 241 APPENDlX
771 212 817 240 AD
833 211 949 240 OPERA
968 212 995 239 S.

1016 207 1164 239 DlONYSll
1180 208 1421 240 AREOPAGITAL'.
1759 212 1806 241 ηε

192 275 285 311 θετικὴ
303 273 455 308 κατάφασις
477 273 504 300 in
529 271 594 304 Deo,
611 272 683 299 Deus
704 275 746 298 est
771 271 857 306 magis
877 272 933 297 vita
948 274 969 297 el

1027 269 1175 305 ὑποθετικὴ
1191 270 1344 304 κατάφασις
1360 271 1406 296 ἐπὶ
1421 269 1499 301 Θεοῦ,
1516 269 1556 296 ὃτι
1572 270 1586 295 ὁ
1601 269 1666 301 Θεὸς
1682 269 1738 304 ζωή
1754 270 1809 297 ἐστι

189 322 299 350 bonitas
313 327 394 355 quam
410 324 456 346 aer
469 322 496 346 et
511 318 599 353 lapis;
613 317 799 344 detractiones
815 321 903 343 autem
925 324 975 344 ne-

191 367 300 402 gatione
325 357 466 392 contrario
485 363 567 390 modo
589 362 717 397 positioni
740 362 883 394 dicuntur;
910 369 974 388 nam

191 413 301 448 positio,
324 412 395 438 sicut
416 410 517 437 dictum
535 413 585 441 est,
609 408 758 435 secundum
782 407 974 442 descriptivam

191 458 397 485 aﬂirmationem
419 455 590 487 enuntiatur;
616 462 713 489 netnpe
739 453 810 481 Deus
834 458 876 481 est
906 454 973 485 vita,

190 509 237 531 aut
252 512 311 536 aer;
329 507 356 529 at
377 502 501 536 negativa
519 500 672 527 detractio:
690 499 761 528 Deus
781 507 836 527 non
855 499 976 526 inebria-

190 553 244 582 tur,
263 557 316 577 non
336 549 479 580 irascitur;
503 551 530 574 et
553 547 580 573 in
599 545 781 580 positionibus
797 554 812 572 a
834 546 976 581 cognatio-

189 597 266 623 ribus
281 595 443 630 incipimus;
461 593 546 628 magis
561 591 633 619 enim
651 591 705 619 Deo
723 592 863 626 proprium
878 592 933 618 vita
947 594 976 618 et

189 643 298 670 bonitas
317 647 399 675 quam
423 647 470 666 aer
482 643 509 666 et
528 638 607 674 lapis.
623 637 653 664 In
677 637 892 664 detractionibus
911 644 976 664 vero

188 688 222 715 ab
237 687 366 714 extremis
389 684 572 717 ascendimus,
594 684 723 711 ni'mirum
749 683 833 710 Deum
849 690 904 710 non
928 683 976 710 de-

187 732 287 760 clarari
303 739 438 764 sermone,
455 738 506 757 nec
523 729 663 764 cognosci,
678 727 766 763 magis
785 733 827 755 est
845 727 900 755 Deo
915 735 976 762 pro-

186 780 276 815 prium
306 786 387 813 quam
421 784 476 804 non
503 774 640 811 crapulari
669 779 696 802 et
717 781 772 801 non
807 774 905 806 irasci;
944 780 976 800 ac

186 825 300 852 omnino
320 831 336 850 a
357 822 477 850 secundo
501 829 549 849 seu
564 820 653 847 vili0ri
674 819 871 846 detractionem
900 818 976 845 ordi-

185 879 258 900 mur.
274 870 420 897 videlicet:
442 876 497 896 non
526 867 676 895 inebriatur
699 866 770 893 Deus
794 865 879 900 magis
893 873 975 900 quam

185 925 242 944 non
265 916 378 948 dicitur,
391 919 440 943 et:
468 922 521 941 non
542 914 671 940 irascitur
687 912 757 940 Deus
783 912 869 947 magis
893 918 974 946 quam

184 971 241 990 non
260 962 432 996 intelligitur.
456 959 602 995 Κραιπάλη
623 958 732 994 quidem
753 961 796 985 est
814 958 924 992 copiosa
946 963 973 984 et
989 952 1009 979 Β

184 1006 426 1036 vehementissima
444 1005 576 1036 ebrietas,
598 1005 681 1032 veluti
697 1003 855 1040 χαραπάλη,
879 1004 907 1031 id
929 1007 972 1031 est

184 1055 216 1082 τὸ
232 1055 303 1090 κάρα
318 1061 365 1081 seu
383 1056 461 1086 caput
475 1051 612 1078 πάλλουσα
625 1051 757 1086 quatiens,
770 1050 973 1085 plurimumque

185 1108 313 1134 movens;
333 1100 411 1136 μῆνις
429 1102 519 1126 autem
539 1101 582 1125 est
601 1105 656 1124 non
672 1105 842 1133 quaecunque
856 1097 907 1128 ira,
923 1096 971 1124 sed

186 1154 360 1181 permanens.
386 1145 478 1180 Itaque
497 1152 512 1171 a
529 1143 706 1171 sensibilibus
733 1143 766 1170 ad
791 1142 972 1177 intelligibilia

186 1192 376 1222 ascendentes,
392 1198 447 1217 non
465 1189 595 1217 debemus
610 1196 705 1216 omnes
726 1188 777 1215 has
793 1188 972 1223 lncorporeas

185 1238 369 1266 detractiones
390 1236 531 1263 humiliter
546 1235 707 1270 intelligere,
728 1234 776 1262 sed
800 1234 826 1260 in
846 1241 971 1268 unoquo-

185 1291 239 1319 que
262 1284 370 1310 illorum
393 1289 454 1317 quae
479 1281 610 1308 dicuntur
630 1278 792 1310 subaudire,
815 1278 971 1313 quodipse

185 1331 282 1358 beatus
303 1328 449 1364 Dionysius
462 1327 531 1354 dixit
544 1336 550 1354 :
565 1325 637 1354 Deus
652 1326 724 1353 enim
746 1325 813 1352 nihil
827 1328 868 1352 est
882 1325 970 1352 dictov

184 1384 245 1404 rum
261 1383 321 1412 qua:
341 1381 392 1402 nos
408 1373 609 1409 cognoscimus,
634 1376 680 1399 aut
699 1371 886 1406 intelligimus,
903 1371 969 1406 quin

186 1430 236 1449 nec
251 1422 360 1448 illorum
375 1427 435 1455 quae.
454 1418 637 1454 intelligibiles
651 1418 766 1445 virtutes
778 1417 913 1444 universae
926 1425 970 1444 co-

184 1470 330 1503 gnoscunt.
344 1465 441 1493 Omnia
457 1465 531 1492 enim
543 1471 604 1500 quae
617 1463 689 1490 dicta
704 1468 779 1494 sunt,
799 1470 912 1498 prorsus
935 1470 969 1490 ex

184 1512 240 1540 Deo
256 1515 331 1542 sunt,
349 1518 381 1538 ac
396 1511 457 1544 ejus
471 1509 562 1536 dona:
579 1513 605 1535 et
620 1507 756 1543 quomodo
778 1507 886 1541 proprie
910 1505 969 1541 ipse

184 1567 218 1587 ex
233 1558 299 1594 ipsis
311 1557 358 1592 qui
374 1557 441 1592 ipsis
459 1555 583 1591 providet
593 1553 705 1581 '!0mnia
722 1560 785 1580 vero
799 1552 906 1580 diverse
920 1559 968 1579 ex-

183 1605 329 1640 plicuimus
344 1604 372 1630 in
388 1603 456 1630 libro
470 1601 509 1629 De
523 1601 620 1628 divinis
638 1599 797 1626 nominibus.
818 1598 881 1626 Haec
894 1599 966 1625 enim

183 1651 275 1679 omnia
298 1654 362 1678 sunt
377 1649 538 1680 accidentia,
550 1651 577 1674 et
589 1646 614 1673 in
624 1644 781 1674 substantiis
789 1653 883 1672 eorum
908 1653 968 1679 (pne

183 1701 245 1732 post
265 1696 366 1728 Deum;
382 1698 410 1721 at
426 1693 498 1721 Deus
522 1696 579 1719 tum
593 1690 741 1719 essentiam
767 1693 888 1724 superat,
912 1693 968 1715 tum

183 1743 280 1770 horum
302 1745 345 1770 est
369 1745 480 1771 auctor;
506 1746 571 1774 ergo
592 1742 620 1766 et
643 1738 685 1764 his
702 1736 836 1771 superior.
858 1736 944 1762 Aliter
959 1743 968 1761 :

182 1789 246 1816 Vita
267 1792 294 1815 et
312 1787 430 1817 bonitas,
456 1784 599 1812 allirmatio
621 1791 669 1811 seu
693 1782 808 1818 positio;
831 1789 884 1808 non
908 1788 970 1808 cra-

183 1837 302 1872 pulatur,
327 1841 383 1861 non
407 1832 552 1864 irascitur;
571 1837 635 1856 ecce
658 1829 706 1855 tibi
729 1827 838 1862 negatio
855 1834 903 1854 seu
922 1826 969 1854 de-

183 1881 294 1909 tractio.

217 1928 304 1961 Quam
323 1933 368 1952 aer
383 1929 429 1951 aut
449 1923 527 1958 lapis.
541 1922 596 1949 Aer
610 1919 732 1956 quidem,
747 1920 825 1954 juxta
844 1919 970 1954 Scriptu-

183 1982 240 2002 ram
255 1974 283 2000 in
298 1972 377 2000 libris
407 1970 521 2004 Regum,
534 1969 562 1995 in
578 1975 644 1994 aura
659 1966 745 1994 tenui.
760 1965 888 2002 Lapidem
904 1973 969 1993 vero

184 2020 314 2056 propheta
327 2017 405 2045 vidit.
420 2015 506 2051 Magis
522 2013 605 2049 igitur
624 2013 732 2047 proprie
745 2019 828 2047 quam
843 2011 902 2043 illa,
916 2012 969 2038 vita

181 2071 209 2094 et
226 2066 340 2096 bonitas,
356 2064 384 2091 in
410 2062 465 2090 Deo
490 2064 640 2096 ponuntur,
655 2063 682 2086 et
710 2058 787 2085 illum
816 2057 967 2085 declarant.

183 2113 229 2140 Sic
244 2112 329 2140 etiam
341 2118 376 2137 ex
389 2108 568 2139 detractione,
585 2105 724 2133 contrario
748 2104 839 2137 modo,
865 2104 969 2132 scilicet

183 2158 318 2193 crapulari
338 2160 366 2184 et
389 2155 480 2187 irasci,
496 2158 598 2181 remota
623 2156 687 2179 sunt
703 2159 718 2178 a
737 2150 791 2178 Deo
807 2154 835 2178 et
860 2150 966 2184 aliena;

183 2206 230 2233 sed
248 2213 300 2232 non
311 2204 364 2231 dici
379 2202 466 2238 magis
477 2199 606 2228 convenit
621 2198 676 2226 Deo
690 2202 717 2226 et
728 2199 839 2233 propius
851 2197 966 2229 accedit,

181 2252 264 2287 238
273 2251 337 2286 quia
351 2255 462 2277 onmem
479 2251 597 2274 mentem
610 2250 637 2273 et
654 2251 809 2272 sermonem
822 2244 917 2271 vincit.

473 2303 506 2331 IN
526 2303 602 2331 CAP.
623 2302 668 2330 ιν.
978 2290 1005 2320 D

221 2353 310 2388 Neque
337 2353 364 2378 in
396 2351 454 2385 loco
474 2355 522 2376 est.
550 2349 630 2375 Pater
653 2347 809 2375 necessario
834 2354 883 2381 per
909 2345 966 2372 lucc

183 2399 334 2427 auditorem
359 2404 438 2424 suum
458 2396 612 2424 continuat,
630 2401 663 2420 ne
682 2397 793 2428 propter
821 2395 966 2426 sequentes

183 2444 342 2480 negationes
357 2442 505 2468 arbitretur
514 2441 684 2467 divinitatem
697 2446 810 2474 prorsus
820 2446 874 2464 non
887 2445 963 2471 esse;

184 2492 232 2519 sed
254 2491 282 2517 in
305 2489 349 2516 his
374 2488 496 2523 quidem,
513 2487 586 2513 illam
602 2493 664 2512 esse
685 2484 846 2519 supposuit;
862 2484 888 2510 in
913 2483 967 2511 illis

183 2545 260 2568 vero,
273 2537 375 2564 nullum
395 2542 457 2562 esse
470 2541 563 2561 eorum
579 2539 638 2567 quia
655 2535 731 2562 sunt,
748 2530 795 2558 sed
817 2530 964 2557 essentiam

184 2589 326 2619 superare.

482 2635 514 2663 IN
536 2635 612 2662 CAP.
635 2633 667 2661 V.

221 2684 295 2720 Quod
314 2691 359 2711 nec
385 2683 475 2709 anima
491 2682 535 2713 sit,
551 2689 630 2716 neque
654 2687 735 2706 mens.
761 2678 823 2705 Hmc
844 2678 915 2705 inter
936 2686 965 2705 se

184 2733 341 2766 discrepant
359 2730 441 2764 (sicut
469 2728 595 2763 superius
619 2725 784 2752 declaratum
808 2725 879 2761 est):
898 2725 966 2751 ima-

184 2778 296 2815 ginatio,
321 2776 423 2812 opinio,
440 2771 719 2808 ratio,intelligcntia,
743 2778 800 2805 qua:
824 2771 851 2797 in
875 2773 964 2797 mente

1025 317 1072 343 καὶ
1086 316 1222 352 ἀγαθῦτης
1239 315 1339 351 μᾶλλον
1362 315 1379 351 ἢ
1395 315 1448 350 ἀὴρ
1465 315 1513 341 καὶ
1536 314 1608 346 λίθος
1618 323 1626 330 ⁸
1642 315 1671 341 αἱ
1686 315 1714 341 δὲ
1731 314 1793 349 ἀφαι

1025 362 1115 398 ρέσεις
1131 362 1201 388 κα.τά
1217 361 1354 395 ἀπόφασιν
1369 360 1491 394 λέγονται
1517 360 1645 392 ἐναντίως
1665 361 1698 395 τῇ
1723 360 1805 387 θέσει·

1025 409 1041 443 ὴ
1059 409 1106 443 μὲν
1130 408 1184 444 γὰρ
1205 408 1288 439 θέσις,
1304 406 1374 433 κατὰ
1389 406 1561 442 ὑποθετικὴν,
1579 406 1616 438 ὡς
1631 405 1747 442 εἴρηται,
1763 414 1797 433 κα

1024 454 1139 488 τάφασις
1151 454 1269 488 λέγεται,
1285 454 1326 480 ὅτι
1340 453 1396 488 ζωὴ
1411 455 1424 479 ὁ
1438 453 1503 484 Θεὸς
1517 453 1533 487 ἢ
1549 453 1603 489 ἀήρ
1614 461 1620 467 '
1636 452 1653 487 ἡ
1666 452 1693 478 δὲ
1709 452 1807 486 ἀποφα-

1024 501 1086 536 τικὴ
1101 500 1254 537 ἀφαίρεσις,
1265 501 1295 527 οὺ
1312 499 1475 535 μεθύσκεται
1487 500 1501 526 ὁ
1511 498 1586 530 Θεὸς,
1597 499 1646 524 οὺχ
1657 497 1804 534 ὀργίζεταν

1024 548 1072 573 καὶ
1083 546 1191 573 ἐπὶτῶν
1202 546 1302 572 θέσεων
1314 547 1346 572 ὲκ
1356 545 1410 572 τῶν
1424 544 1644 580 συγγενεστέρων
1657 544 1805 580 ἀρχόμεθα·

1024 592 1185 629 οἰκειότερον
1197 593 1252 629 γὰρ
1262 592 1321 628 Θεῴ
1336 593 1393 628 ζωὴ
1407 592 1454 618 καὶ
1467 591 1602 626 ἀγαθὸτης
1618 590 1715 626 μᾶλλον
1727 590 1743 626 ἦ
1757 591 1807 626 ἀὴρ

1025 640 1072 667 καὶ
1085 639 1167 671 λίθος.
1188 639 1249 666 Ἐπὶ
1259 640 1287 666 δὲ
1300 639 1354 665 τῶν
1369 638 1542 674 ἀφαιρέσεων
1560 638 1607 664 καὶ
1620 637 1675 664 τῶν
1691 637 1807 673 ἐσχάτων

1024 686 1130 721 ἄνιμεν,
1146 683 1202 712 οἷον
1218 685 1248 711 τὸ
1263 685 1300 720 μὴ
1319 685 1390 721 λόγῳ
1400 684 1544 720 δηλοῦσθαι
1560 684 1606 711 τὸν
1621 683 1698 716 Θεὸν,
1717 683 1764 710 καὶ
1777 683 1807 710 τὸ

1026 732 1063 767 μὴ
1083 732 1217 763 νοεῖσθαι,
1237 732 1399 766 οἰκειότερον
1423 731 1521 766 μᾶλλον
1539 730 1577 766 τῷ
1597 730 1666 766 Θεῷ,
1683 730 1701 766 ῆ
1721 730 1752 757 τὸ
1772 730 1808 766 μὴ

1025 778 1187 815 κραιπαλᾷν,
1201 778 1267 813 μηδὲ
1278 777 1444 813 ὀργίζεσθαι,
1460 778 1507 804 καὶ
1521 777 1590 809 ὅλως
1610 779 1642 804 ὲκ
1661 776 1708 803 τοῦ
1721 777 1808 803 δευτέ-

1025 833 1072 861 ρου
1084 825 1134 859 τῆς
1150 825 1321 860 ἀφαιρέσεως
1333 823 1489 860 ἀρχόμεθα·
1506 821 1572 856 οἷον,
1587 824 1617 850 οὐ
1635 823 1728 859 μεθύει
1744 823 1794 858 μᾶλ

1024 871 1069 897 λον
1084 872 1098 897 6
1109 871 1174 902 Θεὸς
1186 871 1203 906 ἢ
1217 871 1248 897 οὑ
1260 871 1368 905 λέγεται
1377 879 1384 885 θ
1401 871 1449 896 καὶ
1463 871 1492 896 οὺ
1505 870 1588 905 μηνιᾷ
1604 869 1702 905 μᾶλλον
1716 871 1730 896 ὁ
1744 869 1807 901 Θεὸς

1024 917 1041 952 ἦ
1058 917 1088 943 οὺ
1108 918 1219 944 νοεῖται.
1241 916 1388 952 Κραιπάλη
1411 916 1460 951 μὲν
1474 914 1521 942 οὖν
1544 917 1603 942 ἐστι
1621 916 1638 951 ἡ
1657 915 1740 951 πολλὴ
1764 916 1807 943 καὶ

1024 963 1191 1000 σφοδριπάτη
1214 963 1293 998 μέθη,
1305 964 1386 989 οἱονεὶ
1401 963 1546 998 καραπάλη
1562 971 1602 994 τις
1618 960 1695 994 οὖσα,
1707 962 1721 988 ὃ
1737 962 1809 988 ἐστὶν

1022 1010 1038 1044 ὴ
1061 1009 1093 1035 τὸ
1113 1009 1195 1045 κάρα,
1214 1009 1273 1044 ἦτοι
1295 1009 1344 1044 τὴν
1370 1009 1489 1044 κεφαλὴν
1515 1009 1653 1036 πάλλουσα
1670 1009 1716 1036 καὶ
1739 1009 1807 1035 πάνυ

1022 1054 1142 1082 κινοῦσα.
1155 1055 1243 1090 Μῆνις
1258 1054 1286 1080 δὲ
1303 1055 1351 1090 οὐχ
1372 1056 1388 1090 ὴ
1407 1054 1524 1090 τυχοῦσα
1544 1055 1623 1091 ὀργὴ,
1644 1055 1703 1088 ﬁl}:
1718 1055 1734 1090 ή
1749 1055 1809 1082 ὲπι-

1024 1109 1111 1137 μρνος.
1138 1101 1204 1127 Ἀπὸ
1229 1100 1294 1135 γοῦν
1315 1101 1370 1128 τῶν
1395 1100 1531 1136 αἰσθητῶν
1559 1101 1682 1133 ἀνιόντας
1704 1102 1751 1128 ἐπὶ
1775 1102 1810 1129 τά

1021 1147 1114 1183 νοητὰ,
1129 1147 1217 1179 πάσας
1231 1146 1332 1179 ταύτας
1351 1146 1399 1179 τὰς
1419 1148 1579 1182 ἀσωμάτους
1598 1148 1758 1184 ἀφαιρέσεις
1772 1149 1808 1185 μὴ

1019 1193 1154 1225 ταπεινῶς
1169 1195 1240 1220 νοεῖν
1255 1193 1317 1230 χρὴ,
1335 1192 1391 1219 ἀλλ’
1408 1194 1450 1227 ἐφ’
1466 1193 1573 1228 ἑκάστῳ
1588 1193 1642 1220 τῶν
1657 1194 1810 1230 εἰρημένων

1020 1239 1255 1275 προσυπακούειν,
1277 1240 1346 1275 ὅπερ
1369 1239 1450 1270 αὐτὸς
1473 1241 1487 1266 ὁ
1512 1240 1647 1276 μακάριος
1673 1240 1809 1273 Διονύσιος

1020 1283 1112 1311 εἶπεν·
1134 1285 1210 1312 οὐδὲν
1232 1285 1287 1320 γάρ
1307 1286 1380 1312 ἐστιν
1396 1287 1410 1312 ό
1434 1285 1500 1317 Θεὸς
1517 1286 1572 1312 τῶν
1590 1286 1754 1322 εἰρημένων,
1771 1284 1811 1314 ὧν

1018 1332 1100 1367 ἡμεῖς
1118 1330 1298 1366 γινώσκομεν,
1314 1331 1330 1366 ἦ
1349 1331 1477 1366 νοοῦμεν·
1503 1331 1560 1358 ἀλλ’
1583 1331 1646 1358 οὔτε
1669 1329 1708 1359 ὧν
1727 1331 1808 1367 γινώ»

1020 1385 1129 1403 σκουσιν
1150 1377 1178 1403 αι
1199 1377 1292 1412 vomat
1313 1377 1441 1412 δυνάμεις
1467 1378 1567 1404 πᾶσαι·
1586 1377 1674 1405 πάντα
1697 1378 1753 1415 γὰρ
1773 1378 1809 1406 τὰ

1018 1423 1151 1458 εἰρημένα
1166 1423 1291 1456 καθάπαξ
1307 1425 1339 1450 ἐκ
1355 1423 1421 1450 Θεοῦ
1437 1425 1490 1450 εισι
1515 1424 1562 1451 καὶ
1586 1424 1669 1451 αὑτοῦ
1690 1424 1806 1460 δωρεαί·

1019 1469 1067 1495 καὶ
1084 1468 1143 1500 πῶς
1160 1469 1240 1500 αὐτὸς
1258 1470 1287 1502 ἐξ
1304 1469 1392 1496 αὐτῶν
1407 1470 1421 1495 ὁ
1443 1470 1638 1506 προνοούμενος
1654 1470 1745 1497 αὐτῶν
1759 1479 1811 1497 κυ-

1019 1515 1101 1551 ρίως;
1115 1515 1206 1542 Πάντα
1225 1515 1253 1542 δὲ
1264 1515 1286 1530 ³³
1296 1515 1430 1550 διαφόρως
1443 1515 1615 1552 διεξήλθομεν
1634 1517 1663 1543 ὲν
1682 1516 1722 1552 τῷ
1736 1517 1810 1551 Περὶ

1019 1562 1105 1588 θείων
1126 1561 1292 1596 ὀνομάτων·
1312 1561 1401 1588 πάντα
1419 1560 1474 1598 γὰρ
1487 1561 1583 1594 ταῦτα,
1603 1562 1640 1594 ὡς
1661 1562 1805 1597 συμϐεϐη-

981 1622 1001 1650 C
1018 1609 1094 1640 κὸτα,
1112 1608 1159 1635 και¹
1174 1610 1203 1634 ἐν
1219 1608 1323 1639 οὐσίαις
1338 1607 1391 1634 τῶν
1409 1607 1476 1642 μετά
1493 1607 1568 1635 Θεόν.
1586 1608 1614 1634 ’0
1629 1608 1657 1634 δὲ
1672 1608 1739 1640 Θεὸς
1760 1608 1811 1636 καὶ

1021 1654 1091 1690 ὑπὲρ
1116 1654 1219 1686 οὐσίαν,
1241 1653 1405 1680 καὶτούτων
1429 1653 1530 1685 αἴτιος,
1555 1654 1651 1681 οὐκοῦν
1666 1655 1714 1681 καὶ
1737 1654 1812 1690 ὑπὲρ

1021 1700 1099 1727 αὑτά.
1112 1701 1230 1733 Ἀλλως
1242 1708 1250 1716 ’
1262 1699 1321 1735 Ζωὴ
1337 1700 1384 1726 καὶ
1396 1700 1541 1734 ἀγαθότης,
1560 1699 1640 1736 [ἰδοὺ]
1656 1700 1810 1735 κατάφασις

1020 1747 1079 1782 ἢτοι
1100 1746 1184 1777 θέσις·
1205 1746 1236 1772 οὐ
1253 1745 1402 1782 κραιπαλᾷ,
1418 1745 1478 1772 οὐδὲ
1495 1747 1587 1781 μηνιᾷ,
1604 1746 1656 1772 ἰδοὺ
1672 1746 1814 1780 ἀπόφασις

1019 1792 1076 1827 ἦτοι
1092 1792 1244 1828 ἀφαίρεσις.

1052 1923 1089 1949 Ἦ
1100 1922 1158 1956 ἀὴρ
1175 1922 1222 1949 καὶ
1237 1923 1329 1956 λίθος.
1354 1923 1419 1959 ’Λὴρ
1431 1924 1489 1959 μὲν,
1506 1923 1575 1950 κατά
1590 1925 1619 1950 τὸ
1635 1924 1663 1950 ὲν
1681 1925 1812 1952 Βασιλεί-

1019 1977 1062 2000 αις
1077 1968 1230 2004 εἰρημένον,
1242 1969 1270 1995 ὲν
1283 1969 1354 2005 αὔρᾳ
1376 1969 1461 2005 λεπτῇ
1472 1978 1478 1984 ’
1496 1969 1567 1996 λίϐον
1582 1970 1610 1997 δὲ
1633 1971 1646 1996 ό
1663 1973 1814 2008 προφήτης

1018 2013 1081 2041 εἶδε.
1099 2015 1207 2042 Τούτων
1217 2013 1263 2042 οὖν
1272 2015 1435 2052 οἰκειότερον
1452 2015 1549 2051 μᾶλλον
1564 2015 1650 2048 θέσεις
1662 2017 1709 2043 καὶ
1724 2017 1812 2054 δηλὼ-

1019 2061 1105 2092 σεις³⁵
1121 2061 1168 2087 ἐπὶ
1181 2061 1248 2088 θεοῦ
1266 2061 1287 2095 ἦ
1301 2061 1355 2096 ζωὴ
1372 2062 1419 2089 καὶ
1435 2063 1454 2096 7i
1469 2062 1625 2097 ἀΥαθδτης·
1638 2063 1743 2099 Ὥσπερ
1759 2062 1812 2092 οὖν

1019 2108 1065 2134 καὶ
1081 2108 1112 2134 ὲκ
1131 2108 1180 2142 τῆς
1188 2108 1211 2123 ³³
1227 2108 1396 2144 ἀφαιρέσεως
1411 2109 1456 2135 ἐπὶ
1471 2109 1518 2135 τοῦ
1534 2109 1693 2143 ἑναντίουη,
1710 2107 1768 2137 οἷον
1777 2112 1816 2139 τὸ

1018 2152 1187 2188 κραιπαλᾷν
1202 2153 1249 2180 καὶ
1264 2153 1386 2188 μηνιᾷν,
1405 2154 1497 2190 πὸῥρω
1513 2154 1580 2181 Θεοῦ
1597 2155 1642 2181 καὶ
1658 2155 1788 2192 ἀλλότρια
1801 2166 1808 2172 ·

1018 2199 1048 2226 τὸ
1062 2199 1090 2226 δε
1100 2199 1176 2234 μήτε
1190 2200 1328 2234 λέγεσθαι
1337 2201 1357 2216 ³⁷
1371 2201 1469 2236 μᾶλλον
1484 2201 1588 2237 πρέπον
1597 2201 1656 2236 Θεῷ
1666 2203 1713 2228 καὶ
1722 2203 1814 2237 ὲγγυ..

1017 2245 1099 2281 τέρω,
1116 2245 1160 2272 διὰ
1176 2246 1206 2272 τὸ
1222 2247 1291 2282 ὑπὲρ
1305 2247 1394 2273 πάντα
1409 2246 1470 2272 νοῦν
1485 2255 1515 2273 τε
1531 2249 1579 2273 καὶ
1590 2246 1678 2281 λόγον.

1260 2303 1312 2329 ΕΙΣ
1328 2303 1371 2329 ΤΟ
1390 2303 1513 2330 ΚΕΦΑΛ.
1528 2303 1564 2330 Δ’.

1054 2348 1130 2375 Οὐδὲ
1142 2349 1172 2375 ἐν
1194 2349 1273 2381 τόπῳ
1300 2349 1386 2375 ἐστίν
1420 2349 1585 2384 ’Ᾱναγκαίως
1606 2351 1620 2377 ὁ
1636 2351 1730 2388 Πατὴρ
1761 2352 1812 2380 διὰ

1015 2394 1116 2421 τούτων
1133 2395 1368 2430 προσησφαλὶσατο
1382 2395 1426 2421 τὸν
1447 2395 1592 2432 ἀκροατὴν,
1604 2396 1673 2423 ὥστε
1691 2397 1728 2432 μὴ
1744 2399 1816 2429 ταῖς

1017 2440 1081 2476 ἑξῆς
1105 2442 1272 2475 ἀποφάσεσιν
1297 2441 1398 2468 οἴεσθαι
1420 2441 1487 2473 ὅλως
1511 2442 1548 2478 μὴ
1570 2441 1636 2469 εἶναι
1662 2443 1692 2469 τὸ
1716 2443 1812 2470 θεῖονυ

1017 2487 1073 2513 ἀλλ’
1090 2487 1118 2513 ἐν
1133 2487 1237 2518 τούτοις
1248 2487 1296 2522 μὲν
1305 2487 1334 2513 τὸ
1350 2485 1417 2514 εἶναι
1432 2487 1498 2514 αὐτὸ
1513 2488 1636 2520 ὑπέθετο,
1651 2489 1679 2515 ἐν
1690 2489 1814 2521 ἐκείνοις

1017 2532 1045 2558 δὲ
1076 2533 1106 2558 τὸ
1137 2533 1184 2559 καὶ
1219 2533 1301 2568 μηδὲν
1321 2533 1374 2559 τῶν
1396 2533 1478 2560 ὄντων
1501 2531 1580 2567 εἶναι,
1611 2535 1667 2561 ἀλλ’
1684 2535 1813 2572 ὺπερού-

1019 2584 1085 2604 σιον.

1258 2636 1311 2661 ΕῐΣ
1327 2635 1370 2662 ΤΟ
1385 2636 1510 2663 ΚΕΦΔΛ.
1527 2636 1564 2663 E'.

1057 2681 1105 2713 Ὡς
1119 2681 1187 2707 οὔτε
1197 2681 1280 2715 ψυχή
1292 2681 1385 2712 ἐστιν,
1399 2681 1468 2708 οὔτε
1481 2682 1563 2715 νοῦς.
1575 2682 1701 2718 Διαφέρει
1717 2684 1817 2711 ταῦτα

1018 2726 1148 2762 ἀλλήλων,
1166 2727 1203 2758 ὡς
1218 2727 1246 2752 ὲν
1269 2728 1324 2757 τοῖς
1339 2726 1464 2762 ἀνωτέρω
1483 2727 1642 2764 δεδήλωται,
1658 2730 1817 2762 φαντασία,

1018 2771 1096 2804 δόξα,
1113 2771 1200 2805 λόγος,
1222 2771 1327 2806 νόησις,
1344 2771 1361 2798 ἃ
1384 2772 1453 2798 κατά
1463 2772 1485 2788 ³⁸
1500 2773 1545 2799 τὸν
1567 2773 1628 2800 νοῦν
1650 2773 1815 2809 θεωρεῖται.

642 2848 758 2877 VARUE
778 2849 969 2877 LECTlONES
985 2847 1027 2875 ET
1041 2848 1318 2876 CORRECTIONES.

678 2921 699 2937 ³⁵
715 2920 760 2946 ἐπὶ
777 2921 837 2956 τῆς.

239 2923 263 2942 ³³
276 2923 360 2952 ταῦτα
384 2924 422 2951 δέ.
470 2923 492 2939 ³⁵
508 2923 643 2958 δυνάμεις.

887 2921 908 2936 ³⁸
927 2921 957 2945 ἐκ
974 2917 1019 2945 τοῦ
1038 2917 1168 2944 ἐναντίον.
1203 2916 1224 2932 ³’¹
1246 2916 1313 2952 μήτε
1328 2917 1456 2943 νοεῖσθαι.

1509 2916 1530 2931 ³⁸
1549 2917 1622 2950 περί.
