  <div class='ocr_page' id='page_1' title='image "/cluster/home/n/w/nwhite01/storage/ocr_20150623/4/njp.32101010944526/222.png"; bbox 0 0 1923 3067; ppageno 0'>
   <div class='ocr_carea' id='block_1_1' title="bbox 129 215 182 243">
    <p class='ocr_par' dir='ltr' id='par_1_1' title="bbox 129 215 182 243">
     <span class='ocr_line' id='line_1_1' title="bbox 129 215 182 243; baseline 0.038 -2"><span class='ocrx_word' id='word_1_1' title='bbox 129 215 182 243; x_wconf 64' lang='grc'><strong>419</strong></span> 
     </span>
    </p>
   </div>
   <div class='ocr_carea' id='block_1_2' title="bbox 461 210 1387 242">
    <p class='ocr_par' dir='ltr' id='par_1_2' title="bbox 461 210 1387 242">
     <span class='ocr_line' id='line_1_2' title="bbox 461 210 1387 242; baseline -0.003 -1"><span class='ocrx_word' id='word_1_2' title='bbox 461 213 488 242; x_wconf 81' lang='lat' dir='ltr'><strong>S.</strong></span> <span class='ocrx_word' id='word_1_3' title='bbox 510 212 635 241; x_wconf 71' lang='lat' dir='ltr'><strong>MAXIM]</strong></span> <span class='ocrx_word' id='word_1_4' title='bbox 651 212 795 240; x_wconf 73' lang='lat' dir='ltr'><strong>SCHOLlA</strong></span> <span class='ocrx_word' id='word_1_5' title='bbox 815 212 848 239; x_wconf 80' lang='lat' dir='ltr'><strong>IN</strong></span> <span class='ocrx_word' id='word_1_6' title='bbox 868 211 994 240; x_wconf 60' lang='grc' dir='ltr'>ιλιι-οε</span> <span class='ocrx_word' id='word_1_7' title='bbox 1010 210 1162 239; x_wconf 83' lang='lat' dir='ltr'><strong>MYSTlCA</strong></span> <span class='ocrx_word' id='word_1_8' title='bbox 1181 210 1387 239; x_wconf 78' lang='lat' dir='ltr'><strong>TllEOLOGlA.</strong></span> 
     </span>
    </p>
   </div>
   <div class='ocr_carea' id='block_1_3' title="bbox 1697 210 1753 238">
    <p class='ocr_par' dir='ltr' id='par_1_3' title="bbox 1697 210 1753 238">
     <span class='ocr_line' id='line_1_3' title="bbox 1697 210 1753 238; baseline 0 0"><span class='ocrx_word' id='word_1_9' title='bbox 1697 210 1753 238; x_wconf 65' lang='grc' dir='ltr'>λιεο</span> 
     </span>
    </p>
   </div>
   <div class='ocr_carea' id='block_1_4' title="bbox 129 267 914 312">
    <p class='ocr_par' dir='ltr' id='par_1_4' title="bbox 129 269 913 312">
     <span class='ocr_line' id='line_1_4' title="bbox 129 269 913 312; baseline -0.008 -11"><span class='ocrx_word' id='word_1_10' title='bbox 129 269 359 312; x_wconf 78' lang='grc' dir='ltr'>Προσεπινοητέον</span> <span class='ocrx_word' id='word_1_11' title='bbox 379 272 407 299; x_wconf 72' lang='grc' dir='ltr'><strong>δὲ</strong></span> <span class='ocrx_word' id='word_1_12' title='bbox 427 272 458 299; x_wconf 80' lang='grc' dir='ltr'>τὸ</span> <span class='ocrx_word' id='word_1_13' title='bbox 480 271 550 298; x_wconf 83' lang='grc' dir='ltr'>κατὰ</span> <span class='ocrx_word' id='word_1_14' title='bbox 564 271 610 297; x_wconf 81' lang='grc' dir='ltr'><strong>τὸν</strong></span> <span class='ocrx_word' id='word_1_15' title='bbox 632 271 765 306; x_wconf 82' lang='grc' dir='ltr'>ἡμέτερον</span> <span class='ocrx_word' id='word_1_16' title='bbox 781 270 858 304; x_wconf 83' lang='grc' dir='ltr'>λόγον</span> <span class='ocrx_word' id='word_1_17' title='bbox 876 270 913 305; x_wconf 80' lang='grc' dir='ltr'>μὴ</span> 
     </span>
    </p>
   </div>
   <div class='ocr_carea' id='block_1_5' title="bbox 966 267 1753 312">
    <p class='ocr_par' dir='ltr' id='par_1_5' title="bbox 966 267 1753 304">
     <span class='ocr_line' id='line_1_5' title="bbox 966 267 1753 304; baseline 0.003 -9"><span class='ocrx_word' id='word_1_18' title='bbox 966 268 1183 296; x_wconf 84' lang='lat' dir='ltr'><strong>considerantur.</strong></span> <span class='ocrx_word' id='word_1_19' title='bbox 1205 267 1290 296; x_wconf 86' lang='lat' dir='ltr'><strong>Porro</strong></span> <span class='ocrx_word' id='word_1_20' title='bbox 1313 272 1404 296; x_wconf 90' lang='lat' dir='ltr'><strong>mente</strong></span> <span class='ocrx_word' id='word_1_21' title='bbox 1427 268 1609 304; x_wconf 86' lang='lat' dir='ltr'><strong>supplendum</strong></span> <span class='ocrx_word' id='word_1_22' title='bbox 1622 273 1674 301; x_wconf 82' lang='lat' dir='ltr'><strong>est,</strong></span> <span class='ocrx_word' id='word_1_23' title='bbox 1696 277 1753 297; x_wconf 78' lang='lat' dir='ltr'><strong>non</strong></span> 
     </span>
    </p>
   </div>
   <div class='ocr_carea' id='block_1_6' title="bbox 129 316 917 356">
    <p class='ocr_par' dir='ltr' id='par_1_6' title="bbox 129 316 917 356">
     <span class='ocr_line' id='line_1_6' title="bbox 129 316 917 356; baseline -0.006 -9"><span class='ocrx_word' id='word_1_24' title='bbox 129 321 198 356; x_wconf 77' lang='grc' dir='ltr'>ἔχειν</span> <span class='ocrx_word' id='word_1_25' title='bbox 213 321 308 355; x_wconf 79' lang='grc' dir='ltr'>λόγον’</span> <span class='ocrx_word' id='word_1_26' title='bbox 326 319 426 354; x_wconf 84' lang='grc' dir='ltr'>ὁμοίως</span> <span class='ocrx_word' id='word_1_27' title='bbox 441 319 488 346; x_wconf 79' lang='grc' dir='ltr'><strong>καὶ</strong></span> <span class='ocrx_word' id='word_1_28' title='bbox 502 318 593 354; x_wconf 87' lang='grc' dir='ltr'>νόησιν</span> <span class='ocrx_word' id='word_1_29' title='bbox 610 317 680 344; x_wconf 84' lang='grc' dir='ltr'>κατὰ</span> <span class='ocrx_word' id='word_1_30' title='bbox 695 316 744 352; x_wconf 86' lang='grc' dir='ltr'><strong>τὴν</strong></span> <span class='ocrx_word' id='word_1_31' title='bbox 753 317 781 343; x_wconf 85' lang='grc' dir='ltr'>ὲν</span> <span class='ocrx_word' id='word_1_32' title='bbox 797 317 853 348; x_wconf 86' lang='grc' dir='ltr'>τοῖς</span> <span class='ocrx_word' id='word_1_33' title='bbox 864 324 917 343; x_wconf 83' lang='grc' dir='ltr'>νοε-</span> 
     </span>
    </p>
   </div>
   <div class='ocr_carea' id='block_1_7' title="bbox 128 361 914 403">
    <p class='ocr_par' dir='ltr' id='par_1_7' title="bbox 128 361 914 403">
     <span class='ocr_line' id='line_1_7' title="bbox 128 361 914 403; baseline -0.008 -10"><span class='ocrx_word' id='word_1_34' title='bbox 128 367 184 403; x_wconf 72' lang='lat' dir='ltr'><strong>pot;</strong></span> <span class='ocrx_word' id='word_1_35' title='bbox 197 366 327 401; x_wconf 78' lang='grc' dir='ltr'><strong>κτίσμασι</strong></span> <span class='ocrx_word' id='word_1_36' title='bbox 336 373 343 379; x_wconf 92' lang='grc'>·</span> <span class='ocrx_word' id='word_1_37' title='bbox 352 365 398 391; x_wconf 80' lang='grc' dir='ltr'>καὶ</span> <span class='ocrx_word' id='word_1_38' title='bbox 412 363 446 390; x_wconf 86' lang='grc' dir='ltr'>τὰ</span> <span class='ocrx_word' id='word_1_39' title='bbox 462 363 526 398; x_wconf 79' lang='grc' dir='ltr'>ἑξῆς</span> <span class='ocrx_word' id='word_1_40' title='bbox 541 363 568 389; x_wconf 75' lang='grc' dir='ltr'><strong>δὲ</strong></span> <span class='ocrx_word' id='word_1_41' title='bbox 584 362 669 393; x_wconf 77' lang='grc' dir='ltr'>οὕτως</span> <span class='ocrx_word' id='word_1_42' title='bbox 678 361 833 397; x_wconf 78' lang='grc' dir='ltr'>ἐκδέχεσθαι</span> <span class='ocrx_word' id='word_1_43' title='bbox 847 362 914 397; x_wconf 79' lang='grc' dir='ltr'><strong>χρή.</strong></span> 
     </span>
    </p>
   </div>
   <div class='ocr_carea' id='block_1_8' title="bbox 130 408 917 446">
    <p class='ocr_par' dir='ltr' id='par_1_8' title="bbox 130 408 917 446">
     <span class='ocr_line' id='line_1_8' title="bbox 130 408 917 446; baseline -0.008 -6"><span class='ocrx_word' id='word_1_44' title='bbox 130 414 248 445; x_wconf 72' lang='grc' dir='ltr'><em>Ἄλλως</em></span> <span class='ocrx_word' id='word_1_45' title='bbox 257 421 263 427; x_wconf 89' lang='grc'><strong>·</strong></span> <span class='ocrx_word' id='word_1_46' title='bbox 281 412 336 438; x_wconf 74' lang='grc' dir='ltr'>Καὶ</span> <span class='ocrx_word' id='word_1_47' title='bbox 349 411 395 437; x_wconf 78' lang='grc' dir='ltr'>ἐπὶ</span> <span class='ocrx_word' id='word_1_48' title='bbox 404 410 505 437; x_wconf 80' lang='grc' dir='ltr'>τούτων</span> <span class='ocrx_word' id='word_1_49' title='bbox 516 410 617 446; x_wconf 86' lang='grc' dir='ltr'>ὁμοίως</span> <span class='ocrx_word' id='word_1_50' title='bbox 632 409 663 436; x_wconf 81' lang='grc' dir='ltr'><strong>τὸ</strong></span> <span class='ocrx_word' id='word_1_51' title='bbox 676 409 714 440; x_wconf 84' lang='grc' dir='ltr'>ὡς</span> <span class='ocrx_word' id='word_1_52' title='bbox 730 409 803 444; x_wconf 79' lang='grc' dir='ltr'>ἡμᾶς</span> <span class='ocrx_word' id='word_1_53' title='bbox 818 408 917 435; x_wconf 77' lang='grc' dir='ltr'>ειδέναι</span> 
     </span>
    </p>
   </div>
   <div class='ocr_carea' id='block_1_9' title="bbox 126 455 914 494">
    <p class='ocr_par' dir='ltr' id='par_1_9' title="bbox 126 455 914 494">
     <span class='ocr_line' id='line_1_9' title="bbox 126 455 914 494; baseline -0.008 -8"><span class='ocrx_word' id='word_1_54' title='bbox 126 459 216 486; x_wconf 84' lang='grc' dir='ltr'>Θετέον</span> <span class='ocrx_word' id='word_1_55' title='bbox 228 466 235 474; x_wconf 69' lang='grc'><strong><em>⁵</em></strong></span> <span class='ocrx_word' id='word_1_56' title='bbox 250 458 305 485; x_wconf 86' lang='grc' dir='ltr'><strong>τῶν</strong></span> <span class='ocrx_word' id='word_1_57' title='bbox 322 459 379 494; x_wconf 82' lang='grc' dir='ltr'>μετ’</span> <span class='ocrx_word' id='word_1_58' title='bbox 393 457 477 494; x_wconf 82' lang='grc' dir='ltr'>αὐτὴν</span> <span class='ocrx_word' id='word_1_59' title='bbox 493 457 531 489; x_wconf 85' lang='grc' dir='ltr'><strong>δὲ,</strong></span> <span class='ocrx_word' id='word_1_60' title='bbox 547 456 647 492; x_wconf 85' lang='grc' dir='ltr'>δηλαδὴ</span> <span class='ocrx_word' id='word_1_61' title='bbox 663 455 712 491; x_wconf 81' lang='grc' dir='ltr'><strong>τὴν</strong></span> <span class='ocrx_word' id='word_1_62' title='bbox 729 455 804 482; x_wconf 80' lang='grc' dir='ltr'><strong>θείαν</strong></span> <span class='ocrx_word' id='word_1_63' title='bbox 819 455 914 489; x_wconf 76' lang='grc' dir='ltr'>φύσιν,</span> 
     </span>
    </p>
   </div>
   <div class='ocr_carea' id='block_1_10' title="bbox 125 501 917 541">
    <p class='ocr_par' dir='ltr' id='par_1_10' title="bbox 125 501 917 541">
     <span class='ocr_line' id='line_1_10' title="bbox 125 501 917 541; baseline -0.009 -7"><span class='ocrx_word' id='word_1_64' title='bbox 125 506 247 534; x_wconf 77' lang='grc' dir='ltr'><strong>τουτέστι</strong></span> <span class='ocrx_word' id='word_1_65' title='bbox 260 506 315 533; x_wconf 84' lang='grc' dir='ltr'>τῶν</span> <span class='ocrx_word' id='word_1_66' title='bbox 330 505 487 541; x_wconf 82' lang='grc' dir='ltr'><strong>κτισμάτων</strong></span> <span class='ocrx_word' id='word_1_67' title='bbox 507 504 557 536; x_wconf 82' lang='grc' dir='ltr'>τὰς</span> <span class='ocrx_word' id='word_1_68' title='bbox 573 504 662 535; x_wconf 83' lang='grc' dir='ltr'>θέσεις</span> <span class='ocrx_word' id='word_1_69' title='bbox 680 502 814 529; x_wconf 86' lang='grc' dir='ltr'>ποιεῖσθαι</span> <span class='ocrx_word' id='word_1_70' title='bbox 834 501 917 536; x_wconf 75' lang='grc' dir='ltr'>φησὶν</span> 
     </span>
    </p>
   </div>
   <div class='ocr_carea' id='block_1_11' title="bbox 126 549 916 588">
    <p class='ocr_par' dir='ltr' id='par_1_11' title="bbox 126 549 916 588">
     <span class='ocr_line' id='line_1_11' title="bbox 126 549 916 588; baseline -0.009 -8"><span class='ocrx_word' id='word_1_71' title='bbox 126 554 155 580; x_wconf 81' lang='grc' dir='ltr'>ὲν</span> <span class='ocrx_word' id='word_1_72' title='bbox 171 552 209 588; x_wconf 89' lang='grc' dir='ltr'><strong>τῷ</strong></span> <span class='ocrx_word' id='word_1_73' title='bbox 221 552 309 587; x_wconf 87' lang='grc' dir='ltr'>λέγειν</span> <span class='ocrx_word' id='word_1_74' title='bbox 326 551 397 588; x_wconf 82' lang='grc' dir='ltr'><strong>ζωὴν</strong></span> <span class='ocrx_word' id='word_1_75' title='bbox 413 552 429 587; x_wconf 81' lang='grc' dir='ltr'>ἢ</span> <span class='ocrx_word' id='word_1_76' title='bbox 449 551 507 586; x_wconf 80' lang='grc' dir='ltr'><strong>φῶς</strong></span> <span class='ocrx_word' id='word_1_77' title='bbox 522 550 590 578; x_wconf 81' lang='grc' dir='ltr'>κατὰ</span> <span class='ocrx_word' id='word_1_78' title='bbox 605 550 639 577; x_wconf 77' lang='grc' dir='ltr'>τὰ</span> <span class='ocrx_word' id='word_1_79' title='bbox 655 550 684 575; x_wconf 84' lang='grc' dir='ltr'>ὲν</span> <span class='ocrx_word' id='word_1_80' title='bbox 699 550 755 580; x_wconf 81' lang='grc' dir='ltr'>τοῖς</span> <span class='ocrx_word' id='word_1_81' title='bbox 776 549 916 583; x_wconf 79' lang='grc' dir='ltr'><strong>γεννητοῖς</strong></span> 
     </span>
    </p>
   </div>
   <div class='ocr_carea' id='block_1_12' title="bbox 125 595 914 635">
    <p class='ocr_par' dir='ltr' id='par_1_12' title="bbox 125 595 914 635">
     <span class='ocr_line' id='line_1_12' title="bbox 125 595 914 635; baseline -0.005 -9"><span class='ocrx_word' id='word_1_82' title='bbox 125 598 346 635; x_wconf 82' lang='grc' dir='ltr'>θεωρούμενα,ὲξ</span> <span class='ocrx_word' id='word_1_83' title='bbox 357 595 393 626; x_wconf 81' lang='grc' dir='ltr'>ὧν</span> <span class='ocrx_word' id='word_1_84' title='bbox 404 599 448 625; x_wconf 73' lang='grc' dir='ltr'><strong>τὸν</strong></span> <span class='ocrx_word' id='word_1_85' title='bbox 458 597 541 625; x_wconf 83' lang='grc' dir='ltr'>ταῦτα</span> <span class='ocrx_word' id='word_1_86' title='bbox 555 598 744 632; x_wconf 75' lang='grc' dir='ltr'><strong>ὑποστήσαντα</strong></span> <span class='ocrx_word' id='word_1_87' title='bbox 760 596 914 632; x_wconf 77' lang='grc' dir='ltr'>ἐννοοῦμεν,</span> 
     </span>
    </p>
   </div>
   <div class='ocr_carea' id='block_1_13' title="bbox 126 643 914 681">
    <p class='ocr_par' dir='ltr' id='par_1_13' title="bbox 126 643 914 681">
     <span class='ocr_line' id='line_1_13' title="bbox 126 643 914 681; baseline -0.005 -8"><span class='ocrx_word' id='word_1_88' title='bbox 126 647 173 673; x_wconf 78' lang='grc' dir='ltr'>καὶ</span> <span class='ocrx_word' id='word_1_89' title='bbox 187 647 217 673; x_wconf 80' lang='grc' dir='ltr'>οὺ</span> <span class='ocrx_word' id='word_1_90' title='bbox 232 646 281 681; x_wconf 82' lang='grc' dir='ltr'>τῆς</span> <span class='ocrx_word' id='word_1_91' title='bbox 297 645 379 672; x_wconf 79' lang='grc' dir='ltr'>αὑτοῦ</span> <span class='ocrx_word' id='word_1_92' title='bbox 396 645 502 680; x_wconf 80' lang='grc' dir='ltr'>φύσεως</span> <span class='ocrx_word' id='word_1_93' title='bbox 512 644 556 671; x_wconf 78' lang='grc' dir='ltr'><strong>διὰ</strong></span> <span class='ocrx_word' id='word_1_94' title='bbox 564 644 665 671; x_wconf 84' lang='grc' dir='ltr'>τούτων</span> <span class='ocrx_word' id='word_1_95' title='bbox 679 644 753 670; x_wconf 85' lang='grc' dir='ltr'>θέσιν</span> <span class='ocrx_word' id='word_1_96' title='bbox 765 643 825 670; x_wconf 83' lang='grc' dir='ltr'>τινὰ</span> <span class='ocrx_word' id='word_1_97' title='bbox 839 644 914 670; x_wconf 83' lang='grc' dir='ltr'>είσά-</span> 
     </span>
    </p>
   </div>
   <div class='ocr_carea' id='block_1_14' title="bbox 125 689 916 728">
    <p class='ocr_par' dir='ltr' id='par_1_14' title="bbox 125 689 916 728">
     <span class='ocr_line' id='line_1_14' title="bbox 125 689 916 728; baseline -0.005 -8"><span class='ocrx_word' id='word_1_98' title='bbox 125 701 225 728; x_wconf 87' lang='grc' dir='ltr'>γομεν·</span> <span class='ocrx_word' id='word_1_99' title='bbox 242 693 288 719; x_wconf 79' lang='grc' dir='ltr'><strong>καὶ</strong></span> <span class='ocrx_word' id='word_1_100' title='bbox 305 692 385 719; x_wconf 84' lang='grc' dir='ltr'>πάλιν</span> <span class='ocrx_word' id='word_1_101' title='bbox 401 691 544 728; x_wconf 76' lang='grc' dir='ltr'><strong>ἀφαίρεσιν</strong></span> <span class='ocrx_word' id='word_1_102' title='bbox 556 691 685 726; x_wconf 80' lang='grc' dir='ltr'>ποιοῦμεν</span> <span class='ocrx_word' id='word_1_103' title='bbox 696 690 734 726; x_wconf 81' lang='grc' dir='ltr'>τῷ</span> <span class='ocrx_word' id='word_1_104' title='bbox 745 689 816 718; x_wconf 80' lang='grc' dir='ltr'>κατὰ</span> <span class='ocrx_word' id='word_1_105' title='bbox 832 690 916 726; x_wconf 85' lang='grc' dir='ltr'>μηδὲν</span> 
     </span>
    </p>
   </div>
   <div class='ocr_carea' id='block_1_15' title="bbox 125 737 556 773">
    <p class='ocr_par' dir='ltr' id='par_1_15' title="bbox 125 737 556 773">
     <span class='ocr_line' id='line_1_15' title="bbox 125 737 556 773; baseline -0.005 -7"><span class='ocrx_word' id='word_1_106' title='bbox 125 739 228 766; x_wconf 82' lang='grc' dir='ltr'>τούτων</span> <span class='ocrx_word' id='word_1_107' title='bbox 243 737 312 766; x_wconf 70' lang='grc' dir='ltr'>εἶναι</span> <span class='ocrx_word' id='word_1_108' title='bbox 327 739 416 773; x_wconf 83' lang='grc' dir='ltr'>λέγειν</span> <span class='ocrx_word' id='word_1_109' title='bbox 429 737 460 765; x_wconf 77' lang='grc' dir='ltr'>τὸ</span> <span class='ocrx_word' id='word_1_110' title='bbox 476 737 556 764; x_wconf 86' lang='grc' dir='ltr'>οεῖον.</span> 
     </span>
    </p>
   </div>
   <div class='ocr_carea' id='block_1_16' title="bbox 164 870 914 907">
    <p class='ocr_par' dir='ltr' id='par_1_16' title="bbox 164 870 914 907">
     <span class='ocr_line' id='line_1_16' title="bbox 164 870 914 907; baseline -0.005 -7"><span class='ocrx_word' id='word_1_111' title='bbox 164 872 238 900; x_wconf 77' lang='grc' dir='ltr'><strong>οὐδὲ</strong></span> <span class='ocrx_word' id='word_1_112' title='bbox 255 872 299 904; x_wconf 79' lang='grc' dir='ltr'><strong>ἓν,</strong></span> <span class='ocrx_word' id='word_1_113' title='bbox 315 872 387 899; x_wconf 76' lang='grc' dir='ltr'><strong>οὐδὲ</strong></span> <span class='ocrx_word' id='word_1_114' title='bbox 409 871 525 904; x_wconf 80' lang='grc' dir='ltr'>ἑνότης,</span> <span class='ocrx_word' id='word_1_115' title='bbox 539 871 717 907; x_wconf 85' lang='grc' dir='ltr'>Διαφέρουσιν</span> <span class='ocrx_word' id='word_1_116' title='bbox 740 870 862 906; x_wconf 87' lang='grc' dir='ltr'>ἀλλήλων</span> <span class='ocrx_word' id='word_1_117' title='bbox 877 870 914 897; x_wconf 75' lang='grc' dir='ltr'>ἓν</span> 
     </span>
    </p>
   </div>
   <div class='ocr_carea' id='block_1_17' title="bbox 125 917 914 954">
    <p class='ocr_par' dir='ltr' id='par_1_17' title="bbox 125 917 914 954">
     <span class='ocr_line' id='line_1_17' title="bbox 125 917 914 954; baseline -0.005 -7"><span class='ocrx_word' id='word_1_118' title='bbox 125 920 175 947; x_wconf 72' lang='grc' dir='ltr'>καί</span> <span class='ocrx_word' id='word_1_119' title='bbox 187 919 292 952; x_wconf 71' lang='grc' dir='ltr'>ἑνότης</span> <span class='ocrx_word' id='word_1_120' title='bbox 302 929 308 934; x_wconf 92' lang='grc'><strong>·</strong></span> <span class='ocrx_word' id='word_1_121' title='bbox 322 919 353 944; x_wconf 83' lang='grc' dir='ltr'>τὸ</span> <span class='ocrx_word' id='word_1_122' title='bbox 369 919 416 954; x_wconf 73' lang='grc' dir='ltr'><strong>μὲν</strong></span> <span class='ocrx_word' id='word_1_123' title='bbox 431 917 486 954; x_wconf 84' lang='grc' dir='ltr'>γὰρ</span> <span class='ocrx_word' id='word_1_124' title='bbox 499 917 573 952; x_wconf 83' lang='grc' dir='ltr'>δηλοῖ</span> <span class='ocrx_word' id='word_1_125' title='bbox 581 917 610 943; x_wconf 84' lang='grc' dir='ltr'><strong>τὸ</strong></span> <span class='ocrx_word' id='word_1_126' title='bbox 621 917 828 953; x_wconf 82' lang='grc' dir='ltr'>ὑπερκείμενον,</span> <span class='ocrx_word' id='word_1_127' title='bbox 843 917 874 943; x_wconf 86' lang='grc' dir='ltr'>τὸ</span> <span class='ocrx_word' id='word_1_128' title='bbox 886 917 914 943; x_wconf 82' lang='grc' dir='ltr'><strong>δὲ</strong></span> 
     </span>
    </p>
   </div>
   <div class='ocr_carea' id='block_1_18' title="bbox 969 315 1751 343">
    <p class='ocr_par' dir='ltr' id='par_1_18' title="bbox 969 315 1751 343">
     <span class='ocr_line' id='line_1_18' title="bbox 969 315 1751 343; baseline 0 -1"><span class='ocrx_word' id='word_1_129' title='bbox 969 315 1069 342; x_wconf 87' lang='lat' dir='ltr'><strong>habere</strong></span> <span class='ocrx_word' id='word_1_130' title='bbox 1102 315 1236 342; x_wconf 88' lang='lat' dir='ltr'><strong>rationem</strong></span> <span class='ocrx_word' id='word_1_131' title='bbox 1266 315 1416 342; x_wconf 90' lang='lat' dir='ltr'><strong>secundum</strong></span> <span class='ocrx_word' id='word_1_132' title='bbox 1443 319 1566 342; x_wconf 86' lang='lat' dir='ltr'><strong>nostram</strong></span> <span class='ocrx_word' id='word_1_133' title='bbox 1591 317 1724 343; x_wconf 87' lang='lat' dir='ltr'><strong>rationem</strong></span> <span class='ocrx_word' id='word_1_134' title='bbox 1743 325 1751 332; x_wconf 65' lang='grc' dir='ltr'><strong><em>ν</em></strong></span> 
     </span>
    </p>
   </div>
   <div class='ocr_carea' id='block_1_19' title="bbox 968 361 1755 397">
    <p class='ocr_par' dir='ltr' id='par_1_19' title="bbox 968 361 1755 397">
     <span class='ocr_line' id='line_1_19' title="bbox 968 361 1755 397; baseline 0.001 -9"><span class='ocrx_word' id='word_1_135' title='bbox 968 361 1093 389; x_wconf 70' lang='lat' dir='ltr'><strong>similiter</strong></span> <span class='ocrx_word' id='word_1_136' title='bbox 1116 362 1196 389; x_wconf 87' lang='lat' dir='ltr'><strong>etiam</strong></span> <span class='ocrx_word' id='word_1_137' title='bbox 1221 361 1428 397; x_wconf 76' lang='lat' dir='ltr'><strong>intelligentiam</strong></span> <span class='ocrx_word' id='word_1_138' title='bbox 1451 361 1602 389; x_wconf 88' lang='lat' dir='ltr'><strong>secundum</strong></span> <span class='ocrx_word' id='word_1_139' title='bbox 1617 369 1675 389; x_wconf 87' lang='lat' dir='ltr'><strong>eam</strong></span> <span class='ocrx_word' id='word_1_140' title='bbox 1692 371 1755 397; x_wconf 66' lang='lat' dir='ltr'><strong>quae</strong></span> 
     </span>
    </p>
   </div>
   <div class='ocr_carea' id='block_1_20' title="bbox 968 407 1756 444">
    <p class='ocr_par' dir='ltr' id='par_1_20' title="bbox 968 407 1756 444">
     <span class='ocr_line' id='line_1_20' title="bbox 968 407 1756 444; baseline 0.001 -10"><span class='ocrx_word' id='word_1_141' title='bbox 968 412 1009 435; x_wconf 87' lang='lat' dir='ltr'><strong>est</strong></span> <span class='ocrx_word' id='word_1_142' title='bbox 1037 408 1064 434; x_wconf 91' lang='lat' dir='ltr'><strong>in</strong></span> <span class='ocrx_word' id='word_1_143' title='bbox 1089 407 1223 435; x_wconf 80' lang='lat' dir='ltr'><strong>creaturis</strong></span> <span class='ocrx_word' id='word_1_144' title='bbox 1245 412 1336 436; x_wconf 84' lang='lat' dir='ltr'><strong>mente</strong></span> <span class='ocrx_word' id='word_1_145' title='bbox 1358 407 1493 442; x_wconf 64' lang='lat' dir='ltr'><strong>praeditis;</strong></span> <span class='ocrx_word' id='word_1_146' title='bbox 1521 412 1548 435; x_wconf 89' lang='lat' dir='ltr'><strong>et</strong></span> <span class='ocrx_word' id='word_1_147' title='bbox 1573 409 1676 444; x_wconf 87' lang='lat' dir='ltr'><strong>reliqua</strong></span> <span class='ocrx_word' id='word_1_148' title='bbox 1701 409 1756 436; x_wconf 81' lang='lat' dir='ltr'><strong>isto</strong></span> 
     </span>
    </p>
   </div>
   <div class='ocr_carea' id='block_1_21' title="bbox 967 454 1756 489">
    <p class='ocr_par' dir='ltr' id='par_1_21' title="bbox 967 454 1756 489">
     <span class='ocr_line' id='line_1_21' title="bbox 967 454 1756 489; baseline 0.001 -7"><span class='ocrx_word' id='word_1_149' title='bbox 967 455 1049 482; x_wconf 89' lang='lat' dir='ltr'><strong>modo</strong></span> <span class='ocrx_word' id='word_1_150' title='bbox 1069 454 1238 489; x_wconf 84' lang='lat' dir='ltr'><strong>accipienda.</strong></span> <span class='ocrx_word' id='word_1_151' title='bbox 1256 454 1360 483; x_wconf 82' lang='lat' dir='ltr'><strong>Aliter:</strong></span> <span class='ocrx_word' id='word_1_152' title='bbox 1375 454 1408 481; x_wconf 87' lang='lat' dir='ltr'><strong>Et</strong></span> <span class='ocrx_word' id='word_1_153' title='bbox 1432 455 1476 482; x_wconf 85' lang='lat' dir='ltr'><strong>his</strong></span> <span class='ocrx_word' id='word_1_154' title='bbox 1499 455 1635 488; x_wconf 85' lang='lat' dir='ltr'><strong>similiter,</strong></span> <span class='ocrx_word' id='word_1_155' title='bbox 1658 460 1688 483; x_wconf 87' lang='lat' dir='ltr'><strong>ut.</strong></span> <span class='ocrx_word' id='word_1_156' title='bbox 1703 464 1756 483; x_wconf 84' lang='lat' dir='ltr'><strong>nos</strong></span> 
     </span>
    </p>
   </div>
   <div class='ocr_carea' id='block_1_22' title="bbox 968 501 1755 536">
    <p class='ocr_par' dir='ltr' id='par_1_22' title="bbox 968 501 1755 536">
     <span class='ocr_line' id='line_1_22' title="bbox 968 501 1755 536; baseline 0.001 -8"><span class='ocrx_word' id='word_1_157' title='bbox 968 501 1097 533; x_wconf 81' lang='lat' dir='ltr'><strong>sciamus,</strong></span> <span class='ocrx_word' id='word_1_158' title='bbox 1118 502 1284 536; x_wconf 87' lang='lat' dir='ltr'><strong>ponendum,</strong></span> <span class='ocrx_word' id='word_1_159' title='bbox 1296 509 1391 529; x_wconf 89' lang='lat' dir='ltr'><strong>eorum</strong></span> <span class='ocrx_word' id='word_1_160' title='bbox 1407 509 1467 536; x_wconf 75' lang='lat' dir='ltr'><strong>quae</strong></span> <span class='ocrx_word' id='word_1_161' title='bbox 1484 510 1544 529; x_wconf 85' lang='lat' dir='ltr'><strong>eam</strong></span> <span class='ocrx_word' id='word_1_162' title='bbox 1564 503 1669 530; x_wconf 81' lang='lat' dir='ltr'><strong>scilicet</strong></span> <span class='ocrx_word' id='word_1_163' title='bbox 1684 502 1755 529; x_wconf 78' lang='lat' dir='ltr'><strong>divi—</strong></span> 
     </span>
    </p>
   </div>
   <div class='ocr_carea' id='block_1_23' title="bbox 967 547 1756 583">
    <p class='ocr_par' dir='ltr' id='par_1_23' title="bbox 967 547 1756 583">
     <span class='ocr_line' id='line_1_23' title="bbox 967 547 1756 583; baseline 0.003 -9"><span class='ocrx_word' id='word_1_164' title='bbox 967 555 1030 574; x_wconf 91' lang='lat' dir='ltr'><strong>nam</strong></span> <span class='ocrx_word' id='word_1_165' title='bbox 1045 552 1172 574; x_wconf 85' lang='lat' dir='ltr'><strong>naturam</strong></span> <span class='ocrx_word' id='word_1_166' title='bbox 1189 551 1353 582; x_wconf 82' lang='lat' dir='ltr'><strong>sequuntur,</strong></span> <span class='ocrx_word' id='word_1_167' title='bbox 1372 547 1397 574; x_wconf 86' lang='lat' dir='ltr'><strong>id</strong></span> <span class='ocrx_word' id='word_1_168' title='bbox 1415 552 1457 575; x_wconf 89' lang='lat' dir='ltr'><strong>est</strong></span> <span class='ocrx_word' id='word_1_169' title='bbox 1474 551 1662 575; x_wconf 78' lang='lat' dir='ltr'><strong>creaturarum</strong></span> <span class='ocrx_word' id='word_1_170' title='bbox 1681 549 1756 583; x_wconf 80' lang='lat' dir='ltr'><strong>posi-</strong></span> 
     </span>
    </p>
   </div>
   <div class='ocr_carea' id='block_1_24' title="bbox 967 593 1756 629">
    <p class='ocr_par' dir='ltr' id='par_1_24' title="bbox 967 593 1756 629">
     <span class='ocr_line' id='line_1_24' title="bbox 967 593 1756 629; baseline 0.003 -9"><span class='ocrx_word' id='word_1_171' title='bbox 967 595 1055 621; x_wconf 84' lang='lat' dir='ltr'><strong>tiones</strong></span> <span class='ocrx_word' id='word_1_172' title='bbox 1083 594 1140 622; x_wconf 82' lang='lat' dir='ltr'><strong>ﬁeri</strong></span> <span class='ocrx_word' id='word_1_173' title='bbox 1165 594 1215 627; x_wconf 80' lang='lat' dir='ltr'><strong>ait,</strong></span> <span class='ocrx_word' id='word_1_174' title='bbox 1233 601 1295 620; x_wconf 89' lang='lat' dir='ltr'><strong>cum</strong></span> <span class='ocrx_word' id='word_1_175' title='bbox 1322 593 1422 620; x_wconf 86' lang='lat' dir='ltr'><strong>dicitur</strong></span> <span class='ocrx_word' id='word_1_176' title='bbox 1439 594 1493 621; x_wconf 88' lang='lat' dir='ltr'><strong>vita</strong></span> <span class='ocrx_word' id='word_1_177' title='bbox 1508 597 1554 621; x_wconf 84' lang='lat' dir='ltr'><strong>aut</strong></span> <span class='ocrx_word' id='word_1_178' title='bbox 1571 594 1661 622; x_wconf 82' lang='lat' dir='ltr'><strong>lumen</strong></span> <span class='ocrx_word' id='word_1_179' title='bbox 1676 594 1756 629; x_wconf 78' lang='lat' dir='ltr'><strong>juxta</strong></span> 
     </span>
    </p>
   </div>
   <div class='ocr_carea' id='block_1_25' title="bbox 967 639 1756 676">
    <p class='ocr_par' dir='ltr' id='par_1_25' title="bbox 967 639 1756 676">
     <span class='ocr_line' id='line_1_25' title="bbox 967 639 1756 676; baseline 0.004 -10"><span class='ocrx_word' id='word_1_180' title='bbox 967 640 1012 667; x_wconf 87' lang='lat' dir='ltr'><strong>illa</strong></span> <span class='ocrx_word' id='word_1_181' title='bbox 1035 648 1095 675; x_wconf 76' lang='lat' dir='ltr'><strong>qua:</strong></span> <span class='ocrx_word' id='word_1_182' title='bbox 1115 641 1143 667; x_wconf 92' lang='lat' dir='ltr'><strong>in</strong></span> <span class='ocrx_word' id='word_1_183' title='bbox 1167 640 1370 675; x_wconf 77' lang='lat' dir='ltr'><strong>generabilibus</strong></span> <span class='ocrx_word' id='word_1_184' title='bbox 1395 639 1585 673; x_wconf 87' lang='lat' dir='ltr'><strong>advertuntur,</strong></span> <span class='ocrx_word' id='word_1_185' title='bbox 1601 648 1635 668; x_wconf 81' lang='lat' dir='ltr'><strong>ex</strong></span> <span class='ocrx_word' id='word_1_186' title='bbox 1654 641 1756 676; x_wconf 86' lang='lat' dir='ltr'><strong>quibus</strong></span> 
     </span>
    </p>
   </div>
   <div class='ocr_carea' id='block_1_26' title="bbox 966 685 1756 724">
    <p class='ocr_par' dir='ltr' id='par_1_26' title="bbox 966 685 1756 724">
     <span class='ocr_line' id='line_1_26' title="bbox 966 685 1756 724; baseline 0.003 -12"><span class='ocrx_word' id='word_1_187' title='bbox 966 693 1028 712; x_wconf 90' lang='lat' dir='ltr'><strong>eum</strong></span> <span class='ocrx_word' id='word_1_188' title='bbox 1043 686 1090 720; x_wconf 86' lang='lat' dir='ltr'><strong>qui</strong></span> <span class='ocrx_word' id='word_1_189' title='bbox 1104 685 1163 713; x_wconf 67' lang='lat' dir='ltr'><strong>haec</strong></span> <span class='ocrx_word' id='word_1_190' title='bbox 1176 686 1298 713; x_wconf 86' lang='lat' dir='ltr'><strong>condidit</strong></span> <span class='ocrx_word' id='word_1_191' title='bbox 1312 686 1489 721; x_wconf 81' lang='lat' dir='ltr'><strong>intelligimus</strong></span> <span class='ocrx_word' id='word_1_192' title='bbox 1508 696 1514 714; x_wconf 84' lang='lat' dir='ltr'>z</span> <span class='ocrx_word' id='word_1_193' title='bbox 1531 695 1586 714; x_wconf 90' lang='lat' dir='ltr'><strong>non</strong></span> <span class='ocrx_word' id='word_1_194' title='bbox 1602 692 1691 715; x_wconf 90' lang='lat' dir='ltr'><strong>autem</strong></span> <span class='ocrx_word' id='word_1_195' title='bbox 1707 696 1756 724; x_wconf 77' lang='lat' dir='ltr'><strong>per</strong></span> 
     </span>
    </p>
   </div>
   <div class='ocr_carea' id='block_1_27' title="bbox 966 732 1755 768">
    <p class='ocr_par' dir='ltr' id='par_1_27' title="bbox 966 732 1755 768">
     <span class='ocr_line' id='line_1_27' title="bbox 966 732 1755 768; baseline 0.004 -10"><span class='ocrx_word' id='word_1_196' title='bbox 966 732 1022 758; x_wconf 63' lang='lat' dir='ltr'><strong>haec</strong></span> <span class='ocrx_word' id='word_1_197' title='bbox 1037 732 1181 766; x_wconf 84' lang='lat' dir='ltr'><strong>quamdam</strong></span> <span class='ocrx_word' id='word_1_198' title='bbox 1197 736 1300 760; x_wconf 60' lang='lat' dir='ltr'><strong>natura:</strong></span> <span class='ocrx_word' id='word_1_199' title='bbox 1319 732 1379 767; x_wconf 86' lang='lat' dir='ltr'><strong>ejus</strong></span> <span class='ocrx_word' id='word_1_200' title='bbox 1394 733 1557 768; x_wconf 84' lang='lat' dir='ltr'><strong>positionem</strong></span> <span class='ocrx_word' id='word_1_201' title='bbox 1581 734 1755 767; x_wconf 80' lang='lat' dir='ltr'><strong>inducimus;</strong></span> 
     </span>
    </p>
   </div>
   <div class='ocr_carea' id='block_1_28' title="bbox 965 776 1757 811">
    <p class='ocr_par' dir='ltr' id='par_1_28' title="bbox 965 776 1757 811">
     <span class='ocr_line' id='line_1_28' title="bbox 965 776 1757 811; baseline 0.003 -8"><span class='ocrx_word' id='word_1_202' title='bbox 965 784 1118 811; x_wconf 80' lang='lat' dir='ltr'><strong>rursusque</strong></span> <span class='ocrx_word' id='word_1_203' title='bbox 1137 776 1333 804; x_wconf 87' lang='lat' dir='ltr'><strong>detractionem</strong></span> <span class='ocrx_word' id='word_1_204' title='bbox 1349 776 1464 804; x_wconf 83' lang='lat' dir='ltr'><strong>facimus</strong></span> <span class='ocrx_word' id='word_1_205' title='bbox 1492 777 1609 805; x_wconf 77' lang='lat' dir='ltr'><strong>dicendo</strong></span> <span class='ocrx_word' id='word_1_206' title='bbox 1627 778 1757 805; x_wconf 85' lang='lat' dir='ltr'><strong>divinita-</strong></span> 
     </span>
    </p>
   </div>
   <div class='ocr_carea' id='block_1_29' title="bbox 967 823 1358 851">
    <p class='ocr_par' dir='ltr' id='par_1_29' title="bbox 967 823 1358 851">
     <span class='ocr_line' id='line_1_29' title="bbox 967 823 1358 851; baseline 0.003 -1"><span class='ocrx_word' id='word_1_207' title='bbox 967 828 1019 850; x_wconf 85' lang='lat' dir='ltr'><strong>tem</strong></span> <span class='ocrx_word' id='word_1_208' title='bbox 1037 823 1064 850; x_wconf 91' lang='lat' dir='ltr'><strong>in</strong></span> <span class='ocrx_word' id='word_1_209' title='bbox 1082 824 1157 850; x_wconf 88' lang='lat' dir='ltr'><strong>nullo</strong></span> <span class='ocrx_word' id='word_1_210' title='bbox 1174 823 1271 850; x_wconf 89' lang='lat' dir='ltr'><strong>horum</strong></span> <span class='ocrx_word' id='word_1_211' title='bbox 1287 831 1358 851; x_wconf 88' lang='lat' dir='ltr'><strong>esse.</strong></span> 
     </span>
    </p>
   </div>
   <div class='ocr_carea' id='block_1_30' title="bbox 1005 868 1756 902">
    <p class='ocr_par' dir='ltr' id='par_1_30' title="bbox 1005 868 1756 902">
     <span class='ocr_line' id='line_1_30' title="bbox 1005 868 1756 902; baseline 0.004 -7"><span class='ocrx_word' id='word_1_212' title='bbox 1005 868 1060 895; x_wconf 73' lang='lat' dir='ltr'><strong>Nec</strong></span> <span class='ocrx_word' id='word_1_213' title='bbox 1077 877 1168 902; x_wconf 82' lang='lat' dir='ltr'><strong>unum,</strong></span> <span class='ocrx_word' id='word_1_214' title='bbox 1188 877 1233 896; x_wconf 83' lang='lat' dir='ltr'><strong>nec</strong></span> <span class='ocrx_word' id='word_1_215' title='bbox 1252 870 1351 897; x_wconf 80' lang='lat' dir='ltr'><strong>unitas.</strong></span> <span class='ocrx_word' id='word_1_216' title='bbox 1367 869 1501 897; x_wconf 79' lang='lat' dir='ltr'><strong>Diﬂerunt</strong></span> <span class='ocrx_word' id='word_1_217' title='bbox 1528 869 1600 898; x_wconf 88' lang='lat' dir='ltr'><strong>inter</strong></span> <span class='ocrx_word' id='word_1_218' title='bbox 1621 879 1651 899; x_wconf 87' lang='lat' dir='ltr'><strong>se</strong></span> <span class='ocrx_word' id='word_1_219' title='bbox 1673 879 1756 898; x_wconf 75' lang='lat' dir='ltr'><strong>unum</strong></span> 
     </span>
    </p>
   </div>
   <div class='ocr_carea' id='block_1_31' title="bbox 965 915 1757 952">
    <p class='ocr_par' dir='ltr' id='par_1_31' title="bbox 965 915 1757 952">
     <span class='ocr_line' id='line_1_31' title="bbox 965 915 1757 952; baseline 0.005 -11"><span class='ocrx_word' id='word_1_220' title='bbox 965 918 990 942; x_wconf 91' lang='lat' dir='ltr'><strong>et</strong></span> <span class='ocrx_word' id='word_1_221' title='bbox 1008 915 1118 947; x_wconf 77' lang='lat' dir='ltr'><strong>unitas;</strong></span> <span class='ocrx_word' id='word_1_222' title='bbox 1137 915 1203 942; x_wconf 93' lang='lat' dir='ltr'><strong>illud</strong></span> <span class='ocrx_word' id='word_1_223' title='bbox 1219 915 1292 943; x_wconf 89' lang='lat' dir='ltr'><strong>enim</strong></span> <span class='ocrx_word' id='word_1_224' title='bbox 1305 916 1440 951; x_wconf 73' lang='lat' dir='ltr'><strong>signiﬁcat</strong></span> <span class='ocrx_word' id='word_1_225' title='bbox 1456 916 1674 952; x_wconf 88' lang='lat' dir='ltr'><strong>subjectum,illa</strong></span> <span class='ocrx_word' id='word_1_226' title='bbox 1689 925 1757 945; x_wconf 88' lang='lat' dir='ltr'><strong>vero</strong></span> 
     </span>
    </p>
   </div>
   <div class='ocr_carea' id='block_1_32' title="bbox 124 961 914 1001">
    <p class='ocr_par' dir='ltr' id='par_1_32' title="bbox 124 963 914 1001">
     <span class='ocr_line' id='line_1_32' title="bbox 124 963 914 1001; baseline -0.005 -8"><span class='ocrx_word' id='word_1_227' title='bbox 124 965 175 1001; x_wconf 83' lang='grc' dir='ltr'>τὴν</span> <span class='ocrx_word' id='word_1_228' title='bbox 188 964 313 1000; x_wconf 79' lang='grc' dir='ltr'><strong>τοιαύτην</strong></span> <span class='ocrx_word' id='word_1_229' title='bbox 330 964 469 1000; x_wconf 85' lang='grc' dir='ltr'>ποιότητα,</span> <span class='ocrx_word' id='word_1_230' title='bbox 483 963 577 999; x_wconf 83' lang='grc' dir='ltr'>ὥσπερ</span> <span class='ocrx_word' id='word_1_231' title='bbox 593 963 687 990; x_wconf 82' lang='grc' dir='ltr'>λευκὸν</span> <span class='ocrx_word' id='word_1_232' title='bbox 703 964 749 990; x_wconf 76' lang='grc' dir='ltr'>καὶ</span> <span class='ocrx_word' id='word_1_233' title='bbox 774 963 914 998; x_wconf 70' lang='grc' dir='ltr'>λευκότης,</span> 
     </span>
    </p>
   </div>
   <div class='ocr_carea' id='block_1_33' title="bbox 966 961 1757 1001">
    <p class='ocr_par' dir='ltr' id='par_1_33' title="bbox 968 961 1757 996">
     <span class='ocr_line' id='line_1_33' title="bbox 968 961 1757 996; baseline 0.006 -9"><span class='ocrx_word' id='word_1_234' title='bbox 968 961 1049 988; x_wconf 84' lang='lat' dir='ltr'><strong>talem</strong></span> <span class='ocrx_word' id='word_1_235' title='bbox 1074 962 1246 996; x_wconf 83' lang='lat' dir='ltr'><strong>qualitatem,</strong></span> <span class='ocrx_word' id='word_1_236' title='bbox 1270 963 1342 989; x_wconf 82' lang='lat' dir='ltr'><strong>sicut</strong></span> <span class='ocrx_word' id='word_1_237' title='bbox 1365 962 1456 990; x_wconf 87' lang='lat' dir='ltr'><strong>album</strong></span> <span class='ocrx_word' id='word_1_238' title='bbox 1485 963 1592 996; x_wconf 87' lang='lat' dir='ltr'><strong>albedo,</strong></span> <span class='ocrx_word' id='word_1_239' title='bbox 1610 963 1711 991; x_wconf 91' lang='lat' dir='ltr'><strong>bonum</strong></span> <span class='ocrx_word' id='word_1_240' title='bbox 1728 969 1757 992; x_wconf 90' lang='lat' dir='ltr'><strong>et</strong></span> 
     </span>
    </p>
   </div>
   <div class='ocr_carea' id='block_1_34' title="bbox 125 1008 915 1046">
    <p class='ocr_par' dir='ltr' id='par_1_34' title="bbox 125 1008 915 1046">
     <span class='ocr_line' id='line_1_34' title="bbox 125 1008 915 1046; baseline -0.005 -8"><span class='ocrx_word' id='word_1_241' title='bbox 125 1011 228 1046; x_wconf 79' lang='grc' dir='ltr'>ἀγαθὸν</span> <span class='ocrx_word' id='word_1_242' title='bbox 243 1011 290 1038; x_wconf 72' lang='grc' dir='ltr'><strong>καὶ</strong></span> <span class='ocrx_word' id='word_1_243' title='bbox 304 1011 449 1046; x_wconf 79' lang='grc' dir='ltr'>ἀγαθότης.</span> <span class='ocrx_word' id='word_1_244' title='bbox 477 1010 630 1045; x_wconf 85' lang='grc' dir='ltr'>Σημείωσαι</span> <span class='ocrx_word' id='word_1_245' title='bbox 647 1009 674 1036; x_wconf 81' lang='grc' dir='ltr'><strong>δὲ</strong></span> <span class='ocrx_word' id='word_1_246' title='bbox 690 1009 731 1035; x_wconf 86' lang='grc' dir='ltr'>ὃτι</span> <span class='ocrx_word' id='word_1_247' title='bbox 745 1008 805 1035; x_wconf 73' lang='grc' dir='ltr'>οὔτε</span> <span class='ocrx_word' id='word_1_248' title='bbox 821 1010 837 1044; x_wconf 86' lang='grc' dir='ltr'>ὴ</span> <span class='ocrx_word' id='word_1_249' title='bbox 861 1008 915 1035; x_wconf 80' lang='grc' dir='ltr'><strong>Θεό-</strong></span> 
     </span>
    </p>
   </div>
   <div class='ocr_carea' id='block_1_35' title="bbox 124 1055 916 1094">
    <p class='ocr_par' dir='ltr' id='par_1_35' title="bbox 124 1055 916 1094">
     <span class='ocr_line' id='line_1_35' title="bbox 124 1055 916 1094; baseline -0.005 -9"><span class='ocrx_word' id='word_1_250' title='bbox 124 1066 177 1094; x_wconf 86' lang='grc' dir='ltr'><strong>της</strong></span> <span class='ocrx_word' id='word_1_251' title='bbox 188 1057 264 1084; x_wconf 73' lang='grc' dir='ltr'>οὐσία</span> <span class='ocrx_word' id='word_1_252' title='bbox 281 1058 339 1084; x_wconf 69' lang='grc' dir='ltr'>ἐστὶ</span> <span class='ocrx_word' id='word_1_253' title='bbox 354 1057 401 1084; x_wconf 76' lang='grc' dir='ltr'><strong>τοῦ</strong></span> <span class='ocrx_word' id='word_1_254' title='bbox 421 1055 499 1089; x_wconf 68' lang='grc' dir='ltr'>Θεοῦ,</span> <span class='ocrx_word' id='word_1_255' title='bbox 514 1056 607 1092; x_wconf 81' lang='grc' dir='ltr'>ὥσπερ</span> <span class='ocrx_word' id='word_1_256' title='bbox 621 1055 682 1082; x_wconf 76' lang='grc' dir='ltr'>οὐδὲ</span> <span class='ocrx_word' id='word_1_257' title='bbox 695 1055 722 1082; x_wconf 72' lang='grc' dir='ltr'>ἓν</span> <span class='ocrx_word' id='word_1_258' title='bbox 736 1064 761 1081; x_wconf 87' lang='grc' dir='ltr'><strong>τι</strong></span> <span class='ocrx_word' id='word_1_259' title='bbox 775 1055 831 1082; x_wconf 81' lang='grc' dir='ltr'>τῶν</span> <span class='ocrx_word' id='word_1_260' title='bbox 840 1056 916 1091; x_wconf 77' lang='grc' dir='ltr'>εἰρη-</span> 
     </span>
    </p>
   </div>
   <div class='ocr_carea' id='block_1_36' title="bbox 127 1101 915 1141">
    <p class='ocr_par' dir='ltr' id='par_1_36' title="bbox 127 1101 915 1141">
     <span class='ocr_line' id='line_1_36' title="bbox 127 1101 915 1141; baseline -0.006 -9"><span class='ocrx_word' id='word_1_261' title='bbox 127 1105 226 1141; x_wconf 83' lang='grc' dir='ltr'>μένων,</span> <span class='ocrx_word' id='word_1_262' title='bbox 243 1104 303 1131; x_wconf 72' lang='grc' dir='ltr'><strong>οὐδὲ</strong></span> <span class='ocrx_word' id='word_1_263' title='bbox 324 1103 377 1130; x_wconf 91' lang='grc' dir='ltr'><strong>τῶν</strong></span> <span class='ocrx_word' id='word_1_264' title='bbox 401 1103 528 1130; x_wconf 72' lang='grc' dir='ltr'>ἐναντίων</span> <span class='ocrx_word' id='word_1_265' title='bbox 549 1102 655 1134; x_wconf 77' lang='grc' dir='ltr'>αὐτοῖς·</span> <span class='ocrx_word' id='word_1_266' title='bbox 672 1102 711 1128; x_wconf 82' lang='grc' dir='ltr'><strong>διδ</strong></span> <span class='ocrx_word' id='word_1_267' title='bbox 735 1101 809 1128; x_wconf 71' lang='grc' dir='ltr'>οὐδὲν</span> <span class='ocrx_word' id='word_1_268' title='bbox 826 1101 915 1128; x_wconf 77' lang='grc' dir='ltr'>αὐτῶν</span> 
     </span>
    </p>
   </div>
   <div class='ocr_carea' id='block_1_37' title="bbox 125 1147 914 1186">
    <p class='ocr_par' dir='ltr' id='par_1_37' title="bbox 125 1147 914 1186">
     <span class='ocr_line' id='line_1_37' title="bbox 125 1147 914 1186; baseline -0.005 -8"><span class='ocrx_word' id='word_1_269' title='bbox 125 1151 210 1178; x_wconf 68' lang='grc' dir='ltr'>ἔστιν.</span> <span class='ocrx_word' id='word_1_270' title='bbox 227 1151 264 1178; x_wconf 86' lang='grc' dir='ltr'><strong>Οὐ</strong></span> <span class='ocrx_word' id='word_1_271' title='bbox 293 1150 348 1186; x_wconf 81' lang='grc' dir='ltr'><strong>γάρ</strong></span> <span class='ocrx_word' id='word_1_272' title='bbox 377 1150 435 1176; x_wconf 78' lang='grc' dir='ltr'>ἐστι</span> <span class='ocrx_word' id='word_1_273' title='bbox 456 1149 542 1176; x_wconf 78' lang='grc' dir='ltr'>ταῦτα</span> <span class='ocrx_word' id='word_1_274' title='bbox 564 1149 642 1175; x_wconf 79' lang='grc' dir='ltr'>οὐσία</span> <span class='ocrx_word' id='word_1_275' title='bbox 659 1147 753 1180; x_wconf 84' lang='grc' dir='ltr'>αὐτοῦ,</span> <span class='ocrx_word' id='word_1_276' title='bbox 770 1148 836 1175; x_wconf 69' lang='grc' dir='ltr'>ἀλλὰ</span> <span class='ocrx_word' id='word_1_277' title='bbox 852 1148 914 1180; x_wconf 72' lang='grc' dir='ltr'>δόξα</span> 
     </span>
    </p>
   </div>
   <div class='ocr_carea' id='block_1_38' title="bbox 125 1194 916 1235">
    <p class='ocr_par' dir='ltr' id='par_1_38' title="bbox 125 1194 916 1235">
     <span class='ocr_line' id='line_1_38' title="bbox 125 1194 916 1235; baseline -0.006 -10"><span class='ocrx_word' id='word_1_278' title='bbox 125 1199 192 1235; x_wconf 76' lang='grc' dir='ltr'>περὶ</span> <span class='ocrx_word' id='word_1_279' title='bbox 205 1197 294 1225; x_wconf 83' lang='grc' dir='ltr'>αὐτόν,</span> <span class='ocrx_word' id='word_1_280' title='bbox 310 1196 387 1223; x_wconf 77' lang='grc' dir='ltr'><strong>Οὕτω</strong></span> <span class='ocrx_word' id='word_1_281' title='bbox 403 1197 449 1223; x_wconf 72' lang='grc' dir='ltr'>καὶ</span> <span class='ocrx_word' id='word_1_282' title='bbox 464 1196 559 1229; x_wconf 77' lang='grc' dir='ltr'><strong>Σέξτος</strong></span> <span class='ocrx_word' id='word_1_283' title='bbox 573 1196 587 1222; x_wconf 82' lang='lat'><strong>6</strong></span> <span class='ocrx_word' id='word_1_284' title='bbox 601 1195 825 1230; x_wconf 79' lang='grc' dir='ltr'>ὲκκλησιαστικδς</span> <span class='ocrx_word' id='word_1_285' title='bbox 844 1194 916 1229; x_wconf 78' lang='grc' dir='ltr'>φιλό-</span> 
     </span>
    </p>
   </div>
   <div class='ocr_carea' id='block_1_39' title="bbox 125 1241 915 1278">
    <p class='ocr_par' dir='ltr' id='par_1_39' title="bbox 125 1241 915 1278">
     <span class='ocr_line' id='line_1_39' title="bbox 125 1241 915 1278; baseline -0.005 -7"><span class='ocrx_word' id='word_1_286' title='bbox 125 1252 208 1278; x_wconf 85' lang='grc' dir='ltr'>σοφος</span> <span class='ocrx_word' id='word_1_287' title='bbox 218 1241 287 1277; x_wconf 82' lang='grc' dir='ltr'>εἷπε,</span> <span class='ocrx_word' id='word_1_288' title='bbox 297 1242 343 1270; x_wconf 68' lang='grc' dir='ltr'><strong>καὶ</strong></span> <span class='ocrx_word' id='word_1_289' title='bbox 357 1243 371 1270; x_wconf 87' lang='grc' dir='ltr'>ὁ</span> <span class='ocrx_word' id='word_1_290' title='bbox 384 1242 507 1277; x_wconf 84' lang='grc' dir='ltr'>θεολόγος</span> <span class='ocrx_word' id='word_1_291' title='bbox 520 1241 667 1278; x_wconf 86' lang='grc' dir='ltr'>Γρηγόριος</span> <span class='ocrx_word' id='word_1_292' title='bbox 677 1242 705 1268; x_wconf 79' lang='grc' dir='ltr'>ὲν</span> <span class='ocrx_word' id='word_1_293' title='bbox 717 1241 755 1276; x_wconf 81' lang='grc' dir='ltr'>τῷ</span> <span class='ocrx_word' id='word_1_294' title='bbox 769 1241 852 1276; x_wconf 85' lang='grc' dir='ltr'>τρίτῳ</span> <span class='ocrx_word' id='word_1_295' title='bbox 861 1241 915 1267; x_wconf 82' lang='grc' dir='ltr'><strong>τῶν</strong></span> 
     </span>
    </p>
   </div>
   <div class='ocr_carea' id='block_1_40' title="bbox 129 1286 915 1326">
    <p class='ocr_par' dir='ltr' id='par_1_40' title="bbox 129 1286 915 1326">
     <span class='ocr_line' id='line_1_40' title="bbox 129 1286 915 1326; baseline -0.009 -6"><span class='ocrx_word' id='word_1_296' title='bbox 129 1290 314 1326; x_wconf 74' lang='grc' dir='ltr'>Θεολοτικῶν</span> <span class='ocrx_word' id='word_1_297' title='bbox 321 1288 455 1321; x_wconf 58' lang='lat' dir='ltr'><strong>acroi),ng</strong></span> <span class='ocrx_word' id='word_1_298' title='bbox 463 1287 524 1315; x_wconf 74' lang='grc' dir='ltr'>οὒτε</span> <span class='ocrx_word' id='word_1_299' title='bbox 532 1287 573 1324; x_wconf 69' lang='grc' dir='ltr'><strong>[ἡ]</strong></span> <span class='ocrx_word' id='word_1_300' title='bbox 584 1287 687 1323; x_wconf 79' lang='grc' dir='ltr'>Θεότης,</span> <span class='ocrx_word' id='word_1_301' title='bbox 709 1286 771 1313; x_wconf 68' lang='grc' dir='ltr'>οὔτε</span> <span class='ocrx_word' id='word_1_302' title='bbox 787 1287 817 1313; x_wconf 70' lang='grc' dir='ltr'>τὸ</span> <span class='ocrx_word' id='word_1_303' title='bbox 835 1287 915 1321; x_wconf 79' lang='grc' dir='ltr'>ἀγέν-</span> 
     </span>
    </p>
   </div>
   <div class='ocr_carea' id='block_1_41' title="bbox 123 1333 842 1372">
    <p class='ocr_par' dir='ltr' id='par_1_41' title="bbox 123 1333 842 1372">
     <span class='ocr_line' id='line_1_41' title="bbox 123 1333 842 1372; baseline -0.004 -9"><span class='ocrx_word' id='word_1_304' title='bbox 123 1344 216 1372; x_wconf 84' lang='grc' dir='ltr'>νητον,</span> <span class='ocrx_word' id='word_1_305' title='bbox 231 1335 293 1362; x_wconf 73' lang='grc' dir='ltr'>οὔτε</span> <span class='ocrx_word' id='word_1_306' title='bbox 307 1336 324 1371; x_wconf 87' lang='grc' dir='ltr'>ἡ</span> <span class='ocrx_word' id='word_1_307' title='bbox 341 1335 477 1371; x_wconf 82' lang='grc' dir='ltr'>πατρότης</span> <span class='ocrx_word' id='word_1_308' title='bbox 487 1333 579 1361; x_wconf 82' lang='grc' dir='ltr'>οὐσίαν</span> <span class='ocrx_word' id='word_1_309' title='bbox 594 1333 754 1369; x_wconf 73' lang='grc' dir='ltr'><strong>σημαίνουσι</strong></span> <span class='ocrx_word' id='word_1_310' title='bbox 766 1333 842 1360; x_wconf 67' lang='grc' dir='ltr'>Θεοῦ.</span> 
     </span>
    </p>
   </div>
   <div class='ocr_carea' id='block_1_42' title="bbox 163 1380 916 1416">
    <p class='ocr_par' dir='ltr' id='par_1_42' title="bbox 163 1380 916 1416">
     <span class='ocr_line' id='line_1_42' title="bbox 163 1380 916 1416; baseline -0.003 -8"><span class='ocrx_word' id='word_1_311' title='bbox 163 1381 240 1408; x_wconf 84' lang='grc' dir='ltr'><strong>Οὐδὲ</strong></span> <span class='ocrx_word' id='word_1_312' title='bbox 251 1382 366 1415; x_wconf 79' lang='grc' dir='ltr'>θεότης,</span> <span class='ocrx_word' id='word_1_313' title='bbox 379 1381 398 1416; x_wconf 77' lang='grc' dir='ltr'><strong>ἢ</strong></span> <span class='ocrx_word' id='word_1_314' title='bbox 410 1381 565 1416; x_wconf 78' lang='grc' dir='ltr'>ἀγαθότης.</span> <span class='ocrx_word' id='word_1_315' title='bbox 594 1380 750 1415; x_wconf 85' lang='grc' dir='ltr'>Σημείωσαι</span> <span class='ocrx_word' id='word_1_316' title='bbox 763 1380 792 1406; x_wconf 80' lang='grc' dir='ltr'><strong>δὲ</strong></span> <span class='ocrx_word' id='word_1_317' title='bbox 806 1380 852 1406; x_wconf 79' lang='grc' dir='ltr'><strong>καὶ</strong></span> <span class='ocrx_word' id='word_1_318' title='bbox 874 1380 916 1406; x_wconf 77' lang='grc' dir='ltr'>ὅτι</span> 
     </span>
    </p>
   </div>
   <div class='ocr_carea' id='block_1_43' title="bbox 123 1425 914 1463">
    <p class='ocr_par' dir='ltr' id='par_1_43' title="bbox 123 1425 914 1463">
     <span class='ocr_line' id='line_1_43' title="bbox 123 1425 914 1463; baseline -0.004 -8"><span class='ocrx_word' id='word_1_319' title='bbox 123 1428 189 1456; x_wconf 71' lang='grc' dir='ltr'>οὐδὲ</span> <span class='ocrx_word' id='word_1_320' title='bbox 199 1427 311 1463; x_wconf 83' lang='grc' dir='ltr'><strong>Πνεῦμά</strong></span> <span class='ocrx_word' id='word_1_321' title='bbox 326 1429 408 1461; x_wconf 74' lang='grc' dir='ltr'>ἐστιν,</span> <span class='ocrx_word' id='word_1_322' title='bbox 418 1427 455 1459; x_wconf 84' lang='grc' dir='ltr'>ὡς</span> <span class='ocrx_word' id='word_1_323' title='bbox 471 1428 543 1462; x_wconf 82' lang='grc' dir='ltr'>ἡμᾶς</span> <span class='ocrx_word' id='word_1_324' title='bbox 558 1426 666 1458; x_wconf 75' lang='grc' dir='ltr'>ειδέναι,</span> <span class='ocrx_word' id='word_1_325' title='bbox 674 1425 735 1452; x_wconf 75' lang='grc' dir='ltr'>οὔτε</span> <span class='ocrx_word' id='word_1_326' title='bbox 743 1426 844 1462; x_wconf 81' lang='grc' dir='ltr'>υίότης,</span> <span class='ocrx_word' id='word_1_327' title='bbox 853 1426 914 1453; x_wconf 70' lang='grc' dir='ltr'>οὔτε</span> 
     </span>
    </p>
   </div>
   <div class='ocr_carea' id='block_1_44' title="bbox 122 1472 914 1512">
    <p class='ocr_par' dir='ltr' id='par_1_44' title="bbox 122 1472 914 1512">
     <span class='ocr_line' id='line_1_44' title="bbox 122 1472 914 1512; baseline -0.003 -11"><span class='ocrx_word' id='word_1_328' title='bbox 122 1475 272 1512; x_wconf 77' lang='grc' dir='ltr'>πατρότης.</span> <span class='ocrx_word' id='word_1_329' title='bbox 288 1474 343 1501; x_wconf 72' lang='grc' dir='ltr'><strong>Καὶ</strong></span> <span class='ocrx_word' id='word_1_330' title='bbox 358 1475 389 1500; x_wconf 57' lang='lat' dir='ltr'><strong>ob</strong></span> <span class='ocrx_word' id='word_1_331' title='bbox 398 1474 438 1507; x_wconf 86' lang='grc' dir='ltr'>ὡς</span> <span class='ocrx_word' id='word_1_332' title='bbox 452 1473 529 1508; x_wconf 73' lang='grc' dir='ltr'>ἡμᾶς</span> <span class='ocrx_word' id='word_1_333' title='bbox 541 1472 650 1500; x_wconf 74' lang='grc' dir='ltr'>ειδέναι</span> <span class='ocrx_word' id='word_1_334' title='bbox 665 1473 710 1499; x_wconf 75' lang='grc' dir='ltr'><strong>ἐπὶ</strong></span> <span class='ocrx_word' id='word_1_335' title='bbox 724 1473 813 1508; x_wconf 74' lang='grc' dir='ltr'>πάσης</span> <span class='ocrx_word' id='word_1_336' title='bbox 824 1473 875 1508; x_wconf 81' lang='grc' dir='ltr'>τῆς</span> <span class='ocrx_word' id='word_1_337' title='bbox 886 1474 914 1499; x_wconf 75' lang='grc' dir='ltr'>ὲν</span> 
     </span>
    </p>
   </div>
   <div class='ocr_carea' id='block_1_45' title="bbox 123 1519 915 1558">
    <p class='ocr_par' dir='ltr' id='par_1_45' title="bbox 123 1519 915 1558">
     <span class='ocr_line' id='line_1_45' title="bbox 123 1519 915 1558; baseline -0.003 -10"><span class='ocrx_word' id='word_1_338' title='bbox 123 1523 183 1554; x_wconf 76' lang='grc' dir='ltr'>τοῖς</span> <span class='ocrx_word' id='word_1_339' title='bbox 210 1521 397 1558; x_wconf 78' lang='grc' dir='ltr'><strong>προκειμένοις</strong></span> <span class='ocrx_word' id='word_1_340' title='bbox 431 1520 593 1555; x_wconf 78' lang='grc' dir='ltr'><strong>ἀποφάσεως</strong></span> <span class='ocrx_word' id='word_1_341' title='bbox 623 1519 705 1546; x_wconf 71' lang='grc' dir='ltr'>λαϐέ·</span> <span class='ocrx_word' id='word_1_342' title='bbox 734 1519 808 1555; x_wconf 78' lang='grc' dir='ltr'>δηλοῖ</span> <span class='ocrx_word' id='word_1_343' title='bbox 827 1521 854 1546; x_wconf 73' lang='grc' dir='ltr'><strong>δὲ</strong></span> <span class='ocrx_word' id='word_1_344' title='bbox 884 1520 915 1546; x_wconf 79' lang='grc' dir='ltr'><strong>τὸ</strong></span> 
     </span>
    </p>
   </div>
   <div class='ocr_carea' id='block_1_46' title="bbox 123 1566 589 1603">
    <p class='ocr_par' dir='ltr' id='par_1_46' title="bbox 123 1566 589 1603">
     <span class='ocr_line' id='line_1_46' title="bbox 123 1566 589 1603; baseline -0.006 -6"><span class='ocrx_word' id='word_1_345' title='bbox 123 1569 204 1597; x_wconf 60' lang='grc' dir='ltr'>κατὰ</span> <span class='ocrx_word' id='word_1_346' title='bbox 229 1568 286 1603; x_wconf 76' lang='grc' dir='ltr'>τὴν</span> <span class='ocrx_word' id='word_1_347' title='bbox 301 1567 445 1603; x_wconf 76' lang='grc' dir='ltr'><strong>ἡμετέραν</strong></span> <span class='ocrx_word' id='word_1_348' title='bbox 463 1566 589 1600; x_wconf 76' lang='grc' dir='ltr'>εἴδησιν.</span> 
     </span>
    </p>
   </div>
   <div class='ocr_carea' id='block_1_47' title="bbox 165 1612 915 1648">
    <p class='ocr_par' dir='ltr' id='par_1_47' title="bbox 165 1612 915 1648">
     <span class='ocr_line' id='line_1_47' title="bbox 165 1612 915 1648; baseline -0.004 -6"><span class='ocrx_word' id='word_1_349' title='bbox 165 1614 242 1642; x_wconf 79' lang='grc' dir='ltr'><strong>οὐδὲ</strong></span> <span class='ocrx_word' id='word_1_350' title='bbox 274 1614 311 1641; x_wconf 73' lang='grc' dir='ltr'>τὰ</span> <span class='ocrx_word' id='word_1_351' title='bbox 340 1613 412 1640; x_wconf 77' lang='grc' dir='ltr'>ὄντα</span> <span class='ocrx_word' id='word_1_352' title='bbox 441 1613 588 1647; x_wconf 74' lang='grc' dir='ltr'>γινώσκει.</span> <span class='ocrx_word' id='word_1_353' title='bbox 614 1613 660 1648; x_wconf 82' lang='grc' dir='ltr'><strong>Μή</strong></span> <span class='ocrx_word' id='word_1_354' title='bbox 693 1621 723 1639; x_wconf 80' lang='grc' dir='ltr'><strong>σε</strong></span> <span class='ocrx_word' id='word_1_355' title='bbox 756 1612 915 1648; x_wconf 73' lang='grc' dir='ltr'>ταρασσέτω</span> 
     </span>
    </p>
   </div>
   <div class='ocr_carea' id='block_1_48' title="bbox 124 1659 915 1695">
    <p class='ocr_par' dir='ltr' id='par_1_48' title="bbox 124 1659 915 1695">
     <span class='ocr_line' id='line_1_48' title="bbox 124 1659 915 1695; baseline -0.004 -7"><span class='ocrx_word' id='word_1_356' title='bbox 124 1661 158 1688; x_wconf 83' lang='grc' dir='ltr'>τδ</span> <span class='ocrx_word' id='word_1_357' title='bbox 189 1660 335 1695; x_wconf 81' lang='grc' dir='ltr'>κεφάλαιον</span> <span class='ocrx_word' id='word_1_358' title='bbox 360 1659 437 1686; x_wconf 82' lang='grc' dir='ltr'>τοῦτο</span> <span class='ocrx_word' id='word_1_359' title='bbox 466 1659 513 1686; x_wconf 77' lang='grc' dir='ltr'><strong>καὶ</strong></span> <span class='ocrx_word' id='word_1_360' title='bbox 542 1659 654 1694; x_wconf 75' lang='grc' dir='ltr'>νομίσῃς</span> <span class='ocrx_word' id='word_1_361' title='bbox 681 1659 847 1694; x_wconf 65' lang='grc' dir='ltr'>βλασφημεῖν</span> <span class='ocrx_word' id='word_1_362' title='bbox 870 1659 915 1686; x_wconf 83' lang='grc' dir='ltr'><strong>τὸν</strong></span> 
     </span>
    </p>
   </div>
   <div class='ocr_carea' id='block_1_49' title="bbox 122 1705 914 1742">
    <p class='ocr_par' dir='ltr' id='par_1_49' title="bbox 122 1705 914 1742">
     <span class='ocr_line' id='line_1_49' title="bbox 122 1705 914 1742; baseline -0.004 -8"><span class='ocrx_word' id='word_1_363' title='bbox 122 1708 199 1734; x_wconf 81' lang='grc' dir='ltr'>θετον</span> <span class='ocrx_word' id='word_1_364' title='bbox 220 1706 313 1733; x_wconf 81' lang='grc' dir='ltr'>τοῦτον</span> <span class='ocrx_word' id='word_1_365' title='bbox 336 1705 436 1742; x_wconf 79' lang='grc' dir='ltr'>ἄνδρα·</span> <span class='ocrx_word' id='word_1_366' title='bbox 454 1705 554 1737; x_wconf 78' lang='grc' dir='ltr'>σκοπὸς</span> <span class='ocrx_word' id='word_1_367' title='bbox 577 1705 630 1742; x_wconf 74' lang='grc' dir='ltr'><strong>γὰρ</strong></span> <span class='ocrx_word' id='word_1_368' title='bbox 656 1705 729 1741; x_wconf 84' lang='grc' dir='ltr'>αὐτῷ</span> <span class='ocrx_word' id='word_1_369' title='bbox 755 1705 839 1737; x_wconf 80' lang='grc' dir='ltr'>δεῖξαι</span> <span class='ocrx_word' id='word_1_370' title='bbox 869 1705 914 1732; x_wconf 78' lang='grc' dir='ltr'><strong>τὸν</strong></span> 
     </span>
    </p>
   </div>
   <div class='ocr_carea' id='block_1_50' title="bbox 121 1751 914 1789">
    <p class='ocr_par' dir='ltr' id='par_1_50' title="bbox 121 1751 914 1789">
     <span class='ocr_line' id='line_1_50' title="bbox 121 1751 914 1789; baseline -0.003 -9"><span class='ocrx_word' id='word_1_371' title='bbox 121 1753 192 1781; x_wconf 81' lang='grc' dir='ltr'>Θεδν</span> <span class='ocrx_word' id='word_1_372' title='bbox 214 1753 295 1789; x_wconf 74' lang='grc' dir='ltr'>μηδὲν</span> <span class='ocrx_word' id='word_1_373' title='bbox 312 1752 365 1780; x_wconf 87' lang='grc' dir='ltr'><strong>τῶν</strong></span> <span class='ocrx_word' id='word_1_374' title='bbox 387 1752 470 1779; x_wconf 79' lang='grc' dir='ltr'>ὕντων</span> <span class='ocrx_word' id='word_1_375' title='bbox 486 1752 559 1785; x_wconf 67' lang='grc' dir='ltr'>οντα,</span> <span class='ocrx_word' id='word_1_376' title='bbox 580 1751 636 1779; x_wconf 77' lang='grc' dir='ltr'>ἀλλ’</span> <span class='ocrx_word' id='word_1_377' title='bbox 652 1753 721 1788; x_wconf 79' lang='grc' dir='ltr'>ὑπὲρ</span> <span class='ocrx_word' id='word_1_378' title='bbox 735 1752 770 1778; x_wconf 77' lang='grc' dir='ltr'>τὰ</span> <span class='ocrx_word' id='word_1_379' title='bbox 789 1752 853 1779; x_wconf 65' lang='lat' dir='ltr'><strong>tvm</strong></span> <span class='ocrx_word' id='word_1_380' title='bbox 866 1761 872 1766; x_wconf 88' lang='lat'><strong><em>-</em></strong></span> <span class='ocrx_word' id='word_1_381' title='bbox 890 1753 914 1779; x_wconf 81' lang='grc' dir='ltr'><strong>εί</strong></span> 
     </span>
    </p>
   </div>
   <div class='ocr_carea' id='block_1_51' title="bbox 119 1798 914 1836">
    <p class='ocr_par' dir='ltr' id='par_1_51' title="bbox 119 1798 914 1836">
     <span class='ocr_line' id='line_1_51' title="bbox 119 1798 914 1836; baseline -0.004 -8"><span class='ocrx_word' id='word_1_382' title='bbox 119 1800 183 1836; x_wconf 75' lang='grc' dir='ltr'><strong>γὰρ</strong></span> <span class='ocrx_word' id='word_1_383' title='bbox 206 1800 242 1827; x_wconf 81' lang='grc' dir='ltr'>τὰ</span> <span class='ocrx_word' id='word_1_384' title='bbox 268 1800 356 1827; x_wconf 78' lang='grc' dir='ltr'>πάντα</span> <span class='ocrx_word' id='word_1_385' title='bbox 371 1799 452 1831; x_wconf 75' lang='grc' dir='ltr'>αὐτὸς</span> <span class='ocrx_word' id='word_1_386' title='bbox 465 1799 670 1836; x_wconf 80' lang='grc' dir='ltr'>δημιουργήσας</span> <span class='ocrx_word' id='word_1_387' title='bbox 684 1799 838 1835; x_wconf 81' lang='grc' dir='ltr'>παρήγαγε,</span> <span class='ocrx_word' id='word_1_388' title='bbox 855 1798 914 1831; x_wconf 85' lang='grc' dir='ltr'>πῶς</span> 
     </span>
    </p>
   </div>
   <div class='ocr_carea' id='block_1_52' title="bbox 119 1843 914 1884">
    <p class='ocr_par' dir='ltr' id='par_1_52' title="bbox 119 1843 914 1884">
     <span class='ocr_line' id='line_1_52' title="bbox 119 1843 914 1884; baseline -0.005 -9"><span class='ocrx_word' id='word_1_389' title='bbox 119 1848 184 1884; x_wconf 72' lang='grc' dir='ltr'>ἔχει</span> <span class='ocrx_word' id='word_1_390' title='bbox 204 1847 347 1884; x_wconf 78' lang='grc' dir='ltr'>εὓρεθῆναι</span> <span class='ocrx_word' id='word_1_391' title='bbox 360 1846 390 1873; x_wconf 67' lang='grc' dir='ltr'>ἓν</span> <span class='ocrx_word' id='word_1_392' title='bbox 409 1855 435 1873; x_wconf 89' lang='grc' dir='ltr'><strong>τι</strong></span> <span class='ocrx_word' id='word_1_393' title='bbox 453 1845 508 1872; x_wconf 81' lang='grc' dir='ltr'><strong>τῶν</strong></span> <span class='ocrx_word' id='word_1_394' title='bbox 521 1845 619 1879; x_wconf 66' lang='grc' dir='ltr'>δντωνι</span> <span class='ocrx_word' id='word_1_395' title='bbox 637 1843 697 1872; x_wconf 76' lang='grc' dir='ltr'>εἷπε</span> <span class='ocrx_word' id='word_1_396' title='bbox 713 1845 781 1881; x_wconf 80' lang='grc' dir='ltr'><strong>γὰρ,</strong></span> <span class='ocrx_word' id='word_1_397' title='bbox 799 1846 839 1872; x_wconf 80' lang='grc' dir='ltr'>ὅτι</span> <span class='ocrx_word' id='word_1_398' title='bbox 854 1845 914 1872; x_wconf 73' lang='grc' dir='ltr'>οὐδὲ</span> 
     </span>
    </p>
   </div>
   <div class='ocr_carea' id='block_1_53' title="bbox 119 1892 913 1929">
    <p class='ocr_par' dir='ltr' id='par_1_53' title="bbox 119 1892 913 1929">
     <span class='ocr_line' id='line_1_53' title="bbox 119 1892 913 1929; baseline -0.005 -7"><span class='ocrx_word' id='word_1_399' title='bbox 119 1895 160 1922; x_wconf 78' lang='grc' dir='ltr'>τὰ</span> <span class='ocrx_word' id='word_1_400' title='bbox 177 1895 241 1922; x_wconf 71' lang='grc' dir='ltr'>ὄντα</span> <span class='ocrx_word' id='word_1_401' title='bbox 263 1893 390 1929; x_wconf 71' lang='grc' dir='ltr'>γινώσκει</span> <span class='ocrx_word' id='word_1_402' title='bbox 402 1893 447 1920; x_wconf 82' lang='grc' dir='ltr'><strong>τὸν</strong></span> <span class='ocrx_word' id='word_1_403' title='bbox 464 1892 572 1919; x_wconf 81' lang='grc' dir='ltr'>πάντων</span> <span class='ocrx_word' id='word_1_404' title='bbox 589 1892 674 1919; x_wconf 88' lang='grc' dir='ltr'>αῐτιον</span> <span class='ocrx_word' id='word_1_405' title='bbox 690 1892 754 1919; x_wconf 89' lang='grc' dir='ltr'>Θεόν</span> <span class='ocrx_word' id='word_1_406' title='bbox 766 1901 772 1907; x_wconf 90' lang='grc'>·</span> <span class='ocrx_word' id='word_1_407' title='bbox 791 1892 869 1919; x_wconf 82' lang='grc' dir='ltr'>τοῦτο</span> <span class='ocrx_word' id='word_1_408' title='bbox 885 1892 913 1918; x_wconf 75' lang='grc' dir='ltr'><strong>δὲ</strong></span> 
     </span>
    </p>
   </div>
   <div class='ocr_carea' id='block_1_54' title="bbox 121 1939 913 1976">
    <p class='ocr_par' dir='ltr' id='par_1_54' title="bbox 121 1939 913 1976">
     <span class='ocr_line' id='line_1_54' title="bbox 121 1939 913 1976; baseline -0.004 -8"><span class='ocrx_word' id='word_1_409' title='bbox 121 1941 250 1968; x_wconf 82' lang='grc' dir='ltr'>ἀπώλεια</span> <span class='ocrx_word' id='word_1_410' title='bbox 266 1940 364 1976; x_wconf 83' lang='grc' dir='ltr'>σαφὴς,</span> <span class='ocrx_word' id='word_1_411' title='bbox 380 1939 410 1966; x_wconf 82' lang='grc' dir='ltr'><strong>τὸ</strong></span> <span class='ocrx_word' id='word_1_412' title='bbox 425 1939 461 1975; x_wconf 85' lang='grc' dir='ltr'>μὴ</span> <span class='ocrx_word' id='word_1_413' title='bbox 473 1939 617 1973; x_wconf 86' lang='grc' dir='ltr'>γινώσκειν</span> <span class='ocrx_word' id='word_1_414' title='bbox 631 1939 696 1965; x_wconf 86' lang='grc' dir='ltr'>Θεόν</span> <span class='ocrx_word' id='word_1_415' title='bbox 707 1948 714 1954; x_wconf 90' lang='grc'><strong>·</strong></span> <span class='ocrx_word' id='word_1_416' title='bbox 729 1939 796 1965; x_wconf 81' lang='grc' dir='ltr'>ἀλλὰ</span> <span class='ocrx_word' id='word_1_417' title='bbox 807 1939 913 1974; x_wconf 73' lang='grc' dir='ltr'>ταχέως</span> 
     </span>
    </p>
   </div>
   <div class='ocr_carea' id='block_1_55' title="bbox 121 1982 912 2022">
    <p class='ocr_par' dir='ltr' id='par_1_55' title="bbox 121 1982 912 2022">
     <span class='ocr_line' id='line_1_55' title="bbox 121 1982 912 2022; baseline -0.003 -9"><span class='ocrx_word' id='word_1_418' title='bbox 121 1986 193 2014; x_wconf 75' lang='grc' dir='ltr'>αὐτὸ</span> <span class='ocrx_word' id='word_1_419' title='bbox 209 1986 379 2021; x_wconf 72' lang='grc' dir='ltr'>ἐσαφήνισεν,</span> <span class='ocrx_word' id='word_1_420' title='bbox 393 1984 475 2011; x_wconf 88' lang='grc' dir='ltr'>είπὼν</span> <span class='ocrx_word' id='word_1_421' title='bbox 495 1982 512 2022; x_wconf 76' lang='grc' dir='ltr'>ᾗ</span> <span class='ocrx_word' id='word_1_422' title='bbox 527 1984 607 2016; x_wconf 80' lang='grc' dir='ltr'>αὑτός</span> <span class='ocrx_word' id='word_1_423' title='bbox 624 1985 691 2018; x_wconf 72' lang='grc' dir='ltr'>ἐστι,</span> <span class='ocrx_word' id='word_1_424' title='bbox 705 1985 853 2017; x_wconf 78' lang='grc' dir='ltr'>τουτέστιν,</span> <span class='ocrx_word' id='word_1_425' title='bbox 868 1985 912 2011; x_wconf 77' lang='grc' dir='ltr'><strong>οὐ·</strong></span> 
     </span>
    </p>
   </div>
   <div class='ocr_carea' id='block_1_56' title="bbox 119 2030 911 2064">
    <p class='ocr_par' dir='ltr' id='par_1_56' title="bbox 119 2030 911 2064">
     <span class='ocr_line' id='line_1_56' title="bbox 119 2030 911 2064; baseline -0.001 -6"><span class='ocrx_word' id='word_1_426' title='bbox 119 2031 170 2058; x_wconf 83' lang='grc' dir='ltr'><strong>δὲν</strong></span> <span class='ocrx_word' id='word_1_427' title='bbox 193 2030 247 2057; x_wconf 81' lang='grc' dir='ltr'><strong>τῶν</strong></span> <span class='ocrx_word' id='word_1_428' title='bbox 270 2031 354 2058; x_wconf 68' lang='grc' dir='ltr'>ὄντων</span> <span class='ocrx_word' id='word_1_429' title='bbox 372 2030 498 2064; x_wconf 84' lang='grc' dir='ltr'>γινώσκει</span> <span class='ocrx_word' id='word_1_430' title='bbox 517 2030 594 2062; x_wconf 83' lang='grc' dir='ltr'>Θεὸν,</span> <span class='ocrx_word' id='word_1_431' title='bbox 617 2030 677 2057; x_wconf 82' lang='grc' dir='ltr'><strong>καθ’</strong></span> <span class='ocrx_word' id='word_1_432' title='bbox 698 2030 712 2056; x_wconf 76' lang='grc' dir='ltr'><strong>ὃ</strong></span> <span class='ocrx_word' id='word_1_433' title='bbox 730 2031 810 2063; x_wconf 79' lang='grc' dir='ltr'>αὑτός</span> <span class='ocrx_word' id='word_1_434' title='bbox 828 2032 911 2062; x_wconf 74' lang='grc' dir='ltr'>ἐστιν,</span> 
     </span>
    </p>
   </div>
   <div class='ocr_carea' id='block_1_57' title="bbox 120 2075 911 2114">
    <p class='ocr_par' dir='ltr' id='par_1_57' title="bbox 120 2075 911 2114">
     <span class='ocr_line' id='line_1_57' title="bbox 120 2075 911 2114; baseline -0.003 -10"><span class='ocrx_word' id='word_1_435' title='bbox 120 2078 187 2105; x_wconf 72' lang='grc' dir='ltr'>ἀντὶ</span> <span class='ocrx_word' id='word_1_436' title='bbox 197 2077 244 2104; x_wconf 85' lang='grc' dir='ltr'><strong>τοῦ</strong></span> <span class='ocrx_word' id='word_1_437' title='bbox 257 2077 306 2114; x_wconf 75' lang='grc' dir='ltr'>τὴν</span> <span class='ocrx_word' id='word_1_438' title='bbox 319 2077 475 2113; x_wconf 84' lang='grc' dir='ltr'>ἀνεννόητον</span> <span class='ocrx_word' id='word_1_439' title='bbox 487 2076 534 2103; x_wconf 75' lang='grc' dir='ltr'>καὶ</span> <span class='ocrx_word' id='word_1_440' title='bbox 544 2076 703 2112; x_wconf 85' lang='grc' dir='ltr'>ὑπερούσιον</span> <span class='ocrx_word' id='word_1_441' title='bbox 713 2075 805 2103; x_wconf 79' lang='grc' dir='ltr'>οὐσίαν</span> <span class='ocrx_word' id='word_1_442' title='bbox 818 2076 911 2108; x_wconf 83' lang='grc' dir='ltr'>αὑτοῦ,</span> 
     </span>
    </p>
   </div>
   <div class='ocr_carea' id='block_1_58' title="bbox 118 2121 912 2159">
    <p class='ocr_par' dir='ltr' id='par_1_58' title="bbox 118 2121 912 2159">
     <span class='ocr_line' id='line_1_58' title="bbox 118 2121 912 2159; baseline -0.001 -10"><span class='ocrx_word' id='word_1_443' title='bbox 118 2123 139 2159; x_wconf 77' lang='grc' dir='ltr'><strong>ἢ</strong></span> <span class='ocrx_word' id='word_1_444' title='bbox 160 2121 277 2159; x_wconf 77' lang='grc' dir='ltr'>ὓπαρξιν</span> <span class='ocrx_word' id='word_1_445' title='bbox 305 2121 365 2149; x_wconf 83' lang='grc' dir='ltr'><strong>καθ’</strong></span> <span class='ocrx_word' id='word_1_446' title='bbox 382 2122 416 2157; x_wconf 81' lang='grc' dir='ltr'>ἢν</span> <span class='ocrx_word' id='word_1_447' title='bbox 441 2121 573 2157; x_wconf 78' lang='grc' dir='ltr'>ὑπάρχει·</span> <span class='ocrx_word' id='word_1_448' title='bbox 600 2121 706 2157; x_wconf 83' lang='grc' dir='ltr'>εῐρηται</span> <span class='ocrx_word' id='word_1_449' title='bbox 722 2121 792 2157; x_wconf 83' lang='grc' dir='ltr'><strong>γάρ·</strong></span> <span class='ocrx_word' id='word_1_450' title='bbox 809 2121 912 2155; x_wconf 65' lang='grc' dir='ltr'><strong>Οὐδεὶς</strong></span> 
     </span>
    </p>
   </div>
   <div class='ocr_carea' id='block_1_59' title="bbox 118 2167 913 2205">
    <p class='ocr_par' dir='ltr' id='par_1_59' title="bbox 118 2167 913 2205">
     <span class='ocr_line' id='line_1_59' title="bbox 118 2167 913 2205; baseline -0.003 -9"><span class='ocrx_word' id='word_1_451' title='bbox 118 2168 265 2205; x_wconf 73' lang='grc' dir='ltr'>γινώσκει</span> <span class='ocrx_word' id='word_1_452' title='bbox 278 2169 331 2196; x_wconf 77' lang='grc' dir='ltr'>τὸν</span> <span class='ocrx_word' id='word_1_453' title='bbox 345 2167 414 2196; x_wconf 65' lang='lat' dir='ltr'><strong>Iter</strong></span> <span class='ocrx_word' id='word_1_454' title='bbox 422 2168 448 2196; x_wconf 78' lang='lat' dir='ltr'><strong>sl</strong></span> <span class='ocrx_word' id='word_1_455' title='bbox 460 2167 500 2202; x_wconf 81' lang='grc' dir='ltr'>μὴ</span> <span class='ocrx_word' id='word_1_456' title='bbox 512 2169 528 2194; x_wconf 80' lang='grc' dir='ltr'>ό</span> <span class='ocrx_word' id='word_1_457' title='bbox 536 2167 647 2202; x_wconf 80' lang='grc' dir='ltr'>Πατὴρ,</span> <span class='ocrx_word' id='word_1_458' title='bbox 659 2167 729 2194; x_wconf 80' lang='grc' dir='ltr'><strong>οὐδὲ</strong></span> <span class='ocrx_word' id='word_1_459' title='bbox 739 2167 913 2202; x_wconf 75' lang='grc' dir='ltr'>τὸνΠαι-ἐρα</span> 
     </span>
    </p>
   </div>
   <div class='ocr_carea' id='block_1_60' title="bbox 117 2213 911 2251">
    <p class='ocr_par' dir='ltr' id='par_1_60' title="bbox 117 2213 911 2251">
     <span class='ocr_line' id='line_1_60' title="bbox 117 2213 911 2251; baseline -0.004 -8"><span class='ocrx_word' id='word_1_460' title='bbox 117 2225 172 2249; x_wconf 86' lang='grc' dir='ltr'><strong>τις</strong></span> <span class='ocrx_word' id='word_1_461' title='bbox 187 2214 387 2251; x_wconf 77' lang='grc' dir='ltr'>ἐπιγινώσκει,</span> <span class='ocrx_word' id='word_1_462' title='bbox 398 2215 424 2242; x_wconf 76' lang='grc' dir='ltr'>εἷ</span> <span class='ocrx_word' id='word_1_463' title='bbox 436 2214 480 2249; x_wconf 80' lang='grc' dir='ltr'><strong>μὴ</strong></span> <span class='ocrx_word' id='word_1_464' title='bbox 496 2216 511 2241; x_wconf 84' lang='grc' dir='ltr'><em>ό</em></span> <span class='ocrx_word' id='word_1_465' title='bbox 530 2214 606 2247; x_wconf 74' lang='grc' dir='ltr'><em>Υἱός.</em></span> <span class='ocrx_word' id='word_1_466' title='bbox 619 2215 674 2241; x_wconf 75' lang='grc' dir='ltr'><strong>Καὶ</strong></span> <span class='ocrx_word' id='word_1_467' title='bbox 686 2215 717 2241; x_wconf 79' lang='grc' dir='ltr'><strong>ὲκ</strong></span> <span class='ocrx_word' id='word_1_468' title='bbox 730 2213 776 2240; x_wconf 80' lang='grc' dir='ltr'>τοῦ</span> <span class='ocrx_word' id='word_1_469' title='bbox 792 2215 911 2241; x_wconf 78' lang='grc' dir='ltr'>ἐναντίου</span> 
     </span>
    </p>
   </div>
   <div class='ocr_carea' id='block_1_61' title="bbox 117 2259 912 2296">
    <p class='ocr_par' dir='ltr' id='par_1_61' title="bbox 117 2259 912 2296">
     <span class='ocr_line' id='line_1_61' title="bbox 117 2259 912 2296; baseline -0.004 -7"><span class='ocrx_word' id='word_1_470' title='bbox 117 2262 224 2296; x_wconf 75' lang='grc' dir='ltr'>ἐπάγει</span> <span class='ocrx_word' id='word_1_471' title='bbox 239 2262 253 2288; x_wconf 81' lang='grc' dir='ltr'><strong><em>ὁ</em></strong></span> <span class='ocrx_word' id='word_1_472' title='bbox 267 2261 352 2296; x_wconf 85' lang='grc' dir='ltr'>μέγας</span> <span class='ocrx_word' id='word_1_473' title='bbox 365 2260 509 2292; x_wconf 78' lang='grc' dir='ltr'>Διονύσιος,</span> <span class='ocrx_word' id='word_1_474' title='bbox 526 2260 572 2286; x_wconf 84' lang='grc' dir='ltr'>καί</span> <span class='ocrx_word' id='word_1_475' title='bbox 588 2267 679 2295; x_wconf 85' lang='grc' dir='ltr'>φησιν,</span> <span class='ocrx_word' id='word_1_476' title='bbox 696 2259 754 2295; x_wconf 66' lang='lat' dir='ltr'><strong>[md</strong></span> <span class='ocrx_word' id='word_1_477' title='bbox 771 2260 811 2286; x_wconf 81' lang='grc' dir='ltr'>ὅτι</span> <span class='ocrx_word' id='word_1_478' title='bbox 825 2259 912 2291; x_wconf 81' lang='grc' dir='ltr'>οὐδεὶς</span> 
     </span>
    </p>
   </div>
   <div class='ocr_carea' id='block_1_62' title="bbox 115 2301 912 2342">
    <p class='ocr_par' dir='ltr' id='par_1_62' title="bbox 115 2301 912 2342">
     <span class='ocr_line' id='line_1_62' title="bbox 115 2301 912 2342; baseline -0.003 -9"><span class='ocrx_word' id='word_1_479' title='bbox 115 2305 255 2342; x_wconf 84' lang='grc' dir='ltr'>γινώσκει</span> <span class='ocrx_word' id='word_1_480' title='bbox 271 2305 316 2332; x_wconf 85' lang='grc' dir='ltr'><strong>τὸν</strong></span> <span class='ocrx_word' id='word_1_481' title='bbox 341 2305 406 2332; x_wconf 83' lang='grc' dir='ltr'>θεὸν</span> <span class='ocrx_word' id='word_1_482' title='bbox 457 2303 556 2340; x_wconf 61' lang='lat' dir='ltr'><strong>terim]</strong></span> <span class='ocrx_word' id='word_1_483' title='bbox 565 2304 624 2331; x_wconf 81' lang='grc' dir='ltr'><strong>οὐδὲ</strong></span> <span class='ocrx_word' id='word_1_484' title='bbox 637 2305 716 2336; x_wconf 79' lang='grc' dir='ltr'>αὐτὸς</span> <span class='ocrx_word' id='word_1_485' title='bbox 728 2306 742 2331; x_wconf 81' lang='grc' dir='ltr'>ὁ</span> <span class='ocrx_word' id='word_1_486' title='bbox 755 2305 820 2336; x_wconf 75' lang='grc' dir='ltr'>Θεὸς</span> <span class='ocrx_word' id='word_1_487' title='bbox 831 2304 912 2339; x_wconf 80' lang='grc' dir='ltr'>γινώ-</span> 
     </span>
    </p>
   </div>
   <div class='ocr_carea' id='block_1_63' title="bbox 117 2347 911 2388">
    <p class='ocr_par' dir='ltr' id='par_1_63' title="bbox 117 2347 911 2388">
     <span class='ocr_line' id='line_1_63' title="bbox 117 2347 911 2388; baseline -0.003 -9"><span class='ocrx_word' id='word_1_488' title='bbox 117 2361 187 2379; x_wconf 82' lang='grc' dir='ltr'>σκει</span> <span class='ocrx_word' id='word_1_489' title='bbox 208 2350 243 2378; x_wconf 82' lang='grc' dir='ltr'>τὰ</span> <span class='ocrx_word' id='word_1_490' title='bbox 262 2351 327 2378; x_wconf 72' lang='grc' dir='ltr'>ὄντα</span> <span class='ocrx_word' id='word_1_491' title='bbox 390 2350 454 2377; x_wconf 76' lang='grc' dir='ltr'>ὂντα</span> <span class='ocrx_word' id='word_1_492' title='bbox 466 2350 534 2382; x_wconf 70' lang='grc' dir='ltr'>ἐστὶ,</span> <span class='ocrx_word' id='word_1_493' title='bbox 548 2350 685 2377; x_wconf 82' lang='grc' dir='ltr'>τουτέστιν</span> <span class='ocrx_word' id='word_1_494' title='bbox 699 2351 748 2377; x_wconf 83' lang='grc' dir='ltr'><strong>οὐκ</strong></span> <span class='ocrx_word' id='word_1_495' title='bbox 766 2349 834 2377; x_wconf 86' lang='grc' dir='ltr'>οἶδεν</span> <span class='ocrx_word' id='word_1_496' title='bbox 851 2352 911 2378; x_wconf 81' lang='grc' dir='ltr'>ὲπι-</span> 
     </span>
    </p>
   </div>
   <div class='ocr_carea' id='block_1_64' title="bbox 115 2395 913 2431">
    <p class='ocr_par' dir='ltr' id='par_1_64' title="bbox 115 2395 913 2431">
     <span class='ocr_line' id='line_1_64' title="bbox 115 2395 913 2431; baseline -0.001 -8"><span class='ocrx_word' id='word_1_497' title='bbox 115 2396 234 2424; x_wconf 72' lang='grc' dir='ltr'>ϐάλλειν</span> <span class='ocrx_word' id='word_1_498' title='bbox 254 2397 310 2428; x_wconf 82' lang='grc' dir='ltr'>τοῖς</span> <span class='ocrx_word' id='word_1_499' title='bbox 330 2395 467 2431; x_wconf 79' lang='grc' dir='ltr'>αἰσθητοῖς</span> <span class='ocrx_word' id='word_1_500' title='bbox 488 2395 661 2431; x_wconf 75' lang='grc' dir='ltr'>αἱσΟητῶς,ἢ</span> <span class='ocrx_word' id='word_1_501' title='bbox 678 2396 737 2427; x_wconf 85' lang='grc' dir='ltr'>ταῖς</span> <span class='ocrx_word' id='word_1_502' title='bbox 749 2395 854 2428; x_wconf 81' lang='grc' dir='ltr'>οὐσίαις</span> <span class='ocrx_word' id='word_1_503' title='bbox 876 2396 913 2428; x_wconf 84' lang='grc' dir='ltr'>ὡς</span> 
     </span>
    </p>
   </div>
   <div class='ocr_carea' id='block_1_65' title="bbox 113 2440 913 2478">
    <p class='ocr_par' dir='ltr' id='par_1_65' title="bbox 113 2440 913 2478">
     <span class='ocr_line' id='line_1_65' title="bbox 113 2440 913 2478; baseline -0.001 -9"><span class='ocrx_word' id='word_1_504' title='bbox 113 2443 230 2474; x_wconf 81' lang='grc' dir='ltr'>οὐσίαις</span> <span class='ocrx_word' id='word_1_505' title='bbox 240 2451 247 2457; x_wconf 92' lang='grc'><strong>·</strong></span> <span class='ocrx_word' id='word_1_506' title='bbox 264 2441 395 2468; x_wconf 82' lang='grc' dir='ltr'>ἀνοίκειον</span> <span class='ocrx_word' id='word_1_507' title='bbox 414 2440 468 2475; x_wconf 78' lang='grc' dir='ltr'><strong>γὰρ</strong></span> <span class='ocrx_word' id='word_1_508' title='bbox 481 2440 560 2467; x_wconf 74' lang='grc' dir='ltr'>τοῦτο</span> <span class='ocrx_word' id='word_1_509' title='bbox 575 2440 649 2476; x_wconf 81' lang='grc' dir='ltr'>Θεῷ·</span> <span class='ocrx_word' id='word_1_510' title='bbox 664 2441 689 2467; x_wconf 80' lang='lat' dir='ltr'><strong>oi</strong></span> <span class='ocrx_word' id='word_1_511' title='bbox 704 2440 758 2478; x_wconf 86' lang='grc' dir='ltr'><strong>γὰρ</strong></span> <span class='ocrx_word' id='word_1_512' title='bbox 775 2441 913 2477; x_wconf 80' lang='grc' dir='ltr'>ἄνθρωποι</span> 
     </span>
    </p>
   </div>
   <div class='ocr_carea' id='block_1_66' title="bbox 112 2485 915 2523">
    <p class='ocr_par' dir='ltr' id='par_1_66' title="bbox 112 2485 915 2523">
     <span class='ocr_line' id='line_1_66' title="bbox 112 2485 915 2523; baseline -0.004 -6"><span class='ocrx_word' id='word_1_513' title='bbox 112 2493 156 2517; x_wconf 75' lang='grc' dir='ltr'>τὰ</span> <span class='ocrx_word' id='word_1_514' title='bbox 181 2487 298 2523; x_wconf 81' lang='grc' dir='ltr'>αἰσθητὰ</span> <span class='ocrx_word' id='word_1_515' title='bbox 319 2487 335 2523; x_wconf 79' lang='grc' dir='ltr'>ἢ</span> <span class='ocrx_word' id='word_1_516' title='bbox 355 2487 398 2514; x_wconf 78' lang='grc' dir='ltr'><strong>διὰ</strong></span> <span class='ocrx_word' id='word_1_517' title='bbox 419 2486 492 2519; x_wconf 82' lang='grc' dir='ltr'>θέας,</span> <span class='ocrx_word' id='word_1_518' title='bbox 507 2487 523 2522; x_wconf 84' lang='grc' dir='ltr'>ἢ</span> <span class='ocrx_word' id='word_1_519' title='bbox 538 2486 666 2520; x_wconf 79' lang='grc' dir='ltr'>γεύσεως,</span> <span class='ocrx_word' id='word_1_520' title='bbox 682 2485 698 2522; x_wconf 79' lang='grc' dir='ltr'>ἢ</span> <span class='ocrx_word' id='word_1_521' title='bbox 714 2486 786 2522; x_wconf 73' lang='grc' dir='ltr'><strong>ἁφῆς</strong></span> <span class='ocrx_word' id='word_1_522' title='bbox 802 2486 915 2522; x_wconf 79' lang='grc' dir='ltr'>νοοῦμεν</span> 
     </span>
    </p>
   </div>
   <div class='ocr_carea' id='block_1_67' title="bbox 111 2532 917 2573">
    <p class='ocr_par' dir='ltr' id='par_1_67' title="bbox 111 2532 917 2573">
     <span class='ocr_line' id='line_1_67' title="bbox 111 2532 917 2573; baseline -0.004 -11"><span class='ocrx_word' id='word_1_523' title='bbox 111 2535 145 2563; x_wconf 79' lang='grc' dir='ltr'><strong>τί</strong></span> <span class='ocrx_word' id='word_1_524' title='bbox 172 2534 226 2561; x_wconf 83' lang='grc' dir='ltr'>εἰσί</span> <span class='ocrx_word' id='word_1_525' title='bbox 238 2543 245 2549; x_wconf 79' lang='grc'><em>’</em></span> <span class='ocrx_word' id='word_1_526' title='bbox 259 2533 294 2560; x_wconf 78' lang='grc' dir='ltr'>τὰ</span> <span class='ocrx_word' id='word_1_527' title='bbox 309 2533 337 2559; x_wconf 77' lang='grc' dir='ltr'><strong>δὲ</strong></span> <span class='ocrx_word' id='word_1_528' title='bbox 356 2532 438 2568; x_wconf 75' lang='grc' dir='ltr'>νοητὰ</span> <span class='ocrx_word' id='word_1_529' title='bbox 458 2533 512 2559; x_wconf 82' lang='grc' dir='ltr'>ἀπὸ</span> <span class='ocrx_word' id='word_1_530' title='bbox 533 2532 713 2568; x_wconf 73' lang='grc' dir='ltr'>μαθήσεως,ἢ</span> <span class='ocrx_word' id='word_1_531' title='bbox 731 2532 917 2573; x_wconf 52' lang='grc' dir='ltr'>διδασκαλίας,</span> 
     </span>
    </p>
   </div>
   <div class='ocr_carea' id='block_1_68' title="bbox 111 2576 914 2614">
    <p class='ocr_par' dir='ltr' id='par_1_68' title="bbox 111 2576 914 2614">
     <span class='ocr_line' id='line_1_68' title="bbox 111 2576 914 2614; baseline 0 -9"><span class='ocrx_word' id='word_1_532' title='bbox 111 2580 131 2614; x_wconf 81' lang='grc' dir='ltr'><strong>ἢ</strong></span> <span class='ocrx_word' id='word_1_533' title='bbox 149 2578 314 2614; x_wconf 52' lang='lat' dir='ltr'><strong>snam/so;</strong></span> <span class='ocrx_word' id='word_1_534' title='bbox 331 2577 575 2612; x_wconf 73' lang='grc' dir='ltr'>καταλαμϐάνομεν</span> <span class='ocrx_word' id='word_1_535' title='bbox 585 2576 616 2603; x_wconf 78' lang='grc'><strong>³⁹.</strong></span> <span class='ocrx_word' id='word_1_536' title='bbox 638 2576 667 2602; x_wconf 84' lang='grc'><strong>’0</strong></span> <span class='ocrx_word' id='word_1_537' title='bbox 679 2576 707 2603; x_wconf 75' lang='grc' dir='ltr'><strong>δὲ</strong></span> <span class='ocrx_word' id='word_1_538' title='bbox 731 2576 795 2609; x_wconf 78' lang='grc' dir='ltr'>Θεὸς</span> <span class='ocrx_word' id='word_1_539' title='bbox 811 2578 870 2604; x_wconf 77' lang='grc' dir='ltr'>οὐδὲ</span> <span class='ocrx_word' id='word_1_540' title='bbox 885 2578 914 2611; x_wconf 75' lang='grc' dir='ltr'>ἐξ</span> 
     </span>
    </p>
   </div>
   <div class='ocr_carea' id='block_1_69' title="bbox 112 2622 912 2661">
    <p class='ocr_par' dir='ltr' id='par_1_69' title="bbox 112 2622 912 2661">
     <span class='ocr_line' id='line_1_69' title="bbox 112 2622 912 2661; baseline 0 -9"><span class='ocrx_word' id='word_1_541' title='bbox 112 2626 185 2657; x_wconf 73' lang='grc' dir='ltr'>ἑνὸς</span> <span class='ocrx_word' id='word_1_542' title='bbox 197 2625 298 2661; x_wconf 86' lang='grc' dir='ltr'>τρόπου</span> <span class='ocrx_word' id='word_1_543' title='bbox 316 2624 434 2651; x_wconf 81' lang='grc' dir='ltr'>τοιούτου</span> <span class='ocrx_word' id='word_1_544' title='bbox 451 2622 503 2650; x_wconf 78' lang='grc' dir='ltr'>οἶδε</span> <span class='ocrx_word' id='word_1_545' title='bbox 519 2623 554 2650; x_wconf 79' lang='grc' dir='ltr'>τὰ</span> <span class='ocrx_word' id='word_1_546' title='bbox 569 2624 641 2655; x_wconf 80' lang='grc' dir='ltr'>ὄντα,</span> <span class='ocrx_word' id='word_1_547' title='bbox 661 2623 727 2650; x_wconf 78' lang='grc' dir='ltr'>ἀλλὰ</span> <span class='ocrx_word' id='word_1_548' title='bbox 741 2624 839 2658; x_wconf 83' lang='grc' dir='ltr'>γνῶσιν</span> <span class='ocrx_word' id='word_1_549' title='bbox 858 2625 912 2660; x_wconf 79' lang='grc' dir='ltr'>ἔχει</span> 
     </span>
    </p>
   </div>
   <div class='ocr_carea' id='block_1_70' title="bbox 110 2669 912 2708">
    <p class='ocr_par' dir='ltr' id='par_1_70' title="bbox 110 2669 912 2708">
     <span class='ocr_line' id='line_1_70' title="bbox 110 2669 912 2708; baseline 0 -10"><span class='ocrx_word' id='word_1_550' title='bbox 110 2673 173 2708; x_wconf 81' lang='grc' dir='ltr'>τὴν</span> <span class='ocrx_word' id='word_1_551' title='bbox 188 2671 262 2706; x_wconf 76' lang='grc' dir='ltr'>αὐτῷ</span> <span class='ocrx_word' id='word_1_552' title='bbox 275 2670 431 2707; x_wconf 82' lang='grc' dir='ltr'>πρέπουσαν</span> <span class='ocrx_word' id='word_1_553' title='bbox 443 2678 449 2685; x_wconf 90' lang='grc'>·</span> <span class='ocrx_word' id='word_1_554' title='bbox 467 2669 546 2696; x_wconf 83' lang='grc' dir='ltr'>τοῦτο</span> <span class='ocrx_word' id='word_1_555' title='bbox 558 2669 612 2705; x_wconf 79' lang='grc' dir='ltr'><strong>γὰρ</strong></span> <span class='ocrx_word' id='word_1_556' title='bbox 629 2669 773 2696; x_wconf 68' lang='grc' dir='ltr'>αἰνίττεται</span> <span class='ocrx_word' id='word_1_557' title='bbox 788 2670 818 2696; x_wconf 82' lang='grc' dir='ltr'>τὸ</span> <span class='ocrx_word' id='word_1_558' title='bbox 832 2671 912 2706; x_wconf 70' lang='grc' dir='ltr'>ῥητὸν</span> 
     </span>
    </p>
   </div>
   <div class='ocr_carea' id='block_1_71' title="bbox 109 2715 910 2751">
    <p class='ocr_par' dir='ltr' id='par_1_71' title="bbox 109 2715 910 2751">
     <span class='ocr_line' id='line_1_71' title="bbox 109 2715 910 2751; baseline -0.002 -6"><span class='ocrx_word' id='word_1_559' title='bbox 109 2719 148 2745; x_wconf 76' lang='grc' dir='ltr'><strong>τὸ</strong></span> <span class='ocrx_word' id='word_1_560' title='bbox 161 2717 253 2751; x_wconf 79' lang='grc' dir='ltr'>λέγον,</span> <span class='ocrx_word' id='word_1_561' title='bbox 262 2718 293 2743; x_wconf 92' lang='lat'><strong>&#39;0</strong></span> <span class='ocrx_word' id='word_1_562' title='bbox 305 2716 391 2749; x_wconf 73' lang='grc' dir='ltr'><strong>εἰδὼς</strong></span> <span class='ocrx_word' id='word_1_563' title='bbox 403 2716 438 2744; x_wconf 83' lang='grc' dir='ltr'>τὰ</span> <span class='ocrx_word' id='word_1_564' title='bbox 449 2715 545 2743; x_wconf 79' lang='grc' dir='ltr'>πάντα</span> <span class='ocrx_word' id='word_1_565' title='bbox 558 2716 629 2749; x_wconf 66' lang='grc' dir='ltr'><strong>πρὶν</strong></span> <span class='ocrx_word' id='word_1_566' title='bbox 647 2716 791 2750; x_wconf 77' lang='grc' dir='ltr'>γενέσεως</span> <span class='ocrx_word' id='word_1_567' title='bbox 803 2717 910 2749; x_wconf 74' lang='grc' dir='ltr'>αὐτῶν,</span> 
     </span>
    </p>
   </div>
   <div class='ocr_carea' id='block_1_72' title="bbox 110 2762 910 2800">
    <p class='ocr_par' dir='ltr' id='par_1_72' title="bbox 110 2762 910 2800">
     <span class='ocr_line' id='line_1_72' title="bbox 110 2762 910 2800; baseline -0.001 -9"><span class='ocrx_word' id='word_1_568' title='bbox 110 2766 193 2800; x_wconf 73' lang='grc' dir='ltr'>ὅπερ</span> <span class='ocrx_word' id='word_1_569' title='bbox 208 2764 282 2800; x_wconf 82' lang='grc' dir='ltr'>δηλοῖ</span> <span class='ocrx_word' id='word_1_570' title='bbox 306 2764 347 2790; x_wconf 79' lang='grc' dir='ltr'>ὅτι</span> <span class='ocrx_word' id='word_1_571' title='bbox 362 2763 392 2789; x_wconf 81' lang='grc' dir='ltr'><strong>οὑ</strong></span> <span class='ocrx_word' id='word_1_572' title='bbox 408 2763 477 2790; x_wconf 70' lang='grc' dir='ltr'>κατὰ</span> <span class='ocrx_word' id='word_1_573' title='bbox 489 2763 534 2789; x_wconf 72' lang='grc' dir='ltr'>τὸν</span> <span class='ocrx_word' id='word_1_574' title='bbox 555 2762 631 2796; x_wconf 68' lang='grc' dir='ltr'>λόγον</span> <span class='ocrx_word' id='word_1_575' title='bbox 646 2762 695 2797; x_wconf 71' lang='grc' dir='ltr'>τῆς</span> <span class='ocrx_word' id='word_1_576' title='bbox 711 2763 843 2797; x_wconf 76' lang='grc' dir='ltr'>γενέσεως</span> <span class='ocrx_word' id='word_1_577' title='bbox 856 2764 910 2790; x_wconf 84' lang='grc' dir='ltr'><strong>τῶν</strong></span> 
     </span>
    </p>
   </div>
   <div class='ocr_carea' id='block_1_73' title="bbox 154 2829 432 2861">
    <p class='ocr_par' dir='ltr' id='par_1_73' title="bbox 154 2829 432 2861">
     <span class='ocr_line' id='line_1_73' title="bbox 154 2829 432 2861; baseline -0.004 -5"><span class='ocrx_word' id='word_1_578' title='bbox 154 2831 160 2848; x_wconf 71' lang='grc' dir='ltr'><strong>λ</strong></span> <span class='ocrx_word' id='word_1_579' title='bbox 178 2830 202 2849; x_wconf 75' lang='grc' dir='ltr'><strong>·¹ι</strong></span> <span class='ocrx_word' id='word_1_580' title='bbox 223 2829 316 2857; x_wconf 79' lang='lat' dir='ltr'><strong>Matth.</strong></span> <span class='ocrx_word' id='word_1_581' title='bbox 333 2837 372 2861; x_wconf 78' lang='lat' dir='ltr'><strong>xl,</strong></span> <span class='ocrx_word' id='word_1_582' title='bbox 388 2829 432 2856; x_wconf 72' lang='grc'><strong>27.</strong></span> 
     </span>
    </p>
   </div>
   <div class='ocr_carea' id='block_1_74' title="bbox 966 1007 1757 1044">
    <p class='ocr_par' dir='ltr' id='par_1_74' title="bbox 966 1007 1757 1044">
     <span class='ocr_line' id='line_1_74' title="bbox 966 1007 1757 1044; baseline 0.008 -11"><span class='ocrx_word' id='word_1_583' title='bbox 966 1007 1085 1035; x_wconf 89' lang='lat' dir='ltr'><strong>bonitas.</strong></span> <span class='ocrx_word' id='word_1_584' title='bbox 1098 1007 1168 1035; x_wconf 88' lang='lat' dir='ltr'><strong>Nota</strong></span> <span class='ocrx_word' id='word_1_585' title='bbox 1180 1016 1244 1036; x_wconf 88' lang='lat' dir='ltr'><strong>vero</strong></span> <span class='ocrx_word' id='word_1_586' title='bbox 1258 1008 1332 1044; x_wconf 89' lang='lat' dir='ltr'><strong>quod</strong></span> <span class='ocrx_word' id='word_1_587' title='bbox 1348 1016 1398 1037; x_wconf 89' lang='lat' dir='ltr'><strong>nec</strong></span> <span class='ocrx_word' id='word_1_588' title='bbox 1412 1008 1542 1037; x_wconf 85' lang='lat' dir='ltr'><strong>divinitas</strong></span> <span class='ocrx_word' id='word_1_589' title='bbox 1555 1009 1648 1038; x_wconf 89' lang='lat' dir='ltr'><strong>sitDei</strong></span> <span class='ocrx_word' id='word_1_590' title='bbox 1665 1019 1757 1039; x_wconf 86' lang='lat' dir='ltr'><strong>essen-</strong></span> 
     </span>
    </p>
   </div>
   <div class='ocr_carea' id='block_1_75' title="bbox 965 1054 1756 1093">
    <p class='ocr_par' dir='ltr' id='par_1_75' title="bbox 965 1054 1756 1093">
     <span class='ocr_line' id='line_1_75' title="bbox 965 1054 1756 1093; baseline 0.006 -13"><span class='ocrx_word' id='word_1_591' title='bbox 965 1054 1013 1087; x_wconf 82' lang='lat' dir='ltr'><strong>tia,</strong></span> <span class='ocrx_word' id='word_1_592' title='bbox 1029 1054 1099 1082; x_wconf 84' lang='lat' dir='ltr'><strong>sicut</strong></span> <span class='ocrx_word' id='word_1_593' title='bbox 1114 1063 1198 1082; x_wconf 89' lang='lat' dir='ltr'><strong>unum</strong></span> <span class='ocrx_word' id='word_1_594' title='bbox 1216 1063 1310 1083; x_wconf 88' lang='lat' dir='ltr'><strong>eorum</strong></span> <span class='ocrx_word' id='word_1_595' title='bbox 1324 1063 1384 1091; x_wconf 67' lang='lat' dir='ltr'><strong>quas</strong></span> <span class='ocrx_word' id='word_1_596' title='bbox 1403 1055 1475 1083; x_wconf 82' lang='lat' dir='ltr'><strong>dicta</strong></span> <span class='ocrx_word' id='word_1_597' title='bbox 1490 1062 1565 1089; x_wconf 87' lang='lat' dir='ltr'><strong>sunt,</strong></span> <span class='ocrx_word' id='word_1_598' title='bbox 1581 1064 1631 1085; x_wconf 88' lang='lat' dir='ltr'><strong>nec</strong></span> <span class='ocrx_word' id='word_1_599' title='bbox 1652 1058 1756 1093; x_wconf 82' lang='lat' dir='ltr'><strong>aliquid</strong></span> 
     </span>
    </p>
   </div>
   <div class='ocr_carea' id='block_1_76' title="bbox 965 1100 1756 1137">
    <p class='ocr_par' dir='ltr' id='par_1_76' title="bbox 965 1100 1756 1137">
     <span class='ocr_line' id='line_1_76' title="bbox 965 1100 1756 1137; baseline 0.006 -11"><span class='ocrx_word' id='word_1_600' title='bbox 965 1100 1074 1127; x_wconf 89' lang='lat' dir='ltr'><strong>illorum</strong></span> <span class='ocrx_word' id='word_1_601' title='bbox 1101 1109 1161 1136; x_wconf 62' lang='lat' dir='ltr'><strong>quae</strong></span> <span class='ocrx_word' id='word_1_602' title='bbox 1188 1101 1255 1136; x_wconf 82' lang='lat' dir='ltr'><strong>ipsis</strong></span> <span class='ocrx_word' id='word_1_603' title='bbox 1273 1102 1430 1135; x_wconf 87' lang='lat' dir='ltr'><strong>contraria;</strong></span> <span class='ocrx_word' id='word_1_604' title='bbox 1451 1110 1511 1137; x_wconf 66' lang='lat' dir='ltr'><strong>quae</strong></span> <span class='ocrx_word' id='word_1_605' title='bbox 1531 1103 1636 1131; x_wconf 92' lang='lat' dir='ltr'><strong>nullum</strong></span> <span class='ocrx_word' id='word_1_606' title='bbox 1660 1111 1756 1131; x_wconf 87' lang='lat' dir='ltr'><strong>eorum</strong></span> 
     </span>
    </p>
   </div>
   <div class='ocr_carea' id='block_1_77' title="bbox 965 1147 1757 1186">
    <p class='ocr_par' dir='ltr' id='par_1_77' title="bbox 965 1147 1757 1186">
     <span class='ocr_line' id='line_1_77' title="bbox 965 1147 1757 1186; baseline 0.006 -13"><span class='ocrx_word' id='word_1_607' title='bbox 965 1151 1017 1174; x_wconf 85' lang='lat' dir='ltr'><strong>est.</strong></span> <span class='ocrx_word' id='word_1_608' title='bbox 1035 1147 1096 1182; x_wconf 81' lang='lat' dir='ltr'><strong>Ipsa</strong></span> <span class='ocrx_word' id='word_1_609' title='bbox 1111 1148 1183 1174; x_wconf 93' lang='lat' dir='ltr'><strong>enim</strong></span> <span class='ocrx_word' id='word_1_610' title='bbox 1205 1155 1261 1175; x_wconf 91' lang='lat' dir='ltr'><strong>non</strong></span> <span class='ocrx_word' id='word_1_611' title='bbox 1286 1152 1350 1176; x_wconf 89' lang='lat' dir='ltr'><strong>sunt</strong></span> <span class='ocrx_word' id='word_1_612' title='bbox 1373 1149 1434 1184; x_wconf 83' lang='lat' dir='ltr'><strong>ejus</strong></span> <span class='ocrx_word' id='word_1_613' title='bbox 1450 1149 1581 1183; x_wconf 83' lang='lat' dir='ltr'><strong>essentia,</strong></span> <span class='ocrx_word' id='word_1_614' title='bbox 1599 1150 1646 1178; x_wconf 90' lang='lat' dir='ltr'><strong>sed</strong></span> <span class='ocrx_word' id='word_1_615' title='bbox 1662 1152 1757 1186; x_wconf 85' lang='lat' dir='ltr'><strong>opinio</strong></span> 
     </span>
    </p>
   </div>
   <div class='ocr_carea' id='block_1_78' title="bbox 965 1193 1756 1232">
    <p class='ocr_par' dir='ltr' id='par_1_78' title="bbox 965 1193 1756 1232">
     <span class='ocr_line' id='line_1_78' title="bbox 965 1193 1756 1232; baseline 0.006 -12"><span class='ocrx_word' id='word_1_616' title='bbox 965 1193 1040 1220; x_wconf 87' lang='lat' dir='ltr'><strong>circa</strong></span> <span class='ocrx_word' id='word_1_617' title='bbox 1061 1194 1161 1228; x_wconf 89' lang='lat' dir='ltr'><strong>ipsum.</strong></span> <span class='ocrx_word' id='word_1_618' title='bbox 1189 1194 1235 1221; x_wconf 85' lang='lat' dir='ltr'><strong>Sic</strong></span> <span class='ocrx_word' id='word_1_619' title='bbox 1257 1195 1338 1222; x_wconf 85' lang='lat' dir='ltr'><strong>etiam</strong></span> <span class='ocrx_word' id='word_1_620' title='bbox 1357 1195 1456 1223; x_wconf 76' lang='lat' dir='ltr'><strong>Sextus</strong></span> <span class='ocrx_word' id='word_1_621' title='bbox 1473 1196 1650 1232; x_wconf 87' lang='lat' dir='ltr'><strong>philosophus</strong></span> <span class='ocrx_word' id='word_1_622' title='bbox 1664 1199 1756 1225; x_wconf 82' lang='lat' dir='ltr'><strong>eccle-</strong></span> 
     </span>
    </p>
   </div>
   <div class='ocr_carea' id='block_1_79' title="bbox 965 1239 1758 1278">
    <p class='ocr_par' dir='ltr' id='par_1_79' title="bbox 965 1239 1758 1278">
     <span class='ocr_line' id='line_1_79' title="bbox 965 1239 1758 1278; baseline 0.009 -13"><span class='ocrx_word' id='word_1_623' title='bbox 965 1239 1095 1267; x_wconf 86' lang='lat' dir='ltr'><strong>siasticus</strong></span> <span class='ocrx_word' id='word_1_624' title='bbox 1111 1240 1190 1272; x_wconf 81' lang='lat' dir='ltr'><strong>dixit.</strong></span> <span class='ocrx_word' id='word_1_625' title='bbox 1209 1244 1235 1268; x_wconf 91' lang='lat' dir='ltr'><strong>et</strong></span> <span class='ocrx_word' id='word_1_626' title='bbox 1249 1240 1397 1278; x_wconf 81' lang='lat' dir='ltr'><strong>Gregorius</strong></span> <span class='ocrx_word' id='word_1_627' title='bbox 1418 1242 1569 1277; x_wconf 83' lang='lat' dir='ltr'><strong>theologus,</strong></span> <span class='ocrx_word' id='word_1_628' title='bbox 1586 1251 1637 1271; x_wconf 87' lang='lat' dir='ltr'><strong>nec</strong></span> <span class='ocrx_word' id='word_1_629' title='bbox 1657 1244 1758 1272; x_wconf 89' lang='lat' dir='ltr'><strong>divini-</strong></span> 
     </span>
    </p>
   </div>
   <div class='ocr_carea' id='block_1_80' title="bbox 964 1285 1759 1326">
    <p class='ocr_par' dir='ltr' id='par_1_80' title="bbox 964 1285 1759 1326">
     <span class='ocr_line' id='line_1_80' title="bbox 964 1285 1759 1326; baseline 0.011 -15"><span class='ocrx_word' id='word_1_630' title='bbox 964 1287 1047 1312; x_wconf 75' lang='lat' dir='ltr'><strong>tatem</strong></span> <span class='ocrx_word' id='word_1_631' title='bbox 1071 1293 1121 1313; x_wconf 91' lang='lat' dir='ltr'><strong>nec</strong></span> <span class='ocrx_word' id='word_1_632' title='bbox 1147 1285 1307 1322; x_wconf 81' lang='lat' dir='ltr'><strong>ingenitum,</strong></span> <span class='ocrx_word' id='word_1_633' title='bbox 1322 1295 1371 1316; x_wconf 89' lang='lat' dir='ltr'><strong>nec</strong></span> <span class='ocrx_word' id='word_1_634' title='bbox 1387 1289 1577 1323; x_wconf 83' lang='lat' dir='ltr'><strong>paternitatem</strong></span> <span class='ocrx_word' id='word_1_635' title='bbox 1601 1291 1759 1326; x_wconf 79' lang='lat' dir='ltr'><strong>signiﬁcare</strong></span> 
     </span>
    </p>
   </div>
   <div class='ocr_carea' id='block_1_81' title="bbox 965 1329 1188 1359">
    <p class='ocr_par' dir='ltr' id='par_1_81' title="bbox 965 1329 1188 1359">
     <span class='ocr_line' id='line_1_81' title="bbox 965 1329 1188 1359; baseline 0.004 -2"><span class='ocrx_word' id='word_1_636' title='bbox 965 1329 1014 1358; x_wconf 88' lang='lat' dir='ltr'><strong>Dei</strong></span> <span class='ocrx_word' id='word_1_637' title='bbox 1030 1332 1188 1359; x_wconf 85' lang='lat' dir='ltr'><strong>essentiam.</strong></span> 
     </span>
    </p>
   </div>
   <div class='ocr_carea' id='block_1_82' title="bbox 965 1376 1757 1415">
    <p class='ocr_par' dir='ltr' id='par_1_82' title="bbox 965 1376 1757 1415">
     <span class='ocr_line' id='line_1_82' title="bbox 965 1376 1757 1415; baseline 0.014 -12"><span class='ocrx_word' id='word_1_638' title='bbox 965 1386 981 1406; x_wconf 68' lang='grc' dir='ltr'><strong>ιι</strong></span> <span class='ocrx_word' id='word_1_639' title='bbox 1000 1376 1090 1413; x_wconf 78' lang='lat' dir='ltr'><strong>Neque</strong></span> <span class='ocrx_word' id='word_1_640' title='bbox 1117 1378 1251 1411; x_wconf 77' lang='lat' dir='ltr'><strong>divinitas,</strong></span> <span class='ocrx_word' id='word_1_641' title='bbox 1268 1388 1349 1415; x_wconf 79' lang='lat' dir='ltr'><strong>neque</strong></span> <span class='ocrx_word' id='word_1_642' title='bbox 1382 1380 1497 1410; x_wconf 73' lang='lat' dir='ltr'><strong>bonitas.</strong></span> <span class='ocrx_word' id='word_1_643' title='bbox 1522 1382 1593 1410; x_wconf 81' lang='lat' dir='ltr'><strong>Nota</strong></span> <span class='ocrx_word' id='word_1_644' title='bbox 1615 1391 1678 1412; x_wconf 87' lang='lat' dir='ltr'><strong>eum</strong></span> <span class='ocrx_word' id='word_1_645' title='bbox 1705 1394 1757 1414; x_wconf 88' lang='lat' dir='ltr'><strong>nec</strong></span> 
     </span>
    </p>
   </div>
   <div class='ocr_carea' id='block_1_83' title="bbox 964 1423 1759 1465">
    <p class='ocr_par' dir='ltr' id='par_1_83' title="bbox 964 1423 1759 1465">
     <span class='ocr_line' id='line_1_83' title="bbox 964 1423 1759 1465; baseline 0.011 -16"><span class='ocrx_word' id='word_1_646' title='bbox 964 1431 1025 1450; x_wconf 86' lang='lat' dir='ltr'><strong>esse</strong></span> <span class='ocrx_word' id='word_1_647' title='bbox 1043 1423 1175 1458; x_wconf 82' lang='lat' dir='ltr'><strong>Spiritum</strong></span> <span class='ocrx_word' id='word_1_648' title='bbox 1197 1429 1227 1452; x_wconf 90' lang='lat' dir='ltr'><strong>ut</strong></span> <span class='ocrx_word' id='word_1_649' title='bbox 1243 1433 1293 1453; x_wconf 90' lang='lat' dir='ltr'><strong>nos</strong></span> <span class='ocrx_word' id='word_1_650' title='bbox 1313 1427 1443 1460; x_wconf 85' lang='lat' dir='ltr'><strong>sciamus,</strong></span> <span class='ocrx_word' id='word_1_651' title='bbox 1461 1436 1512 1456; x_wconf 92' lang='lat' dir='ltr'><strong>nec</strong></span> <span class='ocrx_word' id='word_1_652' title='bbox 1526 1430 1660 1458; x_wconf 77' lang='lat' dir='ltr'><strong>rationem</strong></span> <span class='ocrx_word' id='word_1_653' title='bbox 1682 1431 1759 1465; x_wconf 87' lang='lat' dir='ltr'><strong>Filii,</strong></span> 
     </span>
    </p>
   </div>
   <div class='ocr_carea' id='block_1_84' title="bbox 965 1471 1757 1509">
    <p class='ocr_par' dir='ltr' id='par_1_84' title="bbox 965 1471 1757 1509">
     <span class='ocr_line' id='line_1_84' title="bbox 965 1471 1757 1509; baseline 0.01 -13"><span class='ocrx_word' id='word_1_654' title='bbox 965 1477 1016 1497; x_wconf 86' lang='lat' dir='ltr'><strong>nec</strong></span> <span class='ocrx_word' id='word_1_655' title='bbox 1037 1471 1171 1498; x_wconf 89' lang='lat' dir='ltr'><strong>rationm</strong></span> <span class='ocrx_word' id='word_1_656' title='bbox 1197 1471 1287 1500; x_wconf 83' lang='lat' dir='ltr'><strong>Patris</strong></span> <span class='ocrx_word' id='word_1_657' title='bbox 1314 1481 1361 1501; x_wconf 91' lang='lat' dir='ltr'><strong>seu</strong></span> <span class='ocrx_word' id='word_1_658' title='bbox 1379 1475 1587 1509; x_wconf 81' lang='lat' dir='ltr'><strong>paternitatem,</strong></span> <span class='ocrx_word' id='word_1_659' title='bbox 1611 1481 1638 1504; x_wconf 84' lang='lat' dir='ltr'><strong>et</strong></span> <span class='ocrx_word' id='word_1_660' title='bbox 1662 1477 1692 1503; x_wconf 70' lang='grc' dir='ltr'>τὴ</span> <span class='ocrx_word' id='word_1_661' title='bbox 1718 1477 1757 1509; x_wconf 70' lang='grc' dir='ltr'><strong>ὡς</strong></span> 
     </span>
    </p>
   </div>
   <div class='ocr_carea' id='block_1_85' title="bbox 965 1517 1753 1559">
    <p class='ocr_par' dir='ltr' id='par_1_85' title="bbox 965 1517 1753 1559">
     <span class='ocr_line' id='line_1_85' title="bbox 965 1517 1753 1559; baseline 0.013 -17"><span class='ocrx_word' id='word_1_662' title='bbox 965 1517 1038 1552; x_wconf 77' lang='grc' dir='ltr'>ἡμᾶς</span> <span class='ocrx_word' id='word_1_663' title='bbox 1061 1517 1158 1544; x_wconf 79' lang='grc' dir='ltr'>ειδέναι</span> <span class='ocrx_word' id='word_1_664' title='bbox 1174 1523 1287 1554; x_wconf 83' lang='lat' dir='ltr'><strong>usurpat</strong></span> <span class='ocrx_word' id='word_1_665' title='bbox 1307 1521 1335 1547; x_wconf 90' lang='lat' dir='ltr'><strong>in</strong></span> <span class='ocrx_word' id='word_1_666' title='bbox 1355 1522 1428 1548; x_wconf 90' lang='lat' dir='ltr'><strong>omni</strong></span> <span class='ocrx_word' id='word_1_667' title='bbox 1443 1523 1571 1557; x_wconf 59' lang='lat' dir='ltr'><strong>prmsenti</strong></span> <span class='ocrx_word' id='word_1_668' title='bbox 1597 1524 1753 1559; x_wconf 78' lang='lat' dir='ltr'><strong>negatione.</strong></span> 
     </span>
    </p>
   </div>
   <div class='ocr_carea' id='block_1_86' title="bbox 966 1562 1647 1598">
    <p class='ocr_par' dir='ltr' id='par_1_86' title="bbox 966 1562 1647 1598">
     <span class='ocr_line' id='line_1_86' title="bbox 966 1562 1647 1598; baseline 0.012 -8"><span class='ocrx_word' id='word_1_669' title='bbox 966 1562 1108 1598; x_wconf 78' lang='lat' dir='ltr'><strong>Signiﬁcat</strong></span> <span class='ocrx_word' id='word_1_670' title='bbox 1122 1573 1186 1592; x_wconf 91' lang='lat' dir='ltr'><strong>vero</strong></span> <span class='ocrx_word' id='word_1_671' title='bbox 1201 1566 1344 1594; x_wconf 80' lang='lat' dir='ltr'><strong>secundum</strong></span> <span class='ocrx_word' id='word_1_672' title='bbox 1362 1573 1481 1595; x_wconf 76' lang='lat' dir='ltr'><strong>nostram</strong></span> <span class='ocrx_word' id='word_1_673' title='bbox 1499 1571 1647 1598; x_wconf 73' lang='lat' dir='ltr'><strong>scientiam.</strong></span> 
     </span>
    </p>
   </div>
   <div class='ocr_carea' id='block_1_87' title="bbox 1003 1610 1755 1652">
    <p class='ocr_par' dir='ltr' id='par_1_87' title="bbox 1003 1610 1755 1652">
     <span class='ocr_line' id='line_1_87' title="bbox 1003 1610 1755 1652; baseline 0.011 -15"><span class='ocrx_word' id='word_1_674' title='bbox 1003 1610 1092 1646; x_wconf 78' lang='lat' dir='ltr'><strong>Neque</strong></span> <span class='ocrx_word' id='word_1_675' title='bbox 1107 1620 1165 1647; x_wconf 74' lang='lat' dir='ltr'><strong>qum</strong></span> <span class='ocrx_word' id='word_1_676' title='bbox 1179 1618 1239 1639; x_wconf 76' lang='lat' dir='ltr'><strong>sunt</strong></span> <span class='ocrx_word' id='word_1_677' title='bbox 1254 1615 1394 1648; x_wconf 78' lang='lat' dir='ltr'><strong>cognoscit.</strong></span> <span class='ocrx_word' id='word_1_678' title='bbox 1413 1615 1496 1650; x_wconf 78' lang='lat'><strong>239</strong></span> <span class='ocrx_word' id='word_1_679' title='bbox 1506 1615 1564 1643; x_wconf 85' lang='lat' dir='ltr'><strong>Non</strong></span> <span class='ocrx_word' id='word_1_680' title='bbox 1579 1620 1605 1644; x_wconf 88' lang='lat' dir='ltr'><strong>te</strong></span> <span class='ocrx_word' id='word_1_681' title='bbox 1615 1618 1755 1652; x_wconf 84' lang='lat' dir='ltr'><strong>perturbet</strong></span> 
     </span>
    </p>
   </div>
   <div class='ocr_carea' id='block_1_88' title="bbox 929 1649 1757 1699">
    <p class='ocr_par' dir='ltr' id='par_1_88' title="bbox 929 1649 1757 1699">
     <span class='ocr_line' id='line_1_88' title="bbox 929 1649 1757 1699; baseline 0.011 -16"><span class='ocrx_word' id='word_1_682' title='bbox 929 1649 950 1677; x_wconf 71' lang='grc' dir='ltr'>Ο</span> <span class='ocrx_word' id='word_1_683' title='bbox 966 1656 1018 1684; x_wconf 89' lang='lat' dir='ltr'><strong>hoc</strong></span> <span class='ocrx_word' id='word_1_684' title='bbox 1030 1663 1121 1692; x_wconf 82' lang='lat' dir='ltr'><strong>caput,</strong></span> <span class='ocrx_word' id='word_1_685' title='bbox 1136 1662 1162 1685; x_wconf 86' lang='lat' dir='ltr'><strong>et</strong></span> <span class='ocrx_word' id='word_1_686' title='bbox 1177 1666 1227 1686; x_wconf 91' lang='lat' dir='ltr'><strong>nec</strong></span> <span class='ocrx_word' id='word_1_687' title='bbox 1241 1660 1363 1687; x_wconf 79' lang='lat' dir='ltr'><strong>divinum</strong></span> <span class='ocrx_word' id='word_1_688' title='bbox 1374 1649 1550 1689; x_wconf 22' lang='lat' dir='ltr'><strong>huncivirum</strong></span> <span class='ocrx_word' id='word_1_689' title='bbox 1567 1663 1757 1699; x_wconf 87' lang='lat' dir='ltr'><strong>blasphemarc</strong></span> 
     </span>
    </p>
   </div>
   <div class='ocr_carea' id='block_1_89' title="bbox 965 1705 1757 1740">
    <p class='ocr_par' dir='ltr' id='par_1_89' title="bbox 965 1705 1757 1740">
     <span class='ocr_line' id='line_1_89' title="bbox 965 1705 1757 1740; baseline 0.013 -11"><span class='ocrx_word' id='word_1_690' title='bbox 965 1707 1062 1738; x_wconf 85' lang='lat' dir='ltr'><strong>putes;</strong></span> <span class='ocrx_word' id='word_1_691' title='bbox 1083 1712 1182 1739; x_wconf 86' lang='lat' dir='ltr'><strong>scopus</strong></span> <span class='ocrx_word' id='word_1_692' title='bbox 1196 1705 1268 1732; x_wconf 89' lang='lat' dir='ltr'><strong>enim</strong></span> <span class='ocrx_word' id='word_1_693' title='bbox 1290 1706 1349 1740; x_wconf 85' lang='lat' dir='ltr'><strong>ejus</strong></span> <span class='ocrx_word' id='word_1_694' title='bbox 1364 1711 1406 1734; x_wconf 88' lang='lat' dir='ltr'><strong>est</strong></span> <span class='ocrx_word' id='word_1_695' title='bbox 1421 1708 1566 1737; x_wconf 84' lang='lat' dir='ltr'><strong>ostendere</strong></span> <span class='ocrx_word' id='word_1_696' title='bbox 1587 1709 1673 1738; x_wconf 91' lang='lat' dir='ltr'><strong>Deum</strong></span> <span class='ocrx_word' id='word_1_697' title='bbox 1687 1711 1757 1739; x_wconf 89' lang='lat' dir='ltr'><strong>nihil</strong></span> 
     </span>
    </p>
   </div>
   <div class='ocr_carea' id='block_1_90' title="bbox 964 1752 1757 1793">
    <p class='ocr_par' dir='ltr' id='par_1_90' title="bbox 964 1752 1757 1793">
     <span class='ocr_line' id='line_1_90' title="bbox 964 1752 1757 1793; baseline 0.013 -17"><span class='ocrx_word' id='word_1_698' title='bbox 964 1757 1025 1777; x_wconf 89' lang='lat' dir='ltr'><strong>esse</strong></span> <span class='ocrx_word' id='word_1_699' title='bbox 1048 1758 1142 1778; x_wconf 90' lang='lat' dir='ltr'><strong>eorum</strong></span> <span class='ocrx_word' id='word_1_700' title='bbox 1159 1759 1218 1786; x_wconf 80' lang='lat' dir='ltr'><strong>quae</strong></span> <span class='ocrx_word' id='word_1_701' title='bbox 1239 1756 1313 1784; x_wconf 82' lang='lat' dir='ltr'><strong>sunt,</strong></span> <span class='ocrx_word' id='word_1_702' title='bbox 1331 1752 1379 1780; x_wconf 88' lang='lat' dir='ltr'><strong>sed</strong></span> <span class='ocrx_word' id='word_1_703' title='bbox 1398 1761 1548 1789; x_wconf 86' lang='lat' dir='ltr'><strong>superare;</strong></span> <span class='ocrx_word' id='word_1_704' title='bbox 1572 1756 1596 1784; x_wconf 90' lang='lat' dir='ltr'><strong>si</strong></span> <span class='ocrx_word' id='word_1_705' title='bbox 1610 1757 1682 1784; x_wconf 87' lang='lat' dir='ltr'><strong>enim</strong></span> <span class='ocrx_word' id='word_1_706' title='bbox 1698 1758 1757 1793; x_wconf 88' lang='lat' dir='ltr'><strong>ipse</strong></span> 
     </span>
    </p>
   </div>
   <div class='ocr_carea' id='block_1_91' title="bbox 965 1796 1758 1836">
    <p class='ocr_par' dir='ltr' id='par_1_91' title="bbox 965 1796 1758 1836">
     <span class='ocr_line' id='line_1_91' title="bbox 965 1796 1758 1836; baseline 0.014 -14"><span class='ocrx_word' id='word_1_707' title='bbox 965 1796 1056 1823; x_wconf 88' lang='lat' dir='ltr'><strong>omnia</strong></span> <span class='ocrx_word' id='word_1_708' title='bbox 1086 1797 1206 1825; x_wconf 89' lang='lat' dir='ltr'><strong>creando</strong></span> <span class='ocrx_word' id='word_1_709' title='bbox 1236 1799 1406 1833; x_wconf 79' lang='lat' dir='ltr'><strong>produxerit,</strong></span> <span class='ocrx_word' id='word_1_710' title='bbox 1433 1802 1571 1836; x_wconf 89' lang='lat' dir='ltr'><strong>quomodo</strong></span> <span class='ocrx_word' id='word_1_711' title='bbox 1601 1804 1758 1832; x_wconf 86' lang='lat' dir='ltr'><strong>invenietur</strong></span> 
     </span>
    </p>
   </div>
   <div class='ocr_carea' id='block_1_92' title="bbox 963 1846 1755 1885">
    <p class='ocr_par' dir='ltr' id='par_1_92' title="bbox 963 1846 1755 1885">
     <span class='ocr_line' id='line_1_92' title="bbox 963 1846 1755 1885; baseline 0.014 -17"><span class='ocrx_word' id='word_1_712' title='bbox 963 1849 1024 1869; x_wconf 88' lang='lat' dir='ltr'><strong>esse</strong></span> <span class='ocrx_word' id='word_1_713' title='bbox 1048 1850 1131 1870; x_wconf 93' lang='lat' dir='ltr'><strong>unum</strong></span> <span class='ocrx_word' id='word_1_714' title='bbox 1155 1851 1250 1871; x_wconf 89' lang='lat' dir='ltr'><strong>eorum</strong></span> <span class='ocrx_word' id='word_1_715' title='bbox 1271 1853 1332 1880; x_wconf 67' lang='lat' dir='ltr'><strong>quae</strong></span> <span class='ocrx_word' id='word_1_716' title='bbox 1359 1846 1439 1873; x_wconf 77' lang='lat' dir='ltr'><strong>sunt?</strong></span> <span class='ocrx_word' id='word_1_717' title='bbox 1451 1847 1520 1874; x_wconf 85' lang='lat' dir='ltr'><strong>dixit</strong></span> <span class='ocrx_word' id='word_1_718' title='bbox 1533 1849 1617 1881; x_wconf 89' lang='lat' dir='ltr'><strong>enitn,</strong></span> <span class='ocrx_word' id='word_1_719' title='bbox 1632 1851 1706 1885; x_wconf 90' lang='lat' dir='ltr'><strong>quod</strong></span> <span class='ocrx_word' id='word_1_720' title='bbox 1722 1860 1755 1879; x_wconf 80' lang='lat' dir='ltr'><strong>ea</strong></span> 
     </span>
    </p>
   </div>
   <div class='ocr_carea' id='block_1_93' title="bbox 963 1890 1756 1933">
    <p class='ocr_par' dir='ltr' id='par_1_93' title="bbox 963 1890 1756 1933">
     <span class='ocr_line' id='line_1_93' title="bbox 963 1890 1756 1933; baseline 0.015 -19"><span class='ocrx_word' id='word_1_721' title='bbox 963 1896 1024 1922; x_wconf 71' lang='lat' dir='ltr'><strong>qua:</strong></span> <span class='ocrx_word' id='word_1_722' title='bbox 1046 1893 1111 1916; x_wconf 87' lang='lat' dir='ltr'><strong>sunt</strong></span> <span class='ocrx_word' id='word_1_723' title='bbox 1126 1890 1237 1919; x_wconf 89' lang='lat' dir='ltr'><strong>minime</strong></span> <span class='ocrx_word' id='word_1_724' title='bbox 1254 1891 1337 1919; x_wconf 86' lang='lat' dir='ltr'><strong>Deum</strong></span> <span class='ocrx_word' id='word_1_725' title='bbox 1356 1893 1478 1921; x_wconf 93' lang='lat' dir='ltr'><strong>omnium</strong></span> <span class='ocrx_word' id='word_1_726' title='bbox 1496 1900 1636 1924; x_wconf 80' lang='lat' dir='ltr'><strong>auctorem</strong></span> <span class='ocrx_word' id='word_1_727' title='bbox 1651 1905 1756 1933; x_wconf 77' lang='lat' dir='ltr'><strong>cogno—</strong></span> 
     </span>
    </p>
   </div>
   <div class='ocr_carea' id='block_1_94' title="bbox 963 1936 1752 1972">
    <p class='ocr_par' dir='ltr' id='par_1_94' title="bbox 963 1936 1752 1972">
     <span class='ocr_line' id='line_1_94' title="bbox 963 1936 1752 1972; baseline 0.013 -11"><span class='ocrx_word' id='word_1_728' title='bbox 963 1938 1058 1969; x_wconf 87' lang='lat' dir='ltr'><strong>scant;</strong></span> <span class='ocrx_word' id='word_1_729' title='bbox 1073 1936 1232 1965; x_wconf 79' lang='lat' dir='ltr'><strong>manifestus</strong></span> <span class='ocrx_word' id='word_1_730' title='bbox 1256 1943 1347 1966; x_wconf 85' lang='lat' dir='ltr'><strong>autem</strong></span> <span class='ocrx_word' id='word_1_731' title='bbox 1373 1939 1511 1972; x_wconf 87' lang='lat' dir='ltr'><strong>interitus,</strong></span> <span class='ocrx_word' id='word_1_732' title='bbox 1532 1941 1615 1969; x_wconf 89' lang='lat' dir='ltr'><strong>Deutn</strong></span> <span class='ocrx_word' id='word_1_733' title='bbox 1631 1951 1686 1970; x_wconf 88' lang='lat' dir='ltr'><strong>non</strong></span> <span class='ocrx_word' id='word_1_734' title='bbox 1704 1951 1752 1971; x_wconf 92' lang='lat' dir='ltr'><strong>co-</strong></span> 
     </span>
    </p>
   </div>
   <div class='ocr_carea' id='block_1_95' title="bbox 963 1985 1755 2020">
    <p class='ocr_par' dir='ltr' id='par_1_95' title="bbox 963 1985 1755 2020">
     <span class='ocr_line' id='line_1_95' title="bbox 963 1985 1755 2020; baseline 0.014 -14"><span class='ocrx_word' id='word_1_735' title='bbox 963 1987 1094 2015; x_wconf 79' lang='lat' dir='ltr'><strong>gnoscere</strong></span> <span class='ocrx_word' id='word_1_736' title='bbox 1119 1992 1124 2008; x_wconf 94' lang='lat'>:</span> <span class='ocrx_word' id='word_1_737' title='bbox 1151 1985 1178 2008; x_wconf 85' lang='lat' dir='ltr'><strong>at</strong></span> <span class='ocrx_word' id='word_1_738' title='bbox 1202 1990 1264 2010; x_wconf 75' lang='lat' dir='ltr'><strong>mox</strong></span> <span class='ocrx_word' id='word_1_739' title='bbox 1293 1985 1412 2020; x_wconf 83' lang='lat' dir='ltr'><strong>seipsum</strong></span> <span class='ocrx_word' id='word_1_740' title='bbox 1439 1985 1589 2014; x_wconf 84' lang='lat' dir='ltr'><strong>declaravit</strong></span> <span class='ocrx_word' id='word_1_741' title='bbox 1620 1995 1682 2016; x_wconf 88' lang='lat' dir='ltr'><strong>cutn</strong></span> <span class='ocrx_word' id='word_1_742' title='bbox 1710 1990 1755 2017; x_wconf 92' lang='lat' dir='ltr'><strong>di-</strong></span> 
     </span>
    </p>
   </div>
   <div class='ocr_carea' id='block_1_96' title="bbox 963 2022 1756 2071">
    <p class='ocr_par' dir='ltr' id='par_1_96' title="bbox 963 2022 1756 2071">
     <span class='ocr_line' id='line_1_96' title="bbox 963 2022 1756 2071; baseline 0.014 -19"><span class='ocrx_word' id='word_1_743' title='bbox 963 2026 1013 2058; x_wconf 74' lang='lat' dir='ltr'><strong>xit,</strong></span> <span class='ocrx_word' id='word_1_744' title='bbox 1043 2032 1178 2062; x_wconf 89' lang='lat' dir='ltr'><strong>quatenus</strong></span> <span class='ocrx_word' id='word_1_745' title='bbox 1208 2033 1265 2063; x_wconf 89' lang='lat' dir='ltr'><strong>est,</strong></span> <span class='ocrx_word' id='word_1_746' title='bbox 1294 2022 1321 2057; x_wconf 87' lang='lat' dir='ltr'><strong>id</strong></span> <span class='ocrx_word' id='word_1_747' title='bbox 1355 2034 1397 2058; x_wconf 90' lang='lat' dir='ltr'><strong>est</strong></span> <span class='ocrx_word' id='word_1_748' title='bbox 1431 2032 1535 2059; x_wconf 91' lang='lat' dir='ltr'><strong>nullum</strong></span> <span class='ocrx_word' id='word_1_749' title='bbox 1565 2041 1660 2062; x_wconf 88' lang='lat' dir='ltr'><strong>eorum</strong></span> <span class='ocrx_word' id='word_1_750' title='bbox 1694 2043 1756 2071; x_wconf 70' lang='lat' dir='ltr'><strong>qua:</strong></span> 
     </span>
    </p>
   </div>
   <div class='ocr_carea' id='block_1_97' title="bbox 963 2072 1752 2114">
    <p class='ocr_par' dir='ltr' id='par_1_97' title="bbox 963 2072 1752 2114">
     <span class='ocr_line' id='line_1_97' title="bbox 963 2072 1752 2114; baseline 0.014 -15"><span class='ocrx_word' id='word_1_751' title='bbox 963 2076 1026 2099; x_wconf 91' lang='lat' dir='ltr'><strong>sunt</strong></span> <span class='ocrx_word' id='word_1_752' title='bbox 1057 2072 1141 2100; x_wconf 88' lang='lat' dir='ltr'><strong>Deum</strong></span> <span class='ocrx_word' id='word_1_753' title='bbox 1161 2075 1301 2109; x_wconf 81' lang='lat' dir='ltr'><strong>cognoscit</strong></span> <span class='ocrx_word' id='word_1_754' title='bbox 1324 2080 1461 2110; x_wconf 88' lang='lat' dir='ltr'><strong>quatenus</strong></span> <span class='ocrx_word' id='word_1_755' title='bbox 1480 2082 1533 2111; x_wconf 89' lang='lat' dir='ltr'><strong>est,</strong></span> <span class='ocrx_word' id='word_1_756' title='bbox 1557 2086 1618 2114; x_wconf 86' lang='lat' dir='ltr'><strong>pro,</strong></span> <span class='ocrx_word' id='word_1_757' title='bbox 1640 2081 1752 2110; x_wconf 90' lang='lat' dir='ltr'><strong>minime</strong></span> 
     </span>
    </p>
   </div>
   <div class='ocr_carea' id='block_1_98' title="bbox 963 2118 1755 2158">
    <p class='ocr_par' dir='ltr' id='par_1_98' title="bbox 963 2118 1755 2158">
     <span class='ocr_line' id='line_1_98' title="bbox 963 2118 1755 2158; baseline 0.013 -13"><span class='ocrx_word' id='word_1_758' title='bbox 963 2118 1158 2154; x_wconf 78' lang='lat' dir='ltr'><strong>intelligibilem</strong></span> <span class='ocrx_word' id='word_1_759' title='bbox 1190 2124 1217 2148; x_wconf 85' lang='lat' dir='ltr'><strong>et</strong></span> <span class='ocrx_word' id='word_1_760' title='bbox 1242 2122 1360 2149; x_wconf 83' lang='lat' dir='ltr'><strong>essentia</strong></span> <span class='ocrx_word' id='word_1_761' title='bbox 1388 2124 1556 2158; x_wconf 87' lang='lat' dir='ltr'><strong>superiorem</strong></span> <span class='ocrx_word' id='word_1_762' title='bbox 1589 2134 1651 2154; x_wconf 88' lang='lat' dir='ltr'><strong>esse</strong></span> <span class='ocrx_word' id='word_1_763' title='bbox 1681 2127 1755 2156; x_wconf 78' lang='lat' dir='ltr'><strong>illitis</strong></span> 
     </span>
    </p>
   </div>
   <div class='ocr_carea' id='block_1_99' title="bbox 962 2167 1754 2208">
    <p class='ocr_par' dir='ltr' id='par_1_99' title="bbox 962 2167 1754 2208">
     <span class='ocr_line' id='line_1_99' title="bbox 962 2167 1754 2208; baseline 0.014 -16"><span class='ocrx_word' id='word_1_764' title='bbox 962 2167 1126 2197; x_wconf 87' lang='lat' dir='ltr'><strong>essentiam,</strong></span> <span class='ocrx_word' id='word_1_765' title='bbox 1156 2167 1198 2194; x_wconf 84' lang='lat' dir='ltr'><strong>vel</strong></span> <span class='ocrx_word' id='word_1_766' title='bbox 1223 2168 1409 2197; x_wconf 84' lang='lat' dir='ltr'><strong>exsistentiam</strong></span> <span class='ocrx_word' id='word_1_767' title='bbox 1439 2178 1493 2208; x_wconf 87' lang='lat' dir='ltr'><strong>qua</strong></span> <span class='ocrx_word' id='word_1_768' title='bbox 1515 2172 1625 2200; x_wconf 85' lang='lat' dir='ltr'><strong>exsistit</strong></span> <span class='ocrx_word' id='word_1_769' title='bbox 1650 2183 1658 2201; x_wconf 87' lang='lat'><strong>:</strong></span> <span class='ocrx_word' id='word_1_770' title='bbox 1685 2175 1754 2203; x_wconf 86' lang='lat' dir='ltr'><strong>dicit</strong></span> 
     </span>
    </p>
   </div>
   <div class='ocr_carea' id='block_1_100' title="bbox 961 2212 1754 2255">
    <p class='ocr_par' dir='ltr' id='par_1_100' title="bbox 961 2212 1754 2255">
     <span class='ocr_line' id='line_1_100' title="bbox 961 2212 1754 2255; baseline 0.015 -18"><span class='ocrx_word' id='word_1_771' title='bbox 961 2213 1032 2238; x_wconf 87' lang='lat' dir='ltr'><strong>enim</strong></span> <span class='ocrx_word' id='word_1_772' title='bbox 1064 2212 1206 2246; x_wconf 84' lang='lat' dir='ltr'><strong>Scriptura</strong></span> <span class='ocrx_word' id='word_1_773' title='bbox 1225 2222 1231 2240; x_wconf 89' lang='lat'>:</span> <span class='ocrx_word' id='word_1_774' title='bbox 1253 2212 1336 2240; x_wconf 80' lang='lat' dir='ltr'><strong>Nemo</strong></span> <span class='ocrx_word' id='word_1_775' title='bbox 1359 2216 1430 2242; x_wconf 81' lang='lat' dir='ltr'><strong>novit</strong></span> <span class='ocrx_word' id='word_1_776' title='bbox 1453 2216 1564 2251; x_wconf 81' lang='lat' dir='ltr'><strong>Filium,</strong></span> <span class='ocrx_word' id='word_1_777' title='bbox 1583 2219 1635 2246; x_wconf 68' lang='lat' dir='ltr'><strong>nisi</strong></span> <span class='ocrx_word' id='word_1_778' title='bbox 1663 2220 1754 2255; x_wconf 81' lang='lat' dir='ltr'><strong>Pater,</strong></span> 
     </span>
    </p>
   </div>
   <div class='ocr_carea' id='block_1_101' title="bbox 961 2257 1754 2301">
    <p class='ocr_par' dir='ltr' id='par_1_101' title="bbox 961 2257 1754 2301">
     <span class='ocr_line' id='line_1_101' title="bbox 961 2257 1754 2301; baseline 0.015 -18"><span class='ocrx_word' id='word_1_779' title='bbox 961 2265 1042 2293; x_wconf 80' lang='lat' dir='ltr'><strong>neque</strong></span> <span class='ocrx_word' id='word_1_780' title='bbox 1070 2257 1178 2285; x_wconf 78' lang='lat' dir='ltr'><strong>Patrem</strong></span> <span class='ocrx_word' id='word_1_781' title='bbox 1216 2260 1273 2295; x_wconf 78' lang='lat' dir='ltr'><strong>quis</strong></span> <span class='ocrx_word' id='word_1_782' title='bbox 1295 2261 1366 2288; x_wconf 80' lang='lat' dir='ltr'><strong>novit</strong></span> <span class='ocrx_word' id='word_1_783' title='bbox 1386 2262 1437 2288; x_wconf 80' lang='lat' dir='ltr'><strong>nisi</strong></span> <span class='ocrx_word' id='word_1_784' title='bbox 1453 2261 1541 2290; x_wconf 75' lang='lat' dir='ltr'><strong>Filius</strong></span> <span class='ocrx_word' id='word_1_785' title='bbox 1556 2264 1614 2298; x_wconf 70' lang='lat' dir='ltr'><strong>i&#39;k;</strong></span> <span class='ocrx_word' id='word_1_786' title='bbox 1630 2269 1711 2301; x_wconf 85' lang='lat' dir='ltr'><strong>atque</strong></span> <span class='ocrx_word' id='word_1_787' title='bbox 1737 2275 1754 2295; x_wconf 82' lang='lat' dir='ltr'><strong>a</strong></span> 
     </span>
    </p>
   </div>
   <div class='ocr_carea' id='block_1_102' title="bbox 963 2304 1752 2348">
    <p class='ocr_par' dir='ltr' id='par_1_102' title="bbox 963 2304 1752 2348">
     <span class='ocr_line' id='line_1_102' title="bbox 963 2304 1752 2348; baseline 0.013 -18"><span class='ocrx_word' id='word_1_788' title='bbox 963 2304 1102 2332; x_wconf 88' lang='lat' dir='ltr'><strong>contrario</strong></span> <span class='ocrx_word' id='word_1_789' title='bbox 1122 2305 1197 2332; x_wconf 80' lang='lat' dir='ltr'><strong>addit</strong></span> <span class='ocrx_word' id='word_1_790' title='bbox 1221 2314 1335 2342; x_wconf 77' lang='lat' dir='ltr'><strong>magnus</strong></span> <span class='ocrx_word' id='word_1_791' title='bbox 1363 2307 1526 2344; x_wconf 79' lang='lat' dir='ltr'><strong>Dionysius,</strong></span> <span class='ocrx_word' id='word_1_792' title='bbox 1545 2310 1636 2346; x_wconf 87' lang='lat' dir='ltr'><strong>aitque</strong></span> <span class='ocrx_word' id='word_1_793' title='bbox 1657 2311 1752 2348; x_wconf 89' lang='lat' dir='ltr'><strong>[Nemo</strong></span> 
     </span>
    </p>
   </div>
   <div class='ocr_carea' id='block_1_103' title="bbox 963 2351 1754 2393">
    <p class='ocr_par' dir='ltr' id='par_1_103' title="bbox 963 2351 1754 2393">
     <span class='ocr_line' id='line_1_103' title="bbox 963 2351 1754 2393; baseline 0.013 -16"><span class='ocrx_word' id='word_1_794' title='bbox 963 2352 1105 2386; x_wconf 81' lang='lat' dir='ltr'><strong>cognoscit</strong></span> <span class='ocrx_word' id='word_1_795' title='bbox 1122 2351 1206 2380; x_wconf 84' lang='lat' dir='ltr'><strong>Deum</strong></span> <span class='ocrx_word' id='word_1_796' title='bbox 1229 2360 1282 2388; x_wconf 88' lang='lat' dir='ltr'><strong>qua</strong></span> <span class='ocrx_word' id='word_1_797' title='bbox 1297 2351 1418 2390; x_wconf 77' lang='lat' dir='ltr'><strong>est],nec</strong></span> <span class='ocrx_word' id='word_1_798' title='bbox 1443 2354 1501 2390; x_wconf 87' lang='lat' dir='ltr'><strong>ipse</strong></span> <span class='ocrx_word' id='word_1_799' title='bbox 1521 2355 1593 2385; x_wconf 86' lang='lat' dir='ltr'><strong>Deus</strong></span> <span class='ocrx_word' id='word_1_800' title='bbox 1609 2360 1754 2393; x_wconf 75' lang='lat' dir='ltr'><strong>cognoscit</strong></span> 
     </span>
    </p>
   </div>
   <div class='ocr_carea' id='block_1_104' title="bbox 965 2402 1754 2437">
    <p class='ocr_par' dir='ltr' id='par_1_104' title="bbox 965 2402 1754 2437">
     <span class='ocr_line' id='line_1_104' title="bbox 965 2402 1754 2437; baseline 0.013 -13"><span class='ocrx_word' id='word_1_801' title='bbox 965 2405 997 2424; x_wconf 88' lang='lat' dir='ltr'><strong>ea</strong></span> <span class='ocrx_word' id='word_1_802' title='bbox 1013 2405 1074 2433; x_wconf 61' lang='lat' dir='ltr'><strong>qua;</strong></span> <span class='ocrx_word' id='word_1_803' title='bbox 1089 2403 1152 2426; x_wconf 91' lang='lat' dir='ltr'><strong>sunt</strong></span> <span class='ocrx_word' id='word_1_804' title='bbox 1165 2404 1300 2434; x_wconf 81' lang='lat' dir='ltr'><strong>quatenus</strong></span> <span class='ocrx_word' id='word_1_805' title='bbox 1311 2405 1386 2433; x_wconf 86' lang='lat' dir='ltr'><strong>sunt,</strong></span> <span class='ocrx_word' id='word_1_806' title='bbox 1399 2402 1424 2429; x_wconf 87' lang='lat' dir='ltr'><strong>id</strong></span> <span class='ocrx_word' id='word_1_807' title='bbox 1443 2406 1497 2437; x_wconf 88' lang='lat' dir='ltr'><strong>est,</strong></span> <span class='ocrx_word' id='word_1_808' title='bbox 1510 2405 1597 2432; x_wconf 90' lang='lat' dir='ltr'><strong>nescit</strong></span> <span class='ocrx_word' id='word_1_809' title='bbox 1612 2405 1754 2435; x_wconf 80' lang='lat' dir='ltr'><strong>intendere</strong></span> 
     </span>
    </p>
   </div>
   <div class='ocr_carea' id='block_1_105' title="bbox 967 2443 1753 2487">
    <p class='ocr_par' dir='ltr' id='par_1_105' title="bbox 967 2443 1753 2487">
     <span class='ocr_line' id='line_1_105' title="bbox 967 2443 1753 2487; baseline 0.015 -18"><span class='ocrx_word' id='word_1_810' title='bbox 967 2443 1115 2472; x_wconf 82' lang='lat' dir='ltr'><strong>sensilibus</strong></span> <span class='ocrx_word' id='word_1_811' title='bbox 1126 2445 1206 2472; x_wconf 88' lang='lat' dir='ltr'><strong>modo</strong></span> <span class='ocrx_word' id='word_1_812' title='bbox 1217 2447 1351 2479; x_wconf 88' lang='lat' dir='ltr'><strong>sensibili,</strong></span> <span class='ocrx_word' id='word_1_813' title='bbox 1368 2452 1414 2474; x_wconf 84' lang='lat' dir='ltr'><strong>aut</strong></span> <span class='ocrx_word' id='word_1_814' title='bbox 1425 2449 1554 2478; x_wconf 87' lang='lat' dir='ltr'><strong>essentiis</strong></span> <span class='ocrx_word' id='word_1_815' title='bbox 1564 2454 1593 2477; x_wconf 90' lang='lat' dir='ltr'><strong>ut</strong></span> <span class='ocrx_word' id='word_1_816' title='bbox 1608 2453 1753 2487; x_wconf 84' lang='lat' dir='ltr'><strong>essentiis;</strong></span> 
     </span>
    </p>
   </div>
   <div class='ocr_carea' id='block_1_106' title="bbox 967 2489 1754 2531">
    <p class='ocr_par' dir='ltr' id='par_1_106' title="bbox 967 2489 1754 2531">
     <span class='ocr_line' id='line_1_106' title="bbox 967 2489 1754 2531; baseline 0.014 -16"><span class='ocrx_word' id='word_1_817' title='bbox 967 2489 1034 2516; x_wconf 85' lang='lat' dir='ltr'><strong>illud</strong></span> <span class='ocrx_word' id='word_1_818' title='bbox 1053 2490 1124 2517; x_wconf 87' lang='lat' dir='ltr'><strong>enim</strong></span> <span class='ocrx_word' id='word_1_819' title='bbox 1136 2491 1190 2518; x_wconf 87' lang='lat' dir='ltr'><strong>Deo</strong></span> <span class='ocrx_word' id='word_1_820' title='bbox 1206 2500 1259 2519; x_wconf 91' lang='lat' dir='ltr'><strong>non</strong></span> <span class='ocrx_word' id='word_1_821' title='bbox 1277 2494 1404 2520; x_wconf 88' lang='lat' dir='ltr'><strong>convenit</strong></span> <span class='ocrx_word' id='word_1_822' title='bbox 1419 2503 1425 2521; x_wconf 93' lang='lat'><strong>:</strong></span> <span class='ocrx_word' id='word_1_823' title='bbox 1442 2502 1492 2522; x_wconf 91' lang='lat' dir='ltr'><strong>nos</strong></span> <span class='ocrx_word' id='word_1_824' title='bbox 1506 2496 1616 2531; x_wconf 90' lang='lat' dir='ltr'><strong>quidem</strong></span> <span class='ocrx_word' id='word_1_825' title='bbox 1628 2497 1754 2527; x_wconf 87' lang='lat' dir='ltr'><strong>homines</strong></span> 
     </span>
    </p>
   </div>
   <div class='ocr_carea' id='block_1_107' title="bbox 969 2535 1752 2577">
    <p class='ocr_par' dir='ltr' id='par_1_107' title="bbox 969 2535 1752 2577">
     <span class='ocr_line' id='line_1_107' title="bbox 969 2535 1752 2577; baseline 0.013 -16"><span class='ocrx_word' id='word_1_826' title='bbox 969 2535 1111 2563; x_wconf 83' lang='lat' dir='ltr'><strong>sensilium</strong></span> <span class='ocrx_word' id='word_1_827' title='bbox 1135 2541 1258 2564; x_wconf 84' lang='lat' dir='ltr'><strong>naturam</strong></span> <span class='ocrx_word' id='word_1_828' title='bbox 1286 2542 1332 2565; x_wconf 84' lang='lat' dir='ltr'><strong>aut</strong></span> <span class='ocrx_word' id='word_1_829' title='bbox 1358 2540 1427 2571; x_wconf 81' lang='lat' dir='ltr'><strong>risu,</strong></span> <span class='ocrx_word' id='word_1_830' title='bbox 1443 2544 1489 2568; x_wconf 88' lang='lat' dir='ltr'><strong>aut</strong></span> <span class='ocrx_word' id='word_1_831' title='bbox 1505 2547 1595 2577; x_wconf 78' lang='lat' dir='ltr'><strong>gustu,</strong></span> <span class='ocrx_word' id='word_1_832' title='bbox 1612 2548 1658 2570; x_wconf 87' lang='lat' dir='ltr'><strong>aut</strong></span> <span class='ocrx_word' id='word_1_833' title='bbox 1678 2548 1752 2572; x_wconf 85' lang='lat' dir='ltr'><strong>tactu</strong></span> 
     </span>
    </p>
   </div>
   <div class='ocr_carea' id='block_1_108' title="bbox 968 2580 1754 2621">
    <p class='ocr_par' dir='ltr' id='par_1_108' title="bbox 968 2580 1754 2621">
     <span class='ocr_line' id='line_1_108' title="bbox 968 2580 1754 2621; baseline 0.014 -14"><span class='ocrx_word' id='word_1_834' title='bbox 968 2580 1145 2617; x_wconf 72' lang='lat' dir='ltr'><strong>intelligimus</strong></span> <span class='ocrx_word' id='word_1_835' title='bbox 1164 2593 1170 2610; x_wconf 78' lang='grc' dir='ltr'>ε</span> <span class='ocrx_word' id='word_1_836' title='bbox 1188 2588 1215 2610; x_wconf 85' lang='lat' dir='ltr'><strong>at</strong></span> <span class='ocrx_word' id='word_1_837' title='bbox 1248 2585 1426 2621; x_wconf 77' lang='lat' dir='ltr'><strong>intelligihilia</strong></span> <span class='ocrx_word' id='word_1_838' title='bbox 1456 2588 1557 2621; x_wconf 81' lang='lat' dir='ltr'><strong>studio,</strong></span> <span class='ocrx_word' id='word_1_839' title='bbox 1580 2593 1627 2616; x_wconf 88' lang='lat' dir='ltr'><strong>aut</strong></span> <span class='ocrx_word' id='word_1_840' title='bbox 1648 2590 1754 2618; x_wconf 89' lang='lat' dir='ltr'><strong>instru-</strong></span> 
     </span>
    </p>
   </div>
   <div class='ocr_carea' id='block_1_109' title="bbox 967 2627 1754 2667">
    <p class='ocr_par' dir='ltr' id='par_1_109' title="bbox 967 2627 1754 2667">
     <span class='ocr_line' id='line_1_109' title="bbox 967 2627 1754 2667; baseline 0.011 -14"><span class='ocrx_word' id='word_1_841' title='bbox 967 2627 1056 2655; x_wconf 84' lang='lat' dir='ltr'><strong>ctionc</strong></span> <span class='ocrx_word' id='word_1_842' title='bbox 1066 2633 1112 2655; x_wconf 83' lang='lat' dir='ltr'><strong>aut</strong></span> <span class='ocrx_word' id='word_1_843' title='bbox 1128 2629 1309 2658; x_wconf 84' lang='lat' dir='ltr'><strong>illustratione</strong></span> <span class='ocrx_word' id='word_1_844' title='bbox 1325 2633 1591 2667; x_wconf 83' lang='lat' dir='ltr'><strong>comprehendimus.</strong></span> <span class='ocrx_word' id='word_1_845' title='bbox 1601 2634 1673 2663; x_wconf 88' lang='lat' dir='ltr'><strong>Deus</strong></span> <span class='ocrx_word' id='word_1_846' title='bbox 1688 2644 1754 2663; x_wconf 85' lang='lat' dir='ltr'><strong>vero</strong></span> 
     </span>
    </p>
   </div>
   <div class='ocr_carea' id='block_1_110' title="bbox 967 2674 1753 2713">
    <p class='ocr_par' dir='ltr' id='par_1_110' title="bbox 967 2674 1753 2713">
     <span class='ocr_line' id='line_1_110' title="bbox 967 2674 1753 2713; baseline 0.01 -14"><span class='ocrx_word' id='word_1_847' title='bbox 967 2674 1042 2700; x_wconf 89' lang='lat' dir='ltr'><strong>nullo</strong></span> <span class='ocrx_word' id='word_1_848' title='bbox 1054 2675 1151 2701; x_wconf 88' lang='lat' dir='ltr'><strong>horum</strong></span> <span class='ocrx_word' id='word_1_849' title='bbox 1165 2675 1308 2702; x_wconf 81' lang='lat' dir='ltr'><strong>modorum</strong></span> <span class='ocrx_word' id='word_1_850' title='bbox 1323 2678 1398 2704; x_wconf 88' lang='lat' dir='ltr'><strong>novit</strong></span> <span class='ocrx_word' id='word_1_851' title='bbox 1408 2686 1439 2705; x_wconf 85' lang='lat' dir='ltr'><strong>ea</strong></span> <span class='ocrx_word' id='word_1_852' title='bbox 1456 2687 1515 2713; x_wconf 69' lang='lat' dir='ltr'><strong>quae</strong></span> <span class='ocrx_word' id='word_1_853' title='bbox 1527 2684 1600 2710; x_wconf 87' lang='lat' dir='ltr'><strong>sunt,</strong></span> <span class='ocrx_word' id='word_1_854' title='bbox 1612 2680 1658 2707; x_wconf 82' lang='lat' dir='ltr'><strong>sed</strong></span> <span class='ocrx_word' id='word_1_855' title='bbox 1671 2680 1753 2707; x_wconf 75' lang='lat' dir='ltr'><strong>habet</strong></span> 
     </span>
    </p>
   </div>
   <div class='ocr_carea' id='block_1_111' title="bbox 966 2719 1751 2755">
    <p class='ocr_par' dir='ltr' id='par_1_111' title="bbox 966 2719 1751 2755">
     <span class='ocr_line' id='line_1_111' title="bbox 966 2719 1751 2755; baseline 0.009 -10"><span class='ocrx_word' id='word_1_856' title='bbox 966 2719 1150 2754; x_wconf 82' lang='lat' dir='ltr'><strong>cognitionem</strong></span> <span class='ocrx_word' id='word_1_857' title='bbox 1175 2721 1227 2748; x_wconf 83' lang='lat' dir='ltr'><strong>sibi</strong></span> <span class='ocrx_word' id='word_1_858' title='bbox 1255 2724 1502 2755; x_wconf 83' lang='lat' dir='ltr'><strong>accommodatam;</strong></span> <span class='ocrx_word' id='word_1_859' title='bbox 1518 2724 1569 2751; x_wconf 88' lang='lat' dir='ltr'><strong>hoc</strong></span> <span class='ocrx_word' id='word_1_860' title='bbox 1587 2726 1658 2751; x_wconf 89' lang='lat' dir='ltr'><strong>enim</strong></span> <span class='ocrx_word' id='word_1_861' title='bbox 1675 2725 1751 2752; x_wconf 90' lang='lat' dir='ltr'><strong>Scri-</strong></span> 
     </span>
    </p>
   </div>
   <div class='ocr_carea' id='block_1_112' title="bbox 966 2766 1753 2806">
    <p class='ocr_par' dir='ltr' id='par_1_112' title="bbox 966 2766 1753 2806">
     <span class='ocr_line' id='line_1_112' title="bbox 966 2766 1753 2806; baseline 0.009 -15"><span class='ocrx_word' id='word_1_862' title='bbox 966 2769 1044 2800; x_wconf 89' lang='lat' dir='ltr'><strong>ptura</strong></span> <span class='ocrx_word' id='word_1_863' title='bbox 1061 2766 1182 2793; x_wconf 85' lang='lat' dir='ltr'><strong>insinuat</strong></span> <span class='ocrx_word' id='word_1_864' title='bbox 1195 2775 1256 2794; x_wconf 88' lang='lat' dir='ltr'><strong>cum</strong></span> <span class='ocrx_word' id='word_1_865' title='bbox 1272 2768 1351 2796; x_wconf 82' lang='lat' dir='ltr'><strong>dicit:</strong></span> <span class='ocrx_word' id='word_1_866' title='bbox 1364 2769 1416 2802; x_wconf 83' lang='lat' dir='ltr'><strong>Qui</strong></span> <span class='ocrx_word' id='word_1_867' title='bbox 1430 2770 1500 2797; x_wconf 85' lang='lat' dir='ltr'><strong>novit</strong></span> <span class='ocrx_word' id='word_1_868' title='bbox 1511 2771 1597 2797; x_wconf 84' lang='lat' dir='ltr'><strong>omnia</strong></span> <span class='ocrx_word' id='word_1_869' title='bbox 1612 2776 1753 2806; x_wconf 68' lang='lat' dir='ltr'><strong>antequam</strong></span> 
     </span>
    </p>
   </div>
   <div class='ocr_carea' id='block_1_113' title="bbox 582 2888 1258 2917">
    <p class='ocr_par' dir='ltr' id='par_1_113' title="bbox 582 2888 1258 2917">
     <span class='ocr_line' id='line_1_113' title="bbox 582 2888 1258 2917; baseline 0.001 -3"><span class='ocrx_word' id='word_1_870' title='bbox 582 2888 698 2915; x_wconf 70' lang='lat' dir='ltr'><strong>VARI/15</strong></span> <span class='ocrx_word' id='word_1_871' title='bbox 720 2888 907 2916; x_wconf 59' lang='lat' dir='ltr'><strong>LECTIONES</strong></span> <span class='ocrx_word' id='word_1_872' title='bbox 921 2888 963 2915; x_wconf 87' lang='lat' dir='ltr'><strong>ET</strong></span> <span class='ocrx_word' id='word_1_873' title='bbox 983 2888 1258 2917; x_wconf 71' lang='lat' dir='ltr'><strong>CORRECTIONES.</strong></span> 
     </span>
    </p>
   </div>
   <div class='ocr_carea' id='block_1_114' title="bbox 178 2946 484 2984">
    <p class='ocr_par' dir='ltr' id='par_1_114' title="bbox 178 2946 484 2984">
     <span class='ocr_line' id='line_1_114' title="bbox 178 2946 484 2984; baseline 0.003 -11"><span class='ocrx_word' id='word_1_874' title='bbox 178 2946 201 2961; x_wconf 78' lang='grc'><strong>³⁵</strong></span> <span class='ocrx_word' id='word_1_875' title='bbox 220 2947 484 2984; x_wconf 65' lang='grc' dir='ltr'>καταλαμΰάνοῖιται.</span> 
     </span>
    </p>
   </div>
  </div>
