1940 3064
180 206 235 234 131

186 265 278 299 ﬁsrent
294 263 315 295 ι,
331 263 405 298 quod
420 263 542 290 declarat
559 262 643 290 Deum
665 271 718 291 non
742 271 907 299 cognoscere
932 264 978 292 illa

180 318 246 346 qua:
269 313 334 337 sunt
353 309 504 337 secundum
525 310 659 337 rationem
683 310 866 346 generationis
882 317 977 338 eorum

184 357 249 393 [hoc
265 362 307 385 est
335 357 523 393 sensibiliter],
545 357 592 385 sed
610 357 762 384 secundum
784 357 867 384 alium
882 357 977 393 cogni-

183 404 268 431 tionis
284 403 405 431 modum.
435 403 529 438 Angeli
547 403 655 438 quidem
671 403 716 430 illa
736 409 905 437 cognoscunt
926 410 977 430 no-

184 450 279 479 scendi
296 450 426 478 facultate
441 453 468 476 ct
481 449 561 476 modo
575 450 761 481 immateriali,
772 458 824 477 non
839 451 911 477 sicut
926 457 976 476 uos

183 495 319 528 sensibili;
330 496 370 522 sic
385 495 466 530 igitur
477 494 558 521 etiam
575 494 646 522 Deus
658 495 761 530 absque
773 495 976 530 comparatione

181 545 209 570 et
224 541 508 572 transcendentaliter,
522 548 576 567 non
601 544 692 568 autem
718 542 845 569 essentiis
870 543 976 569 incum-

129 583 133 588 “
180 589 250 617 hens
276 588 351 615 novit
373 595 405 615 ea
419 595 480 622 qua:
495 590 568 614 sunt.
585 587 689 615 Aliter:
702 588 742 614 Τὰ
757 588 820 614 ὄντα
834 595 882 615 seu
898 594 976 614 erea-

129 631 138 652 ⁵
181 639 250 663 tum
271 642 326 662 non
346 637 463 669 possunt
476 633 707 661 intellectionibus
724 642 807 670 supra
837 634 974 669 propriam

179 686 307 710 naturam
329 680 439 709 extendi
470 690 477 707 :
505 680 605 708 merito
634 681 718 716 igitur
749 681 854 716 seipsas
885 681 974 715 inspi-

179 729 293 760 cientes,
307 729 427 756 divinam
455 728 584 764 ignorant
608 731 744 760 naturam,
766 732 901 763 quatenus
916 727 975 762 ipsa

178 779 231 803 est.
245 774 291 802 Sic
312 775 396 810 igitur
411 774 504 802 divina
523 778 621 801 natura
645 773 763 809 seipsam
782 773 900 805 intuens,
919 781 974 800 non

178 822 255 849 novit
266 822 293 848 in
311 829 341 849 se
354 821 400 848 illa
408 829 469 856 qua:
484 820 709 848 suntsecundum
721 820 849 848 essentize
866 820 974 846 illorum

178 867 327 900 rationem;
345 867 396 895 hoc
412 867 485 894 enim
503 866 652 894 declaravit
666 873 729 892 cum
748 866 827 897 dixit,
838 869 974 901 quatenus

178 917 243 942 sunt
257 913 342 946 entia,
361 913 492 948 quoniam
516 915 629 947 superat
653 911 746 939 omnia
770 919 830 947 qua:
851 915 926 943 sunt.
946 915 976 938 et

177 959 258 986 modo
286 959 434 986 essentiam
449 958 575 985 vincente
597 957 716 988 exsistit.
736 957 858 992 alioquin
876 957 968 984 nullus

175 1006 277 1034 dixerit
297 1005 382 1033 Deum
405 1005 532 1041 ignorare
555 1012 620 1032 suas
643 1007 795 1031 creaturas.
818 1003 860 1030 Ad
886 1003 966 1030 idem.

175 1053 285 1081 Nullum
297 1061 380 1081 nosse
395 1053 570 1088 purissimam
586 1051 758 1085 Trinitatem,
767 1055 904 1087 quatenus
913 1055 965 1084 est,

176 1108 237 1136 pro,
252 1100 320 1127 nihil
344 1103 387 1128 est
412 1099 483 1127 sicut
506 1099 562 1131 illa,
576 1102 605 1126 ut
617 1106 678 1126 eam
697 1102 856 1134 cognoscat,
872 1105 968 1134 quem-

176 1147 323 1175 admodum
345 1146 405 1181 ipsa
425 1151 482 1178 est;
505 1153 557 1174 nos
584 1145 656 1173 enim
687 1145 881 1182 cognoscimus
904 1145 968 1180 qui-

175 1194 238 1222 dem
255 1193 322 1228 quid
345 1193 381 1221 sit
392 1192 561 1224 humanitas,
573 1192 703 1227 quoniam
719 1192 845 1220 homines
859 1199 965 1225 sumus;

176 1244 204 1267 at
213 1239 398 1267 exsislentiam
412 1238 566 1274 purissima:
579 1237 724 1265 Trinitatis
750 1237 888 1265 nescimus
900 1236 967 1272 quid

176 1285 228 1318 sit;
243 1292 298 1312 non
315 1285 388 1312 enim
403 1292 500 1311 sumus
514 1292 547 1311 ex
564 1283 645 1321 240
663 1284 756 1311 eadem
773 1283 911 1310 essentia:
924 1282 966 1310 sie

175 1339 265 1366 neque
277 1330 349 1357 Deus
363 1330 438 1357 novit
447 1337 478 1357 ea
490 1337 550 1365 qua:
559 1334 634 1361 sunt,
642 1333 778 1364 quatenus
785 1333 859 1360 sunt,
869 1337 966 1364 quem-

175 1376 323 1404 admodum
348 1383 414 1409 nos;
432 1375 496 1410 quia
529 1383 586 1402 non
612 1380 654 1402 est
672 1375 781 1409 aliquod
797 1382 891 1402 eorum
907 1382 967 1409 qua:

175 1425 251 1455 sunt,
266 1426 312 1449 aut
328 1422 355 1448 in
371 1421 450 1456 ipsis.
463 1420 522 1448 Etsi
534 1421 606 1448 enim
620 1420 691 1448 Deus
704 1422 740 1448 sit
755 1421 877 1456 spiritus.
890 1420 968 1455 equi-

174 1469 236 1497 dem
260 1471 373 1496 sanctus
402 1467 524 1502 Spiritus
541 1467 578 1493 ita
595 1468 770 1500 nominatur,
791 1466 838 1494 sed
855 1474 908 1493 non
926 1470 968 1494 est

173 1517 288 1552 spiritus
305 1515 384 1543 nobis
403 1516 539 1551 cognitus,
552 1518 599 1542 aut
615 1515 731 1550 angelis.
746 1514 802 1541 Cur
813 1522 889 1546 vero,
903 1522 966 1542 eum

174 1564 302 1600 superius
316 1563 442 1596 dixisset,
458 1571 514 1590 non
525 1567 568 1590 est
584 1563 687 1596 lumen,
701 1571 751 1591 nec
762 1563 873 1595 veritas,
885 1563 967 1598 paulo

581 205 752 233 APPENDIX
771 205 817 233 AD
836 205 952 234 OPEﬂA
971 204 1000 234 S.
1017 205 1168 234 DlONYSll
1184 206 1427 236 ΑΒΕΟΡΑΩΙΤίΕ.

1715 233 1718 235 .
1764 208 1810 236 852

992 269 1015 297 Α
1028 265 1112 292 ὄντων
1124 263 1194 293 οἶδεν
1206 265 1276 293 αὐτὰ
1292 267 1306 292 ὁ
1317 266 1383 297 Θεὸς
1393 265 1475 301 [ὅπερ
1486 266 1560 292 ἐστὶν
1572 265 1720 301 αἰσθητῶς,
1733 265 1809 303 ἀλλὰ]

1029 312 1090 339 καθ’
1107 312 1200 348 ἕτερον
1216 312 1343 346 γνώσεως
1362 312 1473 348 τρόπον.
1489 313 1520 340 οι
1535 312 1645 347 ἄγγελοι
1662 313 1690 339 δὲ
1705 321 1810 347 γνωστι-

1029 358 1084 390 κῶς
1105 358 1175 385 αὐτὰ
1198 358 1246 385 καὶ
1266 358 1355 390 ὰΰλως
1376 359 1569 393 γινώσκουσιν,
1593 358 1643 393 οὐχ
1674 358 1712 390 ὡς
1740 360 1812 395 ﬂuat;
1863 381 1866 385 .

1028 404 1174 440 αἰσθητῶς.
1201 403 1294 436 Οὕτως
1323 402 1369 431 οὖν
1397 404 1445 431 καὶ
1469 405 1483 432 ὁ
1498 404 1564 436 Θεὸς
1585 404 1755 440 ἀσυγκρίτως
1769 405 1811 432 καὶ

1028 450 1319 487 ὑπεραναῦεϐηκότως,
1335 450 1365 477 οὐ
1383 450 1436 486 μὴν
1460 451 1520 482 ταῖς
1545 450 1650 482 οὐσίαις
1665 450 1810 478 ἐπιϐάλλων

1028 493 1080 521 οἶδε
1097 495 1133 521 τὰ
1148 494 1223 521 ὄντα.
1237 496 1371 527 Ἀλλωςε
1389 494 1430 521 Τὰ
1441 494 1515 528 ὄντα,
1533 495 1617 530 ἡγουν
1632 494 1668 522 τὰ
1681 496 1810 531 κτίσματα

1029 541 1097 577 ὑπὲρ
1113 542 1163 577 τὴν
1179 541 1282 568 ἑαυτῶν
1298 541 1378 576 φύσιν
1396 542 1544 577 ἐκταθῆναι
1565 542 1625 574 ταῖς
1641 543 1764 578 νοήσεσιν
1782 543 1809 569 οὺ

1027 587 1153 615 δύναται’
1168 588 1280 619 εἰκότως
1296 586 1343 614 οὖν
1362 588 1402 619 εἰς
1418 587 1502 614 ἑαυτὰ
1513 588 1646 623 βλέποντα
1664 589 1754 622 ἀγνοεῖ
1767 589 1810 624 τὴν

1027 634 1102 661 θείαν
1127 634 1217 669 φύσιν,
1243 634 1303 661 καθ’
1319 635 1334 661 ὃ
1363 635 1432 671 αὐτή
1460 635 1544 662 ἐστιν.
1564 634 1657 667 Οὕτως
1671 633 1716 662 οὗν
1737 636 1810 672 καὶὴ

1027 680 1086 707 θεία
1111 680 1202 715 φύσις,
1218 678 1280 716 [εἰς]
1295 680 1394 716 ἑαυτὴν
1406 679 1550 715 βλέπουσα,
1567 680 1617 706 οὐκ
1629 678 1698 707 οἶδεν
1714 681 1742 707 ὲν
1753 681 1811 708 ἑαυ-

1025 728 1058 762 τῇ
1075 724 1143 753 εἶναι
1157 726 1192 753 τὰ
1208 727 1273 753 ὅντα
1289 726 1359 753 κατὰ
1372 726 1418 753 τὸν
1428 726 1478 761 τῆς
1490 726 1583 758 οὐσίας
1596 725 1710 763 [αὐτῶν]
1719 727 1792 762 λόγον
1802 736 1810 743 ·

1025 772 1103 799 τοῦτο
1113 773 1166 810 γὰρ
1179 773 1311 809 ἐδήλωσεν
1323 774 1417 805 εἰπὼν,
1467 773 1530 800 ὄντα
1543 773 1628 806 ἐστὶν,
1640 773 1732 810 ἐπειδὴ
1747 774 1810 811 ὑπὲρ

1026 820 1113 847 πάντα
1132 820 1166 846 τὰ
1194 820 1258 846 ὂντα
1273 821 1319 846 καὶ
1333 819 1399 846 αὐτὸ
1416 819 1446 846 τὸ
1466 817 1535 846 εἶναι
1554 819 1684 854 κέκτηται
1700 820 1811 856 ὑπερθυ-

1026 866 1091 898 alio;
1102 874 1109 881 ’
1136 866 1236 903 ἑτέρως
1250 865 1305 901 γὰρ
1318 865 1368 892 οὐκ
1381 865 1413 892 ἄν
1425 874 1468 897 τις
1478 865 1549 892 εἴποι
1564 866 1672 900 ἀγνοεῖν
1689 865 1736 893 τὸν
1748 866 1811 894 Θεὸν

1025 913 1060 939 τὰ
1074 913 1172 940 ἑαυτοῦ
1187 913 1334 948 κτίσματα.
1349 913 1402 945 Εἰς
1412 912 1445 939 τὸ
1462 912 1546 940 αὐτό.
1565 913 1625 940 Ὅτι
1640 912 1726 945 οὐδεὶς
1738 912 1813 948 γινώ-

985 957 1005 984 Β
1021 968 1080 986 σκει
1093 960 1144 995 τὴν
1158 959 1291 996 ἄχραντον
1316 959 1436 995 Τριάδι,
1455 959 1515 986 καθ’
1533 958 1548 986 ὃ
1567 960 1637 996 αὐτή
1652 961 1737 992 ἐστιν,
1751 960 1810 987 ἀντὶ

1017 1005 1075 1038 τοῦ,
1089 1004 1164 1032 οὐδὲν
1176 1006 1250 1032 ἐστιν
1264 1006 1302 1037 ὡς
1317 1006 1398 1041 αὐτὴ,
1413 1006 1456 1032 ἵνα
1472 1006 1518 1032 καὶ
1533 1005 1660 1044 γινώσκῃ
1676 1006 1760 1042 αὐτὴν
1774 1007 1811 1038 ὡς

1017 1052 1086 1086 αὐτή
1112 1053 1204 1080 ἐστιν·
1231 1054 1313 1089 ἡμεῖς
1339 1052 1388 1088 μὲν
1407 1051 1462 1087 γὰρ
1488 1051 1660 1088 γινώσκομεν
1677 1052 1705 1079 τί
1741 1053 1811 1079 ἐστιν

1017 1100 1204 1136 ἁνθρωπόκτης,
1219 1099 1311 1135 ἐπειδὴ
1328 1099 1468 1135 ἄνθρωποί
1483 1099 1566 1134 ὲσμεν
1577 1107 1585 1114 ·
1596 1099 1646 1135 τὴν
1659 1099 1687 1126 δὲ
1699 1099 1811 1136 ὓπαρξιν

1017 1146 1066 1182 τῆς
1081 1146 1216 1182 ἁχράντου
1237 1146 1352 1181 Τριάδος
1367 1146 1418 1172 οὐκ
1440 1146 1520 1181 ῐσμεν
1543 1144 1569 1172 τι
1590 1145 1686 1172 ἐστιν·
1702 1145 1733 1171 οὐ
1758 1146 1812 1181 γάρ

1018 1193 1101 1228 ἐσμεν
1130 1194 1162 1220 ὲκ
1190 1193 1239 1229 τῆς
1261 1192 1354 1224 οὐσίας
1382 1191 1467 1227 αὐτῆς
1480 1191 1519 1207 ⁸ο·
1537 1190 1623 1223 οὓτως
1645 1191 1704 1220 οὐδὲ
1719 1192 1733 1218 ὁ
1747 1191 1813 1224 Θεδς

1018 1237 1070 1266 εἶδε
1085 1239 1121 1267 τὰ
1134 1239 1200 1267 ὄντα
1244 1239 1311 1271 ἐστὶ,
1324 1237 1415 1270 καθὼς
1428 1239 1508 1274 ἡμεῖς
1535 1239 1566 1265 οὐ
1578 1240 1633 1274 γάρ
1649 1237 1708 1264 ἐστί
1719 1246 1746 1263 τι
1759 1237 1813 1264 τῶν

1017 1286 1101 1313 ὀντων
1118 1286 1134 1321 ἢ
1158 1287 1217 1312 κατ’
1232 1285 1302 1313 αὐτά
1319 1293 1326 1299 ·
1342 1285 1394 1312 κᾶν
1410 1284 1465 1320 γὰρ
1480 1284 1561 1316 αὐτὸς
1582 1284 1693 1320 πνεῦμα
1706 1285 1721 1310 ὁ
1736 1283 1811 1316 Θεὸς,

1017 1334 1065 1360 καὶ
1090 1333 1122 1359 τὸ
1148 1333 1225 1367 ἅγιον
1253 1332 1346 1368 μέντοι
1381 1331 1494 1366 Πνεῦμα
1525 1330 1611 1363 οὕτως
1644 1331 1812 1366 ὠνόμασται,

1019 1379 1076 1406 ἀλλ’
1105 1378 1177 1414 [οὐκ]
1203 1378 1261 1404 ἐστι
1286 1376 1393 1412 πνεῦμα
1421 1377 1559 1413 γνώριμον
1586 1378 1661 1412 ἡμῖν,
1684 1376 1701 1411 ἢ
1731 1375 1813 1410 ἀγγέ-

1017 1424 1081 1455 λοις.
1098 1423 1130 1449 Τί
1145 1423 1174 1450 δὲ
1194 1422 1322 1458 ἀνωτέρω
1335 1421 1428 1455 εἰπὼν,
1440 1423 1491 1449 οὐκ
1506 1422 1564 1448 ἐστι
1581 1422 1649 1456 φῶς,
1667 1421 1729 1448 οὐδὲ
1744 1421 1812 1457 ἀλή-

1018 1469 1086 1501 οεια,
1104 1468 1276 1500 ὑποκαταϐὰς
1293 1468 1372 1495 πάλιν
1388 1467 1472 1502 λέγει,
1490 1469 1539 1494 οὐκ
1551 1467 1608 1494 ἔστι
1622 1467 1727 1500 σκότος,
1749 1467 1812 1494 οὐδὲ

1018 1515 1085 1551 φῶς,
1103 1516 1163 1542 οὐδὲ
1179 1516 1282 1551 πλάνη,
1300 1515 1360 1542 οὐδὲ
1379 1515 1508 1551 ἀλήθειας
1522 1515 1637 1542 Δυνατὺν
1650 1512 1696 1541 οὖν
1709 1515 1813 1549 ἐπιχει-

1019 1562 1118 1598 ροῦντα
1130 1563 1227 1594 εἰπεῖν,
1240 1562 1282 1588 ὅτι
1298 1562 1328 1588 τὺ
1339 1562 1388 1598 μὲν
1405 1561 1512 1597 πρῶτον
1527 1561 1592 1596 περὶ
1607 1560 1654 1587 τοῦ
1669 1560 1813 1592 ἁπολύτως

173 1615 236 1646 post
251 1610 421 1638 contrarium
442 1610 520 1642 dicit,
536 1617 592 1637 non
617 1614 659 1638 est
676 1610 793 1638 tenebrae
818 1618 906 1645 neque
924 1610 967 1637 luo

1020 1612 1106 1647 φωτὸς
1127 1612 1210 1647 λέγει,
1230 1612 1291 1639 οὐδὲ
1306 1612 1393 1647 πλάνη
1411 1612 1449 1644 ὡς
1466 1612 1495 1638 ἐν
1506 1611 1611 1643 οὐσίαις
1622 1611 1643 1626 ⁸¹
1658 1610 1713 1638 τῶν
1728 1610 1814 1645 ἀγγέ‹

172 1666 246 1690 men,
261 1665 313 1685 nec
336 1664 425 1688 error,
453 1665 505 1684 nec
529 1656 768 1685 veritas?Posset
797 1658 888 1692 itaque
917 1657 964 1692 qui

173 1704 250 1731 illum
270 1708 364 1731 tuetur
386 1703 488 1736 dicere,
506 1704 583 1731 illum
601 1703 690 1738 primo
708 1703 742 1730 de
759 1703 861 1730 lumine
884 1703 966 1730 abso-

172 1751 230 1779 luto
245 1751 331 1786 loqui,
347 1758 397 1778 nec
414 1758 476 1778 esse
492 1758 625 1783 errorem,
641 1750 712 1777 sicut
728 1750 755 1777 in
775 1749 902 1777 essentiis
917 1757 966 1776 an-

172 1797 307 1831 gelorum,
328 1799 355 1823 et
379 1795 519 1823 veritatem
547 1803 642 1823 earum
658 1803 718 1831 qua:
733 1803 781 1830 per
795 1803 824 1822 se
840 1795 966 1823 absoluta

172 1846 199 1869 et
215 1842 275 1869 sine
290 1849 374 1869 causa
387 1845 429 1869 est
442 1842 627 1874 veritas.Qua)
635 1846 725 1869 autem
738 1846 900 1877 sequuntur,
914 1849 965 1869 nec

172 1896 267 1915 corum
279 1895 340 1922 qua:
353 1887 385 1914 ad
400 1887 503 1922 aliquid
520 1887 650 1914 nimirum
664 1895 697 1914 ex
711 1887 832 1915 tenebris
844 1891 965 1915 mutatus

172 1934 200 1961 in
217 1933 317 1966 lumen,
334 1932 413 1968 quasi
426 1940 460 1959 ex
472 1932 574 1960 lumine
592 1933 664 1968 quod
680 1937 785 1960 tantum
800 1937 842 1961 est
852 1933 963 1967 virtute,

172 1984 293 2008 mutatus
309 1980 336 2007 in
350 1987 410 2008 esse
424 1980 515 2007 lumen
528 1979 600 2014 quod
612 1984 675 2007 actu
686 1984 728 2007 est
742 1980 845 2008 lumen.
860 1979 964 2008 Lumen

170 2032 197 2055 et
213 2026 333 2054 tenebrat
349 2030 413 2054 sunt
429 2034 461 2054 ex
475 2026 510 2054 iis
526 2035 587 2062 qua:
602 2027 674 2054 inter
691 2034 720 2054 se
736 2026 899 2062 dependent,
912 2035 964 2055 nec

171 2071 245 2098 enim
265 2074 307 2099 est
329 2071 426 2107 caligo,
438 2079 490 2099 nec
507 2071 597 2099 lumen
613 2071 774 2107 copiosum;
791 2071 830 2099 sic
846 2080 934 2107 neque
949 2080 963 2099 a

1017 1659 1080 1692 λων,
1094 1660 1141 1686 καὶ
1157 1659 1286 1695 ἀλήθειαν
1303 1659 1353 1695 τὴν
1371 1658 1644 1693 αὖτοαπολελυμένως
1659 1657 1707 1685 καὶ
1731 1658 1811 1684 ἀναι-

1015 1705 1081 1736 τίως
1095 1704 1223 1740 ἀλήθειαν
1234 1713 1240 1720 -
1264 1704 1298 1730 τὰ
1312 1704 1341 1730 δὲ
1362 1703 1470 1740 ἐφεξῆς,
1489 1703 1531 1730 ὃτι
1544 1702 1606 1730 οὔτε
1619 1702 1673 1729 τῶν
1691 1702 1760 1738 πρός
1771 1711 1812 1734 τι,

1016 1749 1072 1778 οἷον
1091 1752 1123 1777 ὲκ
1140 1750 1252 1782 σκότους
1267 1749 1439 1786 μεταϐάλλων
1457 1749 1524 1784 φῶς,
1538 1748 1638 1776 ὡσανεὶ
1654 1748 1686 1775 ὲκ
1701 1747 1749 1775 τοῦ
1763 1748 1814 1775 δυ-

1017 1797 1098 1832 νάμει
1115 1796 1201 1831 φωτὸς
1215 1797 1254 1828 εἰς
1271 1796 1301 1822 τὸ
1313 1796 1436 1831 ἐνεργείᾳ
1452 1795 1509 1830 φῶς
1522 1794 1696 1830 μεταβάλλων
1708 1795 1741 1821 ὲκ
1751 1794 1812 1821 τῶν

1019 1842 1149 1877 σχετικῶν
1170 1842 1210 1873 εἰς
1226 1841 1327 1875 ἄλληλα
1344 1841 1402 1875 φῶς
1414 1841 1461 1868 καὶ
1477 1841 1571 1872 σκότος
1581 1849 1587 1855 ·
1602 1839 1664 1866 οὔτε
1678 1839 1733 1875 γὰρ
1745 1840 1812 1874 γνό-

1018 1897 1067 1923 φος
1083 1889 1165 1920 ἐστὶν,
1173 1887 1233 1914 οὔτε
1244 1887 1311 1914 πολὺ
1326 1886 1391 1921 φῶς,
1399 1885 1485 1918 οὕτως
1496 1886 1557 1913 οὕτε
1571 1887 1603 1913 ἐκ
1615 1885 1662 1912 τοῦ
1674 1884 1810 1916 ἐναντίου,

1017 1935 1049 1961 ἐκ
1060 1934 1107 1960 τοῦ
1125 1933 1195 1961 κατὰ
1209 1933 1321 1969 δύναμιν
1335 1932 1436 1968 πλάνην
1454 1930 1522 1959 εἶναι
1535 1932 1574 1964 εἰς
1587 1931 1714 1967 ἀλήθειαν
1730 1932 1810 1967 ὲνερ-

1015 1981 1077 2016 γείᾳ
1090 1979 1220 2015 μετέϐαλε
1230 1988 1240 1995 ν
1255 1979 1343 2006 πάντα
1366 1978 1420 2013 γὰρ
1440 1977 1535 2009 ταῦτα,
1546 1977 1660 2013 δεύτερα
1675 1976 1769 2008 αὑτοῦ,
1779 1976 1812 2010 ἐξ

1016 2025 1097 2053 αὑτοῦ
1112 2025 1296 2062 προνοητικῶς
1309 2025 1514 2060 ὲκφοιτήσαντα.
1526 2024 1609 2051 Οὐδὲν
1625 2021 1670 2050 οὖν
1681 2024 1740 2050 ἐστι
1751 2023 1811 2051 τῶν

1015 2072 1045 2105 ἐξ
1060 2072 1152 2099 αὑτοῦ.

170 2117 321 2148 contrario,
345 2125 377 2144 ex
394 2124 487 2144 errore
511 2117 558 2152 qui
582 2122 642 2145 erat
664 2117 764 2144 virtute
785 2117 887 2145 veritas
919 2122 1040 2146 mutatus
1068 2119 1152 2146 estin
1176 2118 1318 2145 veritatem
1341 2117 1485 2146 actualem.
1512 2116 1574 2144 "me
1605 2117 1678 2144 enim
1711 2115 1812 2142 omnia

169 2167 235 2190 sunt
262 2164 322 2199 ipso
350 2163 513 2198 posteriora,
528 2171 590 2191 cum
605 2164 639 2191 ab
652 2163 712 2199 ipso
733 2163 892 2198 providendi
919 2164 1049 2194 facultate
1069 2165 1254 2202 processerint
1274 2174 1282 2193 :
1299 2164 1367 2193 nihil
1382 2165 1465 2201 igitur
1487 2169 1528 2193 est
1549 2172 1644 2192 eorum
1675 2171 1736 2200 quae
1772 2163 1815 2191 ab

170 2207 240 2242 ipso.

209 2267 218 2288 ι
235 2267 303 2295 Dan.
319 2277 379 2303 xm,
391 2268 434 2296 42.

646 2333 760 2361 VARI/li
780 2334 974 2365 LECTIONES
993 2335 1038 2364 ET
1059 2335 1338 2367 CORRECTIONES.

222 2406 285 2441 δδὲξ
308 2405 393 2441 αὐτῆς
416 2404 476 2440 τῆς.
527 2405 547 2420 ⁸¹
561 2405 597 2436 ὡς
609 2406 636 2432 αἱ
658 2405 756 2433 οὐσίαι.
