  <div class='ocr_page' id='page_1' title='image "/cluster/home/n/w/nwhite01/storage/ocr_20150623/4/njp.32101010944526/224.png"; bbox 0 0 1940 3064; ppageno 0'>
   <div class='ocr_carea' id='block_1_1' title="bbox 134 210 908 240">
    <p class='ocr_par' dir='ltr' id='par_1_1' title="bbox 134 210 908 239">
     <span class='ocr_line' id='line_1_1' title="bbox 134 210 908 239; baseline 0 -1"><span class='ocrx_word' id='word_1_1' title='bbox 134 210 178 239; x_wconf 67' lang='grc' dir='ltr'>ιιιδ</span> <span class='ocrx_word' id='word_1_2' title='bbox 490 211 713 239; x_wconf 70' lang='grc' dir='ltr'><strong>ΡΑΕΙΙΥΜΕΒᾹΞ</strong></span> <span class='ocrx_word' id='word_1_3' title='bbox 732 211 908 239; x_wconf 73' lang='lat' dir='ltr'><strong>PARAPHM</strong></span> 
     </span>
    </p>
   </div>
   <div class='ocr_carea' id='block_1_2' title="bbox 960 210 1358 240">
    <p class='ocr_par' dir='ltr' id='par_1_2' title="bbox 960 210 1358 240">
     <span class='ocr_line' id='line_1_2' title="bbox 960 210 1358 240; baseline 0.005 -2"><span class='ocrx_word' id='word_1_4' title='bbox 960 212 973 239; x_wconf 78' lang='grc'><strong>5</strong></span> <span class='ocrx_word' id='word_1_5' title='bbox 992 211 1025 238; x_wconf 79' lang='lat' dir='ltr'><strong>IN</strong></span> <span class='ocrx_word' id='word_1_6' title='bbox 1050 211 1123 239; x_wconf 79' lang='lat' dir='ltr'><strong>EPP.</strong></span> <span class='ocrx_word' id='word_1_7' title='bbox 1147 211 1175 239; x_wconf 80' lang='lat' dir='ltr'><strong>S.</strong></span> <span class='ocrx_word' id='word_1_8' title='bbox 1198 210 1358 240; x_wconf 75' lang='lat' dir='ltr'><strong>DIONYSII.</strong></span> 
     </span>
    </p>
   </div>
   <div class='ocr_carea' id='block_1_3' title="bbox 1695 215 1745 243">
    <p class='ocr_par' dir='ltr' id='par_1_3' title="bbox 1695 215 1745 243">
     <span class='ocr_line' id='line_1_3' title="bbox 1695 215 1745 243; baseline 0 0"><span class='ocrx_word' id='word_1_9' title='bbox 1695 215 1745 243; x_wconf 64' lang='grc'><strong>454</strong></span> 
     </span>
    </p>
   </div>
   <div class='ocr_carea' id='block_1_4' title="bbox 143 299 1742 316">
    <p class='ocr_par' dir='ltr' id='par_1_4' title="bbox 143 299 1742 316">
     <span class='ocr_line' id='line_1_4' title="bbox 143 299 1742 316; baseline 0.003 -6"><span class='ocrx_word' id='word_1_10' title='bbox 143 299 1742 316; x_wconf 51' lang='lat' dir='ltr'>W</span> 
     </span>
    </p>
   </div>
   <div class='ocr_carea' id='block_1_5' title="bbox 187 374 1667 469">
    <p class='ocr_par' dir='ltr' id='par_1_5' title="bbox 187 374 1667 469">
     <span class='ocr_line' id='line_1_5' title="bbox 187 374 1667 469; baseline 0.004 -7"><span class='ocrx_word' id='word_1_11' title='bbox 187 374 738 467; x_wconf 84' lang='grc' dir='ltr'><strong>ΓΕΩΡΓΙΟΥ</strong></span> <span class='ocrx_word' id='word_1_12' title='bbox 775 378 995 465; x_wconf 85' lang='grc' dir='ltr'><strong>ΤΟΥ</strong></span> <span class='ocrx_word' id='word_1_13' title='bbox 1033 380 1667 469; x_wconf 86' lang='grc' dir='ltr'><strong>ΠΑΧΥΜΕΡΗ</strong></span> 
     </span>
    </p>
   </div>
   <div class='ocr_carea' id='block_1_6' title="bbox 347 640 1523 688">
    <p class='ocr_par' dir='ltr' id='par_1_6' title="bbox 347 640 1523 688">
     <span class='ocr_line' id='line_1_6' title="bbox 347 640 1523 688; baseline 0.003 -4"><span class='ocrx_word' id='word_1_14' title='bbox 347 641 432 684; x_wconf 91' lang='grc' dir='ltr'><strong>ΕΙΣ</strong></span> <span class='ocrx_word' id='word_1_15' title='bbox 449 641 552 684; x_wconf 89' lang='grc' dir='ltr'><strong>ΤΑΣ</strong></span> <span class='ocrx_word' id='word_1_16' title='bbox 569 641 683 684; x_wconf 92' lang='grc' dir='ltr'><strong>ΤΟΥ</strong></span> <span class='ocrx_word' id='word_1_17' title='bbox 701 640 869 685; x_wconf 85' lang='grc' dir='ltr'><strong>ΑΓΙΟΥ</strong></span> <span class='ocrx_word' id='word_1_18' title='bbox 889 640 1191 686; x_wconf 89' lang='grc' dir='ltr'><strong>ΔΙΟΝΥΣΙΟΥ</strong></span> <span class='ocrx_word' id='word_1_19' title='bbox 1209 643 1523 688; x_wconf 87' lang='grc' dir='ltr'><strong>ΕΠΙΣΤΟΛΑΣ</strong></span> 
     </span>
    </p>
   </div>
   <div class='ocr_carea' id='block_1_7' title="bbox 403 802 1467 884">
    <p class='ocr_par' dir='ltr' id='par_1_7' title="bbox 403 802 1467 884">
     <span class='ocr_line' id='line_1_7' title="bbox 403 802 1467 884; baseline 0.002 -4"><span class='ocrx_word' id='word_1_20' title='bbox 403 802 801 883; x_wconf 80' lang='lat' dir='ltr'><strong>GEORGII</strong></span> <span class='ocrx_word' id='word_1_21' title='bbox 847 805 1467 884; x_wconf 67' lang='lat' dir='ltr'><strong>PACHYMEIUE</strong></span> 
     </span>
    </p>
   </div>
   <div class='ocr_carea' id='block_1_8' title="bbox 658 950 1205 1019">
    <p class='ocr_par' dir='ltr' id='par_1_8' title="bbox 658 950 1205 1019">
     <span class='ocr_line' id='line_1_8' title="bbox 658 950 1205 1019; baseline 0.011 -6"><span class='ocrx_word' id='word_1_22' title='bbox 658 950 1205 1019; x_wconf 81' lang='lat' dir='ltr'><strong>PARAPHRASIS</strong></span> 
     </span>
    </p>
   </div>
   <div class='ocr_carea' id='block_1_9' title="bbox 349 1077 1530 1142">
    <p class='ocr_par' dir='ltr' id='par_1_9' title="bbox 349 1077 1530 1142">
     <span class='ocr_line' id='line_1_9' title="bbox 349 1077 1530 1142; baseline 0.006 -9"><span class='ocrx_word' id='word_1_23' title='bbox 349 1077 423 1134; x_wconf 93' lang='lat' dir='ltr'><strong>IN</strong></span> <span class='ocrx_word' id='word_1_24' title='bbox 460 1077 851 1139; x_wconf 87' lang='lat' dir='ltr'><strong>EPISTOLAS</strong></span> <span class='ocrx_word' id='word_1_25' title='bbox 894 1082 1159 1141; x_wconf 86' lang='lat' dir='ltr'><strong>SANCTI</strong></span> <span class='ocrx_word' id='word_1_26' title='bbox 1201 1083 1530 1142; x_wconf 83' lang='lat' dir='ltr'><strong>DIONYSII</strong></span> 
     </span>
    </p>
   </div>
   <div class='ocr_carea' id='block_1_10' title="bbox 127 1194 1748 1268">
    <p class='ocr_par' dir='ltr' id='par_1_10' title="bbox 127 1194 1748 1268">
     <span class='ocr_line' id='line_1_10' title="bbox 127 1194 1748 1268; baseline 0.006 -43"><span class='ocrx_word' id='word_1_27' title='bbox 127 1194 167 1225; x_wconf 64' lang='lat' dir='ltr'><strong>Ex</strong></span> <span class='ocrx_word' id='word_1_28' title='bbox 189 1197 401 1231; x_wconf 75' lang='lat' dir='ltr'><strong>iuurpretatiom</strong></span> <span class='ocrx_word' id='word_1_29' title='bbox 425 1197 560 1235; x_wconf 79' lang='lat' dir='ltr'><strong>Godefridi</strong></span> <span class='ocrx_word' id='word_1_30' title='bbox 586 1201 731 1237; x_wconf 77' lang='lat' dir='ltr'><strong>Tilmanm‘,</strong></span> <span class='ocrx_word' id='word_1_31' title='bbox 754 1202 905 1265; x_wconf 51' lang='lat' dir='ltr'><strong>ClqutlmsLi&#39;w</strong></span> <span class='ocrx_word' id='word_1_32' title='bbox 928 1204 1088 1268; x_wconf 52' lang='lat' dir='ltr'><strong>Patrisionﬁs</strong></span> <span class='ocrx_word' id='word_1_33' title='bbox 1112 1206 1244 1239; x_wconf 77' lang='lat' dir='ltr'><strong>monac/ii,</strong></span> <span class='ocrx_word' id='word_1_34' title='bbox 1265 1214 1324 1234; x_wconf 87' lang='lat' dir='ltr'><strong>cum</strong></span> <span class='ocrx_word' id='word_1_35' title='bbox 1351 1205 1443 1234; x_wconf 75' lang='lat' dir='ltr'><strong>Graeco</strong></span> <span class='ocrx_word' id='word_1_36' title='bbox 1456 1206 1601 1242; x_wconf 68' lang='lat' dir='ltr'><strong>exemplari</strong></span> <span class='ocrx_word' id='word_1_37' title='bbox 1624 1215 1715 1234; x_wconf 77' lang='lat' dir='ltr'><strong>rursus</strong></span> <span class='ocrx_word' id='word_1_38' title='bbox 1730 1215 1748 1235; x_wconf 83' lang='grc' dir='ltr'><strong>α</strong></span> 
     </span>
     <span class='ocr_line' id='line_1_11' title="bbox 793 1246 1131 1268; baseline 0.006 -3"><span class='ocrx_word' id='word_1_39' title='bbox 793 1247 806 1265; x_wconf 84' lang='lat' dir='ltr'><strong>e</strong></span> <span class='ocrx_word' id='word_1_40' title='bbox 819 1247 848 1266; x_wconf 90' lang='lat' dir='ltr'><strong>ro</strong></span> <span class='ocrx_word' id='word_1_41' title='bbox 888 1248 965 1267; x_wconf 75' lang='lat' dir='ltr'><strong>ansse</strong></span> <span class='ocrx_word' id='word_1_42' title='bbox 978 1249 1002 1267; x_wconf 85' lang='grc' dir='ltr'><strong>ιο</strong></span> <span class='ocrx_word' id='word_1_43' title='bbox 1022 1250 1052 1268; x_wconf 85' lang='lat' dir='ltr'><strong>co</strong></span> <span class='ocrx_word' id='word_1_44' title='bbox 1075 1246 1131 1268; x_wconf 83' lang='grc' dir='ltr'>αια.</span> 
     </span>
    </p>
   </div>
   <div class='ocr_carea' id='block_1_11' title="bbox 793 1246 1131 1270">
    <p class='ocr_par' dir='ltr' id='par_1_11' title="bbox 793 1246 1131 1270">
     <span class='ocr_line' id='line_1_12' title="bbox 793 1246 1131 1270; baseline 0.009 -5"><span class='ocrx_word' id='word_1_45' title='bbox 793 1246 848 1266; x_wconf 78' lang='lat' dir='ltr'><strong>elro</strong></span> <span class='ocrx_word' id='word_1_46' title='bbox 863 1246 1002 1267; x_wconf 76' lang='lat' dir='ltr'><strong>Lanssetto</strong></span> <span class='ocrx_word' id='word_1_47' title='bbox 1022 1246 1131 1270; x_wconf 79' lang='lat' dir='ltr'><strong>collata.</strong></span> 
     </span>
    </p>
   </div>
   <div class='ocr_carea' id='block_1_12' title="bbox 310 1375 718 1407">
    <p class='ocr_par' dir='ltr' id='par_1_12' title="bbox 310 1375 718 1407">
     <span class='ocr_line' id='line_1_13' title="bbox 310 1375 718 1407; baseline 0.015 -6"><span class='ocrx_word' id='word_1_48' title='bbox 310 1375 365 1402; x_wconf 83' lang='grc' dir='ltr'><strong>ΕΙΣ</strong></span> <span class='ocrx_word' id='word_1_49' title='bbox 379 1376 451 1403; x_wconf 86' lang='grc' dir='ltr'><strong>ΤΗΝ</strong></span> <span class='ocrx_word' id='word_1_50' title='bbox 470 1377 666 1405; x_wconf 78' lang='grc' dir='ltr'><strong>ΕΠΙΣΤΟΛΗΝ</strong></span> <span class='ocrx_word' id='word_1_51' title='bbox 679 1379 718 1407; x_wconf 80' lang='grc' dir='ltr'><strong>Α’.</strong></span> 
     </span>
    </p>
   </div>
   <div class='ocr_carea' id='block_1_13' title="bbox 163 1419 909 1461">
    <p class='ocr_par' dir='ltr' id='par_1_13' title="bbox 163 1419 909 1461">
     <span class='ocr_line' id='line_1_14' title="bbox 163 1419 909 1461; baseline 0.008 -14"><span class='ocrx_word' id='word_1_52' title='bbox 163 1419 324 1454; x_wconf 79' lang='grc' dir='ltr'>Ἐπιϐάλλω,</span> <span class='ocrx_word' id='word_1_53' title='bbox 341 1422 406 1457; x_wconf 85' lang='grc' dir='ltr'>φησί</span> <span class='ocrx_word' id='word_1_54' title='bbox 423 1431 464 1454; x_wconf 91' lang='grc' dir='ltr'><strong>τις</strong></span> <span class='ocrx_word' id='word_1_55' title='bbox 480 1423 533 1450; x_wconf 86' lang='grc' dir='ltr'><strong>τῶν</strong></span> <span class='ocrx_word' id='word_1_56' title='bbox 550 1423 672 1451; x_wconf 84' lang='grc' dir='ltr'>παλαιῶν</span> <span class='ocrx_word' id='word_1_57' title='bbox 689 1424 739 1461; x_wconf 77' lang='grc' dir='ltr'><strong>(Ι),</strong></span> <span class='ocrx_word' id='word_1_58' title='bbox 758 1425 836 1453; x_wconf 80' lang='grc' dir='ltr'><strong>Γάϊον</strong></span> <span class='ocrx_word' id='word_1_59' title='bbox 847 1426 909 1453; x_wconf 80' lang='grc' dir='ltr'><strong>τοῦ-</strong></span> 
     </span>
    </p>
   </div>
   <div class='ocr_carea' id='block_1_14' title="bbox 122 1464 910 1507">
    <p class='ocr_par' dir='ltr' id='par_1_14' title="bbox 122 1464 910 1507">
     <span class='ocr_line' id='line_1_15' title="bbox 122 1464 910 1507; baseline 0.008 -13"><span class='ocrx_word' id='word_1_60' title='bbox 122 1475 167 1494; x_wconf 84' lang='grc' dir='ltr'><strong>τον</strong></span> <span class='ocrx_word' id='word_1_61' title='bbox 182 1465 260 1499; x_wconf 78' lang='grc' dir='ltr'>εἶναι,</span> <span class='ocrx_word' id='word_1_62' title='bbox 273 1464 295 1501; x_wconf 82' lang='grc' dir='ltr'>ᾧ</span> <span class='ocrx_word' id='word_1_63' title='bbox 306 1470 355 1503; x_wconf 82' lang='grc' dir='ltr'>τὴν</span> <span class='ocrx_word' id='word_1_64' title='bbox 370 1469 465 1506; x_wconf 78' lang='grc' dir='ltr'><strong>τρίτην</strong></span> <span class='ocrx_word' id='word_1_65' title='bbox 482 1470 625 1506; x_wconf 74' lang='grc' dir='ltr'>ἐπιστολὴν</span> <span class='ocrx_word' id='word_1_66' title='bbox 641 1471 760 1507; x_wconf 77' lang='grc' dir='ltr'>ἔγραψεν</span> <span class='ocrx_word' id='word_1_67' title='bbox 779 1473 793 1499; x_wconf 86' lang='grc' dir='ltr'>ὁ</span> <span class='ocrx_word' id='word_1_68' title='bbox 807 1472 910 1500; x_wconf 84' lang='grc' dir='ltr'>θειότα-</span> 
     </span>
    </p>
   </div>
   <div class='ocr_carea' id='block_1_15' title="bbox 121 1512 907 1553">
    <p class='ocr_par' dir='ltr' id='par_1_15' title="bbox 121 1512 907 1553">
     <span class='ocr_line' id='line_1_16' title="bbox 121 1512 907 1553; baseline 0.008 -15"><span class='ocrx_word' id='word_1_69' title='bbox 121 1520 166 1544; x_wconf 85' lang='grc' dir='ltr'><strong>τος</strong></span> <span class='ocrx_word' id='word_1_70' title='bbox 181 1512 327 1545; x_wconf 80' lang='grc' dir='ltr'><strong>ἀπόστολος</strong></span> <span class='ocrx_word' id='word_1_71' title='bbox 337 1514 384 1540; x_wconf 78' lang='grc' dir='ltr'><strong>καὶ</strong></span> <span class='ocrx_word' id='word_1_72' title='bbox 398 1514 592 1551; x_wconf 84' lang='grc' dir='ltr'>εὐαγγελιστὴς</span> <span class='ocrx_word' id='word_1_73' title='bbox 607 1515 732 1553; x_wconf 82' lang='grc' dir='ltr'><strong>Ἰωάννης</strong></span> <span class='ocrx_word' id='word_1_74' title='bbox 746 1518 760 1543; x_wconf 84' lang='grc' dir='ltr'>ὁ</span> <span class='ocrx_word' id='word_1_75' title='bbox 772 1517 907 1552; x_wconf 80' lang='grc' dir='ltr'>θεολόγος-</span> 
     </span>
    </p>
   </div>
   <div class='ocr_carea' id='block_1_16' title="bbox 121 1559 910 1599">
    <p class='ocr_par' dir='ltr' id='par_1_16' title="bbox 121 1559 910 1599">
     <span class='ocr_line' id='line_1_17' title="bbox 121 1559 910 1599; baseline 0.008 -15"><span class='ocrx_word' id='word_1_76' title='bbox 121 1559 335 1594; x_wconf 75' lang='grc' dir='ltr'><strong>τεκμαιρόμενος</strong></span> <span class='ocrx_word' id='word_1_77' title='bbox 351 1561 398 1587; x_wconf 78' lang='grc' dir='ltr'>καὶ</span> <span class='ocrx_word' id='word_1_78' title='bbox 413 1561 446 1588; x_wconf 78' lang='grc' dir='ltr'><strong>ὲκ</strong></span> <span class='ocrx_word' id='word_1_79' title='bbox 459 1561 512 1588; x_wconf 84' lang='grc' dir='ltr'><strong>τῶν</strong></span> <span class='ocrx_word' id='word_1_80' title='bbox 522 1561 609 1590; x_wconf 79' lang='grc' dir='ltr'>ἄλλων</span> <span class='ocrx_word' id='word_1_81' title='bbox 625 1560 665 1594; x_wconf 72' lang='grc' dir='ltr'><strong>οἷς</strong></span> <span class='ocrx_word' id='word_1_82' title='bbox 679 1563 824 1597; x_wconf 72' lang='grc' dir='ltr'><strong>συγγέγονε</strong></span> <span class='ocrx_word' id='word_1_83' title='bbox 842 1563 910 1599; x_wconf 85' lang='grc' dir='ltr'>μετὰ</span> 
     </span>
    </p>
   </div>
   <div class='ocr_carea' id='block_1_17' title="bbox 120 1604 910 1645">
    <p class='ocr_par' dir='ltr' id='par_1_17' title="bbox 120 1604 910 1645">
     <span class='ocr_line' id='line_1_18' title="bbox 120 1604 910 1645; baseline 0.008 -15"><span class='ocrx_word' id='word_1_84' title='bbox 120 1604 174 1630; x_wconf 86' lang='grc' dir='ltr'><strong>τῶν</strong></span> <span class='ocrx_word' id='word_1_85' title='bbox 189 1605 344 1633; x_wconf 82' lang='grc' dir='ltr'>ἀποστόλων</span> <span class='ocrx_word' id='word_1_86' title='bbox 363 1608 378 1633; x_wconf 84' lang='grc' dir='ltr'>ὁ</span> <span class='ocrx_word' id='word_1_87' title='bbox 398 1606 468 1639; x_wconf 85' lang='grc' dir='ltr'>θεῖος</span> <span class='ocrx_word' id='word_1_88' title='bbox 486 1604 562 1640; x_wconf 70' lang='grc' dir='ltr'>οὗτος</span> <span class='ocrx_word' id='word_1_89' title='bbox 584 1609 662 1644; x_wconf 81' lang='grc' dir='ltr'>ἁνήρ.</span> <span class='ocrx_word' id='word_1_90' title='bbox 685 1609 862 1645; x_wconf 84' lang='grc' dir='ltr'>Θεραπευτὰς</span> <span class='ocrx_word' id='word_1_91' title='bbox 881 1610 910 1636; x_wconf 78' lang='grc' dir='ltr'><strong>δὲ</strong></span> 
     </span>
    </p>
   </div>
   <div class='ocr_carea' id='block_1_18' title="bbox 120 1651 911 1689">
    <p class='ocr_par' dir='ltr' id='par_1_18' title="bbox 120 1651 911 1689">
     <span class='ocr_line' id='line_1_19' title="bbox 120 1651 911 1689; baseline 0.008 -13"><span class='ocrx_word' id='word_1_92' title='bbox 120 1651 184 1681; x_wconf 81' lang='grc' dir='ltr'>τοὺς</span> <span class='ocrx_word' id='word_1_93' title='bbox 198 1653 330 1687; x_wconf 82' lang='grc' dir='ltr'>μοναχοὺς</span> <span class='ocrx_word' id='word_1_94' title='bbox 346 1653 436 1688; x_wconf 80' lang='grc' dir='ltr'>ἔλεγεν</span> <span class='ocrx_word' id='word_1_95' title='bbox 453 1655 481 1680; x_wconf 82' lang='grc' dir='ltr'>ὲν</span> <span class='ocrx_word' id='word_1_96' title='bbox 495 1653 535 1689; x_wconf 87' lang='grc' dir='ltr'>τῷ</span> <span class='ocrx_word' id='word_1_97' title='bbox 547 1655 616 1688; x_wconf 74' lang='grc' dir='ltr'>Περὶ</span> <span class='ocrx_word' id='word_1_98' title='bbox 633 1654 688 1689; x_wconf 79' lang='grc' dir='ltr'>τῆς</span> <span class='ocrx_word' id='word_1_99' title='bbox 698 1655 911 1689; x_wconf 79' lang='grc' dir='ltr'>ἐκκλησιαστι-</span> 
     </span>
    </p>
   </div>
   <div class='ocr_carea' id='block_1_19' title="bbox 120 1695 910 1736">
    <p class='ocr_par' dir='ltr' id='par_1_19' title="bbox 120 1695 910 1736">
     <span class='ocr_line' id='line_1_20' title="bbox 120 1695 910 1736; baseline 0.006 -13"><span class='ocrx_word' id='word_1_100' title='bbox 120 1695 179 1731; x_wconf 81' lang='grc' dir='ltr'>κῆς</span> <span class='ocrx_word' id='word_1_101' title='bbox 195 1698 344 1733; x_wconf 77' lang='grc' dir='ltr'>ἱεραρχίας</span> <span class='ocrx_word' id='word_1_102' title='bbox 361 1699 528 1735; x_wconf 70' lang='grc' dir='ltr'>συντάγματι</span> <span class='ocrx_word' id='word_1_103' title='bbox 545 1700 594 1736; x_wconf 70' lang='lat'><strong>(2),</strong></span> <span class='ocrx_word' id='word_1_104' title='bbox 612 1701 697 1727; x_wconf 82' lang='grc' dir='ltr'>εἰπὼν</span> <span class='ocrx_word' id='word_1_105' title='bbox 713 1702 771 1728; x_wconf 70' lang='grc' dir='ltr'>ἐκεῖ</span> <span class='ocrx_word' id='word_1_106' title='bbox 786 1701 834 1728; x_wconf 76' lang='grc' dir='ltr'><strong>καὶ</strong></span> <span class='ocrx_word' id='word_1_107' title='bbox 852 1700 910 1733; x_wconf 83' lang='grc' dir='ltr'><strong>πῶς</strong></span> 
     </span>
    </p>
   </div>
   <div class='ocr_carea' id='block_1_20' title="bbox 121 1743 911 1784">
    <p class='ocr_par' dir='ltr' id='par_1_20' title="bbox 121 1743 911 1784">
     <span class='ocr_line' id='line_1_21' title="bbox 121 1743 911 1784; baseline 0.006 -14"><span class='ocrx_word' id='word_1_108' title='bbox 121 1743 298 1772; x_wconf 79' lang='grc' dir='ltr'><strong>καθίστανται</strong></span> <span class='ocrx_word' id='word_1_109' title='bbox 325 1745 362 1781; x_wconf 80' lang='grc' dir='ltr'>μὴ</span> <span class='ocrx_word' id='word_1_110' title='bbox 385 1745 459 1778; x_wconf 72' lang='grc' dir='ltr'>ὄντες</span> <span class='ocrx_word' id='word_1_111' title='bbox 476 1746 611 1783; x_wconf 81' lang='grc' dir='ltr'>κληρικοὶ,</span> <span class='ocrx_word' id='word_1_112' title='bbox 634 1747 691 1774; x_wconf 76' lang='grc' dir='ltr'>ἀλλ’</span> <span class='ocrx_word' id='word_1_113' title='bbox 709 1747 840 1784; x_wconf 78' lang='grc' dir='ltr'>ἀνώτεροι</span> <span class='ocrx_word' id='word_1_114' title='bbox 862 1748 911 1777; x_wconf 74' lang='grc' dir='ltr'>τοῦ</span> 
     </span>
    </p>
   </div>
   <div class='ocr_carea' id='block_1_21' title="bbox 119 1789 911 1828">
    <p class='ocr_par' dir='ltr' id='par_1_21' title="bbox 119 1789 911 1828">
     <span class='ocr_line' id='line_1_22' title="bbox 119 1789 911 1828; baseline 0.005 -12"><span class='ocrx_word' id='word_1_115' title='bbox 119 1789 196 1817; x_wconf 85' lang='grc' dir='ltr'>λαοῦ.</span> <span class='ocrx_word' id='word_1_116' title='bbox 212 1791 330 1823; x_wconf 78' lang='grc' dir='ltr'>Τούτους</span> <span class='ocrx_word' id='word_1_117' title='bbox 344 1792 373 1819; x_wconf 76' lang='grc' dir='ltr'><strong>δὲ</strong></span> <span class='ocrx_word' id='word_1_118' title='bbox 389 1792 461 1819; x_wconf 79' lang='grc' dir='ltr'>ἔοικε</span> <span class='ocrx_word' id='word_1_119' title='bbox 483 1793 632 1828; x_wconf 80' lang='grc' dir='ltr'>θαυμάζειν</span> <span class='ocrx_word' id='word_1_120' title='bbox 645 1794 730 1820; x_wconf 81' lang='grc' dir='ltr'>Φίλων</span> <span class='ocrx_word' id='word_1_121' title='bbox 745 1795 760 1820; x_wconf 83' lang='grc' dir='ltr'>ὁ</span> <span class='ocrx_word' id='word_1_122' title='bbox 786 1793 911 1826; x_wconf 86' lang='grc' dir='ltr'>Ἰουδαῖος</span> 
     </span>
    </p>
   </div>
   <div class='ocr_carea' id='block_1_22' title="bbox 119 1836 910 1875">
    <p class='ocr_par' dir='ltr' id='par_1_22' title="bbox 119 1836 910 1875">
     <span class='ocr_line' id='line_1_23' title="bbox 119 1836 910 1875; baseline 0.004 -12"><span class='ocrx_word' id='word_1_123' title='bbox 119 1837 149 1863; x_wconf 80' lang='grc' dir='ltr'>ὲν</span> <span class='ocrx_word' id='word_1_124' title='bbox 169 1836 209 1872; x_wconf 86' lang='grc' dir='ltr'>τῷ</span> <span class='ocrx_word' id='word_1_125' title='bbox 219 1838 289 1872; x_wconf 72' lang='grc' dir='ltr'>Περὶ</span> <span class='ocrx_word' id='word_1_126' title='bbox 315 1839 492 1873; x_wconf 80' lang='grc' dir='ltr'><strong>θεωρητικοῦ</strong></span> <span class='ocrx_word' id='word_1_127' title='bbox 515 1840 587 1872; x_wconf 81' lang='grc' dir='ltr'>,βίου</span> <span class='ocrx_word' id='word_1_128' title='bbox 603 1839 623 1874; x_wconf 73' lang='grc' dir='ltr'>ἢ</span> <span class='ocrx_word' id='word_1_129' title='bbox 648 1838 771 1867; x_wconf 76' lang='grc' dir='ltr'>οἰκετῶν</span> <span class='ocrx_word' id='word_1_130' title='bbox 787 1839 824 1875; x_wconf 82' lang='grc'><strong>(5)</strong></span> <span class='ocrx_word' id='word_1_131' title='bbox 847 1848 910 1866; x_wconf 85' lang='grc' dir='ltr'>συν-</span> 
     </span>
    </p>
   </div>
   <div class='ocr_carea' id='block_1_23' title="bbox 117 1883 910 1922">
    <p class='ocr_par' dir='ltr' id='par_1_23' title="bbox 117 1883 910 1922">
     <span class='ocr_line' id='line_1_24' title="bbox 117 1883 910 1922; baseline 0.003 -11"><span class='ocrx_word' id='word_1_132' title='bbox 117 1883 250 1919; x_wconf 78' lang='grc' dir='ltr'><strong>τάγματι,</strong></span> <span class='ocrx_word' id='word_1_133' title='bbox 268 1885 438 1920; x_wconf 78' lang='grc' dir='ltr'>θεραπευτὰς</span> <span class='ocrx_word' id='word_1_134' title='bbox 454 1886 553 1918; x_wconf 76' lang='grc' dir='ltr'>αὐτοὺς</span> <span class='ocrx_word' id='word_1_135' title='bbox 564 1884 665 1918; x_wconf 63' lang='grc' dir='ltr'>ἆιαλῶν,</span> <span class='ocrx_word' id='word_1_136' title='bbox 685 1886 732 1914; x_wconf 76' lang='grc' dir='ltr'>καὶ</span> <span class='ocrx_word' id='word_1_137' title='bbox 743 1886 793 1922; x_wconf 90' lang='grc' dir='ltr'><strong>τὴν</strong></span> <span class='ocrx_word' id='word_1_138' title='bbox 807 1886 910 1913; x_wconf 86' lang='grc' dir='ltr'>δίαιταν</span> 
     </span>
    </p>
   </div>
   <div class='ocr_carea' id='block_1_24' title="bbox 118 1930 910 1968">
    <p class='ocr_par' dir='ltr' id='par_1_24' title="bbox 118 1930 910 1968">
     <span class='ocr_line' id='line_1_25' title="bbox 118 1930 910 1968; baseline 0.003 -12"><span class='ocrx_word' id='word_1_139' title='bbox 118 1930 211 1957; x_wconf 79' lang='grc' dir='ltr'>αὐτῶν</span> <span class='ocrx_word' id='word_1_140' title='bbox 227 1931 419 1967; x_wconf 70' lang='grc' dir='ltr'>διηγούμενοςι</span> <span class='ocrx_word' id='word_1_141' title='bbox 437 1932 467 1958; x_wconf 80' lang='grc' dir='ltr'>οὗ</span> <span class='ocrx_word' id='word_1_142' title='bbox 490 1934 580 1968; x_wconf 79' lang='grc' dir='ltr'>χεῖρον</span> <span class='ocrx_word' id='word_1_143' title='bbox 600 1932 628 1959; x_wconf 75' lang='grc' dir='ltr'>δὲ</span> <span class='ocrx_word' id='word_1_144' title='bbox 652 1933 699 1959; x_wconf 75' lang='grc' dir='ltr'>καὶ</span> <span class='ocrx_word' id='word_1_145' title='bbox 722 1931 859 1966; x_wconf 77' lang='grc' dir='ltr'>αὐτολεξεὶ</span> <span class='ocrx_word' id='word_1_146' title='bbox 876 1932 910 1959; x_wconf 76' lang='grc' dir='ltr'>τὰ</span> 
     </span>
    </p>
   </div>
   <div class='ocr_carea' id='block_1_25' title="bbox 117 1976 909 2014">
    <p class='ocr_par' dir='ltr' id='par_1_25' title="bbox 117 1976 909 2014">
     <span class='ocr_line' id='line_1_26' title="bbox 117 1976 909 2014; baseline 0.004 -12"><span class='ocrx_word' id='word_1_147' title='bbox 117 1976 166 2003; x_wconf 78' lang='grc' dir='ltr'>τοῦ</span> <span class='ocrx_word' id='word_1_148' title='bbox 193 1977 308 2009; x_wconf 76' lang='grc' dir='ltr'>Φίλωνος</span> <span class='ocrx_word' id='word_1_149' title='bbox 330 1977 415 2005; x_wconf 78' lang='grc' dir='ltr'>θεῖναι</span> <span class='ocrx_word' id='word_1_150' title='bbox 436 1978 484 2014; x_wconf 73' lang='grc'><strong>(4).</strong></span> <span class='ocrx_word' id='word_1_151' title='bbox 500 1979 568 2014; x_wconf 76' lang='grc' dir='ltr'><strong>Φησὶ</strong></span> <span class='ocrx_word' id='word_1_152' title='bbox 586 1978 676 2005; x_wconf 78' lang='grc' dir='ltr'>τοίνυν</span> <span class='ocrx_word' id='word_1_153' title='bbox 695 1979 724 2005; x_wconf 78' lang='grc' dir='ltr'>ὲν</span> <span class='ocrx_word' id='word_1_154' title='bbox 740 1978 779 2014; x_wconf 87' lang='grc' dir='ltr'><strong>τῷ</strong></span> <span class='ocrx_word' id='word_1_155' title='bbox 798 1978 909 2014; x_wconf 77' lang='grc' dir='ltr'>τοιούτῳ</span> 
     </span>
    </p>
   </div>
   <div class='ocr_carea' id='block_1_26' title="bbox 118 2022 910 2061">
    <p class='ocr_par' dir='ltr' id='par_1_26' title="bbox 118 2022 910 2061">
     <span class='ocr_line' id='line_1_27' title="bbox 118 2022 910 2061; baseline 0.001 -12"><span class='ocrx_word' id='word_1_156' title='bbox 118 2023 308 2060; x_wconf 81' lang='grc' dir='ltr'>συντάγματι-</span> <span class='ocrx_word' id='word_1_157' title='bbox 328 2035 336 2050; x_wconf 83' lang='grc' dir='ltr'><strong>ι</strong></span> <span class='ocrx_word' id='word_1_158' title='bbox 349 2024 485 2060; x_wconf 85' lang='grc' dir='ltr'>Πολλαχοῦ</span> <span class='ocrx_word' id='word_1_159' title='bbox 500 2024 548 2060; x_wconf 85' lang='grc' dir='ltr'><strong>μὲν</strong></span> <span class='ocrx_word' id='word_1_160' title='bbox 557 2022 603 2052; x_wconf 79' lang='grc' dir='ltr'><strong>οὖν</strong></span> <span class='ocrx_word' id='word_1_161' title='bbox 615 2026 664 2061; x_wconf 87' lang='grc' dir='ltr'>τῆς</span> <span class='ocrx_word' id='word_1_162' title='bbox 677 2025 838 2060; x_wconf 80' lang='grc' dir='ltr'>οἰκουμένης</span> <span class='ocrx_word' id='word_1_163' title='bbox 853 2025 910 2050; x_wconf 75' lang='grc' dir='ltr'>ἐστὶ</span> 
     </span>
    </p>
   </div>
   <div class='ocr_carea' id='block_1_27' title="bbox 1163 1376 1545 1414">
    <p class='ocr_par' dir='ltr' id='par_1_27' title="bbox 1163 1376 1545 1414">
     <span class='ocr_line' id='line_1_28' title="bbox 1163 1376 1545 1414; baseline -0.013 -6"><span class='ocrx_word' id='word_1_164' title='bbox 1163 1378 1242 1414; x_wconf 66' lang='grc'><strong>24],</strong></span> <span class='ocrx_word' id='word_1_165' title='bbox 1263 1378 1296 1405; x_wconf 83' lang='grc' dir='ltr'><strong>ΙΝ</strong></span> <span class='ocrx_word' id='word_1_166' title='bbox 1314 1376 1509 1406; x_wconf 69' lang='grc' dir='ltr'><strong>ΕΡΙΞΤΟΙΛΜ</strong></span> <span class='ocrx_word' id='word_1_167' title='bbox 1525 1376 1545 1404; x_wconf 89' lang='grc'>1.</span> 
     </span>
    </p>
   </div>
   <div class='ocr_carea' id='block_1_28' title="bbox 995 1423 1752 1461">
    <p class='ocr_par' dir='ltr' id='par_1_28' title="bbox 995 1423 1752 1461">
     <span class='ocr_line' id='line_1_29' title="bbox 995 1423 1752 1461; baseline -0.003 -9"><span class='ocrx_word' id='word_1_168' title='bbox 995 1425 1129 1461; x_wconf 83' lang='lat' dir='ltr'><strong>Equidem</strong></span> <span class='ocrx_word' id='word_1_169' title='bbox 1143 1433 1199 1452; x_wconf 88' lang='lat' dir='ltr'><strong>non</strong></span> <span class='ocrx_word' id='word_1_170' title='bbox 1215 1425 1320 1453; x_wconf 83' lang='lat' dir='ltr'><strong>levibus</strong></span> <span class='ocrx_word' id='word_1_171' title='bbox 1335 1425 1503 1461; x_wconf 81' lang='lat' dir='ltr'><strong>conjecturis</strong></span> <span class='ocrx_word' id='word_1_172' title='bbox 1519 1423 1586 1450; x_wconf 90' lang='lat' dir='ltr'><strong>mihi</strong></span> <span class='ocrx_word' id='word_1_173' title='bbox 1601 1423 1696 1451; x_wconf 81' lang='lat' dir='ltr'><strong>videor</strong></span> <span class='ocrx_word' id='word_1_174' title='bbox 1711 1431 1752 1450; x_wconf 85' lang='lat' dir='ltr'><strong>as-</strong></span> 
     </span>
    </p>
   </div>
   <div class='ocr_carea' id='block_1_29' title="bbox 961 1469 1752 1507">
    <p class='ocr_par' dir='ltr' id='par_1_29' title="bbox 961 1469 1752 1507">
     <span class='ocr_line' id='line_1_30' title="bbox 961 1469 1752 1507; baseline -0.006 -6"><span class='ocrx_word' id='word_1_175' title='bbox 961 1478 1072 1501; x_wconf 86' lang='lat' dir='ltr'><strong>secutus</strong></span> <span class='ocrx_word' id='word_1_176' title='bbox 1094 1472 1143 1507; x_wconf 88' lang='lat' dir='ltr'><strong>(ait</strong></span> <span class='ocrx_word' id='word_1_177' title='bbox 1157 1480 1229 1499; x_wconf 90' lang='lat' dir='ltr'><strong>unus</strong></span> <span class='ocrx_word' id='word_1_178' title='bbox 1244 1472 1383 1507; x_wconf 77' lang='lat' dir='ltr'><strong>quispiam</strong></span> <span class='ocrx_word' id='word_1_179' title='bbox 1401 1469 1588 1506; x_wconf 85' lang='lat' dir='ltr'><strong>antiquorum)</strong></span> <span class='ocrx_word' id='word_1_180' title='bbox 1602 1470 1675 1497; x_wconf 88' lang='lat' dir='ltr'><strong>hunc</strong></span> <span class='ocrx_word' id='word_1_181' title='bbox 1689 1477 1752 1497; x_wconf 85' lang='lat' dir='ltr'><strong>esse</strong></span> 
     </span>
    </p>
   </div>
   <div class='ocr_carea' id='block_1_30' title="bbox 960 1516 1750 1553">
    <p class='ocr_par' dir='ltr' id='par_1_30' title="bbox 960 1516 1750 1553">
     <span class='ocr_line' id='line_1_31' title="bbox 960 1516 1750 1553; baseline -0.003 -8"><span class='ocrx_word' id='word_1_182' title='bbox 960 1517 1076 1551; x_wconf 85' lang='lat' dir='ltr'><strong>Caium,</strong></span> <span class='ocrx_word' id='word_1_183' title='bbox 1108 1519 1153 1545; x_wconf 94' lang='lat' dir='ltr'><strong>cui</strong></span> <span class='ocrx_word' id='word_1_184' title='bbox 1183 1518 1373 1546; x_wconf 86' lang='lat' dir='ltr'><strong>divinissimus</strong></span> <span class='ocrx_word' id='word_1_185' title='bbox 1408 1517 1548 1553; x_wconf 80' lang='lat' dir='ltr'><strong>apostolus</strong></span> <span class='ocrx_word' id='word_1_186' title='bbox 1585 1516 1750 1552; x_wconf 75' lang='lat' dir='ltr'><strong>evangelista</strong></span> 
     </span>
    </p>
   </div>
   <div class='ocr_carea' id='block_1_31' title="bbox 959 1562 1750 1600">
    <p class='ocr_par' dir='ltr' id='par_1_31' title="bbox 959 1562 1750 1600">
     <span class='ocr_line' id='line_1_32' title="bbox 959 1562 1750 1600; baseline -0.005 -8"><span class='ocrx_word' id='word_1_187' title='bbox 959 1564 1091 1596; x_wconf 81' lang='lat' dir='ltr'><strong>Joannes,</strong></span> <span class='ocrx_word' id='word_1_188' title='bbox 1110 1564 1236 1599; x_wconf 88' lang='lat' dir='ltr'><strong>idemque</strong></span> <span class='ocrx_word' id='word_1_189' title='bbox 1249 1565 1394 1600; x_wconf 82' lang='lat' dir='ltr'><strong>theologus</strong></span> <span class='ocrx_word' id='word_1_190' title='bbox 1409 1564 1537 1595; x_wconf 80' lang='lat' dir='ltr'><strong>eximius,</strong></span> <span class='ocrx_word' id='word_1_191' title='bbox 1554 1563 1662 1589; x_wconf 85' lang='lat' dir='ltr'><strong>tertiam</strong></span> <span class='ocrx_word' id='word_1_192' title='bbox 1679 1562 1750 1589; x_wconf 82' lang='lat' dir='ltr'><strong>scri-</strong></span> 
     </span>
    </p>
   </div>
   <div class='ocr_carea' id='block_1_32' title="bbox 961 1608 1752 1646">
    <p class='ocr_par' dir='ltr' id='par_1_32' title="bbox 961 1608 1752 1646">
     <span class='ocr_line' id='line_1_33' title="bbox 961 1608 1752 1646; baseline -0.001 -9"><span class='ocrx_word' id='word_1_193' title='bbox 961 1611 1015 1646; x_wconf 82' lang='lat' dir='ltr'><strong>psit</strong></span> <span class='ocrx_word' id='word_1_194' title='bbox 1034 1610 1190 1645; x_wconf 88' lang='lat' dir='ltr'><strong>cpistolam.</strong></span> <span class='ocrx_word' id='word_1_195' title='bbox 1208 1609 1247 1637; x_wconf 78' lang='lat' dir='ltr'><strong>Ex</strong></span> <span class='ocrx_word' id='word_1_196' title='bbox 1270 1610 1332 1637; x_wconf 86' lang='lat' dir='ltr'><strong>aliis</strong></span> <span class='ocrx_word' id='word_1_197' title='bbox 1355 1617 1420 1637; x_wconf 84' lang='lat' dir='ltr'><strong>sane</strong></span> <span class='ocrx_word' id='word_1_198' title='bbox 1442 1616 1522 1644; x_wconf 87' lang='lat' dir='ltr'><strong>quam</strong></span> <span class='ocrx_word' id='word_1_199' title='bbox 1539 1609 1632 1635; x_wconf 84' lang='lat' dir='ltr'><strong>multis</strong></span> <span class='ocrx_word' id='word_1_200' title='bbox 1645 1608 1716 1643; x_wconf 82' lang='lat' dir='ltr'><strong>cepit</strong></span> <span class='ocrx_word' id='word_1_201' title='bbox 1728 1608 1752 1636; x_wconf 79' lang='lat' dir='ltr'><strong>is</strong></span> 
     </span>
    </p>
   </div>
   <div class='ocr_carea' id='block_1_33' title="bbox 961 1653 1752 1691">
    <p class='ocr_par' dir='ltr' id='par_1_33' title="bbox 961 1653 1752 1691">
     <span class='ocr_line' id='line_1_34' title="bbox 961 1653 1752 1691; baseline -0.004 -8"><span class='ocrx_word' id='word_1_202' title='bbox 961 1655 1146 1690; x_wconf 82' lang='lat' dir='ltr'><strong>conjecturam</strong></span> <span class='ocrx_word' id='word_1_203' title='bbox 1167 1655 1268 1690; x_wconf 85' lang='lat' dir='ltr'><strong>quibus</strong></span> <span class='ocrx_word' id='word_1_204' title='bbox 1295 1655 1434 1691; x_wconf 77' lang='lat' dir='ltr'><strong>colligitur</strong></span> <span class='ocrx_word' id='word_1_205' title='bbox 1463 1653 1650 1681; x_wconf 88' lang='lat' dir='ltr'><strong>admirabilem</strong></span> <span class='ocrx_word' id='word_1_206' title='bbox 1679 1654 1752 1681; x_wconf 89' lang='lat' dir='ltr'><strong>hunc</strong></span> 
     </span>
    </p>
   </div>
   <div class='ocr_carea' id='block_1_34' title="bbox 960 1701 1749 1736">
    <p class='ocr_par' dir='ltr' id='par_1_34' title="bbox 960 1701 1749 1736">
     <span class='ocr_line' id='line_1_35' title="bbox 960 1701 1749 1736; baseline 0.001 -9"><span class='ocrx_word' id='word_1_207' title='bbox 960 1701 1050 1728; x_wconf 84' lang='lat' dir='ltr'><strong>virum</strong></span> <span class='ocrx_word' id='word_1_208' title='bbox 1065 1709 1146 1729; x_wconf 89' lang='lat' dir='ltr'><strong>usum</strong></span> <span class='ocrx_word' id='word_1_209' title='bbox 1162 1709 1223 1729; x_wconf 89' lang='lat' dir='ltr'><strong>esse</strong></span> <span class='ocrx_word' id='word_1_210' title='bbox 1236 1701 1364 1728; x_wconf 78' lang='lat' dir='ltr'><strong>familiari</strong></span> <span class='ocrx_word' id='word_1_211' title='bbox 1385 1702 1571 1736; x_wconf 81' lang='lat' dir='ltr'><strong>apostolorum</strong></span> <span class='ocrx_word' id='word_1_212' title='bbox 1589 1708 1749 1735; x_wconf 76' lang='lat' dir='ltr'><strong>congressu.</strong></span> 
     </span>
    </p>
   </div>
   <div class='ocr_carea' id='block_1_35' title="bbox 961 1746 1750 1783">
    <p class='ocr_par' dir='ltr' id='par_1_35' title="bbox 961 1746 1750 1783">
     <span class='ocr_line' id='line_1_36' title="bbox 961 1746 1750 1783; baseline 0 -9"><span class='ocrx_word' id='word_1_213' title='bbox 961 1746 1148 1783; x_wconf 81' lang='lat' dir='ltr'><strong>Tlierapeutas</strong></span> <span class='ocrx_word' id='word_1_214' title='bbox 1170 1751 1261 1776; x_wconf 85' lang='lat' dir='ltr'><strong>autem</strong></span> <span class='ocrx_word' id='word_1_215' title='bbox 1287 1747 1381 1775; x_wconf 90' lang='lat' dir='ltr'><strong>docuit</strong></span> <span class='ocrx_word' id='word_1_216' title='bbox 1403 1748 1499 1776; x_wconf 87' lang='lat' dir='ltr'><strong>beatus</strong></span> <span class='ocrx_word' id='word_1_217' title='bbox 1513 1747 1593 1774; x_wconf 80' lang='lat' dir='ltr'><strong>Pater</strong></span> <span class='ocrx_word' id='word_1_218' title='bbox 1613 1754 1662 1775; x_wconf 88' lang='lat' dir='ltr'><strong>eos</strong></span> <span class='ocrx_word' id='word_1_219' title='bbox 1679 1755 1750 1780; x_wconf 87' lang='lat' dir='ltr'><strong>esse,</strong></span> 
     </span>
    </p>
   </div>
   <div class='ocr_carea' id='block_1_36' title="bbox 960 1793 1752 1830">
    <p class='ocr_par' dir='ltr' id='par_1_36' title="bbox 960 1793 1752 1830">
     <span class='ocr_line' id='line_1_37' title="bbox 960 1793 1752 1830; baseline -0.001 -9"><span class='ocrx_word' id='word_1_220' title='bbox 960 1795 1007 1830; x_wconf 90' lang='lat' dir='ltr'><strong>qui</strong></span> <span class='ocrx_word' id='word_1_221' title='bbox 1021 1799 1048 1822; x_wconf 87' lang='lat' dir='ltr'><strong>et</strong></span> <span class='ocrx_word' id='word_1_222' title='bbox 1062 1795 1200 1826; x_wconf 87' lang='lat' dir='ltr'><strong>monachi,</strong></span> <span class='ocrx_word' id='word_1_223' title='bbox 1217 1795 1246 1822; x_wconf 86' lang='lat' dir='ltr'><strong>in</strong></span> <span class='ocrx_word' id='word_1_224' title='bbox 1260 1802 1293 1822; x_wconf 92' lang='lat' dir='ltr'><strong>eo</strong></span> <span class='ocrx_word' id='word_1_225' title='bbox 1313 1802 1405 1830; x_wconf 86' lang='lat' dir='ltr'><strong>opere,</strong></span> <span class='ocrx_word' id='word_1_226' title='bbox 1422 1793 1496 1829; x_wconf 92' lang='lat' dir='ltr'><strong>quod</strong></span> <span class='ocrx_word' id='word_1_227' title='bbox 1513 1793 1550 1820; x_wconf 85' lang='lat' dir='ltr'><strong>De</strong></span> <span class='ocrx_word' id='word_1_228' title='bbox 1570 1793 1752 1820; x_wconf 70' lang='lat' dir='ltr'><strong>ecclesiastica</strong></span> 
     </span>
    </p>
   </div>
   <div class='ocr_carea' id='block_1_37' title="bbox 961 1840 1750 1877">
    <p class='ocr_par' dir='ltr' id='par_1_37' title="bbox 961 1840 1750 1877">
     <span class='ocr_line' id='line_1_38' title="bbox 961 1840 1750 1877; baseline -0.001 -10"><span class='ocrx_word' id='word_1_229' title='bbox 961 1841 1109 1868; x_wconf 82' lang='lat' dir='ltr'><strong>hierarchia</strong></span> <span class='ocrx_word' id='word_1_230' title='bbox 1129 1841 1262 1876; x_wconf 90' lang='lat' dir='ltr'><strong>scriptum</strong></span> <span class='ocrx_word' id='word_1_231' title='bbox 1278 1841 1399 1877; x_wconf 85' lang='lat' dir='ltr'><strong>reliquit.</strong></span> <span class='ocrx_word' id='word_1_232' title='bbox 1413 1840 1471 1868; x_wconf 89' lang='lat' dir='ltr'><strong>lllie</strong></span> <span class='ocrx_word' id='word_1_233' title='bbox 1487 1840 1595 1867; x_wconf 71' lang='lat' dir='ltr'><strong>abunde</strong></span> <span class='ocrx_word' id='word_1_234' title='bbox 1609 1840 1750 1874; x_wconf 84' lang='lat' dir='ltr'><strong>explicuit,</strong></span> 
     </span>
    </p>
   </div>
   <div class='ocr_carea' id='block_1_38' title="bbox 960 1887 1750 1923">
    <p class='ocr_par' dir='ltr' id='par_1_38' title="bbox 960 1887 1750 1923">
     <span class='ocr_line' id='line_1_39' title="bbox 960 1887 1750 1923; baseline -0.004 -8"><span class='ocrx_word' id='word_1_235' title='bbox 960 1896 1015 1923; x_wconf 87' lang='lat' dir='ltr'><strong>quo</strong></span> <span class='ocrx_word' id='word_1_236' title='bbox 1037 1891 1117 1922; x_wconf 88' lang='lat' dir='ltr'><strong>pacto</strong></span> <span class='ocrx_word' id='word_1_237' title='bbox 1139 1887 1246 1916; x_wconf 83' lang='lat' dir='ltr'><strong>institui</strong></span> <span class='ocrx_word' id='word_1_238' title='bbox 1269 1887 1398 1920; x_wconf 86' lang='lat' dir='ltr'><strong>debeant,</strong></span> <span class='ocrx_word' id='word_1_239' title='bbox 1413 1887 1460 1923; x_wconf 90' lang='lat' dir='ltr'><strong>qui</strong></span> <span class='ocrx_word' id='word_1_240' title='bbox 1485 1887 1579 1914; x_wconf 78' lang='lat' dir='ltr'><strong>clerici</strong></span> <span class='ocrx_word' id='word_1_241' title='bbox 1604 1894 1658 1913; x_wconf 88' lang='lat' dir='ltr'><strong>non</strong></span> <span class='ocrx_word' id='word_1_242' title='bbox 1675 1889 1750 1917; x_wconf 86' lang='lat' dir='ltr'><strong>sunt,</strong></span> 
     </span>
    </p>
   </div>
   <div class='ocr_carea' id='block_1_39' title="bbox 961 1932 1752 1969">
    <p class='ocr_par' dir='ltr' id='par_1_39' title="bbox 961 1932 1752 1969">
     <span class='ocr_line' id='line_1_40' title="bbox 961 1932 1752 1969; baseline -0.001 -10"><span class='ocrx_word' id='word_1_243' title='bbox 961 1935 1061 1969; x_wconf 85' lang='lat' dir='ltr'><strong>populo</strong></span> <span class='ocrx_word' id='word_1_244' title='bbox 1076 1934 1176 1969; x_wconf 88' lang='lat' dir='ltr'><strong>alioqui</strong></span> <span class='ocrx_word' id='word_1_245' title='bbox 1191 1935 1359 1969; x_wconf 86' lang='lat' dir='ltr'><strong>superiores.</strong></span> <span class='ocrx_word' id='word_1_246' title='bbox 1380 1934 1432 1968; x_wconf 86' lang='lat' dir='ltr'><strong>Qui</strong></span> <span class='ocrx_word' id='word_1_247' title='bbox 1455 1934 1535 1961; x_wconf 85' lang='lat' dir='ltr'><strong>istius</strong></span> <span class='ocrx_word' id='word_1_248' title='bbox 1557 1933 1619 1960; x_wconf 73' lang='lat' dir='ltr'><strong>vita:</strong></span> <span class='ocrx_word' id='word_1_249' title='bbox 1642 1932 1752 1960; x_wconf 89' lang='lat' dir='ltr'><strong>institu-</strong></span> 
     </span>
    </p>
   </div>
   <div class='ocr_carea' id='block_1_40' title="bbox 962 1977 1751 2015">
    <p class='ocr_par' dir='ltr' id='par_1_40' title="bbox 962 1977 1751 2015">
     <span class='ocr_line' id='line_1_41' title="bbox 962 1977 1751 2015; baseline -0.005 -7"><span class='ocrx_word' id='word_1_250' title='bbox 962 1985 1017 2008; x_wconf 92' lang='lat' dir='ltr'><strong>tum</strong></span> <span class='ocrx_word' id='word_1_251' title='bbox 1039 1981 1245 2015; x_wconf 82' lang='lat' dir='ltr'><strong>profitebantur,</strong></span> <span class='ocrx_word' id='word_1_252' title='bbox 1259 1980 1310 2007; x_wconf 88' lang='lat' dir='ltr'><strong>hos</strong></span> <span class='ocrx_word' id='word_1_253' title='bbox 1331 1981 1407 2008; x_wconf 85' lang='lat' dir='ltr'><strong>visus</strong></span> <span class='ocrx_word' id='word_1_254' title='bbox 1428 1983 1470 2007; x_wconf 90' lang='lat' dir='ltr'><strong>est</strong></span> <span class='ocrx_word' id='word_1_255' title='bbox 1484 1979 1563 2006; x_wconf 79' lang='lat' dir='ltr'><strong>Philo</strong></span> <span class='ocrx_word' id='word_1_256' title='bbox 1579 1978 1624 2005; x_wconf 91' lang='lat' dir='ltr'><strong>ille</strong></span> <span class='ocrx_word' id='word_1_257' title='bbox 1639 1977 1751 2005; x_wconf 68' lang='lat' dir='ltr'><strong>Iudaeus</strong></span> 
     </span>
    </p>
   </div>
   <div class='ocr_carea' id='block_1_41' title="bbox 961 2024 1752 2061">
    <p class='ocr_par' dir='ltr' id='par_1_41' title="bbox 961 2024 1752 2061">
     <span class='ocr_line' id='line_1_42' title="bbox 961 2024 1752 2061; baseline -0.003 -8"><span class='ocrx_word' id='word_1_258' title='bbox 961 2027 1086 2054; x_wconf 87' lang='lat' dir='ltr'><strong>miraculi</strong></span> <span class='ocrx_word' id='word_1_259' title='bbox 1109 2027 1170 2054; x_wconf 86' lang='lat' dir='ltr'><strong>loco</strong></span> <span class='ocrx_word' id='word_1_260' title='bbox 1190 2027 1376 2061; x_wconf 59' lang='lat' dir='ltr'><strong>depraedieare</strong></span> <span class='ocrx_word' id='word_1_261' title='bbox 1397 2026 1426 2054; x_wconf 88' lang='lat' dir='ltr'><strong>in</strong></span> <span class='ocrx_word' id='word_1_262' title='bbox 1453 2033 1535 2061; x_wconf 86' lang='lat' dir='ltr'><strong>opere</strong></span> <span class='ocrx_word' id='word_1_263' title='bbox 1548 2024 1593 2052; x_wconf 88' lang='lat' dir='ltr'><strong>cui</strong></span> <span class='ocrx_word' id='word_1_264' title='bbox 1610 2025 1752 2059; x_wconf 87' lang='lat' dir='ltr'><strong>inscriptio</strong></span> 
     </span>
    </p>
   </div>
   <div class='ocr_carea' id='block_1_42' title="bbox 115 2068 908 2107">
    <p class='ocr_par' dir='ltr' id='par_1_42' title="bbox 115 2069 908 2107">
     <span class='ocr_line' id='line_1_43' title="bbox 115 2069 908 2107; baseline 0.001 -11"><span class='ocrx_word' id='word_1_265' title='bbox 115 2069 150 2097; x_wconf 84' lang='grc' dir='ltr'>τὸ</span> <span class='ocrx_word' id='word_1_266' title='bbox 161 2070 240 2104; x_wconf 85' lang='grc' dir='ltr'>γένος</span> <span class='ocrx_word' id='word_1_267' title='bbox 252 2079 258 2086; x_wconf 81' lang='grc'><em>’</em></span> <span class='ocrx_word' id='word_1_268' title='bbox 275 2071 328 2098; x_wconf 78' lang='grc' dir='ltr'>ἔδει</span> <span class='ocrx_word' id='word_1_269' title='bbox 342 2071 396 2107; x_wconf 74' lang='grc' dir='ltr'>γὰρ</span> <span class='ocrx_word' id='word_1_270' title='bbox 410 2071 513 2106; x_wconf 78' lang='grc' dir='ltr'>ἀγαθοῦ</span> <span class='ocrx_word' id='word_1_271' title='bbox 526 2071 627 2098; x_wconf 85' lang='grc' dir='ltr'>τελείου</span> <span class='ocrx_word' id='word_1_272' title='bbox 645 2072 790 2107; x_wconf 81' lang='grc' dir='ltr'>μετασχεῖν</span> <span class='ocrx_word' id='word_1_273' title='bbox 802 2071 849 2098; x_wconf 76' lang='grc' dir='ltr'><strong>καὶ</strong></span> <span class='ocrx_word' id='word_1_274' title='bbox 860 2071 908 2106; x_wconf 78' lang='grc' dir='ltr'>τὴν</span> 
     </span>
    </p>
   </div>
   <div class='ocr_carea' id='block_1_43' title="bbox 960 2068 1752 2107">
    <p class='ocr_par' dir='ltr' id='par_1_43' title="bbox 961 2070 1752 2105">
     <span class='ocr_line' id='line_1_44' title="bbox 961 2070 1752 2105; baseline -0.003 -6"><span class='ocrx_word' id='word_1_275' title='bbox 961 2077 1012 2105; x_wconf 83' lang='lat' dir='ltr'><strong>cst,</strong></span> <span class='ocrx_word' id='word_1_276' title='bbox 1026 2071 1064 2099; x_wconf 90' lang='lat' dir='ltr'><strong>De</strong></span> <span class='ocrx_word' id='word_1_277' title='bbox 1085 2074 1140 2100; x_wconf 80' lang='lat' dir='ltr'><strong>vita</strong></span> <span class='ocrx_word' id='word_1_278' title='bbox 1162 2072 1317 2105; x_wconf 78' lang='lat' dir='ltr'><strong>theoretica,</strong></span> <span class='ocrx_word' id='word_1_279' title='bbox 1332 2072 1384 2100; x_wconf 88' lang='lat' dir='ltr'><strong>hoc</strong></span> <span class='ocrx_word' id='word_1_280' title='bbox 1400 2076 1442 2100; x_wconf 84' lang='lat' dir='ltr'><strong>est</strong></span> <span class='ocrx_word' id='word_1_281' title='bbox 1457 2071 1679 2105; x_wconf 83' lang='lat' dir='ltr'><strong>contemplativa,</strong></span> <span class='ocrx_word' id='word_1_282' title='bbox 1695 2070 1752 2097; x_wconf 85' lang='lat' dir='ltr'><strong>sive</strong></span> 
     </span>
    </p>
   </div>
   <div class='ocr_carea' id='block_1_44' title="bbox 123 2115 908 2154">
    <p class='ocr_par' dir='ltr' id='par_1_44' title="bbox 123 2115 908 2154">
     <span class='ocr_line' id='line_1_45' title="bbox 123 2115 908 2154; baseline 0 -12"><span class='ocrx_word' id='word_1_283' title='bbox 123 2115 238 2143; x_wconf 78' lang='grc' dir='ltr'>Ἐλλάδα</span> <span class='ocrx_word' id='word_1_284' title='bbox 255 2117 301 2144; x_wconf 76' lang='grc' dir='ltr'>καὶ</span> <span class='ocrx_word' id='word_1_285' title='bbox 314 2117 362 2153; x_wconf 84' lang='grc' dir='ltr'>τὴν</span> <span class='ocrx_word' id='word_1_286' title='bbox 374 2117 509 2154; x_wconf 75' lang='grc' dir='ltr'>βάρϐαρον</span> <span class='ocrx_word' id='word_1_287' title='bbox 518 2126 525 2132; x_wconf 85' lang='grc'><strong>”</strong></span> <span class='ocrx_word' id='word_1_288' title='bbox 541 2118 681 2150; x_wconf 77' lang='grc' dir='ltr'>πλεονάζει</span> <span class='ocrx_word' id='word_1_289' title='bbox 696 2118 724 2144; x_wconf 80' lang='grc' dir='ltr'><strong>δὲ</strong></span> <span class='ocrx_word' id='word_1_290' title='bbox 739 2119 767 2144; x_wconf 79' lang='grc' dir='ltr'>ὲν</span> <span class='ocrx_word' id='word_1_291' title='bbox 780 2117 908 2152; x_wconf 68' lang='grc' dir='ltr'>Αἰγύπτῳ</span> 
     </span>
    </p>
   </div>
   <div class='ocr_carea' id='block_1_45' title="bbox 115 2162 909 2200">
    <p class='ocr_par' dir='ltr' id='par_1_45' title="bbox 115 2162 909 2200">
     <span class='ocr_line' id='line_1_46' title="bbox 115 2162 909 2200; baseline 0.003 -11"><span class='ocrx_word' id='word_1_292' title='bbox 115 2162 182 2189; x_wconf 77' lang='grc' dir='ltr'>καθ’</span> <span class='ocrx_word' id='word_1_293' title='bbox 209 2162 322 2190; x_wconf 71' lang='grc' dir='ltr'>ἕκαστον</span> <span class='ocrx_word' id='word_1_294' title='bbox 342 2163 396 2190; x_wconf 83' lang='grc' dir='ltr'><strong>τῶν</strong></span> <span class='ocrx_word' id='word_1_295' title='bbox 421 2164 641 2200; x_wconf 77' lang='grc' dir='ltr'>ἐπικαλουμένων</span> <span class='ocrx_word' id='word_1_296' title='bbox 658 2165 759 2200; x_wconf 78' lang='grc' dir='ltr'>νομῶν,</span> <span class='ocrx_word' id='word_1_297' title='bbox 784 2165 830 2191; x_wconf 80' lang='grc' dir='ltr'>καὶ</span> <span class='ocrx_word' id='word_1_298' title='bbox 857 2164 909 2200; x_wconf 75' lang='grc' dir='ltr'><strong>μά-</strong></span> 
     </span>
    </p>
   </div>
   <div class='ocr_carea' id='block_1_46' title="bbox 114 2207 908 2246">
    <p class='ocr_par' dir='ltr' id='par_1_46' title="bbox 114 2207 908 2246">
     <span class='ocr_line' id='line_1_47' title="bbox 114 2207 908 2246; baseline 0.003 -12"><span class='ocrx_word' id='word_1_299' title='bbox 114 2207 198 2235; x_wconf 74' lang='grc' dir='ltr'>λιστα</span> <span class='ocrx_word' id='word_1_300' title='bbox 214 2209 276 2245; x_wconf 74' lang='grc' dir='ltr'>περὶ</span> <span class='ocrx_word' id='word_1_301' title='bbox 288 2209 338 2245; x_wconf 85' lang='grc' dir='ltr'><strong>τὴν</strong></span> <span class='ocrx_word' id='word_1_302' title='bbox 361 2209 562 2246; x_wconf 76' lang='grc' dir='ltr'>Ἀλεξάνδρειαν</span> <span class='ocrx_word' id='word_1_303' title='bbox 582 2211 632 2246; x_wconf 86' lang='grc'><strong>(5).</strong></span> <span class='ocrx_word' id='word_1_304' title='bbox 649 2211 681 2238; x_wconf 73' lang='lat' dir='ltr'><strong>Oi</strong></span> <span class='ocrx_word' id='word_1_305' title='bbox 697 2211 726 2237; x_wconf 79' lang='grc' dir='ltr'>δὲ</span> <span class='ocrx_word' id='word_1_306' title='bbox 744 2211 908 2246; x_wconf 81' lang='grc' dir='ltr'>πανταχόθεν</span> 
     </span>
    </p>
   </div>
   <div class='ocr_carea' id='block_1_47' title="bbox 115 2256 908 2293">
    <p class='ocr_par' dir='ltr' id='par_1_47' title="bbox 115 2256 908 2293">
     <span class='ocr_line' id='line_1_48' title="bbox 115 2256 908 2293; baseline 0 -10"><span class='ocrx_word' id='word_1_307' title='bbox 115 2256 238 2291; x_wconf 73' lang='grc' dir='ltr'>ἄριστοι,</span> <span class='ocrx_word' id='word_1_308' title='bbox 252 2256 376 2292; x_wconf 83' lang='grc' dir='ltr'>καθάπερ</span> <span class='ocrx_word' id='word_1_309' title='bbox 393 2257 433 2288; x_wconf 81' lang='grc' dir='ltr'><strong>είς</strong></span> <span class='ocrx_word' id='word_1_310' title='bbox 447 2257 574 2292; x_wconf 82' lang='grc' dir='ltr'>πατρίδα,</span> <span class='ocrx_word' id='word_1_311' title='bbox 591 2256 765 2293; x_wconf 86' lang='grc' dir='ltr'>θεραπευτῶν</span> <span class='ocrx_word' id='word_1_312' title='bbox 780 2257 908 2283; x_wconf 79' lang='grc' dir='ltr'>ἀποικίαν</span> 
     </span>
    </p>
   </div>
   <div class='ocr_carea' id='block_1_48' title="bbox 114 2302 909 2340">
    <p class='ocr_par' dir='ltr' id='par_1_48' title="bbox 114 2302 909 2340">
     <span class='ocr_line' id='line_1_49' title="bbox 114 2302 909 2340; baseline 0.001 -11"><span class='ocrx_word' id='word_1_313' title='bbox 114 2302 285 2335; x_wconf 83' lang='grc' dir='ltr'>στέλλονται,</span> <span class='ocrx_word' id='word_1_314' title='bbox 309 2304 377 2339; x_wconf 79' lang='grc' dir='ltr'>πρός</span> <span class='ocrx_word' id='word_1_315' title='bbox 400 2312 426 2330; x_wconf 90' lang='grc' dir='ltr'><strong>τι</strong></span> <span class='ocrx_word' id='word_1_316' title='bbox 457 2303 554 2339; x_wconf 83' lang='grc' dir='ltr'>χωρίον</span> <span class='ocrx_word' id='word_1_317' title='bbox 582 2303 815 2339; x_wconf 78' lang='grc' dir='ltr'>ἐπιτηδειότατον,</span> <span class='ocrx_word' id='word_1_318' title='bbox 840 2303 909 2340; x_wconf 76' lang='grc' dir='ltr'>ὅπερ</span> 
     </span>
    </p>
   </div>
   <div class='ocr_carea' id='block_1_49' title="bbox 112 2349 908 2385">
    <p class='ocr_par' dir='ltr' id='par_1_49' title="bbox 112 2349 908 2385">
     <span class='ocr_line' id='line_1_50' title="bbox 112 2349 908 2385; baseline 0.001 -10"><span class='ocrx_word' id='word_1_319' title='bbox 112 2349 194 2378; x_wconf 68' lang='grc' dir='ltr'>ἐστὶν</span> <span class='ocrx_word' id='word_1_320' title='bbox 208 2349 279 2385; x_wconf 83' lang='grc' dir='ltr'>ὑπὲρ</span> <span class='ocrx_word' id='word_1_321' title='bbox 301 2349 397 2385; x_wconf 85' lang='grc' dir='ltr'>λίμνης</span> <span class='ocrx_word' id='word_1_322' title='bbox 419 2350 544 2385; x_wconf 77' lang='grc' dir='ltr'>κείμενον</span> <span class='ocrx_word' id='word_1_323' title='bbox 561 2349 686 2385; x_wconf 80' lang='grc' dir='ltr'>Μαρείας</span> <span class='ocrx_word' id='word_1_324' title='bbox 710 2350 755 2376; x_wconf 79' lang='grc' dir='ltr'>ἐπὶ</span> <span class='ocrx_word' id='word_1_325' title='bbox 771 2349 908 2384; x_wconf 70' lang='grc' dir='ltr'>γεωλόφου</span> 
     </span>
    </p>
   </div>
   <div class='ocr_carea' id='block_1_50' title="bbox 111 2394 908 2432">
    <p class='ocr_par' dir='ltr' id='par_1_50' title="bbox 111 2394 908 2432">
     <span class='ocr_line' id='line_1_51' title="bbox 111 2394 908 2432; baseline 0.001 -11"><span class='ocrx_word' id='word_1_326' title='bbox 111 2394 331 2431; x_wconf 79' lang='grc' dir='ltr'>χθαμαλωτέρου</span> <span class='ocrx_word' id='word_1_327' title='bbox 341 2396 442 2431; x_wconf 80' lang='grc' dir='ltr'>σφόδρα</span> <span class='ocrx_word' id='word_1_328' title='bbox 454 2395 598 2432; x_wconf 83' lang='grc' dir='ltr'>εὐκαίρως,</span> <span class='ocrx_word' id='word_1_329' title='bbox 608 2396 758 2430; x_wconf 77' lang='grc' dir='ltr'>ἀσφαλείας</span> <span class='ocrx_word' id='word_1_330' title='bbox 776 2405 806 2430; x_wconf 87' lang='grc' dir='ltr'><strong>γε</strong></span> <span class='ocrx_word' id='word_1_331' title='bbox 828 2396 908 2423; x_wconf 72' lang='grc' dir='ltr'>ἕνεκα</span> 
     </span>
    </p>
   </div>
   <div class='ocr_carea' id='block_1_51' title="bbox 112 2442 906 2478">
    <p class='ocr_par' dir='ltr' id='par_1_51' title="bbox 112 2442 906 2478">
     <span class='ocr_line' id='line_1_52' title="bbox 112 2442 906 2478; baseline 0.001 -10"><span class='ocrx_word' id='word_1_332' title='bbox 112 2442 167 2468; x_wconf 78' lang='grc' dir='ltr'>καὶ</span> <span class='ocrx_word' id='word_1_333' title='bbox 183 2442 265 2478; x_wconf 85' lang='grc' dir='ltr'>ἀέρος</span> <span class='ocrx_word' id='word_1_334' title='bbox 276 2442 434 2478; x_wconf 83' lang='grc' dir='ltr'>εὐκρασίας.</span> <span class='ocrx_word' id='word_1_335' title='bbox 447 2452 457 2468; x_wconf 77' lang='grc' dir='ltr'><strong>ι</strong></span> <span class='ocrx_word' id='word_1_336' title='bbox 474 2443 529 2469; x_wconf 82' lang='grc' dir='ltr'>Καὶ</span> <span class='ocrx_word' id='word_1_337' title='bbox 536 2443 616 2469; x_wconf 77' lang='grc' dir='ltr'>πάλιν</span> <span class='ocrx_word' id='word_1_338' title='bbox 630 2443 661 2469; x_wconf 80' lang='grc' dir='ltr'>ἐκ</span> <span class='ocrx_word' id='word_1_339' title='bbox 672 2442 719 2469; x_wconf 82' lang='grc' dir='ltr'><strong>τοῦ</strong></span> <span class='ocrx_word' id='word_1_340' title='bbox 726 2443 808 2469; x_wconf 76' lang='grc' dir='ltr'>αὐτοῦ</span> <span class='ocrx_word' id='word_1_341' title='bbox 816 2443 906 2477; x_wconf 81' lang='grc' dir='ltr'>λόγου·</span> 
     </span>
    </p>
   </div>
   <div class='ocr_carea' id='block_1_52' title="bbox 110 2488 908 2525">
    <p class='ocr_par' dir='ltr' id='par_1_52' title="bbox 110 2488 908 2525">
     <span class='ocr_line' id='line_1_53' title="bbox 110 2488 908 2525; baseline 0.001 -11"><span class='ocrx_word' id='word_1_342' title='bbox 110 2498 120 2513; x_wconf 84' lang='grc'><strong>‹</strong></span> <span class='ocrx_word' id='word_1_343' title='bbox 138 2488 187 2514; x_wconf 82' lang='grc' dir='ltr'>Ἐν</span> <span class='ocrx_word' id='word_1_344' title='bbox 196 2488 298 2524; x_wconf 80' lang='grc' dir='ltr'>ἑκάστῃ</span> <span class='ocrx_word' id='word_1_345' title='bbox 311 2489 340 2515; x_wconf 82' lang='grc' dir='ltr'><strong>δὲ</strong></span> <span class='ocrx_word' id='word_1_346' title='bbox 357 2489 446 2524; x_wconf 69' lang='grc' dir='ltr'>οἰκείᾳ</span> <span class='ocrx_word' id='word_1_347' title='bbox 466 2488 538 2515; x_wconf 73' lang='grc' dir='ltr'>ἐστιν</span> <span class='ocrx_word' id='word_1_348' title='bbox 553 2488 655 2525; x_wconf 75' lang='grc' dir='ltr'>οἴκημα</span> <span class='ocrx_word' id='word_1_349' title='bbox 666 2489 742 2525; x_wconf 75' lang='grc' dir='ltr'>ἱερὸν</span> <span class='ocrx_word' id='word_1_350' title='bbox 762 2489 908 2516; x_wconf 71' lang='grc' dir='ltr'>ὃκαλεῐται</span> 
     </span>
    </p>
   </div>
   <div class='ocr_carea' id='block_1_53' title="bbox 105 2532 907 2571">
    <p class='ocr_par' dir='ltr' id='par_1_53' title="bbox 105 2532 907 2571">
     <span class='ocr_line' id='line_1_54' title="bbox 105 2532 907 2571; baseline 0 -10"><span class='ocrx_word' id='word_1_351' title='bbox 105 2536 243 2568; x_wconf 79' lang='grc' dir='ltr'>σεμνεῖον</span> <span class='ocrx_word' id='word_1_352' title='bbox 259 2536 305 2562; x_wconf 83' lang='grc' dir='ltr'>καὶ</span> <span class='ocrx_word' id='word_1_353' title='bbox 322 2535 514 2571; x_wconf 82' lang='grc' dir='ltr'>μοναστήριον·</span> <span class='ocrx_word' id='word_1_354' title='bbox 533 2535 561 2561; x_wconf 82' lang='grc' dir='ltr'>ἐν</span> <span class='ocrx_word' id='word_1_355' title='bbox 584 2532 606 2569; x_wconf 80' lang='grc' dir='ltr'><strong>ᾧ</strong></span> <span class='ocrx_word' id='word_1_356' title='bbox 624 2535 796 2571; x_wconf 63' lang='grc' dir='ltr'>μονούμενοι,</span> <span class='ocrx_word' id='word_1_357' title='bbox 811 2535 845 2562; x_wconf 80' lang='grc' dir='ltr'>τὰ</span> <span class='ocrx_word' id='word_1_358' title='bbox 860 2535 907 2565; x_wconf 70' lang='grc' dir='ltr'>τοῦ</span> 
     </span>
    </p>
   </div>
   <div class='ocr_carea' id='block_1_54' title="bbox 108 2580 907 2617">
    <p class='ocr_par' dir='ltr' id='par_1_54' title="bbox 108 2580 907 2617">
     <span class='ocr_line' id='line_1_55' title="bbox 108 2580 907 2617; baseline 0 -9"><span class='ocrx_word' id='word_1_359' title='bbox 108 2581 220 2617; x_wconf 81' lang='grc' dir='ltr'>σεμνοῦ</span> <span class='ocrx_word' id='word_1_360' title='bbox 237 2581 295 2617; x_wconf 79' lang='grc' dir='ltr'>βίου</span> <span class='ocrx_word' id='word_1_361' title='bbox 319 2582 454 2617; x_wconf 80' lang='grc' dir='ltr'>μυστήρια</span> <span class='ocrx_word' id='word_1_362' title='bbox 469 2580 617 2612; x_wconf 82' lang='grc' dir='ltr'>τελοῦνται,</span> <span class='ocrx_word' id='word_1_363' title='bbox 634 2581 715 2617; x_wconf 84' lang='grc' dir='ltr'>μηδὲν</span> <span class='ocrx_word' id='word_1_364' title='bbox 737 2582 907 2616; x_wconf 80' lang='grc' dir='ltr'>εἰσκομίζον-</span> 
     </span>
    </p>
   </div>
   <div class='ocr_carea' id='block_1_55' title="bbox 105 2627 908 2664">
    <p class='ocr_par' dir='ltr' id='par_1_55' title="bbox 105 2627 908 2664">
     <span class='ocr_line' id='line_1_56' title="bbox 105 2627 908 2664; baseline 0 -10"><span class='ocrx_word' id='word_1_365' title='bbox 105 2636 172 2659; x_wconf 78' lang='grc' dir='ltr'>τες,</span> <span class='ocrx_word' id='word_1_366' title='bbox 197 2628 235 2664; x_wconf 81' lang='grc' dir='ltr'>μὴ</span> <span class='ocrx_word' id='word_1_367' title='bbox 254 2627 347 2659; x_wconf 80' lang='grc' dir='ltr'>σιτίον,</span> <span class='ocrx_word' id='word_1_368' title='bbox 365 2628 401 2663; x_wconf 85' lang='grc' dir='ltr'>μὴ</span> <span class='ocrx_word' id='word_1_369' title='bbox 419 2627 509 2660; x_wconf 81' lang='grc' dir='ltr'>ποτὸν,</span> <span class='ocrx_word' id='word_1_370' title='bbox 529 2627 589 2663; x_wconf 87' lang='grc' dir='ltr'><strong>μηδ’</strong></span> <span class='ocrx_word' id='word_1_371' title='bbox 605 2627 635 2654; x_wconf 82' lang='grc' dir='ltr'><strong>’ἐν</strong></span> <span class='ocrx_word' id='word_1_372' title='bbox 650 2636 677 2654; x_wconf 91' lang='grc' dir='ltr'><strong>τι</strong></span> <span class='ocrx_word' id='word_1_373' title='bbox 691 2627 744 2655; x_wconf 83' lang='grc' dir='ltr'><strong>τῶν</strong></span> <span class='ocrx_word' id='word_1_374' title='bbox 759 2627 845 2655; x_wconf 75' lang='grc' dir='ltr'>ἄλλων</span> <span class='ocrx_word' id='word_1_375' title='bbox 858 2628 908 2654; x_wconf 83' lang='grc' dir='ltr'><strong>ὅσα</strong></span> 
     </span>
    </p>
   </div>
   <div class='ocr_carea' id='block_1_56' title="bbox 105 2673 909 2710">
    <p class='ocr_par' dir='ltr' id='par_1_56' title="bbox 105 2673 909 2710">
     <span class='ocr_line' id='line_1_57' title="bbox 105 2673 909 2710; baseline 0.001 -10"><span class='ocrx_word' id='word_1_376' title='bbox 105 2675 186 2710; x_wconf 70' lang='grc' dir='ltr'>πρὸς</span> <span class='ocrx_word' id='word_1_377' title='bbox 208 2674 257 2706; x_wconf 80' lang='grc' dir='ltr'>τὰς</span> <span class='ocrx_word' id='word_1_378' title='bbox 278 2673 326 2700; x_wconf 79' lang='grc' dir='ltr'><strong>τοῦ</strong></span> <span class='ocrx_word' id='word_1_379' title='bbox 352 2675 477 2709; x_wconf 88' lang='grc' dir='ltr'>σώματος</span> <span class='ocrx_word' id='word_1_380' title='bbox 496 2674 590 2710; x_wconf 84' lang='grc' dir='ltr'>χρείας</span> <span class='ocrx_word' id='word_1_381' title='bbox 609 2675 763 2708; x_wconf 77' lang='grc' dir='ltr'>ἁναγκαῖα⁸</span> <span class='ocrx_word' id='word_1_382' title='bbox 781 2674 848 2701; x_wconf 83' lang='grc' dir='ltr'>ἀλλὰ</span> <span class='ocrx_word' id='word_1_383' title='bbox 865 2674 909 2701; x_wconf 88' lang='grc' dir='ltr'>νό-</span> 
     </span>
    </p>
   </div>
   <div class='ocr_carea' id='block_1_57' title="bbox 107 2719 908 2757">
    <p class='ocr_par' dir='ltr' id='par_1_57' title="bbox 107 2719 908 2757">
     <span class='ocr_line' id='line_1_58' title="bbox 107 2719 908 2757; baseline -0.002 -9"><span class='ocrx_word' id='word_1_384' title='bbox 107 2730 186 2757; x_wconf 82' lang='grc' dir='ltr'>μους</span> <span class='ocrx_word' id='word_1_385' title='bbox 213 2721 261 2748; x_wconf 79' lang='grc' dir='ltr'>καὶ</span> <span class='ocrx_word' id='word_1_386' title='bbox 285 2720 362 2755; x_wconf 84' lang='grc' dir='ltr'>λόγια</span> <span class='ocrx_word' id='word_1_387' title='bbox 393 2719 570 2747; x_wconf 82' lang='grc' dir='ltr'>θεσπισθέντα</span> <span class='ocrx_word' id='word_1_388' title='bbox 595 2720 640 2747; x_wconf 85' lang='grc' dir='ltr'><strong>διὰ</strong></span> <span class='ocrx_word' id='word_1_389' title='bbox 667 2719 832 2756; x_wconf 79' lang='grc' dir='ltr'>προφητῶν,</span> <span class='ocrx_word' id='word_1_390' title='bbox 861 2721 908 2747; x_wconf 83' lang='grc' dir='ltr'>καὶ</span> 
     </span>
    </p>
   </div>
   <div class='ocr_carea' id='block_1_58' title="bbox 105 2765 908 2804">
    <p class='ocr_par' dir='ltr' id='par_1_58' title="bbox 105 2765 908 2804">
     <span class='ocr_line' id='line_1_59' title="bbox 105 2765 908 2804; baseline 0 -10"><span class='ocrx_word' id='word_1_391' title='bbox 105 2767 229 2804; x_wconf 78' lang='grc' dir='ltr'>ὕμνους,</span> <span class='ocrx_word' id='word_1_392' title='bbox 238 2767 385 2799; x_wconf 75' lang='grc' dir='ltr'>καὶτᾶλλα,</span> <span class='ocrx_word' id='word_1_393' title='bbox 401 2765 442 2799; x_wconf 71' lang='grc' dir='ltr'><strong>οἷς</strong></span> <span class='ocrx_word' id='word_1_394' title='bbox 456 2767 593 2803; x_wconf 78' lang='grc' dir='ltr'>ἐπιστήμη</span> <span class='ocrx_word' id='word_1_395' title='bbox 612 2768 658 2794; x_wconf 73' lang='grc' dir='ltr'>καὶ</span> <span class='ocrx_word' id='word_1_396' title='bbox 673 2767 798 2794; x_wconf 75' lang='grc' dir='ltr'>εὐσέϐεια</span> <span class='ocrx_word' id='word_1_397' title='bbox 812 2775 908 2794; x_wconf 86' lang='grc' dir='ltr'>συναυ-</span> 
     </span>
    </p>
   </div>
   <div class='ocr_carea' id='block_1_59' title="bbox 103 2812 909 2846">
    <p class='ocr_par' dir='ltr' id='par_1_59' title="bbox 103 2812 909 2846">
     <span class='ocr_line' id='line_1_60' title="bbox 103 2812 909 2846; baseline -0.001 -5"><span class='ocrx_word' id='word_1_398' title='bbox 103 2813 228 2846; x_wconf 79' lang='grc' dir='ltr'>ξάνεται</span> <span class='ocrx_word' id='word_1_399' title='bbox 243 2815 291 2841; x_wconf 75' lang='grc' dir='ltr'><strong>καὶ</strong></span> <span class='ocrx_word' id='word_1_400' title='bbox 300 2813 458 2840; x_wconf 83' lang='grc' dir='ltr'>τελειοῦται.</span> <span class='ocrx_word' id='word_1_401' title='bbox 473 2823 481 2839; x_wconf 78' lang='grc' dir='ltr'><strong>ι</strong></span> <span class='ocrx_word' id='word_1_402' title='bbox 499 2814 554 2840; x_wconf 73' lang='grc' dir='ltr'>Καὶ</span> <span class='ocrx_word' id='word_1_403' title='bbox 571 2813 651 2840; x_wconf 78' lang='grc' dir='ltr'>πάλιν</span> <span class='ocrx_word' id='word_1_404' title='bbox 663 2814 696 2840; x_wconf 82' lang='grc' dir='ltr'><strong>ὲκ</strong></span> <span class='ocrx_word' id='word_1_405' title='bbox 709 2813 755 2840; x_wconf 83' lang='grc' dir='ltr'>τοῦ</span> <span class='ocrx_word' id='word_1_406' title='bbox 768 2812 850 2840; x_wconf 82' lang='grc' dir='ltr'>αὑτοῦ</span> <span class='ocrx_word' id='word_1_407' title='bbox 867 2813 909 2840; x_wconf 91' lang='grc' dir='ltr'>λό-</span> 
     </span>
    </p>
   </div>
   <div class='ocr_carea' id='block_1_60' title="bbox 101 2859 909 2897">
    <p class='ocr_par' dir='ltr' id='par_1_60' title="bbox 101 2859 909 2897">
     <span class='ocr_line' id='line_1_61' title="bbox 101 2859 909 2897; baseline -0.002 -9"><span class='ocrx_word' id='word_1_408' title='bbox 101 2869 162 2897; x_wconf 85' lang='grc' dir='ltr'><strong>γου</strong></span> <span class='ocrx_word' id='word_1_409' title='bbox 176 2869 184 2875; x_wconf 91' lang='grc'>·</span> <span class='ocrx_word' id='word_1_410' title='bbox 205 2869 216 2886; x_wconf 75' lang='grc' dir='ltr'><strong>ι</strong></span> <span class='ocrx_word' id='word_1_411' title='bbox 230 2860 267 2887; x_wconf 83' lang='grc' dir='ltr'><strong>Τὸ</strong></span> <span class='ocrx_word' id='word_1_412' title='bbox 282 2860 310 2887; x_wconf 82' lang='grc' dir='ltr'><strong>δὲ</strong></span> <span class='ocrx_word' id='word_1_413' title='bbox 326 2860 354 2894; x_wconf 76' lang='grc' dir='ltr'>ἐξ</span> <span class='ocrx_word' id='word_1_414' title='bbox 379 2859 489 2887; x_wconf 83' lang='grc' dir='ltr'>ἑωθινοῦ</span> <span class='ocrx_word' id='word_1_415' title='bbox 515 2859 611 2895; x_wconf 82' lang='grc' dir='ltr'>μέχρις</span> <span class='ocrx_word' id='word_1_416' title='bbox 636 2861 755 2896; x_wconf 83' lang='grc' dir='ltr'>ἑσπέρας</span> <span class='ocrx_word' id='word_1_417' title='bbox 773 2860 909 2896; x_wconf 65' lang='grc' dir='ltr'>διάστημα</span> 
     </span>
    </p>
   </div>
   <div class='ocr_carea' id='block_1_61' title="bbox 102 2906 909 2943">
    <p class='ocr_par' dir='ltr' id='par_1_61' title="bbox 102 2906 909 2943">
     <span class='ocr_line' id='line_1_62' title="bbox 102 2906 909 2943; baseline -0.002 -9"><span class='ocrx_word' id='word_1_418' title='bbox 102 2907 230 2943; x_wconf 82' lang='grc' dir='ltr'>σύμπαν</span> <span class='ocrx_word' id='word_1_419' title='bbox 253 2907 344 2938; x_wconf 77' lang='grc' dir='ltr'>αὐτοῖς</span> <span class='ocrx_word' id='word_1_420' title='bbox 367 2908 439 2933; x_wconf 75' lang='grc' dir='ltr'>ἐστιν</span> <span class='ocrx_word' id='word_1_421' title='bbox 464 2906 598 2942; x_wconf 80' lang='grc' dir='ltr'>ἄσκησις·</span> <span class='ocrx_word' id='word_1_422' title='bbox 623 2906 831 2942; x_wconf 77' lang='grc' dir='ltr'>ἐντυγχάνοντες</span> <span class='ocrx_word' id='word_1_423' title='bbox 854 2906 909 2942; x_wconf 84' lang='grc' dir='ltr'>γὰρ</span> 
     </span>
    </p>
   </div>
   <div class='ocr_carea' id='block_1_62' title="bbox 99 2951 908 2990">
    <p class='ocr_par' dir='ltr' id='par_1_62' title="bbox 99 2951 908 2990">
     <span class='ocr_line' id='line_1_63' title="bbox 99 2951 908 2990; baseline 0 -10"><span class='ocrx_word' id='word_1_424' title='bbox 99 2954 171 2985; x_wconf 75' lang='grc' dir='ltr'>τοῖς</span> <span class='ocrx_word' id='word_1_425' title='bbox 189 2954 272 2989; x_wconf 77' lang='grc' dir='ltr'>ἱεροῖς</span> <span class='ocrx_word' id='word_1_426' title='bbox 286 2953 439 2990; x_wconf 79' lang='grc' dir='ltr'>γράμμασι,</span> <span class='ocrx_word' id='word_1_427' title='bbox 455 2951 627 2988; x_wconf 72' lang='grc' dir='ltr'>φιλοσοφοῦσι</span> <span class='ocrx_word' id='word_1_428' title='bbox 640 2953 688 2990; x_wconf 85' lang='grc' dir='ltr'><strong>τὴν</strong></span> <span class='ocrx_word' id='word_1_429' title='bbox 705 2952 819 2990; x_wconf 84' lang='grc' dir='ltr'>πάτριον</span> <span class='ocrx_word' id='word_1_430' title='bbox 834 2953 908 2989; x_wconf 67' lang='grc' dir='ltr'>φιλοσ</span> 
     </span>
    </p>
   </div>
   <div class='ocr_carea' id='block_1_63' title="bbox 960 2115 1752 2154">
    <p class='ocr_par' dir='ltr' id='par_1_63' title="bbox 960 2115 1752 2154">
     <span class='ocr_line' id='line_1_64' title="bbox 960 2115 1752 2154; baseline -0.005 -8"><span class='ocrx_word' id='word_1_431' title='bbox 960 2119 993 2147; x_wconf 80' lang='lat' dir='ltr'><strong>de</strong></span> <span class='ocrx_word' id='word_1_432' title='bbox 1015 2119 1201 2154; x_wconf 84' lang='lat' dir='ltr'><strong>supplicibus;</strong></span> <span class='ocrx_word' id='word_1_433' title='bbox 1223 2119 1292 2146; x_wconf 85' lang='lat' dir='ltr'><strong>tales</strong></span> <span class='ocrx_word' id='word_1_434' title='bbox 1315 2125 1417 2146; x_wconf 86' lang='lat' dir='ltr'><strong>vocans</strong></span> <span class='ocrx_word' id='word_1_435' title='bbox 1440 2118 1626 2152; x_wconf 81' lang='lat' dir='ltr'><strong>tberapeutas.</strong></span> <span class='ocrx_word' id='word_1_436' title='bbox 1651 2115 1704 2143; x_wconf 86' lang='lat' dir='ltr'><strong>Sed</strong></span> <span class='ocrx_word' id='word_1_437' title='bbox 1725 2119 1752 2143; x_wconf 86' lang='lat' dir='ltr'><strong>et</strong></span> 
     </span>
    </p>
   </div>
   <div class='ocr_carea' id='block_1_64' title="bbox 960 2162 1749 2198">
    <p class='ocr_par' dir='ltr' id='par_1_64' title="bbox 960 2162 1749 2198">
     <span class='ocr_line' id='line_1_65' title="bbox 960 2162 1749 2198; baseline -0.005 -6"><span class='ocrx_word' id='word_1_438' title='bbox 960 2167 1021 2193; x_wconf 70' lang='lat' dir='ltr'><strong>vita:</strong></span> <span class='ocrx_word' id='word_1_439' title='bbox 1037 2166 1118 2193; x_wconf 89' lang='lat' dir='ltr'><strong>istius</strong></span> <span class='ocrx_word' id='word_1_440' title='bbox 1133 2166 1293 2193; x_wconf 65' lang='lat' dir='ltr'><strong>monasticae</strong></span> <span class='ocrx_word' id='word_1_441' title='bbox 1308 2165 1453 2192; x_wconf 82' lang='lat' dir='ltr'><strong>formulam</strong></span> <span class='ocrx_word' id='word_1_442' title='bbox 1475 2163 1600 2198; x_wconf 85' lang='lat' dir='ltr'><strong>pluribus</strong></span> <span class='ocrx_word' id='word_1_443' title='bbox 1621 2162 1749 2197; x_wconf 78' lang='lat' dir='ltr'><strong>explicat.</strong></span> 
     </span>
    </p>
   </div>
   <div class='ocr_carea' id='block_1_65' title="bbox 959 2209 1751 2247">
    <p class='ocr_par' dir='ltr' id='par_1_65' title="bbox 959 2209 1751 2247">
     <span class='ocr_line' id='line_1_66' title="bbox 959 2209 1751 2247; baseline -0.003 -9"><span class='ocrx_word' id='word_1_444' title='bbox 959 2211 1052 2247; x_wconf 80' lang='lat' dir='ltr'><strong>Neque</strong></span> <span class='ocrx_word' id='word_1_445' title='bbox 1063 2213 1165 2239; x_wconf 89' lang='lat' dir='ltr'><strong>malum</strong></span> <span class='ocrx_word' id='word_1_446' title='bbox 1178 2212 1259 2239; x_wconf 89' lang='lat' dir='ltr'><strong>fuerit</strong></span> <span class='ocrx_word' id='word_1_447' title='bbox 1275 2219 1389 2247; x_wconf 86' lang='lat' dir='ltr'><strong>prorsus</strong></span> <span class='ocrx_word' id='word_1_448' title='bbox 1404 2210 1484 2246; x_wconf 65' lang='grc'><strong>242</strong></span> <span class='ocrx_word' id='word_1_449' title='bbox 1497 2210 1584 2245; x_wconf 88' lang='lat' dir='ltr'><strong>ipsam</strong></span> <span class='ocrx_word' id='word_1_450' title='bbox 1603 2209 1751 2237; x_wconf 91' lang='lat' dir='ltr'><strong>dictionem</strong></span> 
     </span>
    </p>
   </div>
   <div class='ocr_carea' id='block_1_66' title="bbox 959 2257 1751 2293">
    <p class='ocr_par' dir='ltr' id='par_1_66' title="bbox 959 2257 1751 2293">
     <span class='ocr_line' id='line_1_67' title="bbox 959 2257 1751 2293; baseline -0.003 -7"><span class='ocrx_word' id='word_1_451' title='bbox 959 2259 1082 2286; x_wconf 80' lang='lat' dir='ltr'><strong>Philonis</strong></span> <span class='ocrx_word' id='word_1_452' title='bbox 1102 2259 1163 2285; x_wconf 87' lang='lat' dir='ltr'><strong>loco</strong></span> <span class='ocrx_word' id='word_1_453' title='bbox 1185 2258 1313 2293; x_wconf 64' lang='lat' dir='ltr'><strong>praasenti</strong></span> <span class='ocrx_word' id='word_1_454' title='bbox 1334 2258 1457 2285; x_wconf 75' lang='lat' dir='ltr'><strong>intexere</strong></span> <span class='ocrx_word' id='word_1_455' title='bbox 1480 2266 1487 2285; x_wconf 80' lang='grc' dir='ltr'><strong>ι</strong></span> <span class='ocrx_word' id='word_1_456' title='bbox 1513 2257 1652 2284; x_wconf 87' lang='lat' dir='ltr'><strong>enimvero</strong></span> <span class='ocrx_word' id='word_1_457' title='bbox 1669 2264 1702 2284; x_wconf 80' lang='lat' dir='ltr'><strong>eo</strong></span> <span class='ocrx_word' id='word_1_458' title='bbox 1722 2257 1751 2284; x_wconf 91' lang='lat' dir='ltr'><strong>in</strong></span> 
     </span>
    </p>
   </div>
   <div class='ocr_carea' id='block_1_67' title="bbox 959 2303 1751 2340">
    <p class='ocr_par' dir='ltr' id='par_1_67' title="bbox 959 2303 1751 2340">
     <span class='ocr_line' id='line_1_68' title="bbox 959 2303 1751 2340; baseline -0.003 -7"><span class='ocrx_word' id='word_1_459' title='bbox 959 2313 1040 2340; x_wconf 88' lang='lat' dir='ltr'><strong>opere</strong></span> <span class='ocrx_word' id='word_1_460' title='bbox 1055 2305 1088 2332; x_wconf 89' lang='lat' dir='ltr'><strong>ad</strong></span> <span class='ocrx_word' id='word_1_461' title='bbox 1103 2305 1177 2332; x_wconf 90' lang='lat' dir='ltr'><strong>hunc</strong></span> <span class='ocrx_word' id='word_1_462' title='bbox 1189 2305 1285 2332; x_wconf 85' lang='lat' dir='ltr'><strong>scribit</strong></span> <span class='ocrx_word' id='word_1_463' title='bbox 1299 2304 1421 2337; x_wconf 86' lang='lat' dir='ltr'><strong>modum,</strong></span> <span class='ocrx_word' id='word_1_464' title='bbox 1439 2304 1467 2331; x_wconf 94' lang='lat' dir='ltr'><strong>in</strong></span> <span class='ocrx_word' id='word_1_465' title='bbox 1482 2303 1662 2339; x_wconf 88' lang='lat' dir='ltr'><strong>pluribusque</strong></span> <span class='ocrx_word' id='word_1_466' title='bbox 1675 2304 1751 2332; x_wconf 86' lang='lat' dir='ltr'><strong>orbis</strong></span> 
     </span>
    </p>
   </div>
   <div class='ocr_carea' id='block_1_68' title="bbox 960 2350 1748 2386">
    <p class='ocr_par' dir='ltr' id='par_1_68' title="bbox 960 2350 1748 2386">
     <span class='ocr_line' id='line_1_69' title="bbox 960 2350 1748 2386; baseline -0.003 -8"><span class='ocrx_word' id='word_1_467' title='bbox 960 2351 1116 2386; x_wconf 79' lang='lat' dir='ltr'><strong>regionibus</strong></span> <span class='ocrx_word' id='word_1_468' title='bbox 1139 2351 1191 2378; x_wconf 88' lang='lat' dir='ltr'><strong>hoc</strong></span> <span class='ocrx_word' id='word_1_469' title='bbox 1215 2358 1302 2386; x_wconf 77' lang='lat' dir='ltr'><strong>genus</strong></span> <span class='ocrx_word' id='word_1_470' title='bbox 1326 2350 1523 2378; x_wconf 89' lang='lat' dir='ltr'><strong>monachorum</strong></span> <span class='ocrx_word' id='word_1_471' title='bbox 1549 2350 1671 2385; x_wconf 85' lang='lat' dir='ltr'><strong>reperire.</strong></span> <span class='ocrx_word' id='word_1_472' title='bbox 1696 2353 1748 2377; x_wconf 88' lang='lat' dir='ltr'><strong>est.</strong></span> 
     </span>
    </p>
   </div>
   <div class='ocr_carea' id='block_1_69' title="bbox 959 2396 1749 2432">
    <p class='ocr_par' dir='ltr' id='par_1_69' title="bbox 959 2396 1749 2432">
     <span class='ocr_line' id='line_1_70' title="bbox 959 2396 1749 2432; baseline -0.003 -8"><span class='ocrx_word' id='word_1_473' title='bbox 959 2397 1108 2432; x_wconf 84' lang='lat' dir='ltr'><strong>Oportebat</strong></span> <span class='ocrx_word' id='word_1_474' title='bbox 1123 2404 1189 2424; x_wconf 80' lang='lat' dir='ltr'><strong>sane.</strong></span> <span class='ocrx_word' id='word_1_475' title='bbox 1203 2397 1267 2424; x_wconf 87' lang='lat' dir='ltr'><strong>boni</strong></span> <span class='ocrx_word' id='word_1_476' title='bbox 1281 2397 1362 2425; x_wconf 91' lang='lat' dir='ltr'><strong>istius</strong></span> <span class='ocrx_word' id='word_1_477' title='bbox 1373 2397 1414 2424; x_wconf 87' lang='lat' dir='ltr'><strong>sic</strong></span> <span class='ocrx_word' id='word_1_478' title='bbox 1430 2396 1543 2432; x_wconf 77' lang='lat' dir='ltr'><strong>perfecti</strong></span> <span class='ocrx_word' id='word_1_479' title='bbox 1560 2396 1618 2423; x_wconf 80' lang='lat' dir='ltr'><strong>fieri</strong></span> <span class='ocrx_word' id='word_1_480' title='bbox 1635 2396 1749 2431; x_wconf 86' lang='lat' dir='ltr'><strong>partici-</strong></span> 
     </span>
    </p>
   </div>
   <div class='ocr_carea' id='block_1_70' title="bbox 960 2443 1750 2478">
    <p class='ocr_par' dir='ltr' id='par_1_70' title="bbox 960 2443 1750 2478">
     <span class='ocr_line' id='line_1_71' title="bbox 960 2443 1750 2478; baseline -0.001 -8"><span class='ocrx_word' id='word_1_481' title='bbox 960 2451 1020 2478; x_wconf 89' lang='lat' dir='ltr'><strong>pem</strong></span> <span class='ocrx_word' id='word_1_482' title='bbox 1041 2451 1096 2470; x_wconf 88' lang='lat' dir='ltr'><strong>non</strong></span> <span class='ocrx_word' id='word_1_483' title='bbox 1113 2443 1246 2471; x_wconf 60' lang='lat' dir='ltr'><strong>Graciam</strong></span> <span class='ocrx_word' id='word_1_484' title='bbox 1265 2443 1364 2475; x_wconf 86' lang='lat' dir='ltr'><strong>solum,</strong></span> <span class='ocrx_word' id='word_1_485' title='bbox 1383 2443 1429 2470; x_wconf 82' lang='lat' dir='ltr'><strong>sed</strong></span> <span class='ocrx_word' id='word_1_486' title='bbox 1449 2446 1475 2470; x_wconf 87' lang='lat' dir='ltr'><strong>et</strong></span> <span class='ocrx_word' id='word_1_487' title='bbox 1495 2443 1663 2478; x_wconf 85' lang='lat' dir='ltr'><strong>reliquarum</strong></span> <span class='ocrx_word' id='word_1_488' title='bbox 1683 2450 1750 2478; x_wconf 80' lang='lat' dir='ltr'><strong>gen-</strong></span> 
     </span>
    </p>
   </div>
   <div class='ocr_carea' id='block_1_71' title="bbox 959 2489 1748 2525">
    <p class='ocr_par' dir='ltr' id='par_1_71' title="bbox 959 2489 1748 2525">
     <span class='ocr_line' id='line_1_72' title="bbox 959 2489 1748 2525; baseline -0.001 -9"><span class='ocrx_word' id='word_1_489' title='bbox 959 2490 1027 2516; x_wconf 87' lang='lat' dir='ltr'><strong>tium</strong></span> <span class='ocrx_word' id='word_1_490' title='bbox 1042 2489 1207 2517; x_wconf 89' lang='lat' dir='ltr'><strong>barbariem.</strong></span> <span class='ocrx_word' id='word_1_491' title='bbox 1225 2489 1353 2517; x_wconf 83' lang='lat' dir='ltr'><strong>Abundat</strong></span> <span class='ocrx_word' id='word_1_492' title='bbox 1375 2497 1440 2517; x_wconf 89' lang='lat' dir='ltr'><strong>vero</strong></span> <span class='ocrx_word' id='word_1_493' title='bbox 1455 2489 1483 2517; x_wconf 91' lang='lat' dir='ltr'><strong>in</strong></span> <span class='ocrx_word' id='word_1_494' title='bbox 1501 2489 1619 2525; x_wconf 65' lang='lat' dir='ltr'><strong>Egypto</strong></span> <span class='ocrx_word' id='word_1_495' title='bbox 1640 2489 1667 2516; x_wconf 92' lang='lat' dir='ltr'><strong>in</strong></span> <span class='ocrx_word' id='word_1_496' title='bbox 1689 2489 1748 2516; x_wconf 92' lang='lat' dir='ltr'><strong>sin-</strong></span> 
     </span>
    </p>
   </div>
   <div class='ocr_carea' id='block_1_72' title="bbox 958 2535 1748 2571">
    <p class='ocr_par' dir='ltr' id='par_1_72' title="bbox 958 2535 1748 2571">
     <span class='ocr_line' id='line_1_73' title="bbox 958 2535 1748 2571; baseline -0.001 -9"><span class='ocrx_word' id='word_1_497' title='bbox 958 2536 1029 2571; x_wconf 82' lang='lat' dir='ltr'><strong>gulis</strong></span> <span class='ocrx_word' id='word_1_498' title='bbox 1050 2536 1208 2571; x_wconf 77' lang='lat' dir='ltr'><strong>regionibus</strong></span> <span class='ocrx_word' id='word_1_499' title='bbox 1229 2535 1336 2564; x_wconf 85' lang='lat' dir='ltr'><strong>vocatis</strong></span> <span class='ocrx_word' id='word_1_500' title='bbox 1359 2536 1459 2567; x_wconf 84' lang='lat' dir='ltr'><strong>nomis,</strong></span> <span class='ocrx_word' id='word_1_501' title='bbox 1483 2539 1510 2563; x_wconf 91' lang='lat' dir='ltr'><strong>et</strong></span> <span class='ocrx_word' id='word_1_502' title='bbox 1532 2535 1650 2562; x_wconf 79' lang='lat' dir='ltr'><strong>maxime</strong></span> <span class='ocrx_word' id='word_1_503' title='bbox 1672 2535 1748 2561; x_wconf 83' lang='lat' dir='ltr'><strong>circa</strong></span> 
     </span>
    </p>
   </div>
   <div class='ocr_carea' id='block_1_73' title="bbox 959 2581 1749 2618">
    <p class='ocr_par' dir='ltr' id='par_1_73' title="bbox 959 2581 1749 2618">
     <span class='ocr_line' id='line_1_74' title="bbox 959 2581 1749 2618; baseline -0.003 -9"><span class='ocrx_word' id='word_1_504' title='bbox 959 2582 1161 2610; x_wconf 77' lang='lat' dir='ltr'><strong>Alexandriam.</strong></span> <span class='ocrx_word' id='word_1_505' title='bbox 1177 2581 1213 2610; x_wconf 90' lang='lat' dir='ltr'><strong>Ut</strong></span> <span class='ocrx_word' id='word_1_506' title='bbox 1233 2582 1305 2610; x_wconf 90' lang='lat' dir='ltr'><strong>enim</strong></span> <span class='ocrx_word' id='word_1_507' title='bbox 1322 2582 1412 2610; x_wconf 88' lang='lat' dir='ltr'><strong>ubivis</strong></span> <span class='ocrx_word' id='word_1_508' title='bbox 1432 2582 1554 2618; x_wconf 78' lang='lat' dir='ltr'><strong>gentium</strong></span> <span class='ocrx_word' id='word_1_509' title='bbox 1569 2581 1685 2616; x_wconf 89' lang='lat' dir='ltr'><strong>quisque</strong></span> <span class='ocrx_word' id='word_1_510' title='bbox 1706 2585 1749 2607; x_wconf 88' lang='lat' dir='ltr'><strong>est</strong></span> 
     </span>
    </p>
   </div>
   <div class='ocr_carea' id='block_1_74' title="bbox 958 2627 1746 2664">
    <p class='ocr_par' dir='ltr' id='par_1_74' title="bbox 958 2627 1746 2664">
     <span class='ocr_line' id='line_1_75' title="bbox 958 2627 1746 2664; baseline -0.004 -9"><span class='ocrx_word' id='word_1_511' title='bbox 958 2629 1094 2664; x_wconf 87' lang='lat' dir='ltr'><strong>optimus,</strong></span> <span class='ocrx_word' id='word_1_512' title='bbox 1115 2629 1143 2656; x_wconf 92' lang='lat' dir='ltr'><strong>in</strong></span> <span class='ocrx_word' id='word_1_513' title='bbox 1157 2635 1217 2656; x_wconf 85' lang='lat' dir='ltr'><strong>eam</strong></span> <span class='ocrx_word' id='word_1_514' title='bbox 1239 2629 1380 2656; x_wconf 88' lang='lat' dir='ltr'><strong>concurrit</strong></span> <span class='ocrx_word' id='word_1_515' title='bbox 1403 2628 1571 2663; x_wconf 77' lang='lat' dir='ltr'><strong>demigratve</strong></span> <span class='ocrx_word' id='word_1_516' title='bbox 1599 2627 1746 2657; x_wconf 86' lang='lat' dir='ltr'><strong>coloniam,</strong></span> 
     </span>
    </p>
   </div>
   <div class='ocr_carea' id='block_1_75' title="bbox 959 2673 1747 2710">
    <p class='ocr_par' dir='ltr' id='par_1_75' title="bbox 959 2673 1747 2710">
     <span class='ocr_line' id='line_1_76' title="bbox 959 2673 1747 2710; baseline -0.005 -8"><span class='ocrx_word' id='word_1_517' title='bbox 959 2675 1071 2710; x_wconf 86' lang='lat' dir='ltr'><strong>perinde</strong></span> <span class='ocrx_word' id='word_1_518' title='bbox 1083 2679 1165 2710; x_wconf 88' lang='lat' dir='ltr'><strong>atque</strong></span> <span class='ocrx_word' id='word_1_519' title='bbox 1179 2674 1207 2702; x_wconf 91' lang='lat' dir='ltr'><strong>in</strong></span> <span class='ocrx_word' id='word_1_520' title='bbox 1224 2675 1340 2710; x_wconf 87' lang='lat' dir='ltr'><strong>patriam</strong></span> <span class='ocrx_word' id='word_1_521' title='bbox 1362 2675 1582 2709; x_wconf 82' lang='lat' dir='ltr'><strong>tberapeutarum</strong></span> <span class='ocrx_word' id='word_1_522' title='bbox 1594 2693 1600 2704; x_wconf 83' lang='lat'><strong>,</strong></span> <span class='ocrx_word' id='word_1_523' title='bbox 1617 2673 1747 2699; x_wconf 89' lang='lat' dir='ltr'><strong>nimirum</strong></span> 
     </span>
    </p>
   </div>
   <div class='ocr_carea' id='block_1_76' title="bbox 959 2721 1747 2757">
    <p class='ocr_par' dir='ltr' id='par_1_76' title="bbox 959 2721 1747 2757">
     <span class='ocr_line' id='line_1_77' title="bbox 959 2721 1747 2757; baseline -0.004 -9"><span class='ocrx_word' id='word_1_524' title='bbox 959 2721 985 2748; x_wconf 91' lang='lat' dir='ltr'><strong>in</strong></span> <span class='ocrx_word' id='word_1_525' title='bbox 1000 2722 1135 2757; x_wconf 73' lang='lat' dir='ltr'><strong>regionem</strong></span> <span class='ocrx_word' id='word_1_526' title='bbox 1145 2729 1308 2757; x_wconf 77' lang='lat' dir='ltr'><strong>magnopere</strong></span> <span class='ocrx_word' id='word_1_527' title='bbox 1318 2721 1521 2748; x_wconf 87' lang='lat' dir='ltr'><strong>aceommodam</strong></span> <span class='ocrx_word' id='word_1_528' title='bbox 1532 2724 1558 2747; x_wconf 92' lang='lat' dir='ltr'><strong>et</strong></span> <span class='ocrx_word' id='word_1_529' title='bbox 1570 2722 1747 2754; x_wconf 84' lang='lat' dir='ltr'><strong>peropportu-</strong></span> 
     </span>
    </p>
   </div>
   <div class='ocr_carea' id='block_1_77' title="bbox 959 2764 1748 2802">
    <p class='ocr_par' dir='ltr' id='par_1_77' title="bbox 959 2764 1748 2802">
     <span class='ocr_line' id='line_1_78' title="bbox 959 2764 1748 2802; baseline -0.005 -8"><span class='ocrx_word' id='word_1_530' title='bbox 959 2775 1039 2800; x_wconf 87' lang='lat' dir='ltr'><strong>nam;</strong></span> <span class='ocrx_word' id='word_1_531' title='bbox 1056 2775 1116 2802; x_wconf 73' lang='lat' dir='ltr'><strong>quze</strong></span> <span class='ocrx_word' id='word_1_532' title='bbox 1128 2767 1238 2802; x_wconf 89' lang='lat' dir='ltr'><strong>quidem</strong></span> <span class='ocrx_word' id='word_1_533' title='bbox 1255 2768 1377 2794; x_wconf 90' lang='lat' dir='ltr'><strong>imminet</strong></span> <span class='ocrx_word' id='word_1_534' title='bbox 1397 2771 1493 2801; x_wconf 78' lang='lat' dir='ltr'><strong>stagno</strong></span> <span class='ocrx_word' id='word_1_535' title='bbox 1511 2766 1555 2793; x_wconf 94' lang='lat' dir='ltr'><strong>cui</strong></span> <span class='ocrx_word' id='word_1_536' title='bbox 1571 2772 1669 2792; x_wconf 83' lang='lat' dir='ltr'><strong>nomen</strong></span> <span class='ocrx_word' id='word_1_537' title='bbox 1691 2764 1748 2791; x_wconf 83' lang='lat' dir='ltr'><strong>Ma-</strong></span> 
     </span>
    </p>
   </div>
   <div class='ocr_carea' id='block_1_78' title="bbox 958 2810 1747 2847">
    <p class='ocr_par' dir='ltr' id='par_1_78' title="bbox 958 2810 1747 2847">
     <span class='ocr_line' id='line_1_79' title="bbox 958 2810 1747 2847; baseline -0.006 -6"><span class='ocrx_word' id='word_1_538' title='bbox 958 2815 1017 2847; x_wconf 63' lang='lat' dir='ltr'><strong>riae,</strong></span> <span class='ocrx_word' id='word_1_539' title='bbox 1034 2814 1061 2840; x_wconf 91' lang='lat' dir='ltr'><strong>in</strong></span> <span class='ocrx_word' id='word_1_540' title='bbox 1076 2814 1146 2841; x_wconf 84' lang='lat' dir='ltr'><strong>colle</strong></span> <span class='ocrx_word' id='word_1_541' title='bbox 1160 2813 1259 2841; x_wconf 83' lang='lat' dir='ltr'><strong>declivi</strong></span> <span class='ocrx_word' id='word_1_542' title='bbox 1274 2821 1305 2840; x_wconf 90' lang='lat' dir='ltr'><strong>ac</strong></span> <span class='ocrx_word' id='word_1_543' title='bbox 1317 2812 1465 2839; x_wconf 85' lang='lat' dir='ltr'><strong>humiliore</strong></span> <span class='ocrx_word' id='word_1_544' title='bbox 1480 2811 1545 2842; x_wconf 83' lang='lat' dir='ltr'><strong>sita,</strong></span> <span class='ocrx_word' id='word_1_545' title='bbox 1562 2810 1664 2844; x_wconf 84' lang='lat' dir='ltr'><strong>alioqui</strong></span> <span class='ocrx_word' id='word_1_546' title='bbox 1691 2817 1747 2836; x_wconf 87' lang='lat' dir='ltr'><strong>nou</strong></span> 
     </span>
    </p>
   </div>
   <div class='ocr_carea' id='block_1_79' title="bbox 959 2856 1747 2895">
    <p class='ocr_par' dir='ltr' id='par_1_79' title="bbox 959 2856 1747 2895">
     <span class='ocr_line' id='line_1_80' title="bbox 959 2856 1747 2895; baseline -0.009 -7"><span class='ocrx_word' id='word_1_547' title='bbox 959 2861 1126 2895; x_wconf 87' lang='lat' dir='ltr'><strong>importuno,</strong></span> <span class='ocrx_word' id='word_1_548' title='bbox 1141 2868 1203 2888; x_wconf 92' lang='lat' dir='ltr'><strong>cum</strong></span> <span class='ocrx_word' id='word_1_549' title='bbox 1219 2859 1374 2887; x_wconf 90' lang='lat' dir='ltr'><strong>securitatis</strong></span> <span class='ocrx_word' id='word_1_550' title='bbox 1391 2858 1489 2893; x_wconf 76' lang='lat' dir='ltr'><strong>gratia,</strong></span> <span class='ocrx_word' id='word_1_551' title='bbox 1505 2861 1561 2883; x_wconf 88' lang='lat' dir='ltr'><strong>tum</strong></span> <span class='ocrx_word' id='word_1_552' title='bbox 1581 2856 1616 2883; x_wconf 93' lang='lat' dir='ltr'><strong>ob</strong></span> <span class='ocrx_word' id='word_1_553' title='bbox 1628 2863 1747 2883; x_wconf 85' lang='lat' dir='ltr'><strong>commo-</strong></span> 
     </span>
    </p>
   </div>
   <div class='ocr_carea' id='block_1_80' title="bbox 958 2901 1745 2941">
    <p class='ocr_par' dir='ltr' id='par_1_80' title="bbox 958 2901 1745 2941">
     <span class='ocr_line' id='line_1_81' title="bbox 958 2901 1745 2941; baseline -0.009 -7"><span class='ocrx_word' id='word_1_554' title='bbox 958 2907 1020 2934; x_wconf 86' lang='lat' dir='ltr'><strong>dam</strong></span> <span class='ocrx_word' id='word_1_555' title='bbox 1036 2906 1108 2934; x_wconf 88' lang='lat' dir='ltr'><strong>aeris</strong></span> <span class='ocrx_word' id='word_1_556' title='bbox 1122 2905 1290 2941; x_wconf 86' lang='lat' dir='ltr'><strong>temperiem.</strong></span> <span class='ocrx_word' id='word_1_557' title='bbox 1307 2904 1414 2931; x_wconf 84' lang='lat' dir='ltr'><strong>Rursus</strong></span> <span class='ocrx_word' id='word_1_558' title='bbox 1428 2911 1461 2930; x_wconf 79' lang='lat' dir='ltr'><strong>ex</strong></span> <span class='ocrx_word' id='word_1_559' title='bbox 1479 2902 1572 2930; x_wconf 88' lang='lat' dir='ltr'><strong>eodem</strong></span> <span class='ocrx_word' id='word_1_560' title='bbox 1593 2910 1674 2937; x_wconf 83' lang='lat' dir='ltr'><strong>opere</strong></span> <span class='ocrx_word' id='word_1_561' title='bbox 1692 2911 1698 2928; x_wconf 85' lang='lat'>:</span> <span class='ocrx_word' id='word_1_562' title='bbox 1716 2901 1745 2927; x_wconf 86' lang='lat' dir='ltr'><strong>lu</strong></span> 
     </span>
    </p>
   </div>
   <div class='ocr_carea' id='block_1_81' title="bbox 959 2950 1748 2988">
    <p class='ocr_par' dir='ltr' id='par_1_81' title="bbox 959 2950 1748 2988">
     <span class='ocr_line' id='line_1_82' title="bbox 959 2950 1748 2988; baseline -0.008 -8"><span class='ocrx_word' id='word_1_563' title='bbox 959 2960 1123 2988; x_wconf 86' lang='lat' dir='ltr'><strong>unaquaque</strong></span> <span class='ocrx_word' id='word_1_564' title='bbox 1140 2951 1253 2985; x_wconf 84' lang='lat' dir='ltr'><strong>familia,</strong></span> <span class='ocrx_word' id='word_1_565' title='bbox 1270 2950 1343 2979; x_wconf 63' lang='lat' dir='ltr'><strong>aedes</strong></span> <span class='ocrx_word' id='word_1_566' title='bbox 1364 2957 1418 2977; x_wconf 87' lang='lat' dir='ltr'><strong>una</strong></span> <span class='ocrx_word' id='word_1_567' title='bbox 1440 2952 1599 2977; x_wconf 83' lang='lat' dir='ltr'><strong>consecrata</strong></span> <span class='ocrx_word' id='word_1_568' title='bbox 1617 2952 1669 2980; x_wconf 87' lang='lat' dir='ltr'><strong>est,</strong></span> <span class='ocrx_word' id='word_1_569' title='bbox 1685 2954 1748 2982; x_wconf 65' lang='lat' dir='ltr'><strong>quas</strong></span> 
     </span>
    </p>
   </div>
  </div>
