1940 3064
211 214 268 242 655

609 207 775 236 ΑΡΡΕΝΒΙΧ
794 206 839 234 AD
857 205 970 234 OPERA
989 206 1016 233 S.
1035 204 1186 232 DIONYSII
1200 203 1441 232 AREOPAGlTx-‘E.

1785 204 1832 231 ιιι

214 270 277 298 istis
292 269 413 305 σεμνεῖον
425 267 536 299 dicitur,
553 268 610 294 sive
625 265 816 301 μοναστήριον,
829 265 856 291 in
873 271 927 298 qua
941 263 999 291 πεοιὶ

1055 262 1160 298 σοφίαν,
1172 261 1394 298 ἀλληγοροῦντες,
1409 261 1502 296 ἐπειδὴ
1518 259 1639 296 σύμϐολα
1649 260 1682 288 τὰ
1693 261 1742 297 τῆς
1756 263 1834 298 ῥητῆς

211 316 268 351 ip5i
284 323 299 342 a
314 316 393 351 vulgo
414 321 537 342 seorsum
557 313 696 348 degentes,
710 311 840 346 mysteria
855 313 999 345 peragunt,

212 369 276 396 qua:
297 361 452 395 religiosam
471 359 603 386 addecent
617 366 649 385 ac
664 357 789 384 cmlibem
804 357 896 383 vitam.
915 355 1000 383 Nemo

212 414 247 434 eo
273 406 422 441 quidquam
447 405 617 433 esculentum
633 403 780 438 importat,
804 403 845 430 vel
869 402 1000 437 poculen-

213 455 283 484 tum,
301 456 347 478 aut
366 459 460 479 eorum
479 450 581 485 aliquid
609 457 668 484 qua;
687 449 720 476 ad
736 448 918 476 sublevandas
936 456 999 476 cor-

212 498 288 533 poris
306 498 485 525 necessitates
500 500 656 524 noscuntur
678 496 830 531 pertinere;
847 495 919 530 leges
940 499 1001 521 tau-

212 548 282 577 tum,
299 551 401 579 perque
411 543 596 578 diviniloquos
608 542 754 577 prophetas
770 541 876 568 reddita
889 541 1000 567 oracula

212 598 246 618 eo
261 590 428 621 convehunt,
446 589 574 624 hymnos,
591 589 643 615 alia
658 589 722 616 item
745 587 885 623 pleraque,
899 587 1000 622 quibus

212 635 341 666 eruditio,
357 634 439 669 inque
456 633 541 661 Deum
558 635 644 668 pietas
664 633 833 669 quotidianis
847 633 1000 660 incremen—

213 681 249 707 tis
272 681 430 707 coalescunt
455 683 481 707 et
504 679 693 714 perﬁciuntur.
719 678 826 706 Rursus
851 687 884 706 ex
904 678 1000 706 eodem

213 733 295 760 opere
321 735 327 752 :
344 725 367 752 Α
381 725 518 752 matutino
541 728 631 751 autem
651 725 718 752 solis
741 727 839 751 exortu
860 723 894 750 ad
915 731 1000 758 usque

213 779 366 807 vesperam,
390 772 480 799 omnis
494 779 526 799 ea
542 771 717 806 intercapedo
731 770 791 798 istis
804 770 877 798 cedit
892 770 920 796 in
934 777 1000 798 con-

213 818 343 845 tinentem
360 816 562 852 Scripturarum
575 817 790 844 meditationem.
802 815 925 850 Cumque
940 823 1001 850 per-

212 863 295 889 tinaci
310 862 401 889 studio
417 869 511 889 sacras
525 862 631 889 litteras
643 862 736 896 legunt
753 870 760 887 :
781 861 822 892 Iit,
839 863 868 887 ut
888 860 1002 894 pulchre

211 908 359 946 admodum
378 908 616 943 philosophentur,
629 915 680 943 pro
694 915 770 934 more
785 907 921 941 majorum
937 906 1000 942 phi-

212 940 366 989 losophiam
378 938 420 981 ad
433 938 591 989 allegoriam
603 938 812 981 transferentes.
827 952 1001 987 Quandoqui—
1018 938 1037 966 Β

212 1001 274 1028 dem
299 1001 406 1028 litteras
435 1000 670 1035 interpretationis
696 1000 862 1035 conspicuae,
889 1002 1001 1026 censent

211 1054 274 1074 esse
287 1047 410 1082 symbola
428 1055 477 1074 seu
491 1047 568 1083 signa
584 1054 690 1073 arcana:
703 1046 847 1080 cujusdam
867 1050 894 1073 et
905 1053 1002 1073 recon-

211 1091 321 1119 ditioris
332 1095 437 1119 natura
446 1091 615 1126 coniecturis
623 1091 812 1126 probabilibus
820 1091 998 1125 explicandae.

213 1137 268 1165 Sed
296 1141 323 1165 et
344 1139 541 1165 comtnentaria
564 1138 664 1165 habent
687 1139 851 1173 priscorum,
874 1138 922 1173 qui
945 1146 1002 1166 sua:

212 1190 294 1214 sectae
302 1185 424 1220 primarii
434 1186 563 1213 exstitere
573 1185 667 1213 duces.
677 1184 729 1218 Qui
740 1185 825 1212 multa
833 1185 1002 1213 monimenta

213 1231 339 1259 formula:
352 1231 380 1258 in
394 1231 522 1259 eruendis
539 1232 677 1267 allegoriis
692 1232 870 1261 observandae
884 1233 1002 1268 relique-

212 1280 289 1310 runt,
305 1277 406 1312 quibus
421 1277 500 1312 quasi
516 1277 656 1312 primariis
671 1277 874 1312 exemplaribus
894 1282 1002 1306 utentes

213 1323 359 1351 imitantur
374 1323 509 1359 propositi
523 1331 571 1351 seu
591 1323 675 1351 studii
689 1323 833 1351 rationem.
850 1323 923 1352 Idem
940 1329 1001 1360 post

212 1376 301 1404 pauca
323 1378 329 1397 :
349 1369 445 1404 Itaque
458 1376 516 1396 non
534 1368 581 1395 uni
599 1369 688 1396 solum
711 1370 934 1404 contemplationi
955 1378 1002 1397 va-

211 1419 293 1449 cant,
317 1415 364 1444 sed
389 1416 496 1442 cantica
517 1415 688 1451 hymnosque
712 1415 745 1444 in
761 1415 847 1443 Deum
869 1416 996 1445 scribunt

212 1462 359 1498 omnigena
375 1462 574 1489 numerositate
589 1465 738 1489 metrorum
754 1469 786 1488 ac
805 1462 1000 1495 membrorum,

212 1509 321 1536 decenti
335 1516 366 1536 ea
378 1511 542 1536 exornantes
553 1508 738 1543 graphicoque
749 1508 917 1538 charactere.
930 1508 1002 1536 Rur-

211 1562 262 1583 sus
283 1555 354 1583 idem
378 1564 384 1582 :
408 1554 626 1589 Temperantiam
653 1554 766 1589 insuper
787 1554 900 1590 perinde
920 1560 1002 1590 atque

211 1601 311 1629 stabile
333 1600 470 1636 quoddam
490 1600 697 1628 fundamentum
720 1601 818 1628 anima
838 1602 1035 1642 exornandaac

211 1647 348 1674 collocant
369 1646 397 1674 in
412 1647 519 1682 primis,
535 1654 599 1674 mox
620 1650 779 1674 cmterarum
795 1647 926 1674 virtutum
942 1656 1000 1676 tuo-

211 1693 264 1721 lem
290 1697 527 1728 superexstrutmt.
543 1692 624 1721 Prius
635 1694 781 1729 siquidem,
795 1701 877 1729 quam
893 1694 934 1722 sol
953 1702 1000 1722 oc-

210 1739 333 1772 cumbat,
360 1739 388 1766 in
415 1739 458 1767 his
480 1747 562 1767 nemo
585 1740 657 1767 ausit
680 1740 830 1775 quidquam
854 1740 934 1776 243
958 1742 999 1768 vel

210 1786 345 1813 esculenti
369 1786 412 1813 vel
433 1790 513 1821 potus
536 1785 577 1813 ori
602 1786 763 1820 admovere;
779 1787 1000 1822 quandoquidem

210 1832 417 1860 meditationem
443 1832 617 1867 philosophia
641 1832 752 1868 dignam
776 1840 837 1860 esse
859 1833 998 1868 judicant,

210 1887 273 1914 quae
288 1879 341 1906 luci
357 1881 530 1914 comparetur
544 1888 550 1912 ;
562 1883 660 1906 contra
677 1880 800 1914 corporis
819 1881 1000 1909 necessitates

211 1925 343 1952 addicunt
362 1925 492 1953 tenebris.
512 1925 571 1958 Quo
587 1926 630 1957 ﬁt,
647 1930 676 1953 ut
690 1927 868 1961 philosophiae
889 1927 1000 1962 quidem

210 1972 300 2000 lucem
324 1971 465 2004 diurnam,
489 1971 612 2006 corporis
636 1980 699 2000 vero
725 1973 881 2000 necessitati
909 1974 1000 2002 suble-

209 2018 306 2046 vanda:
319 2025 444 2052 exuguam
456 2017 603 2044 admodum
617 2018 778 2052 dispertiant
795 2020 883 2046 noctis
899 2020 1001 2055 portio-

210 2072 284 2092 nem.
300 2064 329 2091 In
345 2064 389 2091 his
407 2065 556 2092 etiamnum
576 2065 701 2092 nonnulli
722 2065 803 2093 tertio
818 2066 930 2093 vixdum
944 2066 998 2098 die,

210 2111 351 2139 sumenda:
369 2111 505 2138 alimonia
527 2111 726 2144 meminerunt,
743 2112 872 2140 nimirum
891 2113 909 2139 ii
930 2121 1000 2148 quos

210 2161 283 2186 totos
307 2158 452 2192 occupavit
480 2158 620 2185 ardentius
647 2158 813 2186 desiderium
844 2159 1000 2186 obtinenda:

210 2205 340 2232 scientiae.
365 2203 481 2237 Quidam
505 2212 602 2232 rursus
623 2208 698 2231 tanta
723 2205 863 2233 alacritate
886 2205 1000 2232 delibuti

210 2251 252 2278 sic
267 2251 482 2283 exhilarescunt,
498 2251 662 2278 deliciantur
677 2252 769 2280 verius
785 2252 864 2286 quasi
880 2252 1000 2280 luculen-

209 2296 318 2324 tissian
332 2297 458 2324 convivio
470 2297 504 2324 ab
518 2298 577 2332 ipsa
593 2302 706 2332 accepto
722 2298 867 2333 sapientia,
884 2299 998 2334 opulun-
1014 2286 1037 2315 θ

210 2346 252 2370 ter
267 2350 300 2370 ac
313 2343 381 2370 citra
395 2343 525 2370 invidiam
539 2352 588 2371 sua
606 2344 732 2378 dogmata
750 2344 952 2379 suppeditante,
969 2349 999 2372 ut

209 2389 292 2423 dupla
313 2389 517 2424 intercapedine
539 2390 671 2425 temporis
698 2391 832 2422 restitent,
856 2391 900 2418 vix
922 2395 999 2418 sexto

209 2434 318 2461 demmn
340 2434 393 2468 die,
411 2443 459 2470 per
482 2436 674 2463 necessitatem
698 2437 801 2464 assueti
826 2445 934 2465 sumere
957 2438 998 2465 ci—

209 2481 284 2508 bum.
301 2480 422 2516 Itemque
439 2491 444 2508 :
463 2481 532 2509 Sunt
545 2487 571 2509 et
587 2483 694 2510 feminae
710 2484 832 2518 qtuedam
852 2484 998 2519 therapeu-

209 2528 281 2554 tides
291 2547 298 2559 ,
319 2536 434 2563 quarunt
451 2536 513 2562 pars
528 2529 614 2556 multo
629 2530 724 2557 melior
736 2529 841 2556 defecta
851 2529 908 2565 jam
920 2535 999 2558 aetate

210 2575 349 2607 inranuit;
362 2574 481 2609 virgines
498 2575 645 2602 etiamdum
661 2583 700 2602 ea:
716 2581 900 2610 perseverant,
916 2577 999 2604 casti-

210 2622 329 2649 moniam
342 2622 502 2657 virginalem
514 2622 675 2649 intemerato
687 2623 789 2657 pudore
801 2623 997 2656 custodientes,

210 2676 265 2696 non
282 2668 375 2703 utique
391 2673 420 2694 ut
444 2668 514 2703 apud
538 2668 653 2702 gentiles
668 2669 775 2695 :edituae
791 2670 914 2703 quaedam
937 2678 999 2705 pas-

210 2715 262 2743 sim
279 2715 467 2747 inveniuntur,
485 2715 587 2741 adacta:
612 2715 775 2743 necessitate
799 2716 900 2748 verius,
916 2724 998 2751 quam

211 2762 336 2789 ultronea
358 2761 441 2789 animi
461 2761 614 2788 devotione.
633 2761 700 2788 Nam
725 2761 879 2788 admirabili
895 2763 954 2789 zelo
968 2771 999 2790 ac

209 2809 347 2836 desiderio
385 2808 568 2844 percipiendae
599 2808 739 2843 sapientia:
775 2810 998 2844 praegestientcs,

209 2863 290 2890 qnam
316 2861 344 2882 ut
365 2856 432 2883 viris
455 2855 640 2886 convivercnt,
657 2855 759 2882 nullam
776 2863 891 2890 prorsus
914 2855 1000 2883 iniere

211 2901 344 2929 rationem
365 2910 503 2937 corporea:
519 2902 682 2937 voluptatis;
700 2908 729 2928 ut
742 2910 802 2937 quae
826 2902 933 2929 avidius
951 2910 999 2929 ex-

211 2948 356 2984 pctiverint
383 2950 571 2985 posteritatem
596 2947 649 2976 sibi
671 2948 788 2985 relinqui
810 2956 865 2976 non
888 2948 998 2985 quidem

1051 309 1196 345 ἑρμηνείας
1220 309 1372 344 νομίζουσιν
1401 307 1650 343 ἀτιοκεκρυμμένης
1677 308 1781 342 φύσεως
1806 309 1834 336 ὲν

1051 356 1188 388 ὑπονοίαις
1204 355 1378 391 δηλουμένης.
1395 355 1474 381 Ἐστι
1490 354 1518 381 δὲ
1533 355 1625 386 αὐτοῖς
1636 354 1683 381 καὶ
1700 355 1833 391 συγγράμ.
1864 355 1868 359 ”

1051 410 1125 437 ματα
1140 401 1261 429 παλαιῶν
1278 401 1392 437 ἀνδρῶν,
1408 401 1433 427 οἳ
1457 401 1506 436 τῆς
1523 400 1657 436 αἱρέσεως
1678 401 1766 428 αὐτῶν
1788 402 1834 438 ἀρ-

1050 447 1164 483 χηγέται
1179 447 1330 482 γενόμενοι,
1344 446 1428 473 πολλὰ
1444 447 1564 482 μνημεῖα
1579 446 1628 481 τῆς
1644 446 1673 472 έν
1690 448 1745 478 τοῖς
1761 447 1836 482 ἀλλη-

1050 491 1225 528 γορουμένοις
1256 491 1328 523 ἰδέας
1357 491 1585 526 ἀπολειπόμενοι,
1615 490 1743 527 καθάπερ
1771 492 1835 518 τισὶν

1051 536 1214 573 ἀρχετύποις
1226 535 1371 572 χρώμενοι,
1384 535 1529 571 μιμοῦνται
1541 536 1590 571 τῆς
1601 537 1784 572 προαιρέσεως
1792 537 1835 563 τὸν

1050 583 1176 618 τρόπον.»
1189 583 1244 609 Kal.
1257 584 1314 619 μετ’
1327 583 1404 617 ὀλίγα
1413 582 1450 618 (6)
1462 592 1469 598 ·
1482 592 1492 608 ι
1511 583 1590 609 Ὥστε
1605 583 1636 609 οὐ
1651 583 1780 619 θεωροῦσι
1795 583 1837 619 μό-

1051 636 1105 660 νον,
1121 627 1188 655 ἀλλά
1204 628 1252 654 καὶ
1268 627 1391 654 ποιοῦσιν
1411 626 1521 662 ᾄσματα
1542 627 1588 655 καὶ
1611 625 1710 662 ὕμνους
1733 627 1772 657 εἰς
1793 626 1836 653 τὸν

1050 673 1116 700 Θεὸν
1130 673 1174 700 διὰ
1189 673 1323 700 παντοίων
1344 672 1450 708 μέτρων
1474 672 1521 699 καὶ
1546 671 1634 707 μελῶν
1655 671 1779 708 ἀριθμοῖς
1799 680 1837 698 σε-

1052 719 1190 755 μνοτέροις
1205 717 1360 752 ἀναγκαίως
1373 726 1407 753 χα
1412 717 1564 754 ράσσοντες.
1571 727 1581 743 ›
1590 717 1645 744 Καὶ
1655 717 1734 743 πάλιν
1744 725 1750 732 ο
1761 726 1770 742 ι
1781 717 1837 752 Ἐγ-

1051 765 1180 801 κράτειαν
1195 764 1224 791 δὲ
1243 764 1338 800 ὥσπερ
1353 763 1416 790 τινὰ
1439 763 1563 798 θεμέλιον
1584 762 1837 799 προκατασαλλόμε-

1050 820 1091 837 νοι
1122 812 1156 847 τῇ
1182 810 1267 846 ψυχῇ,
1294 809 1344 842 τὰς
1371 809 1455 841 ἄλλας
1479 809 1701 844 ὲποικοδομοῦσιν
1731 808 1833 845 ἀρετάς.

1051 856 1137 883 Σιτίον
1160 856 1189 883 δὲ
1213 856 1230 892 ἢ
1258 856 1339 883 πέπον
1363 856 1451 887 οὐδεὶς
1467 855 1536 882 αῠτά
1549 855 1747 891 προεινέγκατο
1786 855 1836 891 προ

1050 902 1126 938 ἡλίου
1143 902 1245 934 δύσεως
1257 910 1265 918 ·
1285 902 1347 928 ἐπεὶ
1366 901 1396 928 τὸ
1420 901 1469 937 μὲν
1490 901 1644 936 φιλοσοφεῖν
1665 900 1738 933 ἀξιον
1755 900 1836 935 φωτὸς

1053 949 1190 984 κρίνουσιν
1210 946 1297 976 ιῐναι·
1315 947 1424 980 σκάτους
1441 947 1469 974 δὲ
1490 948 1540 979 τὰς
1554 946 1602 974 τοῦ
1619 946 1744 983 σώματος
1759 947 1837 980 ἀνάγ-

1051 1012 1101 1035 κας
1114 1012 1120 1019 ·
1139 1004 1199 1030 ὅθεν
1219 1003 1259 1040 τῷ
1283 1004 1332 1040 μιν
1347 1003 1464 1039 ⁴ἡμέραν,
1484 1003 1544 1034 ταῖς
1565 1002 1595 1030 δὲ
1610 1002 1696 1038 βραχὺ
1710 1011 1737 1029 τι
1760 1002 1837 1038 μέρος

1051 1049 1147 1081 νυκτὸς
1159 1049 1280 1085 ἔνειμαν.
1296 1049 1383 1076 Ἔνιοι
1397 1049 1426 1075 δὲ
1442 1049 1489 1077 καὶ
1504 1047 1551 1077 διὰ,
1560 1047 1644 1085 τριῶν
1657 1048 1768 1084 ἡμερῶν
1780 1049 1839 1074 ὐπο-

1052 1096 1249 1130 μιμνήσκονται
1263 1095 1376 1131 τροφῆς,
1389 1092 1430 1126 οἷς
1445 1095 1546 1125 πλείων
1561 1096 1575 1121 ό
1587 1087 1668 1126 adeo;
1689 1094 1840 1129 ἐπιστήμης

1050 1142 1187 1178 ἐνίδρυται
1199 1150 1205 1157 ·
1221 1143 1294 1174 τινὲς
1308 1142 1337 1169 δὲ
1351 1141 1437 1174 οὕτως
1450 1141 1670 1177 ὲνιυφραίνονται
1682 1140 1729 1167 καὶ
1739 1140 1842 1176 τρυφῶ-

1051 1197 1094 1216 σιν
1110 1189 1163 1215 ὺπδ
1183 1189 1280 1223 σοφίας
1305 1187 1476 1223 ἑστιώμενοι,
1495 1187 1630 1219 πλουσίως
1651 1187 1699 1213 καὶ
1719 1186 1841 1222 ἀφθόνως

1050 1233 1085 1261 ea
1106 1234 1228 1269 δόγματα
1249 1234 1431 1270 χορηγούσης,
1454 1234 1492 1266 ὼς
1508 1233 1556 1260 καὶ
1574 1232 1734 1260 διπλασίονα
1748 1232 1845 1268 χρόνον

1049 1280 1182 1316 ἀντέχειν,
1197 1281 1245 1308 καὶ
1264 1280 1341 1316 μόλις
1359 1280 1393 1307 δι’
1409 1279 1439 1313 εξ
1454 1280 1566 1316 ἡμερῶν
1582 1279 1765 1314 ἀπογεύεσθαι
1779 1287 1843 1314 τρο-

1051 1327 1104 1362 φῆς
1116 1327 1266 1361 ἀναγκαίας
1276 1326 1436 1359 ἐθισθέντες.
1449 1336 1459 1352 ι
1478 1327 1532 1353 Καὶ
1547 1326 1629 1353 πάλιν
1640 1335 1648 1343 ·
1661 1335 1670 1352 ι
1683 1326 1743 1353 Εἰσὶ
1753 1325 1781 1352 δὲ
1795 1326 1846 1353 καὶ

1050 1374 1179 1407 ψναῖκες
1202 1373 1401 1409 θιραπευτίδες,
1423 1369 1461 1400 ὧν
1483 1374 1531 1400 καὶ
1552 1373 1677 1400 πλεῖσται
1698 1372 1841 1409 γηραλέαι,

1051 1418 1181 1454 παρθένοι
1195 1419 1370 1454 τυγχάνουσι,
1383 1419 1434 1455 τὴν
1459 1419 1571 1453 ἁγνείαν
1586 1420 1640 1446 οὐκ
1656 1419 1775 1455 ἀνάγκῃ,
1790 1428 1843 1446 κα-

1051 1464 1139 1500 θάπερ
1154 1464 1222 1492 ἔνιαι
1238 1465 1294 1492 τῶν
1314 1466 1381 1501 παρ’
1398 1465 1527 1501 Ἕλλησιν
1553 1465 1671 1501 ιερειιῖιν,
1693 1465 1846 1500 φυλάττου-

1052 1519 1096 1537 σαι
1122 1511 1221 1546 μᾶλλον
1237 1511 1254 1546 ἢ
1277 1511 1338 1538 καθ’
1360 1511 1484 1538 ἑκούσιον
1507 1511 1621 1547 γνώμην
1641 1511 1686 1538 διά
1700 1512 1780 1547 ζῆλον
1796 1511 1847 1539 καὶ

1052 1556 1132 1583 πόθον
1152 1557 1257 1591 σοφίας,
1276 1554 1294 1594 ᾖ
1316 1557 1448 1593 συμϐιοῦν
1468 1558 1680 1591 σπουδάζουσαι,
1700 1558 1755 1585 τῶν
1778 1560 1847 1594 περὶ

1051 1602 1082 1629 τὸ
1102 1603 1181 1638 σῶμα
1199 1602 1295 1630 δεινῶν
1308 1603 1456 1640 ⁴ὴλόγιινιιῐαν,
1473 1604 1504 1631 οὐ
1521 1604 1625 1640 θνητῶν
1641 1605 1770 1639 ἐκγόνων,
1785 1605 1846 1632 ἀλλ’

1052 1649 1195 1676 ἀθανάτων
1209 1650 1372 1686 ὀρεχθςῑααι,
1387 1650 1404 1677 ἀ
1420 1651 1486 1687 μόνη
1503 1651 1604 1678 τίκτειν
1617 1652 1664 1687 ἀφ’
1682 1652 1780 1688 ἑαυτῆς
1802 1653 1849 1680 οῐα

1051 1695 1081 1722 τι
1094 1697 1166 1722 ἐστιν
1177 1697 1194 1732 ὴ
1206 1696 1330 1732 θεοφιλὴς
1441 1706 1451 1722 ι
1461 1697 1516 1724 Καὶ
1527 1697 1608 1725 πάλιν
1618 1706 1626 1714 ·
1637 1707 1647 1723 ι
1658 1698 1692 1724 Αἰ
1704 1698 1733 1724 δὲ
1744 1698 1848 1734 ἐξηγή-

1052 1750 1108 1773 σεις
1127 1742 1181 1770 τῶν
1206 1742 1287 1778 ιερῶν
1302 1743 1473 1778 γραμμάτων
1486 1743 1604 1778 γίνονται
1624 1744 1716 1776 αὐτοῖς
1729 1744 1763 1771 δι’
1779 1745 1835 1771 ὑπο
1845 1761 1851 1766 -

1051 1787 1130 1814 νοιῶν
1143 1789 1172 1815 ὲν
1191 1788 1380 1823 ἀλληγορίαις·
1397 1789 1490 1816 ἅπασα
1505 1789 1560 1825 γὰρ
1575 1790 1591 1825 ὴ
1608 1789 1752 1825 νομοθεσία
1772 1789 1850 1818 δοκεῖ

1051 1834 1108 1866 τοῖς
1128 1834 1241 1870 ἀνδράσι
1260 1834 1365 1866 τούτοις
1385 1834 1502 1864 ἑοικέναι
1524 1834 1604 1870 ζὼῳ·
1624 1836 1671 1862 καὶ
1693 1835 1771 1871 σῶμα
1796 1836 1850 1871 μὲν

1051 1879 1123 1914 ἐχειν
1138 1879 1187 1911 τὰς
1207 1878 1290 1915 ῥητὰς
1304 1879 1440 1911 διατάξεις
1453 1887 1459 1894 ·
1475 1879 1548 1915 ψυχὴ
1563 1879 1592 1906 δὲ
1605 1880 1652 1907 τὸν
1667 1880 1852 1916 ὲναποκείμε-

1050 1934 1094 1952 νον
1114 1927 1174 1956 ταῖς
1194 1923 1342 1957 διαλέξεσιν
1368 1925 1481 1961 ἀόρατον
1496 1925 1568 1959 νοῦν,
1584 1925 1613 1952 ὃν
1634 1925 1734 1961 ἤρξατο
1750 1926 1851 1962 διαιρε-

1052 1971 1151 2006 ρόντως
1170 1971 1202 2006 τῇ
1228 1970 1315 2006 οἰκείᾳ
1334 1970 1405 2006 αὐγῇ
1430 1970 1552 2007 θεωρεῖν,
1573 1971 1610 2003 ὼς
1628 1971 1672 1998 διὰ
1690 1972 1850 2008 κατόπτρου

1050 2016 1104 2043 τῶν
1116 2016 1253 2052 ὀνομάτων
1264 2016 1368 2049 ἐξαίσια
1379 2016 1465 2052 κάλλη
1473 2017 1822 2052 έμφαινόμενακατιδοῦσα.
1837 2028 1849 2045 ι

1057 2063 1135 2092 ’Λλλά
1157 2062 1242 2090 ταῦτα
1264 2063 1314 2098 μὲν
1334 2063 1368 2090 τὰ
1389 2063 1438 2090 τοῦ
1453 2063 1579 2097 Φίλωνος,
1595 2064 1614 2091 ἃ
1629 2064 1662 2100 δὴ
1680 2065 1743 2100 περὶ
1764 2064 1854 2101 θερα-

1052 2109 1157 2137 πευτῶν
1173 2110 1302 2146 ἔγραψεν,
1315 2107 1352 2137 ὧν
1365 2108 1404 2142 εἷς
1419 2111 1477 2138 ἐστι
1490 2111 1537 2137 καὶ
1551 2111 1639 2143 Γάϊος,
1657 2111 1725 2147 πρὸς
1739 2111 1769 2138 ὃν
1784 2113 1853 2139 ἑπι-

1053 2157 1155 2183 στέλλει
1177 2157 1191 2183 ὁ
1211 2157 1297 2191 ἅγιος,
1318 2157 1405 2191 λέγων
1417 2157 1459 2184 ὅτι
1482 2157 1538 2192 Ἐφ’
1569 2158 1634 2193 ἡμῖν
1657 2158 1715 2193 μὲν,
1732 2158 1796 2184 ἐπεὶ
1818 2159 1854 2186 τὺ

1052 2203 1147 2235 σκότος
1173 2203 1299 2239 στέρησίς
1319 2204 1388 2235 ἐστι,
1411 2203 1441 2230 τὸ
1462 2204 1490 2230 δὲ
1514 2203 1571 2238 φῶς
1590 2204 1664 2237 ἕξις,
1687 2204 1717 2231 οὺ
1740 2204 1854 2238 γίνεται

1050 2249 1151 2283 ἀφανὲς
1170 2249 1200 2275 τὸ
1223 2249 1281 2284 φῶς
1294 2249 1332 2284 τῷ
1348 2249 1448 2283 σκότει,
1463 2249 1531 2276 ἁλλά
1544 2249 1575 2276 τὸ
1592 2250 1686 2282 σκότος
1699 2250 1738 2286 τῷ
1755 2251 1834 2285 φωτί
1845 2261 1852 2266 ·

1050 2295 1168 2322 ἀπουσία
1194 2295 1248 2331 γὰρ
1271 2295 1317 2322 τοῦ
1346 2296 1434 2330 φωτὸς
1454 2295 1484 2322 τὸ
1508 2296 1602 2328 σκότος
1626 2297 1715 2323 ἐστίν·
1739 2297 1770 2323 οὐ
1794 2297 1856 2334 μὴν

1050 2340 1167 2367 ἀπουσία
1190 2340 1237 2369 τοῦ
1264 2341 1375 2372 σκότους
1395 2342 1425 2368 τὸ
1450 2342 1517 2377 φῶς.
1541 2341 1627 2369 Τοῦτο
1649 2342 1716 2369 λάϐε
1735 2344 1784 2369 καὶ⁹
1801 2344 1856 2370 ἐπὶ

1048 2388 1097 2423 τῆς
1104 2387 1229 2421 γνώσεως
1238 2396 1244 2403 ·
1285 2388 1339 2424 γὰρ
1352 2387 1462 2422 γνῶσις,
1477 2388 1532 2422 ἕξις
1542 2398 1548 2405 ·
1563 2390 1579 2424 ἠ
1594 2389 1622 2415 δὲ
1637 2389 1770 2423 ἀγνωσία,
1787 2390 1856 2417 στέ-

1051 2442 1129 2468 ρησις
1150 2432 1286 2468 γνώσεως.
1313 2434 1369 2460 Καὶ
1389 2434 1450 2460 ἐπεὶ
1473 2434 1490 2469 ἡ
1513 2434 1632 2461 ἀπουσία
1652 2435 1702 2470 τῆς
1716 2435 1857 2468 γνώσεως

1051 2480 1266 2515 παρυφίσταται,
1282 2480 1331 2515 τὴν
1352 2480 1488 2514 ἀγνωσίαν
1505 2482 1585 2514 ποιεῖ,
1606 2481 1644 2513 ὡς
1664 2481 1697 2508 τὸ
1716 2481 1816 2513 σκότος
1836 2483 1856 2517 ἡ

1050 2525 1096 2552 τοῦ
1114 2526 1201 2561 φωτὸς
1213 2526 1386 2562 ὑποχώρησις
1397 2534 1404 2541 -
1420 2527 1529 2558 πάντως
1545 2527 1593 2554 καὶ
1604 2529 1621 2563 ὴ
1639 2527 1778 2563 παρουσία
1796 2528 1857 2563 τῆς

1050 2571 1177 2606 γνώσεως
1202 2572 1303 2599 διαλύει
1329 2572 1379 2608 τὴν
1403 2573 1560 2607 ἀγνωσίαν·
1591 2574 1638 2600 καὶ
1662 2574 1716 2609 ὅσῳ
1743 2573 1857 2610 μᾶλλον

1051 2625 1132 2652 πλέον
1150 2625 1180 2651 τὸ
1201 2624 1269 2660 φῶς,
1289 2624 1410 2661 τοσούτῳ
1433 2625 1464 2652 τὸ
1485 2626 1580 2658 σκότος
1596 2626 1756 2661 ἀφανίζεται
1768 2635 1775 2641 ·
1798 2627 1857 2653 καὶ

1050 2672 1111 2698 ὅσον
1125 2671 1235 2703 πλείους
1248 2672 1276 2698 αι
1289 2671 1415 2705 γνώσεις,
1429 2671 1555 2699 τοσοῦτον
1571 2674 1587 2709 ὴ
1609 2673 1729 2707 ἀγνωσία
1744 2673 1858 2708 ἀφανί-

1050 2717 1135 2748 ζεται.
1164 2717 1218 2743 Καὶ
1237 2717 1297 2752 ὅρα,
1313 2717 1354 2743 δτι
1376 2717 1460 2744 πολλὰ
1476 2717 1554 2751 φῶτα
1575 2718 1624 2745 οὐκ
1640 2716 1711 2750 εἷπε,
1731 2718 1804 2745 πολὺ
1822 2719 1858 2745 δὲ

1050 2763 1123 2797 φῶςο
1146 2763 1174 2789 ἓν
1189 2761 1242 2798 γὰρ
1257 2762 1286 2789 τὸ
1303 2763 1370 2796 φῶς,
1386 2763 1442 2789 εἴτε
1456 2763 1596 2798 ἀνιέμενον
1610 2763 1666 2790 εἴτε
1686 2764 1859 2800 ἐκτεινόμε-

1050 2818 1104 2836 νον.
1120 2810 1175 2836 Ka‘t
1192 2810 1282 2841 πάλιν,
1303 2809 1402 2846 πολλὴν
1419 2810 1468 2846 μὲν
1480 2809 1579 2845 γνῶσιν
1593 2811 1643 2837 οὐκ
1655 2809 1725 2844 εἷπε,
1740 2811 1857 2844 πολλὰς

1049 2854 1078 2880 δὲ
1099 2853 1215 2888 γνώσεις
1235 2853 1327 2882 εἶπεν·
1353 2856 1444 2892 ἐπειδὴ
1475 2856 1528 2892 γὰρ
1549 2857 1566 2891 ὴ
1588 2856 1689 2890 γνῶσις
1709 2856 1858 2891 γνωστῶ

1050 2902 1166 2936 γνῶσις,
1179 2902 1213 2929 τὰ
1229 2903 1257 2929 δὲ
1268 2904 1376 2937 γνωστὰ
1392 2903 1477 2930 πολλά
1492 2904 1539 2930 καὶ
1554 2904 1666 2940 ἄπειρα,
1680 2903 1735 2940 ἄρα
1750 2904 1804 2931 καὶ
1822 2905 1859 2931 αἱ

1050 2947 1165 2984 γνώσεις
1182 2949 1277 2977 πολλαὶ
1301 2951 1346 2977 καὶ
1368 2950 1485 2986 ἄπειροι,
1509 2950 1610 2986 Πολλὴν
1626 2950 1655 2980 δὲ
1675 2950 1780 2986 γνῶσιν
1795 2951 1859 2985 οὐκ
