1940 3064
146 193 180 220 57
503 191 730 219 PACHYMER/E
751 190 993 219 PARAPHRASIS
1011 191 1044 219 IN
1064 192 1138 219 EPP.
1158 192 1188 220 S.
1205 191 1363 220 DIONYSII.

1709 192 1762 220 ‘33

127 246 218 281 εἶπεν,
244 249 338 285 ἐπειδὴ
365 248 482 284 μεσότης
502 249 576 275 ἐστὶν
598 248 615 284 ἡ
640 247 758 282 γνῶσις,
782 248 830 274 καὶ
856 248 919 284 παρ’

977 249 1058 275 [ιιθηί
1074 249 1232 281 obnoxiam,
1249 251 1297 277 sed
1311 248 1505 282 immortalem,
1520 256 1601 284 quam
1615 249 1673 278 sola
1687 258 1763 280 exse

127 296 246 331 ἑκάτερα
269 296 325 331 ἔχει
347 295 386 327 ὠς
407 296 506 327 κακίας
519 296 569 331 τὴν
585 295 678 322 ἄνεσιν
691 295 739 324 καὶ
754 295 804 330 τὴν
824 295 919 321 ἐπίτα-

127 351 171 370 σιν
187 342 242 378 (7)·
261 342 335 369 ἐνθεν
352 342 401 377 μὲν
414 341 463 377 τὴν
480 342 600 376 ἄγνοιαν,
614 341 718 368 ἐκεῖθεν
732 341 761 368 δὲ
777 341 826 376 τὴν
843 341 922 376 περί-

129 396 214 419 νοιαν,
227 388 245 423 ἢ
258 387 290 422 δὴ
306 396 352 414 και
365 387 449 423 πολλὴ
461 387 561 421 γνῦσις
574 387 671 422 λέγοιτ’
683 387 715 414 ἄν
729 386 778 422 (8).
798 387 843 418 Ὠς
855 386 922 421 γοῦν

128 436 158 463 αἱ
173 435 271 462 πολλαὶ
285 434 400 469 γνώσεις
418 436 455 467 ὠς
471 435 617 470 μεσότητες
631 434 681 470 τὴν
703 434 833 470 φρόνησιν
849 442 922 460 συνι-

129 481 241 512 στῶσιν,
260 480 347 512 οὕτως
362 482 390 508 αἱ
405 481 500 507 πολλαὶ
512 480 619 514 ἄγνοιαι
631 480 680 516 τὴν
698 480 815 516 μωρίαν,
831 480 878 507 καὶ
894 481 921 507 at

129 527 226 554 πολλαὶ
247 527 379 562 περίνοιαι
399 527 448 562 τὴν
471 526 602 562 πονηρίαν
623 526 672 562 (9).
693 527 738 562 Μὴ
753 526 833 553 τοῦτο
845 526 922 560 γοῦν,

101 579 104 582 ‘
129 574 206 610 φησι,
222 573 293 600 κατά
305 573 356 605 τὰς
368 573 460 605 κοινὰς
475 573 580 604 ἐννοίας
595 572 744 608 ὑπολάϐῃς,
761 573 812 605 eu,
829 573 923 609 ὥσπερ

127 619 160 647 τὸ
170 620 265 653 σκότος
279 620 372 647 λύεται
387 620 466 655 φωτὶ,
481 620 528 646 καὶ
546 619 663 655 μάλιστα
674 618 763 654 πολλῷ
772 627 778 633 ·
795 619 811 654 ἢ
828 618 923 655 ὥσπερ

127 667 146 702 ἡ
169 667 304 701 ἀγνωσία,
330 667 390 702 ἦτις
415 667 463 693 καὶ
486 666 554 702 αὐτὴ
581 665 676 697 σκότος
701 666 770 697 ἐστὶ,
794 665 922 699 παύεται,

127 711 255 746 γνώσεων
280 712 327 739 καὶ
351 712 468 748 μάλιστα
489 711 593 738 πολλῶν
611 711 829 747 ἐπιγενομένων·
853 711 924 738 οὕτω

127 759 176 785 καὶ
197 760 213 794 ὴ
236 759 306 786 κατά
326 758 391 785 Θεὸν
414 758 535 793 ἀγνωσία
559 757 630 784 ἔοικε
649 758 683 792 τῇ
707 756 777 784 κατά
804 756 924 792 ἀμαθίαν

129 805 261 840 ἀγνωσία,
283 805 321 837 ὼς
342 805 457 841 ἔφημεν.
481 804 549 831 Ἀλλ’
561 804 615 839 ὅσῳ
632 803 778 838 φωτίζεται
792 811 834 834 τις
849 803 924 839 παρά

128 850 206 884 Θεοῦ,
217 851 261 878 καὶ
268 852 330 887 ὖσῳ
342 860 384 883 τις
398 851 508 886 συνάγει
521 850 622 884 γνῶσιν
631 850 685 877 τῶν
697 850 792 882 ὅντων,
802 849 923 877 τουτέστι

127 896 177 932 τὴν
201 897 265 933 περὶ
286 897 342 924 τῶν
365 897 449 925 ὄντων
473 897 520 925 καὶ
544 896 657 933 νοερῶν,
680 896 799 932 τοσούτῳ
825 895 924 931 μᾶλλον

971 294 1054 322 edere
1068 295 1144 322 novit
1159 295 1262 327 anima,
1278 302 1339 330 quae
1354 303 1384 323 se
1399 297 1547 330 gratiosam
1564 295 1683 322 reddidit
1695 295 1762 327 Dea,

972 345 1055 376 atque
1074 342 1229 370 amabilem.
1252 341 1326 369 Idem
1346 349 1466 370 rursus:
1488 341 1607 369 Proinde
1627 342 1662 370 ab
1681 342 1715 370 iis
1734 343 1764 370 in

974 395 1070 416 sacras
1091 388 1197 416 litteras
1217 389 1463 417 commentationes
1479 389 1597 416 eduntur
1612 389 1764 423 tigurativis

973 434 1111 470 allegoriis
1124 435 1272 470 adopertae.
1285 435 1418 463 Universa
1430 436 1564 472 siquidem
1577 436 1683 463 sanctio
1696 435 1764 471 legis

972 488 1029 508 non
1043 481 1178 508 absimilis
1190 489 1253 509 esse
1266 482 1327 509 istis
1348 486 1476 510 censetur
1497 482 1616 517 cuipiam
1639 481 1762 514 animali,

972 527 1045 562 quod
1062 527 1188 562 corporis
1205 528 1265 555 vice
1279 527 1377 555 habeat
1392 528 1550 556 sanctiones
1564 528 1660 564 posita:
1679 528 1763 563 legis;

973 573 1093 600 animam
1107 578 1198 601 autem
1221 574 1434 608 interpretantur
1457 573 1618 602 invisibilem
1635 581 1762 605 sensum.

974 619 1026 646 sub
1038 619 1181 646 involucro
1193 618 1344 646 dictionum
1359 619 1418 647 sive
1432 619 1530 647 litterae.
1544 620 1680 648 Introrsus
1695 620 1763 648 deli-

973 668 1136 697 tescentem,
1153 673 1236 700 quem
1248 665 1294 692 ubi
1310 665 1428 701 primum
1446 666 1529 701 coepit
1543 672 1674 700 generose
1696 666 1766 694 emi-

974 715 1126 747 nenterque
1144 711 1325 747 contemplari
1337 711 1465 739 familiari
1479 712 1596 747 quadam
1611 716 1638 740 et
1652 712 1704 740 sibi
1717 720 1765 739 co-

973 761 1056 793 gnata
1076 758 1154 791 luce;
1170 758 1285 794 perinde
1303 761 1357 792 est,
1372 765 1405 786 ac
1427 757 1451 786 si
1467 758 1615 794 perspiciat
1635 759 1765 789 eximiam

975 805 1062 840 ipsam
1081 805 1277 833 sententiarum
1294 803 1524 840 pulchritudinem
1543 812 1604 832 sese
1619 812 1667 839 per
1680 805 1765 832 nomi-

974 858 1039 878 num
1051 851 1133 878 veluti
1146 851 1287 886 speculum
1301 854 1548 886 reprwsentantem.
1559 850 1591 877 Et
1604 851 1644 878 ba:
1654 851 1764 886 quidem

975 905 1009 925 ex
1022 897 1146 930 Philone,
1161 905 1223 932 qua:
1242 897 1275 924 de
1290 897 1460 932 therapeutis
1475 897 1580 932 scripto
1592 897 1721 932 prodidit,
1737 897 1766 926 in

127 943 283 971 ἀναϐαίνων
301 945 366 981 περὶ
379 945 428 981 τὴν
448 945 550 980 γνῶσιν
566 945 616 981 τὴν
641 945 705 980 περὶ
725 944 803 976 Θεὸν,
820 943 919 979 γνώσε-

973 944 1075 979 quibus
1091 951 1164 971 unus
1184 943 1230 971 hic
1243 944 1328 971 Caius
1342 947 1503 971 numeratur
1517 944 1550 970 ad
1565 952 1645 979 quem
1660 945 1764 979 episto-

127 997 172 1016 ται
189 990 238 1026 τὴν
254 990 456 1026 ἀκαταληψίαν,
471 991 530 1028 ἦτοι
544 990 681 1026 ἀγνωσίαν
695 990 744 1026 τὴν
759 990 922 1026 περὶ’Θεδν,

128 1035 187 1070 φῶς
206 1032 277 1062 εἶναι
299 1037 346 1063 καὶ
370 1035 472 1070 γνῶσιν
493 1036 564 1072 ὑπὲρ
586 1036 676 1063 πάντα
691 1035 726 1063 τὰ
745 1035 921 1070 γνωσθέντα·

127 1082 176 1108 καὶ
197 1081 290 1108 λοιπὸν
311 1083 372 1118 σιγῇ
395 1084 463 1118 τιμᾷ
483 1083 532 1118 τὴν
549 1083 613 1119 περὶ
627 1083 694 1109 Θεδν
709 1082 838 1117 ἀφασίαν.
851 1083 922 1109 Οὐκ-

127 1127 175 1154 οῦν
194 1128 224 1155 οὐ
245 1130 316 1156 κατὰ
331 1131 458 1166 στέρησιν
476 1130 604 1165 γνώσεως
617 1129 726 1164 λέγεται
741 1131 758 1164 ἡ
777 1129 841 1165 οτιερι⁸
853 1128 920 1155 Θεοῦ

127 1173 260 1208 ἀγνωσία,
277 1174 345 1201 ἀλλὰ
365 1176 425 1203 καθ’
447 1176 584 1212 ὑπεροχὴν
604 1175 694 1210 πάσης
716 1174 857 1210 γνώσεως.
879 1175 920 1201 ὅτι

126 1219 198 1252 ἔγνω
211 1228 253 1251 τις
271 1220 302 1247 τὸ
325 1221 392 1248 πᾶσι
411 1222 458 1248 καὶ
481 1221 569 1257 ἐαυτῷ
585 1221 725 1256 ἄγνωστον
736 1230 765 1248 τε
781 1221 828 1247 καὶ
852 1221 920 1247 ἀκα-

125 1263 273 1300 τάληπτον.
290 1265 383 1293 Ταῦτα
405 1267 452 1293 καὶ
472 1267 500 1293 ὲν
523 1267 563 1302 τῷ
582 1266 700 1302 δευτέρῳ
717 1266 857 1301 κεφαλαίῳ
871 1265 925 1292 τοῦ

126 1311 197 1345 Περὶ
211 1312 298 1338 θείων
311 1312 463 1347 ὀνομάτων
477 1312 595 1348 εἴρηται.

974 989 1029 1017 lam
1040 993 1202 1026 praesentem
1213 989 1377 1017 transmittit
1392 993 1515 1022 sanctus,
1525 989 1636 1017 dicens:
1650 990 1765 1023 Quando

974 1036 1126 1064 secundum
1142 1043 1204 1069 nos,
1220 1036 1339 1064 tenebrat
1354 1037 1420 1072 ipsa}
1436 1036 1554 1072 privatio
1567 1037 1690 1072 quaedam
1705 1040 1764 1072 est;

975 1086 1084 1115 contra,
1100 1083 1157 1115 lux,
1176 1083 1288 1111 habitus
1311 1093 1318 1110 :
1334 1091 1506 1118 conseqnens
1519 1087 1562 1111 est
1573 1083 1662 1111 lucem
1677 1082 1765 1118 ipsam

975 1137 1030 1157 non
1045 1137 1211 1158 evanescere
1228 1130 1402 1158 tenebrarum
1418 1130 1548 1162 adventu,
1561 1130 1616 1157 imo
1627 1129 1765 1158 infusione

975 1175 1046 1203 lucis
1061 1176 1127 1211 ipsa:
1141 1176 1288 1212 disparent
1309 1176 1430 1204 tenebrae
1452 1186 1459 1204 :
1484 1176 1618 1212 siquidem
1641 1177 1764 1203 absentia

974 1221 1046 1249 lucis
1061 1229 1121 1249 sese
1145 1221 1371 1249 circumfundunt
1391 1221 1528 1255 tenebrat;
1551 1229 1606 1249 non
1627 1221 1691 1249 item
1716 1229 1765 1256 per

974 1267 1126 1295 absentiam
1149 1268 1324 1295 tenebrarum
1354 1268 1478 1296 succedit
1505 1268 1561 1296 lux.
1584 1267 1656 1296 Idem
1682 1265 1765 1304 244

974 1322 1090 1350 prorsus
1103 1315 1153 1342 tibi
1171 1314 1383 1351 intelligendum
1394 1315 1428 1342 de
1441 1315 1596 1350 ignorantia
1607 1319 1633 1342 et
1649 1315 1765 1342 scientia

125 1357 170 1384 vel
186 1358 352 1393 cognitione.
368 1359 496 1395 Cognitio
514 1360 587 1387 enim
604 1359 716 1387 habitus
735 1364 787 1393 est,
814 1360 931 1396 privatio
948 1365 1040 1388 autem
1067 1362 1231 1397 cognitionis
1260 1361 1424 1397 ignorantia.
1442 1361 1502 1388 1am
1516 1361 1626 1397 quando
1640 1361 1765 1389 absentia

127 1405 292 1439 cognitionis
306 1405 392 1441 ipsam
403 1406 595 1441 quadantenus
610 1407 812 1442 ignorationem
839 1411 1028 1443 repraesentat,
1049 1409 1121 1436 sicut
1148 1412 1173 1436 et
1191 1408 1257 1443 ipsa
1283 1408 1536 1435 tenebmvsecessio
1553 1407 1622 1435 lucis
1634 1412 1676 1435 est
1699 1416 1706 1440 ;
1720 1415 1766 1435 se-

126 1452 220 1486 quitur
237 1452 349 1480 omnino
373 1453 518 1488 przesentia
548 1453 713 1487 cognitionis
727 1454 841 1481 dissolvi
863 1454 1048 1488 ignorantiam
1066 1464 1073 1487 ;
1092 1458 1250 1490 quantoque
1268 1462 1298 1482 se
1316 1454 1455 1489 copiosius
1471 1454 1515 1481 lux
1529 1453 1661 1485 ell'undit,
1686 1458 1764 1481 tanto

126 1505 238 1533 pessum
259 1501 325 1526 eunt
339 1499 427 1535 magis
442 1499 562 1527 tenebrae
571 1503 598 1526 et
623 1500 830 1528 exinaniuntur.
864 1499 986 1528 Similem
1011 1501 1039 1528 in
1056 1501 1178 1533 modum,
1204 1508 1259 1536 quo
1285 1501 1397 1528 uberior
1426 1500 1505 1528 adest
1527 1508 1605 1536 seges
1628 1500 1764 1536 cognitio-

125 1553 203 1575 num.
229 1545 281 1572 hoc
306 1545 392 1580 magis
416 1546 573 1573 exinanitur
599 1547 747 1582 ignoratio.
763 1546 823 1574 Jam
847 1547 913 1573 mihi
929 1547 1003 1578 vide,
1027 1547 1090 1582 quia
1108 1555 1162 1574 non
1190 1548 1291 1575 multas
1307 1547 1377 1574 dixit
1397 1547 1483 1579 luces,
1511 1547 1560 1574 sed
1589 1547 1701 1574 multam
1720 1547 1764 1573 lu-

125 1599 202 1626 cem;
218 1599 272 1619 una
294 1592 429 1627 siquidem
443 1592 497 1622 lux,
516 1593 574 1621 sive
590 1601 619 1621 se
635 1594 681 1620 illa
699 1594 845 1626 remiserit,
859 1594 918 1622 sive
941 1602 970 1622 se
992 1594 1140 1622 intenderit
1161 1594 1259 1623 quius.
1274 1593 1387 1628 Contra,
1417 1602 1471 1621 non
1498 1594 1609 1621 multam
1626 1594 1762 1629 cognitio-

83 1669 86 1671 _
125 1646 199 1669 netu.
221 1639 268 1667 sed
295 1641 395 1668 multas
420 1640 489 1668 dixit
510 1640 692 1676 cognitiones.
717 1640 782 1668 Nam
807 1642 917 1676 quando
940 1642 1060 1676 cognitio
1086 1647 1236 1669 esteorum
1264 1648 1324 1676 qua:
1344 1641 1373 1668 vi
1399 1640 1584 1676 cognoscitiva
1610 1639 1764 1674 apprehen-

124 1684 238 1717 duntur,
256 1685 391 1720 ejusmodi
417 1690 507 1714 autem
533 1687 573 1714 sic
593 1687 678 1713 multa
698 1691 773 1719 sunt,
795 1691 824 1714 ut
840 1688 915 1714 nullo
936 1692 1038 1723 queant
1066 1688 1256 1715 circumscribi
1285 1688 1338 1714 line
1357 1695 1364 1713 :
1380 1694 1554 1721 consequens
1568 1686 1648 1713 fuerit
1661 1686 1762 1712 multas

123 1739 187 1759 esse
202 1731 384 1767 cognitiones,
400 1732 455 1760 imo
472 1732 603 1760 infinitas.
618 1732 658 1760 Ad
685 1733 754 1766 hate,
783 1734 942 1769 neutiquam
969 1734 1038 1762 dixit
1057 1734 1172 1761 multam
1198 1734 1394 1770 cognitionem,
1420 1733 1493 1768 quod
1514 1733 1636 1768 cognitio
1658 1731 1763 1759 rnedio-

123 1779 209 1806 critas
233 1779 357 1814 quaedam
378 1779 424 1811 sit,
445 1784 473 1807 et
498 1780 636 1816 utrimque
662 1780 761 1808 haheat
784 1784 914 1815 tanquam
940 1781 1008 1814 vitia
1029 1781 1221 1808 remissionem
1255 1785 1282 1808 et
1309 1780 1502 1808 intensionem.
1517 1779 1550 1806 Et
1565 1780 1629 1806 hinc
1651 1778 1762 1814 quidem

123 1825 318 1862 ignorantiam,
352 1825 429 1854 illinc
449 1834 513 1854 vero
537 1826 721 1863 dispescimus
742 1827 931 1855 curiositatem
959 1827 1074 1860 sciendi,
1099 1835 1159 1862 quze
1177 1827 1261 1853 multa
1280 1827 1373 1861 utique
1395 1826 1517 1862 cognitio
1538 1827 1591 1854 dici
1613 1827 1710 1861 possit.
1726 1825 1762 1854 Ut

123 1871 208 1907 igitur
222 1872 314 1901 multa:
332 1873 504 1908 cognitiones
519 1864 598 1909 quasi
627 1873 830 1901 mediocritates
855 1881 937 1901 unam
960 1874 1130 1901 constituunt
1154 1873 1326 1909 prudentiam
1338 1893 1345 1905 ,
1370 1873 1411 1900 sic
1427 1873 1583 1908 complures
1601 1872 1763 1908 ignorantiae.

123 1920 266 1947 stultitiam
287 1921 398 1955 pariunt
414 1928 514 1955 unam,
527 1924 555 1948 et
571 1920 662 1948 multa:
677 1921 852 1948 curiositatcs
868 1921 1021 1950 vafriciem.
1035 1921 1112 1955 Quod
1131 1921 1213 1956 igitur
1226 1920 1353 1956 pmsenti
1371 1920 1432 1947 loco
1448 1920 1554 1947 inducit
1576 1920 1668 1954 Pater,
1694 1927 1761 1955 pro-

122 1966 197 1999 vide,
214 1974 249 1994 ne
261 1967 341 2002 juxta
356 1974 529 1994 communem
546 1967 755 2003 intelligentiam
772 1967 910 2001 acceperis
923 1966 1038 1994 dictum.
1054 1967 1288 2000 Quemadmodum
1302 1967 1374 1995 enim
1396 1967 1516 1995 tenebrm
1535 1966 1675 1994 infusione
1691 1968 1762 1995 lucis

123 2014 323 2045 dissolvuntur,
340 2014 422 2049 idque
438 2015 568 2048 maxime,
586 2015 610 2042 sl
625 2015 857 2051 quamplurimum
874 2014 943 2042 lucis
956 2015 1099 2042 emicuerit
1117 2024 1123 2041 :
1140 2019 1196 2047 aut,
1213 2015 1285 2042 sicut
1305 2015 1457 2050 ignorantia
1475 2014 1546 2049 (quae
1560 2019 1588 2041 et
1601 2014 1659 2048 ipsa
1683 2017 1762 2041 tene-

123 2062 183 2089 bris
199 2060 331 2089 assimilis
351 2061 404 2096 est)
419 2060 521 2090 desinit
536 2069 598 2089 esse
613 2061 732 2089 adventu
746 2061 944 2096 cognitionum,
958 2062 1110 2096 prmsertim
1124 2061 1147 2088 si
1164 2061 1304 2088 cumulate
1319 2061 1471 2097 ingruerint
1487 2070 1494 2087 :
1518 2061 1552 2088 ad
1570 2068 1632 2088 eum
1650 2060 1761 2087 modum

122 2114 185 2142 qua!
198 2107 350 2135 secundum
372 2107 456 2134 Deum
476 2111 518 2136 est
534 2108 682 2144 ignoratio,
698 2109 722 2136 ei
739 2108 847 2136 videtur
862 2116 917 2135 non
932 2108 1085 2141 dissimilis,
1104 2108 1198 2143 utjam
1214 2108 1317 2135 dictum
1338 2108 1419 2136 nobis
1434 2112 1485 2138 est.
1501 2115 1562 2142 quae
1577 2115 1626 2142 per
1647 2106 1761 2142 imperi-

122 2154 191 2180 tiam
206 2157 297 2188 atque=
308 2153 454 2181 ruditatcm
471 2153 525 2181 dici
541 2154 610 2181 solet
622 2154 789 2190 ignorantia.
804 2154 939 2181 Caeterum
954 2159 1058 2189 quanto
1071 2155 1134 2189 quis
1149 2162 1163 2181 a
1180 2154 1236 2182 Deo
1248 2154 1402 2181 illustratur
1419 2154 1569 2188 copiosius,
1591 2153 1762 2181 uberiorem-

122 2207 178 2235 que
192 2199 243 2227 sibi
258 2200 387 2227 conciliat
401 2207 496 2227 eorum
511 2207 572 2235 quae
585 2205 650 2228 sunt
664 2200 848 2236 cognitionem
867 2210 874 2229 :
891 2200 924 2228 de
941 2200 983 2227 bis
1000 2201 1128 2228 nimirum
1144 2208 1205 2236 qure
1224 2200 1388 2232 subsistunt,
1417 2207 1512 2234 qumve
1542 2199 1680 2227 intellectu
1695 2208 1759 2235 per-

121 2246 285 2281 cipiuntur:
309 2246 333 2273 is
354 2253 410 2281 quo
433 2245 580 2274 sublimius
596 2246 630 2273 ad
654 2247 797 2275 scientiam
814 2247 939 2274 ascendit
953 2255 1049 2274 eorum
1079 2255 1139 2282 qua:
1155 2247 1188 2273 ad
1205 2246 1252 2274 Dei
1268 2246 1452 2282 cognitionem
1474 2245 1627 2281 provehunt
1650 2255 1657 2273 :
1682 2250 1760 2275 tanto

122 2292 312 2327 perspicacius
333 2292 467 2326 intelliget
488 2292 660 2327 majestatem
683 2291 729 2319 Dei
747 2292 815 2319 nulli
831 2293 1106 2329 eomprehensibilem
1122 2299 1184 2321 esse
1198 2296 1342 2319 creaturae.
1362 2291 1435 2319 Idem
1453 2299 1550 2319 rursus
1565 2299 1624 2318 eam
1647 2291 1759 2327 ignora-

121 2339 236 2372 tionem,
253 2347 314 2374 quae
337 2339 371 2366 ad
395 2338 576 2374 perfectiones
602 2339 635 2367 de
654 2339 708 2366 Deo
732 2340 822 2368 dictas
840 2340 959 2368 refertur
973 2363 980 2374 ,
994 2340 1137 2368 verissime
1160 2347 1221 2367 esse
1242 2339 1334 2366 lumen
1361 2339 1504 2380 percipiet,
1519 2339 1761 2375 cognitionemque

121 2391 221 2414 cmtera
235 2385 434 2421 cognoscibilia
454 2385 704 2414 transcendentem.
721 2385 844 2421 Denique
866 2387 937 2415 hanc
952 2395 1029 2414 suam
1042 2387 1075 2414 de
1092 2386 1136 2413 Dei
1149 2385 1366 2422 perfectionibus
1381 2386 1594 2422 ineloqncntiam
1608 2394 1701 2413 secum
1717 2390 1760 2413 ta-

121 2434 195 2462 citus
211 2434 315 2461 honore
331 2433 470 2469 prrccipuo
491 2432 600 2467 dignam
615 2432 700 2460 ducit.
716 2432 878 2461 Nullatenus
894 2434 977 2469 igitur
996 2433 1130 2469 ejusmodi
1146 2433 1180 2460 de
1199 2433 1255 2460 Deo
1276 2432 1429 2468 ignorantia
1454 2432 1629 2467 intelligenda
1651 2437 1693 2459 est
1714 2433 1759 2461 hic

119 2480 188 2512 dici,
203 2479 277 2515 quod
300 2480 450 2515 privatoria
465 2479 501 2506 sit
525 2480 705 2514 cognitionis;
724 2481 811 2515 magis
842 2489 906 2508 vero
935 2486 1046 2516 propter
1059 2481 1188 2508 eximiam
1212 2484 1293 2516 atque
1314 2484 1524 2516 exsuperantem
1551 2480 1758 2515 praerogativam

119 2527 206 2554 totius
223 2527 354 2558 scientiae,
371 2533 425 2561 qua
440 2526 502 2561 quis
516 2533 597 2554 nosse
614 2527 765 2561 promeruit
782 2527 820 2560 id,
836 2527 908 2563 quod
923 2528 1051 2555 omnibus
1064 2527 1172 2563 sibique
1184 2527 1354 2563 incognitum
1376 2530 1467 2554 manet
1482 2530 1509 2554 et
1523 2526 1758 2561 incomprehensi-

118 2573 184 2600 bilc.
199 2572 231 2599 Et
247 2572 304 2600 haec
317 2573 427 2607 quidem
443 2573 531 2608 capite
543 2573 664 2600 secundo
680 2573 835 2601 Divinarum
851 2575 986 2602 nominum
1002 2575 1137 2610 explicata
1153 2578 1226 2602 sunt.

155 2619 247 2647 Ταῦτα
263 2619 361 2650 τοίνυν,
380 2618 412 2645 τὸ
433 2618 528 2651 σκότος
549 2620 619 2655 φημὶ
634 2620 680 2646 καὶ
700 2620 749 2656 τὴν
768 2621 912 2656 ἀγνωσίαν,

1004 2621 1085 2658 245
1105 2621 1168 2648 Ilazc
1183 2622 1276 2657 igitur,
1289 2621 1419 2649 tenebras
1432 2620 1495 2648 dico
1507 2624 1534 2648 et
1551 2619 1756 2656 ignorationem

119 2665 301 2702 ὐπεροχικῶς,
325 2665 391 2692 ἀλλὰ
413 2665 451 2701 μὴ
474 2665 540 2701 μετά
561 2665 687 2702 στέρησιν
707 2667 848 2699 ἐκλαϐὼν,
864 2668 909 2694 ὅτε

118 2714 184 2748 περὶ
204 2712 272 2739 Θεοῦ
294 2713 474 2748 ἐκλαμϐάνεις
492 2712 593 2745 ταῦτα,
612 2714 751 2748 ἀπόφησον
771 2714 910 2750 ὺπεραλη-

119 2759 184 2791 Θῶς,
195 2759 315 2795 δηλονότι
334 2760 395 2786 εἰπὲ
413 2759 529 2796 τρανῶς.
560 2760 667 2795 Ἐπειδὴ
689 2760 744 2796 γὰρ
758 2760 843 2787 ταῦτα
863 2762 910 2788 καὶ

120 2807 191 2841 ὑπὲρ
205 2806 218 2833 ὃ
233 2806 350 2833 ὲνταῦοά
362 2808 426 2839 εἱσι,
439 2807 562 2834 νοοῦνται
578 2807 677 2834 ἐκεῖσε·
689 2808 736 2834 καὶ
746 2807 760 2833 ὁ
776 2808 839 2843 περὶ
850 2807 911 2834 τού-

117 2861 174 2879 των
185 2853 262 2887 λόγος
273 2853 321 2889 οὐχ
336 2853 430 2885 ἁπλῶς
448 2853 572 2889 ἀληθινὸς
587 2853 665 2887 λόγος
678 2852 764 2885 ἔσται,
781 2853 848 2880 ἀλλὰ
865 2855 912 2880 καὶ

120 2898 191 2934 ὑπὲρ
206 2899 284 2926 τοῦτο
294 2900 323 2927 τὸ
335 2901 459 2936 ἀληθινὸν
477 2901 644 2937 μιμουμένου
659 2900 706 2927 τοῦ
721 2900 799 2935 λόγου
814 2901 844 2927 τὺ
860 2900 912 2927 τῶν

121 2946 291 2981 πραγμάτων
314 2947 492 2984 ὑπεροχικόν·
510 2947 587 2975 τοῦτο
605 2947 657 2983 γάρ
675 2948 732 2974 ἐστι
750 2946 779 2974 τὸ
802 2948 912 2981 ὑπερτι-

965 2669 1200 2704 supercminenter
1217 2675 1279 2696 cum
1298 2667 1482 2700 intellexeris,
1503 2675 1557 2694 non
1579 2668 1642 2694 item
1664 2666 1756 2700 priva-

962 2717 1032 2743 torie
1054 2716 1088 2743 de
1109 2715 1164 2743 Deo
1182 2715 1252 2743 dici:
1267 2714 1408 2750 ἀπόφησον
1431 2713 1629 2750 ὑπεραληοῶς,
1655 2712 1681 2738 id
1713 2715 1757 2738 est

962 2762 1074 2789 enuntia
1111 2761 1273 2793 verissime,
1297 2760 1342 2787 dic
1368 2759 1474 2786 scilicet
1496 2757 1618 2792 τρανῶς,
1639 2756 1691 2783 hoc
1713 2761 1756 2783 est

966 2807 1093 2838 dilucide,
1106 2808 1260 2842 perspicue.
1275 2807 1343 2834 Nam
1358 2805 1469 2841 quando
1480 2804 1548 2835 bn'c,
1561 2810 1644 2838 supra
1658 2803 1756 2830 etiam-

964 2861 1029 2881 num
1044 2861 1125 2888 quam
1141 2853 1187 2881 hic
1198 2858 1273 2885 sunt,
1290 2853 1482 2887 intelliguntur
1497 2858 1527 2878 se
1541 2850 1597 2877 illic
1613 2849 1756 2877 verissime

965 2900 1082 2933 habere;
1099 2899 1201 2935 quique
1224 2899 1257 2927 de
1283 2898 1326 2926 his
1349 2905 1440 2925 sermo
1463 2900 1515 2929 est,
1536 2904 1589 2923 non
1615 2899 1759 2929 utcunque

964 2954 1046 2975 verus
1061 2946 1096 2975 sit
1110 2953 1220 2980 sermo;
1235 2946 1299 2982 quin
1319 2947 1417 2980 przctcr
1431 2943 1494 2976 hoc,
1510 2944 1651 2971 veritatem
1666 2949 1754 2977 quam
