1940 3064
194 189 248 218 459

533 186 704 215 APPENDIX
724 186 771 214 AD
790 186 902 213 OPEBA
929 185 957 213 S.
979 185 1126 213 DiONYSlI
1145 181 1386 212 AREOPAGITJ‘I.

1770 178 1820 207 “0

196 250 363 281 tamcunque
376 245 464 273 nostri
479 244 609 272 imitatitii
625 243 762 272 sermonis
774 243 833 278 ipsa
850 243 975 278 praecellil

1031 242 1131 276 ληθῶς
1145 243 1322 277 ἀπόφησον·
1339 238 1431 274 ἐπειδὴ
1448 238 1509 265 ὅσον
1526 246 1567 269 τις
1581 236 1647 272 ἔχει,
1670 235 1745 271 φησι,
1765 234 1821 261 τῶν

194 297 287 319 rerum
309 289 476 326 magnitudo.
498 289 555 316 Hoc
575 289 677 317 etenim
697 288 819 315 insinuat
840 287 979 323 ἀπόφησον

193 335 383 372 ὕπεραληθῶς.
408 335 516 368 Quanto
532 336 604 363 enim
625 335 688 370 quis
710 335 825 362 sortitus
853 339 896 362 est
922 342 979 361 am-

193 382 309 418 pliorem
326 389 417 409 rerum
432 382 556 409 notitiam
566 402 574 413 ,
590 382 733 417 lucemque
748 380 902 408 effusiorem
918 381 978 416 (ait)

193 428 404 463 intelligentiam
416 427 542 455 videlicet
556 427 691 460 veritatis,
704 428 728 455 is
746 431 823 455 tanto
840 427 979 461 perspica-

193 475 254 502 cius
266 474 396 509 intelliget
408 474 542 508 ignotiora
556 481 628 506 esse,
645 481 706 509 quae
716 474 750 501 de
764 473 818 500 Deo
837 473 977 500 dicuntur.

191 519 253 548 Non
269 520 342 547 enim
363 520 405 547 vel
427 521 528 548 lumine
549 520 689 555 quopiam,
711 520 754 547 vel
777 519 933 554 cognitione
947 525 978 545 ea

192 566 362 597 elucescunt,
374 564 440 600 quin
450 572 543 592 eorum
558 565 648 599 potius
662 565 769 600 fugiunt
782 564 976 598 cognitionem,

193 611 241 646 qui
257 611 352 637 talium
375 610 595 645 qualemcunque
627 610 753 637 notitiam
777 609 880 645 indepti
903 613 977 637 sunt.

192 655 253 691 Ipsa
270 663 378 691 quoque
394 656 564 690 quantalibet
580 656 717 691 promotio
733 661 760 684 et
779 656 978 684 incrementum

192 703 220 730 in
232 702 285 734 his,
303 702 408 730 lumine
419 702 481 730 dico
495 707 522 730 et
537 703 701 737 cognitione,
714 702 834 730 divinam
851 702 979 737 majesta-

191 754 246 777 tem
262 748 407 784 perspicue
427 749 568 776 declarant
590 749 752 777 invisibilem
774 756 846 782 esse,
861 753 887 776 et
911 747 979 775 nulli

191 799 325 822 creatura:
350 801 546 830 usquequaque
577 794 758 830 cognobilem.
781 794 873 829 Neque
905 794 978 822 enim

190 841 388 868 exinaniuntur
406 840 541 874 ejusmodi
557 840 677 867 tenebrae
693 840 721 867 in
738 844 793 867 tam
814 840 903 868 multa
919 839 979 867 luce

190 886 271 914 istius
286 887 357 922 (qua:
374 886 447 913 circa
458 894 559 914 numen
569 886 622 922 est)
636 886 771 917 veritatis,
781 893 876 914 verum
893 884 979 913 unde-

190 940 300 967 cunque
324 933 385 960 luce
410 933 469 968 ipsa
493 933 670 967 operiuntur;
699 936 780 967 atque
804 932 869 960 hinc
890 933 976 960 scitur

190 978 294 1009 verius,
309 978 374 1013 quia
389 979 508 1006 tenebra:
521 982 595 1010 sunt,
613 977 723 1013 quando
741 985 849 1005 omnem
864 977 898 1006 de
921 977 976 1006 Deo

190 1024 373 1059 cognitionem
397 1024 573 1052 obumbrant.
597 1023 649 1051 Ubi
667 1024 749 1060 igitur
768 1024 886 1059 primum
907 1031 975 1051 con-

190 1071 328 1098 currerint
341 1078 389 1102 e2,
403 1078 464 1105 quae
479 1070 513 1098 de
529 1071 715 1106 intelligentiis
738 1071 888 1104 habentur,
903 1070 976 1098 noti-

190 1115 245 1148 tiae,
257 1123 313 1142 non
325 1116 457 1143 continuo
471 1115 577 1150 aufugit
587 1116 754 1151 ignorantia,
770 1115 817 1143 sed
835 1119 975 1150 permanet

189 1169 290 1189 arcana
305 1169 433 1197 prorsus.
448 1169 611 1196 omnemque
629 1162 761 1197 effugiens
779 1162 974 1197 cognitionem,

188 1215 326 1242 nusquam
343 1207 485 1240 secedens,
499 1208 548 1235 sed
565 1208 705 1239 restitans,
720 1216 752 1235 ac
772 1209 902 1236 evincens
916 1215 976 1234 om-

188 1253 264 1280 nium
284 1253 477 1288 cognitionem,
489 1253 562 1280 aliud
572 1254 684 1281 omnino
695 1254 762 1281 nihil
776 1261 824 1289 pro
836 1258 975 1288 comperto

188 1299 343 1331 habentem,
352 1306 433 1334 quam
443 1299 514 1334 quod
522 1300 757 1334 superemineutcr
766 1299 792 1326 id
800 1304 891 1327 manet
900 1300 976 1327 inco-

188 1345 304 1380 gnitum,
315 1345 386 1380 quod
403 1345 551 1380 inquiritur
568 1347 695 1374 maxime.
713 1345 818 1373 Idcirco
827 1346 874 1381 qui
891 1346 975 1374 Deum

187 1390 301 1422 vidisse,
317 1395 344 1418 et
365 1391 438 1426 quod
455 1391 532 1424 vidit,
544 1392 712 1420 intellexisse
726 1392 899 1427 praedicatur,
918 1400 974 1419 non

188 1436 283 1470 utique
296 1436 385 1471 ipsum
395 1437 439 1464 hic
465 1437 532 1464 vidit
545 1436 628 1464 Deum
639 1437 735 1472 (Deum
743 1438 813 1464 enim
826 1445 900 1465 nemo
911 1436 975 1464 vidit

187 1489 303 1516 unquam
314 1482 363 1517 In),
381 1482 429 1510 sed
445 1490 540 1510 eorum
556 1483 708 1518 quidpiam,
725 1491 785 1518 quae
798 1483 871 1511 circa
887 1483 975 1518 ipsum

188 1529 264 1558 sunt,
280 1530 377 1560 aptave
397 1527 563 1562 apprehendi
579 1527 664 1554 ductu
678 1531 799 1562 natura};
816 1528 925 1563 quando
941 1528 975 1556 iis

1030 288 1113 315 ὅντων
1135 287 1184 324 τὴν
1211 286 1322 321 γνῶσιν,
1338 285 1386 312 καὶ
1410 284 1441 311 τὸ
1464 283 1493 310 ὂν
1519 282 1586 318 φῶς,
1605 281 1676 308 τοῦτ’
1690 281 1748 308 ἐστι
1770 281 1821 317 τῆς

1030 334 1156 370 ἀληθείας
1164 333 1213 368 τὴν
1224 332 1326 368 νόησιν,
1336 330 1461 358 τοσοῦτον
1475 328 1509 356 τὰ
1520 328 1583 364 περὶ
1594 327 1640 354 τοῦ
1648 327 1715 354 Θεοῦ
1725 326 1820 362 ὄψεται
1871 357 1874 361 ⁸

1028 381 1167 415 ἀγνωσταο
1186 379 1216 406 οὺ
1231 378 1285 414 γὰρ
1297 377 1336 412 τῷ
1349 377 1418 412 φωτὶ
1429 375 1446 412 ἦ
1459 377 1494 412 τῇ
1511 373 1609 410 γνώσει
1630 373 1818 409 φανεροῦνται,

1028 425 1096 453 ἀλλά
1111 425 1208 461 μᾶλλον
1223 425 1287 456 τοὺς
1299 423 1385 450 ταῦτα
1400 422 1512 458 ἔχοντας
1526 421 1667 454 λανθάνει,
1688 421 1735 448 καὶ
1755 421 1772 456 ἡ
1789 421 1819 448 ὲν

1028 472 1131 503 τούτοις
1145 470 1264 502 ἐπίδοσίς
1283 478 1313 496 τε
1335 469 1382 496 καὶ
1403 467 1525 503 αῠξησις,
1540 467 1579 503 τῷ
1599 466 1670 502 φωτί
1684 475 1755 502 φημι
1771 466 1818 494 καὶ

1029 520 1062 554 τῇ
1075 517 1184 553 γνώσει,
1208 515 1239 543 τὸ
1256 516 1327 543 θεῖον
1350 515 1466 542 δεικνύει
1482 514 1595 541 ἀθέατόν
1615 522 1645 541 τε
1665 513 1711 540 καὶ
1731 513 1818 547 ἀγνω-

1030 573 1101 592 στον.
1120 563 1186 592 Οὐδὲ
1201 563 1254 599 γὰρ
1269 562 1371 598 ἀφανὲς
1382 561 1485 596 γίνεται
1498 560 1529 587 τὸ
1539 559 1658 586 τοιοῦτον
1681 559 1774 590 σκότος
1788 559 1817 584 ὲν

1028 610 1068 646 τῷ
1080 609 1168 645 πολλῷ
1179 610 1248 645 φωτὶ
1259 609 1309 644 τῆς
1322 609 1387 644 περὶ
1399 607 1480 634 τοῦτο
1494 606 1619 641 ἀληθείας
1629 614 1636 621 ·
1656 604 1723 632 ἀλλὰ
1739 613 1818 640 περι-

1029 655 1204 688 καλύπτεται,
1222 655 1270 681 καὶ⁸
1288 653 1386 690 μᾶλλον
1402 652 1576 687 γινώσκεται,
1592 651 1633 678 ὅτι
1647 650 1752 681 σκότος,
1770 649 1818 677 καὶ

1028 702 1230 738 ἀποκρύπτεται
1248 702 1338 728 πᾶσαν
1353 700 1467 736 γνῶσιν·
1481 699 1561 731 ὥστε,
1576 698 1640 725 ὅταν
1655 697 1817 724 συνέλθωσιν

1028 751 1056 776 αἱ
1077 749 1140 786 περὶ
1156 748 1210 776 τῶν
1236 747 1337 784 νοερῶν
1359 746 1490 782 γνώσεις,
1512 745 1562 772 οὐκ
1586 744 1777 779 ἀποδιδράσκει
1799 743 1816 778 ὴ

1029 795 1158 829 ἀγνωσία,
1167 794 1234 822 ἀλλὰ
1248 794 1322 830 μένει
1337 791 1566 829 ἀτωκρυτιτομένη
1576 791 1622 818 καὶ
1634 788 1817 824 διαφεύγουσα

1029 842 1118 869 πᾶσαν
1131 841 1244 876 γνῶσιν·
1265 840 1314 876 οὐχ
1336 837 1531 875 ὑποχωροῦσα,
1549 836 1606 864 ἀλλ’
1620 833 1686 862 οὖσα
1700 834 1747 861 καὶ
1768 834 1817 870 μέ-

1028 896 1120 921 νουσα,
1139 887 1186 915 καὶ
1205 887 1308 914 νικῶσα
1331 885 1381 918 τὰς
1399 884 1523 920 γνώσεις,
1548 882 1624 910 οὐδὲν
1647 881 1709 910 ἄλλο
1733 889 1819 907 κατα-

992 923 1013 950 B
1027 933 1232 968 λαμϐανούσας’
1258 932 1275 968 ἢ
1299 933 1340 959 δτι
1364 930 1534 967 ὺπεροχικῶς
1552 929 1688 965 ἄγνωστόν
1706 929 1764 954 ἐστι
1786 927 1817 954 τὸ

1026 979 1199 1016 ζητούμενον.
1220 978 1269 1006 Διὰ
1287 978 1365 1005 τοῦτο
1384 977 1432 1004 και
1453 977 1468 1003 ὸ
1487 976 1552 1004 Θεὸν
1574 975 1749 1010 θεασάμενος,
1769 974 1816 1000 καὶ

1024 1027 1123 1062 νοήσας
1143 1026 1157 1052 ὃ
1173 1023 1255 1058 εἶδεν,
1275 1025 1356 1051 αὑτὸν
1377 1023 1425 1059 μὲν
1447 1022 1496 1058 οὐχ
1519 1021 1623 1058 ἑώρακε
1643 1021 1651 1055 (
1662 1019 1736 1047 Θεὸν
1762 1019 1816 1054 γὰρ

1025 1070 1123 1104 οὐδεὶς
1143 1069 1253 1104 ἑώρακε
1265 1068 1414 1103 adnare)’
1434 1067 1502 1096 ἀλλά
1524 1075 1551 1095 τι
1565 1067 1618 1093 τῶν
1645 1065 1709 1101 περὶ
1733 1065 1816 1091 αὑτὸν

1025 1115 1108 1143 ὅντων
1134 1115 1180 1142 καὶ
1200 1114 1360 1149 πεφυκότων
1389 1111 1658 1148 καταλαμδάνεσθαι,
1682 1110 1730 1136 καὶ
1753 1109 1816 1137 τότε

1024 1163 1081 1193 τοῖς
1095 1161 1180 1194 ἀξίοις
1192 1160 1236 1187 διὰ
1251 1159 1411 1196 καθάρσεως
1429 1158 1590 1194 γινομένοις.
1607 1156 1693 1188 Αὐτὸς
1703 1155 1731 1182 δὲ
1745 1155 1818 1191 ὑπὲρ

1026 1208 1115 1235 πάντα
1138 1206 1209 1238 νοῦν,
1235 1206 1282 1233 καὶ
1310 1206 1399 1233 πᾶσαν
1420 1205 1513 1232 οὐσίαν
1540 1202 1769 1239 ὑπεριδρυμένος,
1787 1203 1816 1229 ὲν

1025 1254 1099 1290 αὐτῷ
1115 1253 1163 1289 μὲν
1185 1253 1225 1290 τῷ
1249 1252 1287 1289 μὴ
1311 1252 1423 1280 καθόλου
1448 1250 1644 1287 γινώσκεσθαι,
1662 1249 1732 1285 ὑπὲρ
1752 1248 1815 1275 νοῦν

1025 1300 1203 1335 γινώσκεται,
1228 1299 1268 1327 ὄπι
1282 1299 1352 1335 ὑπὲρ
1377 1298 1466 1326 πάντα
1488 1298 1578 1325 ἐστίν·
1609 1297 1637 1323 ὲν
1659 1295 1688 1322 δὲ
1710 1295 1750 1330 τῷ
1776 1295 1814 1330 μὴ

1026 1345 1095 1374 εἶναι
1110 1346 1221 1373 καθόλου
1236 1345 1332 1373 πάλιν·
1348 1345 1380 1372 τὸ
1391 1344 1446 1380 γὰρ
1460 1342 1529 1371 εἷναι
1544 1343 1598 1371 τῶν
1622 1342 1738 1371 κτιστῶν
1753 1343 1816 1371 ἐστι

1025 1393 1073 1420 καὶ
1087 1392 1141 1420 τῶν
1155 1391 1284 1419 ἐλθόντων
1303 1392 1343 1423 ei;
1359 1389 1484 1426 ὓπαρξιν.
1503 1390 1531 1416 '0
1543 1389 1573 1416 δὲ
1593 1388 1659 1420 Θεὸς
1677 1388 1724 1415 καὶ
1742 1387 1814 1423 ὑπὲρ

1025 1439 1055 1465 τὸ
1076 1436 1159 1465 εἶναι·
1178 1438 1222 1464 διὰ
1243 1437 1332 1470 τοῦτο,
1348 1437 1406 1464 ἱστι
1421 1436 1479 1472 μὲν,
1497 1435 1552 1462 ἀλλ’
1566 1434 1746 1470 ὑπερουσίως,
1766 1434 1814 1460 καὶ

1026 1486 1043 1521 ἡ
1061 1484 1132 1512 κατά
1154 1484 1185 1510 τὸ
1209 1485 1332 1520 κρεῖττον
1357 1482 1490 1518 παντελὴς
1511 1481 1642 1516 ἀγνωσία.
1662 1481 1735 1517 ’Όσῳ
1759 1480 1814 1516 γὰρ

1025 1531 1154 1566 ἀνάγεται
1183 1539 1243 1564 τις,
1271 1530 1311 1561 εἰς
1339 1529 1476 1564 ἀγνωσίαν
1502 1529 1644 1565 κρείττονα
1674 1529 1812 1564 καταντᾷ·

188 1577 246 1602 tum
263 1575 372 1603 demum
387 1576 532 1611 contingit,
549 1577 596 1611 qui
609 1584 657 1612 per
673 1584 702 1604 se
722 1577 856 1604 sinceram
876 1576 975 1605 mentis

1027 1577 1099 1613 αὓτη
1117 1576 1182 1612 γοῦν
1208 1578 1225 1612 ἡ
1253 1575 1375 1610 ἀγνωσία
1396 1575 1426 1602 οὺ
1452 1575 1579 1611 στέρησίς
1599 1575 1658 1602 ἐστι
1672 1573 1817 1609 γνώσεως,

187 1623 412 1656 expurgationem
423 1623 610 1658 praestiterunt
621 1623 729 1658 dignos.
739 1621 799 1658 Ipse
813 1631 878 1651 vero
893 1631 975 1658 supra

1026 1623 1093 1651 ἀλλὰ
1118 1622 1217 1658 γνῶσις
1246 1621 1416 1658 ὑπερέχουσα
1439 1620 1487 1648 καὶ
1509 1620 1754 1656 καταλαμϐάνουσα
1776 1619 1815 1651 ὼς

187 1674 296 1695 omnem
312 1672 441 1702 mentem,
458 1676 622 1704 omnemque
647 1669 830 1696 substantiam
853 1669 975 1696 eminen-

1026 1669 1135 1703 ἐφικτὸν
1161 1669 1206 1696 τὸν
1229 1668 1313 1700 Θεὸν,
1330 1668 1374 1697 ὅτι
1392 1667 1462 1704 ὑπὲρ
1477 1666 1565 1696 πάντα
1590 1665 1650 1694 ἐστὶ
1675 1665 1710 1693 τά
1734 1673 1816 1700 γινω-

188 1712 293 1740 tissime
313 1714 447 1748 residens,
463 1722 496 1742 eo
512 1714 621 1749 quidem
644 1716 778 1742 astruitur
799 1714 875 1741 nullo
896 1718 977 1750 pacto
1027 1714 1159 1750 σκόμενα.

187 1758 252 1786 Iciri
272 1766 368 1794 posse,
396 1759 470 1796 quod
495 1765 612 1788 mentem
636 1764 758 1787 creatam
780 1760 973 1788 transcendere
994 1760 1171 1796 intelligatur.
1186 1759 1294 1789 Rursus
1311 1768 1367 1796 qua
1391 1759 1528 1788 universis
1542 1765 1602 1797 qua
1623 1761 1698 1789 sunt,
1717 1765 1816 1793 super-

187 1804 300 1837 eminet,
323 1805 388 1833 hinc
418 1813 479 1833 esse
501 1806 612 1833 omnino
633 1809 758 1842 negatur.
779 1805 929 1833 Commune
960 1807 1092 1842 siquidem
1122 1807 1205 1835 rebus
1219 1806 1320 1835 creatis
1343 1810 1395 1838 est,
1411 1810 1438 1834 et
1466 1805 1499 1833 iis
1515 1812 1575 1840 quae
1597 1805 1632 1832 ad
1653 1804 1814 1832 substantia:

187 1852 363 1888 participium
387 1860 531 1886 venerunt,
549 1857 578 1881 ut
597 1854 669 1888 sint;
685 1853 758 1882 Deus
783 1858 873 1881 autem
890 1862 999 1882 omnem
1022 1856 1162 1884 conditam
1173 1855 1321 1884 essentiam
1343 1855 1528 1888 transcendit;
1541 1857 1683 1890 propterea
1697 1856 1739 1879 est
1750 1851 1814 1886 qui-

188 1900 250 1927 dem
264 1899 346 1930 Deus,
359 1899 406 1926 sed
422 1900 639 1928 eminentissimo
654 1907 754 1935 genere
769 1900 906 1926 essentiam
933 1899 998 1928 Ilaec
1027 1909 1092 1929 sane
1112 1901 1247 1937 ignoratio
1265 1902 1346 1936 juxta
1368 1901 1584 1937 praestantiorem
1606 1899 1810 1934 acccptiouem,

187 1945 270 1982 246
291 1945 366 1972 omni
380 1952 413 1972 ex
435 1951 511 1980 parte
533 1945 659 1972 absoluta
673 1949 700 1972 et
716 1945 838 1980 perfecta
863 1945 973 1973 dicitur.
997 1945 1104 1979 Quanto
1133 1948 1208 1975 enim
1223 1948 1378 1975 sustollitnr
1405 1947 1467 1982 quis
1483 1945 1517 1973 ad
1538 1945 1586 1972 Dei
1603 1943 1814 1979 contemplatio-

187 1999 261 2023 nem,
277 1995 353 2018 tanto
376 1992 489 2026 propius
514 1991 537 2019 is
553 1992 675 2019 occurrit
697 1991 743 2019 isti
768 1992 1000 2027 praestantissimae
1023 1993 1199 2028 ignorationi.
1226 1993 1254 2021 Si
1280 1994 1390 2029 quidem
1414 1993 1478 2020 talis
1501 1992 1634 2028 ignoratio
1653 1991 1813 2025 neutiquam

187 2036 305 2074 privatio
330 2037 494 2072 cognitionis
522 2041 574 2069 est,
596 2037 683 2072 magis
710 2044 773 2064 vero
797 2037 918 2072 cognitio
939 2041 981 2065 est
1010 2038 1192 2073 praecellentis
1220 2038 1365 2073 cujusdam
1392 2038 1594 2074 prmrogativae,
1615 2036 1703 2072 ipsum
1727 2035 1812 2063 Deum

187 2083 335 2120 (quatenus
358 2083 454 2120 attingi
483 2084 581 2120 potest)
613 2084 830 2119 apprehendens,
858 2093 911 2120 qua
927 2085 1053 2122 intelligit
1070 2086 1158 2122 ipsum
1174 2086 1282 2113 cunctis
1299 2085 1430 2117 eminere,
1449 2091 1509 2120 quae
1525 2085 1553 2111 in
1564 2083 1746 2120 cognitionem
1762 2089 1812 2109 ca-

186 2132 266 2160 dunt.

426 2175 460 2203 IN
480 2175 672 2205 EPISTOLAM
694 2177 726 2205 II.

221 2223 255 2251 Et
268 2223 326 2251 haec
342 2223 436 2251 multis
451 2223 518 2251 adeo
534 2223 601 2251 locis
611 2243 619 2256 ,
639 2224 804 2252 excellenter
818 2223 926 2260 quidem
944 2223 973 2251 in

1209 2178 1264 2205 ΕΙΣ
1283 2177 1354 2204 THN
1372 2176 1568 2204 ΕΠΙΣΤΟΛΗΝ
1585 2176 1622 2203 B’.

1061 2224 1154 2251 Ταῦτα
1167 2225 1297 2256 πολλάκις
1315 2224 1364 2260 μὲν
1380 2224 1409 2250 ὲν
1420 2222 1459 2258 τῷ
1473 2223 1541 2257 Περὶ
1558 2223 1644 2249 θείων
1661 2220 1815 2257 ὀνομάτων

185 2277 266 2306 opere
283 2270 442 2300 Divinorum
460 2270 602 2297 nominum
619 2276 764 2298 exsecutus
781 2274 833 2303 est,
849 2270 971 2298 omnium

1026 2271 1096 2307 λόγῳ
1109 2271 1243 2307 διαφόρως
1256 2268 1331 2297 εἶπεν
1340 2288 1347 2301 ,
1358 2269 1504 2304 ἐξαιρέτως
1517 2268 1545 2295 δὲ
1559 2267 1628 2295 αὐτὰ
1641 2268 1814 2303 ἡρμήνευσεν

186 2316 304 2343 maxime
329 2316 387 2351 ipsa
412 2315 469 2343 haec
495 2316 690 2351 interpretatus
713 2316 801 2351 capite
828 2316 972 2344 undecimo

187 2362 239 2389 sub
255 2361 334 2388 linem
347 2362 441 2389 dicens
455 2371 462 2388 :
483 2361 607 2394 Quonam
623 2365 719 2398 pacto,
733 2363 778 2398 qui
793 2363 914 2390 omnium
929 2367 972 2390 est

186 2411 292 2437 amtor,
311 2407 365 2434 imo
383 2407 441 2442 ipsa
462 2407 589 2441 bonitas,
613 2407 672 2443 ipsa
691 2408 797 2441 deitas,
825 2408 895 2436 idem
911 2416 973 2436 esse

186 2453 273 2489 possit
303 2452 454 2480 subsistens
478 2460 561 2480 causa
587 2453 718 2481 bonitatis
746 2458 827 2489 atque
851 2454 971 2487 deitatis,

186 2506 249 2525 cum
269 2498 311 2526 his
335 2498 416 2525 etiam
441 2500 633 2534 praeenineat?
659 2499 777 2528 Proinde
802 2500 920 2528 arbitror
943 2501 972 2528 in

186 2544 260 2571 hunc
296 2544 406 2571 modum
434 2545 486 2580 legi
509 2545 632 2572 debere:
659 2545 786 2581 Rogasne
812 2547 859 2581 qui
886 2546 914 2573 ﬁt
941 2550 972 2573 ut

186 2589 259 2618 Deus
277 2597 359 2625 supra
376 2590 538 2626 principium
555 2593 673 2620 emineat
687 2597 714 2620 et
725 2593 833 2620 deitatis
845 2596 872 2620 et
891 2593 970 2620 boni-

186 2636 271 2664 tatis?
293 2635 356 2663 Mox
378 2637 529 2664 sciscitanti
553 2637 867 2674 respondetISiquidem
889 2638 970 2665 intel-

185 2682 253 2717 liges
267 2683 394 2711 deitatem
419 2683 553 2719 ejusmodi
569 2685 670 2711 donum
697 2692 770 2716 esse,
794 2685 866 2720 quod
887 2693 901 2712 a
916 2684 972 2712 Deo

185 2728 214 2756 in
232 2738 281 2757 nos
296 2730 444 2762 derivatur,
458 2737 512 2765 quo
521 2729 619 2757 divinae
639 2730 827 2764 quadautenus
841 2731 972 2758 ellicimur

184 2781 327 2804 consortes
354 2781 473 2811 naturae;
498 2784 548 2804 nec
568 2781 656 2804 tamen
674 2777 699 2804 id
716 2777 787 2812 quod
818 2778 875 2813 ipse
899 2777 970 2805 Deus

184 2826 241 2854 est,
260 2824 442 2859 :-sscquimur.
465 2823 526 2852 llaec
551 2823 573 2851 si
597 2824 760 2860 expendet-is
776 2828 879 2858 tecum,
896 2832 970 2860 qum-

254 2910 332 2939 Joan.
352 2920 368 2943 ι,
386 2913 426 2940 I8.

1025 2319 1053 2345 ὲν
1077 2317 1116 2352 τῷ
1139 2317 1271 2352 ἑνδεκάτῳ
1300 2315 1437 2350 κεφαλαίῳ
1452 2314 1505 2349 (l0)
1529 2314 1592 2350 περὶ
1614 2313 1644 2340 τὺ
1667 2313 1742 2345 τέλος
1766 2313 1813 2340 λέ-

1024 2373 1080 2400 γων
1104 2363 1177 2400 (11)’
1189 2362 1252 2394 Πῶς
1277 2362 1291 2388 ὁ
1308 2362 1416 2388 πάντων
1435 2361 1520 2392 αἴτιος
1541 2360 1588 2387 καὶ
1611 2359 1746 2395 ἀγαθά-της
1764 2360 1813 2386 καὶ

1025 2411 1129 2446 θεότης,
1149 2409 1303 2445 ὑποστάτης
1318 2408 1376 2434 ἐστὶ
1391 2408 1437 2434 καὶ
1460 2407 1624 2442 ἀγαθότητος
1646 2407 1693 2434 καὶ
1717 2407 1811 2443 θεότηη

1024 2466 1070 2489 τος
1085 2457 1151 2493 (12),
1172 2456 1218 2483 καὶ
1237 2455 1307 2491 ὑπὲρ
1331 2454 1417 2482 ταῦτά
1444 2455 1535 2486 ὲστιν;
1551 2452 1629 2480 Οὒτω
1642 2453 1670 2479 δὲ
1689 2453 1812 2487 ἀναγνω-

1025 2502 1116 2529 στέον·
1140 2501 1269 2537 Ἐρωτᾷς,
1287 2499 1345 2531 πῶς
1368 2501 1382 2526 ὁ
1404 2498 1470 2531 Θεὸς
1488 2499 1558 2534 ὑπὲρ
1576 2498 1703 2534 Θεότητος
1724 2497 1812 2534 ἀρχὴν

1024 2549 1069 2577 καὶ
1084 2548 1154 2584 ὑπὲρ
1171 2548 1336 2583 ἀγαθότητος
1352 2547 1439 2583 ἀρχήν
1449 2547 1538 2579 ὲστιν;
1556 2543 1622 2572 Εἶτα
1635 2545 1811 2581 ἀποκρίνεται

1023 2596 1068 2622 καί
1096 2603 1192 2630 φησιν’
1217 2595 1248 2621 Et
1269 2596 1374 2630 νοήσεις
1395 2594 1466 2628 ὅτιή
1489 2592 1584 2627 θεότης
1609 2591 1674 2618 αὐτὸ
1692 2591 1723 2617 ὲκ
1742 2590 1810 2616 Θεοῦ

1023 2642 1107 2678 δῶρόν
1121 2643 1177 2668 ἐστι
1190 2641 1256 2667 καθὸ
1268 2639 1411 2676 Θεούμεθα,
1428 2639 1459 2666 οὐ
1472 2638 1524 2675 μὴν
1538 2637 1619 2669 αὐτὸς
1633 2638 1647 2664 ὁ
1661 2636 1726 2668 Θεὸς
1740 2636 1809 2672 (I5),

1024 2688 1092 2720 ἕξεις
1105 2687 1135 2713 τὸ
1159 2686 1333 2722 ζητούμενον.
1356 2686 1393 2713 Οὐ
1415 2685 1469 2720 γὰρ
1489 2684 1573 2718 αὐτήν
1596 2691 1663 2719 φησι
1682 2683 1730 2718 τὴν
1750 2682 1810 2708 κατ’

1022 2734 1115 2760 οὐσίαν
1130 2732 1242 2769 θεότητα
1264 2732 1310 2759 καὶ
1328 2731 1493 2765 ἀγαθὸτητα,
1506 2730 1520 2756 ὅ
1541 2730 1569 2756 τί
1589 2728 1654 2754 παντέ
1678 2729 1746 2760 ἐστι,
1765 2726 1810 2754 λέ-

1022 2778 1138 2814 γω(14),
1153 2778 1221 2805 ἀλλὰ
1242 2777 1290 2813 τὴν
1313 2775 1473 2811 ἀγαθοποιὸν
1496 2774 1543 2804 καὶ
1560 2772 1680 2800 θεοποιὸν
1704 2771 1810 2808 δωρεὰν

1022 2824 1068 2852 τοῦ
1083 2824 1150 2852 Θεοῦ
1171 2823 1217 2852 τοῦ
1231 2823 1314 2855 ὅντως
1329 2822 1375 2850 καὶ
1396 2820 1498 2856 ἀγαθοῦ
1529 2819 1608 2847 τοῦτο
1631 2818 1685 2856 γὰρ
1702 2819 1719 2856 ἡ
1736 2819 1809 2855 ἀρχὴ
