1940 3064
101 191 147 219 ιιι
470 186 700 216 ΡΑΕΗῩΜΕΒᾸΕ
720 187 881 216 PARAPHR

934 188 964 216 IS
982 187 1014 215 IN
1035 188 1109 217 EPP.
1132 188 1160 216 S.
1181 187 1342 217 DIONYSII.

1678 192 1726 220 με

97 248 144 275 καὶ
157 245 230 273 αἰτία
248 245 295 272 τοῦ
312 244 454 277 θεοῦσθαι,
469 242 515 271 καὶ
536 243 729 278 ἀγαθύνεσθαι·
751 244 798 272 καὶ
817 245 881 271 κατὰ

941 244 1039 273 stionis
1053 245 1103 273 abs
1119 249 1146 273 te
1163 248 1310 282 proposita:
1326 247 1462 275 obtinebis
1479 246 1653 274 solutionem.
1674 247 1726 276 Ne-

97 292 191 319 τοῦτον
208 291 254 318 τὸν
267 291 367 327 τρόπον
382 291 448 326 φησι
465 289 591 324 λέγεσθαι
605 289 676 325 ὑπὲρ
696 289 824 325 θεαρχίαν
838 291 885 317 καὶ

98 339 167 374 ὑπὲρ
181 337 359 373 ἀγαθαρχίαν,
374 337 423 372 τὴν
443 336 514 363 οὕτω
533 335 632 371 δηλαδὴ
649 336 796 372 νοουμένην
817 336 884 372 (15).

96 385 129 411 Et
142 383 206 418 γοῦν
221 383 250 410 τὸ
267 383 299 410 ὲκ
311 383 378 410 Θεοῦ
393 382 476 418 δῶρον
490 382 560 418 ἀρχὴ
580 382 684 416 γίνεται
696 382 744 410 τοῦ
760 382 886 411 θεοῦσθαι

97 432 171 467 ἡμᾶς
184 429 313 466 δηλονότι,
331 430 421 464 πάσης
435 429 522 465 ἀρχῆς
535 428 621 460 αἴτιος
633 428 681 454 καὶ
694 428 766 465 ἀρχὴ
780 429 795 455 ὁ
808 429 884 461 Θεός·

95 477 167 504 οὕτω
182 477 210 503 δὲ
223 476 270 503 καὶ
291 476 341 511 τῆς
355 475 503 511 λεγομένης
517 474 642 510 θεότητος
657 475 785 502 ἐπέκεινά
800 476 884 503 ὲστιν.

102 524 131 551 '0
147 524 196 558 μὲν
217 522 271 558 γὰρ
286 522 352 554 Θεδς
366 522 396 549 οὐ
414 521 485 549 κατὰ
495 521 602 556 σχέσιν,
624 521 662 552 ὡς
675 522 765 557 ἡμεῖς,
787 522 885 548 κτᾶται

95 569 126 596 τὸ
140 568 250 603 ἀγαθὸν,
265 568 322 595 ἀλλ’
336 568 457 603 ἀσχέτως
473 567 528 603 ἔχει
537 567 604 604 (16)’
613 567 658 594 καὶ
670 567 701 594 οὐ
715 567 787 594 κατὰ
805 576 886 603 μετο-

95 617 145 651 χήν
154 624 162 632 ’
175 617 256 652 ἡμεῖς
269 615 298 642 δὲ
320 614 450 650 σχετικῶς
459 623 466 630 θ
483 615 562 650 ἡμεῖς
575 614 629 650 γὰρ
641 614 768 650 τρεπτοὶ,
783 615 886 647 ἐκεῖνος

94 662 122 689 δὲ
143 662 285 698 ἄτρεπτος.
304 662 454 698 Ἀμίμητον
472 661 501 688 δὲ
523 660 635 697 μίμημά
659 669 725 697 φησι
746 661 794 688 τοῦ
816 661 884 688 Θεοῦ

93 709 144 744 τὴν
158 707 238 744 ήμῶν
258 708 295 740 ὡς
311 707 420 743 ὲφικτδν
439 707 545 734 θέωσιν.
567 707 643 734 Ἐπεὶ
669 706 723 743 γὰρ
738 707 768 734 οὐ
794 707 886 740 καλῶς

94 755 238 791 θεούμεθα,
250 755 274 782 εί
289 755 326 792 μὴ
340 755 369 781 ὲν
383 754 421 790 τῷ
435 753 576 790 μιμεῖσθαι
593 754 624 780 τὺ
643 753 735 788 Θετον,
749 753 794 780 διὰ
806 754 884 781 τοῦτο

96 801 206 837 μίμημα
220 800 329 836 λέγεται
342 800 412 836 (ιηι
435 800 497 828 ἐπεὶ
510 800 539 827 δὲ
552 800 602 827 οὐκ
616 800 801 837 ὲφικνούμεθα
815 801 884 838 πρὸς

92 847 124 875 τδ
140 847 302 883 ἀρχέτυπον,
319 846 373 874 οὐδ’
388 844 523 879 ὁπωσοῦν,
539 846 676 882 ἀμίμητον
691 846 814 882 λέγεται·
829 847 884 874 τοί-

93 902 141 920 νυν
156 893 202 920 καὶ
217 892 332 927 μίμησις
348 891 397 928 μὲν
411 891 457 919 καὶ
470 892 561 928 σχέσις
574 892 734 925 δστὶν,αὐτὰ
750 892 786 920 τὰ
812 894 883 930 πρά-

936 299 990 326 que
1014 292 1088 320 enim
1104 292 1192 327 ipsam
1212 293 1340 322 deitatem
1359 298 1441 328 atque
1460 293 1609 320 bonitatem
1627 293 1672 321 hic
1686 295 1728 321 in-

937 337 1020 373 telligi
1043 337 1144 366 debere
1170 339 1308 374 signiﬁcat
1324 339 1475 367 secundum
1503 339 1611 367 deitatis
1633 348 1728 368 essen-

936 384 1012 416 tiam,
1029 384 1141 412 etiamsi
1164 385 1265 412 alicubi
1283 386 1360 413 visus
1379 386 1414 413 sit
1434 386 1460 412 id
1477 385 1596 413 voluisse
1614 385 1727 421 dicere;

936 430 984 457 sed
1002 431 1159 457 munilicam
1185 431 1302 466 gratiam
1323 431 1444 459 insinuat
1462 439 1513 459 nos
1529 431 1623 466 utique
1641 432 1728 461 bonos

936 477 1018 504 simul
1029 480 1057 505 et
1071 477 1137 505 deos
1152 478 1456 512 constituenteln,ejus,
1470 477 1727 513 inquam,gratiam,

935 523 983 557 qui
998 530 1061 551 vere
1076 522 1148 551 Deus
1162 531 1280 558 vereque
1293 527 1336 551 est
1350 523 1449 551 bonus.
1462 522 1520 551 Hoc
1535 524 1608 551 enim
1625 524 1727 552 donum

935 574 962 597 et
975 570 1052 605 origo
1063 573 1143 598 estet
1153 577 1248 602 causa,
1265 570 1367 605 quibus
1387 569 1425 597 dii
1440 569 1573 597 eﬂicimur
1589 571 1691 605 pariter
1700 575 1728 598 et

936 616 1013 648 boni,
1028 620 1055 643 et
1076 616 1155 651 juxta
1176 616 1248 643 hanc
1268 616 1403 643 rationem
1419 616 1457 643 ait
1468 615 1522 643 dici
1546 624 1629 652 supra
1649 617 1727 652 prin-

935 662 1037 697 cipium
1057 662 1228 694 divinitatis,
1244 666 1272 690 et
1295 669 1379 697 supra
1400 662 1565 697 principium
1581 662 1726 696 bonitatis,

935 708 988 736 ista
1007 708 1112 736 scilicet
1126 709 1232 736 ratione
1251 712 1401 744 conceptae.
1423 708 1452 736 Si
1469 709 1553 744 igitur
1565 709 1618 736 hoc
1636 717 1652 735 a
1673 709 1728 738 Deo

935 762 1102 790 promanans
1124 754 1226 782 donum
1248 754 1412 790 principium
1431 758 1475 782 est
1497 758 1597 782 nostrae
1616 755 1728 783 deiﬁca-

934 801 1028 834 tionis,
1050 801 1183 828 nimirum
1206 806 1302 828 auctor
1321 801 1394 829 idem
1415 804 1459 829 est
1479 801 1565 828 totius
1586 801 1725 836 principii,

933 846 989 875 imo
1004 847 1169 882 principium
1196 847 1255 881 ipse
1271 847 1361 882 Deus;
1377 851 1460 883 atque
1485 848 1522 874 ita
1546 847 1602 882 jam
1623 847 1726 876 dictam

934 893 1066 921 deitatem
1080 893 1216 921 asseritur
1231 893 1438 922 transcendere.
1453 893 1547 929 Neque
1563 894 1635 922 enim
1654 893 1727 922 Deus

92 947 206 975 γματα,
225 939 242 974 ἠ
268 939 364 974 θεότης
384 939 431 966 καὶ
447 939 464 974 ἡ
488 938 624 975 ἀγαθότης
638 938 710 975 (18)·
728 939 881 976 μετέχοντες

937 939 995 976 ipse
1009 939 1137 967 eximiam
1151 939 1226 967 illam
1241 939 1404 972 bonitatem,
1418 940 1648 975 quemadmodum
1663 947 1726 972 nos,

91 986 120 1013 δὲ
133 986 179 1013 καὶ
196 985 358 1022 μιμούμενοι
369 986 393 1012 ot
407 985 526 1020 ἄγγελοι,
539 985 651 1012 καὶτῶν
664 985 814 1022 ἀνθρώπων
826 987 880 1023 (I9)

91 1033 156 1069 περὶ
172 1032 218 1065 οὓς
230 1031 317 1060 ταῦτα
335 1031 461 1068 ὁρῶνται.
477 1031 513 1058 Τὸ
525 1031 553 1059 δὲ
575 1031 651 1059 Θεῖον
665 1031 722 1068 (9.0)
745 1033 882 1069 ἀμίμητον

91 1079 150 1106 ἐστι
176 1079 223 1105 καὶ
251 1077 365 1113 ἄσχετον
380 1077 452 1114 (21)·
481 1077 523 1105 ὅτι
550 1078 605 1114 ὅσῳ
622 1086 665 1110 τις
683 1078 752 1114 πρὸς
769 1079 883 1116 μίμησιν

91 1125 138 1151 καὶ
154 1124 245 1160 σχέσιν
267 1124 335 1151 Θεοῦ
351 1124 500 1160 προκόπτει
513 1124 580 1160 (22),
602 1124 721 1160 τοσούτῳ
741 1126 883 1161 καταλαμ-

91 1170 202 1198 ϐάνεται
212 1170 242 1197 τὸ
252 1170 395 1204 ἀνέφικτον
409 1169 459 1205 τῆς
475 1170 616 1206 μιμήσεως
631 1170 678 1198 καὶ
690 1171 739 1206 τῆς
753 1172 882 1206 σχέσεως.

97 1216 245 1252 Ὑπερέχον
269 1215 411 1252 τοιγαροῦν
436 1216 468 1243 τὸ
492 1216 568 1244 Θεῖον
590 1217 644 1244 τῶν
669 1218 812 1254 μιμήσεων
834 1219 881 1245 καὶ

90 1261 145 1289 τῶν
160 1262 288 1297 σχέσεων,
307 1262 427 1298 δηλονότι
450 1261 502 1298 τῆς
518 1262 644 1298 θεότητος
667 1263 714 1290 καὶ
737 1264 788 1299 τῆς
811 1264 879 1298 ἀγα-

90 1307 216 1343 θότητοςυ
229 1307 297 1334 ἀλλὰ
310 1307 356 1334 καὶ
371 1307 459 1334 αὐτῶν
477 1307 532 1334 τῶν
551 1308 724 1343 μιμουμένων
739 1308 786 1335 καὶ
802 1317 881 1344 μετε-

89 1353 202 1390 χόντων,
222 1353 344 1380 τουτέστι
358 1352 413 1379 τῶν
427 1352 498 1380 κατά
520 1353 600 1389 χάριν
619 1353 688 1380 θεῶν
702 1362 732 1380 τε
754 1353 801 1381 καὶ
815 1355 883 1388 ἀγα-

89 1398 269 1432 θῶν,είκάτως
277 1398 333 1434 (25)
341 1399 392 1426 me
395 1407 411 1435 ρ
417 1399 466 1434 τὴν
472 1399 599 1435 Θεαρχίαν
606 1400 652 1427 καὶ
658 1399 706 1435 τὴν
713 1399 881 1436 ἀγαθαρχίαν

87 1446 172 1473 ἐστίν.

934 986 1086 1014 secundum
1101 986 1289 1014 habitudinem
1307 987 1361 1014 sibi
1376 986 1519 1019 vindicat,
1537 987 1584 1015 sed
1599 987 1660 1015 sine
1677 987 1727 1014 ha-

934 1032 1058 1060 bitudine
1081 1040 1131 1060 seu
1150 1032 1284 1067 qualitate
1309 1033 1401 1066 habet,
1427 1040 1478 1060 nec
1494 1033 1558 1068 jure
1575 1033 1727 1068 participii;

934 1086 986 1107 nos
997 1082 1105 1110 contra,
1118 1078 1197 1114 juxta
1211 1078 1400 1107 habitudinem
1412 1098 1420 1110 ,
1437 1079 1572 1114 siquidem
1587 1078 1730 1106 vertibiles

934 1131 1041 1157 sumus,
1055 1125 1102 1152 ille
1121 1125 1191 1152 nulli
1214 1124 1352 1153 obnoxius
1369 1125 1478 1153 vicaria:
1498 1125 1654 1152 mutationi.
1672 1124 1728 1152 Ini‘

933 1171 1084 1199 mitabilem
1105 1172 1227 1199 insinuat
1242 1171 1291 1200 Dei
1303 1171 1497 1204 imitationem,
1512 1175 1636 1199 nostram
1652 1171 1728 1206 ipso-

933 1224 996 1244 rum
1009 1224 1071 1245 esse
1088 1216 1299 1250 deiﬁcationem,
1312 1220 1450 1252 quatenus
1469 1225 1530 1245 eam
1552 1217 1663 1252 assequi
1678 1217 1728 1244 da-

935 1268 989 1296 tur,
1007 1263 1230 1298 quandoquidem
1253 1263 1325 1291 enim
1347 1271 1403 1290 non
1426 1263 1495 1291 bene
1510 1263 1547 1290 dii
1563 1262 1726 1295 efﬁciamur,

934 1310 990 1338 nisi
1011 1318 1113 1338 numen
1127 1310 1252 1337 divinum
1275 1310 1419 1342 imitando,
1437 1310 1498 1338 ideo
1516 1310 1596 1346 ΞΗ]
1611 1309 1729 1337 imitatio

934 1356 1046 1384 dicitur.
1066 1355 1134 1384 Cum
1154 1361 1243 1384 autem
1256 1356 1290 1383 ad
1308 1356 1470 1391 primarium
1490 1356 1558 1384 illud
1573 1355 1728 1384 divinitatis

934 1402 1074 1437 exemplar
1083 1410 1118 1429 ne
1129 1402 1184 1429 ulla
1197 1402 1307 1437 quidem
1323 1410 1355 1430 ex
1371 1406 1447 1437 parte
1461 1402 1653 1438 pertingimus,
1664 1402 1731 1437 jum

934 1447 1015 1475 nobis
1029 1448 1201 1477 inimitabilis
1223 1448 1367 1476 astruitur.
1389 1448 1457 1484 Ipsm
1476 1448 1559 1484 igitur
1578 1456 1623 1476 res
1638 1448 1729 1476 deitas

87 1497 116 1521 et
141 1493 250 1521 bonitas
265 1491 401 1528 (nostrae)
428 1494 493 1520 sunt
521 1491 638 1520 imitatio
664 1496 691 1520 et
713 1492 824 1522 habitus
848 1501 897 1522 seu
926 1495 1033 1530 gratia,
1062 1496 1137 1522 circa
1164 1502 1235 1530 quos
1260 1495 1327 1522 talia
1351 1495 1583 1531 conspiciuntur;
1610 1496 1727 1530 panici-

87 1544 187 1576 pantes
200 1548 265 1568 vero
279 1543 305 1568 et
317 1540 456 1567 imitantes
469 1539 569 1575 angeli,
581 1543 608 1567 et
620 1539 639 1567 ii
651 1539 792 1568 hominum
810 1541 885 1569 circa
902 1550 973 1576 quos
999 1542 1065 1569 talia
1095 1542 1326 1577 conspiciuntur;
1349 1541 1442 1570 divina
1463 1549 1528 1569 vero
1559 1545 1658 1569 natura
1680 1546 1724 1569 est

87 1587 260 1615 inimitabilis
274 1591 301 1614 et
321 1587 460 1615 habilibus
483 1594 593 1615 carens.
609 1586 680 1614 Nam
697 1592 800 1623 quanto
817 1589 880 1624 quis
903 1589 938 1617 ad
966 1589 1186 1625 qualemcunque
1211 1589 1405 1621 imitationem,
1429 1593 1511 1624 atque
1530 1589 1563 1616 ad
1588 1588 1723 1624 (efﬁctam

87 1634 157 1670 Dei)
183 1633 341 1668 qualitatem
372 1634 563 1668 promoverit:
589 1637 668 1661 tanto
690 1634 825 1669 intelliget
851 1635 876 1663 is
891 1635 983 1663 verius
1009 1635 1086 1663 nulla
1108 1635 1151 1663 vel
1170 1635 1324 1663 imitatione
1337 1635 1380 1662 vel
1398 1635 1575 1667 habitudine,
1597 1635 1720 1663 numinis

86 1681 261 1716 maiestatem
275 1680 370 1715 attingi
397 1687 488 1715 posse.
504 1679 583 1707 Unde
601 1679 641 1713 fit,
667 1683 698 1708 ut
717 1681 903 1709 omnimodam
932 1681 1113 1709 imitationem
1140 1686 1223 1716 atque
1246 1681 1492 1717 apprehensionem
1527 1688 1628 1708 numen
1658 1680 1726 1708 illud

86 1725 170 1765 longe
193 1730 355 1763 exsuperet,
379 1734 430 1754 sua
458 1727 590 1754 nimirum
613 1727 715 1756 deitate
748 1729 830 1756 simul
856 1732 884 1756 et
899 1729 1022 1757 bonitate
1046 1738 1052 1756 :
1071 1728 1127 1756 imo
1152 1735 1249 1756 omnes
1263 1728 1387 1755 omnium
1411 1727 1578 1755 imitantium
1608 1727 1725 1763 partici-

85 1776 268 1812 pantiumque
279 1777 350 1804 vires
365 1778 394 1805 in
419 1778 583 1805 immensum
603 1778 792 1812 transcendit;
819 1785 915 1806 eorum
932 1777 1076 1810 videlicet,
1104 1777 1152 1813 qui
1173 1777 1294 1813 gratuito
1315 1776 1364 1804 Dei
1387 1783 1500 1804 munere
1522 1776 1577 1809 dii,
1605 1777 1726 1813 bonique

86 1822 272 1858 appellantur.
283 1823 348 1852 Jure
367 1825 451 1860 igitur
472 1832 557 1860 supra
570 1824 680 1852 deitatis
706 1828 735 1852 et
750 1825 881 1853 bonitatis
902 1825 1070 1861 principium
1085 1829 1138 1854 est.

272 1881 327 1908 ΕΙΣ
345 1882 417 1908 ΤΗΝ
438 1882 637 1909 ΕΠΙΣΤΟΛΗΝ
656 1882 693 1909 Γ.

120 1937 180 1974 Τὴν
207 1937 254 1965 τοῦ
282 1939 421 1974 προφήτου
446 1939 587 1975 Μαλαχίου
609 1939 688 1976 ῥῆσιν
717 1939 746 1966 ἐν
776 1938 881 1971 τούτοις

88 1983 216 2020 βούλεται
229 1984 343 2018 διδάξαι,
360 1985 498 2020 λέγοντος·
515 1985 678 2021 Ἐξαίφνης
690 1986 756 2020 ἥξει
771 1988 814 2020 είς
829 1986 882 2014 τὸν

89 2030 195 2066 καιρὸν
217 2031 311 2059 αὑτοῦ
331 2032 450 2067 Κύριος,
472 2031 509 2060 ὃν
532 2032 617 2067 ὑμεῖς
643 2031 767 2067 ζητεῖτε’
793 2033 843 2060 καὶ
864 2034 882 2060 ό

87 2077 218 2113 ἅγγελος
247 2076 302 2112 τῆς
335 2078 501 2112 διαθήκης,
532 2078 568 2106 ὃν
595 2078 681 2114 ὑμεῖς
704 2078 879 2106 ἑπιποθεῖτε.

88 2121 175 2160 Οἶμαι
190 2124 218 2150 δὲ
233 2123 263 2150 τὸ
279 2124 361 2160 ῥητὸν
375 2124 454 2153 τοῦτο
471 2124 548 2161 παρά
568 2125 642 2161 Γαΐῳ
663 2125 828 2161 ἐρωτᾶσθαι,
850 2125 881 2152 τὺ

87 2170 154 2206 γοῦν
167 2170 233 2206 παρ’
251 2171 346 2198 ἐλπίδα
356 2191 364 2203 ,
381 2171 429 2198 καὶ
447 2171 495 2198 τοῦ
510 2171 580 2203 τέως
593 2171 713 2207 ἀφανοῦς
731 2172 771 2203 είς
784 2171 816 2198 τὸ
830 2172 881 2207 ὲμ-

88 2217 172 2252 φανὲς
187 2216 357 2253 ἐξαγόμενον,
372 2217 517 2252 ἐξαίφνης
526 2218 610 2250 ἐστὶν,
619 2218 657 2250 ὡς
667 2218 707 2250 τὸ,
722 2217 881 2253 Ἑξαιφνης

87 2264 214 2300 γέγονεν
227 2264 246 2298 ἠ
259 2263 407 2298 ἀστραπή.
419 2265 518 2292 Λοιπὸν
531 2265 578 2291 καὶ
588 2265 634 2291 ἐπὶ
645 2264 695 2300 τῆς
707 2263 881 2300 ὲνανθρωπή-

87 2317 159 2342 σεως
175 2309 222 2336 τοῦ
235 2309 302 2336 Θεοῦ
314 2310 412 2344 Λόγου,
426 2310 458 2347 ἣν
472 2311 504 2346 δὴ
519 2311 566 2338 καὶ
575 2310 780 2347 φιλανθρωπίαν
792 2310 879 2342 καλεῖ,

85 2356 168 2383 τοῦτο
177 2356 252 2391 δηλοῖ
264 2356 296 2383 τὸ
308 2356 464 2391 ἐξαίφνης.
480 2357 512 2384 Τί
523 2357 577 2394 γὰρ
593 2357 776 2393 ἀφανέστερον
793 2355 878 2389 Θεοῦ;

86 2402 118 2429 τὸ
131 2402 199 2438 γοῦν
221 2403 255 2429 ἐκ
270 2402 322 2430 τοῦ
336 2403 463 2438 κρυφίου
476 2404 526 2439 τῆς
544 2404 669 2440 Θεότητος
699 2412 707 2419 ·
722 2403 753 2430 τὸ
767 2402 881 2440 κρύφιος

87 2449 142 2485 γὰρ
169 2447 298 2481 πολλάκις
318 2450 379 2476 ἀντὶ
395 2449 442 2476 τοῦ
461 2450 527 2482 Θεὸς
552 2450 647 2486 εῑληφε
661 2459 668 2466 ·
695 2450 880 2486 κρυφιότητα,

86 2496 136 2531 τὴν
159 2495 290 2531 Θεάτητα·
317 2495 432 2532 κρύφιος
448 2495 512 2530 γοῦν
540 2496 587 2523 καὶ
609 2496 725 2523 ἐνταῦθα
749 2496 809 2523 ἀντὶ
832 2495 880 2523 τοῦ

87 2541 170 2574 Θεὸς,
192 2542 231 2573 ὡς
249 2542 380 2578 ἀόρατος,
405 2542 512 2578 εἴρηται
531 2543 598 2578 (24).
620 2543 657 2570 Τὸ
670 2543 737 2578 γοῦν
763 2543 809 2569 ἐπὶ
833 2542 880 2570 τοῦ

1172 1880 1206 1908 IN
1225 1879 1421 1908 EPISTOLAM
1441 1879 1485 1907 III.

968 1939 1058 1967 Dictio
1081 1942 1203 1973 repente,
1217 1938 1285 1973 quid
1311 1937 1338 1964 in
1361 1937 1405 1964 his
1425 1937 1564 1964 Malacltiaa
1586 1936 1725 1972 prophetae

931 1987 1023 2015 verbis
1046 1985 1193 2021 signiﬁcet.
1209 1984 1308 2012 docere
1323 1984 1380 2011 vult
1399 1983 1499 2011 Pater:
1516 1983 1627 2018 Repente
1642 1984 1725 2010 veniet

931 2033 966 2060 ad
989 2031 1114 2067 templum
1135 2039 1213 2059 suum
1233 2030 1374 2062 Dominus,
1387 2038 1462 2065 quem
1483 2038 1526 2057 vos
1546 2030 1684 2065 quaeritis:
1700 2034 1726 2056 ct

932 2079 1040 2114 angelus
1059 2078 1219 2109 testamenti.
1240 2085 1316 2112 quem
1330 2084 1373 2103 vos
1386 2076 1543 2103 desideratis
1552 2081 1576 2103 υ.
1594 2075 1724 2110 Equidem

931 2126 1051 2153 arbitror
1066 2123 1229 2152 sententiam
1245 2123 1316 2150 hanc
1335 2122 1369 2149 ab
1384 2122 1444 2157 ipso
1459 2121 1526 2149 Caio
1547 2121 1573 2148 in
1593 2121 1725 2156 quaestio-

931 2179 993 2199 nem
1007 2171 1124 2206 primum
1141 2169 1271 2205 positam.
1294 2167 1438 2204 Ἐξαίφνης
1453 2167 1535 2203 igitur
1546 2175 1604 2194 rem
1621 2167 1725 2194 indicat

931 2218 1070 2253 insperato
1085 2216 1260 2246 emicantem,
1277 2218 1304 2241 et
1326 2214 1405 2249 quasi
1420 2221 1436 2241 e
1461 2213 1572 2253 latebris
1592 2213 1620 2239 in
1645 2220 1727 2247 aper-

930 2267 988 2291 tam
1007 2263 1096 2290 lucem
1110 2269 1173 2290 sese
1196 2261 1308 2296 inopine
1330 2263 1498 2295 repenteque
1518 2257 1723 2294 proferentem:

931 2314 961 2338 ut
976 2309 1043 2337 illud
1059 2312 1112 2342 est,
1125 2309 1255 2344 ἐξαίφνης
1271 2307 1406 2342 γέγονενή
1416 2306 1554 2342 ἀστραπή,
1570 2305 1597 2333 id
1612 2309 1664 2338 est,
1681 2313 1729 2333 re-.

931 2361 1012 2392 pente
1040 2355 1112 2383 facta
1128 2358 1170 2382 est
1198 2353 1365 2382 coruscatio.
1395 2352 1519 2388 Denique
1542 2352 1577 2380 de
1604 2351 1725 2379 humana

931 2410 1015 2431 carne
1039 2410 1054 2429 a
1075 2401 1131 2430 Deo
1146 2400 1235 2428 Verbo
1255 2403 1413 2435 assumpta,
1436 2407 1518 2434 quam
1543 2402 1623 2426 vocat
1644 2397 1726 2426 Pater

932 2449 1152 2484 φιλανθρωπίαν,
1166 2447 1218 2475 hoc
1234 2447 1384 2474 etiamnum
1400 2446 1504 2473 dictum
1518 2452 1580 2473 esse
1602 2444 1725 2473 declarat

931 2496 1025 2529 dictio,
1041 2495 1181 2530 ἐξαίφνης.
1204 2492 1272 2520 Nam
1297 2492 1380 2528 quid,
1404 2499 1516 2528 quaeso,
1541 2499 1657 2527 usquam
1683 2495 1726 2519 est

932 2541 988 2570 Deo
1003 2541 1159 2570 occultius?
1178 2539 1248 2567 Illud
1274 2540 1357 2575 igltur
1371 2539 1404 2566 ἐκ
1426 2538 1473 2565 τοῦ
1489 2538 1616 2574 κρυφίου,
1635 2537 1664 2564 id
1682 2540 1726 2565 est

88 2588 204 2624 κρυφίου
226 2589 276 2624 τῆς
303 2588 428 2623 Θεότητος
450 2589 495 2615 τὸν
521 2588 682 2625 ὐπεροὺσιον
705 2590 745 2621 είς
766 2589 796 2615 τὸ
817 2589 878 2616 καθ’

934 2597 964 2617 ex
980 2588 1088 2616 occulto
1102 2608 1110 2620 ,
1127 2586 1280 2615 divinitatis
1302 2585 1406 2613 indicat
1434 2592 1574 2612 arcanum.
1599 2583 1723 2620 Κρύφιος

87 2635 162 2670 ἡμᾶς
189 2634 354 2662 οὐσιωθέντα
370 2635 500 2670 φανῆναι·
518 2635 596 2662 τοῦτό
610 2636 668 2662 ἐστι
691 2636 722 2662 τδ
739 2635 877 2670 ἐξαίφνης.

89 2680 121 2707 Τί
139 2680 178 2713 δὲ,
194 2680 239 2707 διὰ
257 2680 354 2713 τοῦτο,
378 2681 418 2707 διὸ
433 2681 480 2707 καὶ
502 2680 692 2717 ἐξεφάνηοήδη
712 2681 743 2708 τὸ
767 2681 881 2716 κρύφιον

88 2725 257 2760 ἀπεϐάλετο;
278 2726 419 2762 οὐδαμῶς·
436 2726 503 2753 ἀλλὰ
520 2727 568 2754 καὶ
589 2727 658 2762 μετὰ
674 2727 723 2763 τὴν
744 2727 881 2763 σάρκωσιν

88 2772 202 2807 κρύφιός
221 2773 309 2800 ἐστιν·
330 2774 344 2800 ὁ
358 2773 413 2809 γὰρ
432 2773 535 2809 Ἰησοῦς
551 2773 666 2808 Χριστὸς
687 2773 752 2806 Θεὸς
768 2773 880 2805 τέλειος,

89 2819 136 2844 καὶ
151 2819 293 2855 ἄνθρωπος
314 2819 424 2851 τέλειος.
441 2820 496 2846 Καὶ
517 2821 567 2856 δρα
583 2819 653 2846 κατὰ
675 2819 879 2855 Νεστοριανῶν·

93 2864 191 2899 μᾶλλον
201 2866 239 2898 δὲ,
250 2866 293 2892 ἴνα
308 2866 337 2893 τὸ
358 2866 491 2902 θειότερον
512 2866 582 2893 εἴπω
592 2875 598 2882 ·
614 2866 692 2894 τοῦτο
707 2866 761 2902 γάρ
779 2867 836 2893 ἐστι
851 2865 880 2892 τὸ

127 2940 141 2955 ι
156 2935 217 2972 Mal.
234 2945 275 2970 nt,

932 2636 1015 2667 enim,
1029 2634 1156 2666 occultus,
1169 2633 1330 2669 plerumque-
1342 2631 1460 2660 sumitur
1470 2631 1544 2658 Patri
1554 2638 1604 2666 pro
1614 2629 1723 2657 nomine

933 2680 999 2712 Θεός
1011 2701 1019 2714 ,
1044 2680 1072 2708 id
1091 2683 1133 2708 est
1150 2679 1231 2713 Deus,
1245 2683 1273 2707 et
1293 2686 1342 2714 per
1369 2677 1538 2714 κρυφιὸτητα
1552 2676 1724 2704 divinitatem

932 2727 1019 2763 ipsam
1036 2728 1105 2755 solet
1118 2726 1284 2762 exprimere.
1298 2725 1392 2760 Itaque
1405 2724 1520 2760 κρύφιος
1537 2731 1587 2758 pro
1607 2722 1662 2750 Deo
1679 2723 1724 2750 hic

931 2773 1062 2808 ponitur:
1083 2772 1312 2808 quemadmodum
1322 2771 1448 2807 ἀόρατος,
1464 2766 1614 2800 invisibilis,
1631 2767 1724 2795 dictus

932 2824 984 2847 cst.
1009 2818 1062 2846 Sed
1085 2823 1112 2846 et
1135 2818 1219 2850 illud,
1240 2825 1273 2845 ex
1292 2817 1401 2844 occulto
1423 2815 1526 2843 scilicet
1550 2813 1721 2846 divinitatis.

933 2865 1006 2901 quod
1029 2864 1305 2900 mpmsubstantialis
1330 2863 1376 2891 illc
1396 2861 1468 2890 Deus
1490 2860 1670 2896 conspicuum
1691 2866 1727 2888 se
