1940 3064
225 177 278 205 ηδ
595 178 766 207 APPENDIX
785 179 832 206 AD
851 179 964 207 OPERA
984 180 1012 207 S.
1031 177 1182 207 DlONYSll
1198 178 1441 207 AREOPAGITA‘I.
1793 178 1843 207 ιιι

224 233 378 261 exhibuerit
390 234 483 263 trabea
494 238 594 262 nostra:
605 237 696 265 carnis
712 237 828 264 amiétus
843 246 848 263 :
859 236 911 264 hoc
923 237 1001 272 ipsun

1064 236 1295 272 θαυμασιώτερον,
1321 237 1361 263 δτι
1388 237 1417 263 ὲν
1441 236 1512 271 αὐτῇ
1533 236 1565 272 τῇ
1577 235 1723 270 ὲκφάνσει,
1750 237 1797 263 καὶ
1817 239 1849 266 ὲν

225 280 328 307 indicat
346 280 486 317 ἐξαίφνης,
498 281 524 308 id
543 285 586 308 est
601 283 713 316 inopiae,
735 283 882 316 improvise,
899 288 1000 317 repente

1065 283 1140 318 αὐτῷ
1158 282 1197 317 τῷ
1208 283 1358 317 φαίνεσθαι,
1378 282 1409 309 τὸ
1425 282 1538 318 κρύφιον
1556 282 1627 317 ἔχει·
1642 282 1657 308 ὁ
1675 282 1729 318 γὰρ
1748 283 1845 319 Κύριος

225 323 297 357 Ouid
312 326 438 353 tandem?
464 326 558 354 Hacne
572 328 659 362 gratia
673 331 719 354 aut
742 328 803 355 ideo
817 328 1001 363 augustissim:

1061 328 1139 364 ἡμῶν
1158 328 1262 364 Ἰησοῦς
1287 329 1403 364 Χριστὸς
1427 329 1473 355 καὶ
1494 329 1522 355 ὲν
1550 329 1618 364 αὐτῇ
1638 329 1671 364 τῇ
1691 328 1753 355 καθ’
1775 330 1847 364 ἡμᾶς
1866 354 1868 358 ,

223 369 273 397 Dei
299 372 429 406 majestas
454 373 530 407 prius
549 373 578 399 in
602 373 788 401 secretissimo
806 381 916 402 secessu
943 374 1001 401 deli‘

1061 374 1190 408 ἐκφάνσει
1206 374 1342 408 ἄγνωστον
1358 374 1451 409 ἕχειτὸ
1461 374 1511 409 τῆς
1521 375 1674 409 οἰκονομίας
1689 376 1842 411 μυστήριον·

223 419 343 450 tescens,
361 422 471 453 repente
484 419 613 446 inclaruit
633 419 703 451 orbi,
722 427 807 454 seque
818 421 860 447 vel
876 420 956 454 vulgo
969 419 1001 446 vi

1060 421 1102 452 τίς
1114 421 1167 456 γὰρ
1181 421 1275 456 ἐνόησε
1294 421 1352 452 πῶς
1370 421 1436 452 Θεὸς
1454 421 1637 456 συνανεκράῦη
1658 421 1754 457 capiti;
1768 421 1845 448 Ὅθεν

223 463 336 491 sendam
352 464 470 499 deiecit?
483 464 563 491 Nullo
583 466 675 493 modo.
692 465 764 498 Quin
779 470 840 501 post
856 467 1001 501 susceptio-

1061 466 1108 493 καὶ
1123 466 1266 502 λεγόμενον
1287 466 1405 502 ἄρρητον
1421 467 1512 502 μένει,
1534 467 1580 496 καὶ
1600 467 1742 502 νοούμενον
1759 468 1845 502 ἄγνω-

222 517 283 537 nem
304 510 395 537 carnis
419 515 575 545 perseverat
597 511 747 538 etiamnum
764 511 898 539 occultus.
916 511 1009 547 Siqui-
1062 521 1133 539 στον.

221 556 283 584 dem
301 555 381 584 Iesus
394 556 520 584 Christus
537 556 676 592 perfectus
698 557 779 590 Deus,
796 557 934 592 perfectus
949 558 1020 586 idem
1046 558 1129 594 248
1143 562 1170 586 et
1191 558 1272 586 homo
1296 562 1347 586 est.
1371 558 1434 585 Mihi
1451 559 1528 591 vide,
1553 563 1582 586 ut
1606 559 1739 588 adversus
1752 560 1844 589 Nesto-

221 603 314 629 rianos
331 601 388 636 jam
415 606 472 629 tum
500 603 740 638 congrediebatur.
767 603 854 638 Magis
876 611 956 637 vero,
979 607 1010 631 ut
1038 605 1167 639 quiddam
1192 604 1313 632 divinius
1329 605 1521 639 pronuntiem;
1549 605 1600 632 hoc
1629 606 1701 633 enim
1725 607 1843 635 admira-

220 648 303 676 bilius
330 651 383 679 est,
404 649 477 683 quod
502 649 530 676 in
547 649 597 676 hac
619 657 669 676 sua
695 657 825 685 perquam
846 651 946 678 illustri
965 650 1196 682 manifestatione,
1219 651 1248 678 in
1271 658 1303 678 eo
1321 651 1381 685 ipso
1396 651 1469 686 quod
1491 651 1630 686 apparuit,
1647 659 1778 679 arcanum
1799 661 1844 681 re-

219 693 299 720 tinet.
316 692 450 721 Dominus
468 695 543 721 enim
561 699 655 722 noster
681 695 762 723 Jesus
784 695 911 723 Christus
939 696 968 722 in
986 696 1044 731 ipsa
1060 703 1206 732 assumpta:
1225 697 1318 724 carnis
1345 700 1445 724 nostra
1470 697 1652 730 revelatione,
1678 698 1849 734 incognitum.

219 743 312 766 servat
331 743 533 767 sacramentum
556 740 762 775 dispensatoria:
781 741 861 769 istius
878 741 1087 769 incarnationis.
1105 742 1174 775 Quis
1197 742 1270 769 enim
1283 741 1415 769 intellexit
1439 742 1573 774 omnium,
1604 751 1659 778 quo
1679 749 1758 779 pacto
1783 752 1844 772 sese

219 783 292 812 Deus
319 785 508 821 attemperarit
530 786 628 813 carni?
667 787 739 815 unde
760 787 790 815 ﬁt
819 791 850 814 ut
878 787 931 815 hoc
952 787 1018 815 dum
1048 788 1149 815 dicitur
1171 807 1179 821 ,
1216 787 1354 815 inetIabile
1378 797 1383 814 :
1404 787 1470 815 dum
1489 789 1663 825 intelligitur,
1686 794 1778 819 manet
1798 791 1841 819 in-

218 831 370 867 oognit-um.

454 878 488 905 IN
510 877 704 905 EPISTOLAM
723 877 767 906 iV.

255 927 322 954 Aliis
332 927 435 962 aliquot
446 927 514 954 locis
529 926 673 953 antevertit
687 930 799 954 sanctus
811 925 894 954 dehis
902 926 1002 953 dicere.

216 973 285 1000 Nam
309 973 392 1008 paulo
405 977 467 1000 ante
484 974 511 999 in
524 980 606 1007 opere
620 972 775 999 Divinarum
789 973 923 999 nominum
938 973 1006 999 dixit

218 1019 318 1050 fusius,
337 1019 409 1054 quod
426 1019 459 1046 ab
472 1019 546 1046 omni
562 1026 592 1046 re
608 1018 680 1046 Deus
695 1019 927 1046 nomenclaturam
945 1026 1006 1047 sor-

218 1065 313 1096 tiatur,
323 1064 507 1099 omnibusque
517 1064 597 1091 adsit.
606 1063 673 1091 Illud
685 1065 804 1100 quidem,
817 1065 895 1100 quasi
909 1068 1005 1092 auctor

217 1117 232 1136 a
251 1110 334 1137 rebus
352 1110 488 1143 causatis;
512 1110 564 1137 hoc
583 1116 674 1139 autem
698 1118 746 1145 per
759 1110 845 1145 ipsius
869 1111 1005 1145 contingit

216 1155 436 1190 providentiam,
466 1160 497 1182 ut
519 1156 565 1191 qui
589 1155 716 1183 onmibus
740 1155 891 1190 provideat.
920 1155 1004 1184 Caius

217 1201 301 1236 igitur
317 1202 345 1228 in
370 1201 506 1236 ejusmodi
531 1202 681 1229 sententias
701 1201 871 1228 succedanea
886 1202 1004 1229 lectione

216 1249 371 1280 devolutus,
389 1248 435 1275 ubi
451 1248 554 1275 nomini
580 1249 618 1275 illi
640 1248 813 1280 tliearchico,
825 1247 916 1281 Iesus.
936 1249 1004 1276 alte-

216 1301 279 1320 rum
301 1293 462 1328 adjunctum
489 1294 613 1325 invenit,
636 1298 702 1328 puta
726 1293 883 1330 ᾰνθρωπος,
907 1293 935 1322 id
962 1298 1004 1322 est

214 1339 302 1372 homo,
319 1344 348 1366 ut
360 1343 414 1372 est,
430 1339 515 1366 Filius
527 1339 657 1367 hominis.
671 1339 739 1367 lllud
753 1340 816 1367 item
832 1340 1001 1375 expressius:

214 1384 285 1418 Quid
300 1393 344 1412 me
357 1385 478 1420 quaeritis
491 1384 643 1412 interﬁcere
656 1385 791 1412 hominem
802 1385 848 1420 qui
861 1385 1002 1412 veritatem

214 1431 270 1458 dixi
298 1431 392 1459 vobis?
413 1431 459 1457 Ait
484 1439 548 1466 ergo
575 1435 671 1459 sancto
692 1431 763 1466 patri
784 1431 866 1458 Caius
886 1430 920 1466 (a
936 1431 1003 1458 Caio

213 1477 286 1504 enim
310 1480 385 1504 mota
413 1478 528 1512 quazstio
540 1477 618 1513 est):
643 1477 714 1510 Quid
739 1477 832 1512 utique
856 1477 1002 1505 dicendum

213 1522 294 1550 nobis
309 1522 342 1550 de
354 1523 413 1558 ipso
426 1523 501 1554 Jesu,
513 1524 560 1559 qui
573 1523 648 1550 omni
660 1527 785 1550 creatura
803 1523 928 1558 superior
940 1526 1000 1557 est;

1243 878 1298 905 ΕΙΣ
1317 878 1389 905 ΤΗΝ
1407 879 1603 906 ΕΠΙΣΤΟΛΗΝ
1623 882 1658 906 A'.

1094 923 1230 958 Ἔφθασεν
1254 925 1340 951 εἰπεῖν
1362 926 1377 951 ὁ
1400 925 1476 960 ἅγιος
1494 925 1540 953 καὶ
1559 926 1588 952 ὲν
1607 926 1713 958 ἄλλοις·
1733 926 1799 957 τέως
1815 928 1846 955 δὲ

1057 968 1222 1005 πλατύτερον
1235 971 1264 996 ὲν
1275 970 1314 1005 τῷ
1327 971 1396 1004 Περὶ
1414 972 1501 997 θείων
1517 971 1679 1006 ὀνομάτων,
1697 973 1738 999 ὅτι
1753 974 1798 1000 καὶ
1811 974 1848 1001 ὲκ-

1056 1015 1163 1042 πάντων
1179 1016 1233 1051 (25)
1249 1017 1263 1042 ὁ
1283 1017 1349 1048 Θεὸς
1365 1017 1536 1052 ὀνομάζεται,
1559 1018 1605 1044 καὶ
1627 1019 1693 1045 πᾶσι
1711 1020 1841 1055 πάρεστι’

1055 1061 1085 1087 τὸ
1103 1061 1161 1096 μὲν,
1179 1061 1217 1093 ὡς
1229 1062 1315 1094 αἴτιος
1327 1063 1359 1089 ὲκ
1378 1063 1433 1090 τῶν
1450 1063 1595 1090 αἰτιατῶν·
1613 1064 1642 1090 τὸ
1662 1065 1691 1091 δὲ
1702 1085 1708 1096 ,
1727 1067 1760 1101 τῇ
1778 1075 1848 1101 προ-,

1056 1107 1131 1142 νοίᾳ,
1159 1107 1197 1139 ὡς
1224 1108 1374 1144 προνοητὴς
1401 1110 1518 1137 πάντων.
1539 1110 1600 1142 Τοῖς
1628 1111 1757 1143 τοιούτοις
1779 1112 1844 1146 γοῦν

1054 1153 1184 1188 νοήμασιν
1203 1154 1217 1179 ὁ
1234 1154 1313 1185 Γάϊος
1327 1155 1542 1188 κατακολουθῶν,
1559 1156 1619 1182 ἐπεὶ
1645 1156 1673 1183 ἓν
1690 1157 1849 1193 εὑρίσκεται.

1054 1199 1103 1226 ἐπὶ
1116 1199 1163 1227 τοῦ
1178 1199 1332 1235 θεαρχικοῦ,
1348 1201 1466 1235 Ἰησοῦς
1482 1201 1564 1237 ὄνομα
1577 1203 1622 1228 καὶ
1634 1203 1664 1229 τὸ
1678 1203 1842 1238 ἄνθρωπος,

1053 1245 1092 1277 ὡς
1106 1245 1147 1278 τὸ,
1163 1247 1177 1272 ὁ
1190 1246 1254 1277 Υἱὸς
1267 1246 1314 1273 τοῦ
1330 1247 1485 1283 ἀνθρώπου,
1495 1248 1542 1276 καὶ
1559 1248 1598 1275 ἔτι
1613 1249 1792 1284 σαφέστερον·
1811 1251 1844 1277 Τί

1054 1292 1159 1328 ζητεῖτὲ
1176 1301 1209 1328 με
1224 1293 1392 1325 ἀποκτεῖναι,
1409 1293 1562 1329 ἄνθρωπον,
1579 1294 1608 1326 ὃς
1622 1292 1698 1321 εἶπον
1714 1295 1777 1330 ὑμῖν
1793 1296 1843 1332 τὴν

1053 1338 1196 1374 ἁλήθειαν;
1216 1339 1281 1374 φησὶ
1296 1339 1384 1366 τοίνυν
1400 1340 1414 1366 ὀ
1430 1339 1508 1371 Γάϊος
1528 1340 1597 1376 πρὸς
1614 1340 1659 1367 τὸν
1680 1341 1755 1375 ἅγιον
1777 1342 1841 1377 (ἀπ’

1053 1379 1157 1411 ὲιὶείνου
1170 1384 1226 1421 γὰρ
1239 1385 1256 1420 ὴ
1271 1384 1428 1421 ὲρώτησις)’
1441 1386 1474 1412 Τί
1487 1385 1598 1421 λέξομεν
1615 1387 1679 1422 περὶ
1692 1387 1738 1413 τοῦ
1755 1388 1850 1423 Ἰησοῦ,

1052 1430 1099 1457 τοῦ
1122 1431 1231 1458 πάντων
1253 1431 1395 1458 ἐπέκεινα·
1417 1432 1461 1458 ὅτε
1484 1433 1544 1459 κατ’
1558 1433 1650 1459 οὐσίαν
1679 1433 1843 1469 βλεπόμενος

1053 1476 1193 1513 ἄνθρωπος
1210 1478 1388 1505 συντέτακται
1408 1478 1490 1505 πᾶσιν
1506 1479 1651 1511 οὖσιωδῶς,
1675 1480 1720 1506 καὶ
1736 1481 1842 1517 ἄνθρω-

1053 1530 1103 1554 πος
1119 1522 1236 1557 λέγεται,
1258 1523 1304 1550 καὶ
1331 1523 1360 1550 ὲν
1390 1525 1447 1555 τοῖς
1466 1523 1618 1559 ἀνθρώποις
1635 1525 1692 1550 ἐστὶ
1713 1525 1842 1558 πάντωςς

213 1569 337 1604 quicum
355 1569 506 1597 secundum
530 1574 700 1604 assumptam
722 1569 903 1597 substantiam
923 1568 1000 1596 visus

1053 1569 1089 1596 Οὺ
1106 1568 1146 1604 μὴ
1160 1568 1281 1604 φήσομεν
1298 1569 1345 1596 καὶ
1358 1569 1485 1601 ἐνταῦθα,
1501 1569 1542 1596 ὅτι
1558 1569 1698 1604 ἄνθρωπος
1716 1570 1842 1605 λέγεται,

213 1615 306 1648 homo,
320 1616 348 1643 in
361 1616 485 1644 ordinem
501 1616 615 1644 allectus
630 1620 672 1644 est
687 1616 794 1644 caneris
804 1635 813 1648 ,
830 1617 1000 1643 communio-

213 1671 248 1690 ne
266 1662 446 1690 substantiae:
467 1662 539 1690 idem
561 1662 695 1690 astruitur
710 1662 802 1694 homo,
819 1666 846 1690 et
861 1663 890 1690 in
913 1663 1001 1690 homi-

213 1716 280 1735 num
294 1709 365 1736 serie
378 1712 538 1735 numeratur
553 1712 582 1736 ut
595 1717 659 1737 vere
671 1709 771 1736 homo?
789 1708 917 1739 Numhic
932 1716 1001 1744 quo-

216 1762 272 1790 que
286 1754 448 1787 dixerimus,
462 1754 526 1789 quia
542 1755 623 1781 homo
637 1755 747 1786 dicitur,
758 1759 894 1790 quatenus
905 1759 1001 1782 auctor

211 1805 256 1829 est
267 1800 424 1834 hominum;
436 1801 800 1836 quemadmodum,exempli
814 1801 913 1836 gratia,
925 1801 996 1828 idem

215 1851 330 1874 vocatur
347 1850 375 1874 et
390 1847 431 1875 sol
444 1850 471 1874 et
487 1848 549 1880 lux,
572 1847 644 1883 quod
659 1848 744 1875 solem
756 1847 845 1882 ipsum
858 1848 1000 1882 lucemque

212 1892 386 1920 condiderit?
401 1891 434 1919 Et
444 1900 541 1920 rursus
557 1892 682 1927 nunquid
700 1891 734 1919 de
748 1891 802 1918 hoc
823 1890 909 1927 (Jesu)
926 1891 1001 1919 dice—

213 1945 276 1966 mus
289 1937 362 1973 quod
378 1937 477 1965 adesse
497 1938 655 1965 hominibus
669 1937 788 1970 dicatur,
804 1941 934 1972 tanquam
948 1937 1000 1964 ho-

213 1992 274 2011 rum
287 1983 422 2021 provisor,
436 1985 508 2011 sicut
521 1987 549 2011 et
560 1983 622 2012 aliis
633 1983 761 2011 omnibus
773 1983 870 2012 adesse
880 1983 980 2011 dicitur
989 1984 1002 2010 ?

214 2029 264 2056 llic
276 2030 347 2057 enim
364 2029 491 2057 videlicet
511 2029 540 2056 in
553 2029 759 2064 dispensatione
775 2029 866 2057 carnis
880 2037 895 2056 a
907 2028 1000 2057 Verbo

213 2081 360 2111 susceptae,
370 2076 504 2104 rationem
521 2076 640 2113 aliquam
660 2076 824 2111 peculiarem
846 2083 1000 2111 quaeramus

211 2127 336 2157 oportet;
350 2130 412 2149 cum
428 2126 526 2158 praeter
536 2122 768 2157 dispensationem
781 2129 889 2157 quoque
901 2122 998 2157 ipsam,

213 2169 308 2196 vocari
323 2169 411 2204 possit
429 2168 521 2202 homo,
540 2169 619 2203 quasi
634 2174 729 2196 auctor
744 2168 885 2196 hominum
901 2172 928 2196 et
941 2169 1000 2203 opi-

213 2213 269 2242 fex.
283 2213 434 2242 Conﬁrmat
449 2214 500 2242 hoc
513 2215 541 2241 in
559 2214 793 2250 Chronographiis
807 2222 857 2242 seu
877 2214 905 2242 in
922 2214 999 2243 libris

1052 1614 1090 1646 ὡς
1105 1614 1191 1646 αἴτιος
1207 1614 1372 1651 ἀνθρώπων’
1394 1615 1489 1650 ὥσπερ
1507 1615 1607 1650 δηλαδὴ
1627 1617 1673 1643 καὶ
1693 1616 1777 1652 ἥλιος,
1794 1619 1842 1644 καὶ

1053 1659 1126 1693 φῶς,
1151 1659 1189 1691 ὡς
1217 1659 1301 1691 αἴτιος
1325 1660 1401 1695 ἡλίου
1426 1660 1473 1687 καὶ
1495 1661 1599 1695 φωτό;;
1621 1661 1674 1688 Καὶ
1691 1662 1786 1689 πάλιν
1802 1663 1843 1691 Οὐ

1053 1705 1091 1740 μὴ
1117 1705 1238 1740 φήσομεν
1260 1706 1305 1731 ἐπὶ
1328 1706 1422 1732 τούτου
1437 1706 1502 1742 (‘26),
1528 1707 1569 1733 ὅτι
1593 1710 1711 1735 συνεῖναι
1733 1710 1842 1744 λέγεται

1053 1752 1109 1784 τοῖς
1120 1752 1284 1788 ἀνθρώποις,
1295 1753 1333 1786 ὡς
1345 1755 1497 1790 προνοητὴς
1506 1755 1618 1787 τούτων,
1627 1755 1718 1787 καθὼς
1730 1756 1850 1787 καὶτοῖς

1051 1796 1141 1829 ἄλλοις
1153 1798 1239 1825 ἅπασι
1248 1800 1366 1826 συνεῖναι
1375 1799 1481 1834 λέγεται
1492 1800 1546 1836 (27)
1555 1809 1562 1833 ;
1571 1800 1678 1827 Ἑνθάδε
1690 1800 1752 1837 γὰρ.
1759 1801 1850 1837 ἤγουν,

1052 1842 1082 1869 ὲν
1093 1845 1125 1879 τῇ
1137 1844 1288 1880 οἰκονομίᾳ,
1302 1844 1382 1879 λόγον
1395 1846 1455 1873 τινὰ
1468 1845 1532 1873 ἴδιον
1546 1846 1710 1882 ζητήσομεν,
1722 1847 1783 1873 ἐπεὶ
1795 1847 1845 1873 καὶ

1054 1888 1117 1924 δίχα
1135 1889 1246 1926 ταύτης,
1261 1891 1308 1917 καὶ
1323 1891 1361 1923 ὡς
1380 1891 1466 1923 αἴτιος
1481 1892 1632 1928 ἀνθρώπων
1653 1893 1701 1919 καὶ
1716 1893 1844 1929 ποιητὴς,

1050 1934 1162 1971 κληθείη
1183 1936 1217 1962 ἂν
1239 1936 1391 1973 ἄνθρωπος.
1410 1938 1494 1965 Τοῦτό
1509 1947 1590 1974 φησιν
1610 1940 1640 1966 ἐν
1661 1940 1721 1971 ταῖς
1734 1940 1847 1974 Χρονο-

1050 1980 1191 2015 πραφίαις
1207 1981 1264 2016 (28)
1288 1983 1335 2009 καὶ
1352 1983 1523 2018 Ἀφρικανὸς,
1540 1984 1578 2016 ὡς
1595 1984 1705 2011 παλαιοὶ
1722 1984 1849 2018 λέγουσι·-

1051 2026 1157 2062 λέγεται
1168 2027 1221 2062 γὰρ
1231 2027 1382 2062 ὁμωνύμως
1393 2028 1406 2053 ὁ
1415 2026 1480 2058 Θεὸς
1491 2027 1558 2052 πᾶσι
1570 2028 1626 2058 τοῖς
1637 2027 1665 2060 ἐξ
1680 2027 1762 2054 αὑτοῦ
1771 2027 1842 2062 (29),

1051 2073 1145 2109 ἐπειδὴ
1162 2074 1191 2100 ὲν
1205 2073 1287 2100 πᾶσιν
1301 2073 1375 2099 ἐστιν
1391 2071 1461 2108 (30)·
1475 2073 1503 2099 ὲν
1518 2072 1547 2099 δὲ
1565 2074 1598 2108 τῇ
1615 2074 1754 2109 οίκεινομίᾳ
1767 2074 1850 2100 δοκεῖ

1050 2120 1099 2155 οὺχ
1117 2120 1155 2151 ὡς
1169 2119 1253 2151 αἴτιος
1272 2118 1434 2154 ἀνθρώπων,
1454 2118 1491 2151 ὼς
1505 2118 1577 2146 κατὰ
1595 2119 1644 2155 τὴν
1666 2119 1759 2146 οὺςίαν
1775 2119 1843 2155 ὃλην

1051 2164 1200 2197 οὐσιωθεὶς,
1214 2164 1356 2200 ἄνθρωπος
1367 2164 1474 2199 λέγεται
1485 2163 1552 2200 (51).
1567 2164 1639 2200 Πρὸς
1651 2164 1737 2191 ταῦτα
1746 2164 1813 2200 γοῦν
1827 2166 1844 2192 ό

1051 2210 1148 2247 Πατὴρ
1155 2210 1380 2246 ἀπολογούμενος,
1390 2210 1437 2238 καὶ
1444 2210 1513 2246 ἔχων
1526 2211 1575 2246 μὲν
1586 2212 1673 2237 εἰπεῖν
1685 2211 1748 2238 ἴδιον
1762 2211 1850 2246 λόγον

212 2260 252 2287 De
275 2265 419 2294 temporum
447 2261 514 2288 serie
542 2259 707 2293 Africanus,
729 2259 959 2296 quemadmodum
984 2268 1000 2287 a

1053 2258 1179 2290 ἐνταῦθα,
1189 2258 1229 2285 ὅτι
1245 2258 1282 2290 ὡς
1292 2257 1400 2293 ἀληθῶς
1412 2257 1563 2293 σαρκωοεὶς
1572 2257 1619 2284 ἄνθ
1623 2267 1712 2294 ρωπος
1721 2258 1848 2293 λέγεται,

213 2306 364 2341 majoribus
394 2307 498 2334 nostris
522 2307 658 2341 proditum
683 2312 727 2335 est
754 2308 902 2335 memoriae.
928 2306 1000 2334 Deus

213 2351 285 2379 enim
297 2352 392 2379 eodem
407 2353 517 2381 neruine
527 2361 581 2387 quo
596 2361 640 2380 res
654 2353 687 2380 ab
699 2353 758 2388 ipso
770 2353 896 2385 conditae,
908 2353 1001 2388 appel-

212 2398 305 2425 latur:
328 2399 548 2434 quandoquidem
573 2400 600 2426 in
624 2400 739 2435 singulis
752 2401 881 2433 exsistat;
896 2401 923 2427 in
943 2401 1001 2428 dis-

213 2445 376 2479 pensatione
405 2449 495 2471 autem
514 2445 648 2479 assumpti
665 2445 783 2472 hominis
801 2453 855 2472 non
870 2449 1000 2481 tanquam

213 2492 310 2516 auctor
320 2489 473 2521 hominum,
490 2498 585 2517 verum
601 2496 729 2525 tanquam
749 2491 898 2518 secundum
916 2495 1000 2519 totam

213 2535 395 2563 substantiam
404 2535 487 2570 249
499 2536 615 2562 humana
627 2537 813 2564 circumdatus
824 2545 907 2564 carne
918 2537 999 2564 homo

215 2581 388 2616 praedicatur.
410 2581 450 2608 Ad
480 2581 538 2608 haec
561 2581 645 2616 igitur
661 2580 742 2608 Pater
766 2581 948 2617 respondens,
973 2586 1001 2609 et

214 2635 277 2655 cum
292 2630 385 2662 posset
411 2627 550 2662 propriam
568 2627 614 2654 hic
639 2628 772 2654 rationem
791 2628 905 2660 dixisse,
926 2628 1000 2663 quod

213 2677 345 2707 tanquam
358 2680 419 2700 vere
433 2672 552 2699 humana
566 2679 648 2699 carne
661 2672 776 2699 vestitus
789 2672 870 2700 homo
881 2672 998 2705 dicatur,

215 2725 304 2753 neque
320 2717 460 2745 veritatem
472 2716 630 2751 corrupisse
641 2716 691 2751 (sic
701 2715 911 2751 respondendo).
921 2715 1000 2744 Prius

215 2771 280 2791 vero
294 2764 389 2792 volens
404 2764 486 2792 etiam
508 2763 560 2790 hoc
575 2761 703 2797 (nomen)
723 2761 800 2796 juxta
816 2760 1000 2789 deﬁnitionem

213 2811 332 2837 aliorum
363 2809 482 2846 (Christi
507 2809 635 2836 nimirum
659 2807 808 2836 secundum
836 2815 945 2835 causam
974 2812 1000 2835 et

215 2856 380 2892 principia);
396 2856 447 2883 hoc
461 2857 533 2883 enim
545 2855 596 2883 sibi
612 2854 749 2890 proponit,
766 2854 803 2881 ait
818 2864 824 2881 :
839 2853 894 2881 Nos
909 2858 999 2881 autem

214 2903 308 2930 Issum
334 2903 490 2938 neutiquam
517 2903 634 2930 humana
655 2901 774 2929 finitione
796 2901 1000 2929 circumscribi-
1028 2924 1030 2928 ι

1053 2303 1099 2329 καὶ
1114 2303 1151 2338 μὴ
1173 2303 1344 2339 λυμήνασθαι
1364 2301 1413 2338 τὴν
1435 2302 1562 2338 ἀλήθειαν
1575 2302 1645 2338 (52)·
1667 2304 1735 2336 τέως
1750 2304 1778 2330 δὲ
1794 2305 1843 2331 καὶ

1051 2349 1129 2376 τοῦτο
1151 2349 1236 2376 θέλων
1259 2349 1329 2376 κατὰ
1345 2348 1390 2375 τὸν
1412 2349 1489 2383 λόγον
1509 2348 1563 2375 τῶν
1578 2349 1678 2385 ἑτέρων
1701 2350 1846 2386 ὀνομάτων

1052 2393 1245 2429 ἐξηγήσασθαι,
1261 2393 1380 2428 δηλονότι
1401 2393 1471 2420 κατὰ
1497 2393 1527 2420 τὺ
1547 2393 1632 2421 αἴτιον
1649 2394 1745 2429 (τοῦτο
1756 2396 1813 2432 γὰρ
1827 2398 1843 2423 ὁ

1053 2441 1173 2475 σκοπὸς),
1191 2440 1286 2475 φησιν·
1308 2440 1403 2474 Ἡμεῖς
1428 2439 1484 2474 (55)
1502 2439 1530 2465 δὲ
1545 2440 1591 2466 τὸν
1609 2440 1711 2476 Ἰησοῦν
1723 2442 1772 2468 οὐκ
1789 2442 1841 2468 ἀν-

1051 2487 1196 2523 θρωπικῶς
1208 2486 1381 2522 ἀφορίζομεν,
1394 2486 1465 2513 τοῦτ’
1476 2486 1548 2512 ἔστιν
1563 2487 1593 2513 οὐ
1606 2487 1685 2522 μόνον
1697 2488 1845 2524 ἄνθρωπον

1051 2533 1174 2567 λέγομεν.
1197 2532 1258 2564 Πῶς
1281 2532 1335 2567 γὰρ
1359 2532 1502 2567 λέγοιμεν,
1527 2533 1688 2569 ὑπερούσιος
1713 2534 1841 2569 ’1ησοῦς;

1051 2578 1138 2614 Εἴπερ
1151 2576 1185 2614 ἦν
1202 2578 1282 2613 μόνον
1299 2578 1451 2614 ἄνθρωπος,
1467 2578 1524 2610 πῶς
1536 2578 1644 2613 ἐλέγετο
1659 2580 1840 2615 ὑπερούσιος;

1058 2624 1137 2651 Ἀλλὰ
1156 2623 1297 2660 ἄνθρωπος
1320 2624 1369 2659 μὲν
1393 2624 1500 2660 ἀληθῶς
1520 2625 1534 2650 ὁ
1550 2624 1609 2651 λίαν
1632 2625 1841 2661 φιλάνθρωπος*

1050 2669 1129 2696 τοῦτο
1142 2669 1196 2705 γάρ
1208 2669 1265 2695 ἐστι
1282 2668 1313 2695 τὺ
1330 2668 1536 2702 διαφερόντως,
1561 2668 1681 2703 δηλονότι
1699 2670 1713 2696 ὁ
1729 2669 1842 2696 πάντων

1050 2715 1186 2751 διαφέρων
1201 2714 1271 2741 κατὰ
1282 2715 1312 2740 τὺ
1332 2713 1518 2750 φιλάνθρωπον
1531 2713 1596 2749 (54).
1612 2714 1769 2750 Ἀνθρωπος
1782 2716 1843 2742 τοί-

1052 2769 1099 2788 νυν
1115 2760 1221 2796 ἁληϐὦς
1238 2761 1253 2786 ὁ
1272 2759 1446 2795 ὑπερούσιος,
1461 2759 1625 2794 οὐσιωμένος
1640 2760 1686 2786 ἐπὶ
1712 2760 1766 2788 τῶν
1792 2762 1844 2788 ὰνη

1052 2806 1166 2841 θρώπων
1194 2805 1302 2837 οὐσίας,
1325 2805 1372 2832 καὶ
1399 2807 1457 2832 κατ’
1484 2805 1661 2841 ἀνθρώπους,
1692 2806 1738 2832 καὶ
1766 2807 1843 2842 ὑπὲρ

1051 2852 1225 2887 ἀνθρώπους
1252 2852 1312 2878 κατ’
1340 2850 1498 2887 ἀνθρώπους
1528 2851 1586 2886 μὲν,
1613 2850 1656 2877 διὰ
1686 2851 1716 2877 τὸ
1733 2852 1761 2878 ἐν
1787 2853 1846 2887 μήη

1051 2908 1102 2935 τρᾳ
1119 2898 1287 2934 χιορηῦἦναι,
1310 2898 1356 2926 καὶ
1378 2899 1408 2925 ὲκ
1424 2897 1478 2925 τῶν
1493 2897 1660 2936 παρθενικῶν
1684 2898 1728 2924 καὶ
1751 2899 1843 2931 ἁγίων
