1940 3064
108 206 162 234 445

482 202 704 231 ΡΑΟΒΥΜΕΗᾹΞ
723 198 967 229 PAIUPHRASIS
986 197 1018 224 lN
1037 196 1111 224 EPP.
1135 195 1162 223 S.
1181 193 1342 223 DlONYSlL

1685 190 1737 218 “6

111 264 234 300 αἱμάτων
247 262 376 298 συστῆναι
388 262 434 289 καὶ
444 262 538 297 χρόνον
550 261 712 295 ἐννεάμηνον
724 259 754 285 ὲν
766 260 799 294 τῇ
811 257 898 292 κοιλίᾳ

959 262 1030 282 nus:
1047 254 1100 280 hoe
1122 256 1174 284 est,
1199 259 1254 279 non
1273 251 1410 278 hominem
1435 248 1523 276 solum
1544 246 1735 283 praedicamus.

108 311 147 342 ὡς
162 311 243 346 ἄρτος
259 309 366 345 πλήρης
379 309 503 344 οὐράνιος
516 308 545 333 ὲν
562 306 627 342 ἁγίᾳ
638 304 762 342 τραπέζῃ
776 303 898 331 διαϐιϐά-

110 366 166 389 στι,
186 356 233 383 καὶ
251 355 294 382 διὰ
312 355 347 381 τὰ
361 354 427 382 ἄλλα
450 353 521 388 ἂπερ
538 352 696 388 ᾠκονόμησε
718 350 779 378 κατ’
795 348 899 385 ἀνθρώ-

110 410 192 433 πους·
217 401 287 437 ὑπὲρ
311 400 470 437 ἀνθρώπους
491 399 519 425 δὲ
543 398 586 425 διὰ
608 398 639 424 τὸ
659 397 785 433 ἀσπόρως
804 395 901 430 συλλη-

110 448 222 484 φθῆναι,
240 448 286 475 καὶ
302 449 334 474 ὲκ
357 447 492 484 παρθένου
507 445 687 481 γεννηθῆναι,
702 443 750 471 καὶ
766 441 902 473 ἀνωδίνως

110 494 298 530 ἀποτεχθῆναι.
320 493 479 529 Ἀνθρωπος
495 491 641 527 τοιγαροῦν
655 492 669 517 ὁ
692 488 882 525 φιλάνθρωπος
892 495 899 502 ·

111 540 168 568 ἀλλ’
193 540 269 567 οὐδὲν
290 537 369 576 ἦττον
393 540 440 566 καὶ
462 540 643 576 ὕπερπλήρης
665 535 901 573 ὐπερουσιὸτητος,

110 586 229 622 δηλονότι
239 586 372 622 θεότητος,
384 585 455 613 κατὰ
463 585 494 612 τὸ
505 585 658 621 εἰρημένον·
675 583 727 610 Ἑν
740 581 763 615 ᾧ
774 579 903 609 κατοικεῖ

111 632 172 659 πᾶν
185 632 217 658 τὸ
233 631 376 667 πλήρωμα
394 632 449 666 τῆς
465 632 603 665 θεότητος
616 627 797 665 σωματικῶς.
818 625 904 653 Τοῦτο

110 679 139 705 δὲ
150 676 210 705 εἷπε
221 678 265 706 διὰ
278 678 308 706 τὸ
323 678 491 715 ὑπερϐάλλον
503 678 552 713 τῆς
559 677 653 708 οὐσίας
662 675 709 703 καὶ
717 673 842 708 ἐξουσίας
856 672 904 699 καὶ

111 724 260 760 δυνάμεως,
277 724 371 761 ἀμέλει
383 726 411 751 ὲν
428 725 461 760 τῇ
476 724 526 759 τῆς
542 723 667 758 θεότητος
681 720 834 756 περιουσίᾳ,
857 718 903 745 καὶ

111 770 218 805 ἀληθῶς
233 770 376 806 γενόμενος
389 768 531 806 ἄνθρωπος
543 768 612 804 (55).
632 766 750 802 οὑσιώθη
769 765 828 801 μὲν,
845 763 903 791 ἀλλ’

112 817 183 852 ὑπὲρ
197 816 304 844 οὐσίαν·
316 818 339 844 ει
350 816 405 853 γὰρ
415 816 463 843 καὶ
473 817 505 843 ὲκ
514 815 653 850 γυναικὸς,
666 813 723 841 ἀλλ’
741 812 788 839 ἐπὶ
800 810 903 847 παρθέ-

111 871 172 890 νου·
187 862 234 889 καὶ
250 863 320 898 ὑπὲρ
334 861 477 899 ἄνθρωπον
497 862 606 897 ἐνήργει
625 859 660 887 τὰ
674 858 828 895 ἀνθρώπου.
849 857 904 884 Καὶ

111 909 201 945 δῆλον,
225 908 256 942 ἐξ
275 905 312 946 ὧν
336 908 383 934 ἐπὶ
405 907 520 939 ὕδατος.
542 907 580 938 ὡς
596 905 643 933 ἐπί
660 913 733 936 τινος
755 903 883 938 στεγανοῦ
895 922 903 934 ,

950 301 1059 335 Alioqui
1074 307 1127 335 qua
1152 298 1260 326 subnixi
1275 297 1381 324 ratione
1402 295 1658 331 pronuntiaremus,
1673 294 1737 329 quia

950 343 1224 380 supersubstantialis
1238 347 1281 371 est
1297 342 1394 370 Jesus?
1411 340 1478 368 Nam
1496 340 1519 369 si
1536 340 1617 367 homo
1631 342 1738 366 tantum

951 399 1019 424 erat,
1035 394 1082 427 qui
1097 391 1151 418 dici
1178 394 1285 426 poterat
1299 396 1382 424 supra
1402 388 1584 415 substantiam
1599 387 1739 414 eminere?

951 438 986 466 At
1014 437 1135 473 profecto
1160 443 1224 464 vere
1238 436 1321 462 homo
1341 437 1400 462 erat
1424 433 1469 460 ille
1493 432 1573 461 valde
1598 432 1739 459 hominum

952 493 1067 513 amans:
1090 484 1142 511 hoc
1155 484 1228 511 enim
1255 481 1410 510 excellenter
1430 484 1484 512 est,
1499 487 1598 515 nempe
1612 479 1740 507 omnibus

952 530 1088 559 creaturis
1115 530 1254 557 excellens
1289 527 1479 555 benevolentia
1509 534 1572 562 erga
1603 526 1740 554 homines.

953 578 1040 606 Homo
1057 578 1140 613 igitur
1158 584 1222 603 vere
1240 575 1366 609 idemque
1392 572 1665 608 supersubstantialis
1691 572 1743 598 hu-

953 632 1034 653 mana
1046 622 1273 651 circumamictus
1291 620 1445 649 substantia
1464 623 1507 646 est
1524 619 1675 646 secundum
1694 618 1743 645 ho-

953 671 1052 701 mines.
1067 669 1114 697 sed
1131 672 1158 696 et
1182 675 1265 703 supra
1280 667 1415 694 homines.
1442 664 1598 693 Secundum
1619 664 1744 691 homines

953 715 1075 750 quidem,
1093 713 1166 749 quod
1181 712 1317 748 angustiis
1331 710 1447 738 materni
1462 709 1533 738 uteri
1549 712 1681 743 exceptus
1697 709 1742 741 sit,

953 760 1025 796 quod
1046 758 1222 787 concretione
1242 757 1359 792 virginei
1384 764 1417 784 ac
1438 755 1580 790 purissimi
1603 755 1745 790 sanguinis

955 806 1042 841 ipsius
1061 812 1163 840 corpus
1186 802 1335 831 conﬂatum
1356 802 1591 835 constitutumque
1606 800 1653 833 sit,
1671 803 1698 827 et
1718 800 1746 827 in

954 852 1015 879 alvo
1032 851 1146 887 perinde
1170 857 1201 878 ae
1217 849 1297 885 panis
1312 849 1418 883 integer
1431 853 1458 875 et
1473 847 1594 875 caelestis
1616 846 1645 874 in
1667 853 1747 873 saera

955 905 1050 926 mensa
1064 898 1212 932 repositus.
1227 903 1324 922 novem
1340 895 1474 922 mensium
1496 897 1604 927 tempus
1616 892 1746 927 exegerit.

112 937 313 992 ἐπορεῦετο-’τι
326 955 358 981 ἄν
370 962 412 986 τις
428 937 497 989 λέγη
511 937 546 980 τὰ
563 937 645 978 λοιπὰ
660 937 812 986 πάμπολλα
827 950 902 981 ὅντα,

959 945 1070 979 Propter
1094 945 1244 971 etiamnum
1267 942 1396 976 pleraque
1420 940 1489 971 alia,
1518 947 1579 974 quae
1605 938 1748 970 hominum

113 1003 147 1029 δι’
160 999 197 1029 ὧν
211 1003 225 1029 ὁ
235 1001 395 1038 θεοπρεπῶς
410 1000 544 1034 ἐξετάζων
555 999 624 1034 ὑπὲρ
635 997 697 1025 νοῦν
710 996 844 1031 γνώσεται
857 996 905 1023 καὶ

116 1048 152 1074 τὰ
174 1047 220 1074 ἐπὶ
239 1049 273 1083 τῇ
289 1046 429 1082 οἰκονομίᾳ
457 1044 505 1072 τοῦ
520 1044 646 1079 Σωτῆρος
666 1042 904 1077 καταφασκόμενα,

112 1093 228 1129 δύναμιν
247 1093 342 1128 έχοντα
363 1091 530 1128 ὑπεροχιχῆς
554 1089 734 1124 ἁποφάσεωςς
750 1088 782 1115 Ti
800 1087 828 1114 δέ
846 1088 906 1117 ἔστι

115 1139 278 1174 κατάφασις,
294 1138 340 1165 καὶ
354 1137 380 1164 τι
390 1137 536 1171 ἀπόφασις,
552 1135 664 1169 εἴπομεν
679 1133 734 1160 ἄνω
745 1133 774 1160 ὲν
788 1132 828 1168 τῷ
842 1134 908 1168 περὶ

117 1181 513 1218 ιιτισῖικῆςθεολοτίαςτρίτῳ
524 1179 670 1215 κεφαλαίῳ.
688 1178 750 1210 Πῶς
763 1178 792 1205 δὲ
813 1178 841 1206 αι
856 1185 907 1204 κα-

114 1226 245 1260 ταφάσεις
264 1225 380 1252 ἐνταῦθα
401 1225 514 1261 δύναμιν
530 1225 638 1260 ἔχουσιν
655 1223 821 1260 ὑπεροχικῆς
836 1223 907 1250 ἀπο-

116 1272 243 1306 φάσεως;
263 1270 351 1302 οὕτως
360 1279 366 1286 ·
383 1271 415 1297 Ει
430 1270 483 1306 γὰρ
497 1271 544 1297 καὶ
558 1270 770 1305 καταφάσκομεν
784 1268 908 1303 λέγοντες

115 1316 257 1353 ἄνθρωπον
274 1314 355 1350 εἶναι,
371 1317 418 1343 καὶ
432 1317 465 1343 ὲκ
478 1315 613 1352 παρθένου
626 1315 729 1351 μητρὸς
743 1315 804 1342 κατ’
816 1314 908 1341 οὐσίαν

113 1362 204 1399 ἡμῶν,
219 1362 288 1390 ἀλλὰ
302 1361 495 1398 κεκρυμμένην
509 1361 565 1397 ἔχει
580 1361 627 1389 καὶ
637 1361 708 1395 ὑπὲρ
721 1359 784 1387 νοῦν
799 1359 848 1395 τὴν
859 1359 909 1394 τῆς

113 1409 278 1444 ἀποφάσεως
292 1408 416 1444 δύναμινο
433 1408 491 1443 ἐρεῖ
503 1407 557 1443 γὰρ
570 1408 584 1434 ὁ
599 1407 719 1434 ἀκούωνο
735 1406 792 1433 Οὐκ
807 1405 910 1441 ἀνθρω-

115 1464 166 1488 πος
179 1455 282 1488 ἁπλῶς,
298 1455 391 1491 ἐπειδὴ
400 1456 433 1482 ὲκ
448 1455 592 1490 παρθένου,
606 1453 662 1481 ἀλλ’
674 1453 744 1489 ὑπὲρ
755 1451 909 1488 ἄνθρωπον,

114 1504 139 1531 ει
145 1502 193 1528 καὶ
198 1501 233 1528 τὰ
238 1501 306 1529 ἄλλα
311 1501 464 1537 ἄνθρωπος.
471 1501 537 1527 ’Υπε
542 1499 652 1536 ροχικῆς
661 1499 689 1526 δὲ
696 1496 756 1525 εἷπε
764 1498 831 1534 πρὸς
839 1499 898 1525 ἀντι
904 1512 910 1517 -

114 1547 253 1583 διαστολὴν
265 1547 319 1574 τῶν
338 1547 408 1575 κατὰ
428 1547 556 1583 στέρησιν
579 1545 791 1581 λαμϐανομένων
804 1543 913 1578 ἀποφά-

116 1602 200 1622 σεων·
207 1595 254 1621 καὶ
260 1595 325 1631 γὰρ,
332 1595 375 1622 ἴνα
384 1593 539 1626 συνελόντες
555 1593 686 1629 εἴπωμεν,
695 1593 763 1619 Οὐδὲ
771 1591 818 1620 ἄνθ
823 1599 914 1627 ρωπος

114 1639 158 1676 ἦν,
169 1641 245 1677 φησι.
260 1641 402 1676 Συντόμως
409 1641 438 1667 δὲ
448 1640 542 1667 ἑαυτὸν
550 1639 705 1675 σαφηνίζων
716 1638 841 1674 όΠατὴρ,
851 1639 911 1664 ὲπι-

116 1687 204 1724 ,τέρεν
215 1688 270 1723 Οὐχ
278 1688 316 1719 ὡς
323 1687 361 1723 μὴ
368 1686 522 1722 ἄνθρωπος,
530 1686 586 1713 ἀλλ’
595 1685 633 1717 ὡς
643 1684 795 1721 ἀνθρώπιον
803 1683 912 1710 ἐπέκει-

115 1742 158 1766 να,
177 1734 225 1760 καὶ
251 1734 320 1769 ὑπὲρ
337 1733 480 1769 ἄνθρωπον
501 1731 610 1768 ἀληθῶς
627 1731 770 1767 ἄνθρωπος
782 1729 910 1765 γεγονώς.

117 1780 273 1816 Σημείωσαι
288 1780 316 1807 δὲ
324 1781 412 1806 πᾶσαν
418 1779 467 1815 τὴν
474 1779 619 1815 ἐπιστολὴν
627 1778 698 1805 κατὰ
706 1776 895 1813 Νεστοριανῶν
903 1785 910 1792 ·

116 1827 268 1862 σημείωσαι
281 1826 308 1853 δὲ
322 1826 368 1853 καὶ
379 1827 428 1862 τὴν
440 1825 568 1861 ὑπερφυῆ
583 1825 630 1852 καὶ
643 1825 781 1860 ἄφραστον
792 1823 841 1850 τοῦ
855 1824 912 1850 Ku-

118 1873 176 1909 ρίου
189 1873 297 1905 ἒνωσιν,
313 1874 352 1900 ὅτι
372 1873 402 1900 οὐ
421 1873 492 1900 κατὰ
509 1872 575 1899 Θεὸν
594 1872 628 1898 τὰ
652 1871 712 1899 θεῖα
733 1870 862 1907 ἔδρασεν·
876 1868 911 1906 ἦν

115 1918 171 1954 γὰρ
197 1918 357 1954 ἄνθρωπος·
381 1918 443 1945 οὗτε
470 1918 529 1944 κατ’
548 1917 692 1954 ἄνθρωπον
713 1915 749 1943 τὰ
773 1915 912 1952 ἀνθρώπι-

116 1973 150 1991 να
163 1964 234 2000 (56)·
251 1962 286 2000 ἦν
299 1964 354 2001 γὰρ
374 1965 449 1996 Θεός.
468 1963 549 1991 Ὅθεν
572 1963 737 1999 θαυμαστῶς
758 1963 772 1988 ὸ
789 1962 913 1995 θεολόγος

117 2011 265 2047 Γρηγὸριός
292 2019 375 2047 φησι·
399 2011 578 2048 Κιρναμένων
599 2010 693 2046 ὥσπερ
715 2009 769 2036 τῶν
785 2008 911 2044 φύσεων,

117 2057 189 2084 οὕτω
215 2056 247 2093 δὴ
270 2058 317 2084 καὶ
339 2057 393 2084 τῶν
421 2057 544 2094 κλήσεων
569 2057 617 2083 και
638 2055 849 2092 περιχωρουσῶν
873 2056 913 2087 εἰς

117 2103 236 2139 ἀλλήλας
257 2103 296 2138 τῷ
316 2103 387 2138 λόγῳ
412 2102 463 2138 τῆς
490 2103 629 2138 συμφυΐας
650 2101 717 2137 (57).
733 2100 795 2132 Πῶς
815 2101 843 2128 δὲ
865 2100 913 2127 καὶ

117 2149 190 2181 κατὰ
220 2149 286 2177 Θεὸν
314 2149 350 2176 τὰ
372 2149 439 2176 Θεοῦ
464 2149 532 2185 ἔργα
553 2149 700 2185 tiret-qam;
723 2148 849 2184 ἐννόησον
872 2148 913 2174 ὅτι

118 2196 286 2231 σωματικοῖς
305 2195 385 2222 ποσὶν
405 2195 453 2221 ἐπὶ
472 2195 606 2230 θαλάττης
626 2194 750 2221 ἐϐάδισε·
771 2193 840 2220 Θεοῦ
865 2193 913 2228 μὲν

117 2241 174 2278 γὰρ
187 2242 218 2268 τὸ
238 2242 406 2278 ωμπιλῆσαι
426 2241 497 2277 ὕδωρ
508 2250 515 2256 ·
533 2241 614 2268 πάλιν
628 2241 667 2273 δὲ,
691 2239 759 2276 σὰρξ
775 2241 821 2266 καὶ
835 2239 911 2271 ὀστᾶ,

956 998 1032 1018 more
1047 989 1200 1017 admirabili
1216 987 1423 1023 dispensatione
1433 986 1528 1021 gessit.
1550 985 1639 1012 Porro
1664 992 1749 1020 supra

956 1036 1081 1064 homines
1104 1035 1190 1066 dixit,
1211 1033 1284 1070 quod
1315 1033 1376 1061 sine
1401 1032 1505 1061 semine
1529 1031 1635 1067 copulae
1660 1031 1749 1058 virilis

956 1085 1104 1116 conceptus
1120 1084 1325 1116 prognatusque
1347 1079 1382 1106 sit
1403 1087 1436 1106 ex
1452 1078 1573 1113 virgine,
1590 1077 1662 1112 quod
1679 1077 1750 1104 citra

956 1127 1040 1154 ullius
1056 1126 1160 1153 doloris
1182 1133 1293 1153 sensum
1312 1125 1348 1152 sit
1367 1123 1470 1153 editus.
1490 1123 1577 1150 Homo
1597 1123 1679 1158 igitur
1701 1122 1748 1149 be-

957 1174 1058 1209 nignus
1076 1173 1121 1200 hic
1136 1175 1244 1199 amator
1256 1172 1409 1204 hominum,
1425 1174 1452 1197 et
1463 1178 1526 1197 vere
1548 1169 1641 1196 homo.
1659 1168 1750 1196 Nihilo

957 1225 1049 1246 tamen
1064 1218 1156 1245 minus
1173 1217 1435 1253 supersubslantiali
1451 1224 1501 1244 sua
1513 1216 1665 1251 majestate,
1680 1215 1751 1243 divi-

958 1266 1044 1293 nitate
1060 1264 1186 1291 videlicet
1205 1271 1336 1300 perquam
1352 1264 1460 1299 plenus,
1477 1267 1567 1290 manet
1579 1263 1657 1297 juxta
1673 1261 1751 1289 Pauli

958 1312 1081 1339 dictum:
1100 1310 1134 1338 In
1148 1319 1199 1346 quo
1215 1309 1318 1337 habitat
1339 1310 1425 1337 omnis
1446 1309 1583 1344 plenitudo
1603 1308 1752 1335 divinitatis

959 1358 1131 1393 corporaliter
1141 1362 1164 1384 ο.
1187 1356 1245 1383 Hoc
1262 1364 1330 1384 sane
1344 1356 1414 1383 dixit
1435 1360 1547 1391 propter
1564 1354 1754 1382 eminentissi-

960 1413 1032 1433 mam
1048 1406 1102 1434 vim
1116 1404 1290 1436 substantiae,
1308 1404 1462 1440 potestatis,
1477 1403 1640 1437 virtutisque
1654 1401 1752 1436 ipsius,

960 1452 1085 1480 videlicet
1114 1451 1142 1478 in
1165 1451 1316 1478 divinitatis
1341 1449 1496 1485 opulentia,
1524 1453 1555 1479 et
1578 1456 1641 1476 vere
1664 1448 1754 1475 factus

962 1500 1061 1532 homo,
1085 1502 1206 1526 nostram
1236 1497 1346 1533 quidem
1370 1504 1481 1524 carnem
1507 1495 1657 1531 assumpsit
1667 1504 1681 1528 ;,
1705 1495 1755 1521 sed

963 1554 1047 1581 supra
1068 1545 1194 1572 humanae
1217 1543 1377 1572 substantiae
1405 1542 1556 1569 modulum.
1578 1541 1690 1568 Etiamsi
1716 1548 1750 1568 ev

964 1592 1087 1622 muliere.
1104 1599 1159 1618 non
1174 1597 1263 1618 tamen
1275 1597 1308 1618 ea
1320 1587 1572 1624 qualicunque,sed
1585 1586 1711 1621 virgine:
1727 1590 1755 1613 et

963 1645 1024 1673 qua
1039 1637 1158 1664 hominis
1173 1640 1252 1664 erant
1267 1635 1388 1671 propria,
1403 1641 1486 1669 supra
1506 1633 1652 1660 humanam
1670 1631 1756 1659 imbe-

963 1683 1104 1711 cillitatem
1129 1682 1226 1718 gessit.
1240 1681 1338 1716 Liquet
1353 1688 1386 1708 ex
1401 1688 1443 1714 eo,
1459 1680 1533 1716 quod
1557 1686 1640 1713 super
1655 1685 1754 1712 aquam

963 1730 1105 1765 ingressus
1121 1729 1168 1760 sit,
1185 1728 1265 1763 quasi
1287 1727 1358 1754 alius
1373 1725 1482 1761 quidvis
1503 1725 1621 1753 solidum
1643 1723 1754 1758 suppri-

963 1779 1049 1803 meret
1064 1778 1091 1802 et
1104 1773 1323 1812 impenetrabile.
1340 1772 1413 1805 Quid
1433 1771 1489 1807 jam
1508 1776 1621 1798 necesse
1648 1769 1756 1802 reliqua

963 1824 993 1849 ut
1009 1827 1196 1856 percenseam,
1217 1824 1272 1846 tam
1288 1818 1373 1845 multa
1396 1825 1458 1845 eum
1478 1816 1551 1843 sint?
1568 1815 1620 1842 Per
1643 1822 1714 1850 quae.
1731 1813 1755 1840 si

963 1868 1026 1903 quis
1051 1866 1160 1893 tandem
1182 1872 1214 1892 ea
1241 1864 1390 1891 etiamnum
1417 1864 1547 1890 decenter
1569 1869 1600 1888 ac
1628 1860 1756 1895 religiose

963 1911 1133 1947 expenderit.
1152 1917 1213 1946 quae
1229 1910 1262 1936 de
1280 1909 1488 1943 dispensatione
1508 1906 1664 1934 Servatoris
1684 1904 1756 1932 aﬂir-

964 1960 1064 1988 malive
1086 1958 1299 1994 pronuntiantur
1314 1956 1445 1991 percipiet
1464 1955 1517 1982 vim
1541 1954 1569 1981 in
1586 1961 1616 1981 se
1637 1953 1756 1980 retinere

963 2007 1070 2035 eximite
1083 2004 1238 2041 negationis
1253 2003 1404 2031 efﬁcacem.
1419 2001 1537 2029 Proinde
1549 1999 1615 2036 quid
1629 1999 1666 2026 sit
1680 1998 1757 2027 afﬁr-

964 2053 1061 2086 matio,
1083 2055 1180 2079 contra
1198 2049 1264 2085 quid
1288 2049 1408 2084 negatio.
1425 2048 1553 2083 superius
1575 2046 1656 2074 nobis
1670 2045 1757 2080 expli-

964 2103 1056 2126 catum
1074 2101 1128 2130 est,
1151 2097 1239 2131 capite
1263 2095 1345 2122 tertio
1360 2093 1481 2130 Mysum:
1503 2093 1584 2128 250
1608 2091 1754 2125 theologiaz.

965 2145 1019 2174 Sed
1042 2152 1096 2181 quo
1121 2144 1230 2172 demum
1256 2147 1337 2177 pacto
1355 2140 1545 2175 intelliguntur
1560 2137 1756 2165 aiﬁrmationes

963 2191 1093 2226 praesenti
1107 2190 1167 2217 loco
1183 2189 1237 2216 vim
1256 2187 1285 2214 in
1300 2195 1330 2214 se
1339 2186 1464 2213 obtinere
1486 2183 1645 2220 praestantis
1661 2182 1756 2217 cujus-

965 2239 1038 2274 piam
1055 2234 1228 2272 negationis?
1257 2233 1315 2261 Hoc
1329 2240 1396 2260 sane
1411 2232 1493 2260 modo
1507 2241 1514 2259 :
1530 2229 1651 2258 Tametsi
1663 2228 1757 2256 Jesum

179 2287 259 2320 πόδες
270 2276 300 2315 οὐ
317 2276 451 2324 θεότητος.
461 2287 529 2314 Θεοῦ
544 2287 636 2319 πάλιν,
652 2286 786 2323 παρθένον
801 2285 909 2320 ποιῆσαι

967 2283 1128 2320 proﬁtemur
1144 2283 1281 2312 hominem
1301 2289 1375 2313 esse,
1397 2279 1479 2315 idque
1493 2286 1525 2306 ex
1545 2276 1650 2312 virgine
1670 2279 1758 2302 matre

118 2334 209 2361 κύειν·
225 2333 256 2360 τὸ
274 2333 301 2360 δὲ
315 2333 558 2370 διαμεμορφῶσθαι
577 2333 638 2368 ὄψει
662 2331 709 2359 καὶ
728 2332 784 2364 τοῖς
812 2330 915 2361 λοιποῖς

124 2380 233 2416 μέλεσιν
253 2380 283 2406 οὐ
301 2380 436 2416 θεότητος.
454 2379 533 2406 Οὕτω
549 2379 595 2406 καὶ
617 2379 650 2405 ὲκ
667 2378 714 2405 τοῦ
737 2377 860 2404 ἐναντίου
880 2375 914 2403 τὰ

118 2427 204 2455 αὑτά.-
230 2427 261 2455 ob
288 2426 342 2463 γὰρ
370 2427 430 2453 κατ’
454 2426 598 2462 ἄνθρωπον
626 2425 681 2462 (58)
704 2424 740 2452 τὰ
764 2423 916 2459 ἀνθρώπων

118 2473 246 2508 ἐποίησεν
256 2481 263 2488 ·
286 2473 429 2510 ἄνθρωπος
449 2473 497 2508 μὲν
522 2472 577 2508 γὰρ
593 2470 627 2508 ἦν
641 2473 674 2498 ἐκ
689 2471 741 2507 τῆς
761 2471 896 2507 παρθένου
906 2479 913 2485 ·

119 2519 177 2547 ἀλλ’
193 2520 223 2546 οὐ
245 2519 305 2546 κατ’
330 2519 472 2554 ἄνθρωπον
486 2517 582 2545 τοῦτο·
603 2519 679 2550 ποῖος
698 2517 752 2553 γὰρ
773 2517 916 2553 ἄνθρωπος

119 2567 152 2592 ἐκ
167 2565 319 2602 παρθένου;
344 2565 439 2597 Πάλιν,
464 2565 495 2591 τὸ
520 2564 584 2590 ποσὶ
610 2563 728 2599 βαδίζειν
752 2563 913 2599 ἀνθρώποψ

119 2612 166 2638 ἐπὶ
180 2612 209 2638 δὲ
222 2611 317 2642 ὓδατος
331 2611 381 2637 οὐκ
401 2610 559 2646 ανθρώπου·
584 2611 658 2641 ποῖος
679 2609 734 2645 γὰρ
752 2609 895 2645 ἄνθρωπος
905 2632 914 2643 ,

120 2658 188 2685 καθὸ
211 2657 365 2692 ἄνθρωπος,
389 2657 435 2683 καὶ
461 2657 538 2692 εἰμὴ
563 2656 616 2683 τινὶ
637 2656 695 2691 θείᾳ
717 2655 847 2691 δυνάμει,
870 2654 915 2681 ἐπὶ

121 2705 225 2732 ὑδάτων
249 2703 375 2737 ὲὸάδισε;
392 2703 446 2730 Τοῦ
468 2703 536 2729 Θεοῦ
561 2702 615 2738 γὰρ
638 2701 913 2738 ὲνανθρωπήσαντος·

121 2749 210 2784 (τοῦτο
232 2748 286 2785 γάρ
307 2750 365 2775 ἐστι
391 2749 422 2775 τὸ
449 2747 763 2783 ἀνδρωθέντος·)ἁνὴρ
789 2747 844 2783 γὰρ
869 2746 916 2773 καὶ

121 2795 263 2831 ἅνθρωπος
279 2794 353 2827 ἰδίως
367 2794 485 2829 λέγεται·
502 2795 517 2821 ὸ
530 2795 562 2821 ἐκ
573 2794 627 2821 τῶν
641 2793 687 2821 δύο
699 2793 807 2828 φύσεων
822 2793 916 2828 φανεὶς

129 2841 231 2878 Ἰησοῦς
250 2841 285 2869 τὰ
303 2842 354 2877 τῆς
378 2841 539 2877 θεανδρικῆς
564 2841 704 2877 ἐνεργείας
721 2841 786 2877 ἡμῖν
811 2839 916 2867 ἐπεδεί-

159 2946 172 2960 ο
185 2941 291 2971 Coloss.
308 2950 339 2975 ιι,
354 2943 379 2970 9.

968 2335 995 2359 et
1009 2335 1111 2358 nostra:
1123 2330 1285 2358 substantia:
1299 2327 1461 2364 participem
1473 2334 1480 2358 ;
1495 2323 1543 2352 sed
1559 2327 1586 2350 et
1600 2322 1757 2357 adopertam

966 2377 994 2404 in
1005 2385 1034 2405 se
1042 2375 1177 2411 ejusmodi
1193 2373 1395 2405 allirmationis,
1403 2377 1587 2405 arcanamque
1593 2369 1648 2397 vim
1658 2368 1759 2396 retinet

966 2423 1133 2458 negationis,
1149 2429 1210 2457 quae
1234 2424 1335 2449 nostrae
1359 2419 1442 2447 etiam
1471 2416 1570 2444 mentis
1588 2415 1760 2443 transcendit

966 2470 1063 2498 aciem.
1076 2468 1207 2503 Quisquis
1222 2468 1295 2495 enim
1312 2465 1389 2494 audit
1404 2465 1457 2492 hoc
1467 2485 1475 2496 ,
1498 2471 1561 2491 mox
1585 2462 1732 2497 respondet
1749 2468 1758 2487 :

965 2516 1026 2544 Non
1051 2516 1213 2551 simpliciter
1232 2514 1326 2546 homo,
1341 2510 1565 2549 quandoquidem
1593 2516 1626 2536 ex
1655 2507 1758 2541 virgine

966 2567 1116 2600 prognatus
1138 2566 1191 2595 est,
1216 2561 1265 2589 sed
1290 2567 1374 2596 supra
1402 2560 1528 2586 humana:
1559 2559 1664 2583 naturze
1693 2561 1760 2581 con-

966 2611 1096 2638 ditionem
1113 2629 1120 2641 ,
1141 2608 1249 2636 etiamsi
1269 2611 1368 2635 caetera
1389 2606 1427 2634 sit
1443 2605 1535 2632 homo.
1553 2602 1638 2630 Porro
1661 2601 1768 2635 ὑπερολ

966 2655 1047 2690 χικῆς
1065 2654 1183 2690 adjecit,
1200 2653 1228 2681 id
1245 2658 1287 2681 est
1306 2652 1492 2688 prazcellentis,
1508 2649 1541 2676 ad
1554 2646 1760 2690 distinctionem

966 2709 1071 2734 earum,
1087 2708 1147 2736 quae
1161 2699 1309 2736 privatorie
1323 2701 1481 2729 sumuntur,
1497 2695 1680 2730 negationum.
1693 2689 1758 2736 Elte-

966 2747 1023 2774 nim
1037 2767 1044 2779 ,
1060 2751 1089 2774 ut
1117 2750 1216 2774 cuncta
1244 2744 1420 2772 absolvamus
1439 2740 1563 2768 breviore
1582 2733 1757 2770 compendio,

965 2794 1060 2829 Neque
1080 2793 1162 2821 homo
1176 2797 1252 2825 erat,
1276 2791 1376 2826 inquit.
1400 2789 1508 2815 Rursus
1532 2782 1665 2812 concisim
1686 2779 1760 2829 velut

967 2824 1088 2876 seipsum
1114 2838 1256 2874 explicans
1277 2824 1372 2870 Pater;
1393 2834 1449 2870 jam
1473 2830 1554 2868 dictis
1580 2827 1676 2855 addit:
1699 2824 1765 2853 Non
