1940 3064
191 194 247 223 447

589 196 763 224 APPENDIX
783 196 828 224 AD
849 195 962 224 OPERA
977 196 1005 222 S.
1025 195 1175 224 οιοῡςϊδιι
1196 194 1442 224 ΑΒΕΟΡΑΟΙΤᾹΞ.

1780 196 1837 223 MS

193 255 274 289 quasi
300 264 355 284 non
373 256 462 290 homo,
480 257 573 285 verius
592 259 670 292 quasi
694 265 867 285 communem
897 257 983 284 homi-

1038 257 1111 289 ξατο.
1130 256 1287 292 Σημείωσαι
1307 256 1335 282 δὲ
1361 257 1402 283 ὃτι
1417 255 1464 282 νῦν
1484 255 1560 291 μὲνὸ
1581 255 1657 290 ἅγιος
1668 254 1718 290 τὴν
1734 255 1837 290 μικτὴν

194 310 260 329 num
290 306 415 330 naturam
436 303 654 337 transcenderis,
681 307 708 331 et
734 311 817 339 supra
845 304 983 330 hominem

194 356 258 376 vcre
271 349 361 376 editus
375 350 468 377 homo.
481 349 575 377 Obiter
591 350 670 376 velim
691 353 769 376 notes
786 349 899 376 solidam
914 349 984 375 hanc

193 394 337 429 epistolam
361 395 466 422 intendi
494 395 627 421 adversus
650 393 838 421 Nestorianos.
870 393 984 420 Notabis

193 441 306 476 insuper
329 441 542 469 menarrabilem
568 440 692 475 nullique
721 439 909 473 explicandam
931 439 984 466 Do-

194 488 262 515 mini
279 487 343 515 Jesu
362 488 501 519 unionem,
516 487 581 523 quia
601 495 657 514 non
680 490 710 514 ut
733 486 805 514 Deus
819 490 925 514 tantum
942 486 986 514 di-

194 534 258 562 vina
283 534 412 570 perfecit:
432 537 491 561 erat
512 534 585 561 enim
612 534 703 561 homo.
733 532 854 561 Rursum
884 541 938 561 non
955 537 986 561 ut

193 580 275 607 homo
291 584 396 607 tantum
410 580 529 606 humana
544 580 646 615 gessit;
661 584 720 606 erat
731 580 805 607 enim
817 579 887 607 Deus
909 579 986 607 Unde

192 629 220 654 ct
237 626 385 661 Gregorius
401 626 544 661 theologus
562 625 762 653 admirabiliter
785 626 861 656 dicit,
878 627 985 653 naturis

193 671 276 698 veluti
292 671 458 703 commistis,
479 671 519 698 sic
533 671 662 698 nimirum
679 671 908 706 appellationibus
925 680 984 698 mu-

192 721 240 744 tuo
270 725 380 752 quoque
407 717 615 744 recurrentibus
642 717 750 744 ratione
779 717 984 752 conjunctionis

192 767 363 791 naturarum.
377 763 510 791 Cancrum
527 764 663 797 quomodo
684 768 712 791 ut
727 763 798 791 Dens
813 765 908 799 gessit.
924 772 984 799 qum

192 809 284 836 divina
299 813 379 837 erant
397 809 522 845 proprie?
545 809 645 837 Recole
661 810 733 845 quod
752 810 867 845 pedibus
886 818 985 846 corpo-

1038 303 1177 339 ὲνέργειςιν
1205 302 1363 338 θεανδρικὴν
1383 302 1512 330 ἐκάλεσεν
1537 302 1607 337 (59)·
1622 302 1756 338 ἐνήργησε
1778 302 1838 337 γὰρ

1038 350 1084 377 καὶ
1111 349 1149 381 ὼς
1181 348 1247 380 Θεὸς
1281 349 1371 385 μόνον,
1401 349 1445 375 ὅτε
1472 347 1550 375 ἀπὼν
1570 347 1616 374 τὸν
1645 347 1692 374 τοῦ
1723 349 1838 376 ὲκατον-
1860 348 1864 351 ’

1037 396 1136 431 τάρχου
1168 395 1249 422 παῖδα
1269 396 1362 423 ἰάσατο
1387 394 1459 430 (40)’
1485 394 1533 422 καὶ
1562 395 1600 426 ὡς
1617 394 1759 430 ἄνθρωπος
1786 395 1838 431 μό-

1037 450 1091 473 νον,
1107 443 1130 468 εἰ
1146 442 1193 468 καὶ
1211 442 1277 474 Θεὸς
1290 440 1335 478 ἦν,
1353 443 1382 469 ὲν
1396 442 1435 478 τῷ
1451 442 1551 469 ἐσθίειν
1569 442 1616 468 καὶ
1631 442 1785 469 λυπεῖσθαι.
1806 443 1838 469 '0

1037 487 1065 514 δὲ
1089 488 1176 522 ἆγιος,
1199 489 1249 525 τὴν
1267 488 1415 525 Θεαρχικὴν
1435 487 1519 515 εἰπὼν
1543 488 1692 524 ἐνέργειαν,
1713 487 1838 523 δηλονότι

1038 533 1098 560 καθ’
1114 534 1147 570 ἢν
1170 535 1281 571 ἐνήργει
1303 535 1337 562 τὰ
1363 534 1490 570 θαύματα
1505 534 1577 570 (41),
1599 534 1647 561 καὶ
1668 533 1768 569 τυῳλοῦ
1785 534 1837 570 μὲν

1038 579 1193 617 ὀφθαλμοὺς
1216 582 1260 609 διὰ
1274 582 1390 618 κρίσεως
1414 581 1605 617 ἐδημιούργει,
1631 582 1686 617 ἁφὴ
1711 581 1739 609 δὲ
1762 590 1836 617 κρα-

1039 627 1136 654 σπέδου
1151 628 1199 664 τὴν
1214 627 1417 665 αἱμορῤοοῦσαν
1433 628 1501 660 ἰᾶτο,
1517 628 1568 659 τὰς
1581 628 1627 654 ἐπὶ
1646 629 1668 654 Χ
1674 627 1763 663 ριστοῦ
1787 627 1838 654 δύο

1035 674 1174 710 ἐνεργείας
1199 675 1327 710 ἐδήλωσε.
1341 675 1491 709 Συνάγεται
1508 675 1562 710 ἄρα
1582 675 1614 700 ἐκ
1628 674 1728 701 τούτων
1746 674 1837 701 ἀπάν-

1035 729 1099 752 των,
1113 721 1154 747 ὅτι
1168 721 1213 748 καὶ
1225 721 1367 757 ἅνθρωπος
1379 723 1458 757 εἴπερ
1469 721 1573 756 λέγοιτο
1585 722 1623 754 ὡς
1632 721 1718 753 alno;
1729 721 1774 748 καὶ
1787 722 1836 748 ἁν-

1036 766 1152 802 ορώπων
1164 767 1339 803 δημιουργὸς,
1349 766 1439 798 καθὼς
1449 767 1578 803 ἐλέγομεν
1593 767 1639 794 καὶ
1651 767 1696 793 ἐπὶ
1704 769 1760 799 τοῖς
1772 767 1835 794 ἑτέ-

1036 821 1094 849 ροις
1103 813 1242 848 ὀνόμασιν,
1258 813 1319 839 ἐπεὶ
1330 813 1399 848 ὑπὲρ
1412 813 1554 849 ἄνθρωπον
1568 813 1602 841 τὰ
1616 814 1671 840 τῶν
1681 813 1836 849 ἀνθρώπιον

193 856 247 884 reis
263 863 346 891 super
362 863 438 884 mare
454 856 595 891 ingressus
612 856 657 883 sit.
679 855 781 883 Divinae
802 860 895 884 autem
918 864 983 892 ope-

1038 859 1154 894 ὲνήργει,
1166 859 1216 886 οὐκ
1227 858 1260 885 ἂν
1274 858 1467 894 διαλυμανθείη
1482 859 1597 886 καθόλου
1611 861 1628 895 ἡ
1641 860 1753 896 ἀλήθεια
1762 860 1832 895 (42).

193 903 310 931 rationis
341 903 448 938 insigne
471 907 514 930 est
536 903 689 938 astringere
714 902 828 930 ﬂuidum
863 912 940 938 aqua:
966 905 1149 939 elementum;
1183 909 1298 938 contra,
1323 913 1404 940 caro,
1428 913 1493 933 ossa
1515 910 1542 934 et
1565 906 1663 941 pedes,
1685 915 1740 934 non
1767 907 1836 934 huic

193 949 293 978 divinae
307 950 453 977 tribuenda
471 953 586 977 naturae.
610 949 717 977 Rursus
732 950 805 985 quod
823 951 901 985 virgo
919 950 994 978 salva
1020 951 1178 987 integritate
1201 951 1340 988 concipiat
1351 965 1367 983 .-
1385 953 1448 987 quis
1480 952 1533 981 hoc
1560 952 1667 980 dubitet
1693 953 1835 982 ascribere

193 996 291 1024 divina:
303 996 474 1032 operationi?
492 1004 507 1024 e
522 995 641 1028 diverso,
655 995 728 1031 quod
743 996 812 1023 faeie
830 997 989 1032 reliquaque
1015 998 1201 1025 membrorum
1222 998 1366 1025 harmonia
1380 998 1539 1026 eﬂorrnatus
1554 999 1599 1030 sit,
1619 998 1835 1034 haudquaquam

192 1043 329 1071 divinitati
345 1044 470 1071 noscitur
482 1047 650 1078 Cornpetcre.
665 1042 706 1070 Ad
725 1043 850 1070 eumdem
878 1043 1000 1076 modum,
1019 1044 1114 1072 eadem
1136 1052 1220 1079 opera
1234 1065 1241 1078 ,
1271 1052 1287 1071 a
1312 1045 1471 1079 contrario;
1504 1052 1559 1072 non
1578 1045 1650 1072 enim
1676 1045 1833 1072 secundum

192 1091 320 1118 humanae
342 1095 448 1117 natura:
473 1090 545 1117 vires
572 1089 658 1124 gessit
681 1097 742 1124 quin
768 1090 886 1117 lnnnana
902 1094 986 1124 sunt;
1004 1090 1085 1118 homo
1109 1092 1220 1126 quidem
1236 1095 1306 1124 erat,
1328 1091 1410 1126 idque
1436 1099 1468 1119 ex
1485 1091 1602 1126 virgine.
1618 1091 1667 1118 sed
1693 1095 1720 1118 et
1741 1089 1838 1118 neuti-

192 1146 275 1173 quam
287 1139 412 1168 humance
428 1139 592 1167 conditionis
603 1145 611 1172 ξ
622 1148 685 1166 nam
715 1147 796 1174 quem
811 1139 878 1166 mihi
906 1139 1014 1166 dederis
1031 1140 1077 1175 qui
1092 1148 1125 1167 ex
1137 1141 1244 1175 virgine
1264 1143 1415 1175 prognatus
1432 1139 1469 1167 sit
1487 1139 1589 1166 homo?
1604 1138 1724 1170 Rursus,
1754 1139 1820 1174 pedi

193 1184 245 1212 bus
274 1185 420 1217 incedere.
450 1186 502 1214 hoc
532 1185 651 1213 hominis
679 1193 741 1213 esse
766 1186 871 1221 liquet:
902 1194 986 1221 super
1013 1193 1112 1221 aquam
1138 1186 1263 1222 ingredi,
1291 1194 1346 1213 non
1367 1186 1424 1221 jam
1447 1185 1567 1213 hominis
1589 1189 1642 1213 est.
1673 1185 1740 1218 Quis
1755 1185 1834 1213 enim

193 1231 341 1266 aliquando
368 1233 509 1259 hominum
533 1236 670 1268 quatenus
700 1232 801 1264 homo,
831 1232 885 1259 nisi
913 1233 984 1260 idem
1008 1233 1102 1260 divina
1130 1233 1259 1268 quapiam
1277 1232 1381 1260 virtute
1406 1231 1553 1263 subnixus,
1578 1239 1661 1266 super
1678 1239 1764 1266 aquas
1787 1232 1834 1258 in-

192 1278 270 1313 gredi
285 1279 394 1313 potuit?
420 1279 466 1306 Dei
494 1280 567 1307 enim
587 1279 711 1315 operatio
726 1281 805 1312 talis,
822 1281 870 1307 sed
899 1281 946 1316 qui
969 1281 1022 1308 sibi
1042 1281 1190 1308 humanam
1213 1280 1335 1308 induerit
1360 1283 1500 1308 naturam.
1526 1279 1583 1307 Hoc
1617 1280 1697 1315 plane
1725 1279 1836 1307 indicat

193 1323 279 1351 dictio
294 1324 486 1359 ἀνδρωθέντος,
503 1325 544 1352 vir
558 1326 631 1352 enim
646 1325 727 1352 simul
749 1329 776 1352 et
803 1325 885 1352 homo
900 1326 1009 1361 signate
1027 1325 1144 1359 dicitur;
1160 1329 1190 1352 ut
1211 1325 1259 1361 qui
1279 1333 1313 1353 ex
1338 1325 1445 1352 duabus
1463 1327 1542 1363 251
1567 1328 1673 1355 naturis
1696 1327 1835 1356 conﬂatus

194 1375 383 1405 apparensrpre
405 1370 537 1398 Dominus
556 1371 647 1402 Jesus.
670 1379 766 1398 eorum
780 1391 787 1403 ,
811 1379 872 1406 quae
897 1371 1076 1403 theandricte,
1101 1371 1154 1398 hoc
1183 1374 1225 1398 est
1248 1369 1296 1397 Dei
1317 1370 1405 1398 virilis
1432 1376 1511 1399 erant
1530 1372 1709 1407 operationis,
1737 1372 1835 1399 multi-

193 1417 255 1452 plex
286 1418 425 1453 specimen
447 1419 527 1447 nobis
555 1419 682 1447 ediderit.
698 1419 766 1447 Nota
791 1420 919 1455 insuper,
946 1420 1077 1456 quoniam
1107 1423 1222 1448 sanctus
1246 1419 1318 1447 hanc
1342 1419 1445 1447 Christi
1467 1418 1671 1446 miscellancam
1693 1418 1835 1452 operatio-
1887 1446 1891 1449 _

193 1470 256 1489 nem
272 1463 422 1491 vocandam
446 1466 555 1493 censuit
585 1468 766 1504 θεςινδρικήν,
798 1468 851 1496 hoc
872 1472 914 1496 est
937 1468 985 1496 Dei
1007 1469 1126 1496 virilem.
1141 1468 1276 1504 Operatus
1306 1467 1380 1495 enim
1402 1471 1455 1498 est,
1480 1471 1507 1494 et
1528 1467 1609 1501 quasi
1631 1465 1702 1493 Deus
1727 1465 1833 1498 soluat,

194 1509 304 1543 quando
320 1510 420 1539 absens
442 1511 525 1539 tilium
555 1514 725 1541 centurionis
747 1514 864 1542 sanavit.
888 1513 1001 1547 Contra,
1025 1517 1056 1541 ut
1079 1514 1161 1541 homo
1188 1513 1297 1546 solum,
1319 1512 1391 1539 Deus
1418 1512 1521 1546 alioqui
1551 1511 1621 1538 idem
1647 1518 1709 1538 cum
1734 1513 1832 1544 esset;

193 1554 304 1588 quando
330 1563 453 1584 comesse
479 1558 583 1590 voluit,
601 1564 627 1586 et
652 1559 724 1586 afﬁci
751 1566 881 1587 mcerore.
907 1559 994 1587 Porro
1009 1563 1122 1588 sanctus
1150 1559 1194 1586 hic
1222 1558 1372 1595 θεαρχικήν
1388 1565 1452 1584 cum
1467 1557 1547 1589 dixit,
1569 1556 1617 1583 Dei
1634 1556 1739 1583 virilem
1753 1556 1835 1583 vide-

194 1599 259 1627 licet
274 1601 347 1629 illam
364 1601 410 1630 Dei
425 1605 623 1638 operativnem,
641 1614 689 1642 per
713 1614 797 1642 quam
819 1607 996 1642 suspicienda
1023 1607 1101 1643 signa
1127 1606 1223 1634 edebat
1243 1617 1249 1634 :
1282 1610 1363 1642 puta,
1380 1613 1434 1641 qua
1455 1605 1520 1632 caeci
1543 1605 1638 1632 oculos
1663 1604 1722 1632 sola
1748 1604 1834 1631 inun-

194 1647 286 1676 ctione
308 1649 427 1685 reﬁnxit,
459 1653 518 1680 solo
543 1654 606 1681 item
627 1658 731 1682 attactu
758 1655 874 1683 ﬁmbriae
900 1657 1007 1684 curavit
1023 1655 1269 1686 haemorrhousam,
1287 1655 1356 1682 duas
1373 1654 1400 1681 in
1415 1654 1526 1682 Christo
1552 1653 1639 1681 fuisse
1656 1653 1834 1688 operationes

194 1693 247 1722 hoc
263 1696 372 1725 nomine
401 1698 554 1727 luculenter
583 1701 729 1736 expressit.
757 1701 798 1728 Ex
828 1702 872 1730 bis
890 1710 956 1730 sane
976 1702 1105 1730 onrnibus
1132 1701 1296 1736 compendio
1320 1701 1468 1736 colligitur,
1494 1700 1557 1736 quia
1585 1699 1712 1727 Christus
1742 1699 1834 1727 asseri

193 1743 277 1770 etiam
294 1748 402 1779 poterat
430 1746 511 1774 homo
526 1752 663 1783 quatenus
684 1753 781 1776 auctor
796 1755 824 1777 et
843 1749 986 1777 hominum
1007 1753 1115 1777 creator
1138 1753 1216 1782 erat;
1245 1747 1478 1783 quemadmodum
1497 1746 1525 1773 in
1547 1745 1663 1772 aliorum
1687 1744 1833 1772 nominum

194 1789 378 1824 explicatione
399 1793 507 1821 abunde
533 1797 614 1824 nobis
633 1797 738 1825 dictum
754 1803 805 1826 est.
833 1798 928 1834 Neque
940 1799 996 1826 ullo
1012 1798 1093 1826 modo
1108 1801 1240 1833 corrupta
1253 1797 1351 1825 fuisset
1368 1797 1471 1825 veritas
1500 1803 1506 1822 :

196 1839 261 1860 num
278 1839 368 1868 erant,
381 1837 482 1865 virtute
497 1839 616 1867 humana
630 1842 783 1876 superiore,
802 1842 928 1878 perfecit.

442 1884 476 1912 IN
492 1885 687 1916 EPISTOLAM
704 1889 738 1916 V.

232 1925 270 1955 De
286 1927 377 1955 divina
393 1931 510 1966 caligine
538 1933 616 1968 prius
632 1934 743 1969 quidem
770 1934 852 1963 Pater
879 1936 986 1964 edisse—

196 1974 264 2007 ruit,
294 1976 383 2010 capite
402 1977 532 2005 nimirum
561 1979 684 2016 Mysum
715 1981 853 2017 theologia:
885 1983 984 2017 primo.

197 2017 246 2046 Est
272 2027 363 2047 autem
382 2021 467 2050 dictio
492 2023 550 2051 haec
574 2033 608 2053 ex
636 2025 684 2053 illo
712 2026 867 2054 admirabili
886 2028 987 2056 Davide

195 2063 351 2100 desumpta.
371 2066 510 2102 Siquidem
536 2070 560 2097 is
582 2072 637 2102 ait,
668 2072 722 2098 Καὶ
739 2072 837 2107 γνόφος
856 2073 908 2099 ὑπὸ
923 2074 986 2106 τοὺς

196 2110 280 2142 πόδας
299 2112 391 2146 αὑτοῦ,
408 2114 434 2141 id
448 2123 489 2142 est
506 2126 512 2143 :
541 2116 575 2143 Et
590 2118 677 2153 caligo
696 2118 743 2145 sub
764 2119 873 2153 pedibus
889 2120 945 2153 ejus
961 2125 984 2148 Ρ.

195 2154 237 2182 Ob
257 2156 283 2183 id
304 2158 376 2185 enim
399 2159 474 2188 addit
495 2160 576 2189 Pater
592 2173 599 2190 :
616 2162 645 2190 In
672 2171 725 2199 qua
750 2164 903 2192 inhabitare
917 2165 986 2192 dici-

196 2206 242 2229 tur
257 2203 340 2232 Deus.
366 2205 433 2233 Nam
457 2207 481 2235 si
510 2210 562 2237 sub
588 2210 649 2245 ejus
673 2211 788 2246 pedibus
804 2213 904 2248 caligo,
931 2221 986 2240 non

196 2250 344 2279 obscurum
357 2257 400 2281 est
416 2258 472 2282 tota
486 2263 518 2283 ea
537 2257 653 2291 caligine
680 2257 985 2293 incomprehensibilem

196 2296 299 2331 alioqui
331 2301 358 2324 et
391 2299 557 2328 invisibilem
582 2303 798 2338 circumquaque
835 2304 984 2340 adoperiri.

195 2340 316 2370 Rursum
342 2343 427 2373 Isaias
456 2347 608 2382 propheta:
641 2348 676 2376 Et
698 2350 805 2384 impleta
824 2356 864 2378 est
892 2350 985 2378 domus

195 2387 270 2423 fumo
283 2394 306 2416 ιι.
333 2389 471 2420 Dorotheo
487 2394 571 2429 igitur
593 2395 742 2432 λειτουργῷ
758 2397 874 2425 diacono
889 2398 987 2426 videli—

196 2437 240 2461 cet
253 2433 304 2469 (sic
315 2436 386 2462 enim
406 2437 500 2465 docuit
515 2438 569 2466 dici
588 2440 734 2468 diaconum
751 2442 779 2469 in
796 2442 986 2471 Ecclesiastica

195 2479 357 2517 hieran/tia)
373 2483 536 2518 sciscitantiI
557 2494 682 2521 qmenam
712 2487 770 2515 hate
796 2493 869 2517 esset
885 2489 984 2525 caligo,

197 2528 345 2562 respondet
365 2539 370 2556 :
393 2529 485 2565 Caligo
503 2540 569 2559 sane
594 2537 646 2564 est,
670 2542 752 2568 quam
782 2536 910 2563 tenebras
924 2544 987 2564 esse

197 2573 310 2601 credere
326 2574 389 2609 quis
416 2577 514 2610 possit,
543 2577 589 2604 lux
605 2578 709 2614 alioqui
734 2579 895 2614 inaccessa;
922 2588 985 2608 nam

197 2618 307 2646 etiamsi
328 2619 374 2647 lux
403 2622 448 2652 sit.
478 2622 619 2650 inaccessa
640 2628 732 2652 tamen
758 2629 859 2658 manet,
883 2627 986 2655 nullive

198 2665 291 2699 pervia
306 2670 437 2694 creaturae
451 2677 457 2694 z
483 2672 509 2694 ct
526 2667 577 2695 hac
592 2670 680 2704 gratia
705 2677 804 2698 nomen
819 2671 924 2706 accepit
938 2671 985 2698 τοῦ

197 2709 308 2744 γνόφου,
325 2711 351 2738 id
366 2715 409 2739 est
429 2713 560 2747 caliginis,
580 2714 653 2749 quod
676 2715 748 2742 visui
764 2717 923 2751 neutiquam
939 2725 986 2752 pa-

196 2760 264 2784 Icat.
283 2756 431 2787 Invisibilis
445 2767 510 2787 sane
525 2767 579 2787 non
591 2761 669 2795 juxta
687 2762 713 2789 id
729 2762 887 2798 signiﬁcati,
903 2773 958 2799 quo
971 2773 986 2792 ιι

199 2805 329 2839 primaria
345 2806 387 2833 sui
402 2807 560 2835 conditione
576 2811 648 2835 terra
665 2808 739 2836 dicta
760 2813 802 2838 est
826 2810 880 2838 ibi:
902 2810 986 2838 Terra

198 2854 288 2877 autem
301 2855 360 2878 erat
380 2852 528 2881 invisibilis
555 2857 582 2881 et
607 2854 767 2883 incondita:
795 2857 880 2893 magis
896 2862 986 2886 autem

255 2945 267 2965 ι’
283 2939 354 2968 Psai.
371 2950 435 2976 xvn,
456 2943 496 2970 10.
536 2949 547 2968 '1
567 2943 617 2972 Isa.
637 2953 672 2978 r1.
690 2945 715 2974 ι.

1535 1793 1645 1830 quando
1661 1800 1721 1828 quae
1742 1792 1834 1819 homi-

1213 1889 1267 1915 ΕΙΣ
1296 1888 1367 1914 ΤΗΝ
1391 1886 1591 1915 ΕΠΙΣΤΟΛΗΝ
1610 1887 1651 1913 Ε’.

1074 1935 1141 1971 napi.
1153 1934 1199 1963 τοῦ
1215 1935 1288 1962 θείου
1304 1935 1402 1969 γνόφου
1431 1934 1478 1961 καὶ
1502 1934 1634 1969 πρότερον
1661 1933 1771 1969 εἴρηκεν
1801 1932 1834 1959 ὲν

1037 1981 1076 2018 τῷ
1091 1981 1192 2017 πρώτῳ
1215 1979 1308 2016 βιϐλίῳ
1327 1980 1382 2016 (45)
1402 1980 1449 2007 τοῦ
1471 1980 1542 2014 Περὶ
1563 1978 1713 2015 μυστικῆς
1728 1980 1833 2006 θεολο-

1037 2029 1112 2063 γίας.
1131 2029 1209 2055 Ἔστι
1222 2028 1250 2054 δὲ
1266 2028 1282 2063 ἠ
1301 2028 1379 2063 ῥῆσις
1400 2028 1433 2054 ἐκ
1460 2026 1507 2053 τοῦ
1529 2026 1672 2052 θεσπεσίου
1687 2025 1769 2052 Δαυὶδ
1785 2025 1832 2052 λέ-

1037 2083 1130 2109 γοντος
1137 2083 1143 2089 ·
1153 2074 1207 2101 Καὶ
1215 2073 1391 2109 τνόφυςύπὸ
1400 2072 1470 2106 τοὺς
1476 2073 1570 2106 πόδας
1577 2071 1679 2099 αὑτοῦ.
1693 2072 1741 2099 Διὰ
1750 2071 1834 2099 τοῦτο

1037 2121 1091 2157 γὰρ
1106 2120 1194 2157 τίθησι
1212 2121 1258 2147 καὶ
1274 2121 1319 2147 τό·
1355 2121 1399 2146 Ἐν
1450 2120 1586 2147 κατοικεῖν
1603 2118 1737 2153 λέγεται-ὀ
1751 2118 1830 2150 Θεός.

1037 2168 1069 2195 Et
1084 2168 1138 2204 γὰρ
1155 2168 1206 2194 ὑπὸ
1220 2168 1284 2199 τοὺς
1299 2167 1382 2197 πόδας
1411 2166 1486 2193 ἐστὶν
1502 2167 1516 2193 ὁ
1538 2166 1646 2200 γνόφος,
1664 2164 1773 2200 εὔδηλον
1786 2165 1832 2192 ὅτι

1037 2214 1066 2240 ὲν
1081 2214 1178 2249 ἐκείνῳ
1192 2213 1273 2240 παντὶ
1294 2211 1525 2249 περικαλύπτεται
1539 2211 1553 2236 6
1572 2210 1756 2247 ἀπερίληπτος
1783 2210 1834 2238 καὶ

1037 2260 1158 2292 ἀθέατος.
1175 2260 1230 2286 Καὶ
1247 2259 1326 2286 πάλιν
1336 2260 1350 2286 ὀ
1362 2256 1552 2289 Ἡσαΐας’Καὶ
1561 2256 1701 2291 ἐπλήσθη
1712 2256 1832 2284 καπνοῦ

1038 2308 1054 2334 ό
1071 2307 1162 2339 οἶκος.
1186 2305 1337 2341 Ἐρωτῶντι
1353 2305 1443 2332 τοίνυν
1458 2304 1497 2339 τῷ
1525 2302 1683 2339 λειτουργῷ,
1708 2302 1831 2338 δηλονότι

1036 2352 1161 2388 διακόνῳ,
1184 2351 1265 2387 (οὕτω
1283 2352 1337 2388 γὰρ
1353 2351 1444 2384 ἔλεγεν
1468 2351 1497 2378 ὲν
1519 2351 1552 2386 τῇ
1575 2348 1831 2383 Ἐκκλησιαστικῇ

1037 2397 1181 2434 ἰεραρχίᾳ)
1213 2397 1354 2433 Δωροθέῳ,
1383 2397 1426 2429 τις
1454 2397 1527 2423 ἐστιν
1545 2397 1559 2423 ὁ
1574 2394 1695 2426 τοιοῦτος
1719 2394 1831 2429 γνόφος,

1038 2444 1134 2480 φησιν·
1161 2440 1246 2475 Οὗτός
1273 2444 1347 2470 ἐστιν
1377 2442 1407 2469 ὃν
1430 2442 1525 2473 σκότος
1549 2441 1673 2478 οἰήσαιτό
1708 2449 1766 2472 τις,
1797 2441 1831 2467 τὺ

1038 2490 1183 2526 ἀπρόσιτον
1208 2489 1283 2524 φῶς·
1309 2490 1333 2516 ει
1349 2489 1404 2525 γὰρ
1424 2489 1470 2515 καὶ
1499 2488 1556 2524 φῶς
1578 2489 1653 2515 ἐστιν
1680 2487 1746 2522 (44),
1761 2486 1830 2515 ἀλλὰ

1039 2536 1086 2563 καὶ
1102 2536 1259 2572 ἀπρόσιτον·
1288 2535 1336 2562 καὶ
1348 2534 1393 2562 διὰ
1408 2534 1488 2561 τοῦτο
1507 2534 1538 2561 τὸ
1567 2533 1614 2560 τοῦ
1628 2533 1727 2568 γνόφου
1743 2532 1829 2567 ὄνομα

1038 2582 1144 2617 εἴληφε,
1163 2581 1246 2608 διὰτὸ
1261 2581 1376 2617 ἀόρατον
1394 2581 1504 2616 δηλαδή.
1529 2581 1655 2616 ’Λόρατον
1671 2579 1699 2606 δὲ
1711 2579 1741 2606 οὒ
1758 2579 1830 2606 κατὰ

1039 2627 1070 2654 τὺ
1082 2627 1145 2662 περὶ
1162 2627 1212 2662 τῆς
1238 2626 1357 2662 ἀρχῆθεν
1382 2626 1433 2661 γῆς
1460 2626 1672 2662 σημαινόμενον·
1699 2626 1714 2661 ὴ
1736 2625 1765 2651 δὲ
1791 2625 1829 2660 γῆ

1039 2671 1073 2709 ἦν
1089 2673 1204 2708 ἀόρατος
1218 2673 1264 2700 καὶ
1274 2672 1513 2704 ἀκατασκεύαστος
1523 2683 1529 2688 ·
1544 2672 1611 2699 ἀλλὰ
1625 2671 1669 2698 διὰ
1682 2671 1730 2707 τὴν
1742 2672 1830 2704 ὑπερ-

1041 2722 1154 2757 έχουσαν
1170 2720 1362 2756 φανότητα,ὼς
1377 2720 1493 2756 ἀόρατον
1519 2719 1634 2755 λέγομεν
1650 2719 1695 2746 τὸν
1711 2719 1783 2756 ἥλιον
1798 2720 1830 2746 ἒν

1043 2777 1111 2803 μεση
1117 2767 1212 2803 μϐρίᾳ,
1221 2767 1410 2794 ἀποπάλλοντα
1423 2766 1472 2798 τὰς
1487 2767 1597 2798 ἀκτῖνας
1613 2766 1809 2802 καθαρωτάτας
1819 2775 1828 2782 ·

1040 2815 1108 2850 ὅπερ
1124 2813 1178 2850 γὰρ
1197 2814 1267 2840 ποιεῖ
1282 2813 1370 2848 φωτὸς
1383 2812 1510 2846 ἀπουσία,
1528 2812 1722 2849 ἀνενεργησίαν
1736 2811 1815 2846 δηλον

1041 2860 1082 2886 ότι
1099 2859 1152 2886 τῶν
1171 2859 1290 2887 ὀπικῶν
1319 2859 1458 2896 δυνάμεων
1482 2858 1661 2896 ἐργαζομένη,
1678 2858 1756 2885 τοῦτο
1779 2857 1828 2885 καὶ
