1940 3064
72 192 126 220 M9

447 188 670 217 PACHYMERIE
692 186 936 215 PARAPHRASIS
950 186 983 214 IN
1002 181 1077 215 EPP.
1096 187 1125 215 S.
1148 182 1308 215 DIONYSII.

1651 187 1705 215 450

72 253 90 288 ἡ
107 251 176 287 πρὸς
191 250 266 286 ἥλιον
280 250 309 276 ὲν
341 248 499 285 μεσημϐρίᾳ
521 247 618 283 ἀτενὴς
633 246 781 281 ἀπόϐλεψις
795 247 860 272 ἁπο-

917 248 1028 280 propter
1056 245 1252 272 exuberantem
1272 244 1380 279 copiam
1408 244 1499 271 lucis:
1525 243 1706 279 quemadmo-

71 299 152 326 τελεῖ.
183 298 226 324 Ἑν
240 296 327 332 τούτῳ
347 296 451 330 γίνεται
480 296 534 326 πᾶς
554 297 568 318 ὂ
580 295 651 322 κατὰ
666 292 782 328 θῐιυῦσῆν
796 291 861 318 Θεὸν

71 345 171 381 γνῶναι
188 345 235 371 καὶ
249 344 312 370 [δεῖν
341 342 511 377 ἀξιούμενος.
533 340 565 366 Τί
579 340 608 367 δέ
633 340 707 366 ἐστιν
726 339 743 374 ἡ
761 338 860 373 γνῶσις

71 392 119 419 καὶ
137 392 153 426 ἡ
172 390 221 417 θέσ.
237 389 283 416 ἐπὶ
313 388 398 421 Θεοῦ;
428 387 493 414 αὐτὸ
519 386 549 413 τὸ
581 384 703 420 γίνεσθαί
718 393 778 411 τινα
792 383 862 419 ὑπὲρ

70 437 166 473 δρασιν
177 436 224 463 καὶ
243 436 353 470 γνῶσιν,
379 435 425 461 καὶ
453 434 521 470 μήτε
536 433 602 468 ὀρᾷν
618 432 685 467 μήτε
699 430 842 465 γινώσκειν
853 438 859 444 ·

70 482 150 510 τοῦτο
165 482 192 509 δὲ
210 481 288 517 μόνον
320 480 473 515 γινώσκειν,
490 480 530 506 ὃτι
555 478 623 514 μετὰ
654 477 741 504 πάντα
756 475 811 511 (45)
827 474 862 502 τὰ

70 527 249 564 αἰσθητὰκαὶ
277 527 312 553 τὰ
334 526 416 562 νοητὰ
443 526 458 552 ὁ
483 525 549 556 Θεός
577 525 645 550 ἐστι.
666 522 704 548 Τὸ
731 522 759 548 δὲ
785 520 861 554 ὑπὲρ

70 572 256 608 πάντα,μετὰ
270 572 367 599 πάντα
383 569 453 603 εἷπε,
483 570 569 605 δηλῶν
585 569 635 605 τὴν
648 568 703 596 τῶν
724 567 861 603 αἰσθητῶν

71 619 129 654 ἅμα
142 619 188 645 καὶ
206 617 309 654 νοητῶν
324 618 450 644 ἁπάντων
465 616 599 647 διάϐασιν,
622 614 690 650 πρὸς
714 612 763 648 τὴν
792 613 861 648 ἡμε-

71 665 151 702 τέραν
167 664 265 699 γνῶσιν
287 664 414 700 ῥηθέντος
441 662 489 689 τοῦ
514 661 593 696 λόγου
622 659 688 695 (46).
713 658 791 686 Οὕτω
806 657 861 694 γὰρ

70 712 117 739 καὶ
129 713 146 748 ἡ
160 712 259 745 γνῶσις
280 710 346 746 μεθὸ
369 709 468 736 διέλθοι
483 708 583 739 πάντα,
600 706 669 742 πρὸς
682 705 747 732 Θεὸν
763 704 861 738 ἀνάγε-

72 767 114 784 ται
131 758 196 793 (47),
216 758 263 784 καὶ
277 757 353 792 ζητεί
364 756 398 782 τὰ
413 755 484 791 ὑπὲρ
500 755 601 781 πάντα·
617 753 661 779 ὅτε
684 751 749 786 γοῦν
765 750 860 777 τούτου

70 813 111 836 τις
121 803 249 839 ἀξιωθείη
267 803 332 839 (48),
347 802 416 838 μετὰ
430 802 477 828 τοῦ
490 801 632 837 Προφήτου
652 800 709 834 ὲρεῖ
719 806 725 813 ·
759 797 862 824 Ἐθαυ-

67 850 211 885 μαστώθη
226 850 245 882 ἡ
259 848 370 884 γνῶσίς
385 856 443 876 σου
458 848 492 880 ἐξ
505 847 578 882 ἐμοῦ
588 855 594 861 ·
619 844 808 879 ὲκραταιώθη,
824 844 861 870 οὺ

67 896 111 931 μὴ
126 896 256 930 δύνωμαι
267 895 341 928 πρὸς
355 894 461 927 αὐτήν.
474 894 564 928 Ἔγνω
580 893 626 919 καὶ
640 893 654 919 ό
669 892 738 923 θεῖος
755 890 860 922 Παῦλος

69 926 116 970 σὺν
130 926 212 975 Θεὸν,⁷
221 942 261 968 ὅτι
275 926 377 977 δηλαδή
401 926 474 967 ἐστιν
493 926 564 975 ὑπὲρ
583 940 671 966 πᾶσαν
687 938 788 973 γνῶσιν
812 936 860 964 καὶ
877 926 896 953 Β

70 989 173 1024 νόησιν,
201 989 242 1015 ὄτι
270 987 481 1022 ἀνεξιχνίαστος,
507 986 547 1013 ὅτι
577 985 612 1012 τὰ
641 984 763 1021 κρίματα
779 982 861 1010 αὑτοῦ

69 1034 277 1069 ἀνεξερεύνητα,
305 1034 345 1060 ὅτι
375 1033 402 1059 αἱ
432 1032 531 1068 δωρεαὶ
558 1031 758 1067 ἁνεκδιήγητοι,
779 1031 819 1056 ὅτι
844 1029 860 1065 ὴ

69 1081 164 1117 εἰρήνη
180 1080 262 1108 αὐτοῦ
279 1079 407 1115 ὑπερέχει
423 1079 511 1106 πάντα
527 1078 588 1105 νοῦν
600 1087 606 1093 ·
626 1077 705 1104 τοῦτο
720 1077 774 1112 γάρ
788 1077 860 1102 ἐστιν

69 1127 141 1162 ὅπερ
155 1126 224 1161 ὑπὲρ
246 1125 338 1160 νόησιν
367 1124 494 1158 ἔγνωκεν,
511 1123 552 1149 ὅτι
572 1121 682 1149 πάντων
710 1121 784 1147 ἐστὶν
797 1120 861 1147 ἑπέ-

69 1181 159 1203 κεινα,
189 1171 227 1203 ὡς
255 1170 343 1202 αἴτιος
369 1170 476 1197 πάντων
493 1168 540 1196 ὧν.
560 1167 606 1204 Μὴ
626 1167 691 1202 γοῦν
715 1167 786 1193 εἴποι
807 1175 859 1198 τις,

69 1219 130 1250 πῶς
142 1218 212 1254 ὑπὲρ
225 1217 316 1252 νόησιν
338 1218 396 1243 ἐστι
408 1215 439 1242 τὸ
452 1215 550 1242 εἰδέναι
567 1214 640 1246 τινὰ,
660 1215 700 1240 ὅτι
712 1213 726 1238 ό
746 1213 811 1245 Θεὸς
823 1213 860 1244 ὡς

68 1265 197 1291 ἐπέκεινα
214 1264 321 1290 πάντων
335 1264 409 1289 ἐστὶν
424 1261 632 1298 ἀνεξερεύνητος
644 1260 736 1296 κοινῆς
746 1259 861 1291 ἐννοίας,

67 1311 169 1338 ὡσανεὶ
183 1310 286 1346 ταύτης
303 1309 385 1344 οὔσης
404 1308 449 1335 καὶ
465 1308 573 1334 πάντων
587 1307 696 1333 εἰδότων
720 1305 861 1332 ἀναποδεί-

67 1365 152 1388 κτως,
175 1357 216 1383 ὅτι
232 1358 246 1383 ό
273 1356 339 1388 Θεὸς
368 1354 572 1389 ἀκατάληπτος·
592 1353 649 1380 ἀλλ’
668 1352 762 1378 εἱδέτω
781 1351 836 1387 (49)
852 1370 859 1383 ,

67 1403 106 1435 ὡς
121 1403 164 1430 ὅτι
185 1402 234 1438 μὲν
250 1403 264 1428 ό
288 1402 353 1433 Θεὸς
368 1401 573 1436 ἀκατάληπτος,
598 1399 646 1426 καὶ
676 1398 745 1434 ὑπὲρ
761 1397 861 1432 γνῶσιν

66 1449 122 1476 τῶν
142 1449 248 1476 πολλῶν
271 1448 344 1475 ἐστιν
372 1447 488 1474 εἰδέναι·
515 1446 582 1473 διότι
605 1445 633 1472 δὲ
662 1443 793 1477 τοιοῦτος,
812 1443 860 1470 καὶ

67 1495 137 1528 πῶς,
150 1495 261 1522 ἐκείνων
289 1494 347 1520 ἐστὶ
378 1493 465 1529 μόνων
492 1493 592 1519 εἰδέναι
615 1491 669 1518 τῶν
691 1489 860 1523 ἀξιωθέντων

66 1541 195 1576 γνώσεως
209 1541 284 1572 θείας
299 1540 355 1576 (50)
387 1540 433 1566 καὶ
449 1539 521 1574 ὑπὲρ
549 1538 707 1574 ἄνθρωπον·
723 1534 778 1567 οἷος
786 1534 820 1572 ἦν
846 1536 861 1562 ὁ

66 1587 159 1619 Δαυὶδ,
184 1586 240 1619 οἷος
255 1588 269 1614 ὁ
286 1586 402 1618 Παῦλος.
417 1586 474 1612 Καὶ
489 1585 519 1612 τὸ
535 1584 670 1612 ἐκλείπειν
684 1583 730 1610 τὸν
741 1582 826 1618 ἥλιον,
842 1582 858 1618 ἤ
873 1604 895 1633 C

65 1635 116 1670 τὴν
131 1634 256 1670 σελήνην,
272 1633 289 1669 ἢ
316 1632 380 1660 ἄλλο
399 1641 425 1659 τι
440 1631 494 1658 τῶν
520 1631 592 1658 κατὰ
608 1630 709 1666 κόσμον
725 1628 857 1664 γίνεσθαι,

64 1681 106 1708 ὃτι
125 1681 173 1716 μὲν
188 1680 291 1707 οἴδασιν
318 1679 343 1706 οἱ
371 1678 474 1710 πολλοὶ,
497 1678 583 1709 οὐδεὶς
594 1676 772 1712 ἀμφιόάλλει-
787 1674 857 1711 αὑτὴ

63 1727 149 1764 γὰρὴ
167 1727 292 1762 αἴσθησις
307 1725 426 1752 διδάσκει
456 1724 544 1751 τοῦτο·
569 1724 604 1750 δι’
620 1724 634 1750 ὃ
651 1723 680 1750 δὲ
706 1722 794 1749 ταῦτα
816 1721 859 1755 γι-

64 1782 169 1805 νονται,
190 1772 240 1799 οὐκ
255 1770 357 1800 οἴδασιν
372 1770 457 1805 ἄλλοι,
471 1771 488 1808 ἢ
501 1770 602 1804 οἱπερὶ
626 1768 712 1796 ταῦτα
734 1766 858 1804 ἀκριϐεῖς

64 1820 166 1856 ὲπιστή
171 1828 259 1855 μονες.

913 291 978 318 dum
995 291 1080 318 solem
1092 291 1182 325 ipsum
1208 291 1301 319 radios
1318 291 1398 325 longe
1413 291 1577 326 purissimrs
1592 291 1706 319 meridie

913 336 1094 370 cjaculantem
1106 344 1161 363 non
1174 336 1334 363 dubitamus
1348 336 1512 363 invisibilem
1528 337 1629 364 dicere.
1638 336 1705 364 Nam

912 382 986 417 quod
1005 382 1074 409 lucis
1098 382 1222 410 absentia
1251 382 1341 414 ellicit,
1370 382 1434 409 dum
1464 383 1570 410 scilicet
1591 383 1705 411 visivazn

912 428 1064 462 potentiam
1085 434 1134 454 sua
1160 427 1250 463 privat
1281 428 1460 463 operatione:
1492 429 1563 456 idcm
1591 437 1705 464 prorSns

912 473 1019 509 perlicit
1036 474 1177 501 contuitus
1194 473 1221 500 in
1233 473 1317 501 solem
1331 474 1510 501 meridianum
1527 474 1607 503 ﬁxius
1624 475 1703 511 252

913 519 1094 554 pressiusque
1122 519 1285 547 collineans.
1315 519 1435 547 Proinde
1460 519 1488 546 in
1514 520 1565 547 hac
1589 521 1704 556 caligine

912 569 1050 596 versatur,
1068 565 1206 600 quisquis,
1224 569 1254 592 ut
1270 565 1386 600 Moyses,
1400 568 1528 593 censetur
1543 566 1642 601 dignus
1658 575 1706 594 co-

911 611 1035 646 gnitione
1050 611 1098 638 Dei
1124 615 1206 646 atque
1228 611 1345 639 visione.
1377 611 1431 639 Sed
1456 616 1483 639 et
1507 613 1570 640 talis
1585 613 1704 647 cognitio

912 657 960 685 Dei
985 658 1088 693 pariter
1101 661 1129 686 et
1157 657 1236 690 visio,
1254 657 1319 692 quid
1350 659 1459 685 tandem
1485 658 1548 685 est?
1569 657 1703 685 Nimirum

913 705 1032 740 aliquem
1045 712 1107 732 esse
1134 711 1218 739 supra
1243 703 1395 736 visionem,
1418 707 1445 730 et
1464 704 1660 738 cognitionem,
1677 708 1703 731 et

912 758 1002 786 neque
1019 750 1125 782 videre,
1141 757 1229 785 neque
1241 757 1408 784 cognoscere
1432 750 1505 784 quod
1523 754 1583 784 post
1600 750 1703 781 omnia,

912 805 973 832 qum
984 804 1066 824 sensu
1083 796 1316 831 iotelligentiaque
1332 796 1533 830 percipiuntur,
1558 794 1630 822 Deus
1649 798 1703 822 est.

911 843 981 870 Illud
1011 847 1102 870 autem
1119 842 1190 878 ὑπὲρ
1206 843 1296 870 πάντα
1308 861 1315 874 ,
1335 850 1418 876 supra
1434 842 1533 872 omnia,
1564 841 1632 868 dixit
1655 849 1704 876 pro

914 888 982 924 μετὰ
1001 888 1102 921 πάντα,
1116 893 1175 922 post
1188 888 1292 919 omnia,
1304 887 1449 915 declarans
1463 888 1605 915 sensilium
1623 889 1704 916 simul

911 937 938 961 et
972 933 1172 961 intellectilium
1211 933 1334 960 omnium
1371 934 1607 962 transcensionem
1645 942 1705 962 ser-

911 988 1003 1012 mone,
1021 980 1054 1007 ad
1066 983 1167 1007 nostra:
1181 979 1348 1014 cognitionis
1362 985 1471 1015 captum
1483 980 1702 1011 accommodato.

911 1026 1027 1062 prolato.
1055 1024 1101 1051 Sic
1134 1026 1208 1052 enim
1237 1025 1358 1060 cognitio
1387 1028 1481 1052 nostra
1498 1047 1505 1057 ,
1538 1024 1704 1061 simulatque

911 1071 1039 1099 universa
1065 1070 1257 1102 transcendit,
1293 1070 1328 1097 ad
1357 1069 1443 1097 Deum
1469 1064 1624 1098 sustollitu'r
1646 1071 1704 1106 pri-

911 1125 985 1145 mum
1000 1125 1006 1143 :
1032 1120 1059 1144 et
1083 1124 1116 1144 ea
1130 1120 1198 1144 tunc
1220 1117 1300 1144 unice
1314 1117 1423 1152 quaerit,
1435 1124 1496 1151 quae
1514 1120 1613 1144 cuncta
1626 1121 1699 1144 tran-

911 1164 1057 1191 scendunt.
1080 1163 1147 1191 Cum
1161 1163 1245 1197 igitur
1257 1163 1320 1198 quis
1334 1163 1434 1198 dignus
1455 1163 1501 1190 illo
1521 1163 1632 1191 habitus
1644 1163 1704 1192 fue-

911 1210 958 1241 rit,
975 1209 999 1237 is
1012 1217 1074 1236 cum
1097 1209 1235 1245 Propheta
1264 1209 1463 1245 promerebitur
1474 1209 1566 1237 dicere
1583 1219 1589 1237 :
1617 1209 1705 1237 Mira-

913 1253 972 1281 bilis
988 1254 1061 1288 facta
1082 1258 1121 1281 est
1138 1254 1248 1281 scientia
1273 1259 1319 1280 tua
1342 1262 1374 1281 ea:
1391 1263 1432 1281 me
1446 1262 1456 1281 :
1483 1255 1634 1289 confertam
1652 1261 1703 1289 est,

911 1309 963 1328 non
976 1305 1066 1335 potero
1082 1300 1117 1327 ad
1128 1309 1187 1327 eam
1203 1305 1225 1329 ι’.
1248 1300 1367 1328 Noverat
1387 1301 1467 1336 plane
1492 1300 1576 1328 Deum
1590 1305 1616 1329 et
1633 1301 1704 1329 divi-

911 1356 964 1376 nus
981 1347 1084 1375 Paulus
1105 1348 1180 1375 omni
1205 1347 1335 1374 nimirum
1352 1350 1379 1374 et
1409 1347 1530 1375 scientia:
1552 1351 1579 1373 tl
1603 1347 1704 1375 intelli-

911 1394 1009 1429 gentiae
1045 1394 1294 1429 supereminentem
1306 1415 1314 1426 ,
1333 1393 1405 1427 quod
1449 1393 1681 1428 ininvestigabilis
1695 1414 1702 1424 .

911 1441 1038 1476 quodque
1050 1440 1242 1468 inscrutabilia
1258 1440 1347 1474 ipsius
1364 1439 1466 1474 judicia
1477 1443 1579 1470 essent,
1605 1443 1630 1466 el
1649 1439 1706 1467 iue-

911 1488 1060 1515 narrabilia
1080 1487 1152 1515 dona
1166 1493 1177 1506 ⁵
1192 1497 1198 1514 ;
1221 1486 1340 1521 denique
1350 1486 1413 1520 quia
1431 1494 1484 1520 pax
1504 1485 1539 1512 ab
1568 1484 1628 1520 ipso
1640 1493 1705 1520 [ιζ-ο-

911 1535 1010 1567 ﬂuens,
1024 1542 1132 1562 omnem
1158 1537 1336 1568 exsuperaret
1358 1540 1470 1560 sensum
1492 1533 1522 1559 ι.
1545 1531 1602 1559 Hoc
1628 1532 1701 1559 enim

911 1587 963 1613 est,
982 1581 1055 1616 quod
1076 1587 1159 1614 supra
1180 1586 1287 1606 onmem
1316 1586 1426 1606 sensum
1442 1586 1504 1606 esse
1522 1582 1620 1611 norat;
1638 1579 1702 1613 quia

912 1627 1038 1654 videlicet
1050 1626 1159 1653 cunctis
1172 1625 1299 1659 superior
1318 1629 1370 1655 est.
1382 1628 1412 1651 ut
1422 1625 1468 1659 qui
1489 1629 1585 1652 auctor
1598 1625 1634 1652 sit
1645 1632 1705 1651 om-

911 1673 1000 1701 nium.
1020 1671 1059 1699 Ne
1072 1672 1134 1707 quis
1151 1671 1234 1706 igitur
1259 1670 1394 1705 objecerit
1410 1680 1417 1698 :
1450 1670 1515 1704 Qui,
1539 1679 1642 1706 quaeso,
1658 1679 1706 1699 su<

911 1726 961 1755 pra
991 1717 1198 1753 intelligentiam
1223 1720 1266 1744 est
1295 1716 1360 1748 hoc,
1388 1716 1508 1751 aliquem
1532 1717 1618 1748 scire,
1640 1717 1705 1752 quia

910 1765 983 1793 Deus
995 1768 1131 1799 quatenus
1145 1762 1274 1790 universa
1293 1762 1474 1796 transcendit,
1490 1769 1583 1790 manet
1597 1763 1706 1790 inscru-

910 1811 1003 1840 labilis
1027 1810 1165 1838 communi
1190 1809 1394 1844 intelligentiae;
1418 1813 1549 1844 tanquam
1575 1809 1627 1837 hac
1658 1817 1706 1836 co-

63 1868 190 1904 gnitione
211 1867 350 1895 communi
380 1866 540 1897 exsistente,
577 1867 605 1892 et
628 1862 757 1890 omnibus
793 1861 867 1889 nulla
900 1859 1002 1895 prmvia
1030 1857 1266 1886 demonstratione
1285 1856 1438 1884 scientibus
1466 1857 1538 1892 quod
1566 1856 1638 1885 Deus
1664 1860 1707 1884 est

65 1903 373 1950 incomprehensibilis;
404 1921 498 1941 verum
532 1911 601 1940 sciat
622 1910 695 1946 quod
721 1909 805 1937 Deum
827 1907 937 1943 quidem
960 1903 1266 1940 incomprehensibilem
1290 1911 1362 1934 esse,
1384 1907 1563 1939 nostramque
1592 1910 1707 1938 exsupe-

64 1968 131 1988 rare
152 1949 335 1996 cognitionem
349 1980 356 1991 .
371 1963 473 1986 norunt
490 1959 612 1994 plerique
623 1964 728 1984 omnes.
752 1955 859 1988 Quibus
875 1957 965 1981 autem
985 1953 1018 1980 de
1039 1950 1131 1978 causis
1150 1950 1212 1976 talis
1232 1949 1277 1979 sit.
1299 1953 1326 1976 et
1354 1949 1503 1983 quomodo,
1530 1949 1638 1975 illorum
1662 1952 1706 1975 est

64 1993 201 2034 duntaxat
216 2014 308 2038 nosse,
322 2006 366 2041 qui
378 2005 469 2032 divina
487 1993 554 2034 hac,
573 2005 600 2029 ct
630 2009 711 2036 supra
730 2000 871 2028 hominum
898 2001 1034 2028 naturam,
1057 1995 1214 2030 cognitione
1235 1993 1311 2029 digni
1341 1993 1425 2021 habiti
1452 1993 1581 2021 fuerunt;
1615 1994 1708 2029 qualis

63 2058 127 2083 erat
153 2054 272 2082 eximius
303 2040 400 2083 David,
420 2051 510 2087 qualis
534 2050 594 2085 ipse
617 2048 731 2080 Paulus,
760 2047 856 2082 quales
889 2044 1007 2079 denique
1030 2043 1077 2078 qui
1099 2041 1250 2069 secundum
1273 2040 1324 2068 hos
1349 2041 1432 2067 vitam
1461 2048 1537 2068 suam
1551 2041 1704 2069 instituere.

64 2101 294 2138 Quandoquidem
308 2101 347 2128 sol
363 2085 506 2130 istm-luna
518 2099 577 2133 ipsa
592 2118 599 2130 ,
628 2099 675 2123 aut
697 2094 770 2122 aliud
794 2092 903 2128 quidvis
934 2099 1030 2119 eorum
1052 2097 1113 2125 quae
1130 2087 1234 2115 mundo
1248 2087 1314 2114 huic
1339 2086 1525 2119 subservinnt,
1551 2086 1624 2121 quod
1637 2085 1706 2114 deli-

63 2151 163 2186 quium
187 2133 299 2177 i-nterim
322 2147 472 2183 patiantur,
500 2145 657 2179 complures
693 2141 761 2168 adeo
782 2148 865 2168 nosse
893 2146 974 2166 nemo
1005 2137 1052 2172 qui
1078 2135 1231 2163 addubitet.
1253 2133 1337 2160 Docet
1352 2134 1424 2160 enim
1454 2133 1506 2160 hoc
1531 2134 1619 2160 solere
1639 2140 1706 2160 con-

63 2197 175 2233 tingere
187 2195 227 2224 vel
240 2196 298 2231 ipse
327 2198 432 2221 naturre
458 2199 505 2219 sen

64 2252 113 2273 nor
119 2247 170 2272 unt
180 2252 187 2278 ;

246 2299 302 2326 ΕΙΣ
330 2297 401 2324 THN
420 2293 620 2323 ΕΠΙΣΤΟΛΗΝ
634 2293 679 2327 ς’.

107 2348 195 2385 ’ἱερέα
210 2347 284 2381 λέγει
309 2345 355 2372 τὸν
382 2343 576 2380 πρεσϐύτερον,
606 2339 699 2371 καθὼς
714 2339 761 2366 καῖ
784 2338 858 2373 ὲντῇ

73 2383 330 2427 Ἑχκξλησιαστικῇ
362 2390 495 2424 ἱεραρχιᾳ
523 2388 604 2423 φησι,
625 2386 672 2413 καὶ
697 2387 714 2421 ὴ
731 2383 860 2420 συνήθεια

67 2438 267 2475 ἐπεκράτησεν.
284 2433 367 2467 Οὗτος
393 2436 408 2461 ὁ
431 2433 588 2469 Σώπατρος.
610 2432 648 2463 ὡς
665 2431 748 2462 δοκεῖ,
761 2429 790 2456 ἓν
804 2428 860 2464 εἶχε

69 2473 243 2519 σπούδασμα,
253 2482 283 2508 τὺ
294 2481 327 2508 τὰ
341 2480 394 2506 τῶν
410 2477 570 2514 ἑτεροδόξων
583 2476 719 2512 διασύρειν
732 2475 778 2501 καὶ
792 2473 860 2501 καθ-

67 2531 203 2568 υϐριζειν⁸
221 2526 367 2555 κάντεῦθεν
396 2524 525 2555 πολλάκις
550 2522 623 2553 εἰκὸς
638 2519 671 2557 ἧν
707 2520 861 2556 θαρροῦντα

67 2577 162 2605 τοῦτον
173 2577 207 2612 τῇ
221 2574 333 2610 τοιαύτῃ
350 2571 489 2608 προθέσει,
516 2570 563 2597 καὶ
586 2568 625 2604 τῷ
644 2567 757 2602 τοιούτῳ
778 2575 860 2593 σπου-

68 2624 197 2660 δάσματι,
225 2621 263 2654 ὡς
286 2620 339 2646 ὑπὸ
363 2618 430 2645 θεοῦ
452 2616 597 2652 γινομένῳ,
617 2613 727 2651 ἀμελεῖν
749 2614 796 2640 καὶ
812 2621 860 2639 κα-

68 2658 257 2708 ταρῤᾳθυμεϊν
285 2666 335 2702 τῆς
358 2664 462 2696 οἰκείας
489 2661 571 2690 αὑτοῦ
597 2660 748 2696 προκοπῆς,
771 2658 861 2685 ἱκανὸν

69 2704 203 2748 τοῦτο-εἰσ
213 2713 352 2750 σωτηρίαν
380 2711 543 2747 ἡγούμενον.
572 2707 738 2742 Βουλόμενος
765 2704 830 2740 γοῦν
847 2705 861 2730 ό

70 2763 145 2797 ἅγιος
160 2761 273 2796 ὲκκὸψαι
289 2758 368 2786 τοῦτο
383 2756 437 2784 ἀπὸ
458 2756 504 2782 τοῦ
526 2753 686 2789 Σωπάτρου,
709 2751 747 2783 ὡς
763 2750 861 2786 μᾶλλον

70 2809 184 2844 οἰήσεως
204 2805 273 2834 εἶναι
295 2805 391 2832 δοκοῦν
404 2804 421 2840 ἢ
437 2803 528 2839 ζήλου,
544 2801 591 2828 καὶ
613 2799 718 2835 πλάνην
731 2797 861 2834 ἐμποιοῦν

70 2854 109 2890 τῷ
129 2854 201 2890 ὀρθῷ
216 2852 348 2888 λογισμῷ,
374 2850 461 2882 ἄλλως
489 2856 518 2874 τε
546 2847 593 2875 κα).
619 2846 682 2877 τοὺς
707 2844 802 2879 λόγους
833 2845 861 2870 ἐν

109 2939 119 2953 ι
134 2932 208 2962 Ροοι.
225 2939 357 2965 curvus,
373 2930 400 2959 6.
440 2928 485 2956 'll
503 2927 568 2956 Cor.
585 2934 625 2961 lx,
640 2925 683 2954 15.

508 2178 571 2217 sus;
585 2188 692 2222 Quibus
719 2191 808 2213 autem
829 2185 863 2212 de
886 2183 980 2212 causis
1010 2182 1075 2209 talia
1095 2180 1238 2215 contingat
1273 2179 1342 2210 ﬁeri,
1375 2186 1429 2205 non
1459 2178 1606 2205 admodum
1627 2179 1706 2206 multi

208 2226 389 2278 praeterquam
406 2240 425 2266 ii
445 2238 491 2274 qui
511 2237 586 2265 circe
607 2234 743 2269 ejusmodi
765 2239 857 2260 rerum
873 2230 1057 2259 eruditionem
1073 2229 1231 2255 accuratam
1253 2232 1363 2260 cperant
1380 2226 1526 2251 navarunt.

1106 2285 1187 2321 253
1201 2284 1235 2312 IN
1248 2282 1444 2310 EPISTOLAM
1468 2282 1512 2310 γι.

948 2334 1123 2362 Sacerdotem
1139 2340 1201 2361 eum
1224 2331 1301 2365 dicit,
1326 2331 1372 2366 qui
1387 2334 1414 2357 et
1428 2330 1572 2365 presbyter
1587 2339 1594 2358 :
1610 2338 1708 2366 quem-

911 2380 1058 2408 admodum
1074 2379 1146 2406 idem
1170 2377 1263 2405 docuit
1278 2377 1305 2403 in
1327 2375 1517 2402 Ecclesiastica
1534 2375 1683 2402 liierarchia
1696 2383 1706 2403 :

911 2427 1047 2461 istiusque
1072 2425 1222 2452 etiamnum
1249 2422 1329 2450 hodie
1348 2421 1463 2449 invaluit
1492 2422 1707 2450 nomenclatura:

913 2472 1094 2501 consuetudo.
1122 2469 1172 2497 llic
1205 2469 1289 2504 igitur
1316 2468 1447 2503 Sopater,
1471 2471 1500 2495 ut
1524 2476 1558 2495 ex
1578 2468 1710 2503 Epistolar-

913 2522 1041 2546 contextu
1055 2521 1178 2552 apparet,
1197 2515 1288 2543 studio
1313 2514 1360 2541 uni
1385 2514 1559 2541 incumbebat
1576 2518 1660 2546 totus,
1677 2519 1706 2542 ut

914 2572 975 2600 qua:
1001 2563 1115 2590 alterius
1144 2561 1292 2596 eujuslilet
1318 2559 1360 2587 vel
1390 2559 1531 2594 opinionis
1562 2561 1601 2587 vel
1625 2564 1709 2588 secta:
1726 2567 1742 2584 ο

913 2614 992 2639 erant
1021 2608 1141 2645 propria,
1166 2607 1331 2635 convelleret
1355 2605 1555 2633 amarulentius
1578 2609 1604 2632 et
1626 2605 1705 2632 inde-

915 2659 988 2686 coris
1015 2660 1173 2693 aSpcrgeret
1200 2654 1385 2683 contumeliis.
1406 2653 1439 2680 Et
1467 2653 1532 2680 hinc
1557 2657 1705 2680 consenta-

915 2712 996 2732 neum
1025 2707 1067 2732 est
1095 2703 1243 2738 Sopatrum
1273 2700 1415 2737 proposito
1440 2699 1487 2726 tali
1507 2703 1589 2734 atque
1614 2697 1708 2725 studio

916 2751 955 2778 sic
969 2750 1076 2778 alIixum
1091 2749 1181 2785 (quasi
1211 2748 1258 2783 qui
1275 2747 1326 2775 hac
1342 2753 1395 2773 una
1419 2753 1448 2773 re
1469 2745 1524 2772 Deo
1539 2743 1701 2772 obsecunda-

914 2797 967 2833 ret)
984 2796 1089 2832 proprii
1105 2796 1215 2823 interim
1241 2793 1382 2829 profectus
1403 2791 1487 2819 fuisse
1511 2790 1706 2825 negligentem,

915 2843 989 2879 quod
1006 2843 1078 2870 hunc
1094 2841 1312 2878 qualemcunque
1331 2839 1418 2867 zelum
1435 2836 1468 2864 ad
1481 2836 1595 2864 salutem
1610 2836 1703 2862 cxist'y

726 2926 734 2944 ί
754 2923 853 2959 Philip.
871 2929 908 2957 Iv,
928 2923 953 2951 7.
