1940 3064
227 193 276 220 451

608 183 779 214 APPENDIX
800 184 844 211 AD
864 182 978 211 O'PEBA
994 182 1022 207 S.
1042 179 1190 208 DIONYSH
1205 178 1446 207 ABEOPAGlT/E.

1800 177 1858 205 452

225 253 311 279 maret
328 247 461 276 sufficere.
483 246 604 281 Cupiens
621 244 703 279 igitur
729 246 842 271 sanctus
856 241 908 268 hoc
928 248 942 267 a
961 239 1011 266 So-

1067 238 1152 273 κρίσει
1165 236 1336 272 ποιούμενος,
1351 236 1398 262 καὶ
1411 234 1488 266 εἰδὼς
1504 234 1570 270 (51),
1582 234 1620 265 ὼς
1643 233 1673 260 τὸ
1685 232 1789 260 τοιοῦτο
1804 234 1858 269 μὲν

226 296 294 332 patri
312 295 404 321 animo
433 292 589 328 praecidere,
610 289 719 324 quando
745 296 778 315 ex
800 286 943 322 impotenti
968 293 1013 311 ar-

225 340 350 375 rogantia
374 338 512 374 proﬁcisci
542 336 569 362 id
595 335 740 362 videbatur
759 332 846 367 magis
870 339 951 366 quam
979 338 1013 357 ex

225 385 335 420 pietatis
349 384 418 415 zelo,
444 390 476 410 ae
504 388 624 409 errorem
651 378 744 406 indere
766 381 847 405 rectae
869 376 1013 403 ratiocina-

225 432 304 462 tioni,
331 430 438 465 aliaque
462 428 569 455 ratione
596 433 736 454 sermones
767 432 829 451 cum
853 423 959 458 judicio
975 423 1014 448 in-

227 477 346 504 stituens
371 480 398 503 et
426 475 527 505 sciens,
550 473 679 506 quoniam
699 469 834 505 ejusmodi
864 467 1013 495 acrimonia

225 523 371 554 verborum
391 520 461 556 apud
487 527 534 547 eos
563 518 709 546 conciliare
734 517 820 544 soleat
844 513 1011 542 inimicitias.

226 569 357 596 adversus
374 575 442 602 quos
469 565 631 595 intenditur,
661 563 731 590 lucri
755 565 846 588 autem
873 569 907 587 ne
923 559 1014 586 tantil-

226 616 281 642 lum
299 613 408 649 quidem
423 623 429 640 :
447 620 508 639 cum
526 615 633 640 contra,
650 610 711 644 pius
726 616 790 643 erga
805 607 873 634 tales
896 606 1014 633 benevo—

227 661 315 688 lentia:
331 659 454 690 aﬂ‘ectus,
471 657 592 687 dilectio,
613 659 798 690 prmsentanca
811 652 943 680 exhibitio
956 650 1014 677 olli-

226 707 262 733 cii
283 706 309 733 in
325 705 459 732 maximos
487 703 551 730 licet
570 708 678 729 errores
691 700 833 727 devolutos
854 698 1014 732 plerumque

226 751 259 779 ad
274 749 446 779 rectitudinis
461 749 560 775 lineam
575 750 694 779 revocet,
707 747 902 778 convertatque
915 750 1013 769 unum-

227 797 375 833 quemlibet
389 799 543 827 errantem;
571 798 600 820 ut
613 792 660 828 qui
691 792 742 819 sibi
757 791 815 826 ipse
832 789 1012 825 persuaserit,

228 843 291 877 quia
312 848 421 869 sermon
439 848 452 867 s
479 839 523 867 isti
541 846 596 866 non
612 845 627 864 a
649 836 817 871 malignitate
838 833 1015 869 proﬁciscan-

228 893 282 920 tur,
299 887 390 922 potius
404 894 418 913 a
434 885 580 913 dilectione
604 887 632 911 et
646 881 756 918 provida
769 888 833 916 erga
847 888 876 907 se
893 887 958 906 cura
974 879 1015 906 lo—

227 932 347 968 quentis.
372 931 412 958 Ob
443 930 514 957 hanc
541 935 662 959 causam,
682 930 841 962 praesentem
862 923 1013 959 epistolam
1031 918 1052 947 Β

228 979 334 1010 Scribit,
361 985 413 1012 qua
451 975 598 1004 exterritus
631 973 747 1008 Sopater
773 969 938 1006 provideret,
966 976 1015 995 ne-

228 1024 337 1060 quando
362 1022 529 1058 impudentis
553 1021 634 1048 istius
660 1017 821 1054 arrogantia:
848 1024 864 1042 a
896 1015 949 1042 Deo
965 1021 1014 1042 co-

227 1074 408 1105 argueretur,
431 1073 458 1096 et
487 1067 559 1103 quod
593 1067 621 1094 in
651 1066 713 1092 aliis
740 1062 926 1099 reprehendit,
956 1061 1015 1096 ipse

228 1117 362 1148 crederet,
382 1115 409 1142 in
436 1122 468 1142 ea
483 1121 600 1149 quorum
627 1113 689 1140 illos
708 1110 798 1146 arguit
831 1109 970 1143 delapsus,
988 1110 1015 1134 et

229 1163 299 1190 male
314 1162 347 1189 de
366 1161 421 1188 Deo
450 1160 581 1188 sentiens.
613 1157 683 1185 Dicit
713 1157 798 1191 igitur
821 1159 934 1182 sanctus
959 1160 1014 1180 non

229 1212 356 1243 oportere
375 1207 491 1234 alienam
515 1204 658 1232 traducere
682 1202 848 1237 opinionem,
872 1207 949 1227 suam
964 1205 1014 1224 au-

229 1259 283 1281 tem
297 1252 467 1280 communire
501 1249 652 1278 rationibus
683 1247 834 1283 permittit;
861 1245 908 1272 sed
925 1251 1015 1277 neque

230 1307 375 1334 adversum
391 1303 474 1331 ullius
486 1301 642 1337 opinionem
656 1303 702 1326 aut
715 1297 875 1332 religionem
901 1294 1015 1322 distrin-

230 1351 335 1388 gendus
358 1353 400 1378 est
423 1349 556 1379 calamus,
571 1345 680 1374 etiamsi
705 1343 866 1377 neutiquam
880 1341 950 1368 bona
968 1347 1016 1374 ap-

230 1385 339 1433 pareat;
358 1396 405 1423 sed
426 1402 476 1430 pro
491 1393 605 1422 veritate
633 1391 732 1419 solum.
755 1390 789 1416 At
803 1395 869 1424 quo,
896 1385 1015 1421 inquies,

230 1459 310 1492 pacto
325 1454 351 1481 id
366 1452 429 1481 ﬁet?
447 1451 575 1478 Proxima
595 1449 716 1484 epistolae
738 1454 802 1482 pars
815 1444 945 1473 declarat.
963 1442 1016 1469 Po-

231 1489 285 1530 test
299 1509 370 1529 unus
385 1498 522 1535 quispiam
554 1495 604 1532 (ait
621 1494 715 1528 Pater)
742 1493 814 1520 inter
839 1495 893 1518 tam
918 1489 1015 1521 multa,

231 1546 402 1584 splendidum
419 1542 528 1580 aliquod
543 1541 714 1570 mendacium
733 1540 797 1567 dum
810 1536 944 1572 coarguit,
959 1536 1018 1570 ipse

231 1583 340 1630 quoque
367 1592 495 1619 aberrare
518 1595 534 1615 a
556 1585 727 1621 verozquod
743 1583 844 1618 alioqui
864 1589 948 1609 unum
963 1584 1016 1611 est,

231 1628 279 1668 sed
298 1628 448 1666 occultum.
477 1633 537 1662 Una
551 1633 624 1660 enim
648 1634 691 1659 est
713 1630 815 1658 veritas
829 1638 835 1655 :
852 1628 911 1663 ipsa
927 1631 1016 1653 tamen

231 1685 297 1722 quid
313 1690 455 1714 arcanum,
473 1683 584 1717 propter
595 1670 738 1714 misticam
763 1675 919 1710 dogmatum
936 1671 1016 1699 intel-

232 1717 385 1767 ligentiam,
411 1733 521 1763 quoque
551 1731 620 1760 opus
646 1722 744 1749 habeat
772 1720 857 1747 multa
877 1717 1015 1752 indagine,

232 1781 397 1818 praelucente
426 1775 605 1804 nihilominus
630 1772 678 1800 Dei
705 1771 801 1806 gratia.
826 1769 956 1803 Exemplo
976 1771 1019 1796 est

232 1815 386 1857 Nestorius,
403 1824 469 1852 dum
495 1821 554 1849 Arii
567 1817 782 1855 Apollinariique
797 1816 896 1851 placita
909 1815 1018 1842 convel-

233 1875 275 1902 lit.
306 1872 443 1908 Eutycbes
476 1872 503 1897 et
531 1867 698 1897 Dioscorus,
733 1871 793 1899 qua:
819 1862 927 1898 propria
954 1865 1019 1889 sunt

233 1919 362 1951 Nestorii,
374 1916 455 1954 25h.
469 1915 527 1943 sive
543 1913 589 1940 alii
609 1912 654 1939 isti
671 1910 788 1941 similes,
816 1909 880 1936 dum
903 1908 1017 1935 aliorum

234 1965 379 2001 opiniones
395 1962 550 1997 exagitant,
571 1959 598 1986 in
618 1957 685 1984 alias
710 1956 761 1991 ipsi
786 1963 910 1990 peraeque
928 1954 1020 1981 comit»

235 2000 334 2040 sancas
357 2009 475 2036 haereses
499 2005 617 2041 prolapsi
644 2005 717 2030 sunt.
743 2000 829 2028 Nemo
855 2005 944 2027 autem
973 2007 1021 2034 per

235 2058 294 2085 ba't-c
317 2055 468 2083 abducalur
498 2052 526 2079 in
552 2056 684 2080 errorem,
713 2051 742 2074 ut
765 2045 870 2077 credat,
895 2049 1019 2074 sanctum

234 2110 346 2131 monere
370 2098 554 2136 repudiandos
583 2103 643 2124 esse
658 2094 766 2122 labores
786 2100 801 2119 a
818 2091 944 2120 Patribus
959 2099 1022 2126 ope-

233 2148 376 2177 fosissime
389 2149 532 2180 susceptos
549 2142 681 2170 adversus
701 2139 844 2175 opiniones
857 2146 871 2165 a
889 2137 941 2165 ﬁde
956 2137 1023 2164 alie-

235 2203 297 2222 nas.
312 2193 371 2221 Non
385 2193 438 2219 hoc
453 2189 572 2219 eximius
584 2187 711 2214 admonet
737 2184 828 2215 Pater,
842 2187 871 2210 ut
885 2190 919 2210 ne
945 2181 1020 2209 vide-

235 2241 299 2267 licct
313 2245 456 2274 coarguas,
470 2243 523 2263 neu
537 2231 696 2261 demoliaris
708 2228 909 2257 commentitias
925 2233 1023 2262 propo-

1064 283 1214 318 ἀπέχθειαν
1231 281 1439 317 κατεργάζεται,
1467 280 1526 307 καθ’
1537 277 1574 307 ὧν
1590 281 1615 306 ot
1630 279 1704 314 λόγοι
1717 280 1855 314 λέγονται,

1063 329 1158 364 κέρδος
1171 328 1199 354 δὲ
1219 328 1248 354 οὐ
1273 328 1304 354 τὸ
1318 327 1398 362 τυχὸν
1428 326 1562 362 προξενείο
1590 326 1621 352 τὸ
1633 326 1662 352 δὲ
1681 326 1856 360 ἀγαθοθελὼς

1063 374 1213 401 διακεῖσθαι
1229 373 1327 409 μᾶλλον
1344 373 1411 409 πρὸς
1431 374 1493 404 τοὺς
1516 371 1654 404 τοιούτους
1671 372 1718 399 καὶ
1743 373 1855 407 ἀγαπᾷν

1063 421 1110 447 καὶ
1124 420 1293 456 προσίεσθαι,
1313 419 1440 455 κατορθοῖ
1455 418 1583 450 πολλάκις
1606 419 1641 446 τὰ
1661 419 1790 454 μέγιστα,
1805 418 1856 446 καὶ

1063 466 1109 492 τὸν
1135 465 1309 500 πλανώμενον
1329 463 1497 500 ἐπιστρέφει,
1521 463 1678 495 πεισθέντα,
1708 464 1749 490 ὅτι
1762 464 1793 489 οὺ
1807 463 1855 489 διὰ

1064 517 1171 548 κακίαν,
1189 515 1256 542 ἀλλὰ
1279 515 1311 542 δι’
1327 515 1436 550 ἀγάπην
1453 514 1552 550 μᾶλλον
1576 514 1623 541 καὶ
1649 514 1811 549 κηδεμονίαν
1828 515 1854 541 ot

1065 562 1138 596 λόγοι
1161 562 1290 596 γίνονται.
1321 561 1369 587 Διὰ
1399 560 1478 587 τοῦτο
1510 560 1599 596 τίθησι
1629 560 1679 595 τὴν
1708 560 1855 596 ἐπιστολὴν

1064 607 1164 643 ταύτην
1196 607 1320 641 ἐκφοϐῶν
1347 607 1437 639 αὐτὸν,
1464 607 1562 642 μήπως
1585 605 1639 633 ἀπὸ
1665 606 1714 641 τῆς
1725 606 1855 641 τοιαύτης

1063 654 1179 688 οἰήσεως
1190 653 1416 687 ἐγκαταλειφθείη
1438 652 1513 688 παρὰ
1529 652 1606 685 θεοῦ,
1623 653 1670 678 καὶ
1686 652 1754 687 ὅπερ
1769 653 1854 686 ὲγκα-

1063 699 1105 725 λεῖ
1132 699 1198 734 πρὸς
1229 699 1365 730 ἐκείνους,
1392 699 1472 729 αὐτὸς
1496 699 1619 724 πείσεται
1654 698 1725 733 (52),
1755 698 1784 730 ἐξ
1814 695 1853 724 ὧν

1064 745 1169 779 ἐλέγχει
1196 745 1315 776 ἐκείνους
1349 744 1428 775 αὐτὸς
1450 744 1621 779 περιπίπτων
1651 744 1699 770 καὶ
1731 742 1873 778 βλασφη-’

1067 791 1123 826 μῶν
1140 790 1206 825 (55).
1236 791 1317 824 Λέγει
1338 790 1437 822 τοίνυν,
1453 789 1534 815 ὅτιού
1549 789 1589 816 δεῖ
1610 788 1660 821 τὰς
1684 790 1784 825 ἑτέρων
1807 789 1852 816 δό-

1066 836 1113 869 ξας
1142 835 1304 868 διαϐάλλειν,
1334 835 1401 863 ἀλλὰ
1417 836 1465 872 τὴν
1499 836 1566 862 ἰδίαν
1593 835 1751 871 κρατύνειν·
1784 835 1854 864 ἀλλὰ

1066 884 1128 910 οὐδὲ
1152 883 1221 910 κατὰ
1243 882 1320 917 δόξης
1343 882 1358 918 ἢ
1375 881 1522 918 θρησκείας
1539 882 1589 908 οὐκ
1605 881 1710 917 ἀγαθῆς
1724 881 1854 917 φαινομέ-

1066 938 1114 964 νης
1130 930 1256 965 γράφειν,
1281 928 1339 955 ἀλλ’
1359 928 1428 963 ὑπὲρ
1455 927 1591 962 ἀληθείας.
1616 928 1678 959 Πῶς
1700 928 1728 954 δὲ
1754 927 1852 959 τοῦτο,

1065 975 1156 1010 φησὶν,
1183 976 1199 1010 ἡ
1226 974 1290 1010 ἑξῆς
1318 973 1444 1008 ἐπιστολὴ
1473 973 1624 1009 σαφηνίζει.
1653 972 1769 999 Δύναται
1795 973 1853 1008 γάρ

1065 1029 1116 1052 τις,
1130 1022 1206 1056 φησὶ,
1228 1021 1259 1047 τὸ
1273 1022 1301 1047 ὲν
1326 1020 1432 1052 πολλοῖς
1456 1021 1592 1055 προφανὲς
1612 1020 1707 1055 ψεῦδος
1723 1020 1854 1056 ἐλέγχων,

1066 1066 1148 1098 αὐτὸς
1163 1066 1355 1102 διαμαρτάνειν
1370 1065 1417 1091 τοῦ
1429 1065 1554 1100 ἀληθοῦς,
1571 1065 1638 1101 ὅπερ
1670 1065 1699 1092 ἓν
1721 1066 1779 1092 ἐστι
1806 1065 1854 1092 καὶ

1065 1111 1190 1148 κρύφιον.
1206 1112 1262 1139 Μία
1289 1112 1342 1147 γάρ
1362 1113 1434 1138 ἐστιν
1449 1111 1576 1146 ἀλήθεια·
1604 1111 1718 1147 κρύφιον
1743 1111 1782 1143 δὲ,
1808 1112 1855 1138 διὰ

1065 1158 1096 1184 τὺ
1128 1157 1256 1193 μυστικὸν
1281 1158 1334 1184 τῶν
1367 1157 1519 1192 δογμάτων,
1547 1155 1594 1183 καὶ
1618 1157 1717 1193 πολλῆς
1739 1156 1854 1193 ἐρεύνης

1068 1204 1136 1239 μετὰ
1159 1204 1207 1239 τῆς
1219 1203 1293 1235 θείας
1305 1203 1429 1239 δεόμενον
1443 1203 1562 1239 χάριτος,
1582 1203 1636 1230 οἷον
1661 1204 1806 1239 Νεστόριος
1818 1204 1856 1231 τὰ

1073 1249 1176 1285 Ἀρείου
1199 1250 1246 1276 καὶ
1279 1249 1479 1285 Ἀπολλιναρίου
1510 1249 1644 1282 διασείων,
1671 1250 1716 1276 καὶ
1731 1250 1854 1286 Εὐτυχὴς

1067 1300 1114 1326 καὶ
1127 1299 1270 1335 Διόσκορος
1284 1300 1318 1326 τὰ
1344 1299 1390 1327 τοῦ
1416 1300 1564 1335 Neo-coplata
1574 1309 1580 1314 ·
1606 1300 1622 1335 ἢ
1637 1300 1723 1336 ἕτεροι
1738 1300 1855 1328 τοιοῦτοι

1067 1346 1166 1381 ὁμοίων
1181 1346 1282 1382 ἑτέρων
1306 1347 1345 1378 εἰς
1366 1346 1461 1381 ἐτέρας
1486 1347 1604 1378 ἀτόπους
1627 1346 1746 1382 αἱρέσεις
1758 1347 1854 1379 ἐξέπε-

1069 1400 1123 1418 σον.
1150 1392 1252 1427 Μηδεὶς
1265 1392 1294 1418 δὲ
1309 1392 1342 1419 ὲκ
1359 1396 1459 1418 τουτων
1487 1392 1710 1428 παρακρουέσθω,
1731 1393 1853 1419 ἀποϐάλ-

1067 1437 1159 1464 λεσθαι
1185 1437 1219 1464 τὰ
1248 1438 1319 1464 κατὰ
1348 1438 1402 1465 τῶν
1436 1439 1596 1474 ἑτεροδόξων
1631 1440 1773 1475 πονὴματα
1798 1439 1854 1466 τῶν

1068 1484 1196 1520 Πατέρων
1219 1483 1265 1510 τὸν
1291 1484 1366 1518 ἅγιον
1377 1492 1384 1498 ·
1407 1484 1437 1510 οὑ
1459 1484 1513 1520 γὰρ
1529 1483 1607 1511 τοῦτό
1625 1493 1704 1520 φησιν
1720 1485 1734 1510 ὁ
1746 1485 1854 1520 Πατὴρ,

1068 1530 1098 1555 τὸ
1126 1530 1162 1565 μὴ
1190 1529 1309 1565 ἐλέγχειν
1335 1530 1382 1556 καὶ
1407 1530 1568 1566 ἀνατρέπειν
1595 1531 1643 1562 τὰς
1673 1531 1726 1557 τῶν
1747 1530 1854 1557 ἀσεϐῶν

1068 1575 1160 1607 δόξας·
1178 1575 1239 1602 ἐπεὶ
1269 1575 1327 1607 πῶς
1352 1575 1432 1607 αὐτὸς
1457 1576 1486 1601 ἐν
1508 1575 1546 1611 τῷ
1577 1576 1647 1610 Περὶ
1678 1576 1763 1603 θείων
1788 1577 1856 1603 ὀνο-

1065 1621 1166 1655 μάτων
1194 1621 1288 1656 βιϐλίῳ
1320 1621 1354 1648 τὰ
1386 1620 1433 1647 τοῦ
1464 1621 1565 1656 Ἐλύμα
1587 1621 1770 1654 διασαλεύων;
1795 1621 1854 1649 ἀλλ’

1068 1672 1108 1698 ὅτι
1130 1671 1160 1698 οὑ
1186 1671 1238 1707 χρὴ
1256 1670 1325 1698 κατὰ
1359 1671 1563 1707 προηγούμενον
1595 1671 1673 1706 λόγον
1710 1672 1750 1703 είς
1774 1672 1857 1699 τοῦτο

1068 1717 1279 1752 ὲνασχολεῖσθαι,
1311 1718 1341 1743 τὸ
1364 1717 1424 1743 καθ’
1449 1717 1549 1752 ἐτέρων
1568 1717 1669 1752 λέγειν·
1697 1717 1765 1744 ἀλλὰ
1793 1718 1856 1745 τότε

1068 1767 1166 1801 λέγειν,
1183 1768 1227 1794 ὅτε
1243 1768 1322 1803 τυχὸν
1344 1768 1422 1804 χρεία
1449 1768 1505 1799 τοῖς
1529 1767 1618 1800 ἄλλοις
1644 1768 1786 1803 ὠφελείας,
1809 1769 1855 1796 ὅτε

1070 1813 1210 1848 κατισχύει
1223 1814 1253 1840 τὸ
1268 1813 1375 1848 ψεῦδος,
1400 1814 1444 1840 ὅτε
1462 1814 1617 1841 σαλεύονται
1631 1815 1655 1841 οἱ
1670 1815 1770 1842 πιστοί.
1787 1816 1856 1842 Τότε

1069 1857 1134 1892 γοῦν
1150 1858 1362 1894 προηγουμένως
1377 1859 1425 1893 μὲν
1444 1858 1488 1885 τδν
1500 1858 1549 1894 τῆς
1563 1859 1689 1894 ἀληθείας
1701 1859 1857 1886 ἐκτίθεσθαι

1070 1903 1122 1940 χρὴ
1138 1904 1214 1938 λόγον
1243 1904 1290 1930 καὶ
1306 1903 1502 1939 ὴκριὸωμένως
1513 1912 1520 1919 ⁸
1548 1905 1693 1939 μετέπειτα
1705 1905 1733 1931 δὲ
1747 1907 1794 1932 καὶ
1820 1908 1855 1942 τῇ

1059 1950 1229 1986 ’ἀντιρῤήσει
1259 1949 1328 1976 κατὰ
1366 1949 1416 1984 τῆς
1440 1949 1493 1976 τῶν
1520 1950 1624 1977 ἀσεϐῶν
1648 1951 1858 1983 ἐπαναστάσεως

1071 1996 1186 2032 χρῆσθαι
1202 1995 1269 2031 (54),
1304 1995 1340 2030 μὴ
1364 1995 1441 2030 νίκην
1468 1994 1632 2030 ζητοῦντας,
1665 1995 1721 2023 ἀλλ’
1734 1996 1858 2032 ἀδελφῶν

1070 2041 1221 2077 διόρθωσιν.
1246 2040 1330 2067 Τοῦτό
1346 2049 1411 2076 φησι
1436 2042 1482 2068 καὶ
1499 2043 1513 2067 ὸ
1540 2041 1661 2076 θεολόγος
1689 2043 1775 2078 μέγας
1788 2043 1860 2079 Γρη-

1071 2088 1172 2123 γόριος,
1189 2085 1234 2122 Μὴ
1248 2085 1335 2113 πάντα
1355 2087 1442 2122 νικᾷν,
1457 2086 1513 2114 ἀλλ’
1525 2087 1598 2113 εστιν
1619 2083 1650 2113 οὗ
1667 2088 1714 2114 καὶ
1725 2089 1860 2123 ἡττᾶσθαι

1072 2131 1237 2168 ἀνάσχεσθε.,
1251 2132 1329 2159 Θέλει
1354 2132 1419 2166 γοῦν
1447 2132 1650 2167 ἀναλογίζεσθαι
1674 2135 1688 2160 ὀ
1714 2134 1784 2162 κατὰ
1801 2136 1859 2163 τῶν

1072 2178 1162 2210 ποσῶς
1177 2178 1304 2205 ἐναντίων
1330 2177 1425 2212 λέγων,
1450 2178 1497 2210 ὡς,
1516 2179 1559 2204 ὅτε
1586 2178 1617 2214 δὴ
1632 2179 1679 2205 καὶ
1703 2181 1765 2216 νικᾷ
1781 2180 1859 2215 (55),

1072 2230 1123 2256 οὐκ
1138 2228 1184 2263 ἀφ’
1196 2226 1292 2254 ἑαυτοῦ
1322 2227 1395 2253 ἐστιν
1425 2228 1441 2262 ἡ
1467 2227 1544 2261 νίκη,
1570 2227 1636 2254 ἀλλὰ
1658 2227 1712 2254 ἀπὸ
1741 2227 1789 2255 τοῦ
1809 2229 1860 2264 τῆς

237 2287 350 2313 sitiones
363 2269 521 2319 impiorum.
551 2278 658 2313 Alioqui
677 2283 741 2312 qua,
769 2282 872 2311 quaeso,
890 2273 978 2301 fronte
995 2273 1016 2299 ir

1076 2273 1202 2309 ἀληθείας
1233 2273 1344 2308 κύρους,
1382 2273 1414 2308 ἢν
1437 2269 1513 2304 οὗτος
1538 2272 1656 2308 κατέχει.
1691 2273 1776 2309 ’Υπὲρ
1803 2275 1859 2308 γὰρ

237 2339 319 2366 opere
344 2318 498 2356 Divinorum
527 2326 663 2353 nominum
686 2323 812 2357 dogmata
828 2319 929 2356 Elymze
953 2318 1024 2353 magi

238 2379 278 2406 sic
304 2374 476 2411 exagitaret?
493 2373 559 2404 lmo,
574 2372 653 2407 juxta
678 2370 810 2396 rationem
827 2366 1023 2402 praainductam

237 2423 323 2453 Patri,
341 2422 469 2449 docemur
502 2426 556 2446 non
581 2420 707 2452 oportere
731 2416 759 2442 in
790 2414 844 2442 hoc
868 2412 1024 2440 incumbere

221 2468 422 2498 'ambitiosius,
438 2470 468 2492 ut
484 2464 618 2491 adversus
629 2462 698 2488 alios
710 2461 815 2488 dixisse
840 2459 963 2492 videare;
975 2457 1023 2485 sed

238 2520 304 2542 tunc
321 2512 369 2540 tibi
392 2510 538 2538 dicendum
556 2508 579 2535 si
594 2514 648 2542 qua
675 2506 744 2532 forte
757 2504 889 2539 ingruerit
903 2503 1022 2530 necessi-

1075 2319 1164 2346 πάντα
1184 2319 1256 2354 νικᾷ,
1286 2318 1379 2354 φησὶν,
1400 2319 1417 2353 ή
1444 2317 1566 2353 ἀλήθεια.
1602 2319 1657 2345 Καὶ
1673 2318 1757 2350 οὕτως
1772 2319 1804 2346 οὺ
1820 2321 1858 2355 μὴ

1075 2366 1198 2392 πεσεῖταί
1211 2371 1275 2390 ποτε
1288 2364 1327 2395 είς
1342 2363 1466 2399 ἔπαρσιν·
1477 2364 1530 2390 οὐδ’
1541 2364 1571 2390 οὐ
1587 2365 1623 2400 μὴ
1634 2365 1861 2400 ἐγκαταλειφθείς

1074 2410 1127 2437 ἀπὺ
1149 2409 1217 2436 Θεοῦ
1243 2410 1282 2441 εἰς
1308 2408 1354 2440 τὸ,
1386 2409 1415 2436 ὲν
1445 2409 1499 2444 ὅσῳ
1521 2409 1629 2445 ἑτέρους
1654 2410 1773 2446 ἐλέγχει,
1807 2420 1860 2437 κα-

1073 2455 1220 2482 ταπίπτειν
1261 2454 1342 2486 αὐτὸς
1380 2455 1420 2484 εἰς
1460 2455 1552 2490 ἕτερον
1591 2455 1764 2491 βλασφημίας
1802 2456 1860 2482 6h-

1075 2501 1147 2528 σθον.

235 2567 278 2590 tas
293 2568 325 2588 ea
349 2557 468 2589 dicendi,
485 2564 545 2591 qua:
559 2555 621 2583 aliis
648 2552 791 2589 profutura
810 2553 963 2586 sperentur.
975 2549 1044 2576 Nam
1066 2547 1176 2584 quando
1191 2547 1333 2574 invalescit
1349 2546 1464 2579 falsitas,
1482 2554 1544 2574 cum
1569 2548 1670 2575 misere
1690 2548 1859 2576 colliduntur

236 2606 463 2641 exagitanturqne
496 2600 609 2632 ﬁdeles;
631 2602 698 2625 tunc
720 2604 786 2625 sane
813 2595 855 2623 vel
875 2595 903 2622 in
924 2595 1019 2629 primis
1037 2593 1160 2621 veritatis
1192 2593 1262 2619 ratio
1290 2592 1474 2626 expromenda
1504 2593 1578 2619 omni
1604 2601 1667 2621 cum
1697 2594 1858 2629 diligentia,

237 2657 331 2688 postea
344 2658 408 2678 vero
429 2657 476 2677 seu
507 2645 687 2684 secundario,
704 2643 869 2670 refutatione
899 2641 980 2668 etiam
1005 2640 1137 2667 adversus
1158 2639 1302 2673 impiorum
1334 2639 1563 2672 oppugnationem
1588 2640 1728 2672 utendum,
1753 2641 1794 2668 sic
1816 2645 1859 2667 ta~

237 2710 311 2732 men,
335 2704 364 2727 ut
391 2699 506 2726 fratrum
531 2693 742 2723 correctionem,
763 2698 818 2717 non
846 2689 910 2716 item
936 2688 1109 2715 ambitiosam
1143 2685 1285 2713 victoriam
1316 2685 1458 2720 qluesiisse
1483 2684 1632 2713 videamur.
1668 2685 1725 2713 Hoc
1758 2687 1860 2722 quippe

237 2753 288 2779 est,
306 2746 379 2781 quod
403 2745 440 2773 ait
458 2743 600 2777 theologus
617 2741 663 2769 ille
686 2739 856 2768 admirabilis
879 2737 1045 2772 Gregorius:
1061 2735 1122 2762 Non
1148 2734 1329 2769 undecunque
1353 2733 1499 2768 quaerenda
1527 2739 1568 2762 cst
1593 2735 1640 2762 tibi
1670 2735 1759 2769 palma
1776 2735 1862 2761 victo-

237 2797 295 2823 rite.
313 2795 359 2822 Est
375 2794 458 2825 enim,
474 2792 520 2819 ubi
532 2795 558 2818 te
567 2790 641 2818 vinci
658 2789 794 2817 sustinere
810 2786 919 2814 debeas.
936 2785 1021 2812 Debet
1036 2785 1128 2818 itaque
1148 2782 1194 2817 qui
1207 2786 1303 2810 contra
1331 2782 1520 2816 quadantenus
1541 2780 1713 2808 adversarios
1726 2780 1861 2814 disputat,

239 2843 368 2877 cogitare,
382 2839 465 2875 quod,
481 2837 590 2874 quando
605 2836 719 2864 victoria
745 2833 894 2869 contingit,
914 2840 969 2859 non
987 2840 1035 2858 sua
1051 2830 1151 2857 virtute
1179 2831 1288 2861 vincat;
1307 2828 1353 2856 sed
1374 2832 1507 2863 potestate
1531 2827 1662 2858 veritatis,
1691 2834 1773 2861 quam
1797 2827 1862 2854 talis

241 2891 352 2919 detinet.
372 2888 459 2923 Super
482 2887 573 2915 omnia
591 2886 663 2914 enim
694 2884 742 2920 (ait
760 2882 913 2919 Scriptura)
933 2880 1034 2908 veritas
1054 2878 1149 2906 vincit.
1180 2877 1216 2903 ita
1244 2875 1353 2903 domum
1381 2875 1438 2907 fiet,
1454 2879 1483 2902 ut
1505 2874 1532 2901 in
1557 2873 1658 2900 nullam
1682 2872 1786 2900 incidat
1811 2874 1863 2899 ali-
