1923 3067
118 194 175 223 455

496 193 718 222 ΡΑΟΗΥΜΕΒᾸΞ
739 192 982 221 PARAPIIRASIS
996 193 1032 221 ΙΝ
1049 193 1123 221 EPP.
1143 194 1171 221 S.
1189 194 1350 223 DlONYSll.

1688 198 1741 226 ιςι

117 252 229 287 quando
253 248 352 280 mentis
382 253 543 287 elationem;
578 255 627 282 sed
659 263 709 282 nec
737 262 788 290 ope
812 255 905 282 divina
920 254 1085 282 destituetur
1098 259 1222 288 eatenus,
1240 259 1279 287 ιιι,
1302 256 1367 283 dum
1379 256 1447 283 alios
1478 255 1660 292 reprehendit.
1680 261 1741 284 ruat

116 303 177 338 ipse
187 311 236 339 per
249 311 369 338 przeceps
387 304 414 330 in
435 305 546 331 alteram
564 305 713 338 quamlibet
736 305 814 340 lapsu
834 305 982 340 proclivem
997 305 1204 340 blasphemiam.

306 351 360 377 ΕΙΣ
380 351 449 378 ΤΗΝ
477 352 676 379 ΕΠΙΣΤΟΛΗΝ
691 353 727 380 Z'.

158 397 188 423 '0
206 397 281 431 ἂγιος
310 395 386 429 οὗτος
417 398 595 433 Πολύκαρτιος
621 399 747 434 Σμύρνης
772 399 801 425 ὲν
828 399 905 433 Ἀσίᾳ

115 443 226 477 γέγονεν
247 443 406 475 ἐπίσκοπος,
436 445 573 480 ἀκροατὴς
603 445 746 480 γενόμενος
765 444 812 471 τοῦ
826 445 904 478 ἁγίου

114 488 264 515 ἀποστόλου
299 489 346 515 καὶ
364 489 557 523 εὐαγγελιστοῦ
588 490 713 516 Ἰωάννου
742 490 789 516 τοῦ
816 490 905 516 θεολό-

113 542 175 568 γου,
202 534 293 566 καθὼς
321 536 367 561 καὶ
396 536 539 571 Εἰρηναῖος
573 537 602 562 ὲν
627 536 665 572 τῷ
701 537 784 572 τρίτῳ
810 537 903 572 βιϐλίῳ

113 580 169 606 τῶν
200 581 282 607 Κατὰ
310 580 365 614 τῆς
393 580 591 616 ψευδωνύμου
623 581 838 618 ﬁdum-(56),
866 583 904 614 ὼς

113 627 139 652 οἱ
167 626 276 653 παλαιοὶ
297 626 417 660 λέγουσι,
443 628 526 663 φησὶ,
560 628 606 654 καὶ
634 628 775 664 μαρτυρίῳ
800 628 839 664 τῷ
859 628 902 654 διὰ

113 673 201 708 πυρὸς
215 673 368 709 ἐτελειώθη.
390 674 465 709 Ἔχει
481 674 509 700 δὲ
531 674 673 709 ἐπιστολὴν
699 675 713 700 6
741 675 821 706 αὐτὸς
833 674 903 706 θεῖος

113 717 293 754 Πολύκαρπος
317 719 385 755 πρὸς
413 719 618 755 Φιλιππησίους.
643 720 821 747 Ἐπιστέλλων
837 720 902 754 γοῦν

113 764 183 800 πρὸς
197 764 289 791 τοῦτον
306 765 320 791 ὀ
346 765 416 797 θεῖος
443 765 579 797 Διονύσιος
606 765 639 792 τά
661 767 725 802 περὶ
742 766 788 793 τοῦ
809 766 903 793 ’Λπολ-

111 809 245 844 λοφάνους
279 810 414 844 διέξεισιν,
446 811 476 844 ὃς
501 811 599 848 Ἕλλην
621 811 673 844 ὢν,
701 812 748 839 καὶ
783 812 903 844 Ἀσιανὸς

112 857 272 891 φιλόσοφος,
300 857 385 884 πολλὰ
405 857 452 884 τοῦ
476 858 554 892 ἁγίου
567 859 713 894 κατηγόρει
728 859 768 894 τῷ
792 859 902 894 Χριστῷ

112 902 321 937 προσελθόντος·
349 903 438 930 καίτοι
457 911 488 937 γε
518 904 576 939 ἅμα
600 904 686 940 τούτῳ
722 905 903 941 συνεωρακὼς

110 950 147 975 τὰ
161 949 244 976 πολλὰ
265 949 357 976 ἐκεῖνα
370 950 417 976 καὶ
432 950 575 986 θαυμαστὰ
597 950 632 977 τὰ
648 951 693 978 ἐπὶ
710 953 742 987 τῇ
767 952 836 979 κατὰ
857 952 902 978 τὸν

111 995 228 1031 σταυρὸν
245 996 342 1031 ἡλιακῇ
369 995 489 1031 ἐκλείψει
503 996 569 1032 (57).
589 997 669 1032 Λέγει
687 997 752 1032 γοῦν
776 998 843 1034 πρὸς
857 998 902 1024 τὸν

1183 351 1217 378 IN
1241 350 1435 379 EPISTOLAM
1457 350 1512 378 Vll.

965 415 967 417 -
989 397 1158 433 Polycarpus
1173 398 1228 430 hic,
1245 399 1288 424 vir
1310 397 1417 425 eximiae
1437 396 1603 428 sanctitatis,
1620 395 1743 431 Smyrnae

953 444 1082 471 Asiaticae
1114 444 1165 471 fuit
1186 444 1344 479 episcopus,
1369 443 1479 471 auditor
1507 443 1626 478 primum
1653 442 1741 470 sam-ti

955 490 1071 524 apostoli
1087 494 1115 517 et
1136 490 1311 524 evangelista:
1325 489 1450 521 Joannis,
1468 493 1649 524 cognomento
1666 489 1744 515 theo—

954 535 1007 570 logi
1022 545 1027 562 :
1052 537 1280 570 quemadmodum
1297 535 1416 563 lremeus
1431 536 1458 562 in
1473 536 1554 562 tertio
1566 542 1660 562 eorum
1674 542 1744 568 quos

954 581 1086 609 adversus
1102 582 1163 609 falsi
1181 582 1300 609 nominis
1323 582 1467 609 scientiam
1484 582 1605 615 scripsit,
1633 581 1742 611 asserit.

955 630 983 653 ut
996 626 1113 660 majores
1134 634 1242 661 quoque
1270 627 1357 654 nostri
1376 626 1474 653 litteris
1501 626 1690 660 prodiderunt.
1718 625 1744 652 ls

953 673 1015 708 igne
1030 673 1203 708 absumptus,
1217 673 1339 708 martyrii
1355 673 1468 707 gloriam
1483 673 1598 707 adeptus
1612 677 1666 700 est.
1687 672 1742 699 Ex-

953 723 1007 746 stat
1019 723 1108 746 autem
1123 719 1174 746 viri
1188 719 1271 754 hujus
1289 718 1460 746 admirabilis
1476 717 1617 754 Polyearpi
1627 719 1743 753 epistola

952 765 987 792 ad
1004 764 1204 799 Philippenses.
1234 764 1330 792 Adhuc
1357 764 1439 800 igitur
1461 765 1558 792 beatus
1582 764 1741 800 Dionysius,

953 812 1037 838 missa
1050 811 1166 846 epistola
1187 811 1220 838 de
1237 811 1435 846 Apollophane,
1451 811 1514 838 talia
1531 812 1677 839 edisserit:
1695 811 1742 846 qui

953 858 1062 892 gentilis
1082 866 1143 885 cum
1166 862 1249 889 esset,
1280 858 1459 893 philosophus
1483 858 1596 893 insuper
1612 858 1740 889 Asianus,

953 903 1100 930 identidem
1132 903 1304 931 obtrectabat
1327 909 1434 936 sancto,
1452 904 1550 932 dolens
1571 904 1643 939 quod
1662 904 1743 931 Chri-

952 951 1048 977 stiana:
1083 950 1144 977 ﬁdei
1182 950 1367 982 accessisset,
1408 951 1517 978 etiamsi
1557 958 1619 978 eum
1660 950 1742 977 beato

952 995 1082 1032 Dionysio
1120 1004 1173 1023 non
1216 1003 1303 1030 pauca
1338 996 1382 1023 illa
1418 1000 1445 1023 et
1476 1004 1538 1023 cum
1567 996 1665 1031 primis
1700 996 1743 1023 di-

111 1040 183 1067 θεῖον
198 1041 387 1078 Πολύκαρπον,
405 1043 446 1069 ὅτι
464 1042 536 1076 Ἐγὼ
549 1043 597 1078 μὲν
612 1043 662 1070 οὐκ
676 1041 733 1070 οἶδα
750 1044 817 1079 πρός
827 1053 899 1076 τινας

953 1050 1004 1077 gna
1018 1042 1098 1077 255
1112 1042 1292 1069 admiratione
1306 1051 1358 1069 una
1374 1043 1569 1077 perspexisset,
1583 1050 1643 1077 qum
1655 1042 1744 1069 Domi-

109 1087 279 1123 ὲτεροδόξους
301 1088 395 1121 εἰπὼν,
418 1090 466 1117 καὶ
489 1089 619 1126 διασύρας
635 1091 684 1125 τὴν
705 1090 815 1117 ἐκείνων
836 1091 903 1126 θρη-

110 1136 217 1168 σκείαν,
229 1135 324 1171 ἀρκεῖν
337 1136 459 1171 οἰόμενος
471 1135 510 1169 τῷ
525 1136 620 1171 ἀγαθῷ
635 1136 781 1172 ἀνθρώπῳ,
797 1137 845 1164 ὲάν
859 1137 905 1163 δυ-

109 1182 205 1217 νηθείη
235 1182 300 1209 αὐτὸ
322 1182 383 1208 καθ’
404 1181 469 1208 αὐτὸ
485 1182 515 1208 τὸ
528 1182 637 1217 ἀληθὲς,
661 1182 753 1214 καθὼς
771 1182 838 1218 ἔχει,
857 1183 903 1210 καὶ

109 1228 211 1262 γνῶναι
230 1229 277 1255 καὶ
298 1230 394 1256 εἰπεῖν.
417 1228 521 1263 Ὥσπερ
536 1228 590 1264 γὰρ
606 1229 656 1256 οὐκ
673 1228 728 1265 ἔχει
739 1229 816 1263 λόγον
831 1229 904 1256 συνί-

109 1273 224 1300 στασθαι
239 1274 269 1300 τὸ
282 1273 392 1309 ἀληθὲς,
405 1274 438 1300 ὲκ
451 1273 499 1300 τοῦ
510 1274 541 1300 τὸ
551 1274 648 1309 ψεῦδος
662 1275 833 1310 ἐλέγχεσθαι·
846 1275 902 1302 ἀλλ’

107 1319 175 1346 αὐτὸ
190 1319 250 1345 καθ’
262 1319 327 1346 αὐτὸ
343 1319 480 1356 αὔταρκές
498 1321 572 1347 ἐστιν
586 1322 627 1352 είς
636 1321 668 1347 τὺ
685 1322 766 1348 πᾶσιν
788 1321 903 1355 ἀναφαίο

107 1373 164 1391 νειν
178 1365 227 1400 τὴν
244 1365 340 1392 ἑαυτοῦ
355 1366 551 1404 λαμπρότητα,
569 1368 620 1395 κᾶν
636 1368 816 1403 συγκρίνηται
835 1367 903 1403 πρὸς

107 1412 139 1438 τὸ
153 1411 262 1447 ψεῦθος,
280 1413 332 1440 κᾶν
348 1414 379 1440 οὐ
397 1414 575 1451 συγκρίνηται
586 1423 593 1429 ·
614 1414 713 1450 μᾶλλον
728 1414 776 1449 μὲν
792 1411 838 1440 οὖν
854 1414 902 1441 καὶ

106 1459 158 1494 τῆς
167 1459 269 1491 οἰκείας
278 1460 419 1495 δυνάμεως
429 1459 483 1488 οἷον
493 1462 581 1488 εἰπεῖν
591 1460 755 1487 κινδυνεύσει
765 1461 795 1487 οὐ
804 1461 835 1487 τὺ
845 1460 904 1487 ἐλά-

107 1514 200 1540 χιστον
212 1506 439 1541 προσαποϐαλεῖν,
452 1505 576 1540 δόξαντός
585 1516 656 1533 τισιν
666 1507 696 1533 οὑ
706 1507 767 1533 καθ’
778 1507 843 1533 αὐτὸ
853 1507 902 1542 τὴν

109 1551 187 1586 ἰσχὺν
209 1551 297 1586 ἔχειν’
315 1551 382 1578 ἀλλὰ
399 1552 446 1579 τοῦ
463 1553 551 1588 πάντη
568 1551 697 1583 ἀσθενοῦς
714 1552 901 1587 ὲλεγχομένου,

108 1596 230 1631 δηλονότι
243 1597 289 1623 τοῦ
299 1597 421 1632 ψεύδους,
439 1598 515 1630 αὐτὸ,
527 1598 565 1630 ὡς
576 1598 612 1633 μὴ
619 1597 738 1624 τοιοῦτον
748 1597 847 1628 τελέως
855 1616 862 1628 ,
871 1597 902 1623 τὺ

108 1643 208 1678 κράτος
232 1642 399 1679 κληροῦσθαι
410 1653 416 1658 ·
434 1644 520 1676 οὕτως
536 1644 590 1671 οὐδ’
609 1644 728 1678 ἀγαθοὺς
743 1643 902 1678 ἀνθρώπους

105 1688 212 1723 πρέπον
223 1688 280 1714 ἐστὶ
294 1688 468 1715 συνίστασθαι
477 1689 546 1716 κατά
556 1690 586 1716 τὸ
596 1690 693 1716 οἰκεῖον
704 1689 794 1720 σέϐας,
805 1688 842 1719 ὡς
854 1696 902 1714 κα·-

955 1095 990 1114 no
1005 1088 1031 1114 in
1047 1095 1129 1114 cruce
1150 1087 1284 1122 pendente
1309 1087 1482 1121 contigerunt
1501 1095 1549 1122 per
1564 1088 1652 1114 solare
1675 1087 1742 1114 illud

954 1131 1112 1167 deliquium.
1130 1131 1200 1158 Dicit
1215 1132 1297 1167 igitur
1313 1137 1408 1159 sancto
1424 1132 1593 1167 l’olycarpo:
1609 1131 1742 1167 Equidem

954 1178 1020 1204 mihi
1035 1178 1164 1204 conscius
1180 1186 1233 1204 non
1250 1186 1309 1205 sum
1321 1178 1423 1205 dixisse
1443 1178 1590 1212 aliquando
1612 1177 1743 1206 adversus

954 1224 1067 1250 alterius
1079 1228 1160 1251 sectae
1174 1224 1355 1259 professores,
1367 1227 1414 1250 aut
1429 1224 1536 1250 illorum
1552 1225 1741 1251 creretnoniam

953 1269 1111 1303 cultumque
1123 1277 1243 1303 unquam
1255 1269 1325 1304 stylo
1340 1268 1545 1302 perstrinxisse,
1558 1268 1680 1296 sullicere
1695 1276 1742 1296 ar-

953 1314 1070 1341 bitratus
1083 1315 1118 1345 ei,
1128 1316 1174 1349 qui
1187 1315 1274 1343 bonus
1283 1323 1344 1342 esse
1355 1315 1442 1350 pergit
1452 1335 1460 1347 ,
1477 1315 1498 1341 si
1513 1314 1550 1347 id,
1562 1314 1635 1349 quod
1646 1322 1741 1342 verum

954 1363 1008 1391 est,
1026 1361 1116 1396 ipsum
1126 1363 1276 1388 secundum
1284 1369 1312 1389 se
1323 1361 1403 1388 sicuti
1414 1369 1443 1388 sc
1451 1361 1542 1392 habet,
1558 1368 1639 1388 nosse
1654 1361 1742 1395 possit

953 1406 1035 1434 simul
1059 1411 1086 1434 et
1110 1415 1279 1441 expromere.
1305 1406 1538 1439 Quemadmodum
1565 1407 1637 1434 enim
1666 1407 1742 1434 nulla

953 1453 1075 1488 suppetit
1099 1454 1168 1480 ratio
1187 1453 1386 1480 constituenda?
1406 1452 1660 1480 cotninendandwve
1671 1453 1742 1480 veri-

953 1501 1018 1526 tatis
1032 1507 1063 1526 ex
1077 1507 1120 1531 eo,
1133 1499 1206 1534 quod
1226 1499 1398 1526 mendacium
1414 1498 1639 1533 deprehenditur,
1654 1507 1742 1533 quan-

952 1545 988 1572 do
1008 1546 1065 1580 ipsa
1079 1546 1229 1573 secundum
1248 1553 1278 1572 sc
1292 1545 1400 1572 abunde
1415 1552 1444 1572 se
1462 1544 1560 1572 sullicit
1576 1545 1603 1571 in
1619 1553 1742 1572 commn-

952 1600 987 1619 ne
1002 1592 1131 1620 omnibus
1144 1592 1230 1626 palam
1239 1599 1364 1620 exserere
1376 1591 1497 1618 nativum
1516 1599 1595 1618 suum
1612 1591 1740 1625 splendo-

952 1647 1020 1670 rem,
1037 1639 1095 1666 sive
1109 1647 1140 1665 ea
1156 1646 1217 1666 Clllll
1235 1639 1376 1666 mendacio
1392 1641 1582 1672 componatur.
1600 1638 1656 1665 sive
1673 1645 1738 1665 non.

953 1685 1024 1718 Quin
1036 1686 1125 1720 potius
1141 1685 1341 1720 periclitabitur
1352 1685 1386 1717 (si
1401 1684 1492 1712 dicere
1507 1684 1549 1711 fas
1564 1684 1610 1719 sit)
1623 1692 1678 1711 non
1689 1684 1740 1711 mi-

105 1732 162 1765 λῶς
175 1734 356 1766 πιστεύουσιν,
368 1735 421 1762 ἀπὸ
431 1735 478 1761 τοῦ
493 1735 704 1771 καθυϐρίζεσθαι
714 1736 776 1766 τοὺς
792 1735 899 1770 ἑτέρους

952 1731 1053 1758 nimam
1076 1732 1228 1766 portionem
1249 1731 1398 1766 deperdere
1416 1730 1532 1766 propriae
1547 1731 1675 1758 virtutis:
1693 1730 1740 1758 ubi

106 1780 124 1814 ἢ
151 1779 354 1815 ὲξελέγχεσθαι-
382 1781 448 1808 ἀλλὰ
476 1781 536 1808 καθ’
551 1782 650 1813 αὐτοὺς
664 1781 852 1815 ἐξετάζεσθαι,
875 1783 899 1808 εἰ

105 1822 162 1857 ἄρα
179 1822 249 1855 ἄξιοί
271 1825 324 1851 εἰσι
345 1824 510 1860 θαυμασμοῦ
529 1826 578 1861 τῆς
598 1825 682 1861 ὀρθῆς
705 1826 822 1860 κρίσεως
843 1825 900 1852 ἕνε-

106 1877 144 1895 κα
161 1869 226 1904 (58)·
248 1870 295 1897 τοῦ
310 1870 364 1907 γὰρ
379 1871 504 1907 ἀληθοῦς,
528 1873 542 1898 ὃ
561 1870 591 1898 τί
608 1871 673 1898 ποτέ
693 1873 775 1903 ἐστιν,
796 1872 900 1898 ἀποδει-

106 1916 242 1950 κνυμένου
266 1917 326 1943 κατ’
352 1917 432 1944 αὑτὸν
447 1917 492 1944 τὸν
506 1918 556 1953 τῆς
571 1918 698 1952 ἀληθείας
711 1918 791 1953 νόμον
808 1918 899 1953 (νόμος

104 1961 135 1988 δὲ
151 1961 278 1997 ἀληθείας
296 1963 327 1989 τὸ
345 1963 405 1990 καθ’
426 1963 512 1998 αὐτὴν
525 1963 698 1996 ἐξετάζεσθαι
709 1964 728 1998 ),
746 1964 793 1990 καὶ
813 1964 898 1991 καθα-

107 2008 163 2044 ρῶς
173 2009 327 2044 ἑστηκότος,
343 2010 398 2036 πᾶν
412 2009 443 2035 τὺ
457 2009 543 2040 ἄλλως
558 2009 618 2044 ἕχον
629 2009 676 2036 καὶ
686 2009 897 2045 ὑποκρινόμενον

104 2055 157 2090 τὴν
171 2054 298 2090 ἀλήθειαν
313 2055 505 2092 ἐλεγχθήσεται
516 2055 608 2091 ἓτερον
627 2054 698 2082 κατὰ
710 2055 834 2091 ἀνόμοιον
850 2055 899 2082 τοῦ

104 2099 191 2131 ὕντως
206 2099 289 2132 ὄντος,
300 2101 384 2135 ἠγουν
399 2100 446 2127 τοῦ
461 2099 587 2135 ἀληθοῦς·
603 2101 650 2127 καὶ
660 2100 754 2127 δοκοῦν
770 2100 898 2136 ἐλεγχθή-

105 2152 184 2171 σεται
206 2145 303 2180 μᾶλλον
322 2146 338 2181 ἢ
353 2145 392 2172 ὅν.
410 2145 540 2180 Περιττὸν
555 2146 645 2172 τοίνυν
666 2146 712 2172 τὸν
730 2146 776 2172 ἐπὶ
789 2145 896 2173 πάντων

103 2190 219 2226 λέγοντα
235 2191 280 2218 καὶ
294 2191 461 2227 φανεροῦντα
480 2191 530 2227 τὴν
550 2191 688 2227 ἀλήθειαν,
706 2192 773 2227 πρὸς
786 2192 897 2224 τούτους

103 2237 122 2272 ἢ
141 2237 262 2269 ἐκείνους
276 2237 467 2273 διαμάχεσθαι,
485 2232 620 2267 Ἕκαστος
628 2237 692 2273 γὰρ,
712 2237 895 2273 πλανώμενος,

103 2283 190 2309 οἴεται
203 2283 253 2319 τὴν
267 2283 393 2319 ἀλήθειαν
405 2283 544 2318 κατέχειν,
562 2283 655 2319 ὥσπερ
668 2291 694 2309 τι
710 2283 848 2318 βασιλικὸν
858 2284 897 2310 v6-

105 2338 197 2364 μισμα
208 2337 215 2344 ·
236 2329 281 2356 καὶ
296 2329 360 2361 ι’σως
375 2329 482 2364 κατέχει
501 2329 595 2365 μορίου
605 2328 678 2360 τινος
695 2329 744 2364 τῆς
758 2329 893 2365 ἀληθείας,

103 2375 136 2402 οὑ
164 2376 217 2410 μήν
239 2384 270 2410 γε
299 2375 390 2411 πάσης
417 2376 466 2411 τῆς
495 2375 624 2410 ἀληθείας
653 2375 790 2410 ἀπατηλὸν
816 2376 893 2402 εἴδω-

952 1777 1115 1812 quibusdam
1140 1778 1199 1805 visa
1213 1777 1297 1805 fuerit
1315 1785 1486 1812 nequaquam
1504 1777 1558 1804 vim
1573 1777 1645 1804 illam
1661 1784 1738 1804 suam

950 1823 1073 1850 obtinere
1084 1826 1180 1857 suapte
1195 1826 1304 1855 natura,
1318 1823 1365 1850 sed
1381 1823 1498 1858 pendere
1511 1831 1544 1851 ex
1555 1823 1616 1857 ejus
1626 1822 1740 1850 demon-

950 1869 1093 1902 stratione,
1105 1869 1177 1904 quod
1189 1869 1264 1896 omni
1280 1877 1313 1896 ex
1331 1873 1410 1904 parte
1431 1869 1570 1896 infirmum
1586 1873 1638 1901 est,
1653 1869 1739 1896 nimi-

949 1923 1009 1942 rum
1026 1923 1058 1943 ex
1075 1915 1220 1943 collatione
1240 1915 1384 1950 mendacii,
1400 1917 1479 1951 quasi
1496 1923 1560 1943 vero
1582 1916 1673 1944 minus
1689 1923 1739 1951 per

949 1971 979 1991 se
996 1963 1148 1991 absolutam
1166 1966 1193 1990 et
1213 1963 1349 1990 ellicacem
1371 1964 1522 1998 potentiam
1546 1964 1643 1991 sortito
1664 1963 1737 1991 obti-

949 2010 1023 2035 neat.
1039 2007 1080 2034 Ad
1098 2008 1224 2035 eumdem
1239 2008 1348 2035 modum
1360 2008 1518 2043 neutiquam
1535 2008 1648 2036 addecet
1663 2009 1737 2037 viros

948 2058 979 2081 ut.
992 2054 1078 2081 bonos
1093 2054 1243 2088 praedicare
1258 2055 1378 2089 propriae
1403 2055 1545 2090 religionis
1562 2056 1738 2083 commenda-

949 2101 1033 2134 tione,
1050 2100 1129 2135 quasi
1145 2100 1196 2127 hoc
1212 2101 1323 2128 nomine
1337 2104 1418 2128 rectae
1430 2101 1486 2128 sint
1498 2101 1570 2133 fidei.
1585 2102 1656 2136 quod
1668 2101 1738 2128 alio-

948 2155 1008 2175 rum
1022 2152 1113 2176 seetas
1124 2147 1216 2174 norint
1232 2147 1339 2176 fortiter
1352 2147 1460 2182 probris
1475 2155 1619 2183 aspergere
1637 2152 1683 2175 aut
1694 2156 1736 2176 re-

947 2192 1130 2228 prehendere;
1141 2193 1227 2226 magis
1239 2201 1303 2220 vero
1312 2193 1462 2220 secundum
1474 2201 1503 2221 se
1513 2193 1737 2228 cxpendendive—

947 2239 1027 2266 niunt
1037 2243 1063 2266 et
1073 2239 1260 2270 examinandi,
1271 2239 1294 2266 si
1311 2239 1440 2266 nimirum
1456 2240 1529 2274 digni
1546 2240 1601 2267 sint
1616 2239 1736 2266 admira-

948 2286 1022 2313 tione
1047 2289 1158 2320 propter
1183 2290 1287 2313 rectum
1314 2286 1460 2320 judicium.
1488 2286 1546 2314 Hoc
1571 2287 1643 2314 enim
1671 2295 1736 2315 vero

946 2331 1142 2367 (quodcunque
1153 2332 1262 2359 tandem
1277 2332 1343 2359 illud
1358 2333 1411 2368 est)
1423 2332 1618 2364 demonstrato.
1636 2340 1735 2361 secun-

946 2379 1010 2407 dum
1025 2379 1110 2414 ipsam
1128 2379 1213 2414 legem
1228 2380 1362 2410 veritatis,
1377 2380 1430 2415 (lex
1446 2384 1537 2408 autem
1554 2380 1677 2409 veritatis
1691 2385 1734 2409 est

103 2422 224 2457 λον(59).
239 2421 397 2457 Θαυμάσιον
415 2422 443 2448 δὲ
459 2421 505 2448 καὶ
513 2421 545 2447 τὸ
561 2421 668 2448 εἴδωλον
682 2420 749 2455 (60),
766 2421 832 2447 καθὸ
849 2421 895 2447 καὶ

951 2425 1000 2452 tale
1019 2425 1120 2460 aliquid
1137 2425 1286 2453 secundum
1304 2426 1388 2460 ipsam
1408 2426 1548 2453 veritatem
1569 2427 1732 2462 expendere)

103 2468 295 2504 εἰδωλολάτραι
314 2467 469 2499 καλοῦνται,
492 2467 529 2499 ὡς
545 2467 663 2499 εἰδώλοις
680 2467 828 2503 ἀπατηλοῖς
849 2476 895 2503 μο-

104 2514 166 2551 ρίου
180 2514 308 2549 ἀληθείας
321 2514 506 2550 λατρεύοντες,
527 2513 676 2547 φάσκοντες
691 2513 754 2545 τοὺς
772 2514 801 2539 οὑ
819 2513 896 2545 θεοὺς

103 2560 195 2592 θεοὺς,
221 2561 268 2587 καὶ
285 2560 315 2587 τὸ
334 2560 506 2595 ὀφειλόμενον
530 2558 569 2594 τῷ
592 2558 652 2594 Θεῷ
675 2558 756 2590 σέϐας
772 2560 812 2590 εις
833 2560 896 2591 τοὺς

103 2606 298 2642 ψευδωνύμους
320 2606 397 2637 θεοὺς
424 2606 614 2641 ἀπονέμοντες.
644 2606 716 2633 Λάϐε
738 2605 826 2632 τοίνυν
849 2606 895 2633 τὸν

107 2653 159 2689 μὲν
176 2652 213 2688 μὴ
229 2651 356 2688 ἀλήθειαν
370 2652 464 2687 ἔχοντα
482 2652 519 2684 ὡς
543 2652 589 2678 τὸν
613 2652 643 2678 τὸ
660 2651 797 2687 βασιλικὸν
815 2652 895 2678 κατέ-

104 2707 189 2735 χοντα
205 2699 335 2734 νόμισμα.
370 2698 403 2724 Εἰ
434 2697 500 2732 γοῦν
526 2696 602 2728 οὗτος
627 2697 778 2733 ἐξελέγχειν
794 2697 896 2734 πειρώ-

107 2754 189 2781 μενος
202 2745 267 2777 τοὺς
284 2745 320 2780 μὴ
335 2745 499 2779 κατέχοντας
508 2745 554 2771 καὶ
569 2744 717 2780 οἰομένους,
734 2744 786 2771 κᾶν
800 2743 895 2771 τοῦτον

105 2790 244 2828 ἐξελέγξῃ,
267 2791 360 2826 ἕτερος
380 2790 576 2825 φιλονεικήσει·
602 2789 653 2816 κᾶν
684 2790 774 2821 αὐτὸν,
801 2790 894 2826 ἔτερος

104 2838 204 2864 πάλιν·
230 2837 281 2865 κᾶν
305 2836 382 2868 αὖθις
399 2836 503 2867 τοῦτον,
520 2836 612 2872 ἕτερος
632 2837 822 2872 ἀναστήσεται.
838 2836 891 2863 Τοῦ

105 2885 171 2919 γοῦν
181 2884 296 2921 ἀληθοῦς
312 2883 503 2918 ἀνεξελέγκτου
520 2883 653 2918 μένοντος,
675 2884 729 2909 πᾶν
747 2883 778 2910 τὸ
794 2883 830 2918 μὴ
847 2883 892 2909 οὒ-

105 2939 159 2962 τιος
181 2930 251 2966 ἔχον,
277 2930 342 2957 αὐτὸ
364 2930 408 2964 ὑφ’
429 2928 525 2956 ἑαυτοῦ
543 2929 786 2965 καταϐληθήσεται,
808 2937 892 2964 προσ-

929 2493 934 2497 .
946 2476 971 2499 et
985 2465 1131 2499 sinceriter
1142 2476 1296 2503 constante,
1313 2472 1443 2507 quidquid
1462 2476 1514 2505 est,
1526 2474 1598 2508 quod
1614 2474 1692 2502 aliter
1703 2482 1735 2504 se

946 2517 1028 2545 habet
1041 2518 1226 2553 mentiturque
1238 2518 1389 2550 veritatem,
1401 2519 1580 2546 eonvincetur
1595 2520 1733 2555 falsitatis;

927 2568 930 2570 '
946 2563 1134 2599 dissimileque
1149 2569 1175 2591 et
1189 2563 1262 2591 aliud
1277 2571 1358 2598 quam
1374 2571 1403 2591 re
1418 2564 1475 2599 ipsa
1491 2564 1536 2596 sit,
1558 2565 1675 2593 alienum
1691 2568 1734 2594 vi-

946 2609 1043 2637 delicet
1056 2611 1194 2638 averilate
1204 2610 1322 2645 (etiamsi
1336 2618 1397 2637 esse
1411 2610 1534 2638 videatur
1548 2613 1635 2648 magis
1650 2621 1733 2648 quam

947 2656 993 2690 sit)
1009 2661 1174 2691 coarguetur
1190 2656 1311 2683 tandem.

980 2698 1217 2734 Supervacaneum
1230 2708 1294 2727 vero
1305 2701 1341 2728 sit
1351 2708 1424 2733 eum,
1438 2701 1484 2736 qui
1500 2701 1534 2729 de
1547 2703 1677 2731 omnibus
1684 2711 1732 2738 pa-

945 2749 989 2772 rat
1001 2745 1104 2777 dicere,
1117 2746 1198 2773 simul
1215 2750 1242 2773 et
1253 2747 1410 2774 varietatem
1426 2747 1541 2775 assumit
1553 2748 1734 2776 manifestan-

946 2792 1020 2823 dam,
1033 2792 1189 2820 velitaribus
1201 2792 1292 2820 verbis
1302 2793 1457 2828 depugnare
1473 2793 1606 2821 adversus
1619 2794 1669 2822 hos
1684 2799 1731 2822 ant

946 2836 1017 2864 illos.
1029 2836 1184 2864 Arbitratur
1195 2837 1266 2864 enim
1278 2838 1376 2872 quivis,
1388 2838 1557 2872 quantolibet
1573 2839 1595 2867 is
1607 2843 1734 2868 teneatur

945 2882 1096 2910 obstrictus
1112 2890 1215 2915 errore,
1225 2890 1309 2918 penes
1322 2891 1351 2910 se
1367 2891 1428 2910 esse
1443 2884 1597 2917 veritatem,
1620 2886 1734 2920 perinde

944 2933 1026 2964 atque
1040 2929 1150 2966 regium
1171 2929 1306 2964 quoddam
1329 2929 1475 2957 numisma.
1496 2929 1527 2956 Et
1549 2930 1666 2959 fortasse
1681 2933 1731 2959 ali-
