1940 3064
215 155 269 183 455

582 151 757 182 APPENDIX
774 153 821 182 AD
840 153 955 182 OPERA
973 154 1002 183 S.
1021 155 1174 185 DIONYSII
1189 156 1432 187 ΑΒΕΟΡΑΟΙΤΕ.

1793 165 1838 194 ίὸϐ

215 213 296 247 cujus
308 211 448 247 particulze
466 211 589 238 veritatis
601 212 785 247 (nequaquam
798 219 864 239 vero
879 212 996 240 univers:

1065 213 1183 250 κροῦσαν
1194 216 1243 251 μὲν
1256 216 1297 252 τῷ
1307 217 1401 253 ἀληθεῖ
1410 217 1477 253 (6i),
1489 218 1556 246 αὐτὸ
1570 219 1599 246 δὲ
1613 220 1695 247 πεσὸν
1708 222 1742 257 τῇ
1756 222 1841 260 ἀηττή-

214 258 350 294 veritatis)
361 258 506 293 imaginem
522 257 665 285 subdolam
678 261 762 284 tenet.
770 258 937 286 Admirabile
944 267 1010 287 vero

214 307 297 334 etiam
308 306 417 333 εἴδωλον
432 313 479 332 seu
492 304 741 340 imago,particulae
756 305 889 337 veritatis,
899 311 1010 340 propter

214 353 288 389 quod
301 353 451 380 idololatrae
466 356 610 384 vocantur,
638 355 668 378 ut
684 351 731 386 qui
744 352 848 378 cultum
862 353 1009 380 exhibeant

214 398 306 431 idolis,
318 398 437 425 fucatam
452 401 479 424 et
491 397 616 424 fallacem
626 397 790 432 particulam
804 398 929 425 veritatis
950 405 1006 434 prae

217 451 246 473 se
255 446 411 474 ferentibus:
421 444 542 479 deosque
553 447 692 474 asseram,
703 443 751 479 qui
762 443 830 470 nihil
843 443 934 472 minus
944 448 1009 471 sunt

213 498 296 526 quam
312 490 365 525 dii;
381 490 566 518 venerabilem
582 490 664 526 256
683 490 797 525 insuper
817 492 1008 518 caeremoniam

214 536 270 564 Deo
294 536 347 564 soli
365 536 485 563 debitam
506 535 534 563 in
554 536 624 564 tales
647 535 792 563 conferant
810 539 838 563 et
854 536 1009 571 partiantur

213 583 344 610 emeutito
358 583 469 610 nomine
482 582 559 610 deos.
583 582 652 610 Eum
679 583 770 618 igitur,
795 583 841 618 qui
865 583 1008 610 veritatem

212 636 296 664 penes
313 637 342 656 se
358 629 449 660 habet,
462 629 582 663 intellige
600 628 645 656 hic
664 629 729 661 dici,
746 629 825 664 quasi
841 629 888 664 qui
902 629 1008 664 regium

212 676 351 703 numisma
366 674 515 710 possideat.
539 675 617 708 Quod
637 675 661 702 si
677 675 723 702 hic
737 679 852 702 conetur
864 683 912 703 eos
926 683 1008 710 argu-

211 722 313 750 mentis
327 722 463 754 evincere,
485 723 532 757 qui
554 722 697 749 veritatem
713 722 823 757 quidem
844 722 931 757 ipsam
951 730 1007 750 non

212 773 408 804 assequuntur,
420 772 548 804 putantes
562 768 664 804 alioqui
677 776 706 796 se
716 776 776 795 eam
788 773 940 799 assecutos,
950 769 1008 796 sive

211 816 284 843 hunc
305 816 350 844 ille
373 820 513 851 coarguat,
537 815 607 843 alter
627 815 798 843 contentiose
826 815 879 843 sibi
902 819 1008 843 astruet

211 862 371 895 victoriam;
400 862 459 890 sive
484 862 567 889 istum
596 861 789 896 reprehendat,
820 869 917 890 rursus
937 863 1007 889 alter

1059 268 1099 295 τῳ
1114 261 1207 288 στάσει
1228 262 1280 297 τῆς
1298 263 1425 298 ἀληθείας
1451 265 1654 300 ἀποκρουσθέν·
1675 267 1737 293 ἐπεὶ
1755 268 1802 304 γὰρ
1813 269 1840 296 οὺ

1060 309 1219 344 κατισχύσει
1236 310 1302 337 ποτὲ
1327 311 1377 346 τῆς
1396 311 1525 347 ἀληθείας
1546 312 1578 339 τὸ
1597 313 1704 348 ψεῦδος,
1719 315 1760 341 ἀεὶ
1772 315 1797 342 δὲ
1808 315 1841 348 ὡς
1879 341 1882 344 ,

1059 355 1180 382 ἐναντίον
1202 356 1316 392 μάχεται
1335 357 1414 384 τοῦτο
1437 359 1539 395 ἐκείνῃ.
1557 359 1667 392 πάντως
1688 361 1753 388 αὐτὸ
1768 370 1841 397 προσ-

1059 401 1182 438 κρούσει,
1207 404 1254 430 καὶ
1268 403 1334 430 αὐτὸ
1351 405 1474 431 πεσεῖται
1492 404 1558 441 (62).
1583 406 1630 438 Τίς
1650 406 1705 442 γὰρ
1725 409 1840 435 κοινωνία

1059 448 1162 484 χύτρας
1181 449 1250 485 πρὸς
1274 449 1392 486 λέϐητα;
1408 451 1473 477 αὐτὸ
1497 452 1690 488 προσκρούσει,
1719 454 1763 480 καὶ
1784 453 1842 481 αὐτὸ

1059 495 1301 533 συνθλασθήσεται.
1327 496 1412 523 Τοῦτο
1439 496 1516 531 γοῦν,
1539 497 1578 529 ὡς
1598 496 1686 534 οἶμαι,
1709 499 1793 532 καλῶς
1805 501 1840 528 εί-

1057 542 1121 574 δὼς,
1138 543 1187 569 οὐκ
1206 543 1326 570 ἔσπευσα
1349 544 1419 579 πρός
1439 552 1516 576 τινας
1537 544 1769 580 διαμαχέσασθαιο
1790 546 1840 573 ἀλλ’

1060 589 1151 616 ἱκανόν
1177 598 1222 625 μοι
1240 589 1319 616 τοῦτο
1333 590 1391 626 δοίη
1406 589 1483 622 Θεὸς,
1506 590 1615 626 πρῶτον
1629 591 1770 625 γινώσκειν
1785 596 1841 629 περζ

1057 635 1107 670 τῆς
1117 634 1246 671 ἀληθείας
1261 635 1299 667 ὼς
1314 636 1356 663 δεῖ
1366 645 1372 651 ·
1393 635 1500 663 κᾶπειτ’
1521 637 1620 670 εἰδότα,
1630 637 1720 672 λέγειν
1735 639 1771 670 ὡς
1784 639 1841 675 χρὴ.

1058 682 1094 708 Σὺ
1118 681 1147 708 δὲ
1169 681 1269 716 λέγεις,
1293 682 1334 709 ᾶτι
1356 681 1515 719 λοιδορεῖται
1537 692 1581 719 μοι
1603 684 1618 710 ὁ
1641 684 1840 721 Ἀπολλοφάνης,

1058 728 1204 755 ἀποκαλῶν
1225 737 1258 764 με
1281 729 1458 765 πατραλοίαν,
1485 729 1525 756 δτι
1547 729 1627 766 δῆθεν
1647 732 1704 763 τοῖς
1726 731 1839 767 πατρίοις

1059 773 1131 805 θεοῖς
1145 774 1353 810 ἐμνησικάκησα
1369 774 1434 810 (65),
1451 776 1497 802 καὶ
1515 775 1556 802 ὅτι
1574 777 1632 808 τοῖς
1644 776 1698 803 τῶν
1718 776 1839 813 Ἐλλήνων

1057 819 1128 846 κατὰ
1142 819 1198 846 τῶν
1217 819 1351 856 Ἐλλήνων
1365 820 1575 858 ἀπεχρησάμην.
1590 821 1688 850 Καίτοι
1705 832 1737 858 γε
1751 822 1829 859 ἀληθέ

1059 865 1153 901 στερόν
1163 865 1237 892 ἐστιν
1250 865 1264 892 ὃ
1278 868 1425 902 κατηγορεῖ
1439 866 1518 902 ἐμοῦ,
1534 867 1613 895 τοῦτο
1630 869 1680 902 ὲμὲ
1691 869 1757 905 πρὸς
1766 870 1827 896 αὐτὸ
1839 879 1843 889 ι

211 909 431 942 conﬂictabitur;
447 903 535 936 'alium
556 908 674 943 denique
694 909 717 935 si
739 908 857 940 incuset,
873 912 901 936 et
922 909 946 937 is
958 909 996 936 ad

1057 898 1153 943 είπεῖν,
1168 911 1207 943 ὼς
1224 898 1468 948 Ἕλληνεξιλᾱλλον
1483 898 1516 949 τῇ
1532 913 1593 950 θείᾳ
1609 898 1690 951 σοῷίᾳ
1701 898 1838 948 Quid)ng

209 964 307 984 versus
322 964 352 984 se
369 956 540 983 incusantem
556 955 701 983 restitabit.
719 953 841 982 Veritate
856 959 946 983 tamen
966 956 1005 982 ir-

209 1002 418 1038 reprebensibili
445 1005 634 1037 permanente,
657 1001 790 1037 quidquid
817 1001 884 1028 illud
911 1002 1004 1034 inierit,

209 1045 282 1085 quod
299 1057 352 1076 non
366 1049 403 1076 ita
418 1056 447 1076 se
461 1048 572 1080 habeat,
587 1047 676 1083 ipsum
686 1055 701 1074 a
714 1049 806 1083 seipso
819 1047 964 1082 dejicictur
978 1052 1005 1075 et

209 1095 351 1128 concidet;
367 1094 413 1122 ubi
429 1094 501 1122 enim
516 1095 603 1129 ipsam
613 1094 757 1121 veritatem
772 1092 926 1126 oﬂenderit,
939 1101 1003 1121 mox

205 1141 363 1170 invincibili
377 1141 534 1169 constantia
547 1140 671 1168 veritatis
684 1141 810 1176 repulsus
825 1145 887 1168 ruet
901 1140 928 1167 in
939 1147 1005 1175 prae-

208 1197 285 1225 ceps.
302 1189 370 1216 Nam
386 1188 496 1224 quando
511 1188 644 1216 adversus
657 1188 799 1215 veritatem
813 1187 882 1214 nihil
896 1187 1004 1215 obtine-

209 1236 250 1264 bit
270 1236 373 1264 falsitas
388 1235 457 1271 (hzec
472 1235 545 1262 enim
564 1234 601 1262 illi
624 1242 732 1269 semper
745 1238 775 1261 ut
793 1234 934 1261 contraria
952 1233 1002 1260 ad-

207 1282 347 1318 versatur)
372 1289 486 1317 prorsus
502 1281 561 1316 ipsa
586 1281 692 1308 falsitas
720 1280 863 1315 impinget,
888 1280 1003 1315 ipsaque

208 1332 328 1356 corruet.
350 1328 417 1361 Quae
437 1328 509 1355 enim
539 1327 599 1354 ollae
620 1326 654 1353 ad
676 1327 791 1354 lebetem
814 1326 925 1353 collatio
942 1326 1003 1354 est?

206 1375 269 1411 Ipsa
289 1374 398 1410 quidem
415 1373 547 1409 impinget
564 1373 646 1401 lebeti
662 1381 668 1398 :
686 1378 713 1400 at
727 1373 822 1402 eadem
843 1375 1002 1410 confringe-

206 1427 263 1450 tur.
280 1422 338 1450 Hec
351 1422 444 1458 igitur,
461 1422 489 1449 ni
506 1420 596 1451 fallor,
612 1421 698 1455 probe
712 1427 773 1447 cum
792 1424 911 1453 teneam,
931 1421 1001 1448 nihil

207 1470 235 1497 iu
247 1469 318 1496 hanc
328 1473 434 1504 partem
445 1467 571 1499 incubui,
585 1470 614 1494 ut
626 1466 758 1494 adversus
775 1474 941 1502 quamquam
958 1469 999 1495 vi-

206 1515 287 1543 derer
301 1514 454 1542 conﬂictari
471 1514 607 1541 voluisse.
621 1512 696 1540 Satis
716 1513 783 1540 mihi
802 1513 904 1541 factum
920 1518 1000 1549 puta-

1055 956 1104 992 οὑχ
1128 957 1210 989 ὁσίως
1231 958 1401 994 ἐχρήσαντο·
1428 958 1557 992 λαϐόντες
1586 961 1636 996 μὲν
1663 960 1748 997 αὐτὴν
1769 962 1840 998 παρὰ

1055 1001 1133 1034 Θεοῦ,
1149 1003 1191 1030 ἵνα
1205 1003 1250 1030 τὸν
1265 1003 1330 1031 Θεὸν
1345 1004 1456 1038 γνῶσιν,
1470 1005 1707 1042 ἀποπλανηθέντες
1727 1007 1756 1034 δὲ
1777 1009 1840 1044 πρὸς

1057 1049 1094 1085 μὴ
1109 1049 1188 1082 ὄντας
1201 1048 1291 1083 θεούς.
1306 1051 1362 1078 Καὶ
1375 1052 1406 1078 οὐ
1419 1051 1469 1088 τὴν
1485 1053 1590 1080 πολλῶν
1604 1061 1675 1090 φημι
1690 1053 1776 1088 δόξαν,
1790 1055 1841 1082 τῶν

1054 1093 1197 1130 προσύλως
1220 1095 1268 1121 καὶ
1295 1095 1428 1131 ἐμπαθῶς
1459 1097 1681 1134 ὲναπομενδντων
1708 1100 1764 1132 τοῖς
1788 1100 1841 1127 τῶν

1054 1140 1173 1176 ποιητῶν
1183 1148 1190 1155 ’
1210 1141 1308 1167 ἐκεῖνοι
1322 1141 1386 1178 γὰρ,
1402 1142 1594 1179 ἀγαπήσαντες
1604 1144 1653 1180 τὴν
1670 1143 1735 1180 ῦλην
1749 1146 1794 1172 καὶ
1808 1146 1841 1173 τὰ

1053 1186 1138 1223 πάθη,
1149 1187 1298 1222 ἠγάπησαν
1315 1188 1361 1215 καὶ
1373 1189 1408 1216 τὰ
1421 1189 1476 1216 τῶν
1493 1190 1624 1226 ποιητῶν,
1639 1192 1687 1218 καὶ
1702 1192 1841 1227 ἐναπέμει-

1052 1241 1100 1261 ναν
1114 1234 1171 1265 τοῖς
1184 1233 1296 1261 ἐκείνων
1308 1235 1530 1271 συγγράμμασιν,
1546 1237 1669 1272 ἐμπαθὲς
1683 1237 1713 1264 τὸ
1722 1237 1791 1265 θεῖον
1800 1238 1840 1264 λε-

1051 1279 1153 1313 γόντων
1165 1288 1172 1295 ·
1188 1280 1219 1306 οὐ
1238 1280 1303 1315 περὶ
1322 1279 1424 1307 τούτων
1440 1281 1505 1316 γοῦν
1524 1282 1606 1317 λέγω,
1621 1283 1676 1309 τῶν
1692 1283 1742 1320 τὴν
1756 1284 1842 1312 κτίσιν

1052 1325 1128 1362 παρὰ
1152 1326 1199 1353 τὸν
1219 1327 1352 1354 κτίσαντα
1377 1327 1560 1364 λατρευόντων
1573 1337 1579 1344 ·
1606 1329 1674 1357 ἀλλὰ
1696 1331 1744 1358 καὶ
1762 1331 1844 1364 αὐτὸς

1058 1371 1259 1409 Ἀπολλοφάνης
1272 1374 1302 1400 οὐ
1317 1373 1407 1406 καλῶς
1416 1376 1472 1407 τοίς
1491 1375 1582 1408 θείοις,
1598 1376 1669 1411 λέγω
1690 1379 1747 1410 τοῖς
1762 1379 1843 1414 ἐμφι-

1050 1417 1174 1454 λοσόφοις
1190 1419 1278 1454 λύγοις
1299 1421 1413 1456 χρᾶται*
1432 1421 1485 1448 ἔδει
1506 1423 1560 1458 γὰρ
1579 1422 1728 1457 ἀνάγεσθαι
1749 1425 1841 1457 αὐτὸν,

1050 1464 1129 1501 εἴπερ
1148 1463 1182 1501 ἦν
1196 1465 1298 1502 ἀληθὴς
1313 1466 1467 1502 φιλόσοφος,
1483 1468 1529 1494 καὶ
1545 1469 1562 1504 ἡ
1578 1469 1722 1504 φιλοσοφία
1741 1470 1844 1504 γνῶσις

1049 1510 1103 1537 τῶν
1118 1511 1202 1538 δντων
1213 1512 1287 1538 ἐστὶν
1303 1508 1320 1548 ᾔ
1336 1511 1402 1539 ὄντα
1418 1512 1484 1548 (64),
1502 1513 1569 1549 πρὸς
1582 1513 1628 1540 τὸν
1642 1514 1696 1541 τῶν
1707 1515 1790 1542 ὄντων
1800 1516 1844 1543 αἴ-

205 1562 251 1594 bo.
268 1562 291 1589 si
307 1561 416 1596 quidem
434 1560 544 1587 donarit
558 1559 629 1586 Deus
644 1568 650 1586 :
667 1563 697 1586 ut
711 1567 772 1594 quae
791 1560 932 1588 veritatem
951 1560 996 1587 ad-

1052 1564 1106 1583 τιον
1119 1556 1185 1583 Θεὸν
1198 1557 1338 1593 χρώμενον
1353 1559 1386 1594 τῇ
1401 1558 1454 1585 τῶν
1469 1559 1554 1585 ὄντων
1571 1559 1680 1593 γνώσει,
1703 1561 1737 1596 ἢν
1760 1561 1844 1595 αὐτὸς

204 1608 314 1641 decent,
339 1607 462 1635 noverim
489 1607 625 1642 primum;
652 1605 760 1637 deinde,
784 1610 814 1633 ut
833 1614 894 1642 qua:
913 1606 947 1634 de
966 1614 996 1635 ca

1052 1602 1100 1638 μὲν
1111 1602 1269 1638 φιλοσοφίαν
1285 1603 1373 1637 καλεῖ,
1396 1605 1410 1631 δ
1419 1604 1447 1631 δὲ
1462 1604 1533 1636 θεῖος
1543 1605 1649 1638 Παῦλος
1660 1605 1728 1633 Θεοῦ
1744 1608 1843 1642 σοςὶαν

204 1658 344 1691 comperta
356 1654 509 1686 habuerim,
524 1660 574 1688 pro
585 1652 684 1680 decore
698 1652 823 1680 veritatis
835 1653 996 1681 edisseram.

1052 1650 1187 1683 ἐκάλεσεν,
1199 1651 1227 1678 ὲν
1237 1651 1270 1686 τῇ
1283 1651 1350 1686 πρὸς
1359 1651 1519 1687 Κορινθίους
1531 1651 1627 1689 πρώτῃ
1637 1652 1750 1688 γράφων
1768 1654 1843 1681 Ἑπι-

203 1701 264 1737 Ipse
279 1702 393 1736 insuper
406 1699 623 1735 Apollophanem
639 1698 716 1726 illum
736 1699 839 1726 asseris
859 1706 893 1727 eo
912 1700 996 1726 male-

1052 1697 1128 1733 στολῇ
1139 1706 1145 1712 ·
1158 1697 1252 1733 ἐπειδὴ
1267 1697 1321 1734 γὰρ
1333 1698 1362 1724 ὲν
1377 1699 1409 1734 τῇ
1426 1699 1508 1734 σοφίᾳ
1521 1698 1569 1725 τοῦ
1584 1699 1652 1727 Θεοῦ
1670 1701 1721 1728 οὐκ
1741 1701 1813 1736 ἔγνω
1829 1703 1844 1729 ὁ

202 1747 329 1776 dicentia:
347 1747 375 1774 in
388 1754 430 1773 me
447 1748 619 1781 provectum,
632 1748 662 1772 ut
680 1752 724 1772 me
737 1745 886 1772 etiamnum
897 1752 996 1773 vocare

1052 1743 1149 1779 κόσμος
1163 1743 1207 1770 διὰ
1215 1743 1266 1779 τῆς
1282 1744 1379 1778 σοφίας
1394 1745 1439 1771 τὸν
1452 1744 1528 1779 Θεὸν,
1540 1746 1664 1773 τουτέστι
1677 1748 1727 1783 τῆς
1741 1749 1843 1783 ἐμφαι-

202 1802 258 1822 non
272 1792 377 1821 dubitet
390 1791 555 1827 parricidam
568 1800 575 1825 ;
590 1791 657 1826 quia
672 1790 799 1818 videlicet
812 1798 876 1826 erga
891 1792 995 1827 patrios

1052 1790 1162 1825 νομένης
1192 1790 1231 1826 τῷ
1259 1791 1410 1827 ὲναρμονίῳ
1435 1792 1481 1819 καὶ
1509 1793 1670 1829 τεταγμένῳ
1697 1794 1748 1829 τῆς
1779 1795 1842 1821 κτί-

201 1840 268 1868 deos
296 1839 332 1867 ob
355 1839 496 1873 antiquam
521 1837 651 1872 injuriam
673 1837 809 1864 malevolo
822 1837 873 1865 sim
890 1837 992 1865 animo.

202 1885 318 1921 Sugillat
345 1892 443 1911 rursus
465 1883 543 1916 illud,
573 1883 646 1918 quod
674 1882 832 1911 Grazcorum
857 1883 993 1919 dogmatis

201 1932 335 1959 adversus
349 1930 459 1958 Grzncos
470 1932 522 1957 sim
535 1929 650 1957 abusus.
665 1929 746 1965 Atqui
763 1937 817 1965 quo
828 1938 871 1958 me
883 1931 994 1958 nomine

200 1979 229 2007 in
242 1979 289 2014 jus
303 1981 393 2009 vacat,
410 1977 463 2004 hoc
482 1977 542 2012 ipso
558 1977 740 2004 conveniebat
759 1977 873 2012 justius,
898 1978 936 2004 illi
964 1981 993 2005 ut

200 2024 379 2053 inscriberem
394 2023 494 2050 dicam.
516 2022 604 2050 Graeci
619 2023 720 2051 etenim
737 2023 864 2056 maxime,
888 2031 993 2059 praepo-

199 2075 282 2104 stere,
311 2071 366 2098 imo
390 2070 514 2106 profane.
542 2069 634 2097 divina
660 2070 795 2105 sapientia
817 2070 895 2097 abusi
915 2073 990 2099 sunt.

197 2117 266 2145 Nam
290 2117 400 2153 quando
419 2117 563 2144 scientiam
583 2116 617 2143 ab
632 2115 691 2151 ipso
708 2116 763 2144 Deo
778 2120 943 2151 accepemnt
961 2120 992 2143 ut

198 2164 282 2192 Deum
298 2164 495 2199 gloriﬁcarent,
513 2162 581 2190 adeo
595 2170 650 2190 non
659 2162 894 2198 gloriﬁcaverunt,
904 2166 944 2194 ut,
961 2162 988 2189 in

199 2211 289 2239 varios
304 2211 425 2246 prolapsi
436 2217 557 2241 errores,
575 2209 607 2236 ad
624 2217 719 2237 eorum
731 2208 891 2236 dcﬂexerint
903 2209 990 2236 cultu-

1047 1844 1115 1868 σεως
1129 1836 1195 1872 (65).
1226 1837 1280 1864 Καὶ
1296 1837 1338 1864 ἵνα
1357 1837 1394 1873 μὴ
1414 1838 1524 1870 τούτους
1551 1839 1689 1875 ὲλέγχοιμι
1714 1841 1793 1877 παρὰ
1810 1842 1844 1869 τὸ

1045 1882 1123 1915 δόξαν
1139 1883 1200 1919 ἱμοὶ
1217 1882 1346 1919 ἀρχῆθεν,
1362 1884 1466 1911 καὶτὸν
1478 1885 1578 1911 σκοπὸν
1593 1885 1626 1912 δι’
1640 1886 1669 1912 ὃν
1688 1886 1751 1913 οὔτε
1767 1888 1843 1916 κατὰ

1051 1928 1193 1965 Ἑλλήνων,
1214 1929 1275 1956 οὔτε
1290 1929 1351 1957 καθ’
1361 1930 1461 1965 ἑτέρων
1474 1931 1640 1967 συνέγραψα,
1657 1932 1710 1960 ἔδει
1721 1935 1843 1961 συνιδεῖν

1045 1975 1125 2010 σοφὸν
1133 1976 1178 2002 τὸν
1186 1975 1370 2012 Ἀπολλοφάνη
1386 1976 1460 2008 ὂντα,
1474 1977 1510 2013 μὴ
1524 1978 1557 2004 ἂν
1571 1978 1658 2010 ἄλλως
1667 1979 1780 2006 δυνατὸν
1792 1989 1844 2015 γε·

1044 2021 1137 2048 νέσθαι
1151 2023 1363 2059 παρατραπῆναι
1377 2032 1404 2050 τι
1416 2024 1467 2059 τῆς
1484 2024 1552 2056 ιδίας
1560 2025 1673 2059 τάξεως,
1688 2026 1712 2053 εί
1725 2027 1764 2062 μὴ
1780 2027 1844 2054 ὲκί-

1042 2075 1122 2104 νησεν
1135 2069 1175 2100 εἰς
1190 2068 1269 2095 τοῦτο
1283 2069 1296 2096 ὁ
1311 2069 1397 2100 αἴτιος
1416 2070 1462 2096 καὶ¹
1478 2073 1607 2106 συνοχεὺς
1622 2071 1714 2105 αὐτοῦ,
1734 2073 1773 2105 ὼς
1792 2074 1843 2100 ἐπὶ

1049 2113 1135 2150 Ἰησοῦ
1149 2113 1197 2141 τοῦ
1215 2114 1303 2151 Ναυῆ,
1325 2115 1372 2142 καὶ
1389 2115 1436 2142 τοῦ
1459 2115 1580 2152 Ἐζεκίου
1602 2118 1708 2152 ἐγένετο
1732 2119 1774 2151 εἰς
1792 2119 1843 2146 τὸν

1040 2160 1114 2196 ἥλιον
1131 2161 1178 2188 καὶ
1194 2161 1233 2194 είς
1255 2161 1304 2198 τὴν
1320 2161 1444 2198 σελήνην.
1462 2163 1537 2196 Τέως
1554 2163 1582 2191 δὲ
1602 2165 1696 2197 ἰστέον,
1722 2165 1764 2192 ὅτι
1781 2166 1843 2192 ἀπὺ

1039 2207 1094 2235 τῶν
1110 2209 1174 2245 παρ’
1197 2209 1325 2244 Ἕλλησιν
1346 2210 1571 2247 ὁμολογουμένων
1588 2211 1636 2247 τὴν
1647 2211 1768 2246 διάταξιν
1786 2213 1842 2240 τοῦ

197 2264 267 2289 ram,
285 2257 331 2292 qui
346 2257 384 2284 dii
401 2265 456 2284 non
479 2260 551 2284 sunt.
573 2255 682 2283 Interim
700 2256 797 2283 omitto
819 2256 988 2283 numerosis-

1052 2254 1147 2281 εάντων
1164 2255 1249 2282 αἰτίου
1266 2256 1443 2292 παρατίθεται
1453 2265 1459 2272 ·
1479 2257 1567 2293 φήσας
1579 2257 1643 2294 γὰρ,
1657 2258 1697 2285 ὅτι
1711 2259 1793 2292 ἄξιον
1805 2261 1843 2287 ὲκ

197 2303 274 2330 sima:
292 2302 476 2330 multitudinis
490 2302 646 2337 opinionem
663 2309 758 2329 eorum
775 2301 833 2337 qui,
853 2306 988 2329 concretae

196 2347 329 2380 materiae,
347 2348 423 2375 carni
439 2348 576 2381 videlicet,
591 2349 822 2380 adhaerescentes,
841 2347 986 2376 aﬂectibus

195 2401 304 2430 quoque
320 2394 413 2428 perciti
431 2394 604 2421 continenter
625 2393 734 2422 lectioni
768 2397 910 2428 poetarum
935 2393 986 2420 im-

195 2443 348 2466 morantur.
378 2439 420 2466 llli
441 2440 578 2474 siquidem
601 2447 663 2467 cum
684 2439 783 2466 molem
805 2439 875 2466 hanc
893 2439 986 2466 carnis

193 2484 338 2519 diligerent
368 2484 449 2512 simul
483 2488 510 2512 et
539 2484 683 2520 passiones
711 2485 787 2511 carni
813 2484 983 2519 congenitas,

194 2529 398 2558 cotuiucutitias
424 2530 532 2558 fabulas
562 2533 704 2565 poetarum
733 2530 820 2557 nimio
849 2529 984 2564 complexi

193 2582 297 2607 amore,
312 2574 421 2602 illorum
433 2575 543 2603 lectioni
563 2575 643 2602 lixius
659 2575 838 2607 iuhaaserunt,
854 2582 982 2602 asseren-

192 2621 261 2647 tium
275 2627 377 2648 numen
392 2620 458 2648 illud
471 2621 554 2648 etiam
570 2621 644 2655 tangi
660 2619 812 2648 aﬂectibus.
835 2620 872 2647 De
883 2621 926 2648 his
940 2621 978 2647 ni-

192 2667 231 2694 hil
251 2667 296 2694 hic
316 2669 460 2702 attingam,
475 2667 522 2703 qui
535 2671 678 2700 creatum,
700 2667 826 2703 neglecto
844 2671 980 2700 creatore,

190 2714 374 2741 venerabilem
394 2714 503 2741 latriam
523 2714 653 2742 exhibent
671 2714 760 2750 impii.
781 2714 815 2742 At
833 2718 907 2742 certe
921 2715 981 2750 ipse

190 2761 339 2788 etiamnum
355 2760 435 2796 257
450 2761 649 2797 Apollophanes
668 2762 778 2793 divinis.
794 2763 838 2794 iis,
856 2762 978 2797 inquam,

189 2814 250 2842 qua:
265 2807 399 2834 naturalis
416 2808 595 2843 philosophia;
613 2807 765 2835 rationibus
779 2808 914 2840 nituntur,
933 2816 978 2836 se-

189 2860 239 2881 cus
259 2853 345 2880 utitur
362 2857 443 2888 atque
462 2855 548 2882 decet.
566 2854 715 2889 Oportebat
733 2862 800 2882 sane
819 2855 919 2889 surrigi
938 2855 978 2890 ip-

189 2907 248 2925 sum
266 2900 399 2933 siquidem
413 2908 493 2929 verus
511 2900 546 2929 sit
560 2901 750 2937 philosophus,
766 2905 792 2929 et
807 2901 977 2936 philoslsplxia

1037 2300 1133 2327 τούτου
1154 2301 1301 2336 ἐπιγνῶναι
1315 2303 1361 2329 τὸν
1377 2301 1505 2338 δροθέτην
1525 2302 1572 2329 τοῦ
1595 2303 1695 2336 παντὸς
1717 2305 1789 2332 Θεὸν
1805 2307 1844 2334 ἐκ

1037 2345 1084 2373 τοῦ
1100 2346 1146 2373 τδν
1162 2346 1238 2382 ἥλιον
1259 2348 1306 2374 καὶ
1320 2348 1369 2383 τὴν
1385 2348 1499 2384 σελήνην
1519 2349 1583 2380 τοὺς
1601 2349 1843 2385 διατεταγμένους

1036 2390 1086 2426 τῆς
1099 2390 1206 2427 ἡμέρας
1222 2391 1329 2428 τρέχειν
1345 2392 1435 2428 ὄρους,
1458 2393 1505 2420 καὶ
1525 2393 1563 2429 τῷ
1578 2394 1660 2421 παντὶ
1678 2394 1725 2421 τοῦ
1745 2396 1841 2432 οὐρα-

1036 2436 1082 2464 νοῦ
1094 2437 1185 2473 κύκλῳ
1200 2438 1400 2474 συμπεριθέειν,
1414 2439 1520 2475 ἐλέγχει
1530 2439 1623 2467 τοῦτον
1634 2440 1688 2476 (66)
1704 2441 1740 2477 μὴ
1751 2443 1842 2476 γνόν-

1035 2493 1069 2510 τα
1084 2485 1117 2511 ὲκ
1134 2484 1236 2512 τούτων
1255 2485 1321 2521 μηδὲ
1340 2485 1484 2521 σεϐόμενον
1504 2486 1550 2513 τὸν
1569 2486 1744 2523 δημιουργόν.
1765 2490 1842 2522 Πῶς

1035 2528 1080 2557 οὖν
1093 2530 1143 2557 οὐκ
1158 2531 1275 2565 ἄγασται
1293 2531 1340 2558 καὶ
1359 2531 1446 2566 λέγων
1467 2533 1514 2560 καὶ
1529 2530 1606 2565 οὗτος
1628 2534 1674 2560 τὸν
1694 2534 1761 2561 Θεὸν
1780 2536 1841 2571 τῆς

1034 2577 1177 2604 παναιτίου
1206 2578 1252 2604 καὶ
1272 2579 1391 2614 ἀρρήτου
1422 2579 1579 2615 δυνάμεως;
1608 2579 1840 2618 Ἀναμιμνήσ-κει

1033 2623 1099 2658 γοῦν
1122 2624 1167 2651 τδν
1195 2624 1272 2659 ἅγιον
1296 2625 1473 2661 Πολύκαρπον
1491 2626 1542 2662 τῆς
1561 2626 1632 2654 κατὰ
1655 2627 1758 2663 Ἰησοῦν
1780 2629 1838 2656 τοῦ

1032 2669 1111 2706 Ναυῆ
1135 2671 1265 2708 ἱστορίας,
1285 2671 1328 2698 ἵνα
1350 2672 1451 2708 ταύτην
1465 2673 1585 2710 ἀντιτιθῇ
1600 2674 1639 2709 τῷ
1657 2674 1839 2710 Ἀπολλοφά-

1031 2726 1083 2744 νει.
1098 2717 1182 2753 Φησὶν
1198 2716 1259 2745 οὖν·
1284 2715 1353 2745 Εὶπὲ
1371 2719 1461 2756 αὐτῷ·
1484 2719 1561 2747 Μάθε
1581 2721 1640 2752 πῶς
1657 2722 1672 2748 δ
1689 2721 1758 2753 Θεὸς
1780 2721 1838 2748 τὸν

1030 2763 1105 2799 ἥλιον
1117 2763 1165 2791 καὶ
1179 2764 1230 2800 τὴν
1245 2763 1357 2800 σελήνην
1368 2765 1438 2792 κατὰ
1454 2765 1598 2802 διάμετρον
1609 2766 1689 2798 ὄντας
1701 2767 1764 2794 τὼε
1777 2768 1836 2794 ἄν,

1029 2818 1126 2846 τικρυς
1139 2810 1271 2845 ἀλλήλων,
1282 2811 1409 2846 δυομένου
1426 2811 1474 2848 ἤδη
1485 2812 1532 2838 τοῦ
1548 2812 1633 2847 ἡλίου,
1645 2813 1761 2850 ἔστησεν
1778 2816 1838 2842 ἐπὶ

1028 2854 1076 2882 τοῦ
1092 2855 1174 2882 τόπου
1190 2856 1254 2887 τοὺς
1269 2856 1424 2893 φωστῆρας,
1442 2857 1535 2884 πᾶσιν
1545 2858 1606 2884 τινὰ
1618 2859 1688 2886 κατὰ
1703 2859 1837 2896 δύναμιν

1029 2901 1130 2936 ἄφατον
1146 2901 1193 2928 τοῦ
1204 2901 1290 2929 αἰτίου
1305 2901 1394 2930 αὐτῶν
1406 2902 1474 2929 Θεοῦ
1483 2911 1489 2918 ·
1508 2904 1554 2930 καὶ
1568 2903 1633 2940 ἔστη
1649 2904 1682 2932 τὸ
1692 2905 1745 2932 πᾶν
1760 2906 1837 2932 ἀκε-
