1940 3064
131 134 186 161 457

505 137 728 168 ΡΑΕΗῩΜΕΒΑΕ
748 141 991 172 PARAPHRASIS
1010 144 1045 172 IN
1061 144 1135 173 EPP.
1156 145 1184 173 S.
1206 146 1368 178 DIONYSII.

1709 155 1762 185 4‘58

132 199 210 226 νητον
234 192 304 228 μετὰ
315 191 369 220 τῶν
378 193 425 220 δύο
439 196 601 231 φωστήρων·
617 196 679 224 οὔτε
694 202 748 235 γὰρ
761 200 776 226 ὁ
791 200 889 236 οὺρανὸ

941 203 953 232 ι
968 201 1004 229 sit
1027 210 1117 230 rerum
1132 204 1303 233 conditarum
1319 208 1459 242 cognitio,’
1472 214 1608 246 quatenus
1627 218 1702 246 sunt,
1725 215 1759 242 ad

127 235 190 262 οὔτε
206 237 230 262 ot
247 237 335 264 λοιποὶ
354 239 468 275 ἀστέρες
482 241 669 276 περιεπόλουν,
690 243 758 271 ἀλλὰ
776 235 916 282 συνειστή-

127 288 223 308 κεισαν
244 285 301 315 τοῖς
320 283 380 312 δυσὶ
392 286 548 322 φωστῆρσι·
566 287 646 315 τοῦτο
663 289 718 326 γάρ
732 291 821 318 ἐστιν·
843 292 915 327 Ἅμα

125 325 166 358 τῷ
184 329 273 355 παντὶ
292 329 367 364 πρὸς
383 331 416 358 τὸ
434 331 531 366 πάντη
547 333 690 368 ἀκίνητον
700 325 860 369 ὀρίζωνται,
872 325 914 370 ως

125 373 274 409 γενηθῆναι
288 375 385 411 μέτρον
399 377 506 413 ἡμέρας
516 378 590 414 ὅλης,
603 379 723 415 δηλονότι
736 381 912 419 δωδεκάωρον

123 418 271 455 διάστημα,
283 421 311 447 ὲν
325 421 380 457 ὅσῳ
391 422 498 450 ἵσταντο
509 425 559 451 ’ἐπὶ
569 424 622 451 τῶν
632 425 722 453 αὐτῶν
734 428 854 463 σημείων
865 418 912 457 καὶ

122 464 147 490 οἱ
164 465 305 501 φωστῆρες
317 467 404 494 καὶτὸ
419 469 482 495 πᾶν.
496 469 556 496 Ὅτι
571 471 599 498 δὲ
615 471 808 510 ὲδιπλασιάσθη
819 476 836 510 ἡ
850 475 910 502 τότε

122 509 225 546 ἡμέρα,
253 511 347 546 σαφῶς
370 522 451 548 φησιν
472 515 576 551 Ἰησοῦς
601 518 616 544 ὁ
641 517 689 545 τοῦ
713 520 798 556 Σιρὰχ
821 509 850 548 έν
870 523 910 558 τῷ

122 551 200 589 ὕμνῳ
215 555 269 581 τῶν
282 556 408 592 πατέρων
417 566 424 572 ·
436 559 663 597 εἰκοσιτεσσάρων
676 563 729 600 γὰρ
741 551 820 601 ὧρξιν
832 568 848 602 ἡ
862 551 909 594 sui

119 599 166 626 τοῦ
188 600 273 635 Ἰησοῦ
298 601 356 628 υίοῦ
375 603 451 639 Ναυῆ
467 605 557 642 ἡμέρα
575 608 667 644 ἐκείνη
683 599 801 645 ἐγένετο,
817 599 908 646 καθὼς

119 646 198 678 αὐτὸς
215 647 355 682 ἐδήλωσεν.
370 649 400 676 Et
418 650 446 676 δὲ
463 651 534 679 εἴποι
552 653 760 693 Ἀπολλοφάνης,
778 659 908 688 ἀδύνατον

119 692 169 727 στῆ
181 693 214 719 ταί
237 702 301 720 ποτε
322 695 366 721 τὸν
382 695 505 732 οὐρανὸν,
519 699 683 737 (ἀεικίνητος
697 692 751 741 γάρ
764 705 783 739 ')
793 707 907 744 ἀπόκρι-

117 746 161 764 ναι
171 739 255 774 αὐτῷ,
268 740 309 767 ὅτι
320 741 398 768 τοῦτο
411 744 509 778 μᾶλλον
526 745 758 785 θαυμασιώτερον⁷
781 753 828 779 καὶ
841 753 905 780 τοῦ-

115 791 146 810 το
161 784 214 811 ἔδει
230 794 259 812 σε
275 787 436 823 ἐπιστρέψαι
456 791 523 826 πρὸς
538 793 584 819 τὸν
597 793 683 830 ἀληθῆ
698 784 773 831 Θεὸν,
793 798 839 825 καὶ
855 799 905 835 τὴν

115 829 180 864 περὶ
202 830 284 857 αὑτοῦ
301 832 400 866 γνῶσιν
413 842 419 848 ·
437 836 515 871 εἴπερ
535 838 548 862 ὁ
571 838 618 872 μὲν
633 829 712 872 πόλος
728 829 875 878 περιήγετο
883 829 903 871 ’ὁ

115 875 249 911 περιέχων
264 878 326 910 τοὺς
337 880 483 916 φωστῆρας
492 889 498 896 ·
513 882 591 910 τοῦτο
599 885 652 920 γὰρ
663 875 796 922 ἐδήλωσεν
803 875 899 923 εἰπὼν,
917 883 938 911 Β

116 921 177 948 Τῶν
188 922 266 949 ὅλων
277 924 323 950 καὶ
338 924 396 952 τῶν
411 930 586 960 κρειττόνων
596 932 644 958 καὶ
656 936 853 969 περιεχόντων
864 947 870 953 ·

111 964 140 991 δὲ
165 966 239 1001 ἥλιος
268 969 315 995 καὶ
346 971 363 1005 ἡ
393 971 490 1008 σελήνη
519 974 543 1000 οἱ
568 964 757 1013 περιεχόιίενδί
776 980 900 1018 ἀκίνητοι

112 1012 229 1046 ἵσταντο,
253 1015 300 1041 καὶ
321 1017 351 1043 οὺ
373 1017 422 1053 τὴν
443 1020 526 1055 αὐτὴν
545 1022 631 1058 φορὰν
651 1027 837 1054 συνεκινοῦντο
860 1029 900 1064 τῷ

110 1059 202 1091 παντὶ,
230 1060 288 1095 μεθ’
309 1060 340 1088 οὗ
361 1063 404 1090 ἀεὶ
427 1068 655 1103 συμπεριήγοντο.
678 1071 763 1099 Πάλιν
788 1074 834 1100 ἐπὶ
850 1059 898 1102 rei?

116 1103 249 1139 Ἐζεκίου,
264 1107 329 1134 ὅταν
342 1108 408 1145 ἄλλη
424 1119 466 1142 τις
484 1112 574 1148 ἡμέρα
592 1115 662 1142 κατὰ
679 1118 818 1154 συνέχειαν
835 1129 897 1156 σχε-

107 1149 152 1176 δὸν
173 1151 412 1189 τριπλασιάζηται,
441 1157 472 1183 τὸ
489 1159 602 1193 σχεδὸν
624 1149 785 1200 προσετέθη,
805 1149 897 1203 ἐπείδὴ

107 1196 208 1231 τριπλῆ
224 1198 294 1225 κατὰ
310 1199 341 1226 τὸ
355 1201 458 1237 πλῆρες
467 1203 517 1231 οὐκ
529 1196 664 1244 ἐγένετοῆ
679 1196 773 1246 ἡμέρα
779 1196 895 1248 ’ἐκεινηὶ

105 1240 251 1276 τριάκοντα
267 1243 314 1270 δύο
326 1245 380 1281 γὰρ
401 1247 479 1294 ὡρῶν
494 1250 598 1284 γέγονε,
615 1240 751 1282 δέκα
764 1240 896 1294 ἀνατολῆς

106 1286 186 1321 μέχρι
199 1286 253 1324 (68)
264 1289 311 1316 τοῦ
325 1290 407 1318 τόπου
419 1293 448 1319 ὲν
499 1295 597 1333 εὑρέθη
610 1299 623 1323 ὁ
635 1299 719 1333 ἥλιος·
733 1302 793 1329 τότε
807 1304 837 1330 τὸ
848 1286 895 1342 (τηζ

105 1334 182 1367 μεῖον
202 1335 278 1372 ἐδόθη
290 1345 296 1351 ·
322 1339 368 1364 καὶ
383 1339 447 1366 δέκα
463 1342 568 1375 ἐκεῖθεν
582 1345 663 1373 πάλιν
684 1348 731 1374 ἐπὶ
751 1334 893 1387 ἀνατολὴν,

103 1379 229 1407 κάκεῖθεν
241 1382 321 1410 πάλιν
333 1384 440 1413 δώδεκα
452 1388 534 1424 μέχρι
547 1390 597 1425 τῆς
606 1392 710 1426 τελείας
723 1379 894 1434 δύσεωςθίὶῖί

101 1425 175 1460 αὺτῴ
192 1426 220 1452 δὲ
236 1429 355 1463 σχήματι
371 1430 418 1458 τοῦ
438 1431 516 1467 λόγου
535 1437 582 1462 καὶ
605 1425 722 1466 ἐνταῦθα
745 1425 892 1478 ἐχρήσατο,

101 1470 142 1497 ᾶτι
154 1471 168 1497 ὁ
182 1472 262 1505 πόλος
277 1475 356 1507 αὐτὸς
373 1478 420 1505 σὺν
432 1479 471 1514 τῷ
486 1480 553 1516 ἡλίῳ
563 1483 591 1508 ἐν
603 1483 641 1519 τῷ
655 1485 708 1512 τῶν
719 1487 804 1514 εἴκοσι
814 1489 893 1525 ὡρῶν

99 1516 262 1553 διαστήματι
271 1519 319 1555 τὴν
329 1521 454 1558 ὑπερφυῆ
461 1525 567 1562 ἐκείνην
576 1528 900 1571 ἁντιπεριαγωγὴνὲποιή-

968 255 1059 275 rerum
1082 253 1222 278 auctorem
1243 251 1326 280 Deum
1342 262 1432 282 rerum
1450 257 1605 292 cognitione
1621 263 1757 294 utentem;

966 301 1048 328 quam
1072 295 1130 330 ipse
1144 296 1254 331 quidem
1269 303 1347 326 vocat
1365 301 1565 338 philosophiam
1589 312 1595 329 ε
1614 309 1642 331 at
1656 304 1759 336 Paulus

965 339 1011 367 ille
1037 339 1206 370 admirabilis
1224 346 1434 380 nuncupandam
1453 350 1560 377 censuit
1579 349 1626 378 Dei
1650 352 1743 386 sapien

965 386 1031 413 tiam
1046 387 1073 414 in
1089 388 1180 422 priore
1192 390 1315 419 scribens
1329 392 1479 422 Corinthiis
1499 396 1613 430 epistola
1628 401 1641 416 ιι
1659 408 1665 426 :
1683 398 1748 426 Nan

963 432 1025 466 quia
1037 433 1064 460 in
1074 435 1205 468 sapientia
1218 435 1265 463 Dei
1277 445 1328 464 non
1340 440 1456 474 cognovit
1470 442 1583 470 mundus
1595 452 1642 478 per
1652 446 1745 479 sapiet:

963 478 1028 505 tiam
1043 478 1145 511 Deum;
1162 480 1214 508 hoc
1231 485 1273 509 est
1285 490 1333 517 per
1345 484 1506 519 sapientiam
1522 490 1656 517 concinna
1672 494 1754 528 atque

961 523 1070 552 decenti
1084 530 1217 554 creatura:
1231 529 1429 564 compositione
1445 532 1527 560 simul
1542 538 1568 561 et
1579 536 1676 564 ordine
1695 545 1753 565 ma-

961 570 1060 599 nifeste
1074 578 1261 607 apparentem.
1277 574 1359 610 Atqui
1377 584 1412 604 ne
1427 578 1519 607 videar
1534 580 1602 609 istos
1620 590 1752 619 coargue-

959 623 999 648 re,
1016 621 1115 652 praeter
1128 626 1209 653 quam
1225 620 1292 648 mihi
1306 621 1384 650 initio
1398 623 1537 652 decretum
1553 633 1605 660 est,
1619 634 1751 663 praetorve

959 663 1041 690 animi
1075 664 1127 691 mei
1147 670 1271 701 scopum.
1288 667 1361 702 quod
1388 669 1490 697 factum
1515 675 1545 699 ut
1572 674 1637 701 mihi
1661 676 1750 705 modis

957 709 1085 737 omnibus
1101 714 1273 746 temperarim
1294 715 1329 742 ab
1340 716 1415 742 omni
1431 718 1634 754 conscriptione
1653 721 1749 750 adver-

957 761 1006 782 sus
1035 760 1093 783 tum
1120 757 1240 790 Graecos.
1259 765 1316 787 tum
1336 762 1406 790 alios
1429 765 1553 798 quosvis,
1569 768 1748 797 conveniebat

955 799 1182 837 Apollophanem,
1199 805 1309 840 sapiens
1320 815 1381 834 cum
1394 809 1439 840 sit,
1453 817 1503 845 pro
1513 817 1654 847 comperto
1666 814 1748 843 habe-

956 854 995 880 re,
1010 847 1081 874 haud
1099 856 1179 877 secus
1195 850 1251 878 ﬁeri
1266 853 1398 886 potuisse,
1411 859 1440 882 ut
1455 856 1603 892 quidquam
1620 860 1693 888 vices
1706 861 1748 888 in-

952 897 1069 921 verteret
1081 895 1187 924 ordinis
1198 897 1250 924 sibi
1265 900 1422 934 przestituti,
1437 903 1460 929 si
1473 911 1526 931 non
1545 906 1621 940 prius
1633 915 1666 934 eo
1682 916 1746 943 pro-

951 940 1083 968 movisset
1107 947 1273 977 creaturam,
1294 946 1340 981 qui
1356 947 1443 982 ipsius
1458 956 1553 979 auctor
1567 956 1619 987 est,
1644 955 1746 990 quique

950 993 1009 1013 eam
1023 987 1108 1014 ambit
1123 992 1151 1015 et
1171 991 1364 1026 complectitur
1376 1002 1425 1022 sua
1437 997 1579 1031 majestate
1594 1007 1601 1025 :
1614 987 1743 1034 quemad-

950 1032 1061 1060 modum
1088 1034 1204 1070 legimus
1222 1038 1372 1074 contigisse
1391 1042 1465 1070 circa
1490 1045 1575 1072 solem
1599 1050 1625 1074 et
1652 1047 1743 1076 lunam

950 1079 1003 1106 sub
1016 1079 1081 1108 Jesu
1096 1080 1170 1109 Nave
1187 1082 1244 1111 ﬁlio
1258 1089 1286 1112 et
1297 1085 1413 1114 Ezechia
1430 1087 1496 1124 (67).
1518 1090 1640 1127 Denique
1654 1093 1744 1122 scien-

949 1125 1025 1156 dum.
1041 1127 1114 1161 quod
1128 1127 1199 1156 inter
1207 1137 1240 1156 ea
1254 1138 1314 1166 quia
1329 1133 1401 1167 apud
1417 1133 1527 1163 Grazeos
1542 1125 1742 1172 pro-confessis

949 1171 976 1198 in
994 1171 1076 1199 dubia
1090 1172 1141 1200 ﬁde
1152 1177 1291 1208 tenentur,
1308 1177 1375 1205 illud
1395 1187 1503 1215 quoque
1518 1171 1682 1212 adducitur:
1696 1193 1742 1212 or-

947 1217 1039 1245 dinem
1057 1223 1139 1254 atque
1152 1220 1356 1251 distinctionem
1370 1233 1461 1254 rerum
1477 1229 1537 1262 ejus
1553 1238 1624 1263 esse,
1637 1233 1683 1267 qui
1695 1241 1739 1260 ea-

947 1271 1008 1290 ru-u
1032 1269 1128 1292 auctor
1145 1271 1198 1295 est.
1221 1267 1321 1298 Dicens
1340 1271 1413 1299 enim
1435 1280 1541 1309 aequum
1558 1283 1619 1304 esse
1638 1286 1670 1305 ex
1689 1279 1740 1306 hoc

946 1312 1107 1345 cognovisse
1119 1312 1204 1341 Deutn
1218 1315 1347 1344 universo
1363 1317 1436 1353 leges
1450 1327 1560 1354 ponere,
1577 1323 1641 1357 quia
1657 1325 1696 1352 sol
1712 1331 1739 1353 et

946 1356 1010 1384 luna
1025 1359 1151 1388 terminis
1169 1361 1222 1388 diei
1242 1364 1376 1392 naturalis
1391 1367 1549 1395 constitutis
1569 1375 1694 1403 currunt,
1711 1378 1738 1399 et

945 1404 1028 1432 simul
1043 1412 1105 1433 cum
1127 1406 1255 1435 universo
1271 1410 1403 1437 cmlorum
1425 1412 1492 1440 orbe
1516 1414 1738 1446 circumvolvun-

944 1453 1000 1483 tur,
1017 1453 1107 1487 arguit
1123 1453 1197 1482 hunc
1213 1458 1242 1481 ut
1256 1456 1303 1491 qui
1319 1457 1413 1484 talium
1429 1462 1661 1495 contemplatione
1682 1473 1736 1493 non

943 1503 1084 1531 agnoscat,
1112 1507 1162 1526 nec
1184 1500 1279 1528 adoret
1306 1507 1464 1532 reverenter
1483 1513 1578 1534 eorum
1599 1510 1734 1544 opiﬁcem.

943 1541 1043 1575 Quidni
1061 1544 1144 1579 igitur
1154 1545 1238 1574 Deum
1252 1547 1295 1575 hic
1313 1548 1501 1578 admirabilem
1518 1541 1656 1587 praedicat,
1672 1565 1735 1591 pro-

103 1573 168 1592 σατο
188 1583 195 1595 ,
214 1564 230 1599 ἢ
244 1565 323 1599 μόνος
334 1568 348 1594 ὁ
364 1568 448 1602 ἥλιος.
464 1570 550 1598 Τοῦτο
566 1574 620 1610 γάρ
637 1576 710 1603 ἐστιν
724 1578 738 1604 δ
753 1578 842 1614 λέγει.
860 1583 889 1610 Ἠ

103 1606 132 1633 τὸ
143 1607 205 1635 πᾶν
221 1612 367 1635 τοσούτου
379 1614 488 1635 νηήννην
509 1616 546 1635 ἣν.
557 1619 648 1635 ’,νυ-Α-.
666 1622 780 1635 an--.“
804 1625 809 1633 ι
826 1634 829 1635 ν
843 1626 854 1630 -

946 1564 1043 1575 κων...
1061 1564 1138 1579 ,δι-..ι
1154 1564 1238 1574 νυν-ιι
1252 1564 1295 1575 nu.
1313 1564 1501 1578 uunummtuul
1518 1564 1656 1587 prusulcat,
1672 1565 1720 1591 pro

943 1586 1033 1617 fessus
1045 1591 1172 1624 potentiae
1185 1600 1247 1620 esse
1258 1601 1349 1621 rerum
1361 1597 1484 1624 omnium
1501 1599 1658 1635 eﬁectricis,
1672 1604 1720 1630 nul

98 1606 132 1633 τὸ
143 1607 205 1635 πᾶν
221 1612 367 1638 τοσούτου
377 1614 498 1648 χρόνου,
509 1616 648 1651 δηλονότι
663 1622 781 1650 εἴκοσιν
794 1625 886 1659 ὡρῶν,

96 1653 192 1686 φορὰς
205 1654 344 1689 ἐναντίας
356 1658 525 1690 ἀναποδίζει
538 1670 544 1676 ·
562 1663 580 1696 ἢ
600 1666 616 1690 ὁ
633 1665 720 1700 ἥλιος
742 1653 888 1705 ἰδίῳ-ὄρθ’ἐ

92 1705 140 1731 lup
147 1697 204 1732 τὴν
215 1701 356 1736 τοιαύτην
366 1703 489 1738 κίνησιν
499 1707 672 1741 ἐποιήσατο.
685 1713 721 1738 Τὸ
732 1715 888 1750 πεντάτρο-

94 1750 154 1770 πον
172 1744 201 1771 δὲ
210 1746 260 1780 τῆς
278 1747 324 1773 τοῦ
337 1748 412 1784 ἡλίου
428 1752 561 1787 κινήσεως
577 1755 648 1782 οὕτω
658 1758 752 1794 νόησον
763 1768 770 1775 ⁸
793 1762 824 1788 Ἦ
838 1763 885 1789 τοῦ

92 1790 169 1826 ἡλίου
185 1793 318 1826 ἐνιαύσιος
332 1795 439 1831 κίνησις
457 1799 537 1826 πέντε
558 1805 675 1830 ποιεῖται
687 1807 800 1841 τροπὰς,
817 1809 884 1836 ἀνά-

92 1837 172 1865 ϐασιν
186 1839 305 1875 βορείαν,
320 1843 459 1871 τουτέστιν
478 1846 532 1873 ἀπὸ
555 1849 665 1885 ἐαρινῆς
688 1837 831 1889 ἰσημερίας
844 1858 884 1888 εἰς

91 1884 137 1910 τὸν
156 1884 259 1921 θερινὸν
281 1889 430 1924 τροπικόν-
459 1893 608 1921 κατάΰασιν
630 1884 748 1932 βορείαν,
770 1884 883 1930 iii-fiat}:

90 1929 139 1956 τοῦ
169 1930 289 1967 δηλονότι
320 1935 366 1962 ἐπὶ
399 1936 445 1964 τὸν
482 1929 668 1977 μετοπωρινὸν
706 1929 881 1982 ἰσημερινόν

90 1978 240 2005 κατάϐασιν
263 1981 353 2008 νοτίαν
371 1983 425 2010 ἀπὸ
444 1985 490 2012 τοῦ
510 1987 630 2015 τοιούτου
651 1991 808 2028 ίσημερινοῦ
835 1996 881 2023 ἐπὶ

88 2020 135 2046 τὸν
156 2023 309 2058 χειμερινὸν
332 2027 476 2060 τροπικόν·
495 2030 542 2056 καὶ
556 2020 807 2070 ἀνάϐασιν-νοτίαν,

87 2065 136 2092 τοῦ
164 2070 320 2104 χειμερινοῦ
343 2073 474 2108 τροπικοῦ
496 2076 542 2102 ἐπὶ
567 2078 613 2105 τὸν
635 2081 741 2116 ὲαρινὸν
757 2065 879 2122 ξσηιιερίζ

87 2113 133 2140 νόν
144 2113 208 2149 (69)·
232 2116 279 2142 καὶ¹
303 2117 431 2154 πέμπτην
446 2121 495 2156 τὴν
511 2123 636 2152 ἐναντίαν
656 2113 696 2163 τῷ
717 2113 810 2158 παντίί

87 2159 147 2186 πὼν
169 2158 216 2187 οὖν
247 2161 305 2196 τὴν
327 2165 532 2200 πεντάτροπον
559 2170 641 2199 αὑτοῦ
671 2175 778 2211 κίνησιν
793 2198 800 2209 ,
833 2180 876 2208 διὰ

84 2205 313 2258 τῆςξροσθηκης
335 2210 382 2237 τοῦ
408 2212 509 2250 ἄρθρου
524 2215 580 2251 (70)
594 2218 651 2253 τὴν
672 2205 809 2258 γνώριμον

86 2251 188 2300 συνήθη
212 2252 342 2290 ὑπέφηνε,
367 2258 404 2284 Τδ
425 2259 453 2286 δὲ
483 2262 513 2288 έν
534 2251 638 2297 τούτοις
661 2251 805 2303 λεγόίιενον
891 2262 913 2291 D

82 2295 131 2322 τοῦ
148 2298 264 2334 πατρὸς,
274 2301 413 2338 νοήσωμεν
429 2305 530 2339 οὕτως·
549 2295 731 2347 Ὑποοιὶιμεθαι
742 2315 787 2342 τὸν
798 2317 874 2352 ἥλιον

84 2339 150 2352 JH”
170 2351 184 2352 η
225 2343 231 2352 ι
273 2345 278 2352 .
323 2347 329 2352 .
365 2347 370 2352 .

81 2339 151 2368 εἶναι
168 2343 237 2370 κατὰ
254 2345 302 2377 τὴν
319 2347 424 2385 ἡμέραν
441 2351 548 2388 ἐκείνην
557 2357 589 2391 τῇ
601 2339 663 2393 ὧραι
674 2339 723 2394 τῆξ

83 2387 159 2399 1..-:
186 2388 276 2399 _,,,-_
337 2391 342 2399 .
429 2394 441 2399 -
466 2397 487 2399 __
540 2398 544 2399 ,

82 2387 160 2443 ὲνῖτῇ
184 2388 280 2426 πρώτῃ
298 2391 379 2428 μοίρᾳ
395 2394 442 2421 τοῦ
465 2387 561 2433 Κριοῦ.
647 2387 868 2443 ’τὴιὶἀιτῆἷᾷἔδ

83 2432 180 2466 μοῖραν
187 2434 342 2463 ἐπανελθεῖν
352 2439 432 2466 αὑτὸν
447 2442 497 2469 οὐκ
511 2441 546 2479 ἦν
561 2432 717 2480 δυνατὸνίεί
735 2432 867 2491 μὴ-ιιίιτοίί]ἐ

83 2485 156 2491 ----.
167 2479 215 2491 -.ιη
227 2489 247 2491 -
268 2490 286 2491 ρ
347 2485 357 2491 -
492 2488 497 2491 λ

679 2479 682 2480 ν
735 2479 741 2486 ι
766 2479 771 2488 ι
813 2479 844 2481 "‘

81 2485 158 2504 σεται
167 2479 216 2514 τὴν
226 2485 407 2516 πραταγεῖσαν
417 2488 602 2525 πεντάτροπον
610 2494 725 2530 κίνησιν,
735 2498 818 2534 ἤγουν
833 2479 867 2527 ἐι*

81 2524 132 2534 ιη*
158 2524 171 2531 -
225 2525 236 2534 .
252 2527 258 2534 .
278 2528 327 2534 ,-..
403 2531 408 2534 .

79 2524 190 2580 ⁴ζημιεριῖιν
205 2525 258 2559 τξε¹
275 2528 346 2580 αυτ
368 2531 414 2580 καὶ
429 2524 652 2580 τεταρτημόριον.
665 2524 725 2570 ’Ἐνν
736 2524 866 2580 «iiii-tau;

77 2568 144 2595 δέκα
153 2569 250 2606 ὥραις,
258 2575 318 2605 ταὶς
334 2575 388 2601 ἀπὸ
412 2577 459 2605 τοῦ
475 2568 556 2609 τόπου
574 2568 602 2610 ἐν
617 2582 640 2619 ᾧ
656 2568 798 2623 γέγονε-τὸ

79 2615 155 2650 μεῖον
172 2635 190 2667 ..1
198 2617 250 2649 ἕως
266 2619 347 2646 πάλιν
362 2621 412 2657 τῆς
428 2624 457 2650 ὲν
479 2627 512 2661 τῇ
536 2615 650 2667 ἀνατολῇ
662 2615 864 2674 ’πῷώὲηξςίξᾶ-

637 2661 650 2667 ..
697 2661 702 2670 .
744 2661 786 2671 η,
826 2661 849 2666 ν.

77 2669 129 2696 Ρας
144 2661 191 2689 τοῦ
208 2663 303 2699 Κρι⁰ὖ’
320 2667 371 2702 τὴν
402 2670 507 2698 τελείαν
530 2674 752 2708 ἀποκατάστασιν
769 2661 863 2722 ἐποιή-

77 2714 141 2722 οισι-ρ.
169 2708 221 2722 l(-\
240 2711 309 2722 ...._)_
338 2721 343 2722 γ
368 2713 380 2718 ~
443 2718 449 2722 .
491 2718 496 2722 .
521 2719 556 2722 μ..

75 2714 151 2733 σατο.
169 2708 224 2735 Καὶ
240 2711 309 2737 κατὰ
334 2713 424 2747 τοῦτο,
441 2718 501 2744 ἐπεὶ
517 2719 604 2754 ἄλλως
619 2725 668 2752 οὐκ
690 2725 724 2762 ἦν
740 2708 860 2764 adrasti;

701 2754 706 2762 ,
742 2754 858 2764 ηπ--.

73 2754 122 2781 τοῦ
144 2755 194 2791 τῆς
218 2758 330 2795 πρώτης
363 2762 459 2798 μοίρας
486 2768 599 2802 σημείου
622 2772 669 2799 τοῦ
696 2775 781 2811 Κριοῦ
812 2779 858 2808 τὸν

111 2849 125 2864 ι
140 2844 206 2883 Cap.
224 2856 243 2879 ι.
260 2857 286 2876 v.
301 2850 344 2878 21.
383 2852 491 2882 VEccli.
510 2864 582 2892 XLVI,
598 2860 624 2888 5.

212 2895 347 2928 ΡΔτιιοι.
372 2899 429 2931 Gn.
455 2902 508 2934 iV.

941 1633 1030 1669 lisque
1046 1636 1113 1664 satis
1131 1638 1320 1673 explicandae?
1339 1640 1410 1674 Quin
1427 1647 1454 1670 et
1466 1647 1625 1673 memoriam
1651 1656 1734 1676 reno-

940 1679 1077 1709 vatl’ater
1091 1688 1186 1711 sancto
1202 1684 1353 1722 Polycarpo
1366 1688 1427 1723 ejus
1442 1689 1574 1723 historiae,
1591 1701 1652 1728 quae
1665 1703 1732 1723 con-

938 1726 998 1761 tigit
1013 1727 1064 1754 sub
1082 1728 1142 1764 ipso
1159 1729 1224 1758 Jesu
1234 1731 1317 1766 Nare,
1335 1737 1364 1760 ut
1375 1742 1435 1762 eam
1450 1726 1631 1772 Apollophani
1642 1748 1730 1775 oppo-

937 1777 995 1799 nat.
1008 1772 1052 1800 Ait
1062 1782 1127 1810 ergo
1140 1786 1145 1803 ε
1160 1776 1208 1803 Dic
1222 1783 1249 1804 tu
1264 1778 1302 1805 illi
1315 1789 1320 1806 :
1335 1778 1382 1807 Vel
1393 1780 1448 1816 jam
1460 1783 1564 1819 accipe,
1578 1793 1631 1820 qua
1650 1772 1730 1815 ratio-

936 1826 971 1846 ne
988 1818 1059 1847 Deus
1077 1822 1162 1849 solem
1178 1827 1205 1850 et
1221 1824 1313 1852 lunam
1334 1830 1400 1855 tunc
1416 1836 1478 1856 cum
1498 1832 1649 1859 secundum
1669 1833 1728 1861 dia-

935 1866 1076 1894 metralem
1092 1868 1191 1896 lineam
1210 1877 1225 1897 e
1246 1872 1357 1907 regione
1373 1882 1434 1902 sese
1451 1882 1647 1912 respectareut,
1670 1881 1728 1909 sole

933 1911 1044 1945 quidem
1060 1912 1116 1947 jam
1137 1914 1300 1952 devergente
1313 1918 1341 1946 in
1357 1911 1502 1954 occasum.
1520 1927 1667 1960 utrumque
1684 1927 1726 1954 lu-

933 1957 1038 1986 minare
1055 1960 1205 1990 subsistere
1220 1963 1305 1998 jussit
1319 1965 1348 1992 in
1363 1967 1482 1996 statione
1494 1977 1558 2004 sua;
1580 1971 1664 2006 idque
1682 1973 1724 2001 fa-

932 2007 1006 2031 ctum
1022 2013 1084 2034 esse
1103 2010 1196 2043 negari
1215 2018 1269 2038 non
1285 2016 1375 2046 potest
1391 2013 1520 2043 ineﬁ‘abili
1541 2017 1587 2044 Dei
1601 2018 1723 2054 ipsmunl

931 2049 1037 2084 opiﬁcis
1052 2054 1172 2086 potentia
1191 2062 1196 2079 :
1215 2059 1301 2083 totum
1318 2057 1431 2094 insuper
1445 2061 1584 2090 immobile
1596 2049 1723 2093 subsistit

930 2103 984 2122 una
1001 2104 1063 2123 cum
1080 2103 1196 2134 utroque
1214 2101 1352 2130 luminari.
1371 2104 1478 2133 Etenim
1495 2115 1549 2135 non
1563 2110 1663 2137 etelum
1680 2112 1722 2147 ip-

929 2149 1000 2174 sum,
1017 2151 1072 2170 non
1085 2145 1208 2180 reliquus
1219 2147 1357 2176 stellarum
1370 2150 1472 2179 chorus
1486 2157 1543 2180 toto
1554 2145 1720 2184 oberrabant

929 2188 1007 2223 polo;
1021 2190 1068 2218 sed
1082 2198 1143 2218 eum
1155 2193 1262 2222 duobus
1274 2195 1326 2223 illis
1338 2196 1528 2231 luminaribus.
1539 2201 1596 2229 suis
1605 2210 1719 2239 quaeque

928 2235 1040 2263 sedibus
1057 2238 1247 2268 substiterunt.
1261 2241 1319 2269 Hoc
1331 2243 1404 2271 enim
1419 2244 1522 2273 indicat
1532 2257 1539 2274 :
1549 2235 1632 2284 25s
1642 2235 1718 2286 "Ap:

925 2281 964 2316 τῷ
980 2284 1061 2310 παντὶ
1082 2285 1149 2321 πρὸς
1163 2287 1194 2313 τὸ
1208 2287 1296 2324 πάντη
1311 2289 1439 2326 ἀκίνητον
1455 2281 1717 2331 ὁρίζωντοαῑρετίιη-

924 2326 958 2355 de
969 2332 1051 2363 atque
1065 2331 1125 2365 ejus
1139 2333 1224 2361 totius
1240 2335 1294 2362 diei
1309 2335 1444 2365 dimensio
1455 2341 1606 2368 excreverit
1626 2345 1715 2378 spatio

924 2372 1067 2403 duodecim
1084 2377 1229 2413 horarum;
1245 2381 1347 2410 interea
1364 2385 1494 2419 temporis
1516 2387 1542 2414 in
1563 2388 1621 2416 suis
1640 2398 1714 2425 qum-

923 2427 976 2454 que
994 2423 1079 2457 signis
1097 2424 1253 2458 luminaria,
1275 2428 1374 2456 cmlum
1396 2439 1504 2466 quoque
1520 2433 1609 2468 ipsum
1631 2436 1712 2464 ﬁxius

918 2466 1090 2497 restiterunt.
1111 2469 1188 2503 Quod
1204 2478 1294 2501 autem
1311 2475 1394 2510 dupla
1415 2477 1449 2504 ad
1463 2466 1577 2508 ceteros
1595 2489 1712 2516 propor-

917 2511 992 2539 tione
1017 2521 1049 2541 ea
1068 2515 1126 2544 dies
1140 2520 1306 2553 accreverit;
1329 2521 1479 2551 luculenter
1507 2525 1610 2554 indicat
1629 2527 1709 2557 Jcsus

917 2557 989 2586 ﬁlius
1015 2559 1112 2589 Sirach
1142 2563 1170 2590 in
1194 2564 1296 2600 hymno
1318 2566 1429 2595 Patrum
1445 2574 1468 2597 ν.
1484 2569 1550 2604 Nam
1569 2573 1602 2600 ad
1626 2573 1708 2602 horas

915 2609 1034 2639 quatuor
1050 2615 1132 2643 supra
1158 2610 1254 2646 viginti
1271 2612 1331 2641 dies
1347 2614 1392 2641 illa
1409 2616 1461 2643 sub
1478 2616 1543 2645 Jesu
1556 2617 1628 2646 Nave
1643 2627 1705 2654 por-

917 2655 993 2678 recta
1019 2659 1198 2688 memoratur,
1225 2660 1454 2692 quemadmodum
1471 2663 1494 2690 is
1511 2665 1657 2698 expressit.
1676 2664 1704 2692 Si

917 2704 982 2724 vero
996 2699 1126 2729 reclamet
1141 2701 1354 2739 Apollophanes,
1372 2708 1540 2744 impossibile
1557 2710 1652 2738 dicens
1674 2717 1703 2738 ut

916 2743 978 2770 coeli
1001 2752 1099 2774 cursus
1123 2749 1230 2777 restitet
1251 2751 1392 2787 (perpetuo
1412 2743 1488 2781 enim
1500 2755 1591 2790 agitur
1603 2757 1700 2792 motu),

912 2788 974 2817 vide
988 2789 1027 2818 illi
1043 2796 1071 2819 ut
1093 2796 1275 2831 respondeas,
1299 2801 1363 2834 quia
1384 2801 1425 2827 vel
1446 2801 1497 2828 hoc
1518 2802 1628 2829 nomine
1649 2804 1702 2831 tale

1487 2932 1524 2963 15
