1923 3067
216 127 267 155 459

598 126 768 155 APPENDIX
785 126 831 154 AD
849 125 961 154 OPERA
981 125 1010 154 S.
1033 125 1182 154 DIONYSII
1199 123 1441 154 AREOPAGITAS.

1777 126 1822 154 460

216 185 366 220 prodigium
382 184 494 220 dignum
507 184 592 212 videri
609 185 689 213 debet
700 185 796 220 majori
812 185 897 212 multo
914 185 982 213 admi

1051 184 1126 220 ἦλιον
1142 184 1239 215 πάλιν’,
1257 185 1281 212 εί
1299 184 1336 220 μὴ
1354 183 1422 220 μετὰ
1437 181 1540 209 τελείου
1562 181 1657 217 χρόνου
1675 181 1823 217 περαίωσιν,

215 232 328 263 ratione,
345 231 418 266 quod
433 235 459 259 et
472 236 498 259 te
509 232 601 259 debuit
615 231 648 259 ad
664 231 869 266 amplexandam
883 233 940 260 veri
955 233 997 268 ip-

215 274 272 302 sius
300 273 347 302 Dei
373 275 451 302 ﬁdem
474 279 649 307 convertere,
677 279 704 302 et
727 276 761 302 ad
783 283 879 303 eorum
902 277 999 312 perdu-

213 327 275 347 cere
298 321 490 355 cognitionem,
514 329 574 356 quae
590 320 623 348 de
640 321 700 356 ipso
723 321 905 356 praedicantur
924 332 930 349 :
949 330 998 357 po-

215 366 256 393 lus
268 365 413 400 siquidem,
430 367 475 402 qui
489 367 631 394 luminaria
647 367 778 399 continet,
793 367 997 403 circumageba-

214 416 267 439 tur.
286 411 353 438 Nam
373 416 400 438 et
424 413 474 439 hoc
493 413 627 446 expressit
649 413 745 441 dicens
761 405 770 440 ἐ
788 413 850 440 Τῶν
865 413 933 440 ὅλων
949 415 996 441 κα)⁵

212 457 266 483 τῶν
281 457 441 493 κρειττόνων
451 457 498 484 καὶ
507 458 694 493 περιεχόντων.
709 458 821 487 Contra.
835 457 880 486 Sol
890 464 917 486 et
931 459 996 486 luna

211 504 311 539 alioqui
342 504 403 539 polo
434 505 494 539 ipso
527 505 658 538 contenti,
686 506 840 533 immobiles
864 507 995 541 persiste-

211 551 285 583 bant,
303 557 353 577 nec
378 550 434 584 jam
463 550 541 585 juxta
571 555 731 578 consuetam
765 551 895 579 lationem
913 552 995 580 simul

209 603 270 623 cum
297 596 359 631 polo
380 596 568 628 movebantur,
584 604 701 631 quocum
719 605 826 632 semper
845 597 994 633 circumagi

208 645 382 669 consuerant.
403 640 510 669 Rursus
528 641 651 669 Ezechiae
666 648 796 677 tempore,
815 643 926 678 quando
941 643 994 670 alia

207 687 330 723 quaadam
341 687 399 715 dies
413 687 492 722 tripla
508 687 703 722 propemodum
719 688 894 723 proportione
914 693 994 716 caete-

207 735 245 762 ris
257 734 344 768 major
357 734 529 762 continenter
544 733 604 761 fuit.
619 733 707 761 Dictio
720 735 811 770 σχεδόν
822 742 854 762 eo
864 735 991 766 accessit,

205 780 277 816 quod
295 780 340 807 illa
355 780 413 808 dies
428 788 483 808 non
498 788 694 815 usquequaque
705 781 784 815 plena
801 779 882 808 fuerit
893 781 992 815 triplici

205 827 375 855 dimensione
387 836 394 854 :
405 827 520 854 duarum
533 828 606 855 enim
618 832 645 854 et
660 827 772 862 triginta
787 826 837 854 fuit
849 827 990 855 horarum.

1048 233 1077 258 ὲν
1092 227 1115 264 ᾧ
1129 231 1161 267 δὴ
1178 232 1265 268 χρόνῳ
1282 232 1329 258 καὶ
1344 233 1361 267 ἡ
1378 231 1562 267 πεντάτροπος
1578 229 1693 256 τελεῖται
1715 230 1821 265 κίνησις,

1047 275 1198 310 λογίζονται
1214 277 1242 303 αἰ
1257 277 1324 304 δέκα
1338 273 1417 312 ὧραι,
1443 276 1491 311 οὐχ
1507 276 1534 302 αἱ
1551 275 1657 310 πρῶται
1672 274 1775 311 δηλαδὴ,
1786 276 1824 303 αἷ-

1046 331 1118 354 τινες
1141 320 1222 358 ἦσαν,
1245 322 1399 358 κινηθέντος
1430 322 1484 349 ἀπὸ
1514 320 1647 355 ἀνατολῆς
1677 320 1723 347 τοῦ
1753 321 1820 356 ἡλίου

1048 367 1190 404 μέχριτοῦ
1215 368 1297 394 τόπου
1329 369 1358 394 ὲν
1373 364 1396 402 ᾧ
1420 367 1451 393 τὸ
1474 367 1585 402 σημεῖον
1602 367 1648 393 ἐπὶ
1663 366 1700 401 τῷ
1722 366 1822 402 Ἐζεκίᾳ

1046 413 1168 448 ἐγένετο,
1187 414 1244 441 ἀλλ’
1269 415 1296 440 αἱ
1319 413 1373 440 ἀπὺ
1394 413 1489 440 τούτου
1511 413 1558 439 τοῦ
1582 412 1694 448 σημείου
1718 413 1755 444 είς
1777 413 1821 448 τὴν

1045 457 1175 494 ἀνατολὴν
1183 458 1462 495 όπισθοδρομήσαντος
1469 458 1516 484 τοῦ
1523 458 1597 492 ἡλίου
1606 457 1820 485 διαϐιϐασθεῐσαι.

1044 500 1128 530 Αὖται
1144 502 1190 531 οὖν
1207 506 1234 531 αί
1250 504 1315 531 δέκα
1330 501 1408 540 ὧραι,
1427 504 1489 531 ἐπεὶ
1504 504 1583 531 πάλιν
1599 505 1638 535 εἰς
1654 503 1702 539 τὴν
1719 504 1821 530 ὑποκει-

1046 549 1130 585 μένην
1146 549 1257 586 πρώτην
1276 552 1372 586 μοῖραν
1394 550 1441 576 τοῦ
1459 550 1544 586 Κριοῦ
1560 551 1574 576 ό
1598 549 1673 584 ἥλιος
1698 549 1820 584 ἐγεγόνει,

1044 595 1195 630 λογίζονται
1213 595 1250 628 ὼς
1267 597 1390 628 ἐνιαυτὸς
1407 595 1562 633 ὁλόκληρος
1575 596 1678 622 συνεῖλε
1694 595 1746 631 γὰρ
1762 596 1822 623 ἀνα-

1043 640 1159 673 λυτικῶς
1175 641 1283 668 ἃπασαν
1299 641 1348 677 τὴν
1364 641 1411 668 τοῦ
1428 642 1523 678 χρόνου
1541 641 1672 678 περίοδον,
1691 642 1824 668 ἀποκατα-

1044 686 1110 718 στάς
1142 688 1170 714 ὲν
1186 687 1226 722 τῷ
1257 688 1317 714 κατ’
1349 689 1456 724 ἐκείνην
1481 689 1531 724 τὴν
1553 688 1659 724 ἡμέραν
1683 687 1821 715 ἀνέτειλεν.

1045 732 1160 759 Ἔπειτα
1172 753 1179 764 ,
1197 733 1276 760 πάλιν
1299 733 1453 769 κινηθέντος
1470 735 1517 761 ἀπ’
1526 733 1673 769 ἀνατολῆς,
1697 734 1757 761 ἐπεὶ
1777 734 1823 759 οὐκ

1041 776 1075 814 ἦν
1098 778 1185 811 ἄλλως
1208 780 1365 806 ἐπανελθεῖν
1387 781 1428 812 εἰς
1444 782 1536 808 έκεῖνο
1558 780 1588 806 το
1614 781 1736 816 σημεῖον,
1762 781 1789 807 ὲν
1802 776 1823 813 ᾧ

1041 824 1117 856 ὄντος
1132 824 1214 851 αὑτοῦ
1236 824 1267 851 τὸ
1283 826 1329 852 ἐπὶ
1343 825 1382 861 τῷ
1405 825 1513 862 Ἐζεκίᾳ
1539 827 1650 862 σημεῖον
1667 826 1784 860 ἐγένετο,
1801 826 1824 852 εἰ

204 873 246 900 Ab
259 873 365 900 oriente
386 872 522 908 siquidem
538 873 571 900 ad
587 881 649 900 eum
667 881 754 908 usque
772 874 873 906 locum,
891 874 918 901 in
935 882 982 909 qut

1043 869 1079 905 μὴ
1096 869 1166 896 κατὰ
1182 870 1330 906 περαίωσιν
1345 871 1492 907 ὁλοκλήρου
1501 872 1597 907 χρόνου
1614 872 1660 898 καὶ
1676 872 1823 907 πεντάτρο-

205 917 246 944 sol
261 920 317 943 tum
332 917 460 944 inventus
474 920 527 948 est,
542 917 653 952 quando
667 918 770 945 editum
793 924 835 946 est
854 919 989 954 ejusmodi

204 962 324 997 signum,
348 962 442 990 decem
464 962 538 989 illius
554 962 606 990 diei
621 963 744 990 exierant
763 963 846 992 horae.
869 964 988 992 Rursum

203 1009 294 1036 altera:
309 1008 414 1041 decem,
425 1016 480 1044 quo
500 1017 619 1037 excursu
635 1011 763 1045 temporis
782 1010 857 1038 illinc
874 1011 926 1039 iter
945 1019 985 1039 re-

202 1054 275 1082 ﬂexit
293 1055 334 1082 sol
350 1055 383 1081 ad
399 1055 542 1083 orientem.
558 1055 680 1090 itemque
695 1055 770 1084 illinc
786 1057 821 1084 ab
831 1057 937 1085 oriente
953 1057 988 1084 ad

201 1102 344 1129 occiduum
362 1109 448 1137 usque
462 1102 573 1129 limitem
586 1102 706 1137 perlatus
720 1106 763 1130 est
792 1102 867 1131 boris
883 1103 987 1131 duode-

1040 923 1090 941 πον
1107 916 1228 951 κίνησιν”
1245 917 1276 942 ὲν
1291 916 1356 943 δέκα
1366 916 1394 943 δὲ
1410 917 1490 944 πάλιν
1507 917 1592 953 ὥραις
1601 918 1690 944 ἐκεῖσε
1707 918 1824 944 ἀποκατ-

1039 960 1104 996 έστη
1115 970 1121 976 ·
1145 961 1188 988 διὰ
1203 961 1282 988 τοῦτο
1297 962 1347 994 τὰς
1371 962 1500 994 τοιαύτας
1516 963 1582 990 δέκα
1606 963 1691 1000 ὥρας,
1708 963 1759 994 τὰς
1774 962 1825 988 ἀπὸ

1039 1005 1170 1040 ἀνατολῆς
1192 1006 1244 1038 ἓως
1266 1006 1313 1033 τοῦ
1330 1007 1443 1042 σημείου
1468 1007 1583 1038 ἐκείνου,
1607 1007 1667 1034 ἀντὶ
1691 1007 1825 1034 ἐνιαυσίου

1039 1052 1174 1088 παρέλαϐε
1201 1053 1247 1079 καὶ
1272 1054 1457 1089 πεντατρόπου
1474 1055 1622 1089 κινήσεως·
1640 1055 1692 1081 οὐκ
1717 1052 1751 1090 ἦν
1773 1054 1826 1090 γὰρ

1037 1096 1083 1123 τὸν
1098 1096 1172 1131 ἥλιον
1189 1096 1262 1130 ἅπαξ
1284 1098 1441 1125 ἀποστάντα
1465 1098 1513 1124 τοῦ
1536 1091 1606 1125 κατὰ
1621 1099 1670 1134 τὴν
1695 1099 1826 1133 ἀνατολὴν

199 1149 254 1175 cim
269 1148 302 1176 δ’.
331 1147 388 1175 Hac
411 1156 478 1176 sane
501 1148 608 1175 dicendi
639 1146 756 1176 formula
777 1157 844 1177 usus
864 1150 909 1177 hic
934 1154 982 1183 est,

1040 1141 1163 1176 σημείου,
1181 1142 1337 1170 ἐπανελθεῖν
1353 1145 1392 1175 εἰς
1408 1144 1489 1176 αὐτὸ,
1508 1145 1531 1171 εἰ
1549 1144 1585 1181 μὴ
1602 1145 1672 1171 κατὰ
1692 1145 1828 1171 ἐνιαύσιον

199 1195 272 1230 quod
288 1196 368 1230 polus
381 1195 440 1231 ipse
455 1203 508 1223 una
520 1203 581 1222 cum
599 1196 666 1224 sole.
682 1199 739 1223 toto
755 1196 802 1223 illo
813 1197 986 1224 interceden-

199 1245 226 1268 te
236 1241 324 1275 spatio
348 1241 478 1268 horarum
508 1241 616 1276 viginti,
644 1240 788 1268 obversam
810 1241 883 1268 illam
904 1247 986 1277 atque

196 1296 360 1324 circularem
384 1296 513 1324 lationem
531 1304 613 1331 supra
634 1300 738 1324 naturae
760 1297 985 1326 consuetudinem

198 1343 343 1378 peregerit,
371 1346 417 1369 aut
440 1345 504 1378 quia
528 1343 569 1371 sol
593 1343 651 1378 ipse
674 1351 734 1370 eam
762 1343 878 1371 absolvit
899 1345 983 1372 solus.

197 1389 255 1416 Hoc
267 1390 346 1424 plane
363 1388 464 1416 indicat
480 1389 576 1417 dicens
591 1398 598 1416 :
617 1389 652 1415 Ἦ
666 1389 698 1416 τὸ
717 1390 770 1416 πᾶν
784 1389 910 1416 τοσούτου
921 1391 970 1426 χρό

196 1442 252 1466 νου,
269 1434 388 1469 δηλονότι
415 1434 517 1461 εἴκοσιν
544 1434 633 1470 ὡρῶν,
660 1434 746 1470 φορὰς
775 1435 897 1468 ἐναντίας
920 1437 985 1463 ἀνα-

196 1479 308 1512 ποδίζει,
325 1480 341 1515 ἢ
357 1479 454 1515 όῆλιος
474 1480 531 1515 ἰδίῳ
550 1480 642 1516 δρόμῳ
660 1480 710 1516 τὴν
732 1480 858 1516 τοιαύτην
877 1482 984 1518 κίνησιν

195 1526 352 1561 ἐποιήσατο.
375 1525 454 1559 Quod
473 1530 564 1554 autem
581 1526 629 1559 ait,
646 1526 841 1562 πεντάτροπον,
864 1528 916 1556 hoc
941 1533 983 1557 est

194 1572 426 1607 quinquil‘ormem
444 1572 517 1606 illam
527 1572 604 1606 {solis
631 1572 795 1605 motionem,
820 1574 860 1602 sic
889 1577 983 1610 accipe

194 1619 297 1646 dictum
316 1627 324 1648 ι
341 1619 554 1647 Anniversarius
570 1619 638 1648 solis
652 1625 743 1648 motus
756 1621 877 1656 quinque
892 1622 983 1650 absol—

193 1664 266 1691 vitur
293 1664 490 1692 mutationibus
521 1664 578 1692 sive
600 1666 837 1694 conversionibus.
850 1666 980 1700 Primam,

192 1717 275 1745 quam
296 1717 442 1738 ascensum
465 1710 651 1745 aquilonarem
683 1712 811 1745 dicimus,
840 1712 949 1740 coniicit
966 1721 982 1740 a

193 1763 277 1783 verno
300 1755 466 1791 aequinoctio
494 1756 527 1783 ad
556 1757 680 1783 aestivum
708 1764 795 1792 uSque
819 1758 979 1791 solstitium,

193 1801 318 1834 alteram,
335 1809 417 1837 quam
448 1802 586 1829 borealem
614 1806 712 1829 vocant
724 1802 898 1836 descensum,
918 1811 981 1839 per-

191 1849 278 1876 currit
293 1849 326 1876 ab
342 1849 394 1876 hoc
411 1849 527 1876 solstitio
542 1848 575 1875 ad
591 1850 747 1877 autumnale
765 1850 978 1885 aequinoctium;

191 1893 299 1921 tertiani
308 1913 316 1927 ,
331 1901 392 1929 qua:
400 1894 540 1921 austrinus
550 1894 651 1921 dicitur
661 1894 719 1922 sive
735 1895 921 1924 meridionalis
935 1896 980 1924 de-

191 1957 321 1982 scensus,
340 1949 422 1984 259
438 1957 452 1976 a
470 1950 596 1985 proximo
618 1950 782 1986 aequinoctio
802 1952 922 1979 extendit
941 1952 976 1979 ad

190 1996 334 2023 hibernum
348 1996 496 2023 solstitium
506 2000 658 2031 ;quartam,
668 2005 729 2032 quae
744 1998 885 2026 austrinus
897 2006 978 2026 voca-

189 2047 234 2069 tur
249 2049 393 2074 ascensus,
410 2042 445 2069 ab
467 2041 583 2069 hiberno
596 2043 702 2077 tropico
715 2043 748 2070 ad
765 2051 878 2071 vernum
892 2044 977 2072 dedu—

187 2089 229 2115 xit
253 2088 459 2124 aequinoctium.
490 2087 576 2116 Porro
609 2090 705 2124 quinta
729 2089 874 2117 conversio
909 2090 976 2118 solis

189 2141 302 2168 prorsus
317 2135 455 2162 contraria
479 2134 532 2170 ipsi
563 2135 625 2170 polo
656 2139 709 2162 est.
747 2134 862 2168 Quando
892 2136 975 2171 igitur

187 2179 256 2207 dixit
280 2180 330 2216 τὴν
347 2180 544 2217 πεντάτροπον,
562 2181 636 2208 illam
661 2181 892 2216 quinquilormem
914 2189 974 2209 mo-

1038 1186 1175 1223 περίοδονθ
1194 1188 1240 1214 καὶ
1255 1188 1305 1215 οὐκ
1331 1186 1366 1224 ἦν
1381 1189 1484 1222 ἄλλως,
1503 1190 1577 1224 ἆπαξ
1599 1191 1759 1217 ἀποστάντα
1775 1190 1827 1217 ἀπὸ

1036 1231 1082 1258 τοῦ
1099 1233 1224 1268 σημείου,
1241 1234 1308 1260 καθὸ
1331 1234 1362 1261 τὸ
1384 1235 1430 1261 ἐπὶ
1453 1236 1561 1272 Ἐζεκίᾳ
1577 1237 1691 1271 σημεῖον
1714 1237 1826 1270 γέγονε,

1037 1278 1116 1304 πάλιν
1137 1279 1293 1306 ἐπανελθεῖν
1318 1281 1357 1312 είς
1373 1281 1448 1313 αὐτὸ,
1466 1283 1490 1308 εί
1508 1281 1545 1317 μὴ
1569 1282 1639 1308 κατὰ
1656 1283 1828 1309 ὲνιαυσιαίαν

1035 1325 1132 1362 ἑτέραν
1149 1325 1195 1352 καὶ
1212 1326 1291 1353 πάλιν
1308 1322 1430 1362 πρόοδον.
1441 1328 1497 1354 Καὶ
1512 1328 1556 1354 διὰ
1571 1328 1649 1355 τοῦτο
1665 1329 1754 1363 λέγει·
1777 1330 1828 1355 Ἢν

1036 1371 1200 1398 ὲνιαυσιαίαν
1226 1371 1331 1408 κίνησιν
1364 1374 1482 1400 συνεῖλεν
1511 1374 1680 1406 ἀναλυτικῶς
1707 1377 1737 1402 ὲν
1762 1375 1827 1401 δέκα

1034 1413 1130 1451 ὥραις,
1155 1416 1209 1442 ἀπὸ
1230 1416 1278 1443 τοῦ
1294 1417 1376 1444 τόπου
1399 1419 1428 1445 ἐν
1450 1415 1472 1452 ᾧ
1488 1419 1520 1445 τὸ
1535 1419 1605 1446 κατά
1629 1419 1676 1446 τὸν
1701 1420 1828 1452 Ἐζεκίαν

1035 1461 1146 1495 σημεῖον
1170 1461 1247 1498 ἐδόθη
1280 1463 1326 1489 ἐπὶ
1349 1463 1398 1499 τὴν
1423 1464 1553 1501 ἀνατολὴν
1576 1465 1750 1500 κινούμενος,
1777 1466 1828 1502 τὴν

1034 1506 1119 1542 αὐτὴν
1150 1506 1214 1542 ὃλην
1246 1509 1414 1536 ένιαυσιαίαν
1443 1510 1536 1547 τρίϐον
1568 1512 1597 1538 ὲν
1622 1512 1735 1549 ἑτέραις
1761 1513 1828 1540 δέκα

996 1555 1019 1587 c
1034 1551 1118 1588 ὥραις
1134 1553 1181 1579 ἀπ’
1198 1554 1330 1589 ἀνατολῆς
1355 1555 1434 1591 μέχρι
1458 1555 1505 1582 τοῦ
1530 1556 1612 1583 τόπου
1635 1558 1664 1584 ὲν
1681 1555 1705 1592 ᾦ
1728 1558 1761 1584 τὸ
1779 1567 1827 1592 ση-

1034 1598 1108 1633 μεῖον
1123 1598 1243 1632 γέγονεν,
1261 1599 1417 1635 ἐποιήσατο.
1442 1600 1526 1629 Τοῦτο
1540 1601 1568 1627 δὲ
1583 1599 1617 1636 ἦν
1640 1603 1690 1629 καὶ
1713 1602 1747 1629 τὸ
1762 1603 1828 1634 τοὺς

1032 1643 1217 1676 Βαϐυλωνίους
1242 1645 1390 1681 έκπλῆξαν,
1409 1646 1456 1673 ἅτε
1481 1647 1526 1673 καὶ
1543 1647 1641 1679 αὐτοὺς
1657 1648 1830 1684 οὐρανοθεά-

1033 1699 1116 1726 μονας
1141 1692 1187 1717 καὶ
1212 1692 1397 1729 ἀστρολέσχας
1427 1693 1524 1726 ὄντας,
1558 1695 1604 1721 καὶ
1627 1695 1830 1728 καθυποτάξαν

1032 1735 1122 1771 μάχης
1143 1737 1222 1768 ἐκτὸς
1244 1737 1284 1772 τῷ
1307 1738 1358 1773 τῆς
1387 1739 1563 1775 Ἰερουσαλὴμ
1580 1740 1706 1775 βασιλεῖ,
1724 1741 1831 1768 ὡσανεὶ

1031 1782 1125 1818 ίσοθέῳ
1141 1784 1194 1810 τινὶ
1209 1783 1277 1817 ὄντι,
1295 1785 1341 1811 καὶ
1359 1785 1429 1821 ὑπὲρ
1453 1786 1517 1817 τοὺς
1534 1786 1628 1818 ἄλλους
1647 1787 1829 1824 ἀνθρώπους.

1029 1828 1085 1854 Καὶ
1106 1828 1136 1855 οὐ
1158 1828 1229 1864 λέγω
1257 1830 1307 1862 τὰς
1339 1832 1368 1857 ὲν
1390 1831 1520 1867 Αἰγύπτῳ
1543 1831 1785 1868 θαυματουργίας,
1812 1833 1829 1868 ἢ

1028 1873 1110 1906 ἄλλας
1125 1874 1202 1906 τινὰς
1217 1875 1334 1911 ἀλλαχοῦ
1344 1877 1528 1912 γεγενημένας
1540 1885 1546 1892 ·
1558 1877 1614 1904 ἀλλ’
1625 1879 1726 1905 ἐκεῖνα
1742 1879 1831 1913 λέγω,

1028 1919 1099 1956 ἅπερ
1116 1921 1162 1947 καὶ
1177 1922 1207 1948 ὲν
1229 1921 1268 1957 τῷ
1284 1922 1391 1958 οὐρανῷ
1407 1923 1578 1957 ἐγεγόνεισαν
1590 1943 1596 1955 ,
1615 1925 1662 1951 καὶ
1688 1925 1766 1952 κατὰ
1784 1925 1832 1951 τὸν

1027 1964 1101 2000 ἥλιον
1117 1966 1266 2002 ωνέὸησαν
1278 1987 1286 1999 ,
1303 1967 1350 1994 καὶ
1365 1967 1409 1994 διὰ
1424 1968 1503 1995 τοῦτο
1519 1969 1600 1996 πᾶσιν
1617 1969 1834 2006 ὲθριαμὸεύθη-

1027 2018 1092 2036 σαν·
1111 2010 1137 2038 εἴ
1150 2020 1176 2038 τι
1192 2012 1246 2049 γὰρ
1269 2012 1308 2048 τῷ
1324 2012 1390 2048 ἡλίῳ
1407 2014 1538 2049 συμϐαίη,
1565 2014 1654 2047 οὐδείς
1683 2015 1749 2042 ἐστι
1775 2016 1833 2042 τῶν

1026 2054 1152 2092 ὁρώντων
1167 2057 1212 2083 τὸν
1227 2057 1302 2092 ἥλιον
1320 2078 1327 2090 ,
1344 2058 1373 2090 ὃς
1389 2058 1439 2085 οὐκ
1455 2060 1543 2086 έκεῖνο
1557 2059 1699 2088 θεάσαιτο.
1712 2061 1750 2088 Ei.
1770 2060 1835 2097 μέν-

1025 2108 1066 2126 τοι
1082 2109 1113 2134 γε
1129 2101 1301 2137 διαπιστήσει
1324 2103 1338 2129 ό
1361 2103 1560 2140 Ἀπολλοφάνης
1577 2104 1645 2140 πρὸς
1662 2105 1761 2133 ταῦτα
1780 2126 1788 2139 ,
1807 2106 1833 2132 οε

1026 2144 1130 2180 Πέρσαι
1156 2147 1392 2182 μαρτυρήσουσιν,
1417 2147 1514 2179 οἵτινες
1545 2147 1654 2184 Μίθραν
1694 2149 1750 2184 μὲν
1783 2149 1835 2176 τὸν

1024 2189 1099 2224 ἥλιον
1124 2190 1232 2225 λέγουσι
1244 2200 1250 2207 ·
1268 2191 1298 2218 τὸ
1322 2192 1486 2229 παρέκταμα
1501 2192 1530 2219 δὲ
1550 2193 1600 2228 τῆς
1616 2194 1736 2229 ἡμέρας
1754 2194 1835 2221 ὲκεί-

188 2225 288 2252 iionem
303 2225 369 2253 solis
381 2247 388 2259 ,
402 2227 572 2261 appositione
587 2227 696 2255 articuli
711 2228 772 2263 τήν,
790 2228 974 2256 subindicavit

1040 2244 1072 2271 ης
1087 2236 1130 2263 διὰ
1154 2237 1204 2272 τῆς
1226 2238 1337 2274 τελετῆς
1353 2225 1407 2265 τῶν
1425 2225 1603 2275 μνημοσύνων
1624 2225 1684 2266 τοῦ.
1706 2225 1836 2278 τριπλα-

185 2278 245 2298 cam
271 2271 338 2300 solis
356 2273 503 2299 motionem
521 2273 588 2300 nulli
604 2280 658 2300 non
673 2281 734 2301 esse
760 2274 931 2309 perspicuam
946 2279 973 2302 et

184 2324 233 2351 per
256 2318 480 2346 consuetudinem
501 2325 603 2347 notam.
624 2318 741 2347 Proinde
757 2320 790 2346 ad
812 2321 885 2348 hunc
911 2328 970 2348 mo-

185 2364 250 2390 dum
266 2365 452 2398 expendamus
471 2365 538 2400 quid
564 2365 639 2392 Patri
662 2374 711 2402 per
733 2367 791 2394 haec
807 2368 891 2395 verba
913 2362 972 2395 dic-

185 2413 242 2436 tum
270 2410 316 2437 sit.
343 2409 535 2446 Supponamus
563 2413 647 2439 solem
673 2413 718 2440 illa
745 2413 803 2446 die,
831 2414 898 2441 hora
927 2415 969 2442 sui

184 2458 263 2483 ortus
283 2455 368 2484 fuisse
397 2458 522 2491 inprima
547 2463 622 2492 parte
641 2459 752 2487 Arietis.
780 2461 871 2496 Itaque
895 2461 968 2496 quod

184 2501 226 2528 sol
253 2501 311 2536 ipse
333 2501 360 2528 in
380 2501 452 2529 hanc
466 2503 582 2537 primam
602 2503 701 2532 Arietis
718 2510 822 2540 partem
846 2508 968 2539 redierit,

183 2547 237 2575 nisi
259 2547 384 2575 confecta
405 2548 497 2584 (quam
520 2551 753 2587 praeseripsimus)
772 2553 969 2588 quinquilormi

185 2591 316 2623 motione,
331 2599 412 2620 nemo
426 2593 556 2628 possibile
574 2594 673 2622 dixerit
689 2616 696 2627 ,
710 2604 758 2631 per
773 2597 831 2625 dies
845 2598 969 2626 videlicet

183 2641 321 2666 trecentos
351 2639 491 2674 sexaginta
515 2640 636 2676 quinque
656 2645 682 2668 et
701 2646 825 2677 quartam
851 2648 967 2679 partem.

184 2684 218 2710 At
241 2692 306 2712 vero
322 2685 348 2712 in
368 2685 444 2713 horis
461 2686 566 2718 decem,
595 2695 610 2714 a
634 2688 693 2716 loco
728 2689 755 2716 in
775 2698 830 2725 quo
853 2692 968 2728 contigit

1026 2281 1083 2308 σίου
1101 2283 1275 2318 σημαίνουσιν
1293 2284 1360 2320 (72).
1385 2285 1455 2312 Ἀλλ’
1475 2285 1545 2312 ἔστω
1566 2284 1664 2311 τοῦτο’
1685 2286 1716 2312 τί
1745 2288 1836 2323 φήσει

1025 2328 1088 2362 περὶ
1103 2328 1152 2363 τῆς
1169 2329 1238 2355 κατὰ
1254 2330 1299 2356 τὸν
1309 2331 1441 2366 σωτήριον
1459 2331 1573 2368 σταυρὸν
1581 2331 1754 2366 ἐκλείψεως,
1775 2334 1836 2369 ἀμ-

1025 2374 1132 2409 φότεροι
1148 2374 1202 2412 γὰρ
1218 2376 1308 2410 ἡμεῖς,
1328 2375 1382 2410 ἐγώ
1397 2385 1427 2403 τε
1445 2377 1490 2404 καὶ
1505 2377 1597 2409 αὐτὸς,
1609 2378 1686 2405 κατὰ
1705 2379 1762 2415 τὴν
1780 2381 1838 2415 τῆς

1023 2419 1160 2453 Αἰγύπτου
1184 2421 1351 2448 Ἡλιούπολιν
1374 2423 1523 2459 παρόντες,
1543 2423 1613 2459 (ἔθος
1629 2424 1691 2462 γὰρ
1709 2424 1749 2462 ἦν
1767 2428 1837 2454 τότε

1022 2467 1079 2497 τοῖς
1103 2467 1271 2502 ὁπουδήποτε
1288 2468 1426 2504 Ἕλλησιν,
1446 2469 1593 2505 ἀποδημεῖν
1609 2471 1651 2502 είς
1678 2471 1838 2506 Αἴγυπτον

1025 2511 1168 2547 μαθήσεως
1183 2513 1265 2540 ἕνεκα
1275 2522 1281 2529 ι
1293 2514 1301 2549 )
1314 2515 1498 2550 καθεωρῶμεν
1513 2515 1562 2551 τὴν
1577 2516 1718 2553 τοιαύτην
1738 2519 1838 2547 ἔκλει-

1019 2557 1075 2592 ψιν,
1093 2559 1138 2584 καὶ
1154 2559 1227 2591 ὅπως
1243 2560 1304 2595 ξένη
1322 2561 1368 2587 καὶ
1385 2561 1460 2598 παρὰ
1482 2561 1560 2596 λόγον
1583 2562 1702 2596 ἐγένετο
1714 2584 1723 2596 ,
1751 2566 1838 2592 ἐθαυ-

1021 2603 1142 2639 μάζομεν
1153 2613 1159 2619 ·
1178 2605 1248 2631 κατὰ
1264 2606 1407 2643 διάμετρον
1423 2606 1477 2642 γὰρ
1492 2607 1509 2641 ή
1527 2607 1622 2643 σελήνη
1634 2627 1642 2639 ,
1662 2617 1837 2648 τεσσαρεσ-

1019 2649 1197 2676 καιδεκαταία
1227 2649 1294 2677 οὖσα
1311 2671 1318 2684 ,
1343 2651 1389 2687 τῷ¹
1405 2652 1472 2687 ἡλίῳ
1493 2650 1543 2688 ἦν’
1571 2653 1630 2679 καθ’
1660 2654 1696 2681 ὃν
1725 2657 1838 2693 καιρὸν

1018 2694 1144 2721 οὐδέποτε
1169 2695 1310 2731 ωμὸαίνει
1327 2695 1402 2732 ἡλίου
1425 2697 1544 2732 ἔκλειψιν
1565 2698 1699 2732 γίνεσθαι
1713 2709 1722 2716 ⁵
1743 2703 1772 2729 εί
1793 2702 1837 2741 μὴ

733 2767 851 2795 VARIE
870 2767 1061 2798 LECTIONES
1079 2771 1123 2798 ET
1143 2771 1260 2800 ΝΟΤΔΕ.

211 2841 233 2856 ⁸³
245 2840 385 2870 Eruditam
400 2843 448 2871 hac
461 2843 493 2872 de
508 2852 535 2872 re
545 2844 749 2880 disputationem
763 2847 795 2874 P.
811 2847 923 2876 Manilii
935 2849 1089 2878 Cotwreurii
1101 2853 1234 2880 societatis
1246 2851 1309 2879 lusu
1318 2849 1679 2886 lheologiinCommemariis
1689 2856 1770 2887 vide.
1780 2867 1832 2888 Et).
