  <div class='ocr_page' id='page_1' title='image "/cluster/home/n/w/nwhite01/storage/ocr_20150623/4/njp.32101010944526/238.png"; bbox 0 0 1923 3067; ppageno 0'>
   <div class='ocr_carea' id='block_1_1' title="bbox 125 155 175 184">
    <p class='ocr_par' dir='ltr' id='par_1_1' title="bbox 125 155 175 184">
     <span class='ocr_line' id='line_1_1' title="bbox 125 155 175 184; baseline -0.02 0"><span class='ocrx_word' id='word_1_1' title='bbox 125 155 175 184; x_wconf 69' lang='grc'><strong>461</strong></span> 
     </span>
    </p>
   </div>
   <div class='ocr_carea' id='block_1_2' title="bbox 497 150 917 182">
    <p class='ocr_par' dir='ltr' id='par_1_2' title="bbox 497 151 917 182">
     <span class='ocr_line' id='line_1_2' title="bbox 497 151 917 182; baseline -0.005 -1"><span class='ocrx_word' id='word_1_2' title='bbox 497 151 723 182; x_wconf 69' lang='lat' dir='ltr'><strong>PACHYMERIE</strong></span> <span class='ocrx_word' id='word_1_3' title='bbox 742 152 917 180; x_wconf 71' lang='lat' dir='ltr'><strong>PARAPHR:</strong></span> 
     </span>
    </p>
   </div>
   <div class='ocr_carea' id='block_1_3' title="bbox 968 150 1368 182">
    <p class='ocr_par' dir='ltr' id='par_1_3' title="bbox 971 150 1368 180">
     <span class='ocr_line' id='line_1_3' title="bbox 971 150 1368 180; baseline -0.003 0"><span class='ocrx_word' id='word_1_4' title='bbox 971 152 989 180; x_wconf 90' lang='lat' dir='ltr'>S</span> <span class='ocrx_word' id='word_1_5' title='bbox 1007 151 1040 179; x_wconf 85' lang='grc' dir='ltr'>ΙΝ</span> <span class='ocrx_word' id='word_1_6' title='bbox 1061 151 1135 179; x_wconf 84' lang='grc' dir='ltr'><strong>ΕΡΡ.</strong></span> <span class='ocrx_word' id='word_1_7' title='bbox 1155 152 1184 180; x_wconf 88' lang='lat' dir='ltr'><strong>S.</strong></span> <span class='ocrx_word' id='word_1_8' title='bbox 1205 150 1368 179; x_wconf 80' lang='lat' dir='ltr'><strong>DlGNYSll.</strong></span> 
     </span>
    </p>
   </div>
   <div class='ocr_carea' id='block_1_4' title="bbox 1707 151 1760 179">
    <p class='ocr_par' dir='ltr' id='par_1_4' title="bbox 1707 151 1760 179">
     <span class='ocr_line' id='line_1_4' title="bbox 1707 151 1760 179; baseline 0 0"><span class='ocrx_word' id='word_1_9' title='bbox 1707 151 1760 179; x_wconf 65' lang='lat'><strong>462</strong></span> 
     </span>
    </p>
   </div>
   <div class='ocr_carea' id='block_1_5' title="bbox 125 209 917 250">
    <p class='ocr_par' dir='ltr' id='par_1_5' title="bbox 125 210 915 250">
     <span class='ocr_line' id='line_1_5' title="bbox 125 210 915 250; baseline -0.005 -10"><span class='ocrx_word' id='word_1_10' title='bbox 125 217 179 250; x_wconf 65' lang='grc' dir='ltr'><strong>γὰρ</strong></span> <span class='ocrx_word' id='word_1_11' title='bbox 196 211 369 248; x_wconf 76' lang='grc' dir='ltr'><strong>παρεμπέσοι</strong></span> <span class='ocrx_word' id='word_1_12' title='bbox 385 212 401 247; x_wconf 92' lang='grc' dir='ltr'><strong>ἡ</strong></span> <span class='ocrx_word' id='word_1_13' title='bbox 420 210 529 246; x_wconf 84' lang='grc' dir='ltr'><strong>σελήνη,</strong></span> <span class='ocrx_word' id='word_1_14' title='bbox 539 211 586 237; x_wconf 73' lang='grc' dir='ltr'>καὶ</span> <span class='ocrx_word' id='word_1_15' title='bbox 601 210 753 246; x_wconf 83' lang='grc' dir='ltr'>ὑποδράμοι</span> <span class='ocrx_word' id='word_1_16' title='bbox 769 210 815 236; x_wconf 75' lang='grc' dir='ltr'><strong>τὸν</strong></span> <span class='ocrx_word' id='word_1_17' title='bbox 830 210 915 245; x_wconf 81' lang='grc' dir='ltr'>ἥλιον,</span> 
     </span>
    </p>
   </div>
   <div class='ocr_carea' id='block_1_6' title="bbox 968 209 1759 250">
    <p class='ocr_par' dir='ltr' id='par_1_6' title="bbox 971 209 1759 246">
     <span class='ocr_line' id='line_1_6' title="bbox 971 209 1759 246; baseline 0.001 -11"><span class='ocrx_word' id='word_1_18' title='bbox 971 209 1029 235; x_wconf 84' lang='lat' dir='ltr'><strong>ﬁeri</strong></span> <span class='ocrx_word' id='word_1_19' title='bbox 1046 209 1232 244; x_wconf 78' lang='lat' dir='ltr'><strong>prodigiosum</strong></span> <span class='ocrx_word' id='word_1_20' title='bbox 1253 209 1322 237; x_wconf 87' lang='lat' dir='ltr'><strong>illud</strong></span> <span class='ocrx_word' id='word_1_21' title='bbox 1335 210 1455 246; x_wconf 83' lang='lat' dir='ltr'><strong>signum,</strong></span> <span class='ocrx_word' id='word_1_22' title='bbox 1478 210 1568 238; x_wconf 87' lang='lat' dir='ltr'><strong>denuo</strong></span> <span class='ocrx_word' id='word_1_23' title='bbox 1583 210 1616 237; x_wconf 89' lang='lat' dir='ltr'><strong>ad</strong></span> <span class='ocrx_word' id='word_1_24' title='bbox 1642 210 1759 245; x_wconf 88' lang='lat' dir='ltr'><strong>primam</strong></span> 
     </span>
    </p>
   </div>
   <div class='ocr_carea' id='block_1_7' title="bbox 124 255 917 294">
    <p class='ocr_par' dir='ltr' id='par_1_7' title="bbox 124 255 917 294">
     <span class='ocr_line' id='line_1_7' title="bbox 124 255 917 294; baseline -0.005 -8"><span class='ocrx_word' id='word_1_25' title='bbox 124 259 155 286; x_wconf 79' lang='grc' dir='ltr'>οὺ</span> <span class='ocrx_word' id='word_1_26' title='bbox 183 258 219 294; x_wconf 86' lang='grc' dir='ltr'><strong>μὴ</strong></span> <span class='ocrx_word' id='word_1_27' title='bbox 243 259 386 293; x_wconf 81' lang='grc' dir='ltr'>γενήσεται</span> <span class='ocrx_word' id='word_1_28' title='bbox 409 259 425 292; x_wconf 86' lang='grc' dir='ltr'><strong>ἡ</strong></span> <span class='ocrx_word' id='word_1_29' title='bbox 451 257 499 284; x_wconf 81' lang='grc' dir='ltr'>τοῦ</span> <span class='ocrx_word' id='word_1_30' title='bbox 522 257 596 292; x_wconf 85' lang='grc' dir='ltr'>ἡλίου</span> <span class='ocrx_word' id='word_1_31' title='bbox 612 255 744 291; x_wconf 79' lang='grc' dir='ltr'>ἔκλειψις.</span> <span class='ocrx_word' id='word_1_32' title='bbox 762 256 828 283; x_wconf 85' lang='grc' dir='ltr'>Τότε</span> <span class='ocrx_word' id='word_1_33' title='bbox 851 255 917 290; x_wconf 74' lang='grc' dir='ltr'>γοῦν</span> 
     </span>
    </p>
   </div>
   <div class='ocr_carea' id='block_1_8' title="bbox 123 302 933 341">
    <p class='ocr_par' dir='ltr' id='par_1_8' title="bbox 123 302 933 341">
     <span class='ocr_line' id='line_1_8' title="bbox 123 302 933 341; baseline -0.004 -10"><span class='ocrx_word' id='word_1_34' title='bbox 123 305 174 332; x_wconf 84' lang='grc' dir='ltr'><strong>οὐκ</strong></span> <span class='ocrx_word' id='word_1_35' title='bbox 189 302 223 341; x_wconf 85' lang='grc' dir='ltr'>ἦν</span> <span class='ocrx_word' id='word_1_36' title='bbox 242 304 350 330; x_wconf 83' lang='grc' dir='ltr'><strong>συνόδου</strong></span> <span class='ocrx_word' id='word_1_37' title='bbox 368 303 462 339; x_wconf 81' lang='grc' dir='ltr'>καιρός</span> <span class='ocrx_word' id='word_1_38' title='bbox 474 311 481 317; x_wconf 85' lang='grc'><strong>·</strong></span> <span class='ocrx_word' id='word_1_39' title='bbox 514 303 562 330; x_wconf 77' lang='grc' dir='ltr'><strong>καὶ</strong></span> <span class='ocrx_word' id='word_1_40' title='bbox 577 302 608 329; x_wconf 81' lang='grc' dir='ltr'>τὸ</span> <span class='ocrx_word' id='word_1_41' title='bbox 623 303 789 338; x_wconf 85' lang='grc' dir='ltr'>θαυμάσιον,</span> <span class='ocrx_word' id='word_1_42' title='bbox 806 303 847 329; x_wconf 87' lang='grc' dir='ltr'>ὄτι</span> <span class='ocrx_word' id='word_1_43' title='bbox 870 302 917 328; x_wconf 81' lang='grc' dir='ltr'><strong>καὶ</strong></span> <span class='ocrx_word' id='word_1_44' title='bbox 931 313 933 316; x_wconf 66' lang='grc' dir='ltr'><strong>ι</strong></span> 
     </span>
    </p>
   </div>
   <div class='ocr_carea' id='block_1_9' title="bbox 125 348 918 386">
    <p class='ocr_par' dir='ltr' id='par_1_9' title="bbox 125 348 918 386">
     <span class='ocr_line' id='line_1_9' title="bbox 125 348 918 386; baseline -0.005 -8"><span class='ocrx_word' id='word_1_45' title='bbox 125 351 246 386; x_wconf 72' lang='grc' dir='ltr'>ἔκλειψις</span> <span class='ocrx_word' id='word_1_46' title='bbox 269 350 378 384; x_wconf 81' lang='grc' dir='ltr'>ἐγένετο</span> <span class='ocrx_word' id='word_1_47' title='bbox 410 350 464 376; x_wconf 83' lang='grc' dir='ltr'>ἀπὸ</span> <span class='ocrx_word' id='word_1_48' title='bbox 494 349 570 385; x_wconf 83' lang='grc' dir='ltr'>ὥρας</span> <span class='ocrx_word' id='word_1_49' title='bbox 602 348 629 382; x_wconf 82' lang='grc' dir='ltr'>ς’</span> <span class='ocrx_word' id='word_1_50' title='bbox 658 349 711 380; x_wconf 69' lang='grc' dir='ltr'><strong>ἕως</strong></span> <span class='ocrx_word' id='word_1_51' title='bbox 745 348 819 386; x_wconf 83' lang='grc' dir='ltr'>ὥρας</span> <span class='ocrx_word' id='word_1_52' title='bbox 845 348 918 375; x_wconf 83' lang='grc' dir='ltr'>ὲννά-</span> 
     </span>
    </p>
   </div>
   <div class='ocr_carea' id='block_1_10' title="bbox 124 395 916 433">
    <p class='ocr_par' dir='ltr' id='par_1_10' title="bbox 124 395 916 433">
     <span class='ocr_line' id='line_1_10' title="bbox 124 395 916 433; baseline -0.003 -10"><span class='ocrx_word' id='word_1_53' title='bbox 124 405 192 433; x_wconf 69' lang='grc' dir='ltr'>της*</span> <span class='ocrx_word' id='word_1_54' title='bbox 218 398 265 423; x_wconf 74' lang='grc' dir='ltr'>καὶ</span> <span class='ocrx_word' id='word_1_55' title='bbox 297 397 343 422; x_wconf 82' lang='grc' dir='ltr'>ἀπ’</span> <span class='ocrx_word' id='word_1_56' title='bbox 361 396 476 432; x_wconf 80' lang='grc' dir='ltr'>ἐννάτης</span> <span class='ocrx_word' id='word_1_57' title='bbox 499 396 573 432; x_wconf 84' lang='grc' dir='ltr'>ὥρας</span> <span class='ocrx_word' id='word_1_58' title='bbox 603 395 655 427; x_wconf 75' lang='grc' dir='ltr'><strong>ἕως</strong></span> <span class='ocrx_word' id='word_1_59' title='bbox 691 395 810 431; x_wconf 77' lang='grc' dir='ltr'><strong>ἑσπέρας</strong></span> <span class='ocrx_word' id='word_1_60' title='bbox 836 395 916 421; x_wconf 77' lang='grc' dir='ltr'>πάλιν</span> 
     </span>
    </p>
   </div>
   <div class='ocr_carea' id='block_1_11' title="bbox 125 441 916 479">
    <p class='ocr_par' dir='ltr' id='par_1_11' title="bbox 125 441 916 479">
     <span class='ocr_line' id='line_1_11' title="bbox 125 441 916 479; baseline -0.004 -9"><span class='ocrx_word' id='word_1_61' title='bbox 125 443 197 471; x_wconf 81' lang='grc' dir='ltr'><strong>κατὰ</strong></span> <span class='ocrx_word' id='word_1_62' title='bbox 220 443 364 479; x_wconf 83' lang='grc' dir='ltr'>διάμετρον</span> <span class='ocrx_word' id='word_1_63' title='bbox 386 442 425 478; x_wconf 83' lang='grc' dir='ltr'>τῷ</span> <span class='ocrx_word' id='word_1_64' title='bbox 449 442 548 477; x_wconf 89' lang='grc' dir='ltr'>ἡλίῳὴ</span> <span class='ocrx_word' id='word_1_65' title='bbox 574 441 672 477; x_wconf 81' lang='grc' dir='ltr'><strong>σελήνη</strong></span> <span class='ocrx_word' id='word_1_66' title='bbox 689 441 806 475; x_wconf 76' lang='grc' dir='ltr'>ἐγένετο.</span> <span class='ocrx_word' id='word_1_67' title='bbox 839 441 916 468; x_wconf 81' lang='grc' dir='ltr'><strong>Ἀνά-</strong></span> 
     </span>
    </p>
   </div>
   <div class='ocr_carea' id='block_1_12' title="bbox 127 487 918 524">
    <p class='ocr_par' dir='ltr' id='par_1_12' title="bbox 127 487 918 524">
     <span class='ocr_line' id='line_1_12' title="bbox 127 487 918 524; baseline -0.005 -8"><span class='ocrx_word' id='word_1_68' title='bbox 127 497 228 524; x_wconf 87' lang='grc' dir='ltr'>μνησον</span> <span class='ocrx_word' id='word_1_69' title='bbox 244 488 271 515; x_wconf 85' lang='grc' dir='ltr'>δὲ</span> <span class='ocrx_word' id='word_1_70' title='bbox 287 487 334 515; x_wconf 78' lang='grc' dir='ltr'>καὶ</span> <span class='ocrx_word' id='word_1_71' title='bbox 350 487 441 524; x_wconf 77' lang='grc' dir='ltr'>ἕτερον</span> <span class='ocrx_word' id='word_1_72' title='bbox 459 487 539 513; x_wconf 80' lang='grc' dir='ltr'>αὐτὸν</span> <span class='ocrx_word' id='word_1_73' title='bbox 555 488 615 518; x_wconf 82' lang='grc' dir='ltr'>ταῖς</span> <span class='ocrx_word' id='word_1_74' title='bbox 629 487 838 522; x_wconf 84' lang='grc' dir='ltr'>ἀστρονομικαῖς</span> <span class='ocrx_word' id='word_1_75' title='bbox 853 487 918 513; x_wconf 84' lang='grc' dir='ltr'>ἀκό-</span> 
     </span>
    </p>
   </div>
   <div class='ocr_carea' id='block_1_13' title="bbox 126 533 916 572">
    <p class='ocr_par' dir='ltr' id='par_1_13' title="bbox 126 533 916 572">
     <span class='ocr_line' id='line_1_13' title="bbox 126 533 916 572; baseline -0.003 -10"><span class='ocrx_word' id='word_1_76' title='bbox 126 536 235 563; x_wconf 75' lang='grc' dir='ltr'><strong>λουῦον⁸</strong></span> <span class='ocrx_word' id='word_1_77' title='bbox 254 536 282 562; x_wconf 81' lang='grc' dir='ltr'>ὲν</span> <span class='ocrx_word' id='word_1_78' title='bbox 305 534 360 572; x_wconf 75' lang='grc' dir='ltr'><strong>γὰρ</strong></span> <span class='ocrx_word' id='word_1_79' title='bbox 384 536 417 570; x_wconf 82' lang='grc' dir='ltr'>τῇ</span> <span class='ocrx_word' id='word_1_80' title='bbox 434 534 506 561; x_wconf 83' lang='grc' dir='ltr'><strong>κατά</strong></span> <span class='ocrx_word' id='word_1_81' title='bbox 529 534 604 566; x_wconf 81' lang='grc' dir='ltr'><strong>τάξιν</strong></span> <span class='ocrx_word' id='word_1_82' title='bbox 621 533 740 568; x_wconf 75' lang='grc' dir='ltr'><strong>ἐκλείψει</strong></span> <span class='ocrx_word' id='word_1_83' title='bbox 765 533 812 560; x_wconf 80' lang='grc' dir='ltr'>τοῦ</span> <span class='ocrx_word' id='word_1_84' title='bbox 829 533 916 570; x_wconf 88' lang='grc' dir='ltr'>ἡλίου,</span> 
     </span>
    </p>
   </div>
   <div class='ocr_carea' id='block_1_14' title="bbox 126 578 918 615">
    <p class='ocr_par' dir='ltr' id='par_1_14' title="bbox 126 578 918 615">
     <span class='ocr_line' id='line_1_14' title="bbox 126 578 918 615; baseline -0.004 -8"><span class='ocrx_word' id='word_1_85' title='bbox 126 583 159 607; x_wconf 82' lang='grc' dir='ltr'>ὲκ</span> <span class='ocrx_word' id='word_1_86' title='bbox 174 581 221 607; x_wconf 76' lang='grc' dir='ltr'>τοῦ</span> <span class='ocrx_word' id='word_1_87' title='bbox 238 580 319 607; x_wconf 74' lang='grc' dir='ltr'>αὑτοῦ</span> <span class='ocrx_word' id='word_1_88' title='bbox 339 580 437 615; x_wconf 78' lang='grc' dir='ltr'><strong>μέρους</strong></span> <span class='ocrx_word' id='word_1_89' title='bbox 452 579 499 606; x_wconf 86' lang='grc' dir='ltr'>τοῦ</span> <span class='ocrx_word' id='word_1_90' title='bbox 516 579 628 614; x_wconf 79' lang='grc' dir='ltr'><strong>ἡλιακοῦ</strong></span> <span class='ocrx_word' id='word_1_91' title='bbox 644 578 735 605; x_wconf 84' lang='grc' dir='ltr'>δίσκου</span> <span class='ocrx_word' id='word_1_92' title='bbox 745 578 853 613; x_wconf 80' lang='grc' dir='ltr'><strong>ἀνάγκη</strong></span> <span class='ocrx_word' id='word_1_93' title='bbox 870 579 918 605; x_wconf 79' lang='grc' dir='ltr'><strong>καὶ</strong></span> 
     </span>
    </p>
   </div>
   <div class='ocr_carea' id='block_1_15' title="bbox 126 624 916 662">
    <p class='ocr_par' dir='ltr' id='par_1_15' title="bbox 126 624 916 662">
     <span class='ocr_line' id='line_1_15' title="bbox 126 624 916 662; baseline -0.003 -10"><span class='ocrx_word' id='word_1_94' title='bbox 126 626 175 662; x_wconf 85' lang='grc' dir='ltr'>τὴν</span> <span class='ocrx_word' id='word_1_95' title='bbox 192 626 340 661; x_wconf 72' lang='grc' dir='ltr'>ἔμπτωσιν,</span> <span class='ocrx_word' id='word_1_96' title='bbox 351 625 472 660; x_wconf 73' lang='grc' dir='ltr'>δηλονότι</span> <span class='ocrx_word' id='word_1_97' title='bbox 487 624 537 660; x_wconf 81' lang='grc' dir='ltr'>τὴν</span> <span class='ocrx_word' id='word_1_98' title='bbox 555 625 696 656; x_wconf 79' lang='grc' dir='ltr'>σκότωσιν,</span> <span class='ocrx_word' id='word_1_99' title='bbox 709 624 756 650; x_wconf 83' lang='grc' dir='ltr'><strong>καὶ</strong></span> <span class='ocrx_word' id='word_1_100' title='bbox 771 624 851 650; x_wconf 80' lang='grc' dir='ltr'>πάλιν</span> <span class='ocrx_word' id='word_1_101' title='bbox 867 624 916 660; x_wconf 77' lang='grc' dir='ltr'><strong>τὴν</strong></span> 
     </span>
    </p>
   </div>
   <div class='ocr_carea' id='block_1_16' title="bbox 127 670 916 708">
    <p class='ocr_par' dir='ltr' id='par_1_16' title="bbox 127 670 916 708">
     <span class='ocr_line' id='line_1_16' title="bbox 127 670 916 708; baseline -0.001 -10"><span class='ocrx_word' id='word_1_102' title='bbox 127 672 321 708; x_wconf 75' lang='grc' dir='ltr'><strong>ἀνακάθαρσιν,</strong></span> <span class='ocrx_word' id='word_1_103' title='bbox 331 671 452 707; x_wconf 84' lang='grc' dir='ltr'>δηλονότι</span> <span class='ocrx_word' id='word_1_104' title='bbox 468 671 518 707; x_wconf 81' lang='grc' dir='ltr'><strong>τὴν</strong></span> <span class='ocrx_word' id='word_1_105' title='bbox 531 671 639 705; x_wconf 71' lang='grc' dir='ltr'>φαῦσιν,</span> <span class='ocrx_word' id='word_1_106' title='bbox 655 671 785 705; x_wconf 82' lang='grc' dir='ltr'>γίνεσθαι·</span> <span class='ocrx_word' id='word_1_107' title='bbox 798 670 845 697; x_wconf 82' lang='grc' dir='ltr'>τοῦ</span> <span class='ocrx_word' id='word_1_108' title='bbox 861 670 916 707; x_wconf 86' lang='grc' dir='ltr'><strong>γὰρ</strong></span> 
     </span>
    </p>
   </div>
   <div class='ocr_carea' id='block_1_17' title="bbox 125 716 917 755">
    <p class='ocr_par' dir='ltr' id='par_1_17' title="bbox 125 716 917 755">
     <span class='ocr_line' id='line_1_17' title="bbox 125 716 917 755; baseline -0.001 -11"><span class='ocrx_word' id='word_1_109' title='bbox 125 719 202 754; x_wconf 82' lang='grc' dir='ltr'>ἡλίου</span> <span class='ocrx_word' id='word_1_110' title='bbox 219 719 274 745; x_wconf 82' lang='grc' dir='ltr'><strong>ἄνω</strong></span> <span class='ocrx_word' id='word_1_111' title='bbox 285 718 457 755; x_wconf 83' lang='grc' dir='ltr'>διερχομένου</span> <span class='ocrx_word' id='word_1_112' title='bbox 473 717 543 745; x_wconf 81' lang='grc' dir='ltr'>κατὰ</span> <span class='ocrx_word' id='word_1_113' title='bbox 563 717 610 744; x_wconf 80' lang='grc' dir='ltr'><strong>τὸν</strong></span> <span class='ocrx_word' id='word_1_114' title='bbox 624 719 721 744; x_wconf 80' lang='grc' dir='ltr'>οἰκεῖον</span> <span class='ocrx_word' id='word_1_115' title='bbox 742 716 850 748; x_wconf 84' lang='grc' dir='ltr'>κύκλον,</span> <span class='ocrx_word' id='word_1_116' title='bbox 870 717 917 743; x_wconf 80' lang='grc' dir='ltr'><strong>καὶ</strong></span> 
     </span>
    </p>
   </div>
   <div class='ocr_carea' id='block_1_18' title="bbox 126 762 916 800">
    <p class='ocr_par' dir='ltr' id='par_1_18' title="bbox 126 762 916 800">
     <span class='ocr_line' id='line_1_18' title="bbox 126 762 916 800; baseline -0.001 -9"><span class='ocrx_word' id='word_1_117' title='bbox 126 765 177 799; x_wconf 78' lang='grc' dir='ltr'>τῆς</span> <span class='ocrx_word' id='word_1_118' title='bbox 209 765 323 799; x_wconf 79' lang='grc' dir='ltr'><strong>σελήνης</strong></span> <span class='ocrx_word' id='word_1_119' title='bbox 351 764 518 800; x_wconf 81' lang='grc' dir='ltr'>ὑποοεούσης</span> <span class='ocrx_word' id='word_1_120' title='bbox 546 763 616 790; x_wconf 85' lang='grc' dir='ltr'><strong>κατά</strong></span> <span class='ocrx_word' id='word_1_121' title='bbox 644 763 689 790; x_wconf 81' lang='grc' dir='ltr'><strong>τὸν</strong></span> <span class='ocrx_word' id='word_1_122' title='bbox 710 762 788 795; x_wconf 86' lang='grc' dir='ltr'>ἳδιον,</span> <span class='ocrx_word' id='word_1_123' title='bbox 810 763 916 799; x_wconf 83' lang='grc' dir='ltr'><strong>ἀνάγκη</strong></span> 
     </span>
    </p>
   </div>
   <div class='ocr_carea' id='block_1_19' title="bbox 127 808 916 845">
    <p class='ocr_par' dir='ltr' id='par_1_19' title="bbox 127 808 916 845">
     <span class='ocr_line' id='line_1_19' title="bbox 127 808 916 845; baseline 0 -10"><span class='ocrx_word' id='word_1_124' title='bbox 127 809 328 845; x_wconf 78' lang='grc' dir='ltr'>προλαμῦάνειν</span> <span class='ocrx_word' id='word_1_125' title='bbox 344 808 392 844; x_wconf 84' lang='grc' dir='ltr'><strong>τὴν</strong></span> <span class='ocrx_word' id='word_1_126' title='bbox 410 808 580 844; x_wconf 83' lang='grc' dir='ltr'>σελήνην,ὡς</span> <span class='ocrx_word' id='word_1_127' title='bbox 606 808 735 835; x_wconf 79' lang='grc' dir='ltr'>ἐλάττονα</span> <span class='ocrx_word' id='word_1_128' title='bbox 761 808 831 835; x_wconf 81' lang='grc' dir='ltr'>κατὰ</span> <span class='ocrx_word' id='word_1_129' title='bbox 848 808 916 835; x_wconf 88' lang='grc' dir='ltr'>πολὺ</span> 
     </span>
    </p>
   </div>
   <div class='ocr_carea' id='block_1_20' title="bbox 127 853 915 890">
    <p class='ocr_par' dir='ltr' id='par_1_20' title="bbox 127 853 915 890">
     <span class='ocr_line' id='line_1_20' title="bbox 127 853 915 890; baseline -0.001 -10"><span class='ocrx_word' id='word_1_130' title='bbox 127 854 302 890; x_wconf 76' lang='grc' dir='ltr'>διερχομένην</span> <span class='ocrx_word' id='word_1_131' title='bbox 329 853 443 880; x_wconf 85' lang='grc' dir='ltr'>κύκλον·</span> <span class='ocrx_word' id='word_1_132' title='bbox 461 853 564 885; x_wconf 81' lang='grc' dir='ltr'>λοιπὸν,</span> <span class='ocrx_word' id='word_1_133' title='bbox 597 855 620 879; x_wconf 82' lang='grc' dir='ltr'>εξ</span> <span class='ocrx_word' id='word_1_134' title='bbox 653 854 699 880; x_wconf 76' lang='grc' dir='ltr'><strong>καὶ</strong></span> <span class='ocrx_word' id='word_1_135' title='bbox 725 853 875 889; x_wconf 82' lang='grc' dir='ltr'>ἀμφότεροι</span> <span class='ocrx_word' id='word_1_136' title='bbox 891 854 915 879; x_wconf 86' lang='grc' dir='ltr'>οἱ</span> 
     </span>
    </p>
   </div>
   <div class='ocr_carea' id='block_1_21' title="bbox 969 256 1759 292">
    <p class='ocr_par' dir='ltr' id='par_1_21' title="bbox 969 256 1759 292">
     <span class='ocr_line' id='line_1_21' title="bbox 969 256 1759 292; baseline 0 -10"><span class='ocrx_word' id='word_1_137' title='bbox 969 263 1055 290; x_wconf 88' lang='lat' dir='ltr'><strong>usque</strong></span> <span class='ocrx_word' id='word_1_138' title='bbox 1076 259 1180 290; x_wconf 87' lang='lat' dir='ltr'><strong>partem</strong></span> <span class='ocrx_word' id='word_1_139' title='bbox 1199 256 1300 284; x_wconf 78' lang='lat' dir='ltr'><strong>Arietis</strong></span> <span class='ocrx_word' id='word_1_140' title='bbox 1325 258 1351 284; x_wconf 82' lang='lat' dir='ltr'><strong>in</strong></span> <span class='ocrx_word' id='word_1_141' title='bbox 1372 257 1497 289; x_wconf 90' lang='lat' dir='ltr'><strong>oriente,</strong></span> <span class='ocrx_word' id='word_1_142' title='bbox 1520 257 1638 292; x_wconf 87' lang='lat' dir='ltr'><strong>pristino</strong></span> <span class='ocrx_word' id='word_1_143' title='bbox 1661 256 1759 291; x_wconf 75' lang='lat' dir='ltr'><strong>gradui</strong></span> 
     </span>
    </p>
   </div>
   <div class='ocr_carea' id='block_1_22' title="bbox 968 302 1756 337">
    <p class='ocr_par' dir='ltr' id='par_1_22' title="bbox 968 302 1756 337">
     <span class='ocr_line' id='line_1_22' title="bbox 968 302 1756 337; baseline 0 -9"><span class='ocrx_word' id='word_1_144' title='bbox 968 310 997 328; x_wconf 82' lang='lat' dir='ltr'><strong>se</strong></span> <span class='ocrx_word' id='word_1_145' title='bbox 1017 302 1057 328; x_wconf 87' lang='lat' dir='ltr'><strong>sol</strong></span> <span class='ocrx_word' id='word_1_146' title='bbox 1076 302 1103 328; x_wconf 91' lang='lat' dir='ltr'><strong>in</strong></span> <span class='ocrx_word' id='word_1_147' title='bbox 1132 302 1250 330; x_wconf 86' lang='lat' dir='ltr'><strong>solidum</strong></span> <span class='ocrx_word' id='word_1_148' title='bbox 1274 303 1406 331; x_wconf 83' lang='lat' dir='ltr'><strong>restituit.</strong></span> <span class='ocrx_word' id='word_1_149' title='bbox 1425 302 1582 330; x_wconf 88' lang='lat' dir='ltr'><strong>Secundum</strong></span> <span class='ocrx_word' id='word_1_150' title='bbox 1599 303 1669 329; x_wconf 87' lang='lat' dir='ltr'><strong>hanc</strong></span> <span class='ocrx_word' id='word_1_151' title='bbox 1694 309 1756 337; x_wconf 57' lang='lat' dir='ltr'><strong>sup.</strong></span> 
     </span>
    </p>
   </div>
   <div class='ocr_carea' id='block_1_23' title="bbox 968 348 1757 384">
    <p class='ocr_par' dir='ltr' id='par_1_23' title="bbox 968 348 1757 384">
     <span class='ocr_line' id='line_1_23' title="bbox 968 348 1757 384; baseline 0 -10"><span class='ocrx_word' id='word_1_152' title='bbox 968 349 1262 383; x_wconf 87' lang='lat' dir='ltr'><strong>positionem,quando</strong></span> <span class='ocrx_word' id='word_1_153' title='bbox 1270 349 1385 383; x_wconf 84' lang='lat' dir='ltr'><strong>primam</strong></span> <span class='ocrx_word' id='word_1_154' title='bbox 1400 349 1473 376; x_wconf 83' lang='lat' dir='ltr'><strong>illam</strong></span> <span class='ocrx_word' id='word_1_155' title='bbox 1491 349 1562 384; x_wconf 79' lang='lat' dir='ltr'><strong>signi</strong></span> <span class='ocrx_word' id='word_1_156' title='bbox 1578 348 1680 376; x_wconf 84' lang='lat' dir='ltr'><strong>Arietis</strong></span> <span class='ocrx_word' id='word_1_157' title='bbox 1694 356 1757 383; x_wconf 89' lang='lat' dir='ltr'><strong>par-</strong></span> 
     </span>
    </p>
   </div>
   <div class='ocr_carea' id='block_1_24' title="bbox 969 392 1758 429">
    <p class='ocr_par' dir='ltr' id='par_1_24' title="bbox 969 392 1758 429">
     <span class='ocr_line' id='line_1_24' title="bbox 969 392 1758 429; baseline 0 -10"><span class='ocrx_word' id='word_1_158' title='bbox 969 397 1022 420; x_wconf 85' lang='lat' dir='ltr'><strong>tem</strong></span> <span class='ocrx_word' id='word_1_159' title='bbox 1044 392 1117 419; x_wconf 95' lang='lat' dir='ltr'><strong>haud</strong></span> <span class='ocrx_word' id='word_1_160' title='bbox 1138 400 1219 420; x_wconf 81' lang='lat' dir='ltr'><strong>secus</strong></span> <span class='ocrx_word' id='word_1_161' title='bbox 1237 397 1344 428; x_wconf 88' lang='lat' dir='ltr'><strong>poterat</strong></span> <span class='ocrx_word' id='word_1_162' title='bbox 1365 394 1405 421; x_wconf 90' lang='lat' dir='ltr'><strong>sol</strong></span> <span class='ocrx_word' id='word_1_163' title='bbox 1426 401 1523 421; x_wconf 87' lang='lat' dir='ltr'><strong>rursus</strong></span> <span class='ocrx_word' id='word_1_164' title='bbox 1544 394 1687 429; x_wconf 79' lang='lat' dir='ltr'><strong>attingere,</strong></span> <span class='ocrx_word' id='word_1_165' title='bbox 1705 393 1758 419; x_wconf 89' lang='lat' dir='ltr'><strong>msi</strong></span> 
     </span>
    </p>
   </div>
   <div class='ocr_carea' id='block_1_25' title="bbox 969 440 1758 476">
    <p class='ocr_par' dir='ltr' id='par_1_25' title="bbox 969 440 1758 476">
     <span class='ocr_line' id='line_1_25' title="bbox 969 440 1758 476; baseline 0.003 -10"><span class='ocrx_word' id='word_1_166' title='bbox 969 440 1096 467; x_wconf 81' lang='lat' dir='ltr'><strong>absoluto</strong></span> <span class='ocrx_word' id='word_1_167' title='bbox 1112 440 1181 474; x_wconf 84' lang='lat' dir='ltr'><strong>justi</strong></span> <span class='ocrx_word' id='word_1_168' title='bbox 1196 441 1229 468; x_wconf 91' lang='lat' dir='ltr'><strong>ad</strong></span> <span class='ocrx_word' id='word_1_169' title='bbox 1243 441 1270 468; x_wconf 91' lang='lat' dir='ltr'><strong>id</strong></span> <span class='ocrx_word' id='word_1_170' title='bbox 1289 442 1420 476; x_wconf 88' lang='lat' dir='ltr'><strong>temporis</strong></span> <span class='ocrx_word' id='word_1_171' title='bbox 1439 441 1609 474; x_wconf 86' lang='lat' dir='ltr'><strong>interstitio,</strong></span> <span class='ocrx_word' id='word_1_172' title='bbox 1627 448 1683 476; x_wconf 90' lang='lat' dir='ltr'><strong>quo</strong></span> <span class='ocrx_word' id='word_1_173' title='bbox 1701 445 1758 468; x_wconf 92' lang='lat' dir='ltr'><strong>toto</strong></span> 
     </span>
    </p>
   </div>
   <div class='ocr_carea' id='block_1_26' title="bbox 968 486 1757 522">
    <p class='ocr_par' dir='ltr' id='par_1_26' title="bbox 968 486 1757 522">
     <span class='ocr_line' id='line_1_26' title="bbox 968 486 1757 522; baseline 0.005 -11"><span class='ocrx_word' id='word_1_174' title='bbox 968 489 1090 520; x_wconf 86' lang='lat' dir='ltr'><strong>tempore</strong></span> <span class='ocrx_word' id='word_1_175' title='bbox 1102 486 1315 521; x_wconf 90' lang='lat' dir='ltr'><strong>quinquiformis</strong></span> <span class='ocrx_word' id='word_1_176' title='bbox 1330 487 1375 514; x_wconf 92' lang='lat' dir='ltr'><strong>ille</strong></span> <span class='ocrx_word' id='word_1_177' title='bbox 1390 487 1487 515; x_wconf 88' lang='lat' dir='ltr'><strong>solaris</strong></span> <span class='ocrx_word' id='word_1_178' title='bbox 1503 491 1594 515; x_wconf 92' lang='lat' dir='ltr'><strong>motus</strong></span> <span class='ocrx_word' id='word_1_179' title='bbox 1607 487 1757 522; x_wconf 83' lang='lat' dir='ltr'><strong>perﬁcitur,</strong></span> 
     </span>
    </p>
   </div>
   <div class='ocr_carea' id='block_1_27' title="bbox 968 531 1759 568">
    <p class='ocr_par' dir='ltr' id='par_1_27' title="bbox 968 531 1759 568">
     <span class='ocr_line' id='line_1_27' title="bbox 968 531 1759 568; baseline 0.003 -10"><span class='ocrx_word' id='word_1_180' title='bbox 968 531 1062 559; x_wconf 82' lang='lat' dir='ltr'><strong>decem</strong></span> <span class='ocrx_word' id='word_1_181' title='bbox 1090 532 1199 560; x_wconf 89' lang='lat' dir='ltr'><strong>interim</strong></span> <span class='ocrx_word' id='word_1_182' title='bbox 1226 537 1409 567; x_wconf 86' lang='lat' dir='ltr'><strong>supputantur</strong></span> <span class='ocrx_word' id='word_1_183' title='bbox 1441 533 1526 565; x_wconf 81' lang='lat' dir='ltr'><strong>horae,</strong></span> <span class='ocrx_word' id='word_1_184' title='bbox 1544 541 1597 561; x_wconf 93' lang='lat' dir='ltr'><strong>non</strong></span> <span class='ocrx_word' id='word_1_185' title='bbox 1622 534 1680 568; x_wconf 87' lang='lat' dir='ltr'><strong>jam</strong></span> <span class='ocrx_word' id='word_1_186' title='bbox 1706 534 1759 561; x_wconf 59' lang='lat' dir='ltr'><strong>illa:</strong></span> 
     </span>
    </p>
   </div>
   <div class='ocr_carea' id='block_1_28' title="bbox 969 576 1758 613">
    <p class='ocr_par' dir='ltr' id='par_1_28' title="bbox 969 576 1758 613">
     <span class='ocr_line' id='line_1_28' title="bbox 969 576 1758 613; baseline 0.005 -11"><span class='ocrx_word' id='word_1_187' title='bbox 969 576 1098 603; x_wconf 86' lang='lat' dir='ltr'><strong>nimirum</strong></span> <span class='ocrx_word' id='word_1_188' title='bbox 1123 578 1227 612; x_wconf 59' lang='lat' dir='ltr'><strong>primat,</strong></span> <span class='ocrx_word' id='word_1_189' title='bbox 1252 585 1313 612; x_wconf 74' lang='lat' dir='ltr'><strong>qua:</strong></span> <span class='ocrx_word' id='word_1_190' title='bbox 1327 578 1351 605; x_wconf 88' lang='lat' dir='ltr'><strong>ei</strong></span> <span class='ocrx_word' id='word_1_191' title='bbox 1380 578 1496 612; x_wconf 89' lang='lat' dir='ltr'><strong>tempori</strong></span> <span class='ocrx_word' id='word_1_192' title='bbox 1519 579 1656 606; x_wconf 66' lang='lat' dir='ltr'><strong>attributa</strong></span> <span class='ocrx_word' id='word_1_193' title='bbox 1682 585 1758 613; x_wconf 88' lang='lat' dir='ltr'><strong>sunt,</strong></span> 
     </span>
    </p>
   </div>
   <div class='ocr_carea' id='block_1_29' title="bbox 968 623 1759 659">
    <p class='ocr_par' dir='ltr' id='par_1_29' title="bbox 968 623 1759 659">
     <span class='ocr_line' id='line_1_29' title="bbox 968 623 1759 659; baseline 0.004 -10"><span class='ocrx_word' id='word_1_194' title='bbox 968 630 1023 657; x_wconf 91' lang='lat' dir='ltr'><strong>quo</strong></span> <span class='ocrx_word' id='word_1_195' title='bbox 1047 623 1088 651; x_wconf 90' lang='lat' dir='ltr'><strong>sol</strong></span> <span class='ocrx_word' id='word_1_196' title='bbox 1111 623 1144 650; x_wconf 88' lang='lat' dir='ltr'><strong>ab</strong></span> <span class='ocrx_word' id='word_1_197' title='bbox 1162 624 1267 651; x_wconf 84' lang='lat' dir='ltr'><strong>oriente</strong></span> <span class='ocrx_word' id='word_1_198' title='bbox 1290 624 1396 651; x_wconf 78' lang='lat' dir='ltr'><strong>excitus</strong></span> <span class='ocrx_word' id='word_1_199' title='bbox 1411 624 1446 650; x_wconf 84' lang='lat' dir='ltr'><strong>ad</strong></span> <span class='ocrx_word' id='word_1_200' title='bbox 1469 632 1530 652; x_wconf 87' lang='lat' dir='ltr'><strong>cum</strong></span> <span class='ocrx_word' id='word_1_201' title='bbox 1555 632 1642 659; x_wconf 90' lang='lat' dir='ltr'><strong>usque</strong></span> <span class='ocrx_word' id='word_1_202' title='bbox 1667 625 1759 652; x_wconf 87' lang='lat' dir='ltr'><strong>locum</strong></span> 
     </span>
    </p>
   </div>
   <div class='ocr_carea' id='block_1_30' title="bbox 969 669 1758 706">
    <p class='ocr_par' dir='ltr' id='par_1_30' title="bbox 969 669 1758 706">
     <span class='ocr_line' id='line_1_30' title="bbox 969 669 1758 706; baseline 0.003 -10"><span class='ocrx_word' id='word_1_203' title='bbox 969 673 1116 704; x_wconf 85' lang='lat' dir='ltr'><strong>provectus</strong></span> <span class='ocrx_word' id='word_1_204' title='bbox 1143 675 1196 702; x_wconf 87' lang='lat' dir='ltr'><strong>cst,</strong></span> <span class='ocrx_word' id='word_1_205' title='bbox 1223 670 1251 696; x_wconf 88' lang='lat' dir='ltr'><strong>in</strong></span> <span class='ocrx_word' id='word_1_206' title='bbox 1272 677 1326 704; x_wconf 92' lang='lat' dir='ltr'><strong>quo</strong></span> <span class='ocrx_word' id='word_1_207' title='bbox 1345 670 1396 697; x_wconf 89' lang='lat' dir='ltr'><strong>sub</strong></span> <span class='ocrx_word' id='word_1_208' title='bbox 1418 669 1535 697; x_wconf 84' lang='lat' dir='ltr'><strong>Ezechia</strong></span> <span class='ocrx_word' id='word_1_209' title='bbox 1559 671 1674 706; x_wconf 83' lang='lat' dir='ltr'><strong>contigit</strong></span> <span class='ocrx_word' id='word_1_210' title='bbox 1699 671 1758 699; x_wconf 85' lang='lat' dir='ltr'><strong>ﬁeri</strong></span> 
     </span>
    </p>
   </div>
   <div class='ocr_carea' id='block_1_31' title="bbox 969 715 1758 752">
    <p class='ocr_par' dir='ltr' id='par_1_31' title="bbox 969 715 1758 752">
     <span class='ocr_line' id='line_1_31' title="bbox 969 715 1758 752; baseline 0.003 -10"><span class='ocrx_word' id='word_1_211' title='bbox 969 715 1078 750; x_wconf 78' lang='lat' dir='ltr'><strong>signum</strong></span> <span class='ocrx_word' id='word_1_212' title='bbox 1094 724 1101 749; x_wconf 89' lang='lat'><strong>;</strong></span> <span class='ocrx_word' id='word_1_213' title='bbox 1117 715 1166 743; x_wconf 90' lang='lat' dir='ltr'><strong>sed</strong></span> <span class='ocrx_word' id='word_1_214' title='bbox 1194 715 1253 742; x_wconf 63' lang='lat' dir='ltr'><strong>alia;</strong></span> <span class='ocrx_word' id='word_1_215' title='bbox 1278 715 1379 750; x_wconf 80' lang='lat' dir='ltr'><strong>quibus</strong></span> <span class='ocrx_word' id='word_1_216' title='bbox 1405 716 1446 743; x_wconf 87' lang='lat' dir='ltr'><strong>sol</strong></span> <span class='ocrx_word' id='word_1_217' title='bbox 1462 717 1622 752; x_wconf 80' lang='lat' dir='ltr'><strong>retrogrado</strong></span> <span class='ocrx_word' id='word_1_218' title='bbox 1645 724 1727 745; x_wconf 86' lang='lat' dir='ltr'><strong>cursu</strong></span> <span class='ocrx_word' id='word_1_219' title='bbox 1741 725 1758 744; x_wconf 83' lang='lat' dir='ltr'><strong>a</strong></span> 
     </span>
    </p>
   </div>
   <div class='ocr_carea' id='block_1_32' title="bbox 968 761 1759 797">
    <p class='ocr_par' dir='ltr' id='par_1_32' title="bbox 968 761 1759 797">
     <span class='ocr_line' id='line_1_32' title="bbox 968 761 1759 797; baseline 0.004 -9"><span class='ocrx_word' id='word_1_220' title='bbox 968 761 1029 788; x_wconf 86' lang='lat' dir='ltr'><strong>loco</strong></span> <span class='ocrx_word' id='word_1_221' title='bbox 1041 761 1112 795; x_wconf 78' lang='lat' dir='ltr'><strong>signi</strong></span> <span class='ocrx_word' id='word_1_222' title='bbox 1127 761 1256 794; x_wconf 84' lang='lat' dir='ltr'><strong>recurrit,</strong></span> <span class='ocrx_word' id='word_1_223' title='bbox 1269 762 1425 797; x_wconf 81' lang='lat' dir='ltr'><strong>relatusque</strong></span> <span class='ocrx_word' id='word_1_224' title='bbox 1440 766 1482 789; x_wconf 88' lang='lat' dir='ltr'><strong>est</strong></span> <span class='ocrx_word' id='word_1_225' title='bbox 1497 763 1525 789; x_wconf 91' lang='lat' dir='ltr'><strong>in</strong></span> <span class='ocrx_word' id='word_1_226' title='bbox 1541 763 1685 791; x_wconf 85' lang='lat' dir='ltr'><strong>orientem.</strong></span> <span class='ocrx_word' id='word_1_227' title='bbox 1698 764 1759 791; x_wconf 70' lang='lat' dir='ltr'><strong>lslze</strong></span> 
     </span>
    </p>
   </div>
   <div class='ocr_carea' id='block_1_33' title="bbox 967 807 1759 844">
    <p class='ocr_par' dir='ltr' id='par_1_33' title="bbox 967 807 1759 844">
     <span class='ocr_line' id='line_1_33' title="bbox 967 807 1759 844; baseline 0.006 -11"><span class='ocrx_word' id='word_1_228' title='bbox 967 807 1050 842; x_wconf 82' lang='lat' dir='ltr'><strong>igitur</strong></span> <span class='ocrx_word' id='word_1_229' title='bbox 1068 807 1142 834; x_wconf 78' lang='lat' dir='ltr'><strong>horae</strong></span> <span class='ocrx_word' id='word_1_230' title='bbox 1163 807 1269 840; x_wconf 81' lang='lat' dir='ltr'><strong>decem,</strong></span> <span class='ocrx_word' id='word_1_231' title='bbox 1281 808 1382 843; x_wconf 85' lang='lat' dir='ltr'><strong>quibus</strong></span> <span class='ocrx_word' id='word_1_232' title='bbox 1398 810 1439 836; x_wconf 90' lang='lat' dir='ltr'><strong>sol</strong></span> <span class='ocrx_word' id='word_1_233' title='bbox 1460 809 1554 844; x_wconf 62' lang='lat' dir='ltr'><strong>prima:</strong></span> <span class='ocrx_word' id='word_1_234' title='bbox 1569 810 1639 844; x_wconf 83' lang='lat' dir='ltr'><strong>parti</strong></span> <span class='ocrx_word' id='word_1_235' title='bbox 1657 810 1759 839; x_wconf 77' lang='lat' dir='ltr'><strong>Arietis</strong></span> 
     </span>
    </p>
   </div>
   <div class='ocr_carea' id='block_1_34' title="bbox 970 853 1757 890">
    <p class='ocr_par' dir='ltr' id='par_1_34' title="bbox 970 853 1757 890">
     <span class='ocr_line' id='line_1_34' title="bbox 970 853 1757 890; baseline 0.006 -11"><span class='ocrx_word' id='word_1_236' title='bbox 970 853 1083 888; x_wconf 88' lang='lat' dir='ltr'><strong>propior</strong></span> <span class='ocrx_word' id='word_1_237' title='bbox 1113 853 1203 881; x_wconf 85' lang='lat' dir='ltr'><strong>factus</strong></span> <span class='ocrx_word' id='word_1_238' title='bbox 1227 859 1317 882; x_wconf 76' lang='lat' dir='ltr'><strong>estex</strong></span> <span class='ocrx_word' id='word_1_239' title='bbox 1337 856 1526 890; x_wconf 85' lang='lat' dir='ltr'><strong>suppositione</strong></span> <span class='ocrx_word' id='word_1_240' title='bbox 1552 861 1667 889; x_wconf 86' lang='lat' dir='ltr'><strong>nostra,</strong></span> <span class='ocrx_word' id='word_1_241' title='bbox 1692 865 1757 885; x_wconf 55' lang='lat' dir='ltr'><strong>cen‘</strong></span> 
     </span>
    </p>
   </div>
   <div class='ocr_carea' id='block_1_35' title="bbox 127 892 917 938">
    <p class='ocr_par' dir='ltr' id='par_1_35' title="bbox 127 899 914 936">
     <span class='ocr_line' id='line_1_35' title="bbox 127 899 914 936; baseline -0.001 -9"><span class='ocrx_word' id='word_1_242' title='bbox 127 901 271 936; x_wconf 80' lang='grc' dir='ltr'>φωστῆρες</span> <span class='ocrx_word' id='word_1_243' title='bbox 295 901 343 936; x_wconf 80' lang='grc' dir='ltr'>τὴν</span> <span class='ocrx_word' id='word_1_244' title='bbox 360 901 485 927; x_wconf 69' lang='grc' dir='ltr'>ἐναντίαν</span> <span class='ocrx_word' id='word_1_245' title='bbox 508 899 548 935; x_wconf 81' lang='grc' dir='ltr'>τῷ</span> <span class='ocrx_word' id='word_1_246' title='bbox 571 900 651 926; x_wconf 76' lang='grc' dir='ltr'>παντὶ</span> <span class='ocrx_word' id='word_1_247' title='bbox 679 900 838 936; x_wconf 81' lang='grc' dir='ltr'>τρέχουσιν,</span> <span class='ocrx_word' id='word_1_248' title='bbox 856 899 914 926; x_wconf 83' lang='grc' dir='ltr'>ἀλλ’</span> 
     </span>
    </p>
   </div>
   <div class='ocr_carea' id='block_1_36' title="bbox 968 892 1756 938">
    <p class='ocr_par' dir='ltr' id='par_1_36' title="bbox 968 899 1756 938">
     <span class='ocr_line' id='line_1_36' title="bbox 968 899 1756 938; baseline 0.005 -12"><span class='ocrx_word' id='word_1_249' title='bbox 968 902 1059 926; x_wconf 85' lang='lat' dir='ltr'><strong>sentur</strong></span> <span class='ocrx_word' id='word_1_250' title='bbox 1071 899 1237 935; x_wconf 87' lang='lat' dir='ltr'><strong>implentque</strong></span> <span class='ocrx_word' id='word_1_251' title='bbox 1248 901 1334 928; x_wconf 88' lang='lat' dir='ltr'><strong>vicem</strong></span> <span class='ocrx_word' id='word_1_252' title='bbox 1343 901 1423 929; x_wconf 90' lang='lat' dir='ltr'><strong>solidi</strong></span> <span class='ocrx_word' id='word_1_253' title='bbox 1433 902 1513 929; x_wconf 91' lang='lat' dir='ltr'><strong>unius</strong></span> <span class='ocrx_word' id='word_1_254' title='bbox 1528 903 1602 930; x_wconf 92' lang='lat' dir='ltr'><strong>anni.</strong></span> <span class='ocrx_word' id='word_1_255' title='bbox 1617 903 1756 938; x_wconf 82' lang='lat' dir='ltr'><strong>Siquidem</strong></span> 
     </span>
    </p>
   </div>
   <div class='ocr_carea' id='block_1_37' title="bbox 127 946 915 985">
    <p class='ocr_par' dir='ltr' id='par_1_37' title="bbox 127 946 915 985">
     <span class='ocr_line' id='line_1_37' title="bbox 127 946 915 985; baseline -0.003 -11"><span class='ocrx_word' id='word_1_256' title='bbox 127 946 173 975; x_wconf 84' lang='grc' dir='ltr'><strong>οὖν</strong></span> <span class='ocrx_word' id='word_1_257' title='bbox 197 947 293 984; x_wconf 82' lang='grc' dir='ltr'>σελήνη</span> <span class='ocrx_word' id='word_1_258' title='bbox 325 947 501 985; x_wconf 75' lang='grc' dir='ltr'>προλήψεται,</span> <span class='ocrx_word' id='word_1_259' title='bbox 534 947 613 978; x_wconf 76' lang='grc' dir='ltr'>Εἰκὸς</span> <span class='ocrx_word' id='word_1_260' title='bbox 636 946 701 981; x_wconf 76' lang='grc' dir='ltr'>γοῦν</span> <span class='ocrx_word' id='word_1_261' title='bbox 728 947 777 979; x_wconf 73' lang='grc' dir='ltr'>ἔνι,</span> <span class='ocrx_word' id='word_1_262' title='bbox 794 946 809 972; x_wconf 89' lang='grc' dir='ltr'><strong>ὃ</strong></span> <span class='ocrx_word' id='word_1_263' title='bbox 833 947 915 983; x_wconf 79' lang='grc' dir='ltr'>μέρος</span> 
     </span>
    </p>
   </div>
   <div class='ocr_carea' id='block_1_38' title="bbox 128 992 914 1029">
    <p class='ocr_par' dir='ltr' id='par_1_38' title="bbox 128 992 914 1029">
     <span class='ocr_line' id='line_1_38' title="bbox 128 992 914 1029; baseline -0.001 -9"><span class='ocrx_word' id='word_1_264' title='bbox 128 995 281 1021; x_wconf 77' lang='grc' dir='ltr'>ἐπισκοτεῖν</span> <span class='ocrx_word' id='word_1_265' title='bbox 313 994 531 1029; x_wconf 81' lang='grc' dir='ltr'>συμπίπτουσαν,</span> <span class='ocrx_word' id='word_1_266' title='bbox 559 992 638 1019; x_wconf 74' lang='grc' dir='ltr'>τοῦτο</span> <span class='ocrx_word' id='word_1_267' title='bbox 670 993 716 1020; x_wconf 79' lang='grc' dir='ltr'><strong>καὶ</strong></span> <span class='ocrx_word' id='word_1_268' title='bbox 747 993 914 1024; x_wconf 85' lang='grc' dir='ltr'>ἀπολείπειν,</span> 
     </span>
    </p>
   </div>
   <div class='ocr_carea' id='block_1_39' title="bbox 127 1038 917 1075">
    <p class='ocr_par' dir='ltr' id='par_1_39' title="bbox 127 1038 917 1075">
     <span class='ocr_line' id='line_1_39' title="bbox 127 1038 917 1075; baseline -0.004 -8"><span class='ocrx_word' id='word_1_269' title='bbox 127 1041 198 1068; x_wconf 82' lang='grc' dir='ltr'>ὥστε</span> <span class='ocrx_word' id='word_1_270' title='bbox 215 1041 325 1067; x_wconf 83' lang='grc' dir='ltr'>κάκεῖνο</span> <span class='ocrx_word' id='word_1_271' title='bbox 342 1039 516 1074; x_wconf 79' lang='grc' dir='ltr'>φωτίζεσθαι.</span> <span class='ocrx_word' id='word_1_272' title='bbox 542 1039 585 1066; x_wconf 88' lang='grc' dir='ltr'>Ἐν</span> <span class='ocrx_word' id='word_1_273' title='bbox 601 1038 629 1065; x_wconf 80' lang='grc' dir='ltr'><strong>δὲ</strong></span> <span class='ocrx_word' id='word_1_274' title='bbox 645 1039 677 1074; x_wconf 85' lang='grc' dir='ltr'>τῇ</span> <span class='ocrx_word' id='word_1_275' title='bbox 695 1038 785 1075; x_wconf 80' lang='grc' dir='ltr'>ἡμέρᾳ</span> <span class='ocrx_word' id='word_1_276' title='bbox 801 1038 847 1065; x_wconf 76' lang='grc' dir='ltr'>τοῦ</span> <span class='ocrx_word' id='word_1_277' title='bbox 866 1047 917 1064; x_wconf 86' lang='grc' dir='ltr'><strong>σω-</strong></span> 
     </span>
    </p>
   </div>
   <div class='ocr_carea' id='block_1_40' title="bbox 126 1084 918 1123">
    <p class='ocr_par' dir='ltr' id='par_1_40' title="bbox 126 1084 918 1123">
     <span class='ocr_line' id='line_1_40' title="bbox 126 1084 918 1123; baseline -0.003 -11"><span class='ocrx_word' id='word_1_278' title='bbox 126 1087 223 1123; x_wconf 81' lang='grc' dir='ltr'>τηρίου</span> <span class='ocrx_word' id='word_1_279' title='bbox 241 1085 368 1123; x_wconf 79' lang='grc' dir='ltr'>σταυροῦ,</span> <span class='ocrx_word' id='word_1_280' title='bbox 387 1086 448 1112; x_wconf 76' lang='grc' dir='ltr'>ἐπεὶ</span> <span class='ocrx_word' id='word_1_281' title='bbox 464 1085 517 1111; x_wconf 85' lang='grc' dir='ltr'><strong>ἀπὸ</strong></span> <span class='ocrx_word' id='word_1_282' title='bbox 533 1084 665 1119; x_wconf 75' lang='grc' dir='ltr'>ἀνατολῆς</span> <span class='ocrx_word' id='word_1_283' title='bbox 688 1084 839 1120; x_wconf 84' lang='grc' dir='ltr'>ἀκαριαίως</span> <span class='ocrx_word' id='word_1_284' title='bbox 857 1092 918 1110; x_wconf 88' lang='grc' dir='ltr'>συν-</span> 
     </span>
    </p>
   </div>
   <div class='ocr_carea' id='block_1_41' title="bbox 127 1129 915 1168">
    <p class='ocr_par' dir='ltr' id='par_1_41' title="bbox 127 1129 915 1168">
     <span class='ocr_line' id='line_1_41' title="bbox 127 1129 915 1168; baseline -0.005 -9"><span class='ocrx_word' id='word_1_285' title='bbox 127 1133 210 1168; x_wconf 84' lang='grc' dir='ltr'>ῆλθεν</span> <span class='ocrx_word' id='word_1_286' title='bbox 226 1134 242 1168; x_wconf 89' lang='grc' dir='ltr'><strong>ἡ</strong></span> <span class='ocrx_word' id='word_1_287' title='bbox 260 1131 356 1167; x_wconf 81' lang='grc' dir='ltr'>σελήνη</span> <span class='ocrx_word' id='word_1_288' title='bbox 366 1131 404 1166; x_wconf 80' lang='grc' dir='ltr'>τῷ</span> <span class='ocrx_word' id='word_1_289' title='bbox 414 1131 491 1167; x_wconf 84' lang='grc' dir='ltr'>ἡλίῳ,</span> <span class='ocrx_word' id='word_1_290' title='bbox 509 1132 556 1158; x_wconf 77' lang='grc' dir='ltr'>καὶ</span> <span class='ocrx_word' id='word_1_291' title='bbox 570 1132 703 1165; x_wconf 84' lang='grc' dir='ltr'>πεποίηκε</span> <span class='ocrx_word' id='word_1_292' title='bbox 719 1129 768 1165; x_wconf 79' lang='grc' dir='ltr'><strong>τὴν</strong></span> <span class='ocrx_word' id='word_1_293' title='bbox 780 1129 915 1164; x_wconf 78' lang='grc' dir='ltr'>ἔκλειψιν·</span> 
     </span>
    </p>
   </div>
   <div class='ocr_carea' id='block_1_42' title="bbox 127 1175 918 1211">
    <p class='ocr_par' dir='ltr' id='par_1_42' title="bbox 127 1175 918 1211">
     <span class='ocr_line' id='line_1_42' title="bbox 127 1175 918 1211; baseline -0.004 -7"><span class='ocrx_word' id='word_1_294' title='bbox 127 1178 181 1205; x_wconf 75' lang='grc' dir='ltr'>ἔδει</span> <span class='ocrx_word' id='word_1_295' title='bbox 189 1178 216 1204; x_wconf 82' lang='grc' dir='ltr'><strong>δὲ</strong></span> <span class='ocrx_word' id='word_1_296' title='bbox 225 1178 304 1204; x_wconf 73' lang='grc' dir='ltr'>πάλιν</span> <span class='ocrx_word' id='word_1_297' title='bbox 313 1178 469 1204; x_wconf 78' lang='grc' dir='ltr'>ὑπονοστεῖν</span> <span class='ocrx_word' id='word_1_298' title='bbox 478 1178 517 1208; x_wconf 81' lang='grc' dir='ltr'><strong>εἰς</strong></span> <span class='ocrx_word' id='word_1_299' title='bbox 524 1177 570 1202; x_wconf 77' lang='grc' dir='ltr'><strong>τὸν</strong></span> <span class='ocrx_word' id='word_1_300' title='bbox 581 1177 679 1202; x_wconf 84' lang='grc' dir='ltr'>οἰκεῖον</span> <span class='ocrx_word' id='word_1_301' title='bbox 692 1175 783 1207; x_wconf 82' lang='grc' dir='ltr'>τόπον,</span> <span class='ocrx_word' id='word_1_302' title='bbox 792 1175 834 1201; x_wconf 79' lang='grc' dir='ltr'><strong>ἵνα</strong></span> <span class='ocrx_word' id='word_1_303' title='bbox 844 1176 918 1211; x_wconf 84' lang='grc' dir='ltr'>ἡτά-</span> 
     </span>
    </p>
   </div>
   <div class='ocr_carea' id='block_1_43' title="bbox 128 1220 918 1258">
    <p class='ocr_par' dir='ltr' id='par_1_43' title="bbox 128 1220 918 1258">
     <span class='ocr_line' id='line_1_43' title="bbox 128 1220 918 1258; baseline -0.004 -8"><span class='ocrx_word' id='word_1_304' title='bbox 128 1223 169 1256; x_wconf 80' lang='grc' dir='ltr'><strong>ξις</strong></span> <span class='ocrx_word' id='word_1_305' title='bbox 184 1224 268 1258; x_wconf 77' lang='grc' dir='ltr'>αὐτῆς</span> <span class='ocrx_word' id='word_1_306' title='bbox 281 1223 403 1257; x_wconf 77' lang='grc' dir='ltr'>φυλαχθῇ</span> <span class='ocrx_word' id='word_1_307' title='bbox 416 1231 422 1237; x_wconf 88' lang='grc'><strong>·</strong></span> <span class='ocrx_word' id='word_1_308' title='bbox 433 1223 479 1248; x_wconf 76' lang='grc' dir='ltr'><strong>καὶ</strong></span> <span class='ocrx_word' id='word_1_309' title='bbox 491 1221 535 1248; x_wconf 85' lang='grc' dir='ltr'><strong>διὰ</strong></span> <span class='ocrx_word' id='word_1_310' title='bbox 549 1221 628 1247; x_wconf 85' lang='grc' dir='ltr'>τοῦτο</span> <span class='ocrx_word' id='word_1_311' title='bbox 641 1220 811 1247; x_wconf 84' lang='grc' dir='ltr'>ἀπολιποῦσα</span> <span class='ocrx_word' id='word_1_312' title='bbox 824 1220 918 1247; x_wconf 77' lang='grc' dir='ltr'>τοῦτον</span> 
     </span>
    </p>
   </div>
   <div class='ocr_carea' id='block_1_44' title="bbox 127 1264 920 1301">
    <p class='ocr_par' dir='ltr' id='par_1_44' title="bbox 127 1264 920 1301">
     <span class='ocr_line' id='line_1_44' title="bbox 127 1264 920 1301; baseline -0.005 -5"><span class='ocrx_word' id='word_1_313' title='bbox 127 1269 209 1296; x_wconf 78' lang='grc' dir='ltr'>πάλιν</span> <span class='ocrx_word' id='word_1_314' title='bbox 218 1268 393 1301; x_wconf 83' lang='grc' dir='ltr'>ὑπενόστησε,</span> <span class='ocrx_word' id='word_1_315' title='bbox 404 1266 501 1301; x_wconf 80' lang='grc' dir='ltr'>συνέϐη</span> <span class='ocrx_word' id='word_1_316' title='bbox 510 1266 576 1301; x_wconf 75' lang='grc'><strong>(75).</strong></span> <span class='ocrx_word' id='word_1_317' title='bbox 586 1265 661 1301; x_wconf 80' lang='grc' dir='ltr'>Καὶὴ</span> <span class='ocrx_word' id='word_1_318' title='bbox 680 1265 728 1300; x_wconf 82' lang='grc' dir='ltr'><strong>μὲν</strong></span> <span class='ocrx_word' id='word_1_319' title='bbox 745 1264 863 1300; x_wconf 72' lang='grc' dir='ltr'>ἔκλειψις</span> <span class='ocrx_word' id='word_1_320' title='bbox 873 1264 920 1299; x_wconf 63' lang='grc' dir='ltr'><strong><em>γὲέ</em></strong></span> 
     </span>
    </p>
   </div>
   <div class='ocr_carea' id='block_1_45' title="bbox 127 1311 917 1350">
    <p class='ocr_par' dir='ltr' id='par_1_45' title="bbox 127 1311 917 1350">
     <span class='ocr_line' id='line_1_45' title="bbox 127 1311 917 1350; baseline -0.006 -8"><span class='ocrx_word' id='word_1_321' title='bbox 127 1324 200 1349; x_wconf 82' lang='grc' dir='ltr'>γονε,</span> <span class='ocrx_word' id='word_1_322' title='bbox 210 1315 394 1345; x_wconf 73' lang='grc' dir='ltr'>σκοτωθέντος</span> <span class='ocrx_word' id='word_1_323' title='bbox 404 1313 535 1350; x_wconf 73' lang='grc' dir='ltr'>πρότερον</span> <span class='ocrx_word' id='word_1_324' title='bbox 544 1311 590 1339; x_wconf 81' lang='grc' dir='ltr'>τοῦ</span> <span class='ocrx_word' id='word_1_325' title='bbox 599 1311 757 1339; x_wconf 86' lang='grc' dir='ltr'>ἀνατολικοῦ</span> <span class='ocrx_word' id='word_1_326' title='bbox 765 1311 864 1347; x_wconf 83' lang='grc' dir='ltr'>μέρους</span> <span class='ocrx_word' id='word_1_327' title='bbox 870 1311 917 1338; x_wconf 83' lang='grc' dir='ltr'>τοῦ</span> 
     </span>
    </p>
   </div>
   <div class='ocr_carea' id='block_1_46' title="bbox 127 1357 919 1397">
    <p class='ocr_par' dir='ltr' id='par_1_46' title="bbox 127 1357 919 1397">
     <span class='ocr_line' id='line_1_46' title="bbox 127 1357 919 1397; baseline -0.006 -9"><span class='ocrx_word' id='word_1_328' title='bbox 127 1359 241 1397; x_wconf 80' lang='grc' dir='ltr'>ἡλιακοῦ</span> <span class='ocrx_word' id='word_1_329' title='bbox 248 1361 340 1386; x_wconf 81' lang='grc' dir='ltr'>δίσκου</span> <span class='ocrx_word' id='word_1_330' title='bbox 352 1367 357 1374; x_wconf 91' lang='grc'><strong>·</strong></span> <span class='ocrx_word' id='word_1_331' title='bbox 370 1359 525 1394; x_wconf 80' lang='grc' dir='ltr'>μετέπειτα,</span> <span class='ocrx_word' id='word_1_332' title='bbox 535 1357 743 1393; x_wconf 82' lang='grc' dir='ltr'>ὑποδραμούσης</span> <span class='ocrx_word' id='word_1_333' title='bbox 750 1357 852 1392; x_wconf 82' lang='grc' dir='ltr'>ταύτης</span> <span class='ocrx_word' id='word_1_334' title='bbox 859 1357 919 1384; x_wconf 87' lang='grc' dir='ltr'>ὅλον</span> 
     </span>
    </p>
   </div>
   <div class='ocr_carea' id='block_1_47' title="bbox 127 1400 919 1441">
    <p class='ocr_par' dir='ltr' id='par_1_47' title="bbox 127 1400 919 1441">
     <span class='ocr_line' id='line_1_47' title="bbox 127 1400 919 1441; baseline -0.006 -8"><span class='ocrx_word' id='word_1_335' title='bbox 127 1407 173 1434; x_wconf 75' lang='grc' dir='ltr'><strong>τὸν</strong></span> <span class='ocrx_word' id='word_1_336' title='bbox 182 1406 266 1441; x_wconf 76' lang='grc' dir='ltr'>ἥλιον,</span> <span class='ocrx_word' id='word_1_337' title='bbox 278 1406 325 1432; x_wconf 74' lang='grc' dir='ltr'><strong>καὶ</strong></span> <span class='ocrx_word' id='word_1_338' title='bbox 338 1404 388 1439; x_wconf 72' lang='grc' dir='ltr'><strong>ἤδη</strong></span> <span class='ocrx_word' id='word_1_339' title='bbox 406 1403 563 1439; x_wconf 79' lang='grc' dir='ltr'>ἀρξαμένης</span> <span class='ocrx_word' id='word_1_340' title='bbox 580 1403 745 1434; x_wconf 81' lang='grc' dir='ltr'>ὑπονοστεῖν,</span> <span class='ocrx_word' id='word_1_341' title='bbox 754 1402 826 1434; x_wconf 81' lang='grc' dir='ltr'>είκδς</span> <span class='ocrx_word' id='word_1_342' title='bbox 833 1400 877 1438; x_wconf 80' lang='grc' dir='ltr'>ἦν,</span> <span class='ocrx_word' id='word_1_343' title='bbox 888 1402 919 1429; x_wconf 86' lang='grc' dir='ltr'>τὺ</span> 
     </span>
    </p>
   </div>
   <div class='ocr_carea' id='block_1_48' title="bbox 126 1449 919 1489">
    <p class='ocr_par' dir='ltr' id='par_1_48' title="bbox 126 1449 919 1489">
     <span class='ocr_line' id='line_1_48' title="bbox 126 1449 919 1489; baseline -0.006 -9"><span class='ocrx_word' id='word_1_344' title='bbox 126 1453 233 1480; x_wconf 82' lang='grc' dir='ltr'>δυτικὸν</span> <span class='ocrx_word' id='word_1_345' title='bbox 251 1453 331 1489; x_wconf 81' lang='grc' dir='ltr'>μέρος</span> <span class='ocrx_word' id='word_1_346' title='bbox 347 1450 394 1478; x_wconf 74' lang='grc' dir='ltr'><strong>τοῦ</strong></span> <span class='ocrx_word' id='word_1_347' title='bbox 407 1451 499 1477; x_wconf 83' lang='grc' dir='ltr'>δίσκου</span> <span class='ocrx_word' id='word_1_348' title='bbox 521 1450 628 1485; x_wconf 80' lang='grc' dir='ltr'>πρῶτον</span> <span class='ocrx_word' id='word_1_349' title='bbox 648 1449 858 1484; x_wconf 82' lang='grc' dir='ltr'>ἀπολειπούσης,</span> <span class='ocrx_word' id='word_1_350' title='bbox 875 1449 919 1476; x_wconf 78' lang='grc' dir='ltr'><strong>ἵνα</strong></span> 
     </span>
    </p>
   </div>
   <div class='ocr_carea' id='block_1_49' title="bbox 127 1495 919 1534">
    <p class='ocr_par' dir='ltr' id='par_1_49' title="bbox 127 1495 919 1534">
     <span class='ocr_line' id='line_1_49' title="bbox 127 1495 919 1534; baseline -0.003 -9"><span class='ocrx_word' id='word_1_351' title='bbox 127 1499 160 1525; x_wconf 82' lang='grc' dir='ltr'><strong>τὸ</strong></span> <span class='ocrx_word' id='word_1_352' title='bbox 175 1499 224 1534; x_wconf 87' lang='grc' dir='ltr'><strong>τῆς</strong></span> <span class='ocrx_word' id='word_1_353' title='bbox 240 1498 370 1532; x_wconf 84' lang='grc' dir='ltr'>ἀνατολῆς</span> <span class='ocrx_word' id='word_1_354' title='bbox 388 1496 528 1532; x_wconf 78' lang='grc' dir='ltr'>καταλάϐῃ</span> <span class='ocrx_word' id='word_1_355' title='bbox 547 1496 639 1532; x_wconf 90' lang='grc' dir='ltr'>μέρος,</span> <span class='ocrx_word' id='word_1_356' title='bbox 649 1497 737 1522; x_wconf 80' lang='grc' dir='ltr'>ὲκεῖνο</span> <span class='ocrx_word' id='word_1_357' title='bbox 754 1496 799 1522; x_wconf 80' lang='grc' dir='ltr'>καὶ</span> <span class='ocrx_word' id='word_1_358' title='bbox 812 1495 919 1532; x_wconf 76' lang='grc' dir='ltr'>πρῶτον</span> 
     </span>
    </p>
   </div>
   <div class='ocr_carea' id='block_1_50' title="bbox 128 1542 918 1581">
    <p class='ocr_par' dir='ltr' id='par_1_50' title="bbox 128 1542 918 1581">
     <span class='ocr_line' id='line_1_50' title="bbox 128 1542 918 1581; baseline -0.005 -9"><span class='ocrx_word' id='word_1_359' title='bbox 128 1545 292 1581; x_wconf 74' lang='grc' dir='ltr'>φωτίζεσθαι</span> <span class='ocrx_word' id='word_1_360' title='bbox 307 1543 500 1580; x_wconf 66' lang='grc' dir='ltr'><strong>(74).Τοιαῦτα</strong></span> <span class='ocrx_word' id='word_1_361' title='bbox 515 1543 576 1570; x_wconf 85' lang='grc' dir='ltr'>τότε</span> <span class='ocrx_word' id='word_1_362' title='bbox 593 1542 771 1578; x_wconf 81' lang='grc' dir='ltr'>ὲτελέσθησαν</span> <span class='ocrx_word' id='word_1_363' title='bbox 789 1542 828 1578; x_wconf 86' lang='grc' dir='ltr'>τῷ</span> <span class='ocrx_word' id='word_1_364' title='bbox 849 1551 918 1569; x_wconf 86' lang='grc' dir='ltr'>παν-</span> 
     </span>
    </p>
   </div>
   <div class='ocr_carea' id='block_1_51' title="bbox 968 944 1758 981">
    <p class='ocr_par' dir='ltr' id='par_1_51' title="bbox 968 944 1758 981">
     <span class='ocr_line' id='line_1_51' title="bbox 968 944 1758 981; baseline 0.008 -10"><span class='ocrx_word' id='word_1_365' title='bbox 968 945 1006 980; x_wconf 78' lang='lat' dir='ltr'><strong>in_</strong></span> <span class='ocrx_word' id='word_1_366' title='bbox 1019 944 1046 972; x_wconf 89' lang='lat' dir='ltr'><strong>id</strong></span> <span class='ocrx_word' id='word_1_367' title='bbox 1071 945 1201 972; x_wconf 89' lang='lat' dir='ltr'><strong>horarum</strong></span> <span class='ocrx_word' id='word_1_368' title='bbox 1229 947 1420 981; x_wconf 88' lang='lat' dir='ltr'><strong>compendium</strong></span> <span class='ocrx_word' id='word_1_369' title='bbox 1440 955 1490 975; x_wconf 91' lang='lat' dir='ltr'><strong>suo</strong></span> <span class='ocrx_word' id='word_1_370' title='bbox 1514 948 1602 976; x_wconf 91' lang='lat' dir='ltr'><strong>reditu</strong></span> <span class='ocrx_word' id='word_1_371' title='bbox 1621 950 1758 977; x_wconf 82' lang='lat' dir='ltr'><strong>contraxit</strong></span> 
     </span>
    </p>
   </div>
   <div class='ocr_carea' id='block_1_52' title="bbox 967 987 1757 1028">
    <p class='ocr_par' dir='ltr' id='par_1_52' title="bbox 967 987 1757 1028">
     <span class='ocr_line' id='line_1_52' title="bbox 967 987 1757 1028; baseline 0.006 -11"><span class='ocrx_word' id='word_1_372' title='bbox 967 991 1123 1018; x_wconf 80' lang='lat' dir='ltr'><strong>universam</strong></span> <span class='ocrx_word' id='word_1_373' title='bbox 1140 991 1214 1018; x_wconf 90' lang='lat' dir='ltr'><strong>illam</strong></span> <span class='ocrx_word' id='word_1_374' title='bbox 1239 992 1322 1018; x_wconf 81' lang='lat' dir='ltr'><strong>annui</strong></span> <span class='ocrx_word' id='word_1_375' title='bbox 1337 993 1466 1027; x_wconf 90' lang='lat' dir='ltr'><strong>temporis</strong></span> <span class='ocrx_word' id='word_1_376' title='bbox 1491 987 1633 1028; x_wconf 86' lang='lat' dir='ltr'><strong>periodum</strong></span> <span class='ocrx_word' id='word_1_377' title='bbox 1650 1015 1657 1027; x_wconf 91' lang='lat'><strong>,</strong></span> <span class='ocrx_word' id='word_1_378' title='bbox 1674 995 1757 1022; x_wconf 83' lang='lat' dir='ltr'><strong>resti-</strong></span> 
     </span>
    </p>
   </div>
   <div class='ocr_carea' id='block_1_53' title="bbox 969 1036 1756 1076">
    <p class='ocr_par' dir='ltr' id='par_1_53' title="bbox 969 1036 1756 1076">
     <span class='ocr_line' id='line_1_53' title="bbox 969 1036 1756 1076; baseline 0.008 -13"><span class='ocrx_word' id='word_1_379' title='bbox 969 1040 1048 1064; x_wconf 85' lang='lat' dir='ltr'><strong>tuens</strong></span> <span class='ocrx_word' id='word_1_380' title='bbox 1066 1044 1097 1064; x_wconf 88' lang='lat' dir='ltr'><strong>se</strong></span> <span class='ocrx_word' id='word_1_381' title='bbox 1110 1036 1147 1069; x_wconf 90' lang='lat' dir='ltr'><strong>ei,</strong></span> <span class='ocrx_word' id='word_1_382' title='bbox 1164 1037 1192 1063; x_wconf 91' lang='lat' dir='ltr'><strong>in</strong></span> <span class='ocrx_word' id='word_1_383' title='bbox 1208 1039 1323 1070; x_wconf 85' lang='lat' dir='ltr'><strong>oriente,</strong></span> <span class='ocrx_word' id='word_1_384' title='bbox 1336 1037 1437 1066; x_wconf 84' lang='lat' dir='ltr'><strong>Arietis</strong></span> <span class='ocrx_word' id='word_1_385' title='bbox 1452 1039 1541 1074; x_wconf 75' lang='lat' dir='ltr'><strong>signo,</strong></span> <span class='ocrx_word' id='word_1_386' title='bbox 1566 1048 1580 1066; x_wconf 89' lang='lat' dir='ltr'><strong>a</strong></span> <span class='ocrx_word' id='word_1_387' title='bbox 1595 1049 1650 1075; x_wconf 91' lang='lat' dir='ltr'><strong>quo</strong></span> <span class='ocrx_word' id='word_1_388' title='bbox 1662 1041 1756 1076; x_wconf 89' lang='lat' dir='ltr'><strong>utique</strong></span> 
     </span>
    </p>
   </div>
   <div class='ocr_carea' id='block_1_54' title="bbox 968 1082 1757 1120">
    <p class='ocr_par' dir='ltr' id='par_1_54' title="bbox 968 1082 1757 1120">
     <span class='ocr_line' id='line_1_54' title="bbox 968 1082 1757 1120; baseline 0.009 -11"><span class='ocrx_word' id='word_1_389' title='bbox 968 1082 1014 1109; x_wconf 86' lang='lat' dir='ltr'><strong>illa</strong></span> <span class='ocrx_word' id='word_1_390' title='bbox 1026 1082 1121 1110; x_wconf 87' lang='lat' dir='ltr'><strong>eadem</strong></span> <span class='ocrx_word' id='word_1_391' title='bbox 1134 1083 1177 1110; x_wconf 89' lang='lat' dir='ltr'><strong>die</strong></span> <span class='ocrx_word' id='word_1_392' title='bbox 1189 1083 1307 1118; x_wconf 91' lang='lat' dir='ltr'><strong>primum</strong></span> <span class='ocrx_word' id='word_1_393' title='bbox 1329 1087 1442 1113; x_wconf 74' lang='lat' dir='ltr'><strong>exortus</strong></span> <span class='ocrx_word' id='word_1_394' title='bbox 1458 1085 1557 1114; x_wconf 82' lang='lat' dir='ltr'><strong>fuerat.</strong></span> <span class='ocrx_word' id='word_1_395' title='bbox 1571 1086 1684 1120; x_wconf 86' lang='lat' dir='ltr'><strong>Deinde,</strong></span> <span class='ocrx_word' id='word_1_396' title='bbox 1698 1089 1757 1116; x_wconf 87' lang='lat' dir='ltr'><strong>sole</strong></span> 
     </span>
    </p>
   </div>
   <div class='ocr_carea' id='block_1_55' title="bbox 969 1129 1756 1169">
    <p class='ocr_par' dir='ltr' id='par_1_55' title="bbox 969 1129 1756 1169">
     <span class='ocr_line' id='line_1_55' title="bbox 969 1129 1756 1169; baseline 0.008 -14"><span class='ocrx_word' id='word_1_397' title='bbox 969 1137 1067 1157; x_wconf 89' lang='lat' dir='ltr'><strong>rursus</strong></span> <span class='ocrx_word' id='word_1_398' title='bbox 1089 1129 1124 1156; x_wconf 82' lang='lat' dir='ltr'><strong>ab</strong></span> <span class='ocrx_word' id='word_1_399' title='bbox 1144 1130 1249 1157; x_wconf 80' lang='lat' dir='ltr'><strong>oriente</strong></span> <span class='ocrx_word' id='word_1_400' title='bbox 1273 1134 1356 1164; x_wconf 88' lang='lat' dir='ltr'><strong>moto,</strong></span> <span class='ocrx_word' id='word_1_401' title='bbox 1379 1132 1490 1166; x_wconf 88' lang='lat' dir='ltr'><strong>quando</strong></span> <span class='ocrx_word' id='word_1_402' title='bbox 1499 1133 1578 1160; x_wconf 80' lang='lat' dir='ltr'><strong>aliter</strong></span> <span class='ocrx_word' id='word_1_403' title='bbox 1598 1135 1756 1169; x_wconf 86' lang='lat' dir='ltr'><strong>neutiquam</strong></span> 
     </span>
    </p>
   </div>
   <div class='ocr_carea' id='block_1_56' title="bbox 969 1174 1758 1214">
    <p class='ocr_par' dir='ltr' id='par_1_56' title="bbox 969 1174 1758 1214">
     <span class='ocr_line' id='line_1_56' title="bbox 969 1174 1758 1214; baseline 0.009 -13"><span class='ocrx_word' id='word_1_404' title='bbox 969 1182 1091 1202; x_wconf 89' lang='lat' dir='ltr'><strong>remeare</strong></span> <span class='ocrx_word' id='word_1_405' title='bbox 1101 1174 1262 1210; x_wconf 88' lang='lat' dir='ltr'><strong>potueritad</strong></span> <span class='ocrx_word' id='word_1_406' title='bbox 1274 1176 1341 1203; x_wconf 84' lang='lat' dir='ltr'><strong>illud</strong></span> <span class='ocrx_word' id='word_1_407' title='bbox 1358 1177 1477 1212; x_wconf 84' lang='lat' dir='ltr'><strong>signum,</strong></span> <span class='ocrx_word' id='word_1_408' title='bbox 1489 1179 1516 1206; x_wconf 93' lang='lat' dir='ltr'><strong>in</strong></span> <span class='ocrx_word' id='word_1_409' title='bbox 1527 1187 1583 1214; x_wconf 90' lang='lat' dir='ltr'><strong>quo</strong></span> <span class='ocrx_word' id='word_1_410' title='bbox 1594 1184 1651 1207; x_wconf 91' lang='lat' dir='ltr'><strong>tum</strong></span> <span class='ocrx_word' id='word_1_411' title='bbox 1667 1180 1758 1208; x_wconf 78' lang='lat' dir='ltr'><strong>fuerat</strong></span> 
     </span>
    </p>
   </div>
   <div class='ocr_carea' id='block_1_57' title="bbox 969 1220 1758 1261">
    <p class='ocr_par' dir='ltr' id='par_1_57' title="bbox 969 1220 1758 1261">
     <span class='ocr_line' id='line_1_57' title="bbox 969 1220 1758 1261; baseline 0.01 -15"><span class='ocrx_word' id='word_1_412' title='bbox 969 1221 1079 1255; x_wconf 85' lang='lat' dir='ltr'><strong>quando</strong></span> <span class='ocrx_word' id='word_1_413' title='bbox 1089 1220 1123 1247; x_wconf 86' lang='lat' dir='ltr'><strong>ad</strong></span> <span class='ocrx_word' id='word_1_414' title='bbox 1145 1220 1267 1248; x_wconf 66' lang='lat' dir='ltr'><strong>Ezechiae</strong></span> <span class='ocrx_word' id='word_1_415' title='bbox 1290 1229 1385 1257; x_wconf 90' lang='lat' dir='ltr'><strong>preces</strong></span> <span class='ocrx_word' id='word_1_416' title='bbox 1399 1223 1507 1258; x_wconf 81' lang='lat' dir='ltr'><strong>insigne</strong></span> <span class='ocrx_word' id='word_1_417' title='bbox 1527 1226 1682 1261; x_wconf 78' lang='lat' dir='ltr'><strong>prodigium</strong></span> <span class='ocrx_word' id='word_1_418' title='bbox 1699 1227 1758 1254; x_wconf 90' lang='lat' dir='ltr'><strong>edi-</strong></span> 
     </span>
    </p>
   </div>
   <div class='ocr_carea' id='block_1_58' title="bbox 970 1267 1757 1307">
    <p class='ocr_par' dir='ltr' id='par_1_58' title="bbox 970 1267 1757 1307">
     <span class='ocr_line' id='line_1_58' title="bbox 970 1267 1757 1307; baseline 0.011 -15"><span class='ocrx_word' id='word_1_419' title='bbox 970 1269 1026 1292; x_wconf 91' lang='lat' dir='ltr'><strong>tum</strong></span> <span class='ocrx_word' id='word_1_420' title='bbox 1039 1271 1090 1299; x_wconf 90' lang='lat' dir='ltr'><strong>est,</strong></span> <span class='ocrx_word' id='word_1_421' title='bbox 1100 1267 1152 1295; x_wconf 88' lang='lat' dir='ltr'><strong>nisi</strong></span> <span class='ocrx_word' id='word_1_422' title='bbox 1166 1275 1214 1302; x_wconf 90' lang='lat' dir='ltr'><strong>per</strong></span> <span class='ocrx_word' id='word_1_423' title='bbox 1226 1267 1310 1295; x_wconf 90' lang='lat' dir='ltr'><strong>totius</strong></span> <span class='ocrx_word' id='word_1_424' title='bbox 1326 1269 1410 1296; x_wconf 88' lang='lat' dir='ltr'><strong>annui</strong></span> <span class='ocrx_word' id='word_1_425' title='bbox 1425 1272 1556 1305; x_wconf 87' lang='lat' dir='ltr'><strong>temporis</strong></span> <span class='ocrx_word' id='word_1_426' title='bbox 1569 1273 1757 1307; x_wconf 86' lang='lat' dir='ltr'><strong>trajectionem</strong></span> 
     </span>
    </p>
   </div>
   <div class='ocr_carea' id='block_1_59' title="bbox 969 1310 1758 1350">
    <p class='ocr_par' dir='ltr' id='par_1_59' title="bbox 969 1310 1758 1350">
     <span class='ocr_line' id='line_1_59' title="bbox 969 1310 1758 1350; baseline 0.011 -13"><span class='ocrx_word' id='word_1_427' title='bbox 969 1310 1090 1338; x_wconf 87' lang='lat' dir='ltr'><strong>simulet</strong></span> <span class='ocrx_word' id='word_1_428' title='bbox 1105 1311 1252 1339; x_wconf 91' lang='lat' dir='ltr'><strong>motionem</strong></span> <span class='ocrx_word' id='word_1_429' title='bbox 1267 1312 1341 1340; x_wconf 84' lang='lat' dir='ltr'><strong>illam</strong></span> <span class='ocrx_word' id='word_1_430' title='bbox 1357 1314 1588 1350; x_wconf 82' lang='lat' dir='ltr'><strong>quinquiformem</strong></span> <span class='ocrx_word' id='word_1_431' title='bbox 1600 1337 1608 1349; x_wconf 92' lang='lat'><strong>,</strong></span> <span class='ocrx_word' id='word_1_432' title='bbox 1625 1317 1651 1344; x_wconf 94' lang='lat' dir='ltr'><strong>in</strong></span> <span class='ocrx_word' id='word_1_433' title='bbox 1663 1317 1758 1347; x_wconf 84' lang='lat' dir='ltr'><strong>decem</strong></span> 
     </span>
    </p>
   </div>
   <div class='ocr_carea' id='block_1_60' title="bbox 970 1357 1754 1397">
    <p class='ocr_par' dir='ltr' id='par_1_60' title="bbox 970 1357 1754 1397">
     <span class='ocr_line' id='line_1_60' title="bbox 970 1357 1754 1397; baseline 0.013 -14"><span class='ocrx_word' id='word_1_434' title='bbox 970 1357 1069 1384; x_wconf 88' lang='lat' dir='ltr'><strong>iterum</strong></span> <span class='ocrx_word' id='word_1_435' title='bbox 1091 1357 1167 1386; x_wconf 85' lang='lat' dir='ltr'><strong>lioris</strong></span> <span class='ocrx_word' id='word_1_436' title='bbox 1181 1358 1230 1385; x_wconf 91' lang='lat' dir='ltr'><strong>illo</strong></span> <span class='ocrx_word' id='word_1_437' title='bbox 1242 1366 1272 1386; x_wconf 84' lang='lat' dir='ltr'><strong>se</strong></span> <span class='ocrx_word' id='word_1_438' title='bbox 1284 1360 1406 1396; x_wconf 85' lang='lat' dir='ltr'><strong>recepit;</strong></span> <span class='ocrx_word' id='word_1_439' title='bbox 1426 1370 1512 1397; x_wconf 81' lang='lat' dir='ltr'><strong>quare,</strong></span> <span class='ocrx_word' id='word_1_440' title='bbox 1523 1363 1590 1391; x_wconf 88' lang='lat' dir='ltr'><strong>alias</strong></span> <span class='ocrx_word' id='word_1_441' title='bbox 1603 1364 1696 1392; x_wconf 89' lang='lat' dir='ltr'><strong>decem</strong></span> <span class='ocrx_word' id='word_1_442' title='bbox 1712 1374 1754 1394; x_wconf 88' lang='lat' dir='ltr'><strong>ac-</strong></span> 
     </span>
    </p>
   </div>
   <div class='ocr_carea' id='block_1_61' title="bbox 970 1403 1758 1448">
    <p class='ocr_par' dir='ltr' id='par_1_61' title="bbox 970 1403 1758 1448">
     <span class='ocr_line' id='line_1_61' title="bbox 970 1403 1758 1448; baseline 0.014 -19"><span class='ocrx_word' id='word_1_443' title='bbox 970 1403 1042 1438; x_wconf 84' lang='lat' dir='ltr'><strong>cepit</strong></span> <span class='ocrx_word' id='word_1_444' title='bbox 1054 1403 1136 1431; x_wconf 89' lang='lat' dir='ltr'><strong>horas</strong></span> <span class='ocrx_word' id='word_1_445' title='bbox 1148 1412 1198 1439; x_wconf 92' lang='lat' dir='ltr'><strong>pro</strong></span> <span class='ocrx_word' id='word_1_446' title='bbox 1213 1412 1264 1432; x_wconf 92' lang='lat' dir='ltr'><strong>suo</strong></span> <span class='ocrx_word' id='word_1_447' title='bbox 1275 1406 1323 1434; x_wconf 89' lang='lat' dir='ltr'><strong>illo</strong></span> <span class='ocrx_word' id='word_1_448' title='bbox 1337 1415 1452 1436; x_wconf 88' lang='lat' dir='ltr'><strong>recursu</strong></span> <span class='ocrx_word' id='word_1_449' title='bbox 1467 1409 1501 1436; x_wconf 87' lang='lat' dir='ltr'><strong>ab</strong></span> <span class='ocrx_word' id='word_1_450' title='bbox 1511 1410 1616 1438; x_wconf 89' lang='lat' dir='ltr'><strong>oriente</strong></span> <span class='ocrx_word' id='word_1_451' title='bbox 1635 1412 1758 1448; x_wconf 86' lang='lat' dir='ltr'><strong>adusque</strong></span> 
     </span>
    </p>
   </div>
   <div class='ocr_carea' id='block_1_62' title="bbox 969 1449 1758 1491">
    <p class='ocr_par' dir='ltr' id='par_1_62' title="bbox 969 1449 1758 1491">
     <span class='ocr_line' id='line_1_62' title="bbox 969 1449 1758 1491; baseline 0.014 -15"><span class='ocrx_word' id='word_1_452' title='bbox 969 1449 1041 1485; x_wconf 73' lang='lat' dir='ltr'><strong>signi</strong></span> <span class='ocrx_word' id='word_1_453' title='bbox 1070 1450 1160 1478; x_wconf 85' lang='lat' dir='ltr'><strong>locum</strong></span> <span class='ocrx_word' id='word_1_454' title='bbox 1173 1459 1223 1486; x_wconf 91' lang='lat' dir='ltr'><strong>pro</strong></span> <span class='ocrx_word' id='word_1_455' title='bbox 1239 1454 1427 1482; x_wconf 87' lang='lat' dir='ltr'><strong>anniversaria</strong></span> <span class='ocrx_word' id='word_1_456' title='bbox 1442 1459 1469 1482; x_wconf 91' lang='lat' dir='ltr'><strong>et</strong></span> <span class='ocrx_word' id='word_1_457' title='bbox 1481 1456 1678 1491; x_wconf 88' lang='lat' dir='ltr'><strong>quinquiformi</strong></span> <span class='ocrx_word' id='word_1_458' title='bbox 1698 1467 1758 1487; x_wconf 90' lang='lat' dir='ltr'><strong>mo-</strong></span> 
     </span>
    </p>
   </div>
   <div class='ocr_carea' id='block_1_63' title="bbox 970 1494 1757 1537">
    <p class='ocr_par' dir='ltr' id='par_1_63' title="bbox 970 1494 1757 1537">
     <span class='ocr_line' id='line_1_63' title="bbox 970 1494 1757 1537; baseline 0.015 -16"><span class='ocrx_word' id='word_1_459' title='bbox 970 1495 1055 1523; x_wconf 90' lang='lat' dir='ltr'><strong>tione.</strong></span> <span class='ocrx_word' id='word_1_460' title='bbox 1064 1494 1157 1531; x_wconf 89' lang='lat' dir='ltr'><strong>Neque</strong></span> <span class='ocrx_word' id='word_1_461' title='bbox 1170 1497 1243 1525; x_wconf 90' lang='lat' dir='ltr'><strong>enim</strong></span> <span class='ocrx_word' id='word_1_462' title='bbox 1258 1499 1342 1526; x_wconf 87' lang='lat' dir='ltr'><strong>semel</strong></span> <span class='ocrx_word' id='word_1_463' title='bbox 1357 1507 1485 1536; x_wconf 78' lang='lat' dir='ltr'><strong>egressus</strong></span> <span class='ocrx_word' id='word_1_464' title='bbox 1499 1502 1607 1537; x_wconf 82' lang='lat' dir='ltr'><strong>signum</strong></span> <span class='ocrx_word' id='word_1_465' title='bbox 1615 1504 1716 1533; x_wconf 85' lang='lat' dir='ltr'><strong>Arietis</strong></span> <span class='ocrx_word' id='word_1_466' title='bbox 1729 1507 1757 1534; x_wconf 92' lang='lat' dir='ltr'><strong>in</strong></span> 
     </span>
    </p>
   </div>
   <div class='ocr_carea' id='block_1_64' title="bbox 970 1542 1757 1586">
    <p class='ocr_par' dir='ltr' id='par_1_64' title="bbox 970 1542 1757 1586">
     <span class='ocr_line' id='line_1_64' title="bbox 970 1542 1757 1586; baseline 0.014 -18"><span class='ocrx_word' id='word_1_467' title='bbox 970 1542 1086 1574; x_wconf 88' lang='lat' dir='ltr'><strong>oriente,</strong></span> <span class='ocrx_word' id='word_1_468' title='bbox 1111 1547 1234 1578; x_wconf 86' lang='lat' dir='ltr'><strong>repetere</strong></span> <span class='ocrx_word' id='word_1_469' title='bbox 1246 1544 1313 1571; x_wconf 92' lang='lat' dir='ltr'><strong>illud</strong></span> <span class='ocrx_word' id='word_1_470' title='bbox 1333 1549 1457 1580; x_wconf 89' lang='lat' dir='ltr'><strong>poterat,</strong></span> <span class='ocrx_word' id='word_1_471' title='bbox 1473 1547 1526 1574; x_wconf 94' lang='lat' dir='ltr'><strong>nisi</strong></span> <span class='ocrx_word' id='word_1_472' title='bbox 1550 1548 1664 1577; x_wconf 88' lang='lat' dir='ltr'><strong>decursa</strong></span> <span class='ocrx_word' id='word_1_473' title='bbox 1679 1552 1757 1586; x_wconf 85' lang='lat' dir='ltr'><strong>prius</strong></span> 
     </span>
    </p>
   </div>
   <div class='ocr_carea' id='block_1_65' title="bbox 127 1585 917 1629">
    <p class='ocr_par' dir='ltr' id='par_1_65' title="bbox 127 1588 854 1627">
     <span class='ocr_line' id='line_1_65' title="bbox 127 1588 854 1627; baseline -0.003 -9"><span class='ocrx_word' id='word_1_474' title='bbox 127 1592 207 1627; x_wconf 84' lang='grc' dir='ltr'>αιτίῳ</span> <span class='ocrx_word' id='word_1_475' title='bbox 225 1592 295 1627; x_wconf 84' lang='grc' dir='ltr'>μόνῳ</span> <span class='ocrx_word' id='word_1_476' title='bbox 311 1590 370 1626; x_wconf 83' lang='grc' dir='ltr'><strong>Θεῷ</strong></span> <span class='ocrx_word' id='word_1_477' title='bbox 385 1590 580 1624; x_wconf 82' lang='grc' dir='ltr'>διαταττόμενα</span> <span class='ocrx_word' id='word_1_478' title='bbox 594 1588 640 1615; x_wconf 79' lang='grc' dir='ltr'><strong>καὶ</strong></span> <span class='ocrx_word' id='word_1_479' title='bbox 652 1588 854 1624; x_wconf 82' lang='grc' dir='ltr'>κυϐερνώμενα.</span> 
     </span>
    </p>
   </div>
   <div class='ocr_carea' id='block_1_66' title="bbox 968 1585 1756 1629">
    <p class='ocr_par' dir='ltr' id='par_1_66' title="bbox 970 1585 1756 1629">
     <span class='ocr_line' id='line_1_66' title="bbox 970 1585 1756 1629; baseline 0.014 -15"><span class='ocrx_word' id='word_1_480' title='bbox 970 1588 1157 1616; x_wconf 84' lang='lat' dir='ltr'><strong>anniversaria</strong></span> <span class='ocrx_word' id='word_1_481' title='bbox 1172 1590 1302 1624; x_wconf 84' lang='lat' dir='ltr'><strong>periodo;</strong></span> <span class='ocrx_word' id='word_1_482' title='bbox 1323 1592 1369 1618; x_wconf 86' lang='lat' dir='ltr'><strong>sed</strong></span> <span class='ocrx_word' id='word_1_483' title='bbox 1386 1599 1476 1627; x_wconf 88' lang='lat' dir='ltr'><strong>neque</strong></span> <span class='ocrx_word' id='word_1_484' title='bbox 1485 1593 1564 1621; x_wconf 88' lang='lat' dir='ltr'><strong>aliter</strong></span> <span class='ocrx_word' id='word_1_485' title='bbox 1576 1585 1687 1629; x_wconf 18' lang='lat' dir='ltr'><strong>poterat,</strong></span> <span class='ocrx_word' id='word_1_486' title='bbox 1698 1597 1756 1626; x_wconf 78' lang='lat' dir='ltr'><strong>fieri</strong></span> 
     </span>
    </p>
   </div>
   <div class='ocr_carea' id='block_1_67' title="bbox 127 1635 1757 1677">
    <p class='ocr_par' dir='ltr' id='par_1_67' title="bbox 127 1635 1757 1677">
     <span class='ocr_line' id='line_1_67' title="bbox 127 1635 1757 1677; baseline 0.004 -12"><span class='ocrx_word' id='word_1_487' title='bbox 127 1643 160 1666; x_wconf 79' lang='lat' dir='ltr'><strong>nt</strong></span> <span class='ocrx_word' id='word_1_488' title='bbox 173 1639 219 1674; x_wconf 90' lang='lat' dir='ltr'><strong>qui</strong></span> <span class='ocrx_word' id='word_1_489' title='bbox 232 1639 315 1666; x_wconf 82' lang='lat' dir='ltr'><strong>semel</strong></span> <span class='ocrx_word' id='word_1_490' title='bbox 328 1637 489 1665; x_wconf 86' lang='lat' dir='ltr'><strong>descivisset</strong></span> <span class='ocrx_word' id='word_1_491' title='bbox 504 1637 538 1664; x_wconf 90' lang='lat' dir='ltr'><strong>ab</strong></span> <span class='ocrx_word' id='word_1_492' title='bbox 548 1643 581 1663; x_wconf 90' lang='lat' dir='ltr'><strong>eo</strong></span> <span class='ocrx_word' id='word_1_493' title='bbox 595 1635 674 1671; x_wconf 82' lang='lat' dir='ltr'><strong>signo</strong></span> <span class='ocrx_word' id='word_1_494' title='bbox 690 1656 697 1668; x_wconf 86' lang='lat'><strong>,</strong></span> <span class='ocrx_word' id='word_1_495' title='bbox 710 1643 765 1671; x_wconf 88' lang='lat' dir='ltr'><strong>quo</strong></span> <span class='ocrx_word' id='word_1_496' title='bbox 780 1640 837 1662; x_wconf 92' lang='lat' dir='ltr'><strong>tum</strong></span> <span class='ocrx_word' id='word_1_497' title='bbox 859 1635 940 1671; x_wconf 79' lang='lat'><strong>260</strong></span> <span class='ocrx_word' id='word_1_498' title='bbox 964 1639 1033 1666; x_wconf 84' lang='lat' dir='ltr'><strong>erat,</strong></span> <span class='ocrx_word' id='word_1_499' title='bbox 1051 1635 1160 1670; x_wconf 82' lang='lat' dir='ltr'><strong>quando</strong></span> <span class='ocrx_word' id='word_1_500' title='bbox 1181 1636 1232 1664; x_wconf 90' lang='lat' dir='ltr'><strong>sub</strong></span> <span class='ocrx_word' id='word_1_501' title='bbox 1258 1636 1373 1665; x_wconf 85' lang='lat' dir='ltr'><strong>Ezechia</strong></span> <span class='ocrx_word' id='word_1_502' title='bbox 1398 1641 1513 1676; x_wconf 76' lang='lat' dir='ltr'><strong>contigit</strong></span> <span class='ocrx_word' id='word_1_503' title='bbox 1538 1642 1657 1677; x_wconf 80' lang='lat' dir='ltr'><strong>signum,</strong></span> <span class='ocrx_word' id='word_1_504' title='bbox 1683 1643 1757 1671; x_wconf 84' lang='lat' dir='ltr'><strong>velut</strong></span> 
     </span>
    </p>
   </div>
   <div class='ocr_carea' id='block_1_68' title="bbox 127 1680 1754 1722">
    <p class='ocr_par' dir='ltr' id='par_1_68' title="bbox 127 1680 1754 1722">
     <span class='ocr_line' id='line_1_68' title="bbox 127 1680 1754 1722; baseline 0.003 -10"><span class='ocrx_word' id='word_1_505' title='bbox 127 1684 297 1720; x_wconf 84' lang='lat' dir='ltr'><strong>postliminio</strong></span> <span class='ocrx_word' id='word_1_506' title='bbox 311 1685 382 1710; x_wconf 78' lang='lat' dir='ltr'><strong>sein</strong></span> <span class='ocrx_word' id='word_1_507' title='bbox 395 1683 464 1710; x_wconf 92' lang='lat' dir='ltr'><strong>idem</strong></span> <span class='ocrx_word' id='word_1_508' title='bbox 481 1681 687 1716; x_wconf 81' lang='lat' dir='ltr'><strong>rcdintegraret,</strong></span> <span class='ocrx_word' id='word_1_509' title='bbox 715 1680 766 1708; x_wconf 90' lang='lat' dir='ltr'><strong>nisi</strong></span> <span class='ocrx_word' id='word_1_510' title='bbox 777 1680 931 1707; x_wconf 84' lang='lat' dir='ltr'><strong>intercessu</strong></span> <span class='ocrx_word' id='word_1_511' title='bbox 951 1680 1063 1707; x_wconf 88' lang='lat' dir='ltr'><strong>alterius</strong></span> <span class='ocrx_word' id='word_1_512' title='bbox 1078 1681 1274 1708; x_wconf 67' lang='lat' dir='ltr'><strong>anniversaria:</strong></span> <span class='ocrx_word' id='word_1_513' title='bbox 1293 1685 1505 1717; x_wconf 77' lang='lat' dir='ltr'><strong>progressionis.</strong></span> <span class='ocrx_word' id='word_1_514' title='bbox 1519 1685 1666 1722; x_wconf 84' lang='lat' dir='ltr'><strong>Propterea</strong></span> <span class='ocrx_word' id='word_1_515' title='bbox 1693 1689 1731 1716; x_wconf 87' lang='lat' dir='ltr'><strong>ait</strong></span> <span class='ocrx_word' id='word_1_516' title='bbox 1748 1700 1754 1717; x_wconf 91' lang='lat'>:</span> 
     </span>
    </p>
   </div>
   <div class='ocr_carea' id='block_1_69' title="bbox 127 1726 1757 1766">
    <p class='ocr_par' dir='ltr' id='par_1_69' title="bbox 127 1726 1757 1766">
     <span class='ocr_line' id='line_1_69' title="bbox 127 1726 1757 1766; baseline 0.004 -9"><span class='ocrx_word' id='word_1_517' title='bbox 127 1731 217 1765; x_wconf 83' lang='lat' dir='ltr'><strong>Quam</strong></span> <span class='ocrx_word' id='word_1_518' title='bbox 234 1729 449 1757; x_wconf 85' lang='lat' dir='ltr'><strong>anniversariam</strong></span> <span class='ocrx_word' id='word_1_519' title='bbox 469 1727 617 1755; x_wconf 89' lang='lat' dir='ltr'><strong>motionem</strong></span> <span class='ocrx_word' id='word_1_520' title='bbox 640 1727 712 1754; x_wconf 86' lang='lat' dir='ltr'><strong>intra</strong></span> <span class='ocrx_word' id='word_1_521' title='bbox 739 1727 823 1754; x_wconf 85' lang='lat' dir='ltr'><strong>horas</strong></span> <span class='ocrx_word' id='word_1_522' title='bbox 850 1727 942 1754; x_wconf 86' lang='lat' dir='ltr'><strong>decem</strong></span> <span class='ocrx_word' id='word_1_523' title='bbox 960 1734 1010 1754; x_wconf 88' lang='lat' dir='ltr'><strong>suo</strong></span> <span class='ocrx_word' id='word_1_524' title='bbox 1022 1726 1110 1754; x_wconf 88' lang='lat' dir='ltr'><strong>reditu</strong></span> <span class='ocrx_word' id='word_1_525' title='bbox 1123 1728 1261 1756; x_wconf 82' lang='lat' dir='ltr'><strong>contraxit</strong></span> <span class='ocrx_word' id='word_1_526' title='bbox 1273 1737 1288 1755; x_wconf 87' lang='lat' dir='ltr'><strong>a</strong></span> <span class='ocrx_word' id='word_1_527' title='bbox 1300 1729 1360 1756; x_wconf 92' lang='lat' dir='ltr'><strong>loco</strong></span> <span class='ocrx_word' id='word_1_528' title='bbox 1372 1730 1399 1758; x_wconf 92' lang='lat' dir='ltr'><strong>in</strong></span> <span class='ocrx_word' id='word_1_529' title='bbox 1416 1739 1470 1766; x_wconf 89' lang='lat' dir='ltr'><strong>quo</strong></span> <span class='ocrx_word' id='word_1_530' title='bbox 1482 1732 1618 1761; x_wconf 88' lang='lat' dir='ltr'><strong>indultum</strong></span> <span class='ocrx_word' id='word_1_531' title='bbox 1637 1739 1679 1762; x_wconf 86' lang='lat' dir='ltr'><strong>est</strong></span> <span class='ocrx_word' id='word_1_532' title='bbox 1691 1735 1757 1764; x_wconf 83' lang='lat' dir='ltr'><strong>Eze-</strong></span> 
     </span>
    </p>
   </div>
   <div class='ocr_carea' id='block_1_70' title="bbox 127 1775 1757 1814">
    <p class='ocr_par' dir='ltr' id='par_1_70' title="bbox 127 1775 1757 1814">
     <span class='ocr_line' id='line_1_70' title="bbox 127 1775 1757 1814; baseline 0.001 -7"><span class='ocrx_word' id='word_1_533' title='bbox 127 1780 198 1807; x_wconf 65' lang='lat' dir='ltr'><strong>cltim</strong></span> <span class='ocrx_word' id='word_1_534' title='bbox 223 1780 348 1814; x_wconf 73' lang='lat' dir='ltr'><strong>signum,</strong></span> <span class='ocrx_word' id='word_1_535' title='bbox 370 1781 477 1805; x_wconf 89' lang='lat' dir='ltr'><strong>emotus</strong></span> <span class='ocrx_word' id='word_1_536' title='bbox 500 1777 539 1804; x_wconf 93' lang='lat' dir='ltr'><strong>sol</strong></span> <span class='ocrx_word' id='word_1_537' title='bbox 567 1776 595 1802; x_wconf 93' lang='lat' dir='ltr'><strong>in</strong></span> <span class='ocrx_word' id='word_1_538' title='bbox 622 1775 771 1807; x_wconf 81' lang='lat' dir='ltr'><strong>orientem,</strong></span> <span class='ocrx_word' id='word_1_539' title='bbox 787 1775 910 1802; x_wconf 83' lang='lat' dir='ltr'><strong>eamdem</strong></span> <span class='ocrx_word' id='word_1_540' title='bbox 926 1782 1040 1809; x_wconf 89' lang='lat' dir='ltr'><strong>prorsus</strong></span> <span class='ocrx_word' id='word_1_541' title='bbox 1055 1776 1119 1802; x_wconf 92' lang='lat' dir='ltr'><strong>anni</strong></span> <span class='ocrx_word' id='word_1_542' title='bbox 1131 1775 1228 1811; x_wconf 81' lang='lat' dir='ltr'><strong>integri</strong></span> <span class='ocrx_word' id='word_1_543' title='bbox 1244 1777 1316 1803; x_wconf 87' lang='lat' dir='ltr'><strong>viam</strong></span> <span class='ocrx_word' id='word_1_544' title='bbox 1334 1777 1376 1804; x_wconf 89' lang='lat' dir='ltr'><strong>sol</strong></span> <span class='ocrx_word' id='word_1_545' title='bbox 1392 1777 1426 1804; x_wconf 89' lang='lat' dir='ltr'><strong>ab</strong></span> <span class='ocrx_word' id='word_1_546' title='bbox 1440 1781 1502 1805; x_wconf 87' lang='lat' dir='ltr'><strong>ortu</strong></span> <span class='ocrx_word' id='word_1_547' title='bbox 1532 1780 1565 1806; x_wconf 90' lang='lat' dir='ltr'><strong>ad</strong></span> <span class='ocrx_word' id='word_1_548' title='bbox 1593 1781 1681 1808; x_wconf 85' lang='lat' dir='ltr'><strong>locum</strong></span> <span class='ocrx_word' id='word_1_549' title='bbox 1709 1791 1757 1811; x_wconf 87' lang='lat' dir='ltr'><strong>us-</strong></span> 
     </span>
    </p>
   </div>
   <div class='ocr_carea' id='block_1_71' title="bbox 127 1821 1756 1860">
    <p class='ocr_par' dir='ltr' id='par_1_71' title="bbox 127 1821 1756 1860">
     <span class='ocr_line' id='line_1_71' title="bbox 127 1821 1756 1860; baseline 0 -7"><span class='ocrx_word' id='word_1_550' title='bbox 127 1829 181 1860; x_wconf 75' lang='lat' dir='ltr'><strong>que</strong></span> <span class='ocrx_word' id='word_1_551' title='bbox 202 1826 228 1852; x_wconf 87' lang='lat' dir='ltr'><strong>in</strong></span> <span class='ocrx_word' id='word_1_552' title='bbox 243 1832 297 1860; x_wconf 78' lang='lat' dir='ltr'><strong>quo</strong></span> <span class='ocrx_word' id='word_1_553' title='bbox 310 1823 459 1851; x_wconf 74' lang='lat' dir='ltr'><strong>exhibitum</strong></span> <span class='ocrx_word' id='word_1_554' title='bbox 474 1825 516 1849; x_wconf 89' lang='lat' dir='ltr'><strong>est</strong></span> <span class='ocrx_word' id='word_1_555' title='bbox 527 1821 646 1856; x_wconf 77' lang='lat' dir='ltr'><strong>signum,</strong></span> <span class='ocrx_word' id='word_1_556' title='bbox 662 1821 756 1849; x_wconf 88' lang='lat' dir='ltr'><strong>decem</strong></span> <span class='ocrx_word' id='word_1_557' title='bbox 771 1821 832 1849; x_wconf 89' lang='lat' dir='ltr'><strong>aliis</strong></span> <span class='ocrx_word' id='word_1_558' title='bbox 848 1821 962 1855; x_wconf 79' lang='lat' dir='ltr'><strong>perfecit</strong></span> <span class='ocrx_word' id='word_1_559' title='bbox 977 1821 1064 1849; x_wconf 89' lang='lat' dir='ltr'><strong>horis.</strong></span> <span class='ocrx_word' id='word_1_560' title='bbox 1088 1821 1121 1848; x_wconf 83' lang='lat' dir='ltr'><strong>Et</strong></span> <span class='ocrx_word' id='word_1_561' title='bbox 1138 1830 1204 1850; x_wconf 86' lang='lat' dir='ltr'><strong>sane</strong></span> <span class='ocrx_word' id='word_1_562' title='bbox 1231 1823 1283 1850; x_wconf 89' lang='lat' dir='ltr'><strong>hoc</strong></span> <span class='ocrx_word' id='word_1_563' title='bbox 1306 1827 1375 1856; x_wconf 86' lang='lat' dir='ltr'><strong>erat,</strong></span> <span class='ocrx_word' id='word_1_564' title='bbox 1389 1824 1462 1858; x_wconf 91' lang='lat' dir='ltr'><strong>quod</strong></span> <span class='ocrx_word' id='word_1_565' title='bbox 1490 1826 1671 1857; x_wconf 84' lang='lat' dir='ltr'><strong>admiratione</strong></span> <span class='ocrx_word' id='word_1_566' title='bbox 1695 1834 1756 1857; x_wconf 85' lang='lat' dir='ltr'><strong>stu-</strong></span> 
     </span>
    </p>
   </div>
   <div class='ocr_carea' id='block_1_72' title="bbox 127 1867 1757 1910">
    <p class='ocr_par' dir='ltr' id='par_1_72' title="bbox 127 1867 1757 1910">
     <span class='ocr_line' id='line_1_72' title="bbox 127 1867 1757 1910; baseline 0.002 -11"><span class='ocrx_word' id='word_1_567' title='bbox 127 1880 250 1908; x_wconf 82' lang='lat' dir='ltr'><strong>poreque</strong></span> <span class='ocrx_word' id='word_1_568' title='bbox 267 1870 386 1906; x_wconf 84' lang='lat' dir='ltr'><strong>implevit</strong></span> <span class='ocrx_word' id='word_1_569' title='bbox 419 1873 485 1896; x_wconf 93' lang='lat' dir='ltr'><strong>tunc</strong></span> <span class='ocrx_word' id='word_1_570' title='bbox 503 1867 666 1904; x_wconf 85' lang='lat' dir='ltr'><strong>Babylonios</strong></span> <span class='ocrx_word' id='word_1_571' title='bbox 681 1887 689 1900; x_wconf 82' lang='lat'><strong>,</strong></span> <span class='ocrx_word' id='word_1_572' title='bbox 718 1875 816 1902; x_wconf 84' lang='lat' dir='ltr'><strong>nempe</strong></span> <span class='ocrx_word' id='word_1_573' title='bbox 837 1868 886 1895; x_wconf 88' lang='lat' dir='ltr'><strong>uni</strong></span> <span class='ocrx_word' id='word_1_574' title='bbox 906 1867 1029 1895; x_wconf 80' lang='lat' dir='ltr'><strong>addiCtos</strong></span> <span class='ocrx_word' id='word_1_575' title='bbox 1050 1868 1202 1896; x_wconf 66' lang='lat' dir='ltr'><strong>caelestium</strong></span> <span class='ocrx_word' id='word_1_576' title='bbox 1241 1870 1379 1905; x_wconf 82' lang='lat' dir='ltr'><strong>signorum</strong></span> <span class='ocrx_word' id='word_1_577' title='bbox 1403 1873 1639 1907; x_wconf 85' lang='lat' dir='ltr'><strong>contemplationi,</strong></span> <span class='ocrx_word' id='word_1_578' title='bbox 1668 1875 1757 1910; x_wconf 83' lang='lat' dir='ltr'><strong>deque</strong></span> 
     </span>
    </p>
   </div>
   <div class='ocr_carea' id='block_1_73' title="bbox 128 1911 1755 1955">
    <p class='ocr_par' dir='ltr' id='par_1_73' title="bbox 128 1911 1755 1955">
     <span class='ocr_line' id='line_1_73' title="bbox 128 1911 1755 1955; baseline -0.001 -9"><span class='ocrx_word' id='word_1_579' title='bbox 128 1919 212 1946; x_wconf 87' lang='lat' dir='ltr'><strong>astris</strong></span> <span class='ocrx_word' id='word_1_580' title='bbox 233 1917 317 1948; x_wconf 85' lang='lat' dir='ltr'><strong>multa</strong></span> <span class='ocrx_word' id='word_1_581' title='bbox 343 1912 521 1942; x_wconf 85' lang='lat' dir='ltr'><strong>commentari</strong></span> <span class='ocrx_word' id='word_1_582' title='bbox 546 1913 651 1940; x_wconf 51' lang='lat' dir='ltr'><strong>solitos.</strong></span> <span class='ocrx_word' id='word_1_583' title='bbox 678 1911 735 1939; x_wconf 83' lang='lat' dir='ltr'><strong>Hoc</strong></span> <span class='ocrx_word' id='word_1_584' title='bbox 757 1911 910 1947; x_wconf 77' lang='lat' dir='ltr'><strong>prodigium</strong></span> <span class='ocrx_word' id='word_1_585' title='bbox 927 1912 1003 1939; x_wconf 94' lang='lat' dir='ltr'><strong>nullo</strong></span> <span class='ocrx_word' id='word_1_586' title='bbox 1015 1920 1112 1947; x_wconf 71' lang='lat' dir='ltr'><strong>pugnae</strong></span> <span class='ocrx_word' id='word_1_587' title='bbox 1127 1914 1229 1948; x_wconf 65' lang='lat' dir='ltr'><strong>praevio</strong></span> <span class='ocrx_word' id='word_1_588' title='bbox 1241 1922 1391 1948; x_wconf 79' lang='lat' dir='ltr'><strong>congressu</strong></span> <span class='ocrx_word' id='word_1_589' title='bbox 1413 1916 1521 1943; x_wconf 87' lang='lat' dir='ltr'><strong>eosdem</strong></span> <span class='ocrx_word' id='word_1_590' title='bbox 1551 1919 1658 1955; x_wconf 75' lang='lat' dir='ltr'><strong>subegit</strong></span> <span class='ocrx_word' id='word_1_591' title='bbox 1686 1920 1755 1950; x_wconf 83' lang='lat' dir='ltr'><strong>Eze-</strong></span> 
     </span>
    </p>
   </div>
   <div class='ocr_carea' id='block_1_74' title="bbox 127 1959 1756 2000">
    <p class='ocr_par' dir='ltr' id='par_1_74' title="bbox 127 1959 1756 2000">
     <span class='ocr_line' id='line_1_74' title="bbox 127 1959 1756 2000; baseline -0.001 -7"><span class='ocrx_word' id='word_1_592' title='bbox 127 1965 197 1993; x_wconf 82' lang='lat' dir='ltr'><strong>chia:</strong></span> <span class='ocrx_word' id='word_1_593' title='bbox 212 1965 267 2000; x_wconf 80' lang='lat' dir='ltr'><strong>regi</strong></span> <span class='ocrx_word' id='word_1_594' title='bbox 280 1962 448 1991; x_wconf 80' lang='lat' dir='ltr'><strong>Hierusalem</strong></span> <span class='ocrx_word' id='word_1_595' title='bbox 467 1959 566 1994; x_wconf 88' lang='lat' dir='ltr'><strong>:quasi</strong></span> <span class='ocrx_word' id='word_1_596' title='bbox 589 1959 635 1994; x_wconf 92' lang='lat' dir='ltr'><strong>qui</strong></span> <span class='ocrx_word' id='word_1_597' title='bbox 659 1959 714 1986; x_wconf 91' lang='lat' dir='ltr'><strong>Deo</strong></span> <span class='ocrx_word' id='word_1_598' title='bbox 732 1959 850 1993; x_wconf 91' lang='lat' dir='ltr'><strong>cuipiam</strong></span> <span class='ocrx_word' id='word_1_599' title='bbox 866 1965 916 1993; x_wconf 86' lang='lat' dir='ltr'><strong>par</strong></span> <span class='ocrx_word' id='word_1_600' title='bbox 929 1965 1012 1991; x_wconf 85' lang='lat' dir='ltr'><strong>esset,</strong></span> <span class='ocrx_word' id='word_1_601' title='bbox 1030 1966 1062 1986; x_wconf 86' lang='lat' dir='ltr'><strong>ac</strong></span> <span class='ocrx_word' id='word_1_602' title='bbox 1088 1960 1114 1986; x_wconf 83' lang='lat' dir='ltr'><strong>vi</strong></span> <span class='ocrx_word' id='word_1_603' title='bbox 1130 1960 1248 1994; x_wconf 87' lang='lat' dir='ltr'><strong>quadam</strong></span> <span class='ocrx_word' id='word_1_604' title='bbox 1274 1961 1434 1996; x_wconf 83' lang='lat' dir='ltr'><strong>augustiore</strong></span> <span class='ocrx_word' id='word_1_605' title='bbox 1468 1963 1597 1997; x_wconf 67' lang='lat' dir='ltr'><strong>praeditus</strong></span> <span class='ocrx_word' id='word_1_606' title='bbox 1609 1985 1617 1998; x_wconf 90' lang='lat'><strong>,</strong></span> <span class='ocrx_word' id='word_1_607' title='bbox 1643 1970 1756 1996; x_wconf 69' lang='lat' dir='ltr'><strong>caeteros</strong></span> 
     </span>
    </p>
   </div>
   <div class='ocr_carea' id='block_1_75' title="bbox 129 2007 1757 2048">
    <p class='ocr_par' dir='ltr' id='par_1_75' title="bbox 129 2007 1757 2048">
     <span class='ocr_line' id='line_1_75' title="bbox 129 2007 1757 2048; baseline 0 -10"><span class='ocrx_word' id='word_1_608' title='bbox 129 2012 246 2039; x_wconf 86' lang='lat' dir='ltr'><strong>anteiret</strong></span> <span class='ocrx_word' id='word_1_609' title='bbox 258 2009 398 2036; x_wconf 85' lang='lat' dir='ltr'><strong>mortales.</strong></span> <span class='ocrx_word' id='word_1_610' title='bbox 410 2007 465 2035; x_wconf 87' lang='lat' dir='ltr'><strong>Nec</strong></span> <span class='ocrx_word' id='word_1_611' title='bbox 477 2008 532 2042; x_wconf 90' lang='lat' dir='ltr'><strong>jam</strong></span> <span class='ocrx_word' id='word_1_612' title='bbox 547 2007 625 2043; x_wconf 82' lang='lat' dir='ltr'><strong>signa</strong></span> <span class='ocrx_word' id='word_1_613' title='bbox 637 2007 682 2034; x_wconf 89' lang='lat' dir='ltr'><strong>illa</strong></span> <span class='ocrx_word' id='word_1_614' title='bbox 699 2007 819 2042; x_wconf 83' lang='lat' dir='ltr'><strong>profero,</strong></span> <span class='ocrx_word' id='word_1_615' title='bbox 831 2007 915 2034; x_wconf 87' lang='lat' dir='ltr'><strong>multa</strong></span> <span class='ocrx_word' id='word_1_616' title='bbox 931 2007 993 2035; x_wconf 89' lang='lat' dir='ltr'><strong>licet</strong></span> <span class='ocrx_word' id='word_1_617' title='bbox 1008 2008 1089 2043; x_wconf 87' lang='lat' dir='ltr'><strong>plena</strong></span> <span class='ocrx_word' id='word_1_618' title='bbox 1107 2008 1308 2042; x_wconf 85' lang='lat' dir='ltr'><strong>admirationis,</strong></span> <span class='ocrx_word' id='word_1_619' title='bbox 1333 2009 1406 2038; x_wconf 88' lang='lat' dir='ltr'><strong>edita</strong></span> <span class='ocrx_word' id='word_1_620' title='bbox 1437 2011 1464 2040; x_wconf 90' lang='lat' dir='ltr'><strong>in</strong></span> <span class='ocrx_word' id='word_1_621' title='bbox 1479 2011 1599 2047; x_wconf 65' lang='lat' dir='ltr'><strong>Aigypto</strong></span> <span class='ocrx_word' id='word_1_622' title='bbox 1611 2014 1686 2048; x_wconf 71' lang='lat' dir='ltr'><strong>olim,</strong></span> <span class='ocrx_word' id='word_1_623' title='bbox 1709 2022 1757 2044; x_wconf 65' lang='lat' dir='ltr'><strong>au;</strong></span> 
     </span>
    </p>
   </div>
   <div class='ocr_carea' id='block_1_76' title="bbox 128 2055 1757 2097">
    <p class='ocr_par' dir='ltr' id='par_1_76' title="bbox 128 2055 1757 2097">
     <span class='ocr_line' id='line_1_76' title="bbox 128 2055 1757 2097; baseline 0.006 -17"><span class='ocrx_word' id='word_1_624' title='bbox 128 2059 182 2086; x_wconf 70' lang='lat' dir='ltr'><strong>alia</strong></span> <span class='ocrx_word' id='word_1_625' title='bbox 196 2057 298 2093; x_wconf 65' lang='lat' dir='ltr'><strong>qumvis</strong></span> <span class='ocrx_word' id='word_1_626' title='bbox 319 2056 380 2084; x_wconf 86' lang='lat' dir='ltr'><strong>aliis</strong></span> <span class='ocrx_word' id='word_1_627' title='bbox 394 2057 422 2082; x_wconf 90' lang='lat' dir='ltr'><strong>in</strong></span> <span class='ocrx_word' id='word_1_628' title='bbox 442 2056 507 2082; x_wconf 88' lang='lat' dir='ltr'><strong>locis</strong></span> <span class='ocrx_word' id='word_1_629' title='bbox 523 2055 662 2082; x_wconf 84' lang='lat' dir='ltr'><strong>exhibita:</strong></span> <span class='ocrx_word' id='word_1_630' title='bbox 679 2062 775 2082; x_wconf 85' lang='lat' dir='ltr'><strong>verum</strong></span> <span class='ocrx_word' id='word_1_631' title='bbox 791 2061 822 2081; x_wconf 86' lang='lat' dir='ltr'><strong>ea</strong></span> <span class='ocrx_word' id='word_1_632' title='bbox 841 2062 1107 2090; x_wconf 81' lang='lat' dir='ltr'><strong>commemoro,quae</strong></span> <span class='ocrx_word' id='word_1_633' title='bbox 1121 2055 1243 2083; x_wconf 91' lang='lat' dir='ltr'><strong>auditum</strong></span> <span class='ocrx_word' id='word_1_634' title='bbox 1261 2062 1302 2084; x_wconf 86' lang='lat' dir='ltr'><strong>est</strong></span> <span class='ocrx_word' id='word_1_635' title='bbox 1316 2057 1343 2083; x_wconf 92' lang='lat' dir='ltr'><strong>in</strong></span> <span class='ocrx_word' id='word_1_636' title='bbox 1359 2057 1429 2084; x_wconf 68' lang='lat' dir='ltr'><strong>coelo</strong></span> <span class='ocrx_word' id='word_1_637' title='bbox 1441 2057 1493 2085; x_wconf 90' lang='lat' dir='ltr'><strong>isto</strong></span> <span class='ocrx_word' id='word_1_638' title='bbox 1505 2060 1632 2088; x_wconf 90' lang='lat' dir='ltr'><strong>omnibus</strong></span> <span class='ocrx_word' id='word_1_639' title='bbox 1645 2063 1757 2097; x_wconf 74' lang='lat' dir='ltr'><strong>conspi-</strong></span> 
     </span>
    </p>
   </div>
   <div class='ocr_carea' id='block_1_77' title="bbox 127 2098 1757 2143">
    <p class='ocr_par' dir='ltr' id='par_1_77' title="bbox 127 2098 1757 2143">
     <span class='ocr_line' id='line_1_77' title="bbox 127 2098 1757 2143; baseline 0.004 -12"><span class='ocrx_word' id='word_1_640' title='bbox 127 2111 181 2131; x_wconf 91' lang='lat' dir='ltr'><strong>cuo</strong></span> <span class='ocrx_word' id='word_1_641' title='bbox 197 2103 355 2138; x_wconf 82' lang='lat' dir='ltr'><strong>contigisse,</strong></span> <span class='ocrx_word' id='word_1_642' title='bbox 369 2102 450 2136; x_wconf 88' lang='lat' dir='ltr'><strong>idque</strong></span> <span class='ocrx_word' id='word_1_643' title='bbox 465 2100 614 2136; x_wconf 71' lang='lat' dir='ltr'><strong>praesertim</strong></span> <span class='ocrx_word' id='word_1_644' title='bbox 631 2108 678 2135; x_wconf 80' lang='lat' dir='ltr'><strong>per</strong></span> <span class='ocrx_word' id='word_1_645' title='bbox 706 2100 801 2127; x_wconf 90' lang='lat' dir='ltr'><strong>solem.</strong></span> <span class='ocrx_word' id='word_1_646' title='bbox 826 2099 853 2126; x_wconf 91' lang='lat' dir='ltr'><strong>Si</strong></span> <span class='ocrx_word' id='word_1_647' title='bbox 872 2098 938 2134; x_wconf 90' lang='lat' dir='ltr'><strong>quid</strong></span> <span class='ocrx_word' id='word_1_648' title='bbox 962 2099 1035 2126; x_wconf 89' lang='lat' dir='ltr'><strong>enim</strong></span> <span class='ocrx_word' id='word_1_649' title='bbox 1060 2107 1136 2127; x_wconf 70' lang='lat' dir='ltr'><strong>nova:</strong></span> <span class='ocrx_word' id='word_1_650' title='bbox 1156 2100 1196 2127; x_wconf 80' lang='lat' dir='ltr'><strong>rei</strong></span> <span class='ocrx_word' id='word_1_651' title='bbox 1223 2101 1274 2127; x_wconf 91' lang='lat' dir='ltr'><strong>soli</strong></span> <span class='ocrx_word' id='word_1_652' title='bbox 1305 2102 1472 2137; x_wconf 89' lang='lat' dir='ltr'><strong>obvenerit,</strong></span> <span class='ocrx_word' id='word_1_653' title='bbox 1491 2114 1572 2133; x_wconf 89' lang='lat' dir='ltr'><strong>nemo</strong></span> <span class='ocrx_word' id='word_1_654' title='bbox 1605 2111 1648 2135; x_wconf 89' lang='lat' dir='ltr'><strong>est</strong></span> <span class='ocrx_word' id='word_1_655' title='bbox 1678 2109 1757 2143; x_wconf 92' lang='lat' dir='ltr'><strong>(mo-</strong></span> 
     </span>
    </p>
   </div>
   <div class='ocr_carea' id='block_1_78' title="bbox 126 2146 1755 2188">
    <p class='ocr_par' dir='ltr' id='par_1_78' title="bbox 126 2146 1755 2188">
     <span class='ocr_line' id='line_1_78' title="bbox 126 2146 1755 2188; baseline 0.004 -12"><span class='ocrx_word' id='word_1_656' title='bbox 126 2150 164 2177; x_wconf 93' lang='lat' dir='ltr'><strong>do</strong></span> <span class='ocrx_word' id='word_1_657' title='bbox 176 2149 198 2177; x_wconf 92' lang='lat' dir='ltr'><strong>is</strong></span> <span class='ocrx_word' id='word_1_658' title='bbox 213 2148 297 2176; x_wconf 87' lang='lat' dir='ltr'><strong>solem</strong></span> <span class='ocrx_word' id='word_1_659' title='bbox 321 2147 410 2182; x_wconf 87' lang='lat' dir='ltr'><strong>ipsum</strong></span> <span class='ocrx_word' id='word_1_660' title='bbox 439 2148 657 2182; x_wconf 88' lang='lat' dir='ltr'><strong>contempletur)</strong></span> <span class='ocrx_word' id='word_1_661' title='bbox 685 2147 732 2182; x_wconf 94' lang='lat' dir='ltr'><strong>qui</strong></span> <span class='ocrx_word' id='word_1_662' title='bbox 756 2155 811 2174; x_wconf 92' lang='lat' dir='ltr'><strong>non</strong></span> <span class='ocrx_word' id='word_1_663' title='bbox 838 2146 905 2173; x_wconf 93' lang='lat' dir='ltr'><strong>illud</strong></span> <span class='ocrx_word' id='word_1_664' title='bbox 930 2146 1050 2174; x_wconf 88' lang='lat' dir='ltr'><strong>dilucide</strong></span> <span class='ocrx_word' id='word_1_665' title='bbox 1081 2152 1221 2182; x_wconf 81' lang='lat' dir='ltr'><strong>agnoscat.</strong></span> <span class='ocrx_word' id='word_1_666' title='bbox 1250 2147 1328 2180; x_wconf 88' lang='lat' dir='ltr'><strong>Quod</strong></span> <span class='ocrx_word' id='word_1_667' title='bbox 1361 2149 1384 2176; x_wconf 76' lang='lat' dir='ltr'><strong>Si</strong></span> <span class='ocrx_word' id='word_1_668' title='bbox 1412 2158 1446 2178; x_wconf 92' lang='lat' dir='ltr'><strong>ne</strong></span> <span class='ocrx_word' id='word_1_669' title='bbox 1474 2152 1517 2180; x_wconf 92' lang='lat' dir='ltr'><strong>his</strong></span> <span class='ocrx_word' id='word_1_670' title='bbox 1541 2154 1651 2188; x_wconf 84' lang='lat' dir='ltr'><strong>quidem</strong></span> <span class='ocrx_word' id='word_1_671' title='bbox 1674 2156 1755 2184; x_wconf 89' lang='lat' dir='ltr'><strong>tidem</strong></span> 
     </span>
    </p>
   </div>
   <div class='ocr_carea' id='block_1_79' title="bbox 127 2194 1754 2237">
    <p class='ocr_par' dir='ltr' id='par_1_79' title="bbox 127 2194 1754 2237">
     <span class='ocr_line' id='line_1_79' title="bbox 127 2194 1754 2237; baseline 0.005 -15"><span class='ocrx_word' id='word_1_672' title='bbox 127 2194 534 2229; x_wconf 84' lang='lat' dir='ltr'><strong>commodabitApollophanes,</strong></span> <span class='ocrx_word' id='word_1_673' title='bbox 549 2195 592 2222; x_wconf 82' lang='lat' dir='ltr'><strong>vel</strong></span> <span class='ocrx_word' id='word_1_674' title='bbox 604 2194 695 2222; x_wconf 71' lang='lat' dir='ltr'><strong>Persze</strong></span> <span class='ocrx_word' id='word_1_675' title='bbox 709 2195 761 2229; x_wconf 92' lang='lat' dir='ltr'><strong>ipsi</strong></span> <span class='ocrx_word' id='word_1_676' title='bbox 774 2194 933 2222; x_wconf 85' lang='lat' dir='ltr'><strong>testimonio</strong></span> <span class='ocrx_word' id='word_1_677' title='bbox 947 2202 1009 2222; x_wconf 83' lang='lat' dir='ltr'><strong>esse</strong></span> <span class='ocrx_word' id='word_1_678' title='bbox 1026 2198 1165 2228; x_wconf 86' lang='lat' dir='ltr'><strong>poterunt,</strong></span> <span class='ocrx_word' id='word_1_679' title='bbox 1194 2195 1240 2229; x_wconf 89' lang='lat' dir='ltr'><strong>qui</strong></span> <span class='ocrx_word' id='word_1_680' title='bbox 1265 2195 1392 2223; x_wconf 84' lang='lat' dir='ltr'><strong>Mithram</strong></span> <span class='ocrx_word' id='word_1_681' title='bbox 1422 2199 1531 2233; x_wconf 90' lang='lat' dir='ltr'><strong>quidem</strong></span> <span class='ocrx_word' id='word_1_682' title='bbox 1561 2203 1645 2229; x_wconf 89' lang='lat' dir='ltr'><strong>solem</strong></span> <span class='ocrx_word' id='word_1_683' title='bbox 1666 2203 1754 2237; x_wconf 88' lang='lat' dir='ltr'><strong>ipsum</strong></span> 
     </span>
    </p>
   </div>
   <div class='ocr_carea' id='block_1_80' title="bbox 127 2242 1754 2284">
    <p class='ocr_par' dir='ltr' id='par_1_80' title="bbox 127 2242 1754 2284">
     <span class='ocr_line' id='line_1_80' title="bbox 127 2242 1754 2284; baseline 0.004 -14"><span class='ocrx_word' id='word_1_684' title='bbox 127 2247 243 2275; x_wconf 89' lang='lat' dir='ltr'><strong>vocant;</strong></span> <span class='ocrx_word' id='word_1_685' title='bbox 260 2243 313 2270; x_wconf 89' lang='lat' dir='ltr'><strong>diei</strong></span> <span class='ocrx_word' id='word_1_686' title='bbox 329 2247 418 2270; x_wconf 88' lang='lat' dir='ltr'><strong>autem</strong></span> <span class='ocrx_word' id='word_1_687' title='bbox 435 2243 508 2270; x_wconf 91' lang='lat' dir='ltr'><strong>illius</strong></span> <span class='ocrx_word' id='word_1_688' title='bbox 521 2243 673 2270; x_wconf 87' lang='lat' dir='ltr'><strong>mirabilem</strong></span> <span class='ocrx_word' id='word_1_689' title='bbox 689 2250 803 2277; x_wconf 86' lang='lat' dir='ltr'><strong>prorsus</strong></span> <span class='ocrx_word' id='word_1_690' title='bbox 817 2242 1016 2275; x_wconf 81' lang='lat' dir='ltr'><strong>extensionem,</strong></span> <span class='ocrx_word' id='word_1_691' title='bbox 1037 2250 1084 2277; x_wconf 89' lang='lat' dir='ltr'><strong>per</strong></span> <span class='ocrx_word' id='word_1_692' title='bbox 1109 2242 1180 2269; x_wconf 88' lang='lat' dir='ltr'><strong>ritus</strong></span> <span class='ocrx_word' id='word_1_693' title='bbox 1203 2251 1273 2278; x_wconf 90' lang='lat' dir='ltr'><strong>quos</strong></span> <span class='ocrx_word' id='word_1_694' title='bbox 1300 2248 1411 2279; x_wconf 84' lang='lat' dir='ltr'><strong>propter</strong></span> <span class='ocrx_word' id='word_1_695' title='bbox 1436 2246 1595 2273; x_wconf 80' lang='lat' dir='ltr'><strong>memoriam</strong></span> <span class='ocrx_word' id='word_1_696' title='bbox 1624 2249 1754 2284; x_wconf 67' lang='lat' dir='ltr'><strong>triplicati</strong></span> 
     </span>
    </p>
   </div>
   <div class='ocr_carea' id='block_1_81' title="bbox 127 2288 1755 2325">
    <p class='ocr_par' dir='ltr' id='par_1_81' title="bbox 127 2288 1755 2325">
     <span class='ocr_line' id='line_1_81' title="bbox 127 2288 1755 2325; baseline 0.003 -8"><span class='ocrx_word' id='word_1_697' title='bbox 127 2291 196 2318; x_wconf 90' lang='lat' dir='ltr'><strong>solis</strong></span> <span class='ocrx_word' id='word_1_698' title='bbox 212 2291 368 2321; x_wconf 87' lang='lat' dir='ltr'><strong>observant,</strong></span> <span class='ocrx_word' id='word_1_699' title='bbox 384 2289 549 2324; x_wconf 79' lang='lat' dir='ltr'><strong>signiﬁcant.</strong></span> <span class='ocrx_word' id='word_1_700' title='bbox 567 2288 619 2316; x_wconf 90' lang='lat' dir='ltr'><strong>Sed</strong></span> <span class='ocrx_word' id='word_1_701' title='bbox 635 2293 663 2316; x_wconf 88' lang='lat' dir='ltr'><strong>et</strong></span> <span class='ocrx_word' id='word_1_702' title='bbox 676 2288 728 2316; x_wconf 87' lang='lat' dir='ltr'><strong>hoc</strong></span> <span class='ocrx_word' id='word_1_703' title='bbox 743 2293 773 2315; x_wconf 92' lang='lat' dir='ltr'><strong>ut</strong></span> <span class='ocrx_word' id='word_1_704' title='bbox 788 2289 899 2315; x_wconf 90' lang='lat' dir='ltr'><strong>interim</strong></span> <span class='ocrx_word' id='word_1_705' title='bbox 920 2288 1018 2315; x_wconf 79' lang='lat' dir='ltr'><strong>donem</strong></span> <span class='ocrx_word' id='word_1_706' title='bbox 1034 2288 1094 2322; x_wconf 83' lang='lat' dir='ltr'><strong>ejus</strong></span> <span class='ocrx_word' id='word_1_707' title='bbox 1111 2288 1275 2319; x_wconf 82' lang='lat' dir='ltr'><strong>inﬂdclitali,</strong></span> <span class='ocrx_word' id='word_1_708' title='bbox 1289 2290 1355 2324; x_wconf 87' lang='lat' dir='ltr'><strong>quid</strong></span> <span class='ocrx_word' id='word_1_709' title='bbox 1383 2298 1477 2325; x_wconf 83' lang='lat' dir='ltr'><strong>speras</strong></span> <span class='ocrx_word' id='word_1_710' title='bbox 1497 2291 1632 2320; x_wconf 91' lang='lat' dir='ltr'><strong>dicturum</strong></span> <span class='ocrx_word' id='word_1_711' title='bbox 1656 2293 1690 2321; x_wconf 88' lang='lat' dir='ltr'><strong>de</strong></span> <span class='ocrx_word' id='word_1_712' title='bbox 1710 2303 1755 2322; x_wconf 91' lang='lat' dir='ltr'><strong>ce-</strong></span> 
     </span>
    </p>
   </div>
   <div class='ocr_carea' id='block_1_82' title="bbox 127 2335 1754 2375">
    <p class='ocr_par' dir='ltr' id='par_1_82' title="bbox 127 2335 1754 2375">
     <span class='ocr_line' id='line_1_82' title="bbox 127 2335 1754 2375; baseline 0.002 -11"><span class='ocrx_word' id='word_1_713' title='bbox 127 2337 196 2364; x_wconf 86' lang='lat' dir='ltr'><strong>lebri</strong></span> <span class='ocrx_word' id='word_1_714' title='bbox 209 2337 256 2363; x_wconf 92' lang='lat' dir='ltr'><strong>illo</strong></span> <span class='ocrx_word' id='word_1_715' title='bbox 268 2336 387 2370; x_wconf 89' lang='lat' dir='ltr'><strong>deliquio</strong></span> <span class='ocrx_word' id='word_1_716' title='bbox 403 2336 480 2366; x_wconf 89' lang='lat' dir='ltr'><strong>solis,</strong></span> <span class='ocrx_word' id='word_1_717' title='bbox 495 2335 568 2371; x_wconf 91' lang='lat' dir='ltr'><strong>quod</strong></span> <span class='ocrx_word' id='word_1_718' title='bbox 585 2335 685 2362; x_wconf 87' lang='lat' dir='ltr'><strong>factum</strong></span> <span class='ocrx_word' id='word_1_719' title='bbox 702 2335 788 2363; x_wconf 89' lang='lat' dir='ltr'><strong>scitur</strong></span> <span class='ocrx_word' id='word_1_720' title='bbox 800 2335 915 2363; x_wconf 90' lang='lat' dir='ltr'><strong>Domino</strong></span> <span class='ocrx_word' id='word_1_721' title='bbox 929 2343 945 2362; x_wconf 87' lang='lat' dir='ltr'><strong>a</strong></span> <span class='ocrx_word' id='word_1_722' title='bbox 961 2335 1074 2363; x_wconf 85' lang='lat' dir='ltr'><strong>salutari</strong></span> <span class='ocrx_word' id='word_1_723' title='bbox 1088 2343 1171 2362; x_wconf 89' lang='lat' dir='ltr'><strong>cruce</strong></span> <span class='ocrx_word' id='word_1_724' title='bbox 1187 2336 1330 2370; x_wconf 85' lang='lat' dir='ltr'><strong>pendente.</strong></span> <span class='ocrx_word' id='word_1_725' title='bbox 1347 2338 1434 2365; x_wconf 89' lang='lat' dir='ltr'><strong>Ambo</strong></span> <span class='ocrx_word' id='word_1_726' title='bbox 1457 2346 1521 2370; x_wconf 88' lang='lat' dir='ltr'><strong>nos,</strong></span> <span class='ocrx_word' id='word_1_727' title='bbox 1549 2347 1598 2375; x_wconf 69' lang='lat' dir='ltr'><strong>ego</strong></span> <span class='ocrx_word' id='word_1_728' title='bbox 1622 2341 1754 2370; x_wconf 85' lang='lat' dir='ltr'><strong>nimirum</strong></span> 
     </span>
    </p>
   </div>
   <div class='ocr_carea' id='block_1_83' title="bbox 125 2382 1755 2421">
    <p class='ocr_par' dir='ltr' id='par_1_83' title="bbox 125 2382 1755 2421">
     <span class='ocr_line' id='line_1_83' title="bbox 125 2382 1755 2421; baseline 0.003 -8"><span class='ocrx_word' id='word_1_729' title='bbox 125 2385 233 2421; x_wconf 82' lang='lat' dir='ltr'><strong>etipse,</strong></span> <span class='ocrx_word' id='word_1_730' title='bbox 247 2385 317 2420; x_wconf 81' lang='lat' dir='ltr'><strong>apud</strong></span> <span class='ocrx_word' id='word_1_731' title='bbox 330 2385 483 2420; x_wconf 86' lang='lat' dir='ltr'><strong>Heliopolin</strong></span> <span class='ocrx_word' id='word_1_732' title='bbox 504 2384 615 2419; x_wconf 50' lang='grc' dir='ltr'><strong>ἄξῃ)ιί</strong></span> <span class='ocrx_word' id='word_1_733' title='bbox 641 2388 790 2418; x_wconf 64' lang='lat' dir='ltr'><strong>prmsentes</strong></span> <span class='ocrx_word' id='word_1_734' title='bbox 808 2382 883 2417; x_wconf 88' lang='lat' dir='ltr'><strong>(nam</strong></span> <span class='ocrx_word' id='word_1_735' title='bbox 913 2390 944 2410; x_wconf 88' lang='lat' dir='ltr'><strong>ea</strong></span> <span class='ocrx_word' id='word_1_736' title='bbox 960 2383 1108 2410; x_wconf 84' lang='lat' dir='ltr'><strong>inoleverat</strong></span> <span class='ocrx_word' id='word_1_737' title='bbox 1123 2383 1195 2417; x_wconf 87' lang='lat' dir='ltr'><strong>apud</strong></span> <span class='ocrx_word' id='word_1_738' title='bbox 1216 2382 1326 2411; x_wconf 59' lang='lat' dir='ltr'><strong>Gra‘cos</strong></span> <span class='ocrx_word' id='word_1_739' title='bbox 1347 2386 1534 2420; x_wconf 87' lang='lat' dir='ltr'><strong>consuetudo,</strong></span> <span class='ocrx_word' id='word_1_740' title='bbox 1562 2391 1593 2414; x_wconf 89' lang='lat' dir='ltr'><strong>ut</strong></span> <span class='ocrx_word' id='word_1_741' title='bbox 1612 2389 1755 2418; x_wconf 84' lang='lat' dir='ltr'><strong>undecun—</strong></span> 
     </span>
    </p>
   </div>
   <div class='ocr_carea' id='block_1_84' title="bbox 125 2429 1754 2471">
    <p class='ocr_par' dir='ltr' id='par_1_84' title="bbox 125 2429 1754 2471">
     <span class='ocr_line' id='line_1_84' title="bbox 125 2429 1754 2471; baseline 0.004 -12"><span class='ocrx_word' id='word_1_742' title='bbox 125 2439 181 2468; x_wconf 86' lang='lat' dir='ltr'><strong>que</strong></span> <span class='ocrx_word' id='word_1_743' title='bbox 211 2432 453 2467; x_wconf 83' lang='lat' dir='ltr'><strong>peregrinationem</strong></span> <span class='ocrx_word' id='word_1_744' title='bbox 478 2432 506 2458; x_wconf 94' lang='lat' dir='ltr'><strong>in</strong></span> <span class='ocrx_word' id='word_1_745' title='bbox 527 2430 674 2466; x_wconf 69' lang='lat' dir='ltr'><strong>Egyptum</strong></span> <span class='ocrx_word' id='word_1_746' title='bbox 705 2433 881 2465; x_wconf 87' lang='lat' dir='ltr'><strong>capesserent</strong></span> <span class='ocrx_word' id='word_1_747' title='bbox 910 2437 994 2457; x_wconf 88' lang='lat' dir='ltr'><strong>causa</strong></span> <span class='ocrx_word' id='word_1_748' title='bbox 1018 2429 1205 2464; x_wconf 67' lang='lat' dir='ltr'><strong>perdiscendae</strong></span> <span class='ocrx_word' id='word_1_749' title='bbox 1240 2430 1441 2465; x_wconf 83' lang='lat' dir='ltr'><strong>matheseos),</strong></span> <span class='ocrx_word' id='word_1_750' title='bbox 1470 2433 1551 2460; x_wconf 91' lang='lat' dir='ltr'><strong>ambo</strong></span> <span class='ocrx_word' id='word_1_751' title='bbox 1580 2441 1647 2462; x_wconf 88' lang='lat' dir='ltr'><strong>sane</strong></span> <span class='ocrx_word' id='word_1_752' title='bbox 1669 2445 1754 2471; x_wconf 83' lang='lat' dir='ltr'><strong>quam</strong></span> 
     </span>
    </p>
   </div>
   <div class='ocr_carea' id='block_1_85' title="bbox 124 2477 1755 2513">
    <p class='ocr_par' dir='ltr' id='par_1_85' title="bbox 124 2477 1755 2513">
     <span class='ocr_line' id='line_1_85' title="bbox 124 2477 1755 2513; baseline 0.002 -6"><span class='ocrx_word' id='word_1_753' title='bbox 124 2478 224 2507; x_wconf 86' lang='lat' dir='ltr'><strong>attenti</strong></span> <span class='ocrx_word' id='word_1_754' title='bbox 240 2479 357 2505; x_wconf 83' lang='lat' dir='ltr'><strong>solarem</strong></span> <span class='ocrx_word' id='word_1_755' title='bbox 377 2478 447 2505; x_wconf 89' lang='lat' dir='ltr'><strong>hanc</strong></span> <span class='ocrx_word' id='word_1_756' title='bbox 461 2478 575 2513; x_wconf 89' lang='lat' dir='ltr'><strong>eclipsin</strong></span> <span class='ocrx_word' id='word_1_757' title='bbox 587 2477 787 2512; x_wconf 67' lang='lat' dir='ltr'><strong>perspeximus,</strong></span> <span class='ocrx_word' id='word_1_758' title='bbox 800 2481 827 2504; x_wconf 89' lang='lat' dir='ltr'><strong>et</strong></span> <span class='ocrx_word' id='word_1_759' title='bbox 842 2477 914 2512; x_wconf 90' lang='lat' dir='ltr'><strong>quod</strong></span> <span class='ocrx_word' id='word_1_760' title='bbox 930 2477 1064 2512; x_wconf 88' lang='lat' dir='ltr'><strong>stupenda</strong></span> <span class='ocrx_word' id='word_1_761' title='bbox 1083 2477 1200 2512; x_wconf 84' lang='lat' dir='ltr'><strong>quadam</strong></span> <span class='ocrx_word' id='word_1_762' title='bbox 1214 2478 1334 2505; x_wconf 91' lang='lat' dir='ltr'><strong>novitate</strong></span> <span class='ocrx_word' id='word_1_763' title='bbox 1358 2486 1391 2505; x_wconf 92' lang='lat' dir='ltr'><strong>ac</strong></span> <span class='ocrx_word' id='word_1_764' title='bbox 1413 2481 1510 2512; x_wconf 74' lang='lat' dir='ltr'><strong>praeter</strong></span> <span class='ocrx_word' id='word_1_765' title='bbox 1531 2481 1665 2509; x_wconf 87' lang='lat' dir='ltr'><strong>rationem</strong></span> <span class='ocrx_word' id='word_1_766' title='bbox 1695 2491 1755 2510; x_wconf 84' lang='lat' dir='ltr'><strong>ma-</strong></span> 
     </span>
    </p>
   </div>
   <div class='ocr_carea' id='block_1_86' title="bbox 124 2523 1753 2559">
    <p class='ocr_par' dir='ltr' id='par_1_86' title="bbox 124 2523 1753 2559">
     <span class='ocr_line' id='line_1_86' title="bbox 124 2523 1753 2559; baseline 0.001 -6"><span class='ocrx_word' id='word_1_767' title='bbox 124 2525 301 2553; x_wconf 85' lang='lat' dir='ltr'><strong>thematicam</strong></span> <span class='ocrx_word' id='word_1_768' title='bbox 331 2525 524 2559; x_wconf 80' lang='lat' dir='ltr'><strong>contingeret,</strong></span> <span class='ocrx_word' id='word_1_769' title='bbox 561 2524 701 2559; x_wconf 87' lang='lat' dir='ltr'><strong>impendio</strong></span> <span class='ocrx_word' id='word_1_770' title='bbox 741 2523 919 2551; x_wconf 87' lang='lat' dir='ltr'><strong>mirabamur.</strong></span> <span class='ocrx_word' id='word_1_771' title='bbox 940 2523 1018 2551; x_wconf 88' lang='lat' dir='ltr'><strong>Luna</strong></span> <span class='ocrx_word' id='word_1_772' title='bbox 1046 2526 1145 2558; x_wconf 91' lang='lat' dir='ltr'><strong>quippe</strong></span> <span class='ocrx_word' id='word_1_773' title='bbox 1169 2528 1267 2559; x_wconf 88' lang='lat' dir='ltr'><strong>quarta</strong></span> <span class='ocrx_word' id='word_1_774' title='bbox 1282 2528 1379 2551; x_wconf 89' lang='lat' dir='ltr'><strong>eratet</strong></span> <span class='ocrx_word' id='word_1_775' title='bbox 1392 2524 1497 2551; x_wconf 87' lang='lat' dir='ltr'><strong>decima</strong></span> <span class='ocrx_word' id='word_1_776' title='bbox 1513 2525 1546 2552; x_wconf 87' lang='lat' dir='ltr'><strong>ad</strong></span> <span class='ocrx_word' id='word_1_777' title='bbox 1564 2527 1649 2554; x_wconf 90' lang='lat' dir='ltr'><strong>solem</strong></span> <span class='ocrx_word' id='word_1_778' title='bbox 1667 2528 1753 2556; x_wconf 87' lang='lat' dir='ltr'><strong>relata</strong></span> 
     </span>
    </p>
   </div>
   <div class='ocr_carea' id='block_1_87' title="bbox 121 2569 1753 2609">
    <p class='ocr_par' dir='ltr' id='par_1_87' title="bbox 121 2569 1753 2609">
     <span class='ocr_line' id='line_1_87' title="bbox 121 2569 1753 2609; baseline 0.002 -12"><span class='ocrx_word' id='word_1_779' title='bbox 121 2570 200 2604; x_wconf 77' lang='lat' dir='ltr'><strong>juxta</strong></span> <span class='ocrx_word' id='word_1_780' title='bbox 216 2570 340 2597; x_wconf 90' lang='lat' dir='ltr'><strong>diametri</strong></span> <span class='ocrx_word' id='word_1_781' title='bbox 355 2570 507 2603; x_wconf 88' lang='lat' dir='ltr'><strong>rationem;</strong></span> <span class='ocrx_word' id='word_1_782' title='bbox 532 2577 588 2604; x_wconf 89' lang='lat' dir='ltr'><strong>quo</strong></span> <span class='ocrx_word' id='word_1_783' title='bbox 608 2569 717 2604; x_wconf 89' lang='lat' dir='ltr'><strong>quidem</strong></span> <span class='ocrx_word' id='word_1_784' title='bbox 747 2575 869 2604; x_wconf 89' lang='lat' dir='ltr'><strong>tempore</strong></span> <span class='ocrx_word' id='word_1_785' title='bbox 902 2577 1043 2604; x_wconf 89' lang='lat' dir='ltr'><strong>nunquam</strong></span> <span class='ocrx_word' id='word_1_786' title='bbox 1075 2569 1143 2596; x_wconf 86' lang='lat' dir='ltr'><strong>alias</strong></span> <span class='ocrx_word' id='word_1_787' title='bbox 1168 2569 1282 2605; x_wconf 78' lang='lat' dir='ltr'><strong>contigit</strong></span> <span class='ocrx_word' id='word_1_788' title='bbox 1299 2570 1365 2598; x_wconf 89' lang='lat' dir='ltr'><strong>solis</strong></span> <span class='ocrx_word' id='word_1_789' title='bbox 1393 2570 1450 2597; x_wconf 80' lang='lat' dir='ltr'><strong>fieri.</strong></span> <span class='ocrx_word' id='word_1_790' title='bbox 1474 2570 1634 2607; x_wconf 86' lang='lat' dir='ltr'><strong>deliquium.</strong></span> <span class='ocrx_word' id='word_1_791' title='bbox 1660 2573 1753 2609; x_wconf 81' lang='lat' dir='ltr'><strong>Neque</strong></span> 
     </span>
    </p>
   </div>
   <div class='ocr_carea' id='block_1_88' title="bbox 123 2614 1754 2654">
    <p class='ocr_par' dir='ltr' id='par_1_88' title="bbox 123 2614 1754 2654">
     <span class='ocr_line' id='line_1_88' title="bbox 123 2614 1754 2654; baseline 0.001 -10"><span class='ocrx_word' id='word_1_792' title='bbox 123 2618 198 2644; x_wconf 88' lang='lat' dir='ltr'><strong>enim</strong></span> <span class='ocrx_word' id='word_1_793' title='bbox 215 2616 325 2651; x_wconf 86' lang='lat' dir='ltr'><strong>eclipsis</strong></span> <span class='ocrx_word' id='word_1_794' title='bbox 340 2616 439 2644; x_wconf 86' lang='lat' dir='ltr'><strong>solaris</strong></span> <span class='ocrx_word' id='word_1_795' title='bbox 450 2615 559 2648; x_wconf 88' lang='lat' dir='ltr'><strong>accidit,</strong></span> <span class='ocrx_word' id='word_1_796' title='bbox 583 2615 636 2642; x_wconf 90' lang='lat' dir='ltr'><strong>nisi</strong></span> <span class='ocrx_word' id='word_1_797' title='bbox 650 2615 701 2642; x_wconf 91' lang='lat' dir='ltr'><strong>soli</strong></span> <span class='ocrx_word' id='word_1_798' title='bbox 723 2615 788 2642; x_wconf 87' lang='lat' dir='ltr'><strong>luna</strong></span> <span class='ocrx_word' id='word_1_799' title='bbox 812 2614 949 2646; x_wconf 87' lang='lat' dir='ltr'><strong>inciderit,</strong></span> <span class='ocrx_word' id='word_1_800' title='bbox 965 2615 1071 2650; x_wconf 89' lang='lat' dir='ltr'><strong>subque</strong></span> <span class='ocrx_word' id='word_1_801' title='bbox 1090 2615 1175 2642; x_wconf 86' lang='lat' dir='ltr'><strong>solem</strong></span> <span class='ocrx_word' id='word_1_802' title='bbox 1192 2615 1363 2643; x_wconf 87' lang='lat' dir='ltr'><strong>intercalaris</strong></span> <span class='ocrx_word' id='word_1_803' title='bbox 1383 2620 1458 2643; x_wconf 89' lang='lat' dir='ltr'><strong>recta</strong></span> <span class='ocrx_word' id='word_1_804' title='bbox 1474 2625 1553 2644; x_wconf 90' lang='lat' dir='ltr'><strong>suum</strong></span> <span class='ocrx_word' id='word_1_805' title='bbox 1563 2622 1674 2654; x_wconf 77' lang='lat' dir='ltr'><strong>peragat</strong></span> <span class='ocrx_word' id='word_1_806' title='bbox 1688 2627 1754 2646; x_wconf 90' lang='lat' dir='ltr'><strong>eur-</strong></span> 
     </span>
    </p>
   </div>
   <div class='ocr_carea' id='block_1_89' title="bbox 123 2661 1750 2700">
    <p class='ocr_par' dir='ltr' id='par_1_89' title="bbox 123 2661 1750 2700">
     <span class='ocr_line' id='line_1_89' title="bbox 123 2661 1750 2700; baseline 0.001 -10"><span class='ocrx_word' id='word_1_807' title='bbox 123 2661 271 2690; x_wconf 83' lang='lat' dir='ltr'><strong>sum.&#39;l‘um</strong></span> <span class='ocrx_word' id='word_1_808' title='bbox 282 2670 346 2690; x_wconf 85' lang='lat' dir='ltr'><strong>vero</strong></span> <span class='ocrx_word' id='word_1_809' title='bbox 362 2663 515 2697; x_wconf 91' lang='lat' dir='ltr'><strong>importuna</strong></span> <span class='ocrx_word' id='word_1_810' title='bbox 539 2666 598 2689; x_wconf 89' lang='lat' dir='ltr'><strong>erat</strong></span> <span class='ocrx_word' id='word_1_811' title='bbox 611 2665 638 2689; x_wconf 86' lang='lat' dir='ltr'><strong>et</strong></span> <span class='ocrx_word' id='word_1_812' title='bbox 653 2662 842 2697; x_wconf 86' lang='lat' dir='ltr'><strong>intempestiva</strong></span> <span class='ocrx_word' id='word_1_813' title='bbox 856 2662 925 2689; x_wconf 88' lang='lat' dir='ltr'><strong>ratio</strong></span> <span class='ocrx_word' id='word_1_814' title='bbox 953 2662 1131 2690; x_wconf 90' lang='lat' dir='ltr'><strong>interlunaris</strong></span> <span class='ocrx_word' id='word_1_815' title='bbox 1146 2662 1254 2697; x_wconf 82' lang='lat' dir='ltr'><strong>synodi.</strong></span> <span class='ocrx_word' id='word_1_816' title='bbox 1268 2662 1320 2690; x_wconf 81' lang='lat' dir='ltr'><strong>Sed</strong></span> <span class='ocrx_word' id='word_1_817' title='bbox 1337 2666 1363 2689; x_wconf 90' lang='lat' dir='ltr'><strong>et</strong></span> <span class='ocrx_word' id='word_1_818' title='bbox 1384 2663 1436 2690; x_wconf 92' lang='lat' dir='ltr'><strong>hoc</strong></span> <span class='ocrx_word' id='word_1_819' title='bbox 1451 2664 1630 2692; x_wconf 89' lang='lat' dir='ltr'><strong>admiratione</strong></span> <span class='ocrx_word' id='word_1_820' title='bbox 1645 2665 1750 2700; x_wconf 71' lang='lat' dir='ltr'><strong>dignis-</strong></span> 
     </span>
    </p>
   </div>
   <div class='ocr_carea' id='block_1_90' title="bbox 123 2709 1749 2745">
    <p class='ocr_par' dir='ltr' id='par_1_90' title="bbox 123 2709 1749 2745">
     <span class='ocr_line' id='line_1_90' title="bbox 123 2709 1749 2745; baseline 0.001 -8"><span class='ocrx_word' id='word_1_821' title='bbox 123 2710 236 2737; x_wconf 85' lang='lat' dir='ltr'><strong>simum.</strong></span> <span class='ocrx_word' id='word_1_822' title='bbox 251 2709 292 2737; x_wconf 84' lang='lat' dir='ltr'><strong>Ab</strong></span> <span class='ocrx_word' id='word_1_823' title='bbox 305 2710 373 2737; x_wconf 89' lang='lat' dir='ltr'><strong>hora</strong></span> <span class='ocrx_word' id='word_1_824' title='bbox 395 2709 528 2744; x_wconf 86' lang='lat' dir='ltr'><strong>siquidem</strong></span> <span class='ocrx_word' id='word_1_825' title='bbox 553 2714 629 2736; x_wconf 86' lang='lat' dir='ltr'><strong>sexta</strong></span> <span class='ocrx_word' id='word_1_826' title='bbox 655 2709 689 2736; x_wconf 91' lang='lat' dir='ltr'><strong>ad</strong></span> <span class='ocrx_word' id='word_1_827' title='bbox 705 2717 805 2736; x_wconf 86' lang='lat' dir='ltr'><strong>nonam</strong></span> <span class='ocrx_word' id='word_1_828' title='bbox 822 2717 908 2744; x_wconf 88' lang='lat' dir='ltr'><strong>usque</strong></span> <span class='ocrx_word' id='word_1_829' title='bbox 920 2716 952 2736; x_wconf 89' lang='lat' dir='ltr'><strong>ea</strong></span> <span class='ocrx_word' id='word_1_830' title='bbox 967 2709 1081 2744; x_wconf 77' lang='lat' dir='ltr'><strong>contigit</strong></span> <span class='ocrx_word' id='word_1_831' title='bbox 1104 2709 1227 2745; x_wconf 84' lang='lat' dir='ltr'><strong>eclipsis,</strong></span> <span class='ocrx_word' id='word_1_832' title='bbox 1240 2714 1266 2738; x_wconf 93' lang='lat' dir='ltr'><strong>et</strong></span> <span class='ocrx_word' id='word_1_833' title='bbox 1288 2718 1304 2736; x_wconf 89' lang='lat' dir='ltr'><strong>a</strong></span> <span class='ocrx_word' id='word_1_834' title='bbox 1320 2718 1391 2738; x_wconf 87' lang='lat' dir='ltr'><strong>nona</strong></span> <span class='ocrx_word' id='word_1_835' title='bbox 1414 2710 1536 2744; x_wconf 83' lang='lat' dir='ltr'><strong>adusque</strong></span> <span class='ocrx_word' id='word_1_836' title='bbox 1552 2717 1693 2744; x_wconf 87' lang='lat' dir='ltr'><strong>vesperam</strong></span> <span class='ocrx_word' id='word_1_837' title='bbox 1708 2718 1749 2738; x_wconf 74' lang='lat' dir='ltr'><strong>se-</strong></span> 
     </span>
    </p>
   </div>
   <div class='ocr_carea' id='block_1_91' title="bbox 122 2755 1750 2792">
    <p class='ocr_par' dir='ltr' id='par_1_91' title="bbox 122 2755 1750 2792">
     <span class='ocr_line' id='line_1_91' title="bbox 122 2755 1750 2792; baseline 0 -7"><span class='ocrx_word' id='word_1_838' title='bbox 122 2758 245 2786; x_wconf 90' lang='lat' dir='ltr'><strong>cundum</strong></span> <span class='ocrx_word' id='word_1_839' title='bbox 261 2758 422 2785; x_wconf 88' lang='lat' dir='ltr'><strong>diametrum</strong></span> <span class='ocrx_word' id='word_1_840' title='bbox 440 2757 490 2784; x_wconf 92' lang='lat' dir='ltr'><strong>soli</strong></span> <span class='ocrx_word' id='word_1_841' title='bbox 513 2757 575 2783; x_wconf 93' lang='lat' dir='ltr'><strong>luna</strong></span> <span class='ocrx_word' id='word_1_842' title='bbox 594 2761 653 2783; x_wconf 86' lang='lat' dir='ltr'><strong>erat</strong></span> <span class='ocrx_word' id='word_1_843' title='bbox 678 2756 812 2791; x_wconf 87' lang='lat' dir='ltr'><strong>opposita.</strong></span> <span class='ocrx_word' id='word_1_844' title='bbox 839 2755 958 2783; x_wconf 85' lang='lat' dir='ltr'><strong>Proinde</strong></span> <span class='ocrx_word' id='word_1_845' title='bbox 984 2757 1143 2783; x_wconf 88' lang='lat' dir='ltr'><strong>memoriam</strong></span> <span class='ocrx_word' id='word_1_846' title='bbox 1163 2757 1201 2783; x_wconf 89' lang='lat' dir='ltr'><strong>illi</strong></span> <span class='ocrx_word' id='word_1_847' title='bbox 1225 2765 1325 2784; x_wconf 85' lang='lat' dir='ltr'><strong>renova</strong></span> <span class='ocrx_word' id='word_1_848' title='bbox 1352 2758 1465 2785; x_wconf 87' lang='lat' dir='ltr'><strong>alterius</strong></span> <span class='ocrx_word' id='word_1_849' title='bbox 1492 2757 1570 2792; x_wconf 79' lang='lat'><strong>261</strong></span> <span class='ocrx_word' id='word_1_850' title='bbox 1596 2757 1750 2791; x_wconf 77' lang='lat' dir='ltr'><strong>cujusplain</strong></span> 
     </span>
    </p>
   </div>
   <div class='ocr_carea' id='block_1_92' title="bbox 121 2802 1750 2840">
    <p class='ocr_par' dir='ltr' id='par_1_92' title="bbox 121 2802 1750 2840">
     <span class='ocr_line' id='line_1_92' title="bbox 121 2802 1750 2840; baseline -0.002 -8"><span class='ocrx_word' id='word_1_851' title='bbox 121 2805 198 2840; x_wconf 89' lang='lat' dir='ltr'><strong>quod</strong></span> <span class='ocrx_word' id='word_1_852' title='bbox 217 2813 249 2831; x_wconf 83' lang='lat' dir='ltr'><strong>ex</strong></span> <span class='ocrx_word' id='word_1_853' title='bbox 281 2804 474 2831; x_wconf 87' lang='lat' dir='ltr'><strong>astronomicis</strong></span> <span class='ocrx_word' id='word_1_854' title='bbox 502 2803 653 2830; x_wconf 85' lang='lat' dir='ltr'><strong>canonibus</strong></span> <span class='ocrx_word' id='word_1_855' title='bbox 672 2804 828 2830; x_wconf 85' lang='lat' dir='ltr'><strong>necessario</strong></span> <span class='ocrx_word' id='word_1_856' title='bbox 856 2803 1044 2837; x_wconf 88' lang='lat' dir='ltr'><strong>consequitur.</strong></span> <span class='ocrx_word' id='word_1_857' title='bbox 1069 2802 1177 2830; x_wconf 87' lang='lat' dir='ltr'><strong>Etenim</strong></span> <span class='ocrx_word' id='word_1_858' title='bbox 1204 2803 1232 2829; x_wconf 95' lang='lat' dir='ltr'><strong>in</strong></span> <span class='ocrx_word' id='word_1_859' title='bbox 1252 2803 1319 2830; x_wconf 86' lang='lat' dir='ltr'><strong>solis</strong></span> <span class='ocrx_word' id='word_1_860' title='bbox 1340 2803 1457 2838; x_wconf 87' lang='lat' dir='ltr'><strong>eclipsi,</strong></span> <span class='ocrx_word' id='word_1_861' title='bbox 1475 2811 1535 2838; x_wconf 81' lang='lat' dir='ltr'><strong>quae</strong></span> <span class='ocrx_word' id='word_1_862' title='bbox 1560 2810 1611 2829; x_wconf 92' lang='lat' dir='ltr'><strong>suo</strong></span> <span class='ocrx_word' id='word_1_863' title='bbox 1638 2802 1750 2830; x_wconf 82' lang='lat' dir='ltr'><strong>tandem</strong></span> 
     </span>
    </p>
   </div>
   <div class='ocr_carea' id='block_1_93' title="bbox 121 2847 1751 2885">
    <p class='ocr_par' dir='ltr' id='par_1_93' title="bbox 121 2847 1751 2885">
     <span class='ocr_line' id='line_1_93' title="bbox 121 2847 1751 2885; baseline -0.002 -8"><span class='ocrx_word' id='word_1_864' title='bbox 121 2851 220 2877; x_wconf 91' lang='lat' dir='ltr'><strong>ordine</strong></span> <span class='ocrx_word' id='word_1_865' title='bbox 243 2850 386 2885; x_wconf 78' lang='lat' dir='ltr'><strong>contingit,</strong></span> <span class='ocrx_word' id='word_1_866' title='bbox 399 2857 432 2877; x_wconf 83' lang='lat' dir='ltr'><strong>ex</strong></span> <span class='ocrx_word' id='word_1_867' title='bbox 455 2849 514 2883; x_wconf 88' lang='lat' dir='ltr'><strong>ipsa</strong></span> <span class='ocrx_word' id='word_1_868' title='bbox 544 2848 639 2876; x_wconf 91' lang='lat' dir='ltr'><strong>eadem</strong></span> <span class='ocrx_word' id='word_1_869' title='bbox 655 2852 731 2884; x_wconf 87' lang='lat' dir='ltr'><strong>parte</strong></span> <span class='ocrx_word' id='word_1_870' title='bbox 754 2848 852 2876; x_wconf 88' lang='lat' dir='ltr'><strong>solaris</strong></span> <span class='ocrx_word' id='word_1_871' title='bbox 874 2848 943 2875; x_wconf 84' lang='lat' dir='ltr'><strong>disci</strong></span> <span class='ocrx_word' id='word_1_872' title='bbox 962 2855 1076 2875; x_wconf 89' lang='lat' dir='ltr'><strong>necesse</strong></span> <span class='ocrx_word' id='word_1_873' title='bbox 1093 2853 1135 2875; x_wconf 83' lang='lat' dir='ltr'><strong>est</strong></span> <span class='ocrx_word' id='word_1_874' title='bbox 1157 2848 1216 2875; x_wconf 85' lang='lat' dir='ltr'><strong>lieri</strong></span> <span class='ocrx_word' id='word_1_875' title='bbox 1231 2848 1418 2880; x_wconf 72' lang='lat' dir='ltr'><strong>incidentium,</strong></span> <span class='ocrx_word' id='word_1_876' title='bbox 1435 2849 1608 2876; x_wconf 86' lang='lat' dir='ltr'><strong>tenebrarum</strong></span> <span class='ocrx_word' id='word_1_877' title='bbox 1626 2847 1751 2874; x_wconf 71' lang='lat' dir='ltr'><strong>videlicet</strong></span> 
     </span>
    </p>
   </div>
   <div class='ocr_carea' id='block_1_94' title="bbox 121 2895 1751 2932">
    <p class='ocr_par' dir='ltr' id='par_1_94' title="bbox 121 2895 1751 2932">
     <span class='ocr_line' id='line_1_94' title="bbox 121 2895 1751 2932; baseline -0.001 -8"><span class='ocrx_word' id='word_1_878' title='bbox 121 2896 296 2930; x_wconf 87' lang='lat' dir='ltr'><strong>effusionem,</strong></span> <span class='ocrx_word' id='word_1_879' title='bbox 320 2900 347 2924; x_wconf 87' lang='lat' dir='ltr'><strong>et</strong></span> <span class='ocrx_word' id='word_1_880' title='bbox 367 2903 401 2924; x_wconf 76' lang='lat' dir='ltr'><strong>ex</strong></span> <span class='ocrx_word' id='word_1_881' title='bbox 421 2897 532 2932; x_wconf 86' lang='lat' dir='ltr'><strong>obliquo</strong></span> <span class='ocrx_word' id='word_1_882' title='bbox 551 2897 783 2932; x_wconf 78' lang='lat' dir='ltr'><strong>repurgationcm,</strong></span> <span class='ocrx_word' id='word_1_883' title='bbox 801 2896 852 2924; x_wconf 88' lang='lat' dir='ltr'><strong>hoc</strong></span> <span class='ocrx_word' id='word_1_884' title='bbox 879 2900 920 2924; x_wconf 89' lang='lat' dir='ltr'><strong>cst</strong></span> <span class='ocrx_word' id='word_1_885' title='bbox 935 2896 1157 2924; x_wconf 87' lang='lat' dir='ltr'><strong>illustrationem.</strong></span> <span class='ocrx_word' id='word_1_886' title='bbox 1175 2895 1238 2923; x_wconf 87' lang='lat' dir='ltr'><strong>Sole</strong></span> <span class='ocrx_word' id='word_1_887' title='bbox 1265 2896 1347 2932; x_wconf 21' lang='lat' dir='ltr'><strong>enim,</strong></span> <span class='ocrx_word' id='word_1_888' title='bbox 1368 2904 1477 2924; x_wconf 76' lang='lat' dir='ltr'><strong>sursum</strong></span> <span class='ocrx_word' id='word_1_889' title='bbox 1501 2896 1642 2930; x_wconf 82' lang='lat' dir='ltr'><strong>proprium</strong></span> <span class='ocrx_word' id='word_1_890' title='bbox 1660 2895 1751 2923; x_wconf 87' lang='lat' dir='ltr'><strong>circu-</strong></span> 
     </span>
    </p>
   </div>
  </div>
