1923 3067
197 115 251 145 465
608 116 782 145 ᾹΡΡΕΝΒΙΧ
803 117 849 144 AD
864 116 968 145 OPERI

1047 117 1197 145 DIONYSII
1212 117 1444 147 AREOPAGITIE
1768 120 1817 148 464

195 178 261 211 lum,
279 184 466 214 permanente,
498 179 562 207 luna
592 179 685 206 itidem
703 186 782 207 suum
807 179 888 206 etiam
914 179 1138 211 subtercurrente
1165 179 1312 214 circulum,
1336 177 1496 207 necessario
1516 176 1582 204 luna
1602 177 1739 212 praevertit
1757 179 1820 209 solis

194 232 352 258 excursum,
375 229 405 253 ut
425 233 485 261 quae
510 225 642 252 minorem
667 224 752 252 multo
778 224 911 251 ambitum
937 233 989 253 suo
1012 228 1174 253 transcursu
1198 225 1337 253 conﬁciat.
1359 225 1484 261 Denique
1510 227 1594 254 etiam
1616 227 1639 254 si
1664 227 1743 255 ambo
1764 228 1819 256 haec

195 269 432 298 luminaria-viam
458 271 646 307 ingrediantur
671 272 722 307 ipsi
745 272 808 307 polo
825 271 986 300 obversum:
1007 276 1035 299 at
1050 276 1125 300 certe
1139 273 1204 300 luna
1219 280 1271 301 suo
1289 281 1408 302 excursu
1429 278 1582 303 anteverlet
1606 276 1702 304 solem.
1722 276 1820 306 Conse‘

194 325 283 353 quens
297 317 381 354 igitur
393 317 475 346 fuerit
490 327 521 347 ea
542 322 619 356 parte
639 319 731 346 lunam
751 319 991 352 obtenebrescere,
1007 326 1061 354 qua
1072 319 1169 346 incidit
1194 319 1246 347 soli
1261 327 1267 344 :
1285 323 1367 354 atque
1378 324 1409 347 ut
1422 320 1474 348 hac
1489 325 1568 356 parte
1587 321 1746 349 destituitur
1767 323 1820 351 {ra-

195 367 274 390 terno
289 363 401 395 lumine,
424 365 460 391 ita
479 369 506 392 et
526 365 571 393 illa
586 371 664 402 parte
679 368 805 403 opposita
831 374 846 394 a
873 367 931 395 sole
945 366 1007 402 ipso
1033 367 1189 395 illustratur
1204 387 1212 395 .
1228 366 1277 395 Die
1297 371 1388 395 autem
1403 368 1534 396 salutaris
1557 369 1632 396 illius
1649 370 1740 397 crucis
1756 371 1822 398 alio-

194 413 241 448 qui
257 412 292 439 ab
304 413 409 440 oriente
423 420 504 448 quam
528 414 674 442 minimum
702 415 855 450 conjuncta
871 415 934 448 soli,
950 415 1135 451 prodigiosam
1153 420 1245 442 tamen
1273 415 1347 442 illam
1371 415 1456 442 edidit
1469 415 1598 450 eclipsin.
1613 414 1758 450 Oportebat
1774 424 1820 443 au-

195 463 248 486 tem
278 459 351 486 illam
372 460 400 487 in
421 461 561 496 proprium
583 462 673 489 locum
698 463 797 490 reverti
826 465 854 489 ut
878 462 947 489 ordo
969 461 1007 489 illi
1031 461 1220 490 connaturalis
1248 466 1437 490 asservaretur
1455 471 1462 489 :
1478 461 1544 489 hinc
1571 462 1686 496 contigit
1712 465 1742 488 ut
1766 463 1820 490 sole

195 513 292 534 rursus
313 508 408 536 relicto
429 508 538 536 redierit
558 508 609 544 (ad
635 517 714 538 suum
737 511 849 547 locum).
868 511 899 538 Et
920 511 978 538 haec
993 510 1103 546 quidem
1133 510 1245 546 eclipsis
1262 510 1334 538 facta
1362 514 1416 542 est,
1429 509 1577 537 obscurata
1590 508 1668 543 prius
1683 512 1759 543 parte
1776 515 1819 536 so-

195 553 261 582 laris
276 554 345 582 disci
374 556 536 590 respiciente
555 558 704 592 orientem;
727 559 826 586 deinde
867 558 933 586 luna
960 562 1045 586 totum
1069 558 1293 586 subtercnrrente
1324 558 1427 590 solem,
1456 564 1519 584 cum
1539 557 1596 592 jam
1624 555 1754 590 ccepissct
1780 562 1821 581 re—

193 601 274 633 νθτιίν
303 602 494 634 conveniebat,
529 603 588 639 ipsa
608 605 750 632 occiduam
778 609 884 642 partem
900 605 967 633 disci
985 605 1073 640 primo
1099 605 1242 633 deserente
1282 608 1313 632 ut
1345 604 1506 632 orientalem
1531 605 1637 638 partem
1666 602 1818 635 occuparet.

192 648 263 683 quod
279 648 325 676 illa
339 650 452 677 occidua
470 659 533 686 pars
563 652 644 679 etiam
674 653 762 688 primo
778 654 990 680 illuminaretur.
1009 652 1072 680 Haec
1099 657 1163 680 sunt
1186 660 1247 687 quae
1270 659 1318 687 per
1343 649 1547 687 providentiam
1563 648 1612 676 Dei
1628 647 1715 676 solius
1731 654 1819 674 rerum

191 693 297 730 opiﬁcis
320 695 410 722 omnia
441 695 631 732 disponentem
667 701 920 736 moderantemque,
955 701 981 727 id
998 700 1130 736 temporis
1153 700 1274 735 perfecta
1289 703 1364 727 sunt.

227 740 303 773 Quod
330 741 353 769 si
375 742 466 770 minus
488 752 554 772 vera
579 746 709 781 praedico,
724 755 741 774 ο
763 747 965 782 Apollophanes

1065 747 1101 773 Σὺ
1118 747 1146 773 δὲ
1163 747 1266 779 λοιπὸν,
1281 745 1488 779 Ἀπολλόφανες,
1513 743 1592 779 εἴπερ
1615 742 1665 769 οὐκ
1689 739 1819 776 ἀληθεύω,

192 786 238 813 tibi
258 794 305 821 per
320 795 363 815 me
384 788 475 817 licebit
501 791 528 817 in
554 797 694 826 posterum
719 800 751 820 ea
778 797 808 820 ut
832 800 977 828 coarguas.

192 832 248 867 Ego
262 834 369 861 interim
387 836 546 863 memoriam
563 838 613 865 tibi
630 838 766 866 refricabo
780 839 843 866 facti
855 838 978 866 alterius.

191 877 231 906 Tu
248 879 320 906 enim
335 880 448 915 perinde
465 885 547 917 atque
562 885 674 912 numine
686 887 814 920 quopiam
828 889 886 912 tum
903 885 981 911 afﬂa-

190 928 235 951 tus
249 924 314 961 (quo
328 930 418 953 autem
435 935 490 954 non
505 929 572 957 satis
590 931 670 966 scio),
684 932 820 966 primitias
845 931 979 967 quasdam

189 970 366 999 divinationis
381 971 571 1008 depromebas,
588 984 650 1003 cum
666 976 700 1003 ad
715 985 757 1004 me
769 985 919 1004 conversus
934 976 978 1003 div

189 1023 266 1044 ceres
283 1024 289 1042 :
307 1016 380 1050 Haec.
395 1026 411 1045 ο
426 1020 555 1054 praeclare
565 1021 688 1057 Dionysi.
700 1023 855 1050 divinarum
872 1023 982 1050 vicariae

188 1065 403 1098 permutationes
416 1073 505 1092 rerum
523 1070 596 1095 sunt.
624 1067 715 1103 Ecqua
735 1069 843 1096 tandem
870 1069 915 1095 illa
939 1073 981 1096 est

188 1116 280 1136 rerum
298 1109 401 1136 vicaria
417 1112 542 1143 mutatio,
558 1121 619 1148 quae
642 1122 693 1142 nos
718 1115 752 1142 ab
775 1122 869 1142 errore
885 1115 980 1141 tradu-

191 1155 230 1182 xit
243 1155 276 1181 ad
291 1155 444 1188 veritatem,
457 1157 490 1183 ad
506 1157 593 1185 lucem
612 1160 793 1188 clarissimam
819 1168 834 1187 a
858 1160 979 1188 tenebris

190 1200 375 1236 transcripsit,
387 1207 402 1227 a
418 1206 506 1230 morte
527 1205 632 1232 revexit
652 1206 686 1232 ad
702 1207 797 1238 vitam,
814 1206 932 1241 denique
945 1207 979 1234 ab

189 1246 383 1281 impurissimis
398 1247 477 1276 idolis
493 1249 527 1276 ad
541 1249 588 1278 Dei
604 1251 710 1278 latriam
727 1253 834 1280 ascivit.
852 1251 914 1279 ibeo
929 1259 980 1286 ego

191 1292 224 1319 ad
240 1292 329 1327 ipsum
350 1293 498 1321 secundum
514 1297 635 1331 epistolae
651 1298 783 1325 rationem
795 1318 801 1330 .
823 1305 978 1326 sermonem

1033 793 1174 828 ἐξέλεγχε·
1193 792 1249 827 ἐγὼ
1270 792 1298 818 δὲ
1314 791 1379 818 ἄλλο
1402 799 1432 817 σε
1455 790 1623 825 ἀναμνήσω·
1641 788 1683 814 ὅτι
1708 787 1740 814 σὺ
1762 786 1820 812 τότε

1032 838 1125 870 ἔνθους
1142 838 1222 864 οἱονεὶ
1245 837 1406 872 γενόμενος,
1424 837 1474 862 οὐκ
1499 833 1547 862 οἷδ’
1564 834 1673 866 ὁπόθεν,
1695 831 1821 868 μαντείας

1032 884 1167 919 ἀπήρχου,
1185 882 1232 910 καὶ
1245 883 1336 916 ἔλεγες
1354 882 1422 917 πρὸς
1438 881 1488 916 ὲμέ
1501 888 1508 895 ·
1527 880 1630 912 Ταῦτα,
1648 877 1671 906 ὦ
1688 879 1754 906 καλὲ
1770 879 1822 904 Διο-

1033 929 1118 962 νύσιε,
1137 929 1216 956 θείων
1232 928 1402 964 πραγμάτων
1421 926 1576 962 μεταϐολαί.
1602 926 1656 952 Καὶ
1673 924 1729 951 ίδοὺ
1746 925 1763 959 ἡ
1780 931 1823 959 με·

1032 975 1133 1010 ταϐολὴ
1150 975 1242 1010 ἐκείνη
1267 974 1416 1010 μετέθηκεν
1432 974 1504 1009 ἡμᾶς
1521 972 1574 999 ἀπὺ
1594 971 1645 1007 τῆς
1662 970 1767 1005 πλάνης
1783 970 1822 1000 εἰς

1031 1019 1081 1054 τὴν
1098 1018 1235 1051 ἀλήθειαν,
1253 1018 1306 1045 ἀπὸ
1322 1018 1369 1044 τοῢ
1387 1017 1498 1049 σκότους
1515 1018 1555 1049 εἰς
1570 1016 1602 1043 τὺ
1618 1015 1688 1050 φῶς,
1706 1015 1761 1042 ἀπὸ
1776 1013 1822 1040 τοῦ

1032 1065 1147 1092 Θανάτου
1171 1066 1210 1096 είς
1232 1064 1281 1100 τὴν
1307 1064 1398 1100 ζωὴν,
1422 1064 1477 1090 ἀπὸ
1501 1063 1555 1090 τῶν
1572 1062 1690 1089 εἰδώλων
1714 1063 1753 1093 εἰς
1778 1061 1823 1087 τὸν

1030 1110 1115 1143 ὅντως
1131 1111 1207 1138 Θεόν.
1227 1111 1309 1138 Ταῦτ’
1327 1110 1382 1145 ἐγὼ
1399 1111 1458 1137 κατ’
1476 1109 1619 1144 ἐπιστολὴν
1638 1108 1674 1144 μὴ
1695 1107 1823 1143 μηκύνων

1029 1158 1076 1185 τὸν
1092 1157 1169 1192 λόγον
1187 1157 1243 1192 (75)
1256 1165 1262 1171 '
1282 1157 1314 1184 σὺ
1330 1157 1368 1189 δὲ,
1386 1153 1473 1183 ὧθεῖε
1490 1157 1663 1192 Πολύκαρπε,
1683 1153 1824 1191 προστίθει

1029 1203 1077 1230 καὶ
1098 1202 1134 1230 τὰ
1165 1202 1322 1238 λειπόμενα,
1341 1202 1385 1229 ἵνα
1418 1201 1555 1238 προσάξῃς
1588 1200 1708 1227 τοιοῦτον
1741 1199 1824 1235 ἄνδρα

1031 1249 1110 1284 σοερὺν
1135 1250 1174 1281 είς
1190 1249 1239 1285 τὴν
1265 1248 1416 1286 ὑπέρσοφον
1439 1247 1486 1275 τοῦ
1514 1246 1731 1284 Χριστιανισμοῦ
1758 1246 1825 1281 ἀλή-

1031 1295 1115 1322 θειαν.

189 1339 301 1366 minime
326 1339 488 1374 produccns.
514 1342 542 1370 Si
573 1352 626 1379 qua
654 1344 893 1377 desideralnlntnr,
919 1348 973 1372 tuae
984 1346 1063 1370 erunt
1080 1346 1182 1377 partes,
1198 1341 1325 1369 oeximie
1335 1340 1494 1377 Polycarpe,
1524 1340 1662 1375 suppiere,
1689 1347 1753 1374 qua:
1778 1339 1825 1366 de-

186 1389 270 1416 sunt.
295 1385 395 1420 quibus
419 1386 508 1415 virum
530 1389 604 1418 hunc
618 1399 680 1418 cum
696 1392 791 1426 primis
816 1392 966 1426 sapientem
981 1389 1129 1417 conciliare
1151 1388 1241 1423 possis
1271 1387 1481 1422 sapientissimae
1504 1386 1662 1415 christianaa
1681 1385 1825 1421 religionis

185 1434 301 1461 veritati.

359 1484 439 1520 262
459 1483 492 1511 IN
513 1482 708 1511 EPISTOLAM
731 1482 798 1511 VIII.

219 1526 406 1564 Detnoplnlum
421 1531 493 1557 hunc
509 1529 593 1557 fuisse
616 1529 782 1556 monachum
811 1530 901 1565 arguit
920 1537 973 1557 vox

183 1573 230 1600 illa
266 1575 448 1610 therapeutre;
474 1576 498 1604 is
528 1576 699 1612 tyrannicum
729 1576 859 1611 quiddam
897 1576 972 1604 desi-

183 1625 281 1655 gnarat
319 1622 452 1650 adversus
481 1623 669 1658 presbyterum
693 1630 782 1650 suum.
813 1622 919 1650 Etenim
945 1623 972 1649 in

182 1665 259 1692 illum
279 1667 452 1695 consciverat
475 1668 628 1703 graviorem
653 1675 731 1703 :equo
751 1668 971 1702 quaerimoniam,

181 1711 254 1746 quod
271 1720 354 1739 unum
372 1713 489 1748 aliquem
505 1721 520 1741 e
536 1714 734 1748 pcenitcntibns
755 1713 904 1743 clementer
924 1721 972 1741 ex-

181 1758 309 1792 cepisset.
326 1757 411 1791 Quem
428 1758 500 1786 enim
524 1759 674 1794 poenitebat
689 1759 912 1791 commissorum,
927 1759 971 1785 in-

183 1804 264 1839 digne
278 1805 415 1839 pulsatum
427 1805 578 1832 eliminavit
593 1805 704 1840 templo,
716 1806 904 1840 presbyterum
922 1813 971 1832 au-

180 1855 234 1878 tem
249 1851 347 1885 dejecit
358 1851 461 1886 gradu;
478 1852 536 1887 ipse
551 1860 614 1879 vero
638 1851 773 1878 functioni
788 1859 883 1885 sacrae,
898 1852 969 1887 quod

181 1898 338 1932 neutiquam
363 1897 415 1929 fas,
438 1905 548 1925 manum
567 1898 714 1925 admolitus
745 1902 787 1925 est
813 1899 968 1933 impudens.

179 1940 213 1968 Et
228 1941 301 1968 hunc
312 1941 394 1968 talem
402 1946 482 1969 vocat
502 1948 580 1977 pater
587 1944 719 1977 γενναῖον,
727 1943 808 1970 tacita
823 1944 909 1971 ironia
922 1952 970 1980 op-

178 1987 313 2022 probrans
323 1988 359 2014 illi
369 1989 452 2015 animi
463 1988 675 2024 magnitudinem
687 1998 692 2014 '.
703 1993 731 2016 at
742 1990 851 2017 interim
863 1990 969 2018 nullum

178 2032 212 2060 de
220 2033 319 2068 pietate
329 2033 445 2060 reddens
455 2034 652 2061 testimonium.
663 2033 703 2061 0b
713 2035 809 2062 oculos
824 2035 907 2070 igitur
915 2035 968 2062 im-

177 2077 274 2112 primis
290 2077 328 2105 illi
345 2078 457 2113 exponit
471 2078 554 2106 Mosis
571 2079 698 2106 eximiam
715 2080 966 2114 mansuetudinem,

176 2124 255 2159 cujus
269 2124 352 2152 unius
367 2125 453 2160 gratia
469 2124 570 2160 dignus
589 2127 626 2153 sit
656 2126 766 2154 habitus
786 2126 833 2154 Dei
849 2127 965 2154 visione.

1193 1481 1246 1507 ΕΙΣ
1277 1481 1349 1507 ΤΗΝ
1381 1480 1411 1506 H'
1443 1480 1652 1507 ΕΠΙΣΤΟΛΗΝ.

1069 1525 1097 1551 'U
1114 1525 1265 1560 Δημόφιλος
1281 1523 1358 1557 οὗτος
1377 1525 1492 1561 μοναχὺς
1507 1523 1550 1561 ἦν,
1567 1525 1605 1557 ὡς
1623 1525 1702 1561 δηλοῖ
1717 1525 1762 1556 τὸ,
1780 1525 1823 1551 θε-

1020 1570 1169 1605 ραπευτῇ.
1200 1571 1378 1608 Τυραννήσας
1406 1571 1435 1598 δὲ
1458 1571 1528 1598 κατὰ
1557 1570 1605 1598 τοῦ
1631 1571 1825 1607 πρεσϐυτέρου

1024 1617 1118 1648 αὑτοῦ,
1146 1617 1162 1652 ἢ
1190 1618 1236 1644 καὶ
1261 1617 1453 1653 ἀγανακτήσας
1472 1638 1478 1650 ,
1496 1618 1537 1644 ὅτι
1567 1617 1678 1650 ὲδέξατό
1706 1626 1770 1644 τινα
1797 1618 1825 1644 ὲν

1025 1662 1154 1698 μετανοίᾳ
1183 1662 1248 1688 ὄντα
1280 1663 1506 1698 ἁμαρτημάτων,
1534 1662 1645 1696 ἐξέϐαλε
1677 1664 1825 1698 τυπτήσεις

1023 1708 1068 1735 τὸν
1087 1708 1279 1743 μετανοοῦντα,
1301 1708 1348 1735 τὸν
1363 1708 1391 1734 δὲ
1409 1707 1591 1744 πρεσϐύτερον
1623 1708 1762 1744 ἑξώθησε,
1779 1708 1824 1735 καὶ

1022 1755 1104 1786 αὐτὸς
1120 1755 1178 1786 τοῖς
1212 1755 1304 1791 ἱεροῖς,
1322 1754 1352 1780 οὐ
1370 1754 1479 1789 θεμιτὸν
1492 1752 1535 1786 ὃν,
1552 1755 1721 1790 ἐπεχείρησε
1732 1764 1739 1769 ·
1765 1763 1822 1789 γεν-

1023 1801 1097 1827 ναῖον
1113 1800 1141 1826 δὲ
1158 1800 1230 1835 λέγει
1247 1800 1353 1832 τοῦτον,
1373 1800 1449 1835 ἰσχὺν
1465 1801 1506 1831 είς
1520 1799 1552 1826 τὸ
1575 1799 1662 1826 κακὸν
1680 1800 1824 1832 ὀνειδίζων

1022 1846 1106 1882 αὐτῷ,
1124 1845 1180 1873 ἀλλ’
1198 1846 1248 1873 οὐκ
1273 1846 1414 1873 εύλάὃειαν
1439 1845 1651 1882 ἐπιμαρτυρῶν·
1672 1845 1822 1883 προτίθησι

1023 1893 1115 1919 τοίνυν
1124 1892 1173 1928 τὴν
1182 1892 1322 1924 Μωῡσέως
1329 1892 1481 1928 πραότητα,
1493 1891 1526 1918 δι’
1542 1893 1575 1927 ἢν
1592 1892 1639 1918 καὶ
1654 1893 1709 1928 τῆς
1727 1892 1822 1927 θεσφα-

1020 1939 1094 1970 νείας
1111 1937 1209 1973 ἠξίωτο
1220 1946 1228 1954 ⁸
1246 1937 1382 1970 ὦστε,καὶ
1398 1938 1462 1964 ὅταν
1477 1937 1592 1972 λέγωσιν
1608 1938 1696 1965 αὐτὸν
1706 1939 1736 1965 at
1754 1939 1823 1974 Γρα-

1021 1985 1069 2020 φαὶ
1086 1986 1114 2011 ὲν
1130 1985 1314 2020 ἀγανακτήσει
1329 1983 1377 2010 τοῦ
1393 1984 1461 2011 Θεοῦ
1477 1983 1628 2019 γεγονέναι,
1645 1984 1699 2011 καὶ
1711 1986 1742 2011 ὲν
1758 1985 1823 2011 ἀπο-

1021 2032 1124 2067 στροφῇ
1141 2030 1189 2058 τοῦ
1214 2029 1361 2066 προσώπου
1378 2030 1460 2057 αὐτοῦ
1473 2050 1479 2062 ,
1498 2030 1641 2066 πρότερον,
1661 2031 1752 2066 φησι,
1771 2031 1820 2057 δει-

1020 2077 1146 2104 κνύουσιν
1154 2077 1236 2104 αὑτὸν
1244 2076 1298 2109 ἔξω
1306 2078 1446 2111 γεγονέναι
1455 2077 1504 2112 τῆς
1516 2076 1685 2112 πραότητος,
1705 2079 1757 2105 καὶ
1774 2077 1824 2104 εἷθ’

1019 2124 1090 2150 οὕτω
1107 2123 1203 2150 παθεῖν
1219 2123 1250 2149 τὸ
1267 2125 1314 2150 ἀπ’
1331 2122 1417 2157 ὅψεως
1435 2123 1560 2157 γενέσθαι
1582 2122 1630 2149 τοῦ
1648 2123 1737 2150 Θεοῦ.
1758 2125 1823 2150 Ὅτε

175 2169 269 2205 Itaque
285 2178 371 2198 sacrae
388 2170 509 2202 Litterae,
520 2171 632 2206 quando
647 2171 720 2198 hunc
742 2172 883 2199 insinuant
896 2173 965 2199 inci—

1034 2171 1045 2196 ὲ
1061 2169 1294 2206 ἀνακηρύττουσιν
1311 2169 1392 2196 αὑτὸν
1415 2169 1446 2196 τὸ
1468 2168 1586 2206 προῦχον
1608 2170 1658 2196 καὶ
1676 2169 1825 2205 ἐξαίρετον

174 2218 250 2246 disse
271 2218 300 2245 in
319 2217 366 2245 Dei
391 2218 625 2254 indignationem,
639 2226 725 2253 eoque
752 2219 855 2247 factum
882 2225 912 2247 ut
934 2220 962 2247 in

174 2263 318 2291 aversione
337 2263 417 2291 fuerit
439 2265 525 2292 divini
548 2265 650 2298 vultus,
663 2265 765 2292 eaedem
778 2266 836 2301 (ait
851 2270 964 2294 sanctus

174 2309 265 2344 Pater)
281 2310 439 2344 exprimunt
453 2311 543 2346 ipsum
556 2311 632 2346 prius
647 2319 676 2338 se
690 2311 861 2339 abalienasse
874 2320 890 2339 a
904 2312 963 2339 vir—

173 2358 233 2382 tute
256 2356 494 2388 mansuetudinis,
514 2357 608 2392 sicque
627 2357 736 2384 domum
762 2359 910 2394 contigisse
934 2363 963 2386 ut

174 2401 281 2428 alienus
306 2401 382 2429 ﬁeret
403 2410 419 2429 a
444 2402 490 2430 Dei
517 2404 653 2431 contuitu.
671 2403 739 2431 Cum
756 2412 821 2432 vero
834 2406 962 2433 eumdem

173 2447 369 2482 depraedicant,
377 2448 450 2482 quod
459 2450 617 2480 praeeminct
629 2450 814 2486 eximiamque
824 2456 867 2479 est
875 2452 903 2479 in
915 2451 961 2480 Dei

172 2493 335 2523 imitatione.
353 2494 589 2522 mansuetudinem
601 2496 758 2530 celebrant;
772 2497 854 2531 hujus
865 2498 962 2524 etiam-

171 2547 237 2566 num
259 2539 357 2566 merito
380 2539 434 2566 dici
461 2542 612 2576 promeruit
634 2541 680 2569 Dei
702 2542 832 2570 famulus.
858 2542 911 2570 Sed
933 2547 960 2571 et

170 2586 282 2621 quando
296 2585 429 2613 adversus
450 2586 540 2622 ipsum
559 2588 669 2622 quidem
691 2596 741 2623 pro
757 2589 876 2621 primatu
892 2597 960 2624 gen-

169 2633 218 2664 tis,
234 2633 367 2660 adversus
382 2636 473 2660 autem
487 2633 623 2662 Aaronem
638 2642 688 2670 pro
702 2636 862 2670 pontiﬁcatu
874 2639 959 2664 teme-

169 2679 236 2706 rarii
262 2679 373 2714 quidam
395 2679 626 2716 vehementerque
653 2680 825 2715 impudentes
847 2683 958 2717 conspi-

171 2729 324 2757 rassent,et
336 2725 393 2760 jam
408 2728 593 2753 conrlrentnr.
619 2726 744 2754 libertate
762 2727 841 2754 valde
851 2727 956 2762 placide

167 2772 313 2803 utebatur,
329 2773 356 2797 et
377 2770 402 2797 ei
432 2771 573 2800 ultroneus
593 2771 759 2800 concedebat
782 2773 872 2808 populi
896 2781 955 2801 ma-

166 2818 323 2853 gistratum,
336 2817 380 2844 cui
408 2817 602 2846 decerneretur
625 2818 795 2853 Deijudicio.
821 2819 862 2846 Ad
885 2819 952 2852 haec,

166 2863 352 2891 innocentiam
375 2871 452 2892 suam
476 2865 684 2893 testatissimam
711 2864 842 2893 reddidit;
859 2869 954 2893 conte-

1016 2216 1064 2251 τῆς
1082 2216 1272 2251 θεομιμησίας,
1291 2215 1508 2252 ἀνακηρύττουσι
1524 2216 1573 2251 τὴν
1589 2216 1824 2252 πραότητα(76)·

1017 2263 1133 2300 καὶγὰρ
1155 2263 1202 2290 καὶ
1233 2263 1277 2289 διὰ
1298 2261 1400 2297 ταύτην
1431 2262 1539 2295 λέγεται
1564 2261 1699 2297 θεράπων
1734 2262 1825 2290 Θεοῦ·

1016 2309 1084 2336 ἀλλὰ
1110 2310 1157 2336 καὶ
1181 2310 1236 2342 ὅτε,
1273 2309 1342 2346 πρὸς
1369 2308 1450 2335 αὑτὸν
1475 2309 1524 2344 μὲν
1552 2308 1623 2343 ὑπὲρ
1653 2308 1824 2345 ἐθναρχίας,

1015 2357 1083 2393 πρὸς
1129 2355 1234 2393 Ἀαρὼν
1264 2355 1294 2382 δὲ
1326 2355 1397 2390 ὑπὲρ
1427 2355 1477 2390 τῆς
1500 2354 1728 2391 ἀρχιερωσύνης,
1767 2357 1823 2383 ἰτα-

1015 2403 1060 2439 μοί
1083 2411 1156 2434 τινες
1188 2403 1235 2429 καὶ
1271 2402 1445 2437 ἀναίσχυντοι
1469 2401 1710 2436 ἐπισυνέστησαν,
1737 2403 1816 2438 ὲπαῤ

1013 2448 1158 2484 ρησιάζετο
1173 2448 1233 2475 λίαν
1251 2448 1360 2484 πραέως
1378 2448 1446 2482 (77),
1464 2448 1510 2474 καὶ
1525 2446 1565 2482 τῷ
1581 2448 1621 2479 είς
1639 2449 1823 2484 προστασίαν

1012 2494 1076 2521 λαοῦ
1094 2493 1281 2530 κριθησομένῳ
1297 2493 1373 2531 παρὰ
1387 2493 1455 2520 Θεοῦ
1470 2493 1625 2529 παρεχώρει
1640 2494 1698 2529 τῆς
1716 2495 1822 2532 ipp];-

1011 2541 1217 2577 ἐπεμαρτύρετο
1229 2540 1268 2574 δὲ,
1286 2541 1324 2572 ὡς
1341 2540 1461 2572 ἀναίτιός
1477 2541 1535 2567 ἐστι
1563 2542 1619 2572 τοῖς
1645 2541 1822 2578 ἀρχομένοις

1010 2588 1137 2614 ἁπάντων
1153 2587 1208 2614 τῶν
1225 2587 1329 2615 κακῶν.
1345 2586 1535 2621 Ἀρχομένοις
1550 2586 1578 2613 δὲ
1595 2587 1667 2621 φησὶ
1683 2590 1747 2620 τοῖς
1765 2589 1821 2616 ὑπὸ

1009 2633 1142 2665 ἐξουσίαν,
1153 2633 1253 2669 δηλαδὴ
1269 2633 1309 2668 τῷ
1324 2632 1392 2668 λαῷ.
1409 2633 1559 2659 Ἡπίστατο
1583 2632 1651 2669 γὰρ,
1661 2634 1708 2661 ὅτι
1727 2636 1742 2662 ὁ
1759 2636 1819 2671 ὁμι-

1008 2679 1062 2706 λῶν
1077 2679 1116 2715 τῷ
1133 2679 1226 2715 ἀγαθῷ
1242 2679 1312 2714 Θεῷ,
1322 2679 1425 2714 ὀφείλει
1443 2678 1652 2706 ὰποτυποῦσθαι
1671 2681 1749 2717 πρὸς
1766 2682 1820 2717 τὴν

1008 2726 1111 2752 ἐκείνου
1126 2726 1289 2761 ἀγαθότητα.
1299 2727 1331 2752 Τί
1348 2726 1376 2753 δὲ
1392 2726 1437 2753 τὸν
1454 2727 1605 2762 θεοπάτορα
1622 2727 1715 2755 Δαυτδ
1726 2730 1819 2758 ἐποίει

1007 2773 1083 2807 φίλον
1099 2773 1159 2808 Θεῴ
1174 2773 1190 2808 ἢ
1209 2773 1246 2809 μὴ
1263 2775 1279 2809 ἡ
1297 2774 1417 2809 πραότης
1428 2782 1434 2805 ;
1446 2773 1604 2810 Θεοπάτορα
1618 2773 1651 2800 δὲ
1671 2776 1759 2802 καλεῖ
1771 2777 1816 2804 διὰ

1005 2819 1050 2845 τὸν
1067 2820 1183 2855 Χριστόν
1193 2828 1200 2835 ·
1218 2820 1285 2855 φησὶ
1302 2819 1355 2856 γὰρ
1372 2821 1386 2845 ὁ
1402 2819 1472 2851 θεῖος
1483 2820 1596 2851 Παῦλοςθ
1615 2819 1817 2857 Ἀφωρισμέ-

1004 2874 1057 2898 νος
1078 2867 1121 2899 εἰς
1145 2865 1339 2900 Εὐαγγὲλιον,
1357 2866 1372 2893 ὃ
1389 2866 1647 2900 προεπηησίλατο
1665 2867 1705 2894 ἐν
1729 2869 1815 2902 Γραν-
