1940 3064
113 198 166 226 ιθε

484 197 711 227 ΡΑΟΗΥΜΕΒᾸΕ
731 198 977 227 PARAPHRASIS
995 199 1027 226 IN
1045 199 1120 227 EPP.
1140 199 1169 228 S.
1187 198 1348 229 DlONYSll.

1687 201 1738 228 £66

112 257 182 291 φαῖς
210 257 308 292 ἁγίαις
324 258 388 292 περὶ
406 258 459 285 τοῦ
481 259 547 286 Υιυῡ
564 260 657 286 αὐτοῦ
674 260 727 286 τοῦ
744 259 901 294 γενομένου

956 263 1032 286 stans
1047 259 1120 294 quod
1131 263 1227 286 auctor
1236 259 1393 295 neutiquam
1407 258 1488 287 fuerit
1497 266 1591 286 eorum
1603 259 1737 290 omnium,

111 303 146 330 ἐκ
161 307 330 338 σπέρματος
346 304 435 331 Δαυὶδ
451 305 524 332 κατὰ
539 305 646 339 σάρκα.
674 307 791 338 Λοιπὸν,
808 306 848 332 διὸ
868 304 902 341 ἦν

111 346 188 381 οὗτος
213 350 299 385 πρᾶος
321 350 390 386 πρὸς
413 351 476 382 τοῦς
492 351 606 387 ἐχθροὺς
629 351 676 378 καὶ
692 352 793 386 ἀγαθὸς
806 373 813 385 ,
832 353 902 379 κατὰ

111 395 160 430 τὴν
179 395 290 432 καρδίαν
306 393 374 422 εῖναι
390 395 437 423 τοῦ
453 396 520 423 Θεοῦ
539 399 729 433 μαρτυρεῖται.
747 398 844 425 Καίτοι
869 406 900 433 γε

112 441 142 467 οὺ
169 441 243 473 ξένον
263 439 297 477 ἦν
315 442 346 468 τὸ
368 441 438 469 εἷναί
462 452 522 470 τινα
545 444 614 480 πρὸς
632 444 678 471 τὸν
700 444 795 481 ἐχθρὸν
818 445 901 472 αὑτοῦ

113 487 247 523 προσηνῆ,
265 489 325 514 ἐπεὶ
341 489 386 515 καὶ
402 489 492 524 Νόμος
508 489 595 517 ἔκειτο
613 491 694 526 ἱερὸς,
712 491 759 518 καὶ
774 491 828 518 τῶν
852 491 900 518 τοῦ

112 533 209 569 ἐχθροῦ
221 534 373 569 ὑποζυγίων
384 537 520 571 προνοεῖν·
531 537 684 572 γέγραπται
697 537 752 573 γὰρ
767 539 795 564 ἐν
805 538 843 573 τῷ
853 538 903 565 Νό-

115 587 167 613 μῳ,
183 578 252 605 ὥστε
268 580 314 606 καὶ
333 580 363 606 τὸ
379 580 425 606 τοῦ
448 581 546 616 ἐχθροῦ
567 582 713 618 ὑποζύγιον
732 584 902 610 καταπίπτον

112 625 271 661 ἀνεγείρειν.
292 626 387 652 Ἰακὼΰ
400 623 442 660 δὲ,
456 629 503 654 καὶ
519 628 625 664 Ἰωσὴφ,
642 631 689 657 καὶ
709 630 790 656 Ἀὁελ
806 631 830 666 (ὁ
853 631 902 666 μὲν

113 672 151 704 ὼς
167 672 301 705 ἄπλαστος
314 674 352 700 ὢν
366 675 412 701 καὶ
428 675 527 707 κακίας
547 676 686 712 ἐλεύθερος
696 698 703 710 ,
718 679 733 704 ὁ
746 678 774 704 δὲ
788 679 826 710 ὡς
840 679 902 710 τοὺς

112 719 261 754 ἀδελφοὺς,
275 721 319 747 ὅτε
337 721 508 758 ὑποχειρίους
527 720 599 757 εἶχεν
621 723 719 756 αὐτοὺς
731 744 738 756 ,
762 725 903 761 οἰκονόμος

113 764 150 791 ὢν
171 766 279 802 ἀπάσης
301 769 438 802 Αἰγύπτου
449 788 456 800 ,
471 770 521 796 οὐκ
536 770 704 805 ἀμυνόμενος
714 790 720 802 ,
732 770 817 797 εἰπὼν
836 771 902 807 πρὸς

113 811 220 843 αὐτούς·
231 814 260 839 Μ
264 813 279 846 ὴ
296 813 443 847 φοϐεῖσθε·
462 815 515 842 τοῦ
530 815 586 850 γὰρ
601 816 674 844 Θεοῦ
690 816 747 851 ἐγώ
759 818 817 852 ειμι
827 825 833 832 '
845 819 859 844 ὁ
873 817 902 844 δὲ

112 857 151 892 τῷ
173 857 278 894 ἀδελφῷ
290 859 360 885 Κάῖν
381 861 543 893 ἀνυπόπτως
562 863 799 898 συμπορευόμενος
814 863 870 898 (78)
883 865 901 899 ·)

113 903 281 937 ἀγαθοειδεῖς
296 905 537 941 ἀνακηρύττονται.
554 908 591 934 Οὺ
606 907 660 943 γὰρ
675 908 727 944 χρὴ
741 909 786 935 τὸν
800 910 901 944 ἀγαθὸν

113 948 175 974 οὔτε
186 951 366 984 προεπινοεῖν,
379 950 441 977 οὔτε
456 954 613 987 προσποιεῖν
623 953 657 980 τὰ
667 954 739 980 κακά
755 954 820 990 (79),
832 955 899 982 ἀλλὰ

116 994 184 1029 μηδέ
201 996 379 1030 μεταπίπτειν
395 997 427 1023 ἐκ
447 997 494 1024 τοῦ
509 998 611 1032 ἀγαθοῦ
627 1000 667 1030 εις
680 1000 779 1027 κακίαν
794 999 838 1027 διὰ
851 1001 901 1036 τὴν

113 1039 167 1066 τῶν
181 1041 282 1076 ἐτέρων
296 1042 404 1074 κακίαν,
421 1043 488 1070 ἀλλὰ
501 1044 599 1079 μᾶλλον
613 1045 769 1078 πλεονάζειν
782 1047 828 1073 καὶ
840 1047 900 1073 τότε

114 1086 164 1121 τὴν
176 1086 329 1122 ἀγαθότητα
339 1108 347 1118 ,
361 1088 399 1119 ὡς
415 1089 447 1115 ἂν
463 1090 606 1122 κάκείνους
622 1091 749 1127 ὲκκαλοίη
772 1092 841 1128 πρὸς
855 1093 900 1119 τὸν

112 1131 206 1166 ὅμοιον
221 1132 309 1168 ζῆλον.
329 1133 437 1170 Ἐπειδὴ
451 1136 514 1171 περὶ
534 1136 637 1172 ἀνδρῶν
651 1138 838 1174 ἐμνήσθημεν,
860 1140 901 1166 δεῖ

114 1177 143 1204 δὲ
159 1179 206 1204 καὶ
218 1179 390 1216 ὑψηλοτέρων
405 1181 533 1216 ἅψασθαι,
548 1183 740 1220 ἀνανεύσωμεν
756 1185 803 1212 καὶ
819 1194 902 1213 κατα-

114 1224 269 1259 νοήσωμεν,
286 1225 316 1251 οὺ
335 1225 405 1260 λέγω
420 1227 543 1262 ἀγγέλων
567 1228 737 1266 ἀγαθότητας
751 1231 902 1268 φιλανθρώ-

115 1277 189 1301 πων,
206 1270 252 1296 καὶ
269 1271 339 1305 ὑπὲρ
357 1271 441 1298 ἐθνῶν
454 1272 589 1308 δεομένων
603 1274 650 1301 τοῦ
664 1275 747 1307 Θεοῦ,
769 1278 815 1304 καὶ
842 1278 901 1304 ἐπι-

114 1315 256 1349 τιμώντων
273 1317 343 1352 ὑπὲρ
357 1317 508 1354 ἀνθρώπων
528 1322 589 1352 ταῖς
611 1321 806 1355 ἀποστατικαῖς
823 1324 902 1352 δυνά-

116 1370 178 1396 μεσι
187 1382 194 1393 ,
214 1362 333 1398 δηλονότι
347 1366 403 1396 τοῖς
416 1365 540 1401 δαίμοσιν
550 1387 557 1398 ,
581 1367 615 1399 ἃς
629 1368 676 1394 καὶ
691 1369 795 1405 πληθῦς
810 1370 883 1405 λέγει
893 1391 900 1403 ,

113 1406 145 1432 οὑ
159 1407 203 1434 διὰ
218 1409 248 1435 τὸ
263 1409 318 1436 τῶν
333 1410 457 1446 ἀριθμῶν
467 1411 584 1447 πλῆθος,
607 1413 664 1440 ἀλλ’
678 1415 719 1441 ὅτι
738 1416 785 1443 τοῦ
800 1417 901 1444 ἐνιαίου

113 1453 182 1479 Θεοῦ
204 1454 297 1490 πόρρω
318 1456 488 1492 ἀπέστησαν·
514 1458 545 1485 τὺ
557 1459 586 1486 δὲ
609 1459 710 1495 πλῆθος
734 1462 828 1497 πόρρω
851 1463 902 1498 τῆς

115 1499 229 1533 μονάδος
252 1501 364 1536 ἀπέχει·
391 1503 422 1529 οὐ
443 1503 514 1538 λέγω
534 1505 599 1539 γοῦν
622 1507 686 1542 περὶ
705 1507 821 1534 τούτων·
844 1509 901 1535 ἀλλ’

116 1544 214 1581 ἴδωμεν
241 1546 291 1582 τὴν
311 1548 467 1585 ἀγαοότητα
495 1550 543 1577 τοῦ
572 1552 674 1587 Κυρίου
703 1553 781 1588 ἡμῶν
813 1555 901 1590 Ἰησοῦ

953 311 1015 339 qua}
1036 304 1154 332 subditis
1176 304 1321 335 obvenere,
1333 305 1478 331 malorum.
1502 302 1673 339 Ἀρχομένοις
1689 302 1738 334 ait,

952 358 1000 378 eos
1011 350 1155 378 insinuans
1166 357 1234 385 quos
1246 350 1296 378 sub
1306 353 1439 385 potestate
1447 349 1563 376 habebat
1571 348 1740 384 Moyses.po-

954 397 1047 431 pulum
1061 397 1198 424 videlicet.
1214 396 1307 431 Neque
1321 396 1393 423 enim
1407 395 1518 423 nescius
1531 400 1590 422 erat
1610 394 1740 430 quoniam

952 443 1000 478 qui
1011 442 1067 470 Deo
1078 449 1208 477 perquam
1225 442 1296 469 bono
1311 441 1487 476 congreditur
1502 440 1740 471 lamiliariter,de-

953 489 998 516 bet
1028 488 1052 516 is
1070 495 1120 523 pro
1131 487 1203 515 virili
1218 487 1364 522 imaginem
1378 487 1530 522 exprimere
1546 486 1646 514 divinat
1667 486 1740 514 illius

954 532 1093 560 bonitatis.
1114 531 1212 564 Porro,
1226 531 1293 566 quid
1317 531 1391 559 aliud
1415 531 1545 558 eximium
1566 530 1612 558 Dei
1635 534 1739 566 patrem

953 578 1039 606 David
1052 578 1105 614 ipsi
1125 577 1181 605 Deo
1195 582 1250 604 tam
1265 577 1393 605 reddebat
1418 577 1562 604 amabilem
1585 580 1613 604 et
1639 578 1740 612 gratio-

952 633 1025 657 sum,
1042 626 1065 652 si
1081 632 1135 652 non
1152 625 1240 652 virtus
1255 623 1493 658 mansuetudinis?
1516 623 1562 650 Dei
1584 627 1673 650 autem
1690 631 1739 658 pa-

952 675 1022 699 trem
1039 676 1118 700 vocat
1133 675 1244 708 propter
1259 671 1409 700 Christum.
1425 670 1470 697 Ait
1484 677 1601 705 namque
1618 669 1739 696 admira-

954 718 1017 745 bilis
1042 717 1144 746 Paulus
1159 728 1166 745 :
1183 717 1339 753 Segregatus
1357 717 1384 744 in
1402 716 1574 751 Euangelium
1589 715 1657 751 quod
1679 723 1741 749 pro-

952 763 1025 790 misit
1052 764 1079 791 in
1096 763 1239 798 Scriptun's
1254 764 1353 790 sauciis
1374 762 1406 790 de
1423 761 1494 789 Filio
1510 770 1568 794 suo,
1584 761 1628 796 qui
1654 761 1739 795 {actus

951 815 991 837 est
1019 818 1051 837 ea:
1079 811 1176 838 semine
1203 809 1286 837 David
1311 809 1453 837 secundum
1478 817 1582 836 carnem
1597 815 1621 836 ι.
1640 807 1740 836 Deinde

952 856 1026 891 quod
1055 856 1078 884 is
1110 860 1165 882 tam
1198 860 1271 884 esset
1298 863 1363 891 erga
1396 855 1491 883 hostes
1524 862 1590 883 suos
1620 855 1740 882 clemens

954 910 986 929 ac
999 902 1144 938 benignus,
1160 902 1253 929 divino
1267 902 1425 930 testimonio
1444 901 1535 929 dictus
1557 904 1599 929 est
1614 909 1675 929 esse
1698 908 1741 928 se-

952 947 1073 975 cundum
1101 955 1149 974 cor
1171 947 1219 975 Dei
1245 951 1269 975 Υ.
1307 946 1467 982 Quanquam
1500 954 1536 973 ne
1572 946 1597 973 id
1630 946 1741 981 quidem

951 994 1044 1022 debuit
1077 993 1163 1021 videri
1196 992 1320 1020 mirabile
1352 1000 1435 1019 unum
1469 992 1586 1027 aliquem
1601 991 1682 1028 263
1698 991 1740 1018 in-

950 1039 1055 1071 veniri,
1092 1039 1138 1074 qui
1171 1046 1200 1066 se
1231 1039 1371 1066 exhiberet
1402 1045 1466 1073 erga
1498 1038 1637 1065 inimicum
1661 1045 1742 1065 suum

951 1085 1112 1113 benevolum
1144 1093 1177 1112 ac
1207 1085 1308 1117 levem,
1341 1085 1451 1119 quando
1478 1087 1654 1112 sacrosancta
1687 1083 1742 1111 Lex

952 1132 1040 1167 posita
1068 1135 1126 1159 erat
1156 1132 1190 1159 de
1218 1131 1340 1159 curando
1367 1131 1491 1165 jumeuto
1523 1130 1636 1158 inimici.
1664 1130 1741 1157 Scri—

951 1182 1028 1214 ptum
1045 1179 1145 1214 quippe
1156 1178 1185 1205 in
1201 1178 1272 1214 Lege
1282 1182 1323 1206 est
1337 1188 1343 1205 :
1360 1177 1395 1205 Ut
1411 1178 1452 1206 vel
1468 1177 1610 1213 subjugale
1625 1177 1740 1209 inimici,

952 1225 976 1252 si
991 1225 1063 1260 quod
1081 1225 1150 1252 forte
1164 1225 1323 1256 decidisset,
1340 1226 1412 1252 alius
1428 1225 1518 1260 quivis
1535 1225 1625 1253 obiter
1640 1225 1742 1252 alleva-

952 1275 1058 1299 varet‘.
1077 1270 1131 1299 Sed
1155 1276 1182 1298 et
1202 1271 1305 1303 Jacob,
1319 1270 1434 1306 Ioseph,
1462 1271 1528 1299 Abel
1554 1278 1663 1305 quoque
1686 1270 1742 1305 (ille

951 1317 1073 1352 quidem,
1090 1323 1121 1344 ut
1137 1317 1184 1352 qui
1200 1317 1313 1345 minime
1325 1322 1397 1345 esset
1411 1317 1530 1350 fucatus,
1547 1318 1595 1345 sed
1609 1321 1637 1345 et
1650 1318 1741 1345 omnis

952 1363 1064 1390 malitiae
1087 1363 1170 1396 liber;
1185 1366 1242 1398 jam
1257 1364 1336 1396 alter,
1348 1363 1446 1390 fratres
1458 1371 1521 1390 cum
1539 1363 1652 1391 haberet
1667 1364 1742 1390 velut

953 1409 1100 1444 mancipia,
1126 1417 1173 1437 seu
1192 1410 1289 1437 ditioni
1306 1410 1473 1443 subdititios,
1498 1410 1599 1445 quippe
1614 1410 1658 1437 cui
1677 1411 1739 1437 uni-

952 1462 1060 1483 versam
1088 1455 1267 1490 dispensabat
1297 1455 1546 1490 moderabaturque
1574 1454 1741 1491 Egyptum,

953 1501 1021 1528 adeo
1040 1502 1074 1530 de
1095 1502 1136 1530 eis
1157 1502 1259 1529 nullam
1279 1503 1411 1537 expetivit
1433 1502 1582 1534 ultionem,
1608 1506 1638 1529 ut
1657 1502 1739 1529 etiam

953 1546 1170 1575 dixerit:Nolite
1185 1548 1292 1582 timere;
1304 1548 1353 1575 Dei
1367 1550 1437 1576 enim
1455 1557 1501 1585 ego
1517 1557 1575 1576 sum
1593 1556 1625 1583 a;
1643 1550 1742 1577 tertius

114 1591 234 1626 Χριστοῦ
248 1594 295 1620 καὶ
308 1593 434 1629 ἀληθινοῦ
450 1595 517 1622 Θεοῦ
528 1597 616 1632 ἡμῶν,
627 1599 842 1635 παραδεχόμενοι
854 1601 901 1634 τὰς

955 1602 1008 1622 una
1020 1602 1082 1622 eum
1096 1594 1181 1622 fratre
1192 1594 1260 1622 Cain
1271 1595 1339 1623 nihil
1350 1596 1495 1631 suspicans
1509 1596 1585 1628 mali,
1601 1595 1744 1631 profectus

113 1637 165 1684 τῆς
180 1638 347 1675 ἀγαθότητος
356 1640 438 1667 αὐτοῦ
449 1642 561 1674 ἀκτῖνας
575 1644 605 1669 ἐν
619 1645 729 1680 ἡσυχίᾳ.
742 1646 837 1682 Χαίρει
848 1646 902 1684 γὰρ

112 1683 149 1710 τὰ
163 1683 221 1710 θεῖα
236 1686 270 1720 τῇ
289 1686 390 1722 ἠσυχίᾳ
401 1707 409 1719 ,
425 1687 520 1724 ὥσπερ
534 1688 573 1724 τῷ
591 1689 663 1725 δχλῳ
682 1691 715 1718 τὰ
734 1691 855 1719 ἐναντία·
870 1694 900 1720 οὐ

112 1729 168 1765 γὰρ
182 1730 285 1764 ἀφάτου
299 1731 466 1769 ἀγαθότητος
484 1734 515 1760 τὸ
529 1734 563 1761 τὰ
580 1736 617 1772 μὴ
636 1736 700 1763 ὄντα
718 1740 804 1765 ποιεῖν
820 1737 901 1773 εἶναι,

112 1775 236 1802 τουτέστι
250 1777 405 1813 διακρατεῖν
428 1779 497 1815 πρὸς
515 1779 644 1818 διαμονὴν
655 1803 662 1815 ,
679 1783 749 1809 ὥστε
764 1784 809 1811 τδν
821 1786 902 1812 αὑτὸν

113 1818 185 1848 εἶναι
209 1823 255 1848 καὶ
270 1824 385 1860 ποιητὴν
407 1825 454 1851 καὶ
472 1827 584 1861 συνοχέα
602 1827 677 1864 (80),
694 1829 741 1855 καὶ
756 1830 786 1856 τὺ
801 1831 900 1864 πάντα,

114 1867 187 1893 κατά
202 1870 251 1903 τὴν
266 1869 381 1896 ἑκάστου
397 1871 612 1908 ἐπιτηδειότητα,
625 1873 764 1908 βούλεσθαι
780 1877 903 1904 ἐκκαλεῖ-

115 1913 178 1939 σθαι
198 1915 266 1950 πρὸς
287 1915 336 1951 τὴν
356 1916 452 1943 ἐαυτοῦ
468 1918 592 1954 μίμησιν.
609 1920 641 1946 Τί
656 1921 702 1953 δέ;
721 1922 762 1948 ὅτι
778 1923 825 1949 καὶ
847 1924 902 1951 τῶν

114 1959 322 1994 ἀποφοιτώντων
338 1963 387 1998 ἐρᾷ
399 1983 406 1995 ,
425 1964 472 1990 καὶ
487 1965 640 2000 παρακαλεῖ
655 1966 692 2002 μὴ
713 1967 839 1995 ἐκπεσεῖν
851 1970 901 1996 αὺ-

113 2005 162 2032 τοῦ
177 2006 281 2034 τέλεον·
297 2008 342 2035 διὰ
354 2009 432 2036 τοῦτο
444 2010 500 2046 γὰρ
515 2012 561 2038 καὶ
581 2012 776 2048 Παράκλητος
789 2015 899 2042 ἀκούει·

115 2053 270 2088 παρακαλεῖ
289 2055 342 2090 γὰρ
358 2056 395 2090 μὴ
419 2057 606 2093 ἀπαξιωθῆναι
629 2060 694 2094 παρ’
719 2060 831 2087 ἐκείνων
847 2062 902 2089 τῶν

116 2097 311 2134 θρυπτομένων
328 2102 374 2128 καὶ
394 2102 630 2139 ἀλαζονευομένων
649 2105 714 2142 (81).
740 2106 771 2132 Ἦ
787 2106 859 2139 λέξις
873 2108 902 2134 δὲ

114 2145 162 2171 ἐπὶ
182 2145 236 2172 τῶν
250 2147 409 2182 ἐρωμένων,
429 2149 454 2175 οἳ
476 2149 524 2185 τὴν
539 2150 607 2186 πρὸς
625 2152 690 2184 τοὺς
704 2152 825 2188 ἐρῶντας
838 2154 903 2181 ἀνα-

114 2191 273 2227 ϐαλλόμενοι
293 2193 451 2229 συντυχίαν,
471 2195 584 2232 τοιούτῳ
598 2197 638 2232 τῷ
653 2199 811 2234 σωματικῷ,
826 2208 903 2227 τουτ-

114 2236 174 2263 έστι
195 2238 380 2274 κεκλασμένῳ,
403 2240 462 2276 ἦθει
479 2241 644 2278 κέχρηνται·
661 2243 721 2271 ὅθεν
737 2244 902 2281 λαμῦάνεται

115 2284 163 2309 καὶ
176 2284 222 2310 ἐπὶ
235 2284 289 2311 τῶν
312 2285 399 2313 ἄλλων
415 2287 600 2324 ὁμοιοτρόπων
616 2280 797 2326 πραγμάτων,
807 2292 902 2319 κάκεί-
918 2280 940 2308 D

114 2338 168 2356 νων
184 2331 244 2366 εικῆ
259 2332 305 2358 καὶ
322 2332 410 2368 μάτην
425 2334 664 2368 κατεγκαλούντων
674 2356 681 2368 ,
706 2337 788 2369 αὐτὸς
804 2339 901 2374 πράως

113 2376 286 2411 ἀπολογεῖται
297 2379 344 2406 καὶ
357 2379 536 2414 θεραπεύσειν
546 2382 742 2417 ἐπαγγέλλεται
752 2383 818 2420 (82).
828 2385 901 2412 Λάϐε

116 2431 162 2458 μοι
178 2423 207 2449 δὲ
217 2424 268 2450 καὶ·
276 2424 323 2451 τοῦ
337 2425 441 2452 ἀσώτου
457 2427 613 2464 παραϐολὴν
627 2430 673 2456 ἐπὶ
688 2430 792 2462 τούτοις
802 2450 810 2462 ,
827 2431 898 2463 πῶς,

113 2468 155 2495 ἔτι
169 2469 315 2505 ἀπέχοντος
323 2471 371 2498 τοῦ
382 2472 498 2505 ἀσώτου,
506 2474 590 2509 ὅμως,
601 2475 663 2502 ἐπεὶ
674 2476 810 2511 πρόσεισι,
818 2485 903 2513 προσ-

111 2515 205 2552 τρέχει
221 2517 267 2544 καὶ
283 2518 398 2554 ὑπαντᾷ,
413 2520 460 2546 καὶ
476 2521 656 2555 περιπλακεὶς
669 2522 839 2555 ἀσπάζεται,
855 2525 902 2551 καὶ

115 2562 269 2597 ἀμνημονεῖ
280 2564 335 2591 τῶν
350 2565 506 2601 προτέρων,
530 2567 576 2593 καὶ
592 2568 648 2599 τοῖς
662 2568 795 2604 παροῦσιν
811 2570 902 2606 ἐνεορ-

113 2607 192 2640 τάζει
211 2610 319 2645 συνάμα
333 2612 394 2642 ταῖς
411 2611 502 2646 φίλαις
518 2612 678 2649 δυνάμεσιν,
703 2614 746 2641 ἵνα
761 2613 777 2650 ᾖ
795 2616 903 2643 πάντων

114 2657 336 2692 εὐφραινομένων
351 2659 368 2693 ἡ
383 2658 520 2685 κατοικία·
545 2659 589 2686 ἵνα
603 2659 724 2694 δηλονότι
742 2660 799 2696 ἅμα
812 2662 858 2689 ἐπὶ
872 2663 903 2689 τὸ

114 2702 181 2728 αὐτὸ
203 2703 303 2734 πάντες
317 2704 516 2740 εὐφραίνοιντο·
534 2706 604 2733 οὕτω
624 2707 678 2743 γὰρ
694 2707 858 2744 ἐκλαμϐάνει
872 2709 902 2735 τὸ

114 2748 196 2783 ῥητὸν
205 2749 275 2776 κατὰ
284 2750 315 2776 τὸ
325 2750 411 2786 παρὸν
420 2752 434 2777 ὁ
442 2751 527 2786 ἅγιος.
540 2753 576 2779 Τὸ
585 2753 614 2779 δὲ
628 2752 700 2786 ὅλος
716 2753 807 2786 ὅλσυς
820 2762 902 2788 περι--

113 2795 177 2827 θεὶς
192 2796 347 2831 θαυμασίως
359 2798 441 2833 φησὶ,
458 2799 644 2835 καταισχύνων
657 2801 719 2832 τοὺς
730 2800 790 2826 τότε
805 2801 904 2835 αἱρετι-

113 2840 190 2873 κοῦς,
199 2841 294 2873 οἵτινες
310 2842 399 2877 ψυχὴν
411 2843 493 2879 μόνην
505 2844 638 2877 σώζεσθαι
650 2846 702 2872 ὑπὸ
715 2845 793 2878 θεοῦ,
806 2846 836 2872 οὐ
849 2846 902 2882 μὴν

154 2935 167 2949 ι
182 2927 260 2958 ltum.
277 2939 295 2963 ι,
308 2931 334 2958 6.
374 2936 386 2956 ῖ
402 2933 462 2961 Act.
479 2941 538 2967 xui,
554 2934 596 2963 22.
640 2939 649 2953 ι
669 2936 746 2965 Deut.
766 2944 833 2970 xx",
849 2937 875 2964 4.

953 1641 1005 1676 est)
1023 1640 1134 1676 benigni
1148 1641 1344 1676 praedicantur.
1361 1641 1453 1677 Neque
1468 1642 1542 1670 enim
1555 1650 1617 1670 eum
1630 1642 1677 1677 qui
1692 1642 1742 1669 ho-

951 1693 1005 1714 nus
1019 1694 1081 1714 esse
1100 1687 1256 1721 contendit,
1280 1691 1387 1723 oportet
1411 1689 1481 1715 mala
1497 1689 1539 1716 vel
1553 1689 1743 1724 praecogitare,

952 1733 995 1760 vel
1009 1733 1136 1761 simulate
1151 1733 1262 1768 ﬁngere,
1283 1734 1330 1762 sed
1345 1741 1434 1769 neque
1448 1742 1464 1762 a
1480 1734 1551 1762 bono
1565 1735 1742 1770 degenerare,

953 1782 1000 1806 aut
1015 1778 1107 1806 diduci
1125 1780 1159 1807 ad
1175 1780 1276 1807 malum
1301 1788 1350 1815 per
1370 1780 1488 1807 alienam
1502 1781 1654 1812 malitiam;
1674 1783 1741 1816 quin

953 1825 1045 1860 potius
1059 1825 1239 1853 adnitendum
1262 1826 1302 1853 illi
1327 1830 1380 1858 est,
1397 1830 1426 1854 ut
1442 1827 1571 1862 operibus
1587 1827 1742 1863 benignita-

953 1871 989 1899 tis
1003 1871 1123 1899 abundet
1139 1872 1226 1908 magis
1241 1877 1323 1907 atque
1338 1872 1441 1908 magis,
1458 1881 1512 1908 quo
1526 1873 1587 1901 illos
1604 1873 1637 1901 ad
1656 1882 1742 1901 aemu-

953 1917 1083 1944 lationem
1106 1917 1189 1945 studii
1214 1918 1366 1946 consimilis
1391 1923 1532 1954 provocet.
1549 1918 1609 1946 Jam
1631 1920 1741 1954 quando

953 1963 1075 1990 virorum
1096 1963 1200 1999 aliquot
1214 1964 1404 1996 meminimus,
1421 1972 1511 2000 operae
1525 1966 1642 2000 pretium
1659 1966 1741 1993 fuerit

953 2017 985 2036 ea
1003 2010 1145 2044 attingere,
1167 2017 1228 2045 quae
1252 2018 1300 2046 per
1313 2017 1342 2038 se
1357 2011 1518 2038 sublimiora
1534 2017 1608 2040 sunt.
1623 2012 1663 2040 Ad
1683 2012 1741 2039 haec

953 2056 1036 2090 igitur
1061 2056 1205 2091 superiora
1230 2057 1429 2092 provehamur,
1458 2059 1739 2094 contemplemurque,

953 2110 1008 2129 non
1024 2103 1182 2138 angelorum
1196 2103 1374 2131 multifariam
1390 2112 1455 2140 erga
1468 2112 1519 2133 nos
1533 2105 1741 2140 benignitatem,

952 2149 1000 2183 qui
1015 2156 1065 2184 pro
1078 2150 1216 2177 communi
1236 2150 1358 2185 gentium
1382 2151 1470 2179 salute
1489 2151 1523 2178 ad
1539 2150 1625 2178 Deum
1649 2151 1740 2178 ell‘unv-

953 2196 1022 2223 dunt
1039 2203 1150 2231 preces,
1165 2197 1210 2232 qui
1226 2196 1392 2226 desertrices
1407 2202 1434 2225 ct
1455 2198 1564 2234 refugas
1591 2203 1742 2234 potestates

955 2241 1095 2269 hominum
1118 2249 1202 2270 causa
1230 2242 1326 2271 durius
1341 2244 1499 2279 increpant,
1511 2244 1648 2272 daemones
1660 2245 1743 2272 nimi-

954 2296 1026 2320 rum,
1041 2296 1111 2324 quos
1126 2293 1207 2316 vocat
1222 2289 1428 2323 multitudines;
1439 2298 1493 2318 non
1501 2290 1574 2326 quod
1587 2298 1742 2318 numerosa:

953 2334 1011 2362 sint
1034 2334 1235 2369 multitudinis,
1252 2343 1345 2363 verum
1366 2336 1430 2370 quia
1453 2337 1489 2364 ab
1513 2337 1596 2364 unius
1614 2337 1660 2364 Dei
1675 2338 1741 2365 ohe-

954 2380 1057 2408 dientia
1082 2381 1190 2417 longius
1212 2381 1403 2413 desciverunt;
1427 2382 1576 2410 multitudo
1605 2383 1740 2419 siquidem

954 2434 1037 2461 porro
1058 2427 1137 2455 abest
1158 2427 1193 2455 ab
1206 2428 1329 2461 unitate.
1350 2427 1408 2455 Non
1430 2429 1522 2464 itaque
1551 2428 1585 2457 de
1608 2429 1650 2457 his
1674 2430 1739 2456 mihi

953 2472 1144 2501 disserendum
1163 2482 1249 2507 nunc,
1265 2475 1350 2509 magis
1365 2482 1430 2502 vero
1445 2475 1573 2502 ex-imiam
1589 2475 1742 2511 benignita-

957 2521 1010 2546 tem
1025 2519 1223 2554 perspiciamus
1237 2520 1345 2548 Domini
1362 2522 1449 2549 nostrl
1463 2520 1528 2549 Jesu
1540 2521 1643 2550 Christi
1659 2523 1742 2549 simul

955 2568 983 2592 et
991 2565 1048 2592 veri
1062 2564 1109 2593 Dei
1123 2567 1397 2601 nostri,excipientes
1410 2567 1438 2594 in
1451 2567 1560 2596 silentio
1569 2572 1650 2596 tanta!
1661 2569 1742 2596 istius

957 2610 1088 2640 bonitatis
1100 2612 1204 2640 radios.
1214 2612 1310 2640 Divina
1324 2621 1443 2649 namque
1457 2614 1547 2641 silenti
1564 2615 1656 2649 requie
1673 2616 1741 2642 mire

957 2659 1128 2687 oblectamur
1140 2667 1146 2684 :
1160 2663 1189 2685 ut
1205 2658 1361 2686 turbulento
1379 2664 1461 2694 atque
1484 2659 1632 2694 irrequieto
1647 2665 1721 2686 motu
1733 2681 1739 2693 ,

954 2714 1015 2741 qum
1029 2706 1176 2734 contraria:
1187 2711 1251 2733 sunt
1264 2710 1425 2740 potestates.
1439 2705 1534 2733 Nonne
1547 2705 1678 2733 ineffabili
1693 2706 1740 2733 bo-

954 2752 1033 2779 nitati
1043 2752 1234 2780 aseribendum
1247 2756 1299 2784 est,
1311 2752 1395 2787 quod,
1416 2759 1476 2786 qua:
1492 2753 1567 2786 prius
1582 2759 1636 2778 non
1649 2756 1738 2784 erant,

955 2800 1020 2826 fecit
1043 2803 1072 2826 ut
1095 2800 1205 2827 essent?
1220 2799 1277 2826 Hoc
1291 2805 1333 2826 est
1353 2802 1382 2825 ut
1402 2798 1552 2833 perdurent
1575 2802 1738 2829 conservat,

956 2847 997 2874 sic
1013 2850 1042 2873 ut
1057 2846 1129 2873 idem
1150 2847 1186 2874 sit
1199 2849 1226 2874 et
1241 2845 1367 2873 conditor
1381 2849 1408 2871 et
1428 2849 1622 2878 conservator,
1638 2845 1741 2880 quique

915 2943 927 2957 ι
942 2936 1009 2967 Gen.
1027 2944 1088 2969 ην,
1104 2936 1129 2966 5.
