1940 3064
209 194 262 221 At"!

618 190 790 219 APPENDIX
809 192 854 219 AD
874 191 988 220 OPERA
1005 193 1032 220 5.
1048 192 1197 221 DlONYSIl
1214 192 1454 221 kBEOPAGlTE.

1783 191 1830 218 468

209 253 302 282 omnia
324 251 400 286 cupit
424 251 600 279 vehementer
626 258 676 286 pro
697 251 832 286 cujusque
847 251 997 286 aptitudine

1053 253 1076 279 δὲ
1094 254 1140 280 καὶ
1162 253 1242 288 σῶμα
1257 253 1357 287 ἔλεγον.
1377 253 1455 284 Ὅλος
1466 248 1523 283 οὖν,
1539 250 1631 285 φησὶν,
1643 250 1657 276 ὁ
1671 247 1780 283 Κύριος,
1796 248 1830 280 ὡς

209 301 242 327 ad
265 299 306 327 sui
321 305 404 334 quam
427 297 592 325 simillimam
610 297 788 325 imitationem
812 298 945 325 advocare
964 305 996 325 ac

209 345 368 381 provehere.
387 345 457 378 Quid
472 347 577 375 autem,
594 344 657 379 quia
677 348 704 371 et
725 351 740 371 a
760 352 790 372 se
812 344 997 372 desciscentes

209 392 333 423 deamat,
350 391 511 418 adhortatur
526 390 674 418 etiamnum
699 398 734 418 ne
748 391 790 418 vel
806 390 914 418 tandem
933 398 948 417 a
968 398 998 418 se

208 437 355 466 excidant?
372 437 438 464 Nam
469 437 521 463 hac
550 436 637 471 gratia
667 436 846 471 Παράκλητος
872 439 996 463 vocatur.

209 483 340 511 Hortatur
348 483 418 510 enim
432 486 556 516 oratque,
566 489 600 509 ne
615 481 655 508 sic
667 482 779 516 indigne
791 482 825 509 ab
838 482 878 509 eis
888 481 999 509 desera-

210 535 266 563 tur,
276 531 321 566 qui
338 529 462 557 difﬂuunt
477 528 593 559 deliciis.
606 531 688 563 atque
700 528 813 562 insuper
828 528 999 555 insolescurit

211 585 294 612 supra
308 576 428 603 modum.
442 575 597 610 Usurpatur
606 579 698 602 autent
713 575 772 602 inec
787 574 869 601 dictio
882 574 999 610 θρυπτο-

213 621 310 656 μένων,
326 620 360 647 de
372 620 405 647 iis
415 620 461 654 qui
476 619 614 654 impendio
630 623 767 652 amantur,
782 619 828 654 qui
842 619 999 646 fruitionem

211 666 292 702 264
309 666 469 693 deliciarum
485 673 554 700 quas
575 665 608 692 ab
629 665 800 693 amatoribus
823 669 950 700 sperant,
966 664 1000 692 de

210 713 254 740 die
272 713 300 740 in
311 712 382 739 diem
398 711 565 744 dilferentes,
580 712 634 740 isto
653 717 768 739 utuntur
782 719 914 746 corporeo
924 733 930 744 ,
948 712 1000 739 hoc

210 763 253 787 est
268 758 423 794 praefracto.
438 763 466 787 et
479 759 552 786 molli
567 764 644 794 gestu
661 759 802 793 corporis;
815 767 900 794 quare
915 759 1000 786 dictio

212 806 269 832 haec
281 806 314 832 ad
334 813 379 832 rcs
394 806 538 841 plerasque
553 805 621 832 alias
634 805 832 832 transsumitur
847 804 1000 832 consimilis

211 851 315 878 fet-mae.
331 850 389 878 Jam
406 851 460 878 illis
475 851 629 879 inconsulte
648 856 675 878 et
690 851 793 878 frustra
807 852 875 878 vitio
889 856 1000 879 verten-

212 897 286 925 tibus
300 902 403 924 tantam
416 898 624 933 benignitatem,
641 899 790 926 clementer
805 906 853 933 per
864 905 894 926 se
909 897 1000 925 reddit

1046 298 1135 334 ψυχὴν
1143 300 1190 326 καὶ
1200 300 1279 335 σῶμα
1291 299 1390 331 λαὸὼν,
1403 299 1479 330 ὅλους
1491 298 1565 333 ἡμᾶς
1575 298 1639 328 τοὺς
1649 297 1681 323 ἐκ
1690 296 1778 331 ψυχῆς
1787 297 1830 322 καὶ

1049 345 1173 381 σώματος
1196 346 1324 373 σέσωκεν.
1340 343 1430 372 ’Ἦσαν
1452 345 1481 372 δὲ
1495 345 1555 370 τότε
1577 345 1602 370 οἱ
1626 343 1679 370 ἀπὸ
1697 343 1830 377 Σίμωνος,
1879 354 1882 357 ν

1048 393 1095 418 καὶ
1118 392 1170 424 ἓως
1188 392 1270 419 αὐτοῦ
1293 391 1448 427 Κηρίνθου,
1468 391 1506 423 ὡς
1524 389 1650 425 δηλοῦσιν
1672 389 1697 415 οἱ
1715 389 1830 417 παλαιοὶ.

1048 439 1140 473 φησιν,
1156 440 1298 474 Εἰρηναῖος
1314 439 1361 465 καὶ
1377 437 1533 469 Ἱππόλυτος
1548 436 1614 472 (85).
1631 435 1782 472 Δημόφιλος
1794 435 1830 466 δὲ,

1049 487 1096 513 καὶ
1110 487 1136 512 at
1149 494 1190 517 τις
1207 485 1285 518 ἄλλος
1299 485 1357 511 κατ’
1374 484 1465 516 αὑτὸν,
1483 484 1653 518 ἐπιτιμᾶται,
1668 482 1744 517 φησὶ,
1761 481 1831 517 παρὰ

1048 531 1095 558 τοῦ
1109 531 1176 559 Θεοῦ
1191 531 1311 566 δηλονότι
1325 530 1372 557 τοῦ
1390 531 1439 557 καὶ
1453 528 1632 565 ἁμαρτωλοὺς
1649 528 1770 559 θέλοντος
1785 536 1832 554 σω-

1050 581 1138 616 θῆναι,
1155 579 1202 606 καὶ
1220 578 1404 605 ἐκδιδάσκεται
1420 577 1485 612 παρ’
1508 575 1602 608 αὑτοῦ,
1626 575 1681 601 Καὶ
1704 574 1762 605 πῶς
1785 574 1831 600 οὐκ

1051 626 1121 657 ἔδει,
1143 625 1283 659 λέγοντος,
1307 624 1354 650 ἐπὶ
1375 623 1497 658 σωτηρία
1518 623 1551 657 τῇ
1567 621 1611 648 διὰ
1635 621 1777 656 μετανοίας
1792 620 1833 646 εὐ-

1051 671 1220 708 φραίνεσθαι;
1229 670 1312 702 Αὐτὸς
1322 669 1376 705 γάρ
1391 670 1447 704 εἰμι
1456 670 1470 695 ὁ
1478 669 1520 694 ἐπ’
1534 667 1616 703 ὤμων
1627 667 1696 703 ἄρας
1709 666 1740 693 τὺ
1750 665 1826 692 ἁπολν

1050 718 1134 750 ωλὸς,
1157 719 1172 744 ὁ
1195 717 1311 753 χρηστὸς
1335 716 1380 742 ἐπὶ
1401 716 1464 746 τοὺς
1489 714 1662 750 ἀχαρίστους.
1696 713 1761 739 Ἔτι
1780 712 1833 746 γὰρ

1050 763 1230 799 ἁμαρτωλῶν
1239 763 1333 790 ὄντων
1342 761 1437 796 ήμῶν,
1449 761 1574 796 Χριστὸς
1588 759 1664 794 ὑπὲρ
1674 758 1759 794 ἡμῶν
1767 757 1834 785 ἀπέ-

1051 814 1131 844 θανε,
1145 810 1227 846 φησὶν
1249 811 1263 836 ὁ
1285 809 1354 840 θεῖος
1375 807 1544 838 Ἀπὸστολος,
1561 807 1577 833 ὁ
1594 805 1769 833 ἀνατέλλων
1783 803 1833 830 τὸν

1049 859 1141 893 ἣλιον
1156 857 1206 884 ἐπὶ
1220 855 1371 890 πονηροὺς
1384 855 1432 882 καὶ
1447 853 1588 888 ἀγαθοὺς,
1645 852 1712 886 φησι
1726 850 1760 877 τὰ
1777 850 1834 885 ἱερὰ

1051 904 1213 939 Εὑαγγέλια·
1222 904 1236 930 ὁ
1243 902 1326 934 τιθεὶς
1331 902 1380 938 τὴν
1385 901 1472 937 ψυχὴν
1479 900 1531 928 ὐπὲ
1536 909 1550 935 ρ
1555 899 1609 926 τῶν
1617 897 1832 933 ἀποφευγόντων.

212 951 322 970 causam
340 947 425 970 tantze
439 944 520 971 istius
534 944 673 978 lenitatis;
689 945 755 979 quin
771 945 863 980 potius
885 944 925 971 sic
939 943 1000 971 vul-

1053 952 1087 978 Σὺ
1097 950 1136 983 δὲ,
1149 947 1172 977 ὦ
1182 949 1328 985 Δημόφιλε,
1337 948 1375 980 ὡς
1382 947 1416 974 τὰ
1430 946 1582 983 γράμματά
1595 953 1639 971 σου
1651 944 1736 980 δηλοῖ,
1746 943 1834 978 (αὐτὸς

212 997 277 1017 nera
292 989 389 1016 animae
408 994 567 1017 curaturum
590 998 620 1018 se
641 991 796 1025 pollicetur.
820 990 883 1017 Mihi
905 991 998 1025 accipe

213 1036 256 1062 his
270 1035 362 1063 verbis
375 1035 510 1063 insinuari
527 1036 632 1071 prodigi
655 1037 728 1064 illius
746 1037 915 1072 parabolam,
931 1044 999 1071 quo-

214 1088 277 1108 nam
303 1082 384 1110 modo
408 1087 487 1117 pater
501 1082 560 1117 ipse
574 1082 681 1117 longius
697 1083 786 1109 adhuc
801 1083 901 1110 dissito
921 1089 999 1109 acce-

213 1127 289 1154 denti
305 1132 395 1156 tamen
416 1128 492 1162 prior
514 1128 637 1155 occurrit
660 1128 801 1163 pergitque
817 1128 925 1161 obvius,
945 1128 1000 1154 cir-

212 1174 373 1209 cumplexus
393 1174 478 1200 ﬁliuni
499 1173 609 1201 amabili
631 1174 726 1201 osculo
743 1175 846 1209 pariter
858 1179 886 1202 et
911 1174 1000 1203 salute

213 1220 359 1255 dignatur,
375 1228 469 1248 eorum
497 1220 650 1253 immemor,
666 1228 726 1255 quae
741 1220 764 1248 is
777 1220 906 1248 decoctor
923 1221 1000 1255 prius

213 1267 378 1300 admiserat;
395 1267 574 1302 praesentibus
588 1274 696 1302 quoque
714 1268 785 1295 diem
811 1267 908 1294 indicit
929 1267 1001 1294 cele-

214 1314 300 1341 briter
312 1314 476 1349 exigendum
488 1321 541 1340 una
558 1320 620 1340 cum
636 1313 687 1341 sibi
704 1313 877 1340 charissimis
892 1311 1001 1340 virtuti-

215 1361 277 1393 bus,
290 1364 320 1388 ut
331 1368 386 1387 una
402 1361 438 1388 sit
451 1360 647 1388 eullaztantium
662 1360 785 1387 omnium
802 1359 946 1392 habitatio,
958 1359 1002 1386 ni—

215 1407 314 1434 mirum
340 1410 370 1433 ut
396 1406 507 1434 insimul
524 1414 619 1434 omnes
643 1406 845 1434 exhilarescant
866 1409 894 1433 et
914 1405 1002 1433 collaa-

215 1457 317 1481 tentur.
330 1453 370 1480 Ad
387 1460 448 1481 eum
462 1453 573 1480 modum
586 1453 713 1488 prmsenti
728 1453 790 1480 loco
804 1452 1002 1486 interpretatur

218 1500 298 1527 Pater
320 1500 378 1535 jam
394 1499 496 1527 dictam
519 1499 692 1528 sententiam.
709 1499 788 1532 Quod
809 1503 900 1526 autem
916 1499 1000 1531 dicit,

216 1547 294 1579 ’Όλος
302 1547 379 1578 ὅλους
390 1546 523 1582 περιθείς,
533 1547 560 1574 id
572 1550 614 1574 est
626 1551 696 1574 totus
712 1551 779 1574 toto:
794 1546 984 1580 circumplexus
992 1554 1001 1572 :

214 1594 282 1622 mire
307 1594 417 1629 quidem
440 1593 493 1621 hoc
507 1593 583 1625 facit,
600 1600 648 1620 eos
663 1592 857 1628 pudefacieus,
874 1592 922 1627 qui
944 1596 1000 1619 tum

214 1644 309 1672 erant,
324 1640 467 1667 haereticos
484 1647 490 1665 :
507 1640 554 1674 qui
568 1639 680 1674 quidem
702 1639 818 1666 animam
834 1637 935 1666 salvari
955 1645 1003 1673 per

214 1686 262 1714 Dei
283 1686 420 1722 gratiam,
446 1693 501 1712 non
526 1685 589 1712 item
615 1691 715 1719 corpus
738 1684 933 1719 praedicabant.
958 1683 1003 1710 Ait

214 1741 280 1768 ergo
303 1736 416 1761 sanctus
430 1742 436 1760 :
451 1731 538 1759 Totus
557 1731 699 1764 Dominus,
716 1735 745 1758 ut
760 1731 808 1766 qui
832 1734 859 1758 et
884 1732 1003 1757 animam

215 1783 242 1807 et
258 1787 358 1814 corpus
373 1778 542 1813 assumpsit,
558 1785 610 1805 nos
624 1781 698 1805 totos
709 1797 716 1809 ,
731 1777 778 1812 qui
792 1777 883 1804 anima
893 1779 924 1804 ut
942 1783 1004 1807 cor—

215 1833 282 1860 pore
296 1825 484 1856 subsistimus,
498 1824 588 1852 salvos
604 1823 677 1851 fecit.
690 1823 774 1850 Erant
788 1822 860 1851 enim
875 1825 941 1850 tunc
952 1822 1004 1850 hoc

215 1879 309 1899 errore
324 1871 420 1898 imbuti
437 1870 471 1898 ab
481 1871 540 1905 ipso
550 1869 662 1897 Simone
674 1869 708 1896 ad
722 1869 798 1896 illum
815 1876 904 1903 usque
919 1868 1003 1903 pesti-

215 1918 314 1945 lentem
333 1917 494 1945 Cerinthum
508 1925 515 1944 :
531 1915 760 1951 quemadmodum
785 1915 938 1947 declarant,
956 1915 1003 1949 qui

216 1965 288 1991 inter
311 1963 416 1998 priscos
433 1966 632 1995 numerantur,
648 1961 766 1989 [1‘01]qu
779 1965 806 1989 et
828 1961 1001 1996 Hippolytus.

215 2011 351 2038 Caeterum
380 2008 574 2044 Demophilus,
597 2012 623 2036 et
645 2008 669 2035 si
695 2008 758 2043 quis
781 2007 852 2035 alius
874 2008 1003 2035 assimilis

215 2057 289 2088 huic,
305 2063 320 2082 a
336 2055 390 2083 Deo
406 2054 596 2091 coarguendus
607 2054 692 2086 venit,
714 2054 748 2081 ab
763 2061 796 2081 eo
809 2054 947 2085 nimirum,
957 2054 1003 2089 qui

215 2103 274 2130 vult
286 2106 447 2138 peccatores
461 2102 494 2129 ad
513 2102 628 2129 salutem
644 2101 812 2136 pertingere,
828 2104 912 2134 atque
924 2100 958 2127 ab
971 2108 1004 2127 eo

215 2150 355 2181 edocetur,
370 2149 417 2184 qui
432 2149 469 2176 ait
483 2156 489 2174 :
506 2147 602 2175 Nonne
616 2147 760 2182 oportebat
770 2150 797 2174 te
809 2147 940 2174 collaztari
957 2154 1002 2175 sa-

215 2196 281 2224 lutis
299 2204 347 2231 per
361 2195 550 2231 paenitentiam
566 2193 845 2229 quaesitat?Equidcm
859 2193 916 2227 ipse
930 2200 1002 2225 sum,

214 2244 262 2278 qui
286 2251 334 2278 per
356 2243 485 2269 humeros
508 2241 606 2269 sustuli
623 2240 695 2275 quod
712 2240 848 2275 perierat:
863 2239 939 2274 ipse,
956 2240 1004 2274 qui

1052 998 1106 1033 γὰρ
1118 996 1313 1033 προαπέστειλε
1328 995 1367 1030 τῷ
1390 994 1461 1029 ἁγίῳ
1471 1014 1478 1025 ,
1495 991 1706 1028 ὲναϐρυνόμενος
1724 988 1778 1023 οἷον
1791 990 1836 1016 ἐπὶ

1051 1044 1090 1080 τῷ
1103 1043 1253 1071 τελεσθέντι
1262 1042 1285 1078 ·)
1297 1032 1387 1076 λέγεις
1399 1040 1474 1075 γοῦν,
1491 1040 1531 1066 ὃτι
1543 1039 1589 1066 καὶ
1600 1037 1787 1074 προσπεσόντα
1799 1035 1838 1071 τῷ

1052 1090 1228 1127 πρεσϐυτέρῳ
1250 1088 1334 1124 ἀσεϐῆ
1349 1088 1396 1115 καὶ
1412 1086 1589 1123 ἀμαρτωλόν,
1606 1085 1702 1121 (τοῦτο
1720 1083 1749 1110 δὲ
1769 1083 1837 1110 κατὰ

1051 1138 1098 1165 τὸν
1111 1137 1214 1164 ἐκείνου
1229 1136 1302 1170 λέγει
1320 1134 1409 1169 λόγον,
1423 1134 1470 1160 καὶ
1485 1133 1516 1159 οὐ
1538 1131 1630 1163 καθὼς
1644 1132 1661 1166 ἡ
1673 1130 1746 1165 ψυχὴ
1757 1128 1838 1156 αὐτοῦ

1052 1185 1117 1220 ἔχει·
1129 1183 1189 1210 οὐδὲ
1199 1182 1234 1218 γὰ
1239 1191 1253 1218 ρ
1263 1181 1349 1213 οὕτως
1359 1181 1414 1216 ἔχει
1426 1180 1480 1215 (84)
1489 1179 1573 1214 ἀσεῦῆ
1583 1178 1628 1204 τὸν
1639 1177 1693 1204 ἀπὸ
1703 1177 1838 1212 ἁμαρτίας

1055 1229 1250 1266 μετανοοῦντα)
1270 1228 1329 1256 κατ’
1350 1226 1432 1254 αὑτοῦ
1460 1224 1554 1261 παρὼν
1582 1224 1777 1254 ἀπελάκτισας.
1802 1222 1839 1249 Τὸ

1052 1277 1080 1303 δὲ
1094 1275 1188 1310 ἀσεϐῆ
1199 1275 1248 1302 καὶ
1257 1273 1432 1309 ἁμαρτωλὸν
1444 1273 1503 1299 ἀντὶ
1517 1271 1629 1306 γενικῆς
1639 1268 1757 1300 ὰττικῶς
1767 1268 1840 1303 εἴλη-

1054 1332 1111 1358 φεν.
1125 1320 1190 1349 Εἶτα
1214 1323 1229 1348 6
1252 1321 1301 1357 μὲν
1321 1320 1404 1346 ὲδεῑτο
1419 1318 1508 1354 ζητῶν
1523 1316 1670 1352 θεραπείαν
1680 1324 1687 1331 ·
1703 1316 1735 1342 σὺ
1747 1314 1775 1340 δὲ
1790 1314 1841 1340 οὐκ

1053 1368 1174 1405 ἔφριξας,
1190 1366 1258 1394 ἀλλὰ
1272 1367 1318 1393 καὶ
1332 1366 1376 1392 τὸν
1391 1365 1465 1401 ἱερέα
1478 1362 1650 1399 καθύϐριζες,
1660 1360 1842 1405 δικαιώσαντα

1052 1415 1098 1442 τὸν
1112 1414 1181 1441 κατὰ
1197 1414 1228 1440 σὲ
1250 1412 1334 1448 ἀσεϐῆ
1347 1411 1385 1444 ὡς
1399 1410 1560 1447 ἁμαρτωλὸν
1578 1408 1669 1440 ἐλέους
1680 1407 1753 1440 ἄξιον
1770 1404 1841 1432 εἶναι

1054 1460 1232 1497 μετανοοῦντα
1242 1468 1248 1474 ·
1266 1459 1313 1486 καὶ
1327 1458 1413 1492 τέλος,
1433 1456 1531 1489 Ἔξιθι,
1547 1456 1629 1490 ἔφης,
1645 1454 1691 1482 καὶ
1706 1453 1787 1484 αὐτὸς
1801 1452 1844 1484 εἰς

1052 1504 1086 1530 τὰ
1112 1503 1195 1531 ἄδυτα
1216 1502 1417 1538 εἰσεπήδησας,
1443 1501 1492 1528 καὶ
1514 1500 1549 1527 τὰ
1574 1500 1697 1536 ἄχραντα
1726 1497 1845 1532 συνῆξας

1056 1550 1206 1585 μυστήρια,
1230 1549 1312 1576 οἱονεὶ
1340 1547 1463 1583 ἐπῆρας,
1495 1546 1549 1573 ἀπὸ
1575 1545 1622 1573 τοῦ
1648 1543 1844 1579 θυσιαστηρίου

1056 1595 1192 1631 βαστάσας
1209 1595 1280 1631 (85)·
1301 1595 1340 1626 ὡς
1356 1594 1427 1621 ἔοικε
1448 1593 1503 1629 γὰρ
1524 1592 1563 1619 ἔτι
1585 1590 1785 1628 λειτουργοῦντι
1803 1589 1846 1625 τῷ

1055 1644 1123 1679 ἱερεῖ
1144 1642 1244 1678 ἐπέστη
1268 1642 1283 1668 ὀ
1305 1640 1467 1677 Δημόφιλος.
1491 1638 1577 1666 Τοῦτο
1601 1637 1667 1672 γοῦν
1688 1636 1847 1671 πεποίηκας

1054 1688 1185 1721 ἀναξίως’
1206 1687 1337 1714 διακόνων
1352 1686 1406 1723 γὰρ
1428 1686 1477 1713 καὶ
1496 1684 1689 1721 πρεσϐυτέρων
1703 1684 1733 1709 τὸ
1757 1683 1848 1709 ποιεῖν

1053 1735 1165 1762 τοιαῦτα
1175 1755 1181 1766 ,
1196 1734 1242 1761 τοῦ
1259 1734 1341 1769 νόμου
1355 1733 1491 1767 λέγοντος,
1509 1732 1564 1759 Καὶ
1578 1732 1603 1757 οἱ
1621 1732 1702 1766 ἱερεῖς
1717 1737 1850 1764 περιστε-

1054 1781 1130 1808 λοῦσι
1149 1781 1184 1807 τὰ
1200 1780 1282 1814 ἅγια,
1297 1780 1335 1811 ὡς
1351 1779 1397 1806 καὶ
1418 1780 1446 1805 ὲν
1460 1780 1516 1810 τοῖς
1532 1777 1595 1813 ἑξῆς
1617 1785 1691 1812 φησι.
1707 1777 1762 1802 Καὶ
1776 1775 1849 1811 γρά-

1054 1836 1114 1861 φεις
1125 1847 1132 1860 ,
1147 1827 1187 1853 ὃτι
1206 1826 1335 1862 μέλλοντα
1357 1824 1537 1860 διαφθαρῆναι
1549 1824 1584 1850 τὰ
1597 1823 1662 1858 ἅγια
1681 1823 1848 1854 άπέσωσας;

1054 1873 1111 1899 Νῦν
1126 1870 1171 1899 οὖν
1184 1872 1265 1899 ἄκουε
1280 1871 1391 1898 καὶτῶν
1408 1870 1560 1906 ἡμετέρων.
1583 1870 1621 1896 Ub
1642 1869 1751 1904 θεμιτὸν
1777 1877 1850 1903 πρε-

1055 1919 1200 1954 σϐύτερον,
1217 1918 1268 1945 κᾶν
1286 1917 1448 1954 ἁμαρτάνοι,
1465 1916 1517 1943 ὑπὸ
1540 1915 1663 1943 διακόνου
1677 1914 1850 1949 ὑψηλοτέρου

1056 1974 1112 1996 σου,
1137 1964 1153 1999 ἢ
1170 1964 1217 1991 καὶ
1239 1964 1409 1999 μονάζοντος,
1426 1962 1595 1990 εὐθύνεσθαι.
1615 1961 1696 1993 Τάξις
1714 1960 1769 1995 γὰρ
1784 1968 1852 1986 συν-

1054 2012 1110 2047 έχει
1127 2011 1230 2038 πάντα¹
1247 2011 1323 2046 πόσῳ
1337 2019 1367 2045 γε
1384 2010 1483 2045 μᾶλλον
1498 2009 1544 2035 ἐπὶ
1562 2009 1618 2038 τοῖς
1635 2006 1784 2042 ἡμετέροις
1807 2006 1854 2032 δεῖ

1054 2057 1104 2093 τὴν
1120 2057 1197 2090 τάξιν
1216 2057 1412 2091 φυλάττεσθαι;
1429 2057 1454 2082 εἰ
1469 2055 1523 2091 γὰρ
1544 2054 1640 2087 ἀταξία
1652 2074 1659 2086 ,
1674 2052 1767 2080 λοιπὸν
1780 2053 1852 2087 ἐμε-

1057 2103 1134 2139 ρίσθη
1150 2104 1191 2137 ἐφ’
1208 2103 1304 2129 ἑαυτὸν
1321 2103 1335 2128 ό
1350 2102 1512 2133 ﬂeor-mica
1524 2101 1553 2127 δὲ
1569 2098 1701 2135 βασιλεία,
1716 2098 1780 2133 ἥτις
1799 2106 1854 2132 με-

1056 2149 1224 2185 ρισῦήσεται,
1240 2150 1271 2176 οὐ
1284 2149 1458 2184 σταθήσεται.
1471 2148 1526 2174 Καὶ
1542 2147 1566 2173 εἰ
1584 2146 1632 2173 τοῦ
1650 2145 1717 2172 Θεοῦ
1738 2146 1817 2171 ἐστιν
1834 2145 1854 2180 ὴ

1055 2195 1158 2230 κρίσις,
1175 2195 1285 2230 ἄγγελοι
1299 2195 1327 2221 δὲ
1343 2194 1411 2221 Θεοῦ
1436 2195 1459 2221 οἱ
1479 2194 1562 2229 ἱερεῖς
1578 2191 1646 2228 μετὰ
1672 2192 1735 2223 τοὺς
1751 2191 1855 2226 ἰεράρ-

1055 2250 1105 2277 χας
1121 2242 1182 2268 εἰσί.
1200 2242 1237 2268 Σὺ
1254 2242 1282 2268 δὲ
1304 2241 1364 2267 οὐδὲ
1379 2242 1434 2272 τοῖς
1454 2240 1635 2275 λειτουργοῖς,
1650 2238 1772 2274 δηλονότι
1793 2240 1857 2270 τοῖς

213 2297 278 2324 erga
294 2288 395 2324 alioqui
415 2289 537 2323 ingratos
554 2287 700 2322 benignum
725 2295 769 2314 me
791 2286 915 2321 priestiti.
937 2285 1001 2314 Cum

1056 2288 1200 2320 διακόνοις,
1217 2287 1420 2322 συνιστάμενος,
1431 2286 1499 2313 ἀλλὰ
1510 2286 1568 2321 μετ’
1586 2286 1693 2317 αὐτοὺς,
1709 2285 1742 2311 δι’
1754 2284 1858 2311 αὐτῶν

214 2335 288 2362 enim
311 2335 364 2370 ipsi
383 2339 531 2369 peccatores
551 2333 637 2360 adhuc
653 2342 785 2365 essemus,
811 2333 933 2361 Christus
955 2341 1004 2367 pro

214 2381 289 2408 nobis
305 2375 426 2407 mortuus
445 2381 500 2414 est}
521 2380 617 2408 scribit
642 2380 812 2408 admirabilis
828 2380 873 2407 ille
887 2380 1004 2414 Aposto-

214 2427 290 2455 lusb.
303 2427 356 2460 Qui
369 2427 519 2454 etiamnum
533 2427 600 2453 oriri
614 2427 678 2460 facit
692 2427 775 2453 solem
787 2434 865 2460 super
880 2426 964 2453 "talos
979 2431 1004 2454 et

216 2474 312 2504 bonos,
330 2473 560 2507 quemadmodum
576 2472 659 2500 refert
681 2473 753 2500 sacri
768 2473 895 2500 doctrina
912 2472 1002 2500 Evan-

215 2520 278 2556 gelii
289 2525 299 2539 ο
313 2529 320 2553 ;
334 2519 381 2554 qui
400 2519 518 2546 animam
535 2527 645 2554 quoque
665 2528 742 2547 suam
769 2520 846 2555 ponit
869 2528 918 2555 pro
935 2520 1005 2548 refu-

215 2567 267 2602 gis.
283 2566 323 2593 Tu
340 2570 430 2594 autem
444 2585 451 2597 ,
471 2573 487 2593 ο
502 2566 671 2600 Dcmophile,
685 2571 715 2594 ut
730 2571 784 2594 tua:
801 2566 943 2594 declarant
957 2568 1003 2594 lit—

216 2618 281 2641 tera:
299 2612 388 2648 (prius
403 2611 475 2639 enim
490 2612 524 2639 ad
541 2616 665 2639 sanctum
693 2613 798 2640 litteras
820 2613 878 2647 ipse
893 2613 1004 2640 dederat

215 2659 393 2694 Demophilus
409 2658 492 2692 hujus
514 2659 626 2685 nuntias
647 2658 711 2685 facti
730 2668 735 2686 :
753 2659 854 2694 quibus
870 2666 931 2686 sese
945 2660 1003 2694 glo-

213 2706 316 2734 riosius
329 2705 470 2736 efferebat,
490 2704 569 2739 quasi
585 2704 692 2732 facinus
707 2705 856 2740 peregisset
872 2713 933 2732 cum
951 2706 1004 2740 pri-

215 2753 267 2779 mis
282 2752 363 2780 laude
376 2750 591 2787 diguum),dicis
606 2750 698 2785 igitur,
712 2750 776 2786 quia
790 2750 923 2778 adversus
937 2759 999 2779 eum

214 2798 261 2833 qui
275 2798 436 2834 presbytero
458 2795 630 2833 prociderat,
648 2797 759 2833 impium
774 2801 802 2824 et
832 2802 1002 2832 peccatorem

215 2845 296 2872 talem
313 2845 386 2872 hunc
401 2844 486 2873 refert
505 2845 583 2871 Pater
596 2844 675 2879 juxta
698 2844 850 2880 Dcmophili
871 2845 1002 2877 verbum,

266 2923 279 2943 ι)
294 2923 373 2952 Rom.
390 2933 416 2956 ν.
437 2925 465 2953 9.
504 2931 514 2944 ε
535 2924 630 2952 Matth.
644 2933 669 2958 v,
685 2925 728 2953 45.

1057 2335 1215 2362 ὲκδιδάσκου
1239 2334 1314 2370 παρὰ
1330 2334 1384 2360 τῶν
1402 2334 1496 2369 ἱερέων
1520 2333 1593 2368 (86),
1617 2332 1649 2358 δι’
1671 2330 1708 2358 ὢν
1727 2331 1859 2367 agmen;

1058 2382 1104 2408 καὶ
1113 2382 1144 2408 τὸ
1154 2381 1324 2417 θεραπευτὴς
1337 2378 1417 2412 εἶναι,
1433 2379 1504 2415 (καθ’
1515 2379 1666 2415 ὑπερϐατὸν
1681 2378 1736 2414 γὰρ
1750 2379 1768 2413 ἠ
1785 2379 1858 2404 σύν-

1056 2427 1162 2463 ταξις)
1188 2428 1255 2464 πρὸς
1285 2427 1375 2454 αὐτῶν
1406 2427 1526 2462 δηλονότι
1551 2426 1604 2452 τῶν
1626 2425 1721 2461 ἱερέων
1743 2425 1861 2451 ἐκδιδά-

1059 2483 1124 2501 σκου
1139 2473 1194 2509 (87)
1207 2495 1214 2506 ,
1232 2474 1266 2500 δι’
1280 2471 1317 2500 ὧν
1332 2474 1378 2501 καὶ
1396 2474 1540 2509 μοναχικόν
1560 2481 1599 2499 σοι
1623 2472 1715 2507 σχῆμα
1731 2471 1856 2498 δέδοται.

1059 2522 1094 2548 ’Ἡ
1109 2521 1169 2556 οὐχὶ
1185 2522 1317 2556 μαρτυρεῖ
1336 2529 1386 2556 μου
1403 2520 1441 2556 τῷ
1461 2520 1532 2555 λόγῳ
1551 2519 1598 2546 καὶ
1612 2517 1680 2545 αὐτὰ
1692 2519 1726 2543 τά
1741 2517 1795 2552 τῆς
1815 2518 1862 2543 ἱε-

1058 2569 1108 2603 ρᾶς
1128 2567 1231 2599 τάξεως
1249 2567 1387 2602 σύμϐολα;
1404 2567 1543 2593 Ἵστανται
1564 2565 1618 2600 γὰρ
1638 2565 1666 2590 ὲν
1682 2563 1731 2598 μὲν
1746 2562 1790 2598 τῷ
1805 2563 1862 2589 θυ-

1056 2614 1205 2650 σιαστηρίῳ
1222 2613 1327 2649 πρῶτον
1341 2614 1494 2649 ἀρχιερεῖς,
1508 2610 1566 2638 εἶτα
1592 2613 1682 2647 ἱερεῖς,
1699 2608 1760 2637 εἶτα
1781 2610 1861 2646 1:935;

1055 2662 1114 2692 ταῖς
1141 2660 1238 2692 πύλαις
1253 2659 1385 2686 διάκονοι·
1405 2659 1503 2691 ἔξωθεν
1510 2658 1538 2685 δὲ
1552 2658 1606 2684 τῶν
1622 2657 1714 2684 πυλῶν
1724 2658 1749 2683 οἱ
1768 2657 1862 2692 θερα-

1056 2707 1163 2738 πευταὶ,
1180 2706 1248 2742 πρὸς
1262 2707 1356 2737 αὑταῖς
1370 2705 1518 2741 ἱστάμενοι,
1532 2704 1562 2730 οὐ
1575 2703 1642 2740 πρὸς
1659 2703 1786 2739 φυλακὴν
1804 2704 1862 2730 αὖ-

1055 2752 1108 2779 τῶν
1123 2752 1156 2788 δὴ
1172 2752 1226 2778 τῶν
1241 2752 1342 2784 πυλῶν,
1360 2751 1448 2787 (τοῦτο
1464 2750 1518 2786 γὰρ
1538 2750 1591 2776 τῶν
1607 2750 1675 2785 πρὸς
1690 2750 1792 2781 αὑταῖς
1812 2750 1862 2776 ὲν-

1054 2799 1099 2830 τὺς
1117 2799 1268 2834 ἱσταμένων
1292 2798 1473 2834 λειτουργῶν,
1498 2797 1618 2833 δηλονότι
1645 2795 1781 2823 διακόνων
1807 2796 1864 2823 καὶ

1055 2845 1251 2876 ὑποδιακόνων,
1274 2846 1347 2872 ἐστίν
1357 2854 1363 2861 ο
1376 2844 1384 2880 )
1404 2844 1471 2872 ἀλλὰ
1491 2843 1560 2879 πρὸς
1574 2841 1650 2875 τάξιν
1667 2842 1716 2869 καὶ
1729 2842 1864 2876 ἐπίγνω-
