1923 3067
148 205 202 233 459

526 207 753 237 ΡΑΟΗΥΜΕΗᾹΞ
769 209 1012 238 PARAPHRASIS
1030 210 1063 238 [Ν
1084 211 1158 238 ΕΡΡ.
1180 211 1208 240 S.
1230 212 1390 242 DIONYSII.

1731 218 1782 246 ΠΟ

149 273 191 290 σιν
206 264 309 291 ἑαυτῶν
325 265 381 301 (88)
392 285 399 298 ,
416 266 460 292 ἴνα
481 267 699 302 ἐπιγινώσκωσιν
719 269 832 300 ἑαυτοὺς
844 266 879 304 ἦς
893 270 921 297 τό

972 281 980 302 ι
993 279 1049 298 non
1064 274 1094 298 ut
1108 279 1157 299 sua
1173 271 1258 306 ipsius
1274 279 1351 299 mens
1369 272 1504 300 sentiebat
1514 281 1522 306 ;
1532 280 1619 308 neque
1633 275 1706 302 enim
1717 284 1780 304 eum

147 309 215 342 ξεως
229 310 275 336 καὶ
291 310 370 343 άξίας
384 312 451 346 εἰσὶ,
468 313 515 340 καὶ
532 313 569 349 μὴ
592 314 646 341 τῶν
662 315 823 350 κρειττόνων
839 324 943 343 κατεπ-

146 355 292 391 αίρωνται’
311 357 412 391 μᾶλλον
437 358 490 395 γὰρ
503 359 543 394 τῷ
565 359 622 396 λαῴ
642 360 835 396 πλησιάζουσιν
851 362 867 397 ἧ
881 364 941 394 ταῖς

147 401 300 436 ίερατικαίς
316 402 409 435 τάξεσι
422 403 490 440 (89).
505 405 560 432 Καὶ
570 406 649 433 τοῦτο
665 407 715 434 οὑκ
730 408 881 441 ἀπεικότως
895 409 939 436 λέ-

146 455 200 481 γει,
219 447 277 474 ἀλλ’
301 448 342 475 ὅτι
357 450 382 475 οἱ
401 449 450 485 μὲν
475 451 623 487 ίερωμένοι
647 452 702 488 (90)
723 453 787 481 ἴδιον
805 455 886 482 τόπον
908 455 939 482 τὸ

146 492 216 519 θεῖον
231 493 425 531 θυσιαστήριον
445 495 568 532 ἔχουσιν·
589 499 613 525 οἱ
627 498 656 525 δὲ
679 500 789 535 μοναχοὶ
810 500 878 536 μετὰ
890 501 937 528 τοῦ

145 539 210 566 λαοῦ
225 540 326 573 ἔξωθεν
341 542 482 575 ἵστανται,
508 545 533 570 εἰ
555 544 602 571 καὶ
621 544 670 571 τοῦ
693 545 758 573 λαοῦ
780 547 805 572 οἱ
827 549 937 583 μοναχοὶ

144 586 333 622 προΐστανται.
351 588 401 615 Διὰ
415 589 495 616 τοῦτο
511 591 557 617 καὶ
571 592 586 627 ἡ
604 591 666 627 ἱερὰ
681 591 844 629 θεσμοθεσία
855 595 884 621 ὲν
897 595 936 630 τῷ

145 633 362 668 μεταλαμϐάνειν
374 635 486 668 τούτους
501 639 557 669 τοῖς
567 638 717 674 ὲνδοτέροις
729 639 778 675 τὴν
794 640 935 675 μετάδοσιν

143 679 303 715 ὲγχειρίζεν
323 681 371 708 καὶ
387 681 441 717 γὰρ
460 683 484 709 οἱ
497 683 574 715 ὲντὺς
585 684 813 720 ἀπερικαλύπτως
823 686 857 713 τά
875 687 934 713 θεῖα

141 724 187 750 διὰ
202 725 345 761 συμϐόλων
365 726 493 762 βλέπουσι
513 730 560 756 καὶ
580 729 709 758 ἀκούουσι
721 740 728 746 ·
744 731 790 758 καὶ
806 733 853 758 ἐπὶ
870 733 934 765 τοὺς

140 769 240 803 ἔξωθεν
251 771 305 799 τῶν
321 775 583 810 παραπετασμάτων
601 777 771 812 ἱσταμένους,
790 779 931 814 μοναχοὺς,

140 816 261 851 λαῖκοὺς,
274 818 314 845 ἔτι
329 819 376 846 καὶ
391 820 441 853 τὰς
460 821 661 858 καθαιρομένας
675 824 777 857 τάξεις,
797 833 931 861 κατηχου-

142 863 253 899 μένους,
277 867 323 893 καὶ
339 867 402 898 τοὺς
420 869 448 894 ὲν
466 869 611 905 μετανοίᾳ,
632 870 666 897 τά
682 871 742 908 ιερὰ
757 872 930 907 ἐκφαίνουσι,

140 909 231 942 καλῶς
254 911 297 938 ἀεὶ
317 911 551 950 διαφυλαττὸμενα
573 916 695 951 ἅχραντα
718 917 772 944 ἀπὸ
795 917 850 944 τῶν
875 918 929 945 σῶν

139 955 242 991 ὄψεων,
269 958 364 994 μέχρις
378 957 423 993 οὗ,
444 962 613 997 τυραννικῶς
634 964 802 1000 εἰσπηδήσας
816 966 908 1000 αὐτοῖς
919 988 925 999 ,

138 1002 295 1050 ηνάγκασας
313 1005 536 1042 ὲκπομπευθῆναί
551 1016 591 1034 σοι
604 1008 638 1036 τὰ
655 1009 765 1038 ἀθέατα.
782 1011 817 1037 Σὺ
832 1012 860 1039 δὲ
874 1014 926 1050 φῂς

136 1048 209 1083 ἔχειν
229 1050 276 1075 καὶ
300 1050 488 1086 διαφυλάττειν
512 1053 547 1080 τά
569 1055 645 1090 ἱερὰ,
661 1057 699 1092 μὴ
721 1057 799 1090 είδὼς
813 1059 855 1086 ὅτι
876 1048 926 1087 ουκ

135 1093 210 1141 έχεις
223 1095 324 1123 ταῦτα·
348 1097 409 1124 ἐπεὶ
430 1099 555 1134 οὐδαμῶς
571 1109 629 1134 σοι,
650 1102 718 1129 ἀλλὰ
743 1105 800 1137 τοῖς
822 1106 924 1141 ἱερεῦσι

133 1140 265 1177 διαφέροι.
289 1143 325 1169 To
343 1143 372 1170 δὲ
394 1144 498 1180 ’Ὠσπερ
515 1146 575 1172 οὐδὲ
597 1147 646 1183 τὴν
663 1148 806 1185 ἀλήθειαν,
825 1140 871 1179 καὶ
889 1152 924 1179 τά

133 1186 208 1233 έξῆς,
224 1189 300 1223 φησὶ,
315 1189 520 1226 καθαπτόμενος
534 1192 639 1226 τούτου,
658 1195 705 1221 καὶ
721 1196 763 1222 ἐπ’
776 1196 843 1233 ἄλλῃ
859 1199 923 1225 ἀτα-

133 1230 179 1280 ξίιῖι⁹
193 1234 238 1259 καὶ
253 1234 431 1272 ἀναισχυντίᾳ
446 1237 501 1273 (91)
511 1258 518 1270 ,
534 1238 596 1265 καθ’
609 1239 642 1276 ἢν
656 1240 816 1278 λογομαχῶν
830 1230 923 1280 ἰκαθη-

133 1278 233 1326 μέραν,
256 1280 305 1306 οὐκ
320 1281 367 1308 ἐπὶ
386 1283 513 1311 συστάσει
528 1283 594 1320 (92),
612 1285 669 1313 ἀλλ’
682 1287 729 1314 ἐπὶ
746 1278 921 1326 καταστροφῇ

129 1324 185 1351 τῶν
200 1326 362 1360 ἀκουόντων,
374 1328 424 1360 τὰς
439 1329 550 1365 Γραφὰς
565 1331 756 1366 ἀνεγίνωσκεν.
777 1324 921 1363 Ἐπεὶίδυσί

129 1379 185 1418 τισι
198 1373 352 1407 κεφαλαίοις
367 1375 517 1412 περιορίζει
533 1378 582 1413 τὴν
601 1378 649 1406 τοῦ
665 1380 817 1415 Δημοφίλου
832 1382 922 1418 ἀμαρ-

128 1416 189 1444 τίαν
203 1418 250 1445 καὶ
263 1419 386 1453 ἀταξίαν,
403 1421 442 1457 τῷ
456 1431 485 1449 τε
498 1423 671 1460 ἐπιχειρῆσαι
684 1427 740 1458 τοῖς
753 1427 840 1462 ἁγίοις
874 1416 921 1456 καὶ

127 1462 169 1498 τῷ
184 1464 229 1492 τὸν
250 1467 435 1504 πρεσϐύτερον
451 1469 576 1505 ὑϐρίσαι·
594 1471 687 1499 ἐατέον
706 1473 760 1509 γὰρ
779 1474 828 1509 τὴν
850 1475 920 1502 κατὰ

127 1510 175 1537 τοῦ
190 1513 380 1546 μετανοοῦντος
393 1515 569 1544 ἀπολάκτισιν
584 1517 631 1544 καὶ
643 1517 775 1554 ὲξώθησιν
784 1528 790 1536 ε
806 1520 852 1547 δύο
866 1520 920 1557 γὰρ

127 1557 260 1592 ἐργασίας
271 1559 325 1586 ἀπὸ
339 1560 384 1587 τοῦ
401 1561 541 1595 ἐλάττονος
555 1564 691 1601 παρέλαϐε
701 1574 709 1580 ·
727 1566 794 1601 πρὸς
807 1567 855 1602 μὲν
869 1568 919 1603 τὴν

945 951 967 980 Β

127 1603 240 1656 πρώτην
250 1606 392 1656 ’ἁμαρτίαν
407 1605 590 1656 memora-ut
601 1610 659 1645 μὲν
667 1612 808 1647 ἐθναρχιᾳ
817 1622 862 1646 τις
869 1614 919 1648 ἀφ’
933 1625 956 1656 C

127 1648 236 1677 ἑαυτοῦ
243 1651 425 1686 ἐνεχείρησε,
435 1654 478 1689 μὴ
488 1654 620 1689 διδόντος
627 1657 680 1684 τοῦ
685 1657 847 1692 βασιλέως,
857 1659 915 1686 ἐτι-

994 316 1074 353 265
1085 317 1202 344 habebat
1221 325 1271 352 pro
1287 318 1380 353 impio,
1396 326 1477 354 quem
1492 319 1574 354 plane
1586 325 1718 355 cognorat
1733 323 1782 350 ad-

991 364 1070 391 missi
1086 363 1218 391 facinoris
1241 364 1401 400 ptenitere),
1419 365 1551 393 adversus
1565 366 1691 394 eumdem
1713 376 1781 396 con-

991 411 1102 443 sistens,
1118 410 1241 438 calcibus
1257 411 1396 445 pulsatum
1411 411 1547 446 abjecisti.
1564 410 1682 440 Proinde
1697 420 1780 441 accu-

989 458 1092 486 sativos
1109 457 1196 493 ὰσεϐἧ
1219 457 1267 485 καὶ
1291 457 1452 493 ἁμαρτωλόν
1466 466 1516 493 pro
1531 459 1658 493 genitivis
1673 460 1778 496 accepit

988 504 1082 539 phrasi
1096 504 1196 540 .attica.
1221 504 1256 530 At
1278 503 1387 532 interim
1403 505 1516 539 supplex
1533 506 1578 533 ille
1593 506 1705 542 rogabat
1718 507 1778 534 eni-

987 553 1060 582 xius,
1074 556 1199 586 quarens
1216 550 1368 578 remedium
1381 558 1388 576 :
1401 554 1429 578 tu
1445 556 1551 583 contra,
1569 551 1637 579 adeo
1656 560 1712 579 non
1728 561 1776 580 ex-

988 597 1136 629 horruisti,
1163 600 1193 623 ut
1219 596 1387 624 sacerdotem
1412 597 1526 632 insuper
1549 605 1605 625 non
1633 598 1775 626 toleranda

985 643 1151 671 contumelia
1168 644 1335 678 asperseris;
1353 642 1427 678 quod
1440 650 1504 670 eum
1517 663 1524 675 ,
1542 643 1588 678 qui
1606 646 1653 670 tua
1667 649 1775 673 sentcn-

985 689 1022 716 tia
1036 689 1136 724 impius
1149 692 1208 716 erat
1225 696 1257 716 ac
1276 693 1414 724 peccator,
1433 688 1473 716 sic
1488 692 1579 716 tamen
1596 691 1773 724 pmnitentem

981 735 1087 770 justum
1109 735 1314 769 pronuntiasset
1329 740 1356 763 et
1371 735 1562 763 misericordia
1575 736 1703 771 dignum;
1726 738 1773 765 de-

983 782 1066 816 nique
1087 781 1163 808 abire
1185 781 1312 816 jussisti,
1338 789 1389 808 nec
1415 781 1458 808 his
1480 786 1645 815 contentus,
1670 783 1728 818 ipse
1744 784 1772 811 in

983 827 1063 863 adyta
1076 826 1206 854 insiluisti
1223 827 1367 862 impudens
1383 834 1415 854 ac
1430 827 1497 854 nulli
1514 831 1615 855 temere
1629 829 1771 857 tractanda

982 874 1112 909 mysteria
1137 873 1357 906 commiscuisti,
1381 873 1476 901 eadem
1511 875 1706 909 propemodum
1735 876 1770 903 ab

982 919 1042 954 ipso
1064 920 1143 946 altari
1168 919 1269 954 injecta
1293 927 1377 946 manu
1395 920 1558 954 exportasti.
1584 919 1619 948 Ut
1640 921 1714 948 enim
1738 929 1770 949 re

981 965 1040 1001 ipsa
1062 970 1190 1001 apparet,
1213 966 1348 994 sacerdoti
1365 967 1515 994 etiamnum
1541 967 1628 995 sacris
1644 969 1770 1003 operanti

977 1013 1183 1048 impressionem
1202 1012 1267 1041 fecit
1281 1012 1469 1048 Demophilus.
1486 1013 1543 1041 Hoc
1566 1013 1651 1049 igitur
1672 1014 1720 1042 abs
1740 1018 1767 1042 te

976 1059 1086 1096 indigne
1111 1058 1212 1087 factum
1236 1063 1288 1088 est.
1305 1059 1431 1088 Diacouis
1453 1060 1526 1088 enim
1551 1065 1578 1088 et
1598 1061 1767 1096 presbyteris

975 1105 1071 1133 istbaac
1092 1105 1186 1133 munia
1201 1106 1413 1140 conveniebant,
1429 1105 1535 1134 dicente
1560 1106 1619 1141 lege
1635 1116 1641 1133 :
1655 1105 1688 1135 Et
1719 1114 1765 1133 sa-

974 1151 1100 1179 cerdotes
1122 1151 1267 1179 obvolvent
1284 1156 1379 1179 sancta
1393 1160 1400 1184 ;
1416 1151 1647 1187 quemadmodum
1662 1152 1689 1179 in
1706 1160 1767 1187 pro-

974 1198 1047 1226 xime
1060 1198 1238 1234 sequentibus
1250 1198 1331 1226 Pater
1344 1198 1434 1226 docet.
1452 1198 1485 1226 Et
1499 1205 1563 1226 ecce
1578 1199 1688 1230 scnibis,
1701 1207 1765 1225 sun-

973 1248 1026 1276 cta,
1036 1251 1097 1271 cum
1105 1244 1161 1279 jam
1172 1244 1410 1273 coutaminationis
1424 1244 1591 1279 impenderet
1602 1245 1762 1279 periculum,

974 1290 1134 1319 intemerata
1151 1290 1262 1319 tandem
1277 1295 1304 1318 te
1326 1291 1502 1319 asservasse?
1519 1290 1599 1319 Nunc
1616 1291 1698 1326 igitur
1714 1299 1763 1318 no-

973 1341 1057 1365 stram
1075 1346 1157 1373 super
1167 1337 1210 1365 bis
1234 1338 1328 1373 accipe
1344 1337 1520 1366 sententiam.
1534 1336 1587 1365 Fas
1603 1337 1760 1372 neutiquam

971 1391 1032 1411 esse
1057 1391 1202 1411 censemus
1223 1383 1423 1419 presbyterum,
1449 1383 1531 1410 etiam
1559 1383 1583 1410 si
1602 1383 1678 1409 illum
1695 1391 1762 1410 con-

972 1428 1060 1464 tingat
1075 1436 1090 1455 a
1105 1429 1269 1456 rectitudine
1282 1428 1436 1461 deﬂectere,
1448 1429 1482 1456 ab
1493 1429 1553 1464 ipso
1569 1436 1619 1456 suo
1631 1429 1758 1460 diacono,

970 1477 1017 1512 qui
1035 1480 1062 1504 te
1083 1476 1184 1511 alioqui
1211 1476 1337 1511 superior
1354 1479 1412 1509 cst,
1430 1475 1457 1503 in
1474 1475 1692 1510 disquisitionem
1710 1484 1758 1502 vo-

971 1523 1046 1555 cari,
1061 1523 1119 1551 sive
1134 1523 1217 1550 etiam
1249 1524 1284 1550 ab
1308 1522 1364 1549 alio
1379 1522 1477 1557 quovis
1500 1522 1670 1549 monasticen
1693 1530 1758 1556 pro-

971 1569 1055 1598 fesso.
1075 1568 1149 1597 Ordo
1168 1569 1240 1596 enim
1266 1572 1326 1601 est,
1351 1569 1397 1603 qui
1420 1568 1547 1595 universa
1573 1567 1759 1598 cohaarescere

972 1615 1049 1648 facit,
1069 1619 1096 1643 et
1109 1614 1241 1643 continet.
1259 1614 1366 1648 Quanto
1382 1621 1447 1641 sane
1461 1614 1550 1649 magis
1569 1613 1693 1644 addecet.
1713 1621 1759 1640 or-

965 1662 1057 1690 dinem
1072 1661 1209 1688 asservari
1223 1660 1251 1687 in
1265 1660 1356 1692 nobis,
1372 1660 1503 1687 nimirum
1521 1660 1628 1687 sacris?
1645 1659 1721 1693 Quod
1733 1661 1757 1688 si

125 1696 248 1742 [pré‘l-tfl
261 1697 313 1723 ἆν-
329 1699 399 1733 πρὺς
410 1700 439 1727 δὲ
452 1700 501 1736 τὴν
515 1701 642 1738 δευτέραν
655 1703 750 1738 λέγων,
766 1705 856 1732 Καὶεὶ
863 1706 916 1732 τὸν

975 1716 992 1734 n
1003 1707 1046 1735 his
1056 1706 1325 1742 permisceturprdo,
1344 1705 1480 1740 reliquum
1501 1705 1545 1739 ῆι,
1553 1709 1581 1732 ut
1594 1706 1621 1733 in
1637 1707 1756 1742 seipsum

126 1738 302 1768 δικαιοῦντα
319 1743 462 1777 ἄρχοντα,
476 1746 496 1780 ἢ
508 1747 737 1778 καταδικάζοντά
751 1759 828 1784 τινα,
842 1758 918 1787 παρ-

972 1753 1035 1780 )eus
1051 1752 1155 1780 divisus
1174 1751 1314 1779 credatur.
1331 1751 1417 1788 Porro
1439 1758 1519 1779 omne
1534 1759 1649 1786 regnum
1665 1752 1755 1787 quod-

125 1785 221 1818 εστώς
230 1795 275 1820 τις
290 1788 456 1823 ἀνέκρινεν,
469 1791 551 1818 οὔπω
568 1792 645 1828 λέγω
662 1796 821 1830 καθύϐριζε.
834 1785 917 1826 Πάλιν

964 1805 1072 1833 cunque
1095 1798 1123 1825 id
1145 1797 1254 1824 tandem
1277 1797 1373 1831 fuerit,
1398 1798 1421 1824 si
1447 1797 1596 1831 dividetur,
1619 1798 1675 1833 jam
1701 1807 1758 1828 non

125 1831 182 1880 ﬁfth
191 1833 280 1859 κοινοῦ
292 1833 322 1860 τὸ
335 1835 498 1870 ἐτιμωρεῖτο
511 1837 558 1864 ἄν.
571 1839 606 1865 Σὺ
617 1839 645 1866 δὲ
653 1841 776 1868 τοσοῦτον
784 1842 917 1880 τολμηρὸς

972 1831 1077 1871 ιιεώῖιει.
1093 1843 1126 1870 Ει
1146 1844 1169 1870 si
1183 1842 1230 1870 Dei
1250 1849 1292 1872 est
1311 1843 1458 1878 judicium.
1472 1843 1568 1879 'angeli
1584 1831 1674 1871 autem
1693 1844 1753 1878 Dei,

124 1873 159 1906 εἴ.
171 1877 217 1903 καὶ
228 1877 274 1912 ἀφ’
286 1878 382 1906 ἑαυτοῦ
393 1881 523 1917 ἱερωσύνῃ
536 1883 675 1918 ἐγχειρῶν,
685 1886 730 1912 καὶ
743 1886 788 1913 τὸν
801 1873 916 1915 πόεσϐιῖί

125 1929 204 1956 τερον
223 1923 386 1960 ἀνακρίνων.
403 1927 458 1954 Καὶ
481 1929 566 1955 ταῦτα
589 1930 641 1956 ἔδει
656 1932 742 1959 εἰπεῖν
758 1934 797 1965 είς
814 1935 915 1961 ἐκεῖνον

125 1967 267 2015 τδνὲὐπὲρ
280 1971 330 2006 τὴν
352 1971 429 2005 ἀξίαν
455 1973 504 2008 μὲν
530 1976 696 2011 πράττοντα,
723 1978 798 2013 ὅμως
824 1980 915 2015 μέντοι

125 2013 218 2061 εἰκότα
234 2016 281 2042 καὶ
295 2017 433 2052 πρέποντα
447 2019 512 2056 (95).
536 2021 572 2047 Σὺ
585 2021 612 2048 δὲ
629 2022 689 2049 τίνα
703 2023 774 2057 ἕξεις
787 2013 836 2061 τὴν
849 2027 915 2052 ἀπο-

123 2058 226 2106 λογίαν,
244 2061 287 2088 ὅτε
299 2064 345 2089 καὶ
362 2065 437 2100 παρὰ
448 2065 496 2101 τὴν
512 2066 589 2098 ἀξίαν
604 2069 651 2095 καὶ
667 2070 788 2105 μηδόλως
804 2058 913 2106 εἰκότα,

123 2105 179 2132 Καὶ
194 2106 275 2139 εὐθὺς
291 2109 388 2144 ἐπάγει
403 2111 437 2138 τὰ
455 2113 675 2150 παραδείγματα,
688 2117 734 2143 καὶ
749 2117 828 2145 πλέον
845 2105 916 2146 ἐκείέ

966 1888 1123 1917 sacerdotes
1142 1889 1236 1916 itidem
1261 1893 1326 1917 sunt
1346 1889 1495 1917 secundum
1512 1897 1577 1917 suos
1601 1890 1753 1925 pontifices.

967 1935 1008 1962 Tu
1022 1943 1086 1964 vero
1099 1944 1134 1963 ne
1148 1935 1272 1970 ipsorum
1287 1935 1398 1970 quidem
1416 1935 1551 1963 ministris
1565 1936 1657 1964 videre
1679 1944 1754 1963 com.-

965 1981 1119 2016 ponendus,
1132 1981 1259 2009 nimirum
1273 1981 1411 2014 diaconis,
1428 1985 1458 2008 ut
1473 1982 1519 2016 qui
1536 1981 1598 2009 istis
1613 1982 1698 2017 gradu
1715 1983 1754 2011 sis

966 2026 1090 2055 inferior.
1119 2026 1210 2060 Quare
1231 2027 1265 2054 ab
1288 2027 1355 2062 ipsis
1378 2027 1523 2055 instruitor
1545 2029 1751 2061 sacerdotibus,

965 2080 1082 2108 quorum
1112 2073 1200 2101 ofﬁcio
1226 2073 1402 2109 promeruisti
1426 2073 1579 2100 monachus
1609 2078 1639 2101 ut
1664 2082 1751 2102 esses.

965 2119 1143 2147 Constructio
1157 2118 1230 2146 enim
1245 2119 1389 2146 verborum
1402 2123 1444 2146 est
1455 2118 1515 2145 καθ’
1531 2119 1684 2155 ὑπερϐατόν
1703 2128 1753 2149 seu

123 2152 234 2199 vovrcbv
259 2155 411 2190 Δημόφιλον
434 2159 584 2194 ποιήσαντα
607 2161 749 2190 δείκνυσιν.
775 2164 803 2190 Ὁ
826 2164 915 2197 Ὀζίας

972 2165 1108 2192 necandum
1131 2164 1323 2199 trajcclionem,
1339 2164 1373 2191 ab
1386 2164 1452 2199 ipsis
1472 2165 1578 2192 scilicet
1600 2167 1752 2193 sacerdoti-

123 2197 204 2224 καλὸν
218 2199 304 2226 ἐποίει
321 2201 436 2237 θυμιῶν,
454 2205 477 2230 εἰ
492 2206 540 2232 καὶ
556 2207 631 2242 παρὰ
647 2208 696 2243 τὴν
707 2208 799 2242 ἀξίαν·
816 2210 841 2237 οἱ
855 2211 913 2238 δαί-

123 2251 204 2292 μονες
223 2245 329 2281 άληθῶς
344 2247 446 2283 ἔλεγον,
463 2249 649 2286 θεολογῶντες
669 2254 713 2280 τὸν
727 2255 830 2291 Ἰησοῦν
845 2256 912 2292 (94),

122 2290 147 2315 εί
162 2291 209 2317 καὶ
223 2292 306 2327 μηδὲν
323 2293 465 2330 ἐφειμένον
487 2294 522 2332 ἦν
538 2297 653 2330 ἐκείνοις
674 2299 786 2328 τοιαῦτα
806 2290 908 2330 λαλεῖν·

966 2211 1017 2238 bus
1041 2211 1171 2243 erudire,
1197 2219 1245 2245 per
1260 2218 1329 2245 quos
1352 2210 1465 2239 schema
1488 2212 1645 2240 monasticae
1671 2213 1752 2242 istius

966 2257 1146 2292 professionis
1173 2257 1221 2284 tibi
1246 2256 1376 2284 traditum
1396 2259 1448 2284 est.
1472 2257 1571 2285 Annon
1595 2259 1751 2288 testimonio

928 2295 950 2323 D
964 2305 1047 2332 etiam
1068 2312 1118 2332 suo
1147 2304 1260 2332 verbum
1285 2311 1376 2330 meum
1395 2303 1518 2339 symbola
1542 2304 1701 2334 suffulciunt
1723 2312 1750 2335 et
1790 2335 1792 2338 ,

123 2336 156 2388 σὺ
173 2337 219 2363 καὶ
236 2338 312 2374 παρὰ
327 2339 376 2375 τὴν
389 2341 466 2374 ἀξίαν
480 2344 645 2379 πεποίηκας,
661 2346 708 2373 καὶ
722 2347 782 2382 οὐχὶ
799 2348 830 2374 τὸ
841 2350 914 2382 εἰκὸς

972 2351 1145 2378 :orroborant
1161 2350 1233 2378 sacri
1249 2349 1329 2377 istius
1344 2350 1467 2377 ordinis?
1489 2351 1587 2378 Astant
1608 2353 1679 2379 enim
1696 2353 1749 2388 ipsi

122 2382 270 2419 διεπράξω,
288 2385 400 2422 ὑϐρίσας
421 2389 604 2425 πρεσϐύτερον
619 2391 665 2417 τὸν
676 2392 739 2424 τοὺς
752 2395 913 2428 μετανοοῦν-

187 2429 415 2478 δεχόμενον.Ὅρα
432 2435 478 2461 καὶ
488 2435 541 2462 άπὸ
557 2436 604 2463 τοῦ
622 2437 736 2465 παλαιοῦ
750 2440 833 2475 νόμου
844 2441 909 2478 (95)'

119 2475 176 2501 Kal
187 2476 316 2511 ἕκαστος
325 2478 362 2513 τῇ
373 2479 454 2511 τάξει
463 2480 518 2514 τῆς
525 2483 711 2518 λειτουργίας
716 2486 808 2513 αὑτοῦ
814 2475 910 2520 ἔσται,

120 2522 168 2547 καὶ
180 2521 215 2548 τὰ
231 2523 294 2558 ἑξῆς
307 2524 501 2560 διοριζομένου·
513 2527 559 2554 καὶ
574 2528 664 2555 πάλιν
681 2530 816 2566 norit/0n
830 2533 911 2567 θυμῷ

119 2567 227 2601 Κύριος
236 2568 286 2595 ἐπὶ
298 2569 338 2602 τῷ
345 2571 398 2597 τὸν
414 2570 509 2602 Ὀζῗαν
521 2574 720 2609 προπετῆσαΓ
728 2577 911 2612 τὴνκιϐωτὸν

117 2613 468 2651 ἁνορθοῦνβουλόμενον·
478 2619 534 2650 καὶ,
544 2619 578 2645 Ἠ
582 2619 634 2646 τοῦ
640 2621 787 2654 Μωυσέως
793 2622 909 2658 ἀδελφὴ

117 2660 237 2695 Μαριὰμ
248 2662 425 2695 λεπροῦταιο
442 2664 489 2690 καὶ
512 2665 575 2701 περὶ
595 2665 648 2692 τῶν
664 2667 729 2693 υἱῶν
748 2668 795 2694 τοῦ
811 2669 908 2702 Σκευᾶ,

117 2705 156 2736 ὼς
163 2706 192 2732 ὲν
200 2708 260 2738 ταῖς
270 2706 388 2742 Πράξεσι
396 2709 518 2745 φέρεται,
530 2711 580 2745 ὅτι,
589 2713 657 2748 μήτε
666 2714 860 2748 πιστεύσαντες
871 2718 911 2749 είς

116 2751 245 2786 Χριστὸν,
259 2755 328 2790 μήτε
342 2757 602 2792 κεχειροτονημένοι,
617 2758 762 2794 ἐξώρκιζον
774 2762 838 2793 τοὺς
852 2762 910 2789 δαί-

120 2805 214 2831 μονας,
224 2799 294 2835 ὅπερ
306 2802 363 2832 τοῖς
377 2802 553 2838 ὲφορκισταῖς
568 2804 658 2838 μόνοις
673 2806 772 2840 ἐφεῖτο.
782 2808 837 2834 Καὶ
852 2809 892 2835 πά
901 2824 907 2828 -

118 2840 169 2868 λιν·
180 2842 211 2869 Ὀ
220 2844 344 2879 ἀσεϐὴς,
355 2846 434 2873 θύων
447 2847 566 2882 μόσχον
577 2848 644 2884 (96),
653 2851 693 2884 ὡς
703 2853 719 2879 ὁ
726 2852 910 2882 ἀποκτείνων

172 2941 185 2961 ἀ
199 2942 294 2973 Matth.
312 2953 361 2981 xu,
376 2946 422 2975 25.

964 2405 1018 2425 arte
1031 2398 1155 2432 proxime
1167 2396 1308 2432 pontifices
1326 2396 1453 2430 primum,
1468 2395 1566 2425 deinde
1580 2399 1748 2433 sacerdotes,

963 2443 997 2471 ad
1008 2447 1100 2478 portas
1115 2449 1178 2469 mox
1195 2441 1304 2469 diaconi
1317 2451 1324 2469 :
1338 2442 1371 2468 ab
1383 2445 1494 2469 externa
1507 2447 1648 2477 portarum
1660 2451 1747 2480 parte,

958 2489 1039 2524 juxta
1056 2493 1162 2520 lamen,
1181 2487 1309 2515 monachi
1323 2487 1493 2521 consistunt,
1515 2496 1569 2515 non
1584 2490 1693 2524 quidem
1713 2492 1748 2519 ad

961 2534 1083 2569 ipsarum
1101 2532 1264 2564 custodiam,
1281 2531 1310 2558 id
1329 2532 1401 2559 enim
1421 2533 1543 2560 muneris
1561 2541 1608 2561 eos
1624 2536 1746 2570 respicit,

961 2580 1008 2616 qui
1024 2579 1128 2607 foribus
1141 2582 1241 2607 astant.
1255 2577 1302 2605 sed
1317 2577 1476 2610 introrsum,
1493 2586 1590 2613 nempe
1605 2579 1746 2614 diaconos,

961 2629 1009 2652 aut
1032 2623 1246 2660 bypodiaconos,
1267 2623 1349 2658 266
1369 2631 1464 2651 verum
1490 2628 1601 2659 propter
1622 2626 1746 2654 ordinem

961 2673 989 2698 et
1012 2670 1194 2705 cognitionem
1215 2669 1258 2696 sui
1279 2670 1419 2704 ipsorum,
1444 2668 1491 2702 ut,
1509 2670 1636 2705 inquam,
1660 2671 1748 2699 inter-

961 2721 1075 2744 noscant
1099 2716 1178 2750 cujus
1193 2715 1248 2744 sint
1263 2719 1290 2742 et
1301 2715 1407 2743 ordinis
1418 2719 1445 2743 et
1459 2715 1613 2751 dignitatis.
1630 2725 1683 2745 neu
1699 2726 1747 2745 su-

959 2770 1008 2797 pra
1024 2770 1053 2790 se
1066 2762 1271 2798 praestantiores
1287 2762 1485 2790 insolescerent
1511 2762 1595 2797 Magis
1609 2764 1681 2790 enim
1699 2773 1745 2792 ac-

957 2808 1058 2835 cedunt
1074 2808 1107 2835 ad
1122 2808 1261 2843 populum,
1273 2815 1354 2843 quam
1368 2808 1401 2835 ad
1415 2816 1510 2836 sacros
1524 2809 1646 2837 ordines.
1657 2810 1745 2846 Atque

959 2853 1009 2881 hoc
1027 2861 1082 2881 non
1096 2854 1145 2881 abs
1163 2861 1192 2881 re
1212 2853 1297 2887 dicit,
1310 2861 1342 2881 eo
1358 2853 1441 2889 quod,
1462 2854 1549 2883 sacris
1563 2856 1674 2892 quidem
1688 2857 1743 2886 ini-
