1923 3067
173 187 223 215 ΠΙ

560 181 731 209 ΛΡΡΕΝΟΙΧ
752 181 797 208 AD
817 178 931 207 OPERA
952 177 981 206 S.
999 177 1150 206 DlONYSll
1165 176 1410 205 AREOPAGITIE.

1750 174 1796 202 £72

174 245 235 272 tiati
249 264 258 277 ,
283 242 415 279 peculiari
439 241 619 277 pmrogativa
642 241 732 267 locum
749 239 800 266 sibi
820 237 960 265 vindicant

1014 237 1090 264 κύνα
1106 235 1258 270 λογίζεται,
1279 236 1309 261 οὐ
1328 234 1507 271 προτιεμὲνου
1523 232 1573 269 τὴν
1594 231 1730 267 φιλότιμον
1752 232 1796 259 θυ-

175 291 254 318 altari
279 290 434 326 proximum
453 297 460 316 :
477 287 604 316 monachi
630 293 694 314 vero
716 289 872 312 extrorsum
896 291 964 311 con-

175 338 278 365 sistunt
294 343 348 362 una
365 342 427 362 cum
441 332 553 369 populo,
570 331 678 360 etiamsi
694 331 794 366 populo
806 330 963 365 superiores

175 383 379 419 quadamtenus
394 380 536 408 obtineant
554 382 656 414 partes.
674 377 750 404 lianc
764 377 800 404 ob
815 384 871 404 rem
885 383 964 403 sacra

173 431 324 457 etiamnum
347 426 498 463 legislatio,
524 429 554 452 ut
583 424 611 451 hi
637 424 792 451 divinorum
818 421 965 458 participes

175 476 250 508 sint,
271 472 480 502 administrandi
506 479 606 498 munus
625 470 687 497 istis
708 468 896 500 concredidit,
917 467 964 503 qui

174 522 271 549 intima
295 522 440 556 penetrant
462 517 545 553 adyti.
570 515 659 543 lntimi
682 515 756 542 enim
784 515 844 543 sine
864 514 963 541 obum-

174 569 272 595 brante
286 567 451 595 velamento,
473 567 500 591 et
511 563 605 590 vident
618 566 646 590 et
665 561 780 589 audiunt
797 561 900 591 divina,
916 567 964 595 per

175 614 254 650 signa
269 619 358 640 tamen
379 610 562 647 significativa
581 609 682 636 :iidem
701 615 810 643 quoque
831 606 902 643 apud
916 614 964 634 eos

174 661 220 696 qui
242 664 318 688 extra
334 658 394 686 vela
409 658 578 687 consistunt,
602 655 753 682 monachos
771 654 849 685 dico,
867 654 963 686 laicos,

174 716 222 736 eos
241 707 323 736 etiam
349 705 396 741 qui
412 712 467 732 suae
483 702 638 738 purgationi
655 701 807 736 invigilent.
825 699 895 727 addo
918 707 965 727 ca-

1015 284 1076 309 σὶαν
1091 282 1138 309 τοῦ
1157 282 1224 309 Θεοῦ
1241 281 1285 309 διὰ
1300 281 1350 317 τὴν
1365 282 1413 308 τοῦ
1426 280 1610 317 προσάγοντος
1625 278 1796 314 ἀναξιότητα.

1014 330 1069 356 Kal.
1085 327 1178 360 αὖθις·
1198 328 1269 364 Ὅρα
1287 327 1337 364 τὴν
1356 327 1403 354 τοῦ
1420 326 1487 354 Θεοῦ
1502 326 1674 360 δικαιοσύνην
1684 345 1691 358 ,
1701 326 1740 364 ὅτι
1753 325 1797 353 καὶ

1013 375 1147 410 λεγόντων
1162 375 1254 406 τινῶν,
1267 376 1308 402 Οὺ
1319 374 1359 408 τῷ
1376 374 1421 407 σῷ
1437 374 1558 408 ὀνόματι
1569 373 1601 400 τὸ
1613 373 1662 400 καὶ
1679 372 1711 399 τὸ
1722 373 1797 399 ἐποι-

1014 422 1142 457 ήσαμεν;
1156 423 1217 449 Οὐκ
1224 421 1289 448 οῖδα
1298 420 1385 456 ὑμᾶς,
1394 420 1580 456 ἀποκρίνεται.
1595 419 1677 446 ’Ὥστε
1692 419 1797 452 συνάγε-

1014 478 1059 496 ται
1069 469 1124 496 duo
1137 469 1239 495 τούτων
1250 467 1369 499 πάντων,
1382 467 1423 494 ὅτι
1433 467 1463 493 οὺ
1475 467 1584 502 Θεμιτὸν
1594 466 1654 492 οὐδὲ
1668 465 1703 492 τὰ
1712 465 1798 492 δίκαια.

1016 515 1123 542 διώκειν
1136 535 1143 547 ,
1160 515 1184 542 sl
1202 514 1240 550 μὴ
1256 515 1320 541 κατ’
1337 513 1424 547 ἀξίαν.
1448 513 1535 539 Τοῦτο
1546 513 1601 548 γὰρ
1618 514 1633 539 ὁ
1657 511 1798 547 νομοθέτης

1015 561 1135 589 διδάσκει
1149 563 1177 588 ὲν
1190 561 1230 596 τῷ
1240 560 1441 596 Δευτερονομίῳ
1449 560 1676 597 Μωῦσῆς,λὲγων·
1684 558 1799 590 Δικαλως

1015 609 1047 634 τὸ
1068 607 1183 634 δίκαιον
1204 606 1328 639 διώξεις,
1354 606 1409 633 Καὶ
1433 606 1522 632 πάλιν·
1551 604 1740 632 Διακελεύεταί
1761 612 1799 630 σοι

1015 654 1115 690 Σειρὰχ
1126 655 1141 680 ὁ
1149 654 1298 689 θαυμάσιος
1309 653 1375 689 (97),
1405 650 1587 687 Ὑψηλότερά
1597 660 1654 679 σου
1666 651 1708 686 μὴ
1718 651 1798 684 ζήτει,

1016 701 1065 728 ml
1078 699 1231 735 βαθύτερά
1245 708 1303 727 σου
1315 700 1358 734 μὴ
1374 700 1491 734 ἐρεύνα.

174 752 365 784 techumenos,
382 749 483 784 quique
497 746 665 783 paenitentia:
676 750 741 773 sunt
757 745 873 775 addicti,
886 753 965 773 sacra

174 797 306 834 mysteria
345 798 477 824 enarrant
501 798 583 829 atque
612 793 839 828 interpretantur.
864 791 925 819 Rite
961 791 996 818 ab
1007 791 1095 818 oculis
1118 790 1172 818 tuis
1203 790 1366 818 intemerata
1395 797 1503 825 semper
1525 795 1639 817 eatenus
1663 793 1798 817 asservata

174 848 257 875 sunt,
284 850 429 878 quousque
460 841 642 876 impressione
668 838 810 874 tyrannica
849 837 975 866 insiliens
1002 837 1125 872 evulgari
1155 837 1289 872 coegisti,
1306 844 1366 872 qua:
1387 845 1420 864 ne
1453 837 1602 872 spectanda
1624 837 1674 865 tibi
1694 837 1798 873 quidem

175 893 292 921 fuerant.
306 891 339 919 Et
353 890 460 918 tandem
476 895 556 917 sacra
571 888 628 914 haec
640 894 722 922 penes
735 889 762 914 te
780 894 865 913 unum
888 890 915 913 et
925 891 986 913 esse
1007 889 1032 912 et
1055 885 1191 913 asservari
1212 884 1350 920 gloriaris,
1366 884 1494 912 nesciens
1511 886 1579 912 nihil
1597 886 1695 913 horum
1710 890 1736 913 te
1752 886 1800 913 ob-

174 940 277 971 linere;
306 937 416 973 quando
439 944 494 964 non
517 939 563 962 tua
587 934 637 962 sed
658 933 835 961 sacerdotum
861 932 970 960 intersit
997 932 1078 960 istius
1095 939 1182 960 sacra:
1210 932 1369 961 functionis.
1407 933 1478 961 lllud
1501 937 1592 960 autem
1615 933 1690 969 quod
1717 932 1801 964 addit,

176 985 249 1013 Sicut
266 992 355 1011 revera
371 992 402 1011 ne
417 983 554 1010 veritatem
576 979 697 1016 quidem,
714 983 741 1007 et
764 983 861 1007 ca-tera
879 986 940 1014 quae
961 983 1125 1013 sequuntur;
1149 978 1227 1005 illum
1249 980 1439 1014 perstringens
1460 984 1573 1016 propter
1593 980 1675 1007 aliam
1697 987 1802 1016 quoque

174 1032 281 1060 ordinis
304 1031 553 1067 transgressionem
577 1033 604 1055 et
621 1027 837 1063 impudentiam,
860 1027 970 1062 quando
986 1026 1084 1054 indies
1108 1026 1232 1061 singulos
1257 1026 1454 1054 conflictationi
1470 1028 1615 1056 verborum
1636 1027 1734 1055 allian
1749 1036 1802 1055 non

175 1080 208 1108 ad
229 1080 467 1108 conﬁrmationem
484 1080 587 1108 seu'ad
607 1080 814 1109 aedificationem
840 1079 979 1107 lectitabat
996 1077 1168 1113 Scripturas.
1190 1076 1238 1105 sed
1263 1077 1296 1104 ad
1316 1077 1484 1105 audientium
1511 1077 1732 1105 subversionem.
1749 1075 1802 1104 Vc-

174 1134 235 1153 rum
260 1127 399 1154 enimvero
425 1126 532 1154 duobus
553 1127 637 1154 veluti
661 1126 788 1162 capitulis
811 1123 1116 1159 Demophilipeccatum
1146 1122 1358 1154 circumscribit,
1374 1123 1456 1150 simul
1472 1127 1499 1150 et
1524 1130 1578 1150 non
1595 1125 1734 1150 servatum
1760 1129 1804 1148 or-

174 1173 286 1201 dinem:
304 1181 359 1200 uno
374 1173 503 1207 quidem,
531 1173 604 1207 quod
625 1179 718 1200 sancta
735 1176 834 1208 praeter
849 1171 978 1198 decorum
993 1169 1140 1201 invaserit;
1164 1168 1269 1200 altero,
1291 1169 1355 1204 quia
1375 1169 1563 1204 presbyterum
1592 1168 1726 1204 appetivit
1751 1175 1803 1195 non

175 1219 297 1247 ferendis
325 1218 509 1246 contumeliis.
533 1218 720 1246 Omittendum
740 1217 852 1246 interim
874 1216 964 1248 duxit,
980 1216 1045 1251 quia
1068 1220 1096 1243 et
1110 1215 1292 1250 poenitcntem
1310 1215 1434 1243 calcibus
1456 1216 1526 1243 male
1552 1221 1697 1251 acceptum
1717 1215 1804 1243 elimi-

175 1266 252 1294 navit
279 1265 374 1300 templi
401 1265 486 1292 aditu.
513 1265 599 1293 Porro
614 1265 683 1293 duas
709 1265 770 1292 illas
791 1263 965 1299 operationes
984 1262 1115 1290 aminori
1145 1261 1296 1296 assumpsit
1324 1262 1492 1290 tractandas.
1525 1262 1667 1290 Adversus
1695 1262 1802 1297 quidem

174 1313 293 1348 primum
318 1312 392 1341 illius
413 1316 534 1340 erratum
551 1312 628 1344 facit,
650 1312 724 1348 quod
746 1311 847 1339 dicitur
874 1309 952 1338 Patri
978 1319 984 1336 :
1005 1309 1069 1336 1am
1087 1309 1111 1336 si
1136 1308 1195 1343 quis
1217 1309 1397 1343 principatum
1425 1309 1509 1344 gentis
1527 1309 1678 1343 cujuspiam
1701 1309 1806 1343 privata

175 1360 338 1387 auctoritate
362 1360 498 1391 invaserit,
524 1368 570 1387 nec
598 1359 630 1386 ab
654 1367 712 1394 rege
723 1359 816 1394 jussus
844 1366 852 1384 :
880 1357 975 1384 merito
1000 1355 1061 1383 talis
1089 1355 1255 1390 plecteretur.
1270 1355 1410 1384 Adversus
1438 1363 1504 1384 vero
1530 1356 1670 1387 alterum,
1688 1355 1803 1384 dicens:

175 1405 253 1439 Quod
268 1406 293 1432 si
308 1405 451 1440 principem
468 1406 640 1433 damnantem
665 1413 745 1432 unum
772 1413 786 1432 e
812 1403 936 1435 subditis,
954 1403 992 1431 uel
1018 1402 1192 1430 absolventem
1218 1402 1288 1429 alius
1306 1403 1389 1437 quivis
1418 1403 1612 1434 assistentium,
1630 1402 1665 1429 ad
1694 1401 1806 1429 exactio-

175 1460 230 1478 rem
258 1460 345 1479 causce
373 1452 565 1479 discussionem
589 1456 700 1483 revocet,
727 1451 858 1479 nihildum
883 1451 925 1478 hic
952 1450 1022 1482 dico,
1051 1449 1153 1484 injuria
1177 1449 1265 1484 aﬁ‘ecit
1285 1450 1439 1484 principem.
1467 1450 1574 1478 Rursus
1599 1454 1627 1478 et
1661 1449 1716 1476 hoc
1742 1448 1804 1476 sub-

175 1497 339 1525 audiendum
363 1501 405 1525 est
424 1507 430 1524 :
452 1497 480 1525 Is
501 1498 589 1533 utique
607 1498 778 1532 plecteretur.
806 1497 847 1524 Tu
871 1501 960 1525 autem
978 1503 1099 1530 cousque
1123 1496 1286 1524 temeritatis
1309 1501 1455 1532 provectus
1469 1497 1550 1532 267
1567 1504 1598 1524 es
1617 1505 1623 1523 :
1641 1502 1673 1524 ut
1688 1501 1736 1524 tua
1760 1504 1805 1524 so-

174 1543 228 1571 lius
241 1544 414 1576 auctoritate,
431 1544 586 1572 sacerdotio
598 1545 744 1572 admolitus
765 1553 888 1579 manum,
909 1545 984 1574 ausis
1000 1545 1112 1578 insuper
1135 1543 1267 1571 adversus
1282 1544 1472 1580 presbyterum
1487 1544 1637 1579 inquirere.
1656 1543 1720 1572 Haec
1741 1551 1806 1572 sane

174 1590 295 1624 oportuit
310 1589 443 1617 adversus
458 1589 535 1616 illum
553 1589 607 1617 dici
621 1590 668 1624 qui
683 1595 784 1625 praeter
799 1591 842 1618 sui
864 1590 970 1618 ordinis
985 1589 1144 1625 dignitatem
1161 1589 1253 1624 aliqua
1279 1590 1388 1625 quidem
1405 1591 1535 1624 molitur;
1551 1595 1579 1618 at
1601 1596 1679 1619 certe
1703 1591 1804 1618 rationi

174 1637 385 1673 haudquaquam
407 1638 584 1666 dissentanea
614 1647 665 1667 nec
686 1640 826 1668 indecora.
840 1642 881 1666 'I'u
902 1647 967 1667 vero
991 1647 1073 1675 quam
1100 1646 1194 1673 speres
1215 1645 1297 1673 posse
1323 1641 1350 1665 te
1364 1641 1514 1672 praetexere
1536 1637 1663 1664 umbram
1687 1645 1806 1664 excusa-

174 1685 273 1717 tionis,
290 1686 400 1721 quando
426 1691 526 1721 praeter
541 1687 647 1716 ordinis
663 1689 703 1716 tui
724 1689 862 1720 meritum,
886 1696 920 1716 ne
942 1688 997 1716 ullo
1013 1687 1122 1723 quidem
1158 1690 1291 1721 praetextu
1320 1684 1478 1714 excusanda
1511 1685 1735 1720 praesumpsisti?
1761 1684 1807 1712 llis

173 1733 345 1760 continenter
366 1733 472 1761 inducit
495 1737 636 1771 exempla,
668 1744 787 1772 quorum
822 1737 969 1765 collatione
995 1735 1139 1771 perspicue
1166 1735 1245 1762 docet
1274 1733 1462 1768 Demophilum
1486 1739 1541 1759 non
1568 1732 1651 1767 paulo
1670 1733 1727 1760 illis
1745 1740 1807 1768 gra-

172 1778 248 1805 viora
271 1779 441 1813 designasse.
468 1779 549 1809 Ozias
580 1790 627 1810 rex
649 1790 705 1810 rem
728 1791 777 1818 per
797 1791 826 1811 se
856 1783 937 1810 laude
954 1781 1065 1817 dignam
1087 1782 1187 1817 gessit,
1213 1780 1278 1807 dum
1301 1780 1443 1807 incensum
1466 1778 1574 1811 adolet,
1598 1779 1682 1806 etiam
1706 1784 1807 1815 przcter

172 1825 215 1851 sui
228 1824 389 1860 dignitatem
414 1826 530 1854 ordinis.
548 1826 689 1854 Daemones
706 1835 770 1855 vere
788 1827 981 1862 loquebantur,
994 1825 1088 1853 Jesum
1117 1825 1202 1852 Deum
1216 1833 1277 1852 esse
1292 1825 1416 1852 dicentes
1434 1831 1440 1848 :
1457 1824 1567 1851 tametsi
1584 1824 1653 1851 nihil
1666 1824 1806 1860 ejusmodi

172 1867 228 1895 illis
253 1868 346 1895 liceret
360 1869 496 1903 proloqui.
513 1869 554 1896 Tu
580 1874 679 1904 praeter
693 1875 748 1898 tua:
765 1871 908 1906 dignitatis
922 1870 1120 1901 conditionem,
1143 1877 1202 1896 rem
1220 1872 1367 1896 exsecutus
1387 1876 1416 1896 es
1436 1869 1613 1897 vehementer
1627 1870 1780 1897 absurdam
1798 1878 1804 1895 :

171 1913 322 1948 designasti
343 1921 400 1941 rem
420 1923 534 1952 prorsus
560 1916 733 1949 indecoram,
758 1917 822 1944 dum
845 1917 965 1945 oncrasti
986 1916 1176 1951 presbyterum
1200 1914 1375 1942 contumeliis
1397 1915 1562 1950 penitentes
1579 1915 1736 1943 clementer
1758 1924 1807 1943 ex—

171 1958 334 1993 cipientcm;
359 1960 468 1987 demum
494 1961 571 1993 vide,
598 1966 628 1988 ut
653 1963 811 1990 testimonio
839 1964 958 1999 antiqua:
987 1964 1055 2000 legis
1081 1964 1215 1992 sententia
1239 1970 1298 1991 mea
1320 1964 1522 1991 communiatur
1540 1972 1546 1989 ε
1564 1963 1600 1991 Et
1621 1965 1807 2000 unusquisque

171 2007 287 2034 manebit
310 2008 338 2035 in
355 2009 447 2036 ordine
463 2009 506 2037 sui
528 2010 670 2037 ministerii
694 2017 713 2038 ε,
735 2011 800 2043 Qum
824 2017 923 2039 caetera
947 2020 1057 2047 quoque
1084 2011 1188 2040 definit.
1215 2011 1322 2038 Rursus
1340 2011 1398 2038 ait:
1417 2010 1508 2039 Iratus
1532 2016 1571 2039 est
1597 2012 1691 2046 furore
1715 2012 1807 2040 Domi-

171 2062 220 2081 nus
244 2063 323 2089 super
344 2056 489 2083 temeritate
509 2055 583 2084 Ozias
607 2063 698 2082 arcam
720 2056 851 2090 surrigere
875 2058 1057 2091 prwsumentis
1077 2056 1098 2084 τ.
1115 2056 1169 2084 Sed
1191 2060 1220 2084 et
1242 2056 1332 2083 Maria
1359 2055 1449 2092 Moysi
1470 2066 1547 2084 soror
1571 2057 1644 2092 lepra
1674 2057 1808 2093 respergi-

171 2103 215 2126 tur
225 2101 248 2127 ε,
273 2100 311 2128 De
333 2100 395 2129 ﬁliis
415 2110 524 2137 quoque
544 2101 653 2132 Scevze,
675 2101 906 2136 quemadmodum
933 2103 961 2129 in
977 2102 1053 2130 Actis
1068 2102 1245 2138 apostolicish
1258 2101 1387 2134 refertur,
1411 2103 1484 2138 quod
1501 2103 1519 2130 ii
1542 2104 1570 2131 in
1591 2103 1737 2132 Christum
1752 2113 1807 2132 non

170 2146 361 2180 crediderant,
381 2156 470 2184 neque
491 2149 526 2176 ad
555 2157 615 2176 eam
637 2148 747 2176 fuerant
768 2149 848 2177 asciti
872 2148 1054 2184 functionem,
1084 2149 1249 2184 adjurabant
1276 2149 1455 2179 nihilominus
1476 2151 1632 2180 dmmones:
1649 2153 1728 2187 quod
1746 2161 1809 2180 mu-

170 2201 223 2222 nus
245 2194 420 2229 peculiariter
441 2195 588 2223 exorcistis
618 2195 805 2230 eompetebat.
833 2199 860 2223 et
887 2196 963 2224 solis.
988 2195 1057 2223 illud
1080 2195 1144 2222 item
1167 2204 1174 2223 :
1201 2195 1253 2228 Qui
1277 2195 1372 2229 impius
1398 2203 1456 2223 cum
1480 2197 1525 2230 sit,
1555 2198 1679 2225 immolat
1703 2198 1806 2231 bovem,

170 2242 250 2270 tatem
273 2248 377 2278 reputat
401 2243 469 2271 hunc
495 2245 572 2277 quasi
591 2245 635 2279 qui
651 2244 776 2272 occiderit
802 2253 909 2272 carnem
936 2245 958 2272 i.
982 2243 1045 2272 Ideo
1064 2243 1187 2275 dictum,
1215 2242 1289 2278 quod
1312 2251 1368 2270 non
1394 2243 1528 2279 approbet
1557 2243 1630 2271 Deus
1658 2244 1807 2272 victimam

169 2290 318 2323 quamlibet
333 2291 472 2318 liberalem
498 2299 530 2319 ac
546 2292 715 2328 splendidam
739 2297 851 2329 propter
874 2293 1063 2328 indignitatem
1087 2291 1239 2319 offerentis.
1265 2290 1374 2319 Rursus
1394 2299 1400 2317 :
1424 2291 1490 2318 Mihi
1510 2295 1577 2319 tunc
1599 2292 1729 2328 expende
1750 2293 1808 2321 exi-

168 2336 251 2362 miam
283 2336 356 2362 illam
381 2336 428 2364 Dei
457 2337 604 2371 justitiam,
634 2339 698 2373 quia
723 2339 881 2367 dicentibus
907 2339 1048 2366 nonnullis
1071 2346 1078 2364 :
1109 2336 1237 2373 Nunquid
1266 2345 1319 2364 non
1346 2337 1394 2364 hoc
1421 2343 1446 2364 et
1473 2338 1542 2365 illud
1566 2339 1592 2365 in
1619 2340 1732 2367 nomine
1761 2345 1806 2367 tuo

168 2381 297 2415 fecimus?
314 2382 374 2410 Non
399 2384 524 2416 nouivos,
545 2383 683 2418 respondet
704 2382 728 2410 ιι.
754 2381 794 2410 Ex
814 2383 859 2410 his
880 2383 972 2418 itaque
991 2382 1118 2410 omnibus
1141 2382 1260 2409 inductis
1285 2382 1451 2411 testimoniis
1477 2384 1615 2419 colligitur
1635 2386 1806 2421 neutiquam

167 2426 252 2454 licere
272 2429 384 2462 exsequi
405 2429 532 2464 quaelibet
559 2436 608 2464 per
627 2436 657 2456 se
675 2429 767 2464 justa,
784 2429 837 2457 nisi
862 2433 890 2456 et
913 2428 1020 2456 ordinis
1045 2428 1163 2464 dignitas
1187 2433 1373 2455 conservetur.
1395 2427 1480 2456 Docet
1497 2430 1570 2456 enim
1598 2429 1651 2457 hoc
1672 2431 1806 2466 inprimis

168 2473 263 2508 legifer
277 2474 321 2501 ille
348 2474 456 2509 Moyses
471 2476 498 2503 in
515 2475 727 2504 Deuteronomio
744 2487 749 2504 :
765 2477 842 2505 Iuste
857 2478 926 2513 quod
946 2478 1050 2513 justum
1065 2482 1103 2504 est
1119 2477 1272 2512 exsequaris
1287 2475 1305 2504 ¹.
1322 2476 1424 2504 Eodem
1451 2481 1478 2505 te
1498 2478 1661 2506 adhortatur
1686 2479 1736 2508 ille
1754 2481 1809 2508 ad—

167 2521 301 2549 mirabilis
322 2521 418 2550 Sirach
432 2523 528 2552 dicens
541 2534 547 2552 :
563 2525 670 2552 Altiora
682 2531 706 2552 te
723 2534 754 2553 ne
767 2534 864 2561 quwre,
882 2530 906 2553 et
921 2525 1097 2561 profundiora
1111 2530 1135 2552 te
1145 2533 1177 2552 ne
1190 2529 1323 2552 scrutatus
1338 2524 1421 2559 fueris
1433 2530 1463 2552 ’“.

202 2568 358 2596 Antithesin
389 2570 447 2597 sive
482 2571 684 2606 oppositionem
710 2571 816 2599 inducit
849 2571 950 2604 Pater,

1045 2570 1192 2598 Ἀντίθεσιν
1215 2569 1338 2604 εἰσάγει,
1362 2570 1401 2601 ὡς
1424 2570 1456 2596 ἐκ
1481 2568 1528 2596 τοῦ
1550 2569 1731 2606 Δημοφίλου,
1764 2571 1807 2598 ὅτι

166 2614 246 2649 quasi
262 2614 418 2649 loquentem
434 2615 516 2642 faciat
532 2616 731 2651 Demophilum,
748 2617 813 2652 quia
826 2622 854 2645 et
872 2617 950 2644 dein-

167 2667 231 2694 ceps
246 2667 300 2686 non
316 2660 455 2688 mediocre
473 2661 629 2697 contagium
647 2661 796 2697 impietatis
810 2663 838 2690 in
858 2671 951 2691 sacer-

166 2704 276 2733 dotibus
291 2706 427 2734 coalescet
440 2717 446 2734 :
460 2707 483 2734 si
498 2707 607 2742 quidem
621 2708 724 2735 nullam
736 2709 769 2736 de
777 2709 951 2738 sacerdotum

166 2751 289 2778 moribus
304 2751 396 2779 licebit
411 2759 522 2781 movere
535 2754 726 2788 quaestionem,
743 2762 831 2790 neque
847 2756 894 2783 ulli
909 2755 950 2784 fas

204 2848 217 2883 ε
232 2842 312 2871 Num.
337 2853 384 2876 vn,
396 2846 433 2883 Ali.
475 2847 484 2865 τ
498 2846 532 2883 lli
542 2847 607 2883 Reg.
624 2856 660 2879 vi.
677 2849 702 2875 'l.

169 2876 179 2896 ι
196 2876 262 2913 Cap.
280 2887 336 2913 xvi,
352 2889 377 2908 ν.
393 2881 438 2909 ‘20.
478 2886 497 2898 ³
515 2876 597 2912 Εςςὶῖἶ
617 2876 659 2919 tu,
675 2884 719 2911 22.

745 2849 848 2878 IlNum.
882 2858 929 2884 xu,
950 2850 993 2878 10.
1032 2851 1045 2871 ιι
1066 2851 1130 2886 Cap.
1157 2859 1213 2878 XIX.

1005 2618 1080 2645 ἔσται
1095 2617 1187 2644 λοιπὸν
1203 2616 1314 2644 ἀσέϐεια
1331 2617 1359 2642 ὲν
1374 2618 1431 2648 τοῖς
1449 2616 1566 2652 ἱερεῦσι,
1584 2617 1621 2653 μὴ
1633 2617 1806 2654 ἐξεταζομέ-

1005 2674 1057 2691 νων
1067 2665 1167 2698 αὺτῶν,
1183 2664 1250 2700 μήτε
1264 2663 1317 2699 μὴν
1328 2662 1492 2689 εὐθυνόντων
1505 2663 1604 2695 αὐτοὺς
1613 2663 1721 2699 ἑτέρων
1731 2673 1738 2680 ι
1754 2665 1806 2692 καὶ

1004 2711 1169 2738 κινδυνεύσει
1182 2711 1245 2742 τοὺς
1255 2710 1283 2736 ὲν
1296 2709 1370 2744 νόμῳ
1385 2709 1577 2744 καυχωμένους
1587 2710 1630 2737 διὰ
1640 2710 1694 2746 τῆς
1710 2720 1806 2748 παρα-

1004 2757 1101 2790 6ασίας
1115 2757 1163 2784 τοῦ
1178 2757 1260 2792 νόμου
1278 2755 1323 2782 τὸν
1337 2755 1403 2781 Θεὸν
1419 2755 1571 2792 ἀτιμάζςιν.
1596 2757 1668 2792 Ἐγὼ
1684 2758 1715 2786 δὲ
1732 2768 1804 2795 προ-

1263 2852 1270 2872 i
1298 2850 1349 2879 lsa.
1378 2858 1451 2883 wa,
1471 2850 1494 2878 5,
1537 2850 1548 2869 ιι
1566 2849 1662 2879 Matth.
1682 2859 1735 2885 vn,
1751 2851 1799 2878 '25.
