1940 3064
125 174 178 202 H3

498 173 723 203 P.\CllYM‘ER/E
743 175 986 204 PARAPHRASIS
1004 177 1037 204 IN
1056 177 1130 204 EPP.
1144 177 1172 204 S.
1192 177 1340 206 DIONYSII

1709 182 1759 209 ΓΜ

125 230 259 266 νοητικῶς
272 231 343 267 ὑπὲρ
358 231 454 258 τούτου
467 232 690 268 ἀπολογήσομαι·
709 233 739 260 οὐ
754 233 808 270 γὰρ
824 235 920 270 ἐχθρὸς

973 235 1070 268 fuerit,
1084 236 1147 263 vitae
1163 236 1246 272 268
1261 236 1369 264 illorum
1385 243 1530 271 reposcere
1544 237 1693 270 rationem,
1717 245 1760 265 at—

124 278 139 304 ό
158 277 328 313 Δημόφιλος,
356 278 400 305 ἴνα
427 278 492 314 ea.ij
520 279 595 314 παρὰ
621 278 660 314 τῷ
676 280 782 315 Σατανᾷ
804 281 916 316 τοιαύτῃ

125 324 213 360 πλάνῃ
229 324 416 360 συνεχόμενος.
431 325 510 358 Ἰσθι,
525 326 567 352 ὃτι
577 325 681 362 ἑκάστη
696 325 751 352 τῶν
769 326 849 362 ἱερῶν
859 327 918 354 δια-

125 371 288 406 κοσμήσεων
314 371 499 407 θεοειδεστέρα
522 372 580 398 ἐστὶ
602 373 652 408 τῆς
676 372 775 408 μᾶλλον
798 373 918 410 ἀφεστη-

125 416 205 449 κυίας
216 436 224 448 ,
245 417 261 452 ἡ
282 417 321 453 τῷ
338 417 398 450 Θεῷ
423 417 628 453 πλησιάζουσα,
652 420 699 446 καί¹
719 419 748 446 ὲν
765 421 822 451 τοῖς
837 420 919 456 οὐρα-

125 461 192 494 νίοις
208 462 254 489 καὶ
270 463 299 489 ἐν
317 464 392 498 ἡμῖν.
411 464 456 499 Μὴ
473 464 538 498 γοῦν
552 465 671 502 ὲκλάϐῃς
686 466 731 493 τὸν
748 466 919 503 πλησιασμὸν

125 509 263 543 τοπικῶς,
281 509 348 536 ἀλλά
371 510 471 545 μᾶλλον
493 511 564 538 κατά
581 512 631 548 τὴν
653 513 769 540 ἑκάστου
794 513 849 547 ἕξιν
872 515 920 541 καὶ

126 554 347 591 ἐπιτηδειότητα·
367 556 398 582 οὐ
414 557 468 591 γὰρ
483 557 513 584 έν
529 557 605 593 τόπῳ
629 559 702 585 ἐστὶν
722 560 737 585 ὀ
759 558 825 590 Θεὸς
842 559 917 595 (98),

126 602 165 633 ὼς
187 601 220 628 ἂν
234 602 358 629 ἐντεῦθεν
375 603 406 628 τὸ
421 603 505 637 ἐγγὺς
521 604 567 630 καὶ
581 603 612 630 τὸ
627 604 723 640 πόρρω
741 605 917 640 ἐμφαίνηται.

126 648 158 674 Et
184 648 273 675 τοίνυν
289 649 305 683 ἡ
323 648 378 674 τῶν
401 648 497 685 ἱερέων
522 649 599 681 τάξις
623 651 773 686 φωτιστική
798 651 888 683 ἐστιν,
905 653 920 678 ὁ

127 695 165 731 μὴ
182 695 366 729 φωτιστικὸς,
393 695 409 730 ἢ
439 695 539 730 μᾶλλον
560 697 607 722 καὶ
627 697 641 722 ὁ
666 696 835 730 ἀφώτιστος,
860 698 920 733 οὐχὶ

126 741 215 776 tepet;
227 760 233 772 ,
251 741 299 767 καὶ
314 741 450 777 τολμηρὸς
465 739 544 774 οὗτος
559 742 634 768 δοκεί
656 751 701 777 μοι
716 743 761 769 καὶ
775 743 919 779 ἀναίσχυν-

125 795 188 819 τος,
205 788 312 822 ἀγνοεῖν
332 788 454 823 οἰόμενος
470 788 517 815 τὸν
533 788 614 819 Θεὸν,
637 789 709 825 ἅπερ
731 790 812 821 αὐτὸς
830 789 920 825 ἑαυτῴ

128 833 231 860 σύνοιδε
242 854 249 865 ,
265 834 312 860 καὶ
328 833 447 869 νομίζων
464 835 572 870 ἁπατᾷν
588 834 618 861 ὃν
633 835 716 867 αὐτὸς
736 835 919 871 ψευδωνύμως

126 880 298 907 ἐπικαλεῖται
319 880 440 916 πατέρα,
457 880 563 915 Πάτερ,
584 881 681 916 λέγων,
698 883 714 909 ό
734 882 770 908 ἐν
787 882 849 916 τοῖς
868 884 918 909 οὺ-

121 926 228 961 ρανοῖς
239 935 246 941 ·
263 927 311 953 καὶ
324 926 432 962 τολμῶν
448 927 499 958 τὰς
514 926 597 953 αὑτοῦ
616 927 791 963 βλασφημίας
808 928 848 964 (οὐ
865 928 919 964 γὰρ

124 973 230 1009 εἴποιμι
250 973 415 1009 προσευχὰς)
433 973 479 999 ἐπὶ
502 973 555 999 τῶν
572 973 652 1000 Οείων
674 974 815 1009 συμϐόλων
830 975 920 1001 ἐπιλέ-

125 1028 194 1054 γειν.
219 1017 303 1051 Οὗτος
315 1020 379 1054 γοῦν
388 1021 439 1046 οὒκ
450 1019 524 1046 ἐστιν
540 1021 628 1056 ἱερεὺς
639 1040 645 1052 ,
661 1020 728 1048 ἀλλά
742 1022 797 1048 πᾶν
810 1022 921 1048 τούναν-

126 1067 196 1093 τίον.
216 1067 291 1098 Τέως
307 1066 335 1093 δὲ
354 1067 384 1093 οὺ
402 1066 501 1093 δίδοται
514 1066 554 1102 τῷ
571 1067 717 1103 Δημοφίλῳ
734 1068 798 1104 περὶ
817 1068 920 1095 τούτων

124 1113 289 1146 διεεετάζειν
301 1122 308 1128 ·
335 1113 448 1145 δικαίως
468 1113 523 1150 γὰρ
542 1114 685 1150 ὀφείλομεν
703 1114 811 1141 διώκειν
831 1114 867 1141 τὰ
882 1115 920 1141 δί-

125 1169 191 1189 καια
209 1160 281 1196 (99),
299 1159 370 1186 κατὰ
383 1160 415 1186 τὸ
431 1160 615 1196 παράγγελμα
628 1170 634 1176 ·
651 1160 754 1188 δίκαιον
771 1161 799 1188 δέ
815 1162 874 1188 ἐστι
889 1161 920 1188 τὸ

125 1209 188 1234 κατ’
203 1206 283 1239 ἀξίαν
300 1208 367 1234 πᾶσι
383 1207 584 1243 διανεμητικὸν,
600 1208 662 1234 ἐπεὶ
679 1208 726 1234 καὶ
744 1208 870 1242 ἀγγέλοις
889 1208 920 1235 τὸ

124 1253 228 1280 δίκαιον
244 1254 430 1289 ἀπονέμεται·
448 1255 477 1281 ἐν
494 1255 561 1281 πᾶσι
578 1254 633 1290 γὰρ
650 1256 707 1287 τοῖς
724 1253 784 1282 οὖσι
805 1255 849 1282 διὰ
864 1256 919 1282 τῶν

125 1299 244 1336 πρώτων
268 1301 325 1331 τοῖς
343 1300 482 1336 δευτέροις
504 1301 539 1328 τὰ
562 1303 623 1328 κατ’
640 1301 718 1335 ἀξίαν
740 1302 917 1338 ἀπονέμεται.

123 1346 158 1373 οι
172 1346 221 1382 μὲν
240 1344 286 1373 οὖν
301 1346 433 1382 ἐπάρχειν
453 1347 508 1373 τῶν
532 1347 619 1374 ἄλλων
639 1347 785 1383 ταχθέντες
796 1368 803 1380 ,
821 1349 920 1376 ἐκεῖνοι

123 1393 181 1423 τοῖς
199 1393 256 1427 μετ’
277 1393 376 1424 αὐτοὺς
397 1393 567 1420 ἀποδώσουσι
585 1393 620 1420 τὰ
636 1395 697 1420 κατ’
712 1394 807 1427 ἀξίανο
830 1396 845 1422 ό
868 1396 920 1430 Δη-

126 1439 239 1474 μόφιλος
259 1439 287 1466 δὲ
307 1439 462 1475 ἀφοριζέτω
473 1459 481 1471 ,
503 1440 690 1476 διαχωριςέτω
703 1441 738 1467 τὰ
756 1441 816 1468 κατ’
830 1441 919 1473 ἀξίαν,

126 1487 190 1513 ποῖα
215 1486 265 1522 μὲν
281 1485 322 1521 τῷ
346 1486 419 1521 λόγῳ
430 1506 438 1517 ,
456 1487 522 1513 ποῖα
541 1487 570 1513 δὲ
586 1487 627 1522 τῷ
643 1487 722 1523 θυμῷ
734 1508 740 1520 ,
763 1489 826 1514 ποῖα
842 1487 870 1514 δὲ
885 1488 919 1523 τῇ

125 1533 258 1570 ἐπιθυμίᾳ
270 1553 277 1565 ,
293 1533 365 1570 ὅπερ
377 1533 427 1560 οὐκ
439 1533 471 1560 ἂν
485 1533 572 1565 ἄλλως
591 1533 705 1569 γένηται
717 1553 724 1565 ,
743 1534 789 1560 καὶ
805 1533 920 1560 ἕκαστον

125 1580 286 1616 πρεπόντως
305 1579 536 1615 ἀφορισθήσεται,
555 1580 579 1606 εί
594 1579 632 1615 μὴ
649 1579 779 1615 κατάρξει
801 1581 816 1606 ό
842 1580 920 1614 λόγος
933 1593 954 1621 C

124 1625 180 1653 τῶν
202 1626 375 1661 ὑφειμένων,
399 1625 485 1661 θυμοῦ
513 1625 585 1660 λέγω
611 1626 657 1652 καὶ
681 1625 849 1661 ἐπιθυμίας,
873 1627 921 1652 καὶ

125 1673 206 1704 εὐθὺς
219 1672 250 1699 τδ
272 1672 446 1708 παράδειγμα
466 1671 587 1708 τίθησιν·
609 1673 623 1699 ὁ
645 1672 725 1706 λόγος
748 1672 802 1708 γὰρ
827 1673 920 1708 ἐπέχει

125 1718 202 1751 τάξιν
217 1719 364 1752 δεσπότου,
382 1718 570 1755 πρεσϐυτέρου
581 1738 589 1750 ,
607 1719 721 1754 πατρόςσ
751 1720 766 1745 ό
780 1719 807 1746 δὲ
824 1718 919 1753 θυμὸς,

126 1765 174 1792 καὶ
196 1766 213 1800 ἡ
235 1764 385 1800 ἐπιθυμία,
407 1764 519 1796 δούλου,
543 1765 695 1800 νεωτέρου,
719 1764 788 1792 υἱοῦ.
809 1765 865 1791 οὐκ
888 1765 921 1791 ἂν

125 1810 173 1839 οὖν
187 1811 295 1838 ἀσεϐεῖν
308 1810 466 1847 ἐδοκοῦμεν,
479 1811 567 1847 εἰπερ,
583 1811 627 1838 ἐπ’
639 1812 743 1847 ἀγορᾶς
759 1811 813 1838 τῶν
831 1820 921 1847 κρειτ-

125 1858 211 1884 τόνων
225 1857 279 1884 ὐπὺ
294 1857 349 1884 τῶν
363 1858 492 1893 χειρόνων
507 1858 677 1893 πασχόντων,
690 1858 741 1885 οὑκ
755 1858 921 1894 ἐϐοηθοῦμεν

126 1906 183 1936 τοῖς
207 1904 361 1940 κρείττοσι;
387 1905 442 1931 Καὶ
465 1904 511 1930 ἐπὶ
531 1904 637 1936 τούτοις
660 1904 919 1940 ὲνθυμηματίζεται.

127 1951 226 1979 Καίτοι
237 1960 269 1986 γε
283 1950 400 1978 ἐνταῦθα
414 1951 439 1977 οἱ
454 1951 575 1986 χείρονες
591 1950 656 1982 ἴσως
671 1950 747 1986 παρὰ
763 1950 817 1977 τῶν
831 1959 922 1987 κρειτ-

126 1999 212 2026 τόνων
236 1997 470 2034 προηδικηοησαν.
502 1996 531 2023 '0
552 1996 580 2022 δὲ
601 1996 681 2031 λόγος
703 1996 838 2030 ἐνταῦθα,
863 1997 922 2029 πῶς

128 2045 215 2072 ἀδικεῖ
230 2044 265 2071 τὰ
280 2044 390 2079 χείρονα
404 2063 412 2076 ,
430 2043 502 2077 λέγω
517 2043 564 2070 τὸν
581 2042 666 2078 θυμὸν
686 2044 733 2070 καὶ
753 2042 803 2079 τὴν
826 2043 921 2070 ἐπιθυ-

129 2092 205 2128 μίαν,
229 2091 300 2122 ἐπεὶ,
319 2090 368 2126 τὴν
383 2090 415 2116 ὲκ
430 2089 497 2117 Θεοῦ
512 2089 635 2116 δοθεῖσαν
651 2089 726 2125 αὐτῷ
740 2089 827 2125 ἀρχὴν
842 2091 922 2116 κατέ-

128 2146 185 2173 χειν
197 2137 366 2172 βουλόμενος,
375 2136 449 2172 παρὰ
458 2135 560 2162 τούτων
568 2135 740 2172 ἀπείργεται;
754 2135 857 2162 Ἀδικοι
868 2136 921 2171 ἄρα

131 2185 214 2219 ἡμεῖς
225 2203 232 2215 ,
250 2183 274 2209 οί
294 2183 330 2218 μὴ
347 2182 386 2217 τῷ
400 2182 472 2217 λόγῳ
485 2181 592 2218 βοηθεῖν
606 2181 776 2214 σπεύδοντες.
802 2182 923 2214 Εἰκότως

127 2228 175 2257 οὖν
182 2231 196 2257 ό
208 2229 294 2265 μέγας
302 2228 408 2260 Παῦλος
416 2229 484 2264 πρὸς
491 2228 924 2264 Τιμόθεονὲπιστέλλωνδιατἀττε-

970 290 1023 317 que
1038 282 1070 309 ad
1090 282 1282 309 rectitullinem
1307 290 1446 310 revocare.
1464 281 1517 310 Sed
1532 287 1558 310 ct
1573 283 1639 310 hinc
1652 283 1758 318 impen-

971 328 1018 355 det
1045 328 1208 363 perieulum,
1235 336 1269 355 ne
1291 329 1402 363 quando
1421 329 1451 361 ii,
1473 329 1540 364 legis
1564 329 1675 356 nomine
1698 338 1760 358 sese

970 375 1161 408 venditantes,
1185 383 1234 410 per
1257 376 1324 410 legis
1350 377 1598 412 transgressionem
1623 377 1758 412 insignem

971 421 1027 449 Deo
1051 421 1198 456 importent
1217 421 1420 448 contumeliam.
1439 422 1569 456 Equidem
1586 421 1646 455 tibi,
1669 429 1685 449 ο
1705 421 1758 449 De-

971 468 1110 503 mophile.
1137 475 1220 502 super
1242 468 1292 494 hac
1315 475 1345 495 re
1370 467 1482 502 provide
1505 468 1759 503 prospicienterque

970 513 1159 550 respondebo;
1175 513 1284 548 quando
1309 520 1363 540 non
1389 512 1456 540 adeo
1479 513 1609 541 inimicus
1629 519 1759 542 censetur

971 560 1158 595 Demophilus,
1176 563 1204 586 ut
1221 559 1274 589 sini
1291 559 1416 587 debeata
1433 558 1534 586 Satana
1551 564 1627 587 tanto
1641 561 1758 596 opprimi

969 613 1075 633 errore.
1101 604 1177 632 Scito
1201 605 1284 640 igitur
1303 605 1367 639 quia
1401 612 1571 639 unaquaeque
1599 611 1758 634 sanctarum

971 650 1195 682 distinctionum,
1211 658 1266 685 quo
1284 649 1397 685 propius
1423 649 1477 677 Deo
1491 651 1627 685 jungitur,
1645 652 1696 679 hoc
1718 653 1759 679 di.

971 698 1040 724 vinte
1054 695 1268 732 pulchritudinis
1293 700 1469 731 repraesentat
1486 697 1691 725 similitudinem
1711 707 1758 726 ex-

972 743 1104 778 pressius,
1118 750 1200 777 quam
1218 743 1241 769 is
1255 742 1323 769 ordo
1343 741 1391 777 qui
1417 742 1525 777 longius
1541 743 1662 770 recedit:
1678 744 1759 779 idque

972 789 1000 815 in
1024 788 1129 816 cmlesti
1160 792 1285 815 servatur
1307 793 1456 823 nostraque
1477 788 1642 816 hierarchia.
1670 789 1758 817 Nolim

972 838 1062 862 tamen
1088 835 1192 861 hancce
1213 835 1445 869 propinquitatem
1467 835 1588 870 accipias
1608 836 1759 863 secundum

971 881 1024 909 loci
1049 881 1264 913 dimensioncm;
1289 881 1376 916 magis
1397 889 1460 909 vero
1476 882 1552 916 juxta
1571 882 1758 910 habitudinem

972 928 1190 962 uniuscujusque
1201 932 1228 955 et
1243 927 1367 954 idoneam
1380 927 1572 962 aptitudiuem.
1584 928 1676 963 Neque
1686 930 1758 956 enim

971 975 998 1001 in
1013 975 1073 1002 loco
1089 977 1132 1001 est
1145 973 1227 1005 Deus,
1252 978 1280 1000 ut
1301 973 1365 1000 hinc
1386 973 1502 1008 exprimi
1524 974 1621 1002 debeat
1638 974 1692 1002 Deo
1708 975 1760 1002 hoc

970 1029 1031 1048 esse
1045 1022 1169 1056 propius.
1189 1020 1255 1047 illud
1274 1027 1340 1048 vero
1354 1020 1499 1047 remotius.
1518 1019 1546 1047 Si
1564 1021 1646 1056 igitur
1661 1022 1688 1049 in
1709 1022 1761 1049 hoc

971 1067 1127 1095 instituitur
1142 1066 1315 1094 sacerdotum
1327 1066 1406 1098 ordo,
1419 1070 1449 1092 ut
1464 1067 1491 1093 in
1506 1067 1574 1094 alios
1590 1068 1633 1094 sui
1649 1068 1760 1096 luminis

971 1112 1148 1140 transfundat
1163 1112 1288 1147 copiam;
1306 1112 1432 1147 quisquis
1448 1112 1516 1140 adeo
1537 1113 1672 1140 neminem
1697 1114 1760 1140 illn-

970 1159 1066 1190 minat,
1081 1163 1111 1186 ut
1127 1167 1161 1186 ne
1178 1159 1204 1185 in
1222 1166 1252 1185 se
1265 1158 1375 1192 quidem
1387 1157 1442 1184 ullo
1454 1158 1636 1193 perfundatur
1647 1159 1759 1190 lumine,

970 1204 1033 1231 talis
1051 1211 1101 1231 nec
1116 1203 1246 1231 sacerdos
1261 1202 1316 1230 dici
1331 1203 1421 1231 debet.
1438 1203 1507 1230 llinc
1531 1203 1603 1230 enim
1619 1211 1680 1230 mea
1702 1211 1762 1230 sen-

970 1251 1055 1279 tentia
1071 1250 1234 1278 temerarius
1251 1258 1335 1284 supra
1362 1250 1472 1277 modum
1493 1253 1535 1276 est
1558 1253 1586 1276 et
1604 1249 1749 1284 impudens

971 1302 1001 1325 ut
1016 1297 1063 1332 qui
1080 1296 1163 1324 Deum
1187 1296 1336 1324 arbitretur
1350 1304 1382 1324 ea
1397 1296 1541 1331 ignorare,
1565 1303 1683 1330 quorum
1707 1296 1760 1322 sibi

972 1344 1031 1379 ipse
1047 1344 1118 1371 male
1133 1343 1263 1370 conscius
1284 1346 1341 1376 est;
1366 1342 1560 1376 existimetque
1580 1349 1611 1369 se
1633 1342 1657 1369 ei
1680 1349 1762 1377 posse

971 1392 1122 1426 imponere,
1137 1389 1217 1424 cujus
1233 1389 1414 1424 patrocinium
1427 1388 1565 1423 implorat,
1581 1388 1677 1415 falsam
1693 1396 1749 1423 pra:

970 1440 1068 1464 texens
1084 1435 1171 1470 patris
1187 1433 1554 1468 nomenclaturam,qnando
1562 1432 1650 1460 dicit:
1666 1432 1761 1463 Pater,

971 1482 1016 1517 qui
1032 1489 1060 1508 es
1076 1482 1105 1508 in
1122 1480 1204 1507 coriis.
1222 1479 1254 1506 Et
1271 1479 1353 1506 audet
1377 1478 1401 1505 is
1417 1478 1525 1504 interim
1548 1485 1613 1505 suas
1636 1478 1760 1514 blasphe.

971 1527 1043 1554 mias
1059 1527 1160 1561 (neque
1174 1525 1247 1552 enim
1265 1524 1437 1559 precationes
1457 1525 1610 1550 censuerim
1624 1523 1763 1558 appellan-

971 1571 1032 1607 das)
1051 1571 1152 1599 divinis
1165 1578 1312 1598 accensere
1326 1569 1466 1605 symbolis.
1483 1568 1558 1596 Talis
1577 1569 1659 1604 igitur
1673 1570 1764 1596 neuti-

971 1626 1053 1653 quam
1069 1618 1201 1645 dicendus
1223 1616 1370 1650 sacerdos,
1394 1615 1504 1650 quando
1526 1614 1614 1642 modis
1635 1615 1763 1643 omnibus

971 1664 1097 1691 diversus
1114 1663 1172 1690 abit
1185 1663 1219 1690 ab
1236 1663 1288 1690 hac
1305 1662 1487 1697 professione.
1500 1661 1535 1688 At
1550 1662 1656 1688 interea
1668 1665 1698 1688 ut
1710 1661 1762 1689 hoc

971 1711 1088 1741 donem,
1104 1718 1157 1738 non
1176 1709 1270 1737 statim
1293 1709 1462 1744 permittitur
1485 1707 1646 1742 Demophilo
1669 1708 1762 1742 inqui-

972 1765 1034 1785 rere
1050 1757 1134 1784 tantis
1150 1756 1183 1783 de
1200 1756 1293 1784 rebus.
1316 1755 1393 1782 Jusle
1410 1755 1499 1786 enim,
1516 1762 1576 1789 quae
1589 1754 1664 1789 justa
1682 1759 1761 1787 sunt,

971 1803 1104 1831 debemus
1123 1802 1235 1837 exsequi
1250 1823 1257 1833 ,
1281 1802 1360 1836 juxta
1384 1801 1534 1836 Scriptura:
1557 1805 1722 1836 praeceptum
1737 1805 1760 1828 ιι.

971 1849 1082 1878 Justum
1099 1854 1188 1876 autem
1208 1852 1251 1876 est
1271 1847 1400 1875 omnibus
1424 1855 1474 1882 pro
1498 1846 1633 1881 cujusque
1665 1846 1764 1873 merito

973 1896 1015 1924 sui
1039 1896 1109 1931 juris
1132 1894 1337 1923 distributivum
1354 1903 1360 1921 :
1378 1894 1444 1929 quin
1470 1893 1576 1928 angi-lis
1593 1893 1761 1923 etiamnum,

972 1943 1046 1978 quod
1061 1942 1167 1978 justum
1190 1945 1243 1973 est,
1258 1940 1360 1976 partito
1374 1940 1514 1967 tribuitur.
1530 1939 1617 1966 Porro
1631 1939 1659 1966 in
1674 1939 1764 1966 omni-

972 1990 1024 2018 bus
1045 1997 1107 2024 qua:
1129 1992 1207 2021 sunt,
1225 1996 1273 2023 per
1294 1987 1382 2022 prima
1406 1986 1534 2015 secundis
1555 1993 1604 2021 pro
1620 1985 1764 2014 divinitate

973 2043 1006 2063 ac
1019 2035 1119 2062 merito
1137 2037 1238 2062 cuncta
1261 2033 1358 2061 sortito
1374 2033 1587 2061 distribuuntur.
1606 2030 1700 2066 itaque
1716 2033 1763 2066 qni

973 2082 1001 2109 in
1014 2082 1078 2114 hoc,
1095 2085 1126 2109 ut
1139 2080 1201 2108 aliis
1219 2080 1340 2115 praesint,
1359 2079 1441 2114 positi
1457 2083 1522 2106 sunt
1536 2086 1544 2105 :
1562 2078 1589 2104 hi
1606 2085 1636 2105 se
1651 2077 1764 2105 inferio—

973 2128 1050 2156 ribus
1065 2135 1115 2163 pro
1136 2127 1272 2162 cujuSque
1288 2126 1386 2153 merito
1409 2125 1536 2152 obeunda
1557 2131 1672 2151 munera
1688 2131 1763 2150 com-

973 2173 1138 2208 partiantur.
1164 2172 1217 2199 Sed
1245 2176 1273 2199 et
1299 2171 1476 2206 Demophilus
1500 2177 1636 2204 perpenso
1658 2169 1764 2204 judicio

973 2219 1105 2254 pmcidat
1123 2219 1240 2254 singula,
1252 2221 1279 2245 et
1292 2224 1341 2246 sua
1353 2217 1452 2252 cuique
1463 2223 1512 2251 pro
1526 2215 1659 2251 dignitate
1672 2222 1764 2249 segre-

127 2285 184 2309 ται,
249 2261 295 2308 ἐις
315 2261 483 2312 προστασίαν
496 2261 660 2311 Ἐκκλησίας
671 2273 813 2307 ἀξιοῦσθαι
827 2274 874 2301 τὸν
887 2273 920 2310 μὴ

976 2270 1021 2302 get
1034 2266 1133 2296 officia.
1148 2265 1273 2300 quadam
1297 2263 1416 2295 rationi,
1432 2263 1525 2297 aliqua
1544 2269 1609 2289 vero
1626 2261 1684 2294 iraa,
1701 2269 1763 2288 rur-

127 2323 176 2350 τοῦ
192 2323 257 2350 ἰδίου
271 2321 346 2349 οἴκου
357 2321 512 2358 προστάντα
526 2321 618 2353 καλῶς
630 2330 637 2336 θ
653 2322 701 2348 καὶ
712 2320 804 2352 καλῶς
817 2320 852 2347 τὰ
865 2320 924 2347 θεῖα

128 2370 253 2405 λέγουσιν
259 2369 419 2403 Εὑαγγέλια·
428 2367 595 2403 Ὀἐνόλίτῳ
601 2367 772 2401 πιστὸς,καὶ
779 2367 814 2394 ὲν
820 2366 925 2400 πολλῷ

129 2416 248 2449 πιστός.
257 2415 343 2447 Αὐτὸς
356 2415 404 2450 μὲν
417 2412 474 2446 οὖν,
485 2414 577 2447 καθὼς
590 2414 638 2441 καὶ
650 2414 829 2450 προείπομεν,
845 2411 921 2448 ἀφώ-

131 2463 189 2498 ριζε
208 2462 242 2488 τὰ
257 2463 343 2489 οἰκεῖα
358 2461 398 2497 τῷ
411 2461 498 2496 λόγῳ,
517 2460 554 2487 τὰ
566 2462 654 2487 οίκεία
667 2460 708 2496 τῷ
721 2459 817 2496 θυμῷ,
834 2459 870 2486 τὰ
884 2460 923 2486 ol-

129 2509 193 2536 κεῖα
205 2509 239 2544 τῇ
255 2507 403 2543 ἐπιθυμίᾳ·
419 2507 450 2534 τὸ
465 2507 494 2533 δέ
516 2508 575 2533 ἐστι
585 2526 593 2538 ,
607 2507 644 2534 Σὺ
665 2507 746 2538 αὐτὸς
771 2505 809 2542 μὴ
831 2505 921 2538 ἄλλον,

130 2554 199 2582 ἀλλὰ
220 2554 332 2581 σεαυτὸν
347 2553 454 2589 διόροου
469 2553 517 2580 καὶ
530 2553 611 2580 τάττε
621 2572 629 2584 ,
655 2552 716 2580 καθ’
735 2552 856 2588 ἑκάστην
869 2551 922 2587 ψυ-

130 2601 212 2637 χικὴν
222 2600 336 2636 δύναμιν
347 2599 449 2635 ἑκάστῃ
463 2599 565 2626 τούτων
576 2599 611 2625 τὰ
625 2599 684 2625 κατ’
702 2598 780 2630 ἀξίαν
794 2597 922 2634 ἀφοριζό-

133 2655 223 2683 μενος.
244 2647 289 2673 Σοὶ
303 2646 331 2672 δὲ
349 2646 375 2672 οἱ
390 2645 524 2678 διάκονοι,
540 2644 677 2676 κάκείνοις
690 2645 715 2670 οἱ
731 2644 921 2680 πρεσϐύτεροι,

131 2692 179 2720 καὶ
192 2691 298 2723 τούτοις
310 2691 334 2717 οἱ
350 2690 476 2726 ίεράρχαι
487 2710 495 2721 ,
514 2690 560 2717 καὶ
582 2691 638 2720 τοῖς
655 2689 797 2725 ἱεράρχαις
812 2690 837 2715 oi.
854 2689 923 2715 ἀπό-

133 2737 232 2770 στολοι,
251 2736 297 2763 καὶ
311 2737 334 2762 el
349 2736 402 2762 τῶν
414 2735 570 2762 ἀποστόλων
580 2734 697 2770 διάδοχοι
707 2734 779 2770 (100)
791 2743 798 2749 ·
815 2733 856 2760 ἔτι
869 2734 923 2770 γὰρ

132 2782 203 2819 ἦσαν
216 2784 246 2809 ὲν
260 2783 355 2818 κόσμῳ
377 2782 423 2809 καί
439 2791 512 2814 τινες
524 2781 579 2808 τῶν
592 2781 758 2812 ἀποστόλων,
774 2781 821 2807 καὶ
838 2780 925 2807 διάδο-

133 2837 176 2865 χοι
198 2829 264 2864 παρ’
284 2828 396 2854 ἐκείνων
415 2827 579 2863 ταχθέντες·
604 2827 649 2854 καὶ
671 2826 924 2862 ἐπανορθωθήσεται

189 2912 202 2926 ι
220 2906 296 2934 Deut.
315 2915 369 2939 xvt,
385 2905 431 2934 20.

975 2321 1023 2341 sus
1039 2313 1092 2340 alia
1109 2311 1340 2346 concupiscentia
1354 2310 1488 2337 tribuens.
1507 2308 1585 2342 Quod
1598 2308 1692 2343 utique
1704 2308 1763 2335 fieri

975 2367 1030 2388 non
1047 2359 1127 2386 aliter
1144 2359 1242 2394 possit,
1260 2361 1291 2385 ut
1313 2356 1528 2391 unumquodque
1541 2355 1669 2382 decenter
1685 2355 1720 2382 ab
1734 2363 1765 2382 se

974 2407 1091 2434 invicem
1109 2408 1268 2440 separetur,
1293 2403 1348 2432 nisi
1365 2403 1424 2438 ipsa
1442 2403 1471 2429 in
1495 2401 1594 2437 primis
1618 2402 1687 2428 ratio
1703 2409 1763 2428 mo—

973 2451 1040 2478 dum
1065 2449 1225 2486 pratscribat
1247 2457 1278 2477 se
1302 2448 1499 2479 inferioribus,
1518 2450 1566 2475 ira:
1590 2447 1720 2474 nimirum
1737 2451 1764 2474 et

973 2497 1213 2533 concupiscentiae.
1235 2495 1318 2532 269
1339 2495 1427 2522 Simul
1449 2494 1526 2522 dicto
1545 2493 1651 2522 inducit
1671 2500 1765 2521 exem-

973 2545 1064 2580 plum;
1081 2552 1145 2572 nam
1160 2543 1231 2571 ratio
1245 2543 1336 2570 locum
1353 2542 1496 2577 vicemque
1511 2541 1618 2568 obtinet
1639 2539 1743 2567 domini
1754 2557 1762 2571 ,

974 2591 1142 2627 presbyteri,
1167 2590 1254 2625 patris
1270 2599 1278 2617 :
1293 2589 1335 2616 ira
1361 2592 1451 2616 autem
1477 2592 1505 2615 et
1527 2585 1761 2622 concupiscentia,

974 2637 1200 2673 servi,junioris,
1221 2636 1280 2663 filii.
1307 2635 1404 2663 Nonne
1425 2635 1487 2669 jura
1505 2633 1614 2669 pietatis
1636 2631 1764 2662 omisisse

974 2685 1061 2713 videri
1076 2684 1237 2716 debeamus,
1252 2683 1386 2718 siquidem
1404 2682 1433 2708 in
1455 2681 1515 2708 foro
1534 2680 1674 2713 contingat
1695 2685 1764 2712 prte-

975 2732 1122 2759 stantiores
1137 2731 1208 2758 male
1222 2730 1293 2757 afﬁci
1317 2729 1436 2757 violenta
1453 2726 1633 2761 impressione
1649 2723 1764 2750 inferio-

975 2787 1051 2812 rum;
1067 2785 1118 2806 nec
1131 2777 1240 2805 interim
1256 2774 1492 2812 prmstantioribus
1503 2771 1648 2799 tulerimus
1663 2776 1763 2804 suppe~

973 2825 1027 2853 tias
1050 2825 1091 2854 sic
1115 2824 1229 2859 indigne
1244 2822 1386 2859 acceptis?
1409 2819 1450 2848 Ad
1473 2819 1530 2846 haec
1546 2817 1604 2845 acri
1621 2815 1762 2851 enthyme¢
