1940 3064
221 132 273 160 ιιδ

642 138 811 168 APPENDIX
830 142 877 169 AD
894 143 1009 172 OPERA
1028 145 1056 174 S.
1068 146 1217 178 DIONYSH
1230 150 1471 182 AREOPAGlT/E.

1797 162 1840 190 ιτα

219 195 293 219 male
309 193 408 220 utitur:
425 195 506 222 etiam
519 197 540 223 si
557 197 602 232 qui
620 200 747 233 pmsenti
765 200 824 228 loco
841 201 982 230 inducunt:

1033 205 1043 234 δ
1059 205 1174 241 ⁷ἐκαειτος
1188 210 1262 246 παρὰ
1280 213 1334 240 τῶν
1349 213 1491 248 ὁμοταγῶν
1514 215 1609 250 ἁγίων,
1632 218 1677 244 καὶ
1701 219 1751 245 οὐκ
1773 219 1840 246 ἀντι-

220 239 375 273 inferiores,
391 242 460 270 forte
473 251 488 270 a
502 246 704 279 potentioribus
721 249 827 282 priores
845 257 1006 286 acceperant

219 285 358 320 iniuriam.
377 287 430 316 Sed
455 294 482 317 et
502 291 547 318 hic
564 293 675 327 quinam
693 295 763 321 ratio
776 296 829 323 diei
848 285 936 331 possit
957 300 1005 326 ad—

217 341 326 361 versum
349 343 379 362 se
396 336 526 364 inferiora
547 338 715 374 delinquere,
734 341 804 368 iram
819 343 880 370 dico
896 348 923 371 et
939 353 1001 372 con.

216 380 414 414 cupiscentiam
427 383 438 408 ?
451 382 517 410 Nam
539 386 650 419 quando
666 388 725 422 ipsa
747 389 880 417 adnititur
902 393 1004 426 princi-

216 431 309 460 patum
323 428 442 456 retinere
462 429 513 456 sibi
535 429 582 458 Dei
597 439 710 461 munere
735 434 889 470 indultum;
907 446 1003 472 perur-

214 478 293 507 getur
316 477 405 502 tamen
434 475 468 502 ab
495 476 539 504 his
565 485 600 504 ne
625 487 676 506 suo
689 480 752 515 jure
778 482 862 510 libere
892 488 1000 519 utatur;

214 517 309 553 injusti
336 524 410 548 certe
432 529 498 554 nos,
520 523 567 558 qui
589 532 644 551 non
665 529 786 561 tempore
810 531 1001 560 contendimus

212 571 293 598 opem
309 564 380 593 ferre
403 567 539 596 laboranti
563 571 673 599 rationi.
691 572 757 600 Jure
775 575 868 610 itaque
883 577 1000 606 eximius

213 609 257 637 ille
274 610 376 639 Paulus
393 613 536 642 Timotheo
544 616 628 644 edicit
643 626 690 652 per
700 609 854 654 epistolam,
867 631 901 650 ne
918 632 998 658 quem

211 657 368 689 pronuntiet
381 657 510 688 Ecclesiae
524 663 643 696 primatu
657 664 767 699 digituli)
776 687 784 698 ,
797 667 844 702 qui
857 676 910 695 non
923 657 999 704 prius

210 701 284 728 norit
300 710 356 731 sua:
372 704 465 733 domui
484 706 603 742 legitime
622 717 738 744 praeesse
755 717 774 741 '.
797 713 866 741 Huic
887 720 998 744 senten-

208 745 253 772 tia
268 747 382 781 pulchre
399 750 545 779 admodum
565 753 657 782 divina
668 757 817 785 concinunt
831 759 994 795 Evangelia:

208 792 261 825 Qui
283 794 309 821 in
328 796 428 824 modico
448 798 535 832 ﬁdelis
551 820 558 832 ,
580 806 604 828 ei
629 803 655 829 in
679 805 762 832 multo
792 807 878 840 ﬁdelis
894 792 919 836 P‘.
936 808 996 844 Ipse

207 847 282 871 vero,
299 841 381 869 sicuti
398 845 592 878 praemisimus,
606 856 666 882 quae
680 851 790 886 proprie
805 853 915 886 rationi,
934 863 995 890 qua

205 886 253 913 ine
270 888 444 922 peculiariter
456 896 614 927 competunt
625 900 651 922 ct
666 898 905 932 concupiscentiae,
922 909 994 929 scor-

205 932 257 958 sim
273 940 322 960 sua
335 935 434 970 cuique
451 938 544 964 munia
560 942 809 974 praescribitozhoc
824 951 876 978 est,
892 951 919 974 tu
935 948 993 983 ipse

204 984 239 1004 ne
255 977 339 1005 alium
348 981 507 1014 quemlibet,
519 984 605 1019 magis
620 991 710 1014 autem
727 991 753 1015 te
763 989 852 1023 ipsum
866 992 899 1018 ad
910 994 992 1021 recli-

204 1023 324 1052 turlinem
350 1026 412 1054 vita:
438 1029 618 1066 ordinemque
640 1040 757 1067 revoca,
776 1036 854 1070 juxta
870 1039 992 1074 singulas

203 1070 301 1098 anima:
327 1076 380 1100 tuac
401 1075 473 1102 vires
502 1077 601 1113 cuique
624 1087 740 1114 earum,
764 1084 837 1117 quod
860 1091 990 1120 meretur,

202 1123 328 1144 seorsum
345 1119 516 1154 impertiens.
534 1123 595 1152 Tibi
608 1125 718 1154 interim
734 1129 842 1157 diaconi
857 1132 917 1159 vita:
933 1133 989 1161 for-

201 1163 304 1190 mulam
318 1167 509 1200 praescribant,
527 1169 582 1197 illis
601 1171 666 1199 item
681 1175 844 1211 presbyteri,
862 1178 905 1206 his
922 1187 989 1214 pon-

200 1208 300 1241 tiﬁces,
324 1212 500 1245 pontificibus
524 1217 658 1250 apostoli,
675 1208 771 1254 nequev
780 1229 834 1248 non
850 1208 989 1257 apOstolo-

199 1263 260 1282 rum
278 1264 462 1287 successores.
479 1260 509 1288 ln
529 1263 631 1291 mundo
650 1265 785 1299 siquidem
801 1269 987 1303 apostolorum

199 1302 326 1329 nonnulli
342 1305 504 1338 superstites
520 1307 612 1335 adhuc
627 1314 720 1344 erant;
735 1311 782 1339 sed
798 1302 826 1340 et
841 1321 894 1340 non
907 1315 986 1350 pauci

199 1349 358 1379 apostolica:
374 1349 524 1380 functionis
545 1361 722 1384 successores
735 1357 770 1385 ab
783 1358 837 1386 illis
850 1360 984 1394 ordinati,

197 1396 280 1427 atque
294 1395 332 1421 ita
346 1395 466 1431 legitime
481 1399 590 1427 tandem
605 1403 793 1438 unusquisque
810 1406 842 1432 ad
864 1406 985 1435 ofﬁcium

196 1441 370 1469 revocabitur
395 1450 410 1470 a
435 1445 477 1471 sui
500 1445 606 1474 ordinis
631 1449 749 1482 sanctis;
767 1451 814 1478 sed
831 1459 920 1488 neque
941 1453 984 1481 in-

195 1489 312 1515 vcrtitur
337 1497 427 1517 rerum
446 1492 524 1520 ordo.
546 1492 609 1521 Haec
626 1499 680 1522 tam
695 1498 781 1524 multa
796 1498 845 1525 tibi
862 1507 895 1527 eo
909 1499 982 1529 dicta

195 1533 262 1566 sint,
275 1538 305 1561 ut
314 1536 429 1570 teipsum
438 1537 557 1572 primum
567 1542 687 1572 noveris.
701 1541 799 1571 deinde
811 1547 887 1571 tuum
897 1546 982 1580 ipsius
995 1555 1016 1585 ε

194 1580 329 1608 ordinem.
345 1581 382 1610 De
399 1583 445 1610 illa
462 1588 553 1611 autem
569 1590 614 1613 tua
632 1587 659 1614 in
671 1593 840 1622 peccatorem
857 1591 983 1619 immani-

193 1630 259 1659 tate,
277 1635 331 1655 non
343 1629 409 1656 satis
420 1629 554 1666 intelligo,
567 1640 621 1666 quo
634 1640 693 1660 eam
708 1635 817 1669 planctu
831 1637 980 1673 deplorem,

192 1674 353 1708 prophetam
370 1675 506 1710 imitatus,
526 1678 720 1707 contritionem
742 1689 871 1717 perquam
888 1684 981 1713 dilecti

191 1720 346 1749 christiani.
362 1721 449 1757 Cujus
469 1724 541 1751 enim
557 1726 645 1760 gratia
664 1734 679 1753 a
695 1727 774 1756 nobis
789 1731 891 1758 ascitus
908 1739 937 1758 es
953 1731 980 1759 in

190 1766 314 1795 ordinem
332 1769 469 1797 cultorum
488 1770 553 1804 Dei,
580 1772 685 1801 alienus
702 1782 764 1801 cum
779 1784 855 1804 esses
876 1777 910 1805 ab
928 1778 979 1807 hac

191 1817 285 1841 nostra
301 1815 434 1850 religione
445 1817 456 1843 ?
467 1816 670 1852 Tcmpestivum
685 1819 741 1854 jam
761 1820 852 1854 fuerit,
868 1825 978 1858 quando

189 1863 217 1887 te
238 1860 319 1887 talem
342 1861 471 1893 exhibes,
496 1867 526 1889 ut
548 1862 631 1890 Deum
654 1865 754 1898 alium,
772 1867 841 1894 alios
864 1868 977 1904 insuper

189 1906 347 1934 sacerdotes
375 1908 518 1942 perquiras
540 1918 546 1936 :
574 1909 668 1945 sicque
683 1911 755 1946 apud
770 1913 831 1941 illos
848 1915 976 1944 ell'eratus

188 1951 331 1985 desaevias,
350 1957 397 1980 aut
421 1954 509 1981 sacris
524 1954 632 1983 inilicre
645 1961 671 1983 et
684 1958 845 1991 perﬁciaris.
861 1961 974 1991 Nescius

186 1998 254 2025 mihi
272 1998 379 2033 videre,
396 2008 478 2035 quam
496 2001 524 2028 in
537 2005 643 2036 partem
658 2010 766 2037 pecces.
779 2007 826 2040 qui
839 2010 866 2034 te
879 2009 975 2036 existi-

186 2051 245 2071 mas
257 2044 357 2072 acriter
370 2053 426 2073 rem
441 2047 595 2082 perspicere
609 2057 671 2076 cum
687 2058 781 2078 revera
797 2051 865 2078 nihil
883 2053 973 2082 minus

185 2092 224 2118 sis
236 2099 317 2126 quam
333 2092 438 2120 videns.
452 2093 534 2129 270
549 2093 696 2131 Obstupuit
710 2096 809 2124 coelum
818 2106 901 2132 super
909 2099 970 2133 hoc,

182 2136 261 2170 juxta
281 2136 430 2165 Jeremireq
447 2140 604 2174 oraculum;
629 2142 677 2169 sed
697 2146 724 2169 et
748 2142 805 2177 ipse
828 2144 968 2172 exhorrui.

183 2182 261 2215 Quod
276 2183 303 2210 ni
316 2187 377 2212 tuas
389 2185 495 2213 litteras
505 2187 685 2222 excepissem,
698 2189 852 2217 nullatenus
865 2190 968 2218 fueram

1059 255 1243 290 πραφήσεται
1267 259 1282 293 ή
1305 258 1390 291 τάξις.
1417 261 1543 288 Τοσαῦτά
1564 271 1604 290 σοι
1625 264 1660 291 τὰ
1682 267 1747 301 παρ’
1771 268 1839 303 ἡμῶν

1057 300 1127 336 ὑπὲρ
1141 302 1188 329 τοῦ
1203 303 1302 331 ειδέναι
1323 307 1438 334 σεαυτὸν
1452 308 1499 335 καὶ
1518 309 1568 344 τὴν
1594 310 1662 338 ἰδίαν
1676 300 1763 345 τάξιν.
1780 300 1839 350 ᾗερὶ
1869 336 1873 339 .

1055 346 1082 373 δὲ
1098 348 1148 383 τῆς
1162 350 1202 381 εἰς
1221 350 1268 378 τὸν
1292 352 1452 388 ἁμαρτωλὸν
1474 355 1670 392 ἀπανθρωπίας
1682 379 1689 390 ,
1715 360 1764 386 οὐκ
1787 346 1839 387 οἶδα

1055 392 1115 424 πῶς
1127 394 1279 431 κλαύσομαι
1299 400 1477 434 προφητικῶς
1492 401 1523 427 τὸ
1540 402 1696 440 σύντριμμα
1713 405 1759 432 τοῦ
1775 406 1837 440 ἀγα-

1055 439 1141 474 πητοῦ
1170 443 1327 477 χριστιανοῦ
1344 453 1350 459 ”
1379 445 1460 481 χάριν
1491 447 1545 484 γὰρ
1573 449 1646 482 τίνος
1674 451 1837 488 θεραπευτής

1053 485 1169 521 ἐτάχθης
1193 489 1258 524 παρ’
1282 490 1377 525 ἡμῶν,
1402 491 1541 528 ἀλλότριος
1563 493 1600 521 ὢν
1623 495 1673 531 τῆς
1694 485 1835 534 καθ“ήμίές

1053 529 1214 565 θεραπείας;
1230 533 1283 559 Καὶ
1303 534 1364 560 ἐπεὶ
1379 536 1500 568 τοιοῦτος
1514 535 1554 569 εἴ,
1569 538 1627 574 ὥρα
1645 549 1686 567 σοι
1707 542 1754 568 καὶ
1774 543 1834 570 Θεὸν

1052 577 1098 602 καὶ
1111 577 1200 613 ἱερέας
1211 579 1320 614 ἐτέρους
1331 580 1432 616 ζητεῖν,
1448 583 1486 614 ὡς
1499 584 1532 610 ἂν
1547 584 1684 622 θηριωθῇς
1695 589 1759 624 παρ’
1769 590 1834 616 ὲκεί-

1051 630 1103 648 νων
1117 622 1136 658 ἢ
1148 623 1277 660 τελεσθῇς
1291 624 1329 660 (ll)
1339 647 1345 659 ,
1362 626 1424 653 οὔτε
1440 628 1518 660 εἰδὼς
1532 630 1562 657 ἐν
1578 630 1632 657 τίνι
1647 622 1831 667 προσκδπτεις,

1050 667 1096 693 καὶ
1110 668 1232 703 οἰόμενος
1253 669 1372 705 βλέπειν,
1393 672 1500 708 ἀληθῶς
1513 676 1543 702 οὺ
1562 675 1676 710 βλέπων.
1700 679 1804 716 Ἐξέστη
1819 682 1832 707 ὁ

1048 713 1162 748 οὐρανὸς
1177 715 1223 741 ἐπὶ
1237 716 1334 752 τούτῳ,
1356 718 1428 746 κατὰ
1440 720 1487 747 τὸν
1509 721 1654 758 Ἱερεμίαν,
1682 725 1728 751 καὶ
1742 725 1832 761 ἔφριξα

1048 759 1112 793 ἐγώ.
1130 760 1185 787 Καὶ
1199 762 1223 788 εί
1243 763 1280 798 μὴ
1303 764 1338 790 τὰ
1360 764 1394 791 σά
1415 766 1567 802 γράμματα
1582 769 1725 807 ἐδεξάμην,
1740 759 1788 799 οὐκ
1801 773 1832 800 ἂν

1048 806 1133 842 ἑτέρῳ
1149 807 1261 834 τοιαῦτα
1280 810 1344 845 περὶ
1358 811 1404 838 σοῦ
1425 811 1530 846 λέγοντι
1549 806 1708 843 ὲπίστευονῬ
1724 818 1764 844 ὅτι
1784 820 1832 854 Δη-

1048 851 1158 886 μόφιλος
1173 853 1219 879 καὶ
1235 853 1280 881 τὸν
1303 855 1370 882 Θεὸν
1391 857 1598 894 ἀφιλάνθρωπον
1616 862 1663 888 καὶ
1678 863 1772 890 ἑαυτὸν
1795 851 1830 900 μὴ

1044 897 1146 925 δεῖσθαι
1160 898 1250 931 ἐλέους
1267 900 1352 928 οἴεται
1362 923 1369 935 ,
1385 903 1431 929 καὶ
1445 905 1509 936 τοὺς
1523 905 1604 940 ἱερεῖς
1617 907 1828 943 ἀποχειροτονεῖ·

1043 942 1100 968 ἀλλ’
1125 944 1139 970 ὁ
1163 945 1301 981 Δεσπότης
1322 947 1439 983 Χριστὸς
1460 950 1612 978 καὶταῦτα
1633 942 1831 990 κεχωρισμένος

1040 988 1095 1016 ἀπὸ
1107 990 1161 1017 τῶν
1177 992 1362 1028 ἁμαρτωλῶν,
1388 994 1558 1030 (Ἀμαρτίαν
1579 999 1635 1034 γὰρ
1659 988 1714 1027 οὐκ
1733 988 1830 1036 ἐποίη.

1041 1043 1106 1067 σεν,
1128 1036 1199 1064 οὐδὲ
1220 1038 1326 1073 εὑρέθη
1348 1039 1439 1074 δόλος
1458 1042 1494 1069 ἐν
1512 1043 1553 1076 τῷ
1567 1045 1690 1079 στόματι
1709 1048 1828 1085 αὐτοῦ’)

1039 1082 1086 1108 καὶ
1099 1082 1149 1117 τὴν
1164 1083 1218 1110 τῶν
1235 1085 1380 1120 προϐάτων
1405 1090 1585 1126 ποιμαντικὴν
1599 1091 1698 1128 δεῖγμα
1721 1095 1770 1130 τῆς
1789 1082 1829 1128 εἰς

1039 1128 1134 1155 ἑαυτὸν
1150 1129 1261 1166 ἀγάπης
1282 1134 1413 1160 ποιεῖται’
1430 1135 1477 1161 καὶ
1491 1135 1537 1162 τὸν
1553 1138 1590 1173 μὴ
1606 1139 1721 1173 ἀφιέντα
1741 1128 1829 1176 δλίγον

1037 1173 1077 1208 τῷ
1093 1176 1234 1212 συνοικέτῃ
1248 1177 1334 1205 πολλὰ
1347 1179 1474 1214 ἀφεθέντι
1488 1184 1605 1218 πονηρὸν
1618 1185 1766 1220 ἀποκαλεῖ,
1782 1190 1829 1216 καὶ

1037 1219 1137 1247 δικαιοῖ
1151 1221 1204 1248 τῶν
1219 1223 1329 1252 οἰκείων
1344 1225 1500 1260 ἀπολαύειν,
1517 1228 1639 1265 δηλονότι
1654 1233 1701 1259 τοῦ
1718 1235 1828 1269 σκότους

1037 1266 1084 1292 καὶ
1099 1267 1148 1302 τῆς
1162 1270 1296 1305 τιμωρίας
1307 1270 1344 1306 (2)
1355 1280 1361 1285 ·
1376 1272 1463 1300 ταῦτα
1475 1273 1529 1310 γὰρ
1543 1276 1631 1303 οἰκεῖα
1643 1278 1682 1313 τῷ
1699 1266 1825 1317 πονηρῷζ

1037 1311 1119 1344 αὑτός
1134 1313 1218 1346 ἔστιν,
1235 1314 1265 1346 ὃς
1281 1316 1327 1342 καὶ
1343 1317 1414 1354 ὑπὲρ
1429 1319 1483 1346 τῶν
1500 1322 1689 1356 σταυρούντων
1706 1327 1826 1362 προσηύ-

1035 1365 1107 1393 χετο.
1133 1359 1265 1396 Ἐπετίμα
1287 1362 1315 1389 δὲ
1336 1364 1383 1390 καὶ
1399 1366 1456 1397 τοῖς
1471 1366 1605 1402 μαθηταῖς
1621 1370 1692 1396 κατά
1704 1359 1757 1397 τῶν
1775 1359 1827 1399 2e-

1036 1406 1171 1440 μαρειτῶν
1191 1406 1317 1441 λέγουσι,
1342 1409 1432 1441 καθὼς
1456 1413 1503 1438 καὶ
1525 1414 1553 1440 ὲν
1575 1415 1614 1450 τῷ
1630 1416 1701 1443 κατά
1720 1418 1826 1446 Λουκᾶν

1034 1449 1104 1485 ἀγίῳ
1129 1451 1287 1488 Εὑαγγελίῳ
1309 1454 1485 1490 γέγραπταμ
1515 1458 1569 1485 Καὶ
1599 1449 1653 1495 γὰρ
1681 1461 1696 1487 ὁ
1723 1462 1827 1498 Κύριος

1034 1496 1102 1532 πρὸς
1123 1497 1221 1529 αὐτοῦς
1236 1507 1317 1534 φησιν
1332 1508 1338 1514 ·
1354 1501 1414 1528 Οὐκ
1429 1501 1528 1529 οἴδατε
1543 1505 1632 1532 ποίου
1655 1496 1826 1543 πνεύματός

1032 1543 1114 1576 ἐστε,
1128 1543 1248 1579 δηλονότι
1265 1546 1329 1582 ποίᾳ
1347 1547 1439 1583 χάριτι
1453 1548 1602 1578 διακονεῖτε
1613 1552 1660 1587 (5).
1676 1554 1711 1579 Σὺ
1728 1554 1750 1580 δ’
1767 1556 1825 1583 ἄνω

1032 1588 1080 1615 καὶ
1101 1589 1177 1616 κάτω
1200 1590 1340 1626 θρυλλεῖς,
1363 1593 1401 1626 ὡς
1423 1594 1468 1621 τὸν
1491 1595 1557 1623 Θεὸν
1580 1597 1754 1635 ἐξεδίκησας,
1779 1601 1825 1629 διὰ

1031 1635 1130 1668 κακίας
1146 1637 1192 1663 τὸν
1208 1637 1317 1672 ἀγαθόν·
1336 1639 1436 1674 ἄπαγε.
1461 1641 1489 1667 '0
1503 1642 1648 1679 ἀρχιερεὺς
1663 1646 1741 1681 ἡμῶν
1755 1648 1825 1684 Χρι-

1032 1681 1094 1713 στὸς
1107 1701 1114 1714 ν
1131 1682 1235 1714 ἄκακος
1246 1703 1253 1715 ,
1271 1684 1360 1720 πραῢς
1370 1705 1377 1717 ν
1399 1686 1511 1721 ἱλασμός
1533 1689 1590 1715 ἐστι
1605 1691 1668 1725 περ’ι
1684 1691 1738 1718 τῶν
1752 1681 1826 1728 ἦρξ’

1029 1727 1116 1762 τέρων
1131 1729 1283 1764 ἁμαρτιῶν.
1308 1730 1403 1758 Τοίνυν
1421 1733 1473 1760 οὐκ
1494 1734 1680 1771 ἀποδεξόμεθά
1700 1745 1746 1763 σου
1764 1727 1824 1772 τὰς

1029 1772 1183 1807 ἀζηλώτους
1203 1775 1309 1810 ὁρμὰς,
1324 1777 1348 1802 εί
1366 1777 1412 1804 καὶ
1429 1779 1557 1811 πολλάκις
1575 1781 1713 1818 προϐάλλῃ
1729 1784 1776 1810 τόν
1790 1793 1823 1811 τε

1030 1816 1125 1844 Ἠλίαν
1151 1820 1198 1846 καὶ
1220 1820 1266 1848 τὸν
1286 1821 1395 1856 Φινεὲς,
1420 1823 1515 1858 λέγων,
1543 1826 1583 1852 ὅτι
1612 1828 1671 1853 κατ’
1698 1816 1824 1862 ἐκείνους

1027 1864 1157 1900 ἐποίησας
1168 1873 1174 1879 ·
1192 1865 1251 1892 οὐδὲ
1267 1867 1320 1903 γὰρ
1339 1869 1472 1903 ἠρέσκετο
1485 1871 1499 1896 ὁ
1514 1871 1616 1907 Κύριος
1637 1872 1744 1907 λέγουσι
1761 1884 1822 1903 τοι-

1026 1908 1095 1936 αῦτα
1111 1910 1281 1946 ἀπάνθρωπα
1297 1915 1352 1946 τοῖς
1370 1914 1411 1941 ἔτι
1428 1915 1571 1952 ἀμετόχοις
1585 1919 1633 1944 τοῦ
1658 1920 1823 1957 Πνεὺματος

1027 1957 1170 1993 μαθηταῖς.
1181 1958 1384 1988 Τοῦτοδὲεῖπεν
1396 1963 1410 1988 ὁ
1421 1963 1515 1999 Πατὴρ
1533 1965 1599 2000 πρὸς
1606 1965 1636 1992 τὸ
1650 1967 1750 1994 τέλειον
1766 1970 1822 2004 τῆς

1024 2003 1127 2039 δωρεᾶς
1146 2004 1258 2038 ἀπιδὼν,
1272 2004 1307 2042 ἧς
1331 2007 1426 2035 ἔλαϐον
1444 2010 1512 2044 μετὰ
1525 2010 1574 2046 τὴν
1590 2012 1736 2040 ἀνάστασιν
1747 2023 1753 2029 ·
1770 2003 1821 2048 γέ-

1024 2058 1144 2085 γραπται
1156 2051 1211 2087 γάρ
1222 2061 1228 2066 ·
1249 2053 1335 2080 Οὔπω
1350 2053 1517 2094 ἧνΠνξῦμα
1531 2057 1626 2092 ἅγιον,
1636 2059 1677 2086 ὅτι
1694 2061 1820 2095 Ἰησοῦς

1022 2095 1104 2122 οὔπω
1117 2096 1276 2132 ἐδοξάσθη.
1286 2098 1461 2128 Διδάσκέσθαι
1476 2102 1503 2128 δὲ
1516 2103 1585 2139 χρὴ,
1600 2105 1646 2131 καὶ
1654 2106 1683 2132 οὐ
1700 2107 1819 2140 κολάζεο

1022 2141 1082 2168 σθαι
1096 2142 1159 2174 τοὺς
1174 2143 1347 2178 ἀγνοοῦντας,
1363 2145 1456 2183 ὥσπερ
1469 2149 1514 2175 καὶ
1524 2150 1639 2184 τυφλοὺς
1649 2152 1815 2189 ὑδηγοῦμεν,

1020 2189 1050 2215 οὐ
1058 2188 1215 2225 κολάζομεν.
1225 2191 1342 2226 Κόῤῥην
1351 2192 1378 2219 δέ
1386 2201 1456 2224 τινες
1466 2194 1514 2230 μὲν
1521 2195 1566 2222 τὸν
1575 2197 1708 2232 κρόταφόν
1717 2207 1814 2233 φασιν·

182 2229 260 2256 alteri
273 2228 350 2256 Iidem
369 2231 513 2259 habiturus
529 2236 583 2259 tam
606 2233 714 2269 indigna
733 2235 767 2262 de
783 2239 809 2264 te
823 2236 967 2265 referenti:

1034 2243 1084 2261 νιοι
1091 2235 1128 2268 δὲ,
1139 2236 1189 2271 τὴν
1201 2236 1419 2270 γνάθον-Βέλτιον
1430 2239 1457 2266 δὲ
1465 2228 1510 2267 τὸν
1518 2228 1652 2277 κρόταφον
1660 2228 1815 2282 λέγειν.Μὴ

182 2274 246 2308 quia
262 2275 388 2304 videlicet
402 2276 577 2312 Demophilus
594 2278 678 2306 Deum
693 2281 802 2315 quidem
821 2283 970 2309 arbitrare-

182 2326 226 2348 tur
241 2328 305 2356 erga
319 2331 370 2350 nos
391 2331 453 2350 esse
468 2324 670 2358 inclementem,
687 2334 717 2354 se
728 2332 818 2355 autem
835 2329 904 2356 nihil
921 2330 970 2357 ha-

182 2366 245 2394 bere
259 2375 327 2402 opus
350 2368 396 2396 Dei
418 2370 614 2406 miseratione;
636 2373 669 2399 ad
689 2373 762 2406 haec,
788 2374 862 2403 illius
886 2377 967 2403 etiam

181 2413 337 2441 sacerdotes
351 2414 444 2449 dejicit
468 2417 565 2451 gradu.
593 2417 728 2446 Cmterum
756 2419 888 2449 Dominus
909 2422 968 2457 ipse

180 2457 317 2489 Christus,
334 2459 417 2493 idque
432 2468 493 2487 cum
512 2467 585 2489 esset
599 2471 613 2495 a
630 2465 820 2498 peccatoribus
836 2474 966 2502 segrege-

180 2508 223 2530 tus
238 2503 384 2538 (peccatum
400 2506 469 2532 enim
484 2506 587 2533 nullum
609 2509 734 2542 admisit,
751 2519 832 2546 neque
846 2512 964 2540 inventus

178 2548 254 2576 dolus
274 2550 303 2576 in
318 2558 362 2577 ore
376 2552 432 2585 ejus
445 2553 493 2588 ¹³),
511 2557 651 2582 strenuam
673 2563 706 2582 ac
731 2557 890 2592 pervigilem
914 2566 963 2593 pa—

177 2597 340 2623 scendarum
351 2598 442 2625 ovium
458 2606 569 2626 suarum
582 2601 845 2630 administrationem
857 2603 963 2632 illustre

175 2649 237 2669 esse
249 2648 450 2678 argumentum,
466 2650 548 2680 atque
562 2647 673 2675 evidens
684 2649 760 2676 ducit
780 2655 881 2677 nostrae
898 2658 962 2686 erga

176 2695 205 2715 se
216 2687 379 2717 dilectionis.
395 2689 447 2718 Sed
464 2694 492 2718 et
505 2699 578 2724 eum,
595 2693 641 2728 qui
655 2701 688 2721 ne
704 2694 840 2722 tantillum
851 2695 959 2730 quidem

174 2733 313 2762 dimittere
326 2736 413 2763 voluit
434 2745 577 2771 conservo,
600 2739 644 2766 cui
669 2743 723 2766 tam
746 2741 832 2768 multa
856 2741 958 2776 alioqui

173 2779 287 2808 dimissa
305 2780 421 2816 fuerant,
437 2791 555 2819 nequam
577 2793 609 2813 ac
627 2786 757 2814 malitiosi
773 2787 882 2815 nomine
901 2791 959 2815 tra-

1018 2282 1117 2314 τοίνυν,
1133 2283 1283 2318 παρακαλῶ
1299 2284 1381 2319 ὑμᾶς,
1393 2285 1553 2322 βλάπτωμεν
1564 2297 1570 2303 ·
1580 2289 1658 2315 τοῦτο
1671 2290 1726 2326 γὰρ
1739 2300 1815 2327 παρ-

1018 2328 1152 2363 οιμιωδῶς
1166 2329 1249 2364 λέγει,
1266 2330 1351 2357 ὠθεῖν
1365 2332 1428 2359 καθ’
1448 2333 1563 2361 ἑαυτῶν
1580 2338 1613 2364 τὸ
1623 2336 1719 2370 ξίφος.
1729 2339 1815 2366 Μετὰ

1018 2374 1104 2401 ταῦτά
1118 2383 1212 2410 φησιν,
1227 2373 1269 2402 οἷα
1284 2377 1461 2406 ἐπακολουθεῖ
1475 2381 1532 2412 τοῖς
1545 2381 1646 2408 ἀδικεῖν
1661 2383 1676 2418 ῆ
1693 2385 1809 2420 εὐεργε-

1018 2422 1074 2447 τεῖν
1091 2429 1167 2453 τινας
1184 2421 1354 2458 βουλομένοις
1364 2444 1372 2456 ,
1389 2425 1439 2452 κᾶν
1457 2425 1494 2462 μὴ
1512 2427 1580 2463 πρὸς
1593 2427 1672 2463 ἔργον
1686 2429 1812 2464 ἤνεγκαν

1017 2467 1034 2493 ἃ
1051 2467 1260 2495 ἐϐουλεύσαντο·
1285 2470 1407 2502 ἐκείνους
1428 2471 1499 2507 γὰρ,
1523 2473 1621 2509 δηλαδὴ
1644 2474 1691 2507 οὓς
1710 2477 1811 2512 προεί-

1016 2512 1092 2540 λοντο
1114 2513 1243 2549 ἀδικῆσαι
1267 2515 1283 2550 ἢ
1304 2516 1498 2552 εὐεργετῆσαι,
1519 2519 1550 2544 οὐ
1572 2519 1693 2554 πάντως,
1718 2524 1809 2559 φησὶ.

1015 2558 1142 2594 διέθηκαν
1157 2559 1249 2593 καθὼς
1271 2561 1476 2597 ἠϐουλήθησαν·
1493 2564 1624 2600 πρόδηλον
1647 2567 1692 2601 δὲ,
1711 2558 1754 2596 δτι
1773 2571 1811 2598 τὸ

1017 2606 1065 2640 μὲν
1082 2606 1158 2641 ποιρά
1172 2606 1202 2632 τὸ
1218 2606 1365 2643 ἀϐούλητον
1379 2608 1432 2635 τῶν
1452 2610 1685 2647 εὐεργετουμένων
1697 2615 1735 2650 (ι)
1748 2637 1755 2648 ,
1771 2618 1811 2644 τὸ

1013 2651 1041 2677 δὲ
1056 2652 1131 2687 παρά
1146 2653 1176 2679 τὸ
1191 2653 1306 2689 ἀδρανὲς
1320 2654 1375 2680 τῶν
1394 2654 1566 2684 ἀδικούντων.
1586 2659 1756 2696 Προοἐμενος
1775 2664 1810 2691 δὲ

1012 2698 1076 2733 περὶ
1088 2698 1143 2725 τῶν
1157 2699 1204 2725 δύο
1218 2701 1315 2731 εἰπεῖν,
1328 2700 1383 2727 τῶν
1397 2709 1426 2727 τε
1443 2701 1545 2729 ἀδικεῖν
1559 2704 1606 2730 καὶ
1622 2705 1675 2732 τῶν
1691 2707 1810 2744 εὐεργε-

1010 2744 1067 2769 τεῖν
1079 2743 1264 2779 προθεμένων,
1282 2745 1345 2781 περὶ
1360 2745 1413 2772 τῶν
1428 2746 1589 2775 ἀδικούντων
1605 2750 1685 2785 μόνον
1705 2753 1811 2787 ἐπαξὲ-

1012 2796 1052 2823 ρει
1068 2787 1113 2814 τὸν
1125 2788 1214 2823 λόγον,
1230 2790 1270 2816 ἔτι
1282 2792 1305 2817 oi.
1324 2791 1373 2826 μὲν
1391 2792 1562 2828 ἀδικούμενοι
1586 2794 1635 2830 τὴν
1660 2791 1809 2830 βασιλείαν

225 2871 238 2886 °
252 2868 260 2895 l
274 2867 342 2898 Tim.
363 2879 402 2905 ιιι,
421 2872 447 2901 5.
487 2877 500 2898 Ρ
519 2871 585 2900 Luc.
603 2881 658 2907 χιιι,
676 2874 717 2902 10.
756 2880 768 2900 (ι
784 2875 850 2910 Cap.
869 2882 899 2909 ιι,
917 2883 940 2902 v.
960 2875 982 2903 ιε

1043 2876 1144 2909 Fcht.
1162 2885 1191 2909 ιι,
1209 2877 1252 2904 2‘2.
