1923 3067
143 187 196 214 ιἾῚ

516 186 740 215 ΡΛΕΗΫΜΕΒᾹΞ
761 187 929 216 ΡΛΒΑΡΙΙΚ

985 189 1003 217 S
1021 189 1054 217 IN
1074 189 1148 217 EPP.
1167 190 1194 217 S.
1213 190 1374 218 DIONYSII.
1711 194 1764 222 £78

128 243 190 285 ’τοῦ
209 241 282 270 Θεοῦ
296 243 557 280 κληρονομήσουσιν·
583 246 660 272 αὐτοὶ
680 245 707 272 δὴ
728 246 752 272 οι
773 246 928 278 ἀδικοῦντες

981 248 1056 275 ducit
1069 257 1075 275 :
1097 252 1123 275 et
1135 243 1198 283 jure
1214 248 1336 276 decernit
1351 253 1380 275 ut
1394 249 1513 284 propriis
1531 249 1646 281 fruatur,
1670 251 1765 278 videli-

142 291 188 317 καὶ
205 291 233 316 ἐν
249 290 287 325 τῷ
304 290 353 325 βίῳ
365 291 451 326 τούτῳ
468 292 514 318 καὶ
530 292 558 317 ὲν
576 291 615 326 τῷ
635 291 757 327 μέλλοντι
779 292 928 328 τιμωροῦν-

141 345 206 368 ται,
237 337 304 372 μετὰ
327 337 461 373 δαιμόνων
485 336 554 365 εἶναι
585 340 820 375 κατακρινόμενοι.
852 339 929 366 Μετὰ

141 383 227 410 ταῦτα
245 384 292 410 καὶ
313 384 378 420 περὶ
395 385 444 420 τῆς
468 385 682 421 πολυθρυλλήτου
705 385 777 417 θείας
798 386 929 417 ὀπτασίας

141 431 327 466 δηλαμῦάνει.
351 427 436 462 Οὗτός
451 432 523 458 ἐστιν
536 433 550 458 ὁ
565 433 694 468 Κάρπος,
709 429 740 459 οὗ
759 433 894 468 μέμνηται
913 433 927 458 ό

142 476 214 509 θεῖος
237 478 394 510 Ἀπόστολος
409 479 438 504 ἐν
453 480 485 513 τῇ
502 479 569 514 πρὸς
585 478 714 514 Τιμόθεον
732 479 844 514 δευτέρᾳ
863 481 927 506 ἐπι-

143 523 222 559 στολῇ
233 543 240 555 ,
255 524 284 556 ὃς
298 524 357 550 οὐδὲ
374 526 435 557 ταῖς
450 525 503 550 τῶν
525 525 609 559 ἁγίων
634 525 789 561 μυστηρίων
809 525 929 557 τελεταῖς

142 570 286 606 ἐνεχείρει,
310 572 333 597 εἰ
358 571 394 606 μή
424 580 495 602 τινος
523 571 654 607 πρότερον
684 571 782 606 ἠξίωτο
808 572 929 607 ὁράσεως

143 614 214 642 κατὰ
231 616 281 648 τὰς
303 617 474 652 προτελείους
487 617 579 652 εὐχάς,
604 617 750 653 Προτέλεια
769 618 797 644 δὲ
816 618 928 645 ἐκάλουν

142 663 168 688 οἱ
190 662 323 698 Ἀθηναῖοι
342 663 392 695 τὰς
408 664 471 699 περὶ
491 664 545 691 τῶν
567 664 664 699 γάμων
681 664 749 700 μετὰ
764 664 865 691 θυσιῶν
883 665 928 692 εὐ-

142 709 207 744 χάς”
225 710 269 736 τὸν
291 709 345 745 γὰρ
362 709 449 745 γάμον
469 709 545 742 τέλος
562 710 674 737 ἐκάλουν
686 730 693 741 ,
715 710 753 742 ὡς
775 709 928 738 τελειοῦντα

143 757 211 792 πρὸς
226 757 271 782 τὸν
288 756 344 791 βίον
360 757 404 783 τὸν
421 756 572 792 ἄνθρωπον.
595 757 751 792 Μυστὴριον
769 756 834 791 γοῦν
858 755 928 792 εἰχον

142 803 190 829 καὶ
203 803 248 829 τὸν
263 803 350 838 γάμον
362 802 412 838 (5).
433 803 543 837 Ἔλεγον
554 803 581 829 δὲ
594 803 781 838 προτελεῖσθαι
795 804 842 830 καὶ
860 813 927 840 προ-

143 849 283 884 μυεῖσθαι,
300 850 347 876 καὶ
360 849 440 876 οἱονεὶ
455 849 702 885 προκαθαίρεσθαι,
717 851 757 882 είς
772 851 928 886 ὲτοιμασίαν

143 895 296 931 μυστηρίου
311 895 358 930 (ϐ).
375 895 412 921 Τὸ
426 894 491 929 γοῦν
506 896 570 930 παρ’
589 895 716 930 Ἕλλησιν
732 895 838 927 ἀσεϐῶς
852 896 928 930 λεγό-

980 299 1023 320 cet
1037 293 1155 329 caligine
1168 293 1309 330 (carceris)
1333 298 1361 321 et
1383 295 1528 330 supplicio.
1551 295 1613 323 llaec
1628 296 1700 323 enim
1717 297 1765 324 fla-

979 339 1078 374 gitiosa
1095 341 1205 374 propria
1222 344 1297 367 sunt.
1315 339 1375 375 Ipse
1394 349 1490 368 rursus
1507 349 1556 376 pro
1575 350 1604 369 se
1620 342 1766 377 figentibus

979 383 1054 410 cruci
1071 391 1168 419 preces
1187 383 1278 411 fudit:
1297 389 1394 412 contra
1413 393 1478 413 vero
1497 386 1555 412 acri
1575 387 1766 422 objurgatione

979 429 1122 463 percelluit
1135 430 1286 465 discipulos
1303 431 1447 458 adversum
1465 432 1615 461 Samaritas
1636 433 1765 469 interpel-

979 475 1076 507 lantes,
1087 476 1314 510 quemadmodum
1327 477 1354 510 ip
1367 483 1542 505 sacrosancto
1551 477 1630 506 Lucae
1642 479 1765 515 Evange-

979 520 1016 547 lio
1024 520 1156 555 scriptum
1165 526 1216 547 est.
1227 520 1264 548 lbi
1272 522 1344 548 enim
1354 522 1419 557 legis
1427 522 1571 550 Dominum
1581 523 1648 558 ipsis
1657 532 1766 559 respon-

979 567 1053 594 disse
1069 574 1075 592 :
1091 566 1206 594 Nescitis
1223 567 1299 601 cujus
1324 569 1434 602 spiritus
1452 570 1549 599 estis',
1564 570 1608 596 cui
1635 571 1764 598 nimirum

979 613 1073 647 gratiae
1088 613 1261 641 subservitis.
1282 613 1315 640 Et
1333 618 1361 641 tu
1377 614 1486 642 interim
1510 623 1620 642 sursum
1638 624 1669 643 ac
1685 616 1766 644 deor-

980 667 1040 686 sum
1056 659 1123 686 nihil
1139 667 1194 686 non
1207 667 1332 691 movens,
1351 660 1445 687 odiose
1462 661 1585 688 inculcas
1602 661 1669 693 haec,
1686 663 1764 696 quasi

979 706 1026 740 qui
1038 705 1093 733 Deo
1103 704 1233 732 inﬂictam
1242 706 1436 734 contumeliam
1449 707 1524 734 ultus
1535 707 1629 735 fueris.
1644 707 1765 735 Deumne

980 756 1009 778 tu
1025 751 1120 778 ulcisci
1141 759 1189 786 per
1208 751 1341 778 malitiam
1361 760 1453 786 paras,
1469 752 1509 780 sic
1528 753 1627 780 eximie
1644 753 1766 780 bonum?

979 796 1056 824 Absit
1063 796 1114 823 hoc
1125 796 1262 824 lPontifes
1272 800 1366 824 noster
1376 797 1513 830 Christus,
1526 798 1669 830 innocens,
1679 798 1764 831 mitis,

980 843 1039 877 ipse
1058 842 1215 878 propitiatio
1232 846 1274 870 est
1290 850 1339 877 pro
1356 843 1475 878 peccatis
1499 844 1613 872 nostris.
1630 843 1669 871 Ne
1683 844 1766 879 igitur

980 896 1074 924 speres
1082 896 1133 916 nos
1141 888 1367 923 comprobaturos
1375 890 1553 916 acrimoniam
1565 890 1636 917 hanc
1652 890 1766 918 affectus

144 927 279 977 μενον-ἐίς
295 927 325 967 1i)
339 927 389 976 τῆς
403 927 531 977 ἀληθείας
547 927 694 977 μυστήριον
708 943 722 969 ό
733 942 829 978 Πατὴρ
845 927 928 978 μετή-

981 936 1031 967 tui,
1045 934 1154 971 quando
1169 942 1185 961 a
1198 934 1257 962 zelo
1271 942 1406 970 germanae
1420 936 1529 978 pietatis
1539 937 1697 971 neutiquam
1707 944 1766 971 pro-

142 995 221 1022 γαγε.
239 988 293 1014 Καὶ
308 988 498 1021 προτελείους
516 986 592 1014 εἶπεν
612 989 704 1022 εὐχὰς
729 989 779 1019 τὰς
804 988 857 1024 πρὸ
881 988 927 1015 τοῦ

143 1034 290 1070 μυστηρίου
303 1034 408 1069 δεήσεις
424 1035 494 1070 ὑπὲρ
506 1034 666 1070 καθάρσεως
683 1035 728 1062 καὶ
744 1035 927 1070 ἀκατακρίτου

143 1080 319 1116 μεταλήψεως
331 1080 378 1108 τοῦ
393 1081 560 1108 τελειοτάτου
577 1081 624 1107 καὶ
635 1081 799 1108 τελειοποιοῦ
813 1082 867 1108 τῶν
880 1090 929 1117 μυ-

143 1127 261 1163 στηρίων
284 1127 378 1162 δώρου.
407 1127 484 1158 Τίνες
505 1127 533 1154 δέ
558 1128 625 1154 εἰσιν
644 1128 671 1154 αἰ
698 1128 808 1164 Ὶλάριαι
829 1128 927 1163 εὑχαίς

141 1170 231 1200 Ἦσάν
245 1181 318 1205 τινες
335 1173 434 1209 ἡμέραι
454 1174 508 1204 τοῖς
522 1173 736 1209 εἰδωλολάτραις,
757 1173 791 1205 ἃς
813 1174 929 1209 Ἱλαρίας

141 1219 304 1246 ἀπεκάλουν.
320 1219 374 1246 Καὶ
391 1220 418 1246 αἱ
434 1220 482 1254 μὲν
494 1217 563 1254 ἦσαν
581 1220 663 1246 ίδικαὶ
681 1220 802 1255 Ἰλάριαι,
816 1220 853 1251 ὡς
865 1221 928 1246 ὅταν

141 1273 185 1297 τις
201 1265 312 1300 έγημεν,
328 1265 344 1300 ἢ
362 1265 418 1291 υίὸν
440 1266 552 1293 ἐκτᾶτο·
573 1266 601 1292 αἱ
619 1266 648 1292 δὲ
665 1266 752 1292 κοιναὶ
775 1266 821 1292 καὶ
843 1266 928 1301 δημό-

143 1319 198 1337 σιαι
207 1331 214 1342 ,
228 1311 265 1342 ὡς
276 1311 338 1337 ὅταν
355 1310 479 1345 βασιλεὺς
491 1311 720 1348 ἀναγορευόμενος
736 1312 785 1343 τὰς
798 1312 929 1348 δημοσίας

148 1357 265 1394 Ἰλαρίας
278 1358 390 1394 παρεῖχε
404 1357 458 1385 Καὶ
468 1356 529 1385 οὔτε
544 1358 662 1395 πένθιμα
675 1359 703 1386 ὲν
714 1360 825 1391 ταύταις
836 1360 928 1395 φορεῖν

142 1403 216 1439 ἐξῆν,
233 1404 300 1431 ἀλλὰ
316 1405 362 1431 καὶ
379 1404 438 1431 θέαι
450 1406 496 1431 καὶ
510 1405 600 1431 θυσίαι
616 1405 675 1432 καθ’
691 1406 809 1440 ἑκάστην
823 1405 928 1441 ἡμέραν

140 1450 270 1486 δημόσιαι
293 1451 451 1484 ἐτελοῦντο,
477 1451 523 1477 καὶ
548 1451 679 1478 ἐπαύοντο
702 1452 726 1478 οι
747 1450 927 1482 πενθοῦντες,

143 1497 190 1524 καὶ
211 1497 354 1533 ἐθεώρουν,
372 1498 419 1524 καὶ
434 1498 462 1524 ἐν
478 1498 605 1533 εὐωχίαις
627 1497 718 1533 διῆγον
737 1497 786 1530 τὰς
801 1497 929 1529 τοιαύτας

148 1543 276 1579 Ὶλαρίους
298 1543 414 1580 ἡμέρας.
427 1542 480 1570 Ἦν
503 1544 531 1570 δὲ
552 1544 599 1570 καὶ
620 1544 720 1579 Ἰλάρια
749 1544 829 1580 ἑορτὴ
860 1543 928 1579 ιδικὴ

148 1589 290 1624 Ῥωμαίων
302 1591 342 1621 εἰς
352 1590 435 1625 τιμὴν
445 1590 496 1624 τῆς
510 1590 611 1626 μητρὸς
624 1590 678 1616 τῶν
689 1590 758 1617 θεῶν
767 1589 856 1616 αὐτῶν
878 1589 926 1624 (7).

149 1634 225 1661 Ἐπεὶ
244 1635 271 1660 δὲ
286 1634 329 1661 ἀεὶ
342 1635 373 1661 τὺ
385 1634 518 1669 σήμερόν
528 1635 611 1666 ἐστιν,
623 1635 666 1661 ἀεὶ
679 1634 812 1661 νουθετεῖν
827 1633 872 1660 τὸν
891 1635 927 1670 μὴ

142 1680 244 1714 ἀγαθὸν
252 1682 266 1707 ὁ
279 1681 355 1715 λόγος
367 1681 504 1716 ὐποδηλοῖ.
519 1681 596 1713 Τινὲς
611 1681 677 1715 γοῦν
692 1681 805 1716 ἀμαθῶς
814 1680 843 1707 τὸ
853 1682 929 1708 ἐναν-

141 1726 199 1753 τίον
223 1726 346 1761 λέγουσι,
370 1727 533 1763 κεχρημένοι
551 1727 590 1762 τῷ
611 1727 778 1763 ἀποστολικῷ
796 1727 870 1763 ῥητῷ
891 1727 929 1762 τῷ

142 1773 266 1807 λέγοντι·
286 1773 441 1807 Αιρετικὸν
465 1773 621 1808 ἄνθρωπον
645 1773 720 1808 μετὰ
739 1773 858 1808 πρώτην
880 1774 930 1800 καὶ

142 1818 285 1853 δευτέραν
308 1820 471 1846 νουθεσίαν
495 1819 655 1854 παραιτοῦ·
687 1819 724 1855 μὴ
740 1819 861 1851 νοοῦντες
875 1819 929 1846 τῶν

143 1866 295 1901 εἰρημένων
310 1866 359 1902 τὴν
377 1866 490 1902 δύναμιν
509 1867 541 1893 ἐκ
555 1866 609 1893 τῶν
622 1866 762 1902 ἑπομένων
777 1866 865 1902 ῥητῶν
879 1866 930 1901 μά-

143 1913 221 1940 λιστα
238 1912 453 1948 σαφηνιζομένην
464 1921 470 1928 ·
488 1912 548 1939 τότε
561 1913 616 1948 γὰρ
626 1912 734 1946 εὔλογος
745 1913 762 1948 ἡ
777 1911 846 1948 μετὰ
860 1912 930 1948 πρώ-

143 1968 193 1995 την
221 1959 266 1986 καὶ
294 1959 420 1994 δευτέραν
444 1958 582 1985 νουθεσίαν
612 1958 794 1994 παραίτησις,
824 1959 888 1985 ὅταν
915 1959 930 1984 ὁ

143 2004 276 2031 διδάσκων
292 2003 360 2039 πρὸς
373 2003 422 2038 τὴν
436 2003 600 2039 παραίτησιν
619 2003 697 2039 ἔλθῃ,
716 2003 793 2034 είδὼς
813 2003 854 2030 ὅτι
871 2003 929 2035 ἑξέ-

145 2058 279 2086 στραπται
296 2050 310 2075 ὁ
323 2048 441 2080 τοιοῦτος
451 2070 458 2082 ,
475 2049 524 2075 καὶ
542 2048 666 2076 λανθάνει
680 2048 717 2075 ὣν
731 2049 930 2085 αὐτοκατάκρι-

143 2104 204 2127 τος·
222 2095 301 2130 δῆλον
317 2095 371 2130 γὰρ
385 2094 422 2126 ὡς
433 2096 489 2126 τοῖς
510 2095 592 2130 ἱεροῖς
607 2094 775 2126 διδασκάλοις
794 2094 930 2121 ἀποκαλύ-

144 2149 240 2167 πτεται
248 2142 294 2168 καὶ
301 2142 318 2176 ἡ
324 2140 376 2167 τῶν
385 2141 549 2176 προσιόντων
555 2141 727 2172 κατάστασις.
739 2141 845 2176 Ἔτεροι
853 2141 881 2167 δὲ
889 2140 928 2173 τὸ,

143 2187 224 2214 Μετὰ
235 2187 356 2222 πρώτην
366 2188 415 2214 καὶ
423 2187 566 2221 δευτέραν
575 2188 660 2219 οὕτως
670 2188 794 2223 ἐνόησαν,
804 2188 863 2214 ἀντὶ
870 2187 929 2220 τοῦ,

143 2233 222 2260 Μετὰ
236 2234 284 2269 τὴν
295 2235 326 2260 ὲκ
337 2234 458 2265 Παλαιᾶς
468 2234 514 2260 καὶ
523 2234 594 2265 Νέας
606 2233 740 2269 Διαθήκης
749 2233 930 2260 διδασκαλίαν.

150 2279 194 2309 Ὧς
218 2279 284 2314 γοῦν
308 2281 322 2306 ὁ
340 2280 452 2315 Κάρπος
477 2279 612 2316 ἐλυπήθη,
630 2281 711 2314 φησὶ,
734 2279 777 2306 διὰ
798 2279 844 2306 τὸν
865 2279 930 2315 παρ’

144 2325 224 2352 ἄλλου
245 2324 414 2360 πλανηθέντα
427 2345 434 2355 ,
451 2325 509 2351 δέον
527 2325 574 2351 καὶ
592 2325 755 2361 ἀμφοτέρων
780 2325 931 2360 προνοήσα-

144 2370 225 2400 σθαι.
250 2371 297 2396 καὶ
320 2370 496 2397 νουθετοῦντα
513 2370 556 2397 ἀεὶ
579 2370 625 2396 ἐπὶ
646 2370 695 2406 τὴν
721 2369 796 2396 θείαν
820 2370 930 2402 τούτους

145 2417 258 2451 ἀγαγεῖν
272 2416 381 2450 γνῶσιν,
399 2416 436 2448 ὡς
452 2416 595 2452 κριθεισῶν
607 2416 656 2452 ἤδη
670 2416 717 2443 καὶ
729 2415 782 2442 τῶν
796 2415 931 2451 ἀμφισϐη-

144 2465 250 2499 τήσεων
266 2463 358 2494 αὐτοῖς
369 2483 376 2495 ,
393 2462 425 2489 δι’
441 2462 473 2494 ἃς
487 2463 568 2497 τυχὸν
585 2462 687 2493 ἐκεῖνος
708 2462 756 2498 μὲν
776 2461 933 2497 ἀπεπλάνη-

146 2516 202 2540 σεν,
225 2505 302 2539 οὗτος
325 2507 353 2534 δὲ
378 2507 571 2543 ἀπεπλανήθη·
589 2507 619 2533 οὐ
643 2507 687 2534 διὰ
710 2507 812 2542 ταύτης
833 2507 862 2533 δὲ
883 2507 932 2542 τῆς

144 2553 375 2589 ἀμφισϐητήσεως
401 2553 502 2585 ἐκεῖνος
532 2553 579 2588 μὲν
603 2552 753 2588 ἐπλάνησεν
767 2572 774 2584 ,
799 2550 875 2584 οὗτος
903 2552 931 2579 δὲ

145 2599 297 2635 ἐπλανήθη.
321 2599 391 2625 Ἀλλ’
406 2595 479 2625 αίτία
498 2598 545 2625 τοῦ
558 2607 589 2625 τε
604 2598 748 2634 παρελθεῖν
763 2599 803 2629 εἱς
816 2598 847 2624 τὸ
864 2597 932 2625 πλα-

145 2646 225 2681 νῆσαι
239 2645 284 2672 τὸν
299 2645 472 2681 πλανήσαντα
481 2665 488 2676 ,
501 2646 547 2672 καὶ
559 2644 606 2671 τοῦ
621 2643 822 2681 παραδέξασθαι
832 2644 867 2671 τὰ
881 2644 931 2679 τῆς

146 2691 250 2726 πλάνης
271 2691 316 2718 τὸν
335 2691 520 2726 πλανηθέντα,
543 2691 745 2726 ἀμφισϐήτησίς
765 2699 807 2722 τις
830 2688 878 2726 ἦν,
899 2691 932 2725 ἢν

147 2736 215 2772 ἔχων
230 2738 244 2764 ὁ
258 2736 370 2772 ὕστερον
385 2737 530 2772 πλανηθεὶς
546 2736 614 2772 μετὰ
627 2736 715 2769 τινὸς,
729 2737 790 2763 ἐπεὶ
809 2736 859 2762 οὐκ
875 2735 932 2762 ἐδύ-

147 2790 212 2808 νατο
236 2783 398 2818 κατισχύσαι
423 2782 469 2809 τοῦ
498 2783 614 2818 θράσους
640 2782 762 2814 ἐκείνου,
789 2782 856 2818 πρὸς
882 2781 932 2817 τὴν

147 2827 252 2863 πλάνην
273 2828 415 2855 ἀπέκλινε·
437 2827 516 2854 τοῦτο
536 2827 590 2862 γὰρ
603 2827 677 2862 δηλοί
692 2828 738 2854 καὶ
757 2827 788 2854 τὸ
807 2827 933 2862 ἐπιφερό-

202 2924 212 2938 ι
227 2918 292 2946 Luc.
310 2926 348 2951 ix,
362 2917 405 2946 55.
448 2916 533 2945 ειυς.
549 2924 597 2950 vn,
612 2915 646 2944 59

980 980 1133 1008 ficiscitur:
1155 987 1189 1007 ne
1213 980 1237 1007 si
1259 981 1342 1007 etiam
1367 973 1515 1009 identidem
1537 989 1660 1017 opponas
1686 982 1766 1010 nobis

979 1026 1094 1054 eximios
1121 1026 1310 1060 :emulatores,
1332 1026 1474 1063 Eliamque
1496 1032 1523 1055 et
1543 1027 1660 1056 Phinees
1678 1029 1767 1063 subji-

979 1073 1066 1106 ciens,
1083 1072 1281 1107 quod,illorum
1292 1077 1456 1108 provocatus
1466 1074 1601 1109 exemplo,
1618 1081 1674 1101 rem
1691 1074 1766 1109 ejus-

979 1117 1052 1144 modi
1065 1125 1211 1153 aggressus
1228 1118 1276 1146 sis.
1288 1117 1355 1145 Nam
1368 1123 1395 1145 et
1406 1118 1558 1154 discipulos
1574 1120 1668 1154 gratia:
1683 1119 1766 1154 spiri-

979 1163 1060 1191 tualis
1075 1167 1189 1192 eatenus
1204 1164 1302 1197 rudes,
1327 1172 1391 1191 cum
1416 1164 1531 1192 Domino
1556 1165 1685 1200 quiddam
1710 1173 1766 1192 non

979 1210 1104 1238 absimile
1129 1210 1282 1243 dixissent,
1307 1211 1342 1238 ab
1369 1211 1487 1238 humana
1513 1211 1644 1238 nimirum
1668 1211 1766 1246 pietate

980 1256 1108 1288 alienius,
1124 1257 1281 1291 neutiquam
1304 1257 1328 1284 is
1348 1257 1484 1292 probavit.
1505 1256 1562 1284 Hoc
1591 1260 1682 1284 autem
1697 1257 1766 1284 dixit

980 1303 1060 1331 Pater
1073 1302 1106 1330 ad
1123 1302 1275 1330 absolutam
1291 1303 1364 1329 illam
1383 1303 1520 1338 aspiciens
1538 1303 1632 1338 gratiae
1648 1303 1766 1330 inlusio-

980 1357 1052 1382 nem,
1067 1357 1148 1384 quam
1168 1353 1230 1385 post
1246 1350 1478 1376 resurrectionem
1499 1353 1674 1384 acceperunt.
1692 1348 1767 1376 Scri-

980 1399 1055 1430 ptum
1067 1396 1166 1430 quippe
1175 1399 1218 1423 est
1230 1404 1236 1423 :
1249 1394 1376 1422 Nondum
1385 1396 1454 1422 enim
1466 1400 1522 1422 erat
1534 1396 1649 1430 Spiritus
1658 1400 1766 1423 sanctus

980 1442 1058 1470 datus
1069 1462 1076 1475 ,
1088 1443 1150 1478 quia
1158 1441 1236 1470 Iesus
1249 1442 1364 1469 nondum
1374 1447 1431 1469 erat
1441 1442 1604 1478 gloriﬁcatus
1615 1443 1635 1470 ‘.
1647 1442 1767 1470 Docendi

979 1496 1108 1524 namque,
1125 1496 1180 1516 non
1191 1492 1282 1516 autem
1294 1488 1429 1524 plectendi
1446 1488 1603 1524 ignorantes
1620 1488 1767 1524 :quemad-

980 1535 1091 1562 modum
1115 1539 1143 1563 et
1160 1543 1247 1563 caecos
1277 1535 1305 1562 in
1321 1535 1395 1562 viam
1418 1539 1492 1562 recta
1514 1535 1694 1568 deducimus,
1710 1543 1768 1570 pce-

979 1589 1030 1610 nas
1042 1589 1213 1617 nequaquam
1227 1582 1386 1617 infligimus.
1402 1581 1512 1617 Κόρῤην
1527 1581 1639 1616 quidam
1655 1585 1768 1608 conten-

942 1618 962 1646 (ἶ
980 1628 1048 1656 dunt
1067 1628 1202 1663 κρόταφον
1223 1628 1392 1663 signiﬁcare,
1409 1627 1461 1655 hoc
1476 1631 1519 1654 est
1534 1631 1634 1661 tempus
1652 1626 1767 1660 capitis:

981 1675 1104 1703 nonnulli
1127 1675 1234 1710 γνάθον,
1260 1675 1410 1707 maxillam,
1435 1682 1539 1709 genam.
1559 1673 1721 1701 Prazstiterit
1739 1678 1768 1700 ut

981 1721 1169 1755 interpreteris
1188 1728 1249 1748 esse
1271 1720 1369 1755 capitis
1385 1724 1502 1755 partem.
1526 1718 1566 1747 Nc
1580 1719 1674 1754 igitur,
1686 1719 1766 1754 27],

981 1767 1077 1794 hortor
1091 1774 1150 1798 vos,
1169 1767 1224 1794 ulla
1243 1767 1270 1794 in
1291 1774 1320 1793 re
1336 1767 1468 1794 Iaadamus
1480 1766 1645 1801 proximum.
1660 1764 1720 1792 Jam
1740 1769 1768 1793 et

982 1814 1048 1846 hoc,
1073 1813 1153 1841 ὠθεῖν
1175 1813 1235 1840 καθ’
1258 1813 1361 1840 ἑαυτῶν
1385 1813 1415 1840 τὺ
1437 1812 1530 1848 ξίφος,
1558 1812 1697 1840 adversum
1720 1821 1768 1839 nos

981 1860 1051 1894 ipsos
1071 1860 1227 1895 distringere
1247 1865 1272 1886 et
1287 1867 1391 1887 exerere
1408 1859 1541 1894 gladium,
1569 1859 1767 1894 proverbialem

982 1906 1095 1942 figuram
1133 1907 1276 1939 imitatus,
1313 1907 1391 1935 dixit.
1430 1907 1555 1942 Explicat
1584 1907 1663 1934 Pater
1706 1910 1770 1941 post

982 1953 1049 1985 haec,
1066 1960 1189 1988 quaenam
1206 1960 1254 1981 eos
1269 1953 1435 1980 comitentur
1451 1953 1562 1988 praemia
1579 1953 1625 1988 qui
1638 1952 1680 1980 vel
1696 1952 1768 1986 inju-

981 1997 1022 2024 ria
1033 1998 1160 2032 quapiam
1176 1998 1217 2026 vel
1235 1998 1368 2026 beneficio
1380 1999 1478 2033 cupide
1494 1999 1563 2026 alios
1581 1998 1690 2026 afﬁcere
1705 2005 1769 2024 con-

982 2044 1111 2077 tendunt,
1130 2044 1211 2071 etiam
1228 2044 1250 2071 si
1270 2052 1305 2071 ne
1327 2044 1360 2071 ad
1376 2052 1445 2079 opus
1464 2052 1553 2079 usque
1573 2048 1766 2079 promoveant,

980 2097 1041 2125 quae
1055 2089 1192 2117 destinato
1216 2090 1333 2117 consilio
1360 2090 1544 2118 moliebantur
1567 2089 1683 2117 efﬁcere.
1705 2090 1768 2117 Illos

981 2137 1064 2169 enim,
1082 2144 1160 2171 quos.
1170 2136 1297 2163 videlicet
1307 2141 1472 2171 praesumpta
1489 2136 1628 2171 opinione,
1642 2141 1768 2163 antever-

982 2184 1070 2208 terant
1087 2185 1116 2207 ut
1131 2181 1172 2208 vel
1189 2181 1327 2212 laederent,
1342 2181 1384 2208 vel
1398 2181 1526 2216 iuvarent
1542 2181 1674 2208 beneficio
1691 2189 1698 2208 :
1713 2189 1768 2208 non

981 2234 1176 2261 usquequaque
1191 2231 1271 2260 prout
1284 2226 1465 2258 destinarant,
1480 2227 1529 2259 ait,
1546 2226 1706 2255 affecerunt.
1723 2226 1769 2253 Li-

981 2275 1046 2306 quet
1061 2276 1151 2298 autem
1166 2271 1193 2299 in
1204 2271 1301 2306 primis
1313 2272 1363 2298 hoc
1375 2272 1534 2308 contingere
1552 2280 1600 2307 per
1613 2272 1767 2308 incogitant-

983 2319 1048 2345 tiam
1067 2326 1181 2350 eorum,
1205 2319 1231 2345 in
1248 2326 1317 2353 quos
1331 2318 1472 2346 confertur
1487 2319 1682 2353 beneficentia;
1702 2319 1768 2346 illud

982 2373 1048 2392 vero
1063 2365 1096 2392 ab
1108 2364 1294 2392 imbecillitate
1303 2372 1397 2392 eorum
1407 2365 1515 2400 pendet,
1526 2366 1572 2400 qui
1586 2365 1655 2392 alios
1671 2369 1769 2400 parant

983 2411 1090 2439 laedere.
1114 2410 1237 2446 Cumque
1258 2411 1410 2438 instituerit
1432 2411 1466 2439 de
1486 2416 1603 2447 utroque
1626 2411 1768 2439 hominum

983 2466 1082 2493 genere
1096 2461 1187 2485 texere
1200 2465 1366 2490 sermonem,
1378 2457 1424 2492 qui
1438 2457 1547 2485 decreto
1562 2461 1692 2493 certoque
1703 2465 1769 2485 con-

983 2505 1046 2532 silio
1060 2505 1087 2532 in
1106 2504 1245 2540 proximos
1262 2508 1360 2539 parant
1375 2511 1437 2532 esse
1450 2505 1492 2532 vel
1505 2504 1610 2540 injurii,
1625 2505 1667 2532 vel
1684 2505 1768 2532 bene-

982 2550 1026 2577 fici
1040 2560 1047 2578 :
1060 2551 1093 2578 de
1120 2551 1154 2578 iis
1171 2550 1250 2578 modo
1272 2549 1351 2577 afl‘ert
1375 2550 1508 2578 rationem
1519 2572 1526 2584 ,
1541 2551 1588 2586 qui
1603 2550 1631 2578 in
1647 2551 1714 2578 alios
1728 2551 1770 2578 in—

979 2597 1045 2632 jurii
1057 2605 1117 2624 esse
1132 2597 1247 2624 malunt.
1265 2596 1333 2623 Nam
1348 2597 1394 2631 qui
1407 2597 1535 2631 injuriam
1549 2597 1656 2624 fortiter
1667 2596 1768 2628 ferunt,

982 2651 1097 2679 regnum
1113 2643 1160 2671 Dei
1176 2643 1334 2671 haereditate
1348 2648 1554 2678 consequuntur
1571 2653 1578 2671 :
1596 2648 1703 2674 contra,
1721 2642 1768 2677 qui

983 2690 1090 2725 injuriae
1105 2693 1169 2718 sunt
1183 2694 1321 2722 auctores,
1335 2690 1362 2717 in
1378 2691 1430 2717 hae
1444 2690 1554 2725 quidem
1571 2690 1626 2716 vita
1645 2689 1726 2717 simul
1742 2694 1768 2716 et

983 2735 1011 2762 in
1027 2736 1117 2763 futura
1131 2744 1226 2770 pcenas
1242 2736 1346 2763 dabunt
1360 2736 1504 2764 destinata:
1517 2735 1628 2762 malitiae
1642 2735 1765 2764 ultrices,

984 2783 1086 2817 perpeti
1112 2782 1265 2809 daemonum
1291 2782 1389 2809 addicti
1415 2782 1564 2809 consortio.
1591 2780 1640 2807 llis
1666 2779 1767 2807 decisis

984 2827 1141 2864 aggreditur
1156 2828 1412 2856 commentationem
1423 2826 1456 2855 de
1471 2825 1648 2862 famigerabili
1670 2832 1702 2852 ac
1722 2823 1766 2852 di-
