1940 3064
175 190 227 218 479

567 190 738 219 APPENDIX
757 191 803 218 AD
822 190 936 219 OPERA
957 192 986 220 S.
1002 192 1151 220 DIONYSII
1161 192 1404 222 AREOPAGITAS.

1757 197 1813 225 480

174 251 238 277 \ina
255 250 298 276 illa
316 250 430 277 slsioue.
451 249 501 277 llic
519 250 562 277 ille
581 255 624 278 est
646 250 762 286 Carpus,
778 251 860 285 cujus
875 251 963 277 admi-

1018 261 1105 288 μενον,
1119 253 1167 279 καὶ
1187 252 1369 287 τῶνά.1όγως
1388 252 1622 286 θρασυιττομίνων
1642 254 1814 286 σωφρονεῖν

174 295 272 323 rabilis
288 295 391 324 Paulus
406 297 592 324 commeminit
610 297 637 324 in
655 297 808 331 posteriore
822 297 855 323 ad
872 296 966 323 Timo—

175 343 268 369 theum
286 341 412 378 epistola.
435 343 460 370 ls
478 346 662 370 sacrosancta:
685 341 853 369 confectioni
875 349 968 368 sacra—

174 392 329 416 mentorum
344 397 399 416 non
414 389 491 424 prius
508 396 618 415 manum
633 388 794 415 adtnovebat
804 408 811 419 ,
824 395 906 422 quam
920 395 968 422 per

173 434 308 462 visionem
339 434 409 462 inter
435 441 482 461 eas
508 441 623 468 preces,
652 441 712 468 quae
728 433 965 460 consecrationem

174 484 315 512 antecunt,
330 480 517 508 declararetur
533 479 644 515 dignus.
659 479 794 507 Cattcrum
809 478 967 514 προτέλειαν

173 535 221 555 eas
236 535 331 562 preces
345 527 527 554 Athenienses
539 526 644 557 dixere,
654 533 715 560 quae
724 533 778 552 una
791 533 853 552 cum
870 525 968 552 hostiis

173 575 283 610 nuptias
296 574 500 609 praecurrebam
513 583 519 600 :
537 573 613 604 τέλος
627 573 763 606 siquidem
778 572 868 607 γάμον
890 579 969 598 voca-

173 621 256 653 bant,
272 621 324 647 hoc
353 624 396 647 est
414 620 540 654 nuptias,
557 623 587 645 ut
609 626 672 653 quae
688 617 833 653 hominem
858 617 968 644 initient

171 669 199 693 et
214 665 357 701 perﬁciant
374 666 407 692 ad
429 665 492 692 vitae
513 665 594 692 istius
619 664 869 692 conservationem.
894 663 968 699 Ergo

172 712 253 739 etiam
270 713 381 746 nuptias
402 719 452 746 pro
471 714 645 738 sacramento
667 711 813 738 habebant.
837 710 969 737 Dicebant

172 761 263 784 autem
280 756 470 793 προτελεῖσθαι
486 762 513 784 et
531 757 714 792 προμυεῐιςθαι
725 777 731 788 ,
747 756 826 791 quasi
844 756 968 784 dicerent

171 807 235 830 ante
247 811 304 830 rem
320 811 427 831 sacram
444 803 554 831 lustrari
568 810 600 830 ac
615 811 699 838 puros
711 802 797 834 reddi,
812 802 845 829 ad
860 806 963 837 mystc-

173 850 206 877 rii
223 854 396 885 apparatum.
415 849 492 882 Quod
507 849 591 884 igitur
603 857 617 876 a
631 849 779 884 gentilibus
791 849 824 875 ad
839 848 963 883 impieta-

171 901 226 924 tem
239 897 421 928 referebatur,
434 898 484 923 hoe
499 895 532 922 ad
547 899 650 922 nostra:
663 895 812 922 verissiinm
824 894 966 928 religionis

1018 298 1272 332 ἀναγκαζομένων,
1288 298 1408 333 δηλονότι
1424 299 1478 326 τῶν
1500 298 1661 325 ἀδικούντων
1679 299 1791 325 ἐκείνων
1803 319 1813 330 ,

1018 342 1050 368 δι’
1067 343 1113 374 οὓς
1128 344 1142 369 ὁ
1163 342 1307 378 πλανηθεὶς
1329 344 1368 374 εἰς
1384 343 1433 378 τὴν
1452 343 1556 378 πλάνην
1581 343 1680 370 ἔδωκεν
1702 344 1813 375 ἑαυτὸν.
1842 355 1846 358 ·

1017 389 1223 425 δεινοπαθήσας.
1241 390 1305 417 Δέον
1325 389 1390 424 γοῦν
1410 389 1523 416 τοιαῦτα
1545 390 1670 424 γενέσθαι
1682 410 1689 421 ,
1704 390 1718 416 ὁ
1735 390 1815 425 Κάρ-

1020 443 1086 465 mg,
1113 435 1163 461 οὐκ
1178 432 1226 461 οἷδ’
1243 436 1316 467 ὅπως
1332 435 1382 471 τὴν
1399 435 1510 471 πικρίαν
1531 435 1659 471 ὲντήξας,
1683 444 1813 462 κατεκοι-

1021 480 1103 516 μήθη.
1114 481 1182 517 Περὶ
1191 481 1219 508 δὲ
1225 481 1262 508 τὸ.
1270 481 1443 518 μεσονύκτιον
1456 481 1526 508 κατὰ
1533 482 1563 508 τὸ
1575 481 1689 517 σύνηθες
1701 482 1811 518 διεγερ-

1020 527 1078 558 Θεὶς
1090 528 1130 559 εἰς
1143 527 1232 559 θείους
1239 527 1253 554 ’ύ
1258 537 1341 562 μνους
1352 528 1401 564 (8),
1409 528 1469 554 οὐδὲ
1484 529 1572 560 καλῶς
1583 529 1813 564 ἀναπαυσάμενος

1019 574 1062 600 διὰ
1085 574 1131 601 τὸν
1143 575 1192 610 τῆς
1205 574 1294 610 ψυχῆς
1306 574 1419 611 θόρυϐον
1431 575 1615 610 ἐδυσχέραινε,
1628 574 1730 601 καὶτοῦ
1741 575 1812 602 Θεοῦ

1019 621 1114 653 ἐδεῖτο,
1123 621 1251 656 ἀφανίσαι
1259 621 1306 648 καὶ
1320 621 1491 656 ἀμφοτέρους
1502 621 1546 647 διὰ
1560 621 1726 657 πρηστῆρος,
1740 622 1813 647 οἱον-

1019 667 1044 693 εὶ
1064 667 1198 702 κεραυνοῦ
1216 667 1287 702 (ἀπὸ
1305 667 1351 694 τοῦ
1366 667 1468 702 πρήθω
1484 667 1515 695 τὸ
1532 669 1605 694 καίω
1626 668 1692 704 (9)).
1716 668 1812 695 Ταῦτα

1019 712 1116 746 λέγων,
1132 711 1220 744 ἔδοξεν
1246 712 1308 739 ἰδεῖν
1328 713 1377 748 τὴν
1400 712 1518 748 φοῢερὰν
1534 713 1641 748 ἐκείνην
1665 713 1810 745 ὀπτασίαν,

1020 759 1084 794 περὶ
1099 755 1133 794 ἦς
1149 757 1221 784 κατὰ
1234 758 1331 784 λεπτὸν
1349 759 1491 794 διηγεῖται.
1513 759 1568 786 Καὶ
1590 760 1687 794 ἡμεῖς,
1705 760 1743 791 ὡς
1760 768 1811 786 σα-

1021 804 1087 839 φοῦς
1101 803 1186 840 οὕσης
1196 825 1202 835 ,
1220 805 1254 831 τὰ
1270 804 1319 839 τῆς
1340 804 1496 840 ἐξηγήσεως
1518 805 1715 840 παρελίπομεν,
1731 805 1814 832 τοῦτο

1021 851 1100 887 μόνον
1122 850 1279 882 ὲπειπόντες
1293 851 1357 886 περὶ
1372 851 1425 877 τῶν
1448 851 1721 886 ὑπογαργαλιζόντων
1736 851 1811 887 (l0),

1020 898 1066 924 καὶ
1081 897 1124 923 διὰ
1141 897 1241 929 παντὸς
1255 898 1295 928 εἰς
1308 897 1338 923 τὺ
1354 897 1452 932 ἀχανὲς
1469 897 1524 932 (ll)
1549 896 1696 932 ἐμϐάλλειν
1722 906 1813 933 μηχα-

172 943 333 978 mysterium
367 943 501 970 derivavit
526 942 618 969 Pater.
648 941 701 969 Sed
733 944 760 968 et
790 939 963 976 προτελείους

1018 943 1151 978 νωμένων.
1183 943 1338 979 Σημείωσαι
1365 944 1406 969 ὅτι
1435 942 1494 972 πῶς
1517 944 1532 970 ὁ
1557 943 1678 975 διάϐολος
1712 944 1805 979 ῥίπτει

171 988 254 1023 εὐχάς
268 988 354 1019 dixit.
372 988 502 1015 nimirum
525 995 572 1015 eas
596 987 782 1023 precationes,
799 994 859 1021 quae
875 986 966 1012 initia-

171 1035 273 1062 tionem
292 1039 412 1069 praeeunt
429 1034 606 1066 sacramenti,
623 1041 673 1069 pro
689 1034 858 1069 impetranda
874 1032 967 1067 expia—

171 1082 256 1113 tione,
273 1088 305 1107 ac
326 1081 393 1108 nulli
417 1080 622 1116 pra‘judicauda
646 1079 878 1107 transmutatione
903 1087 965 1114 per-

172 1127 333 1155 fectissima:
349 1129 431 1155 simul
446 1132 473 1155 et
490 1128 656 1163 perlicientis
668 1128 763 1163 gratia:
779 1130 966 1154 sacramento-

171 1182 242 1202 rum.
257 1172 311 1201 Sed
324 1182 383 1209 quae
398 1175 506 1201 interim
519 1178 583 1201 sunt
593 1173 727 1208 ejusmodi
740 1180 836 1208 preces
853 1171 967 1199 Hilariaz

171 1220 270 1248 dictat?
286 1220 358 1247 Sane
367 1221 426 1247 dies
439 1221 549 1255 quidam
562 1223 641 1247 erant
657 1219 820 1246 idololatriae
835 1217 964 1250 addictis.

171 1275 241 1302 quos
258 1267 310 1294 hoc
324 1267 434 1294 nomine
449 1266 588 1294 dicebant.
602 1265 720 1293 Privata:
738 1269 830 1292 autem
847 1264 888 1292 ha-
903 1272 967 1291 cen-

172 1314 319 1345 sebantur,
335 1317 365 1340 ut
392 1320 452 1340 cum
478 1313 541 1347 quis
574 1319 687 1339 uxorem
706 1311 825 1346 primum
851 1311 966 1338 duxerat

172 1362 220 1387 aut
230 1368 263 1387 ex
275 1367 360 1386 uxore
377 1363 523 1394 exceperat
543 1358 642 1390 lilium;
659 1364 822 1384 communes
833 1359 860 1383 et
874 1356 965 1391 publi-

172 1414 229 1439 cae,
258 1406 340 1442 272
365 1411 395 1432 ut
426 1413 488 1432 cum
515 1405 651 1440 quispiam
677 1412 761 1439 regno
786 1404 967 1439 inauguratus

172 1454 291 1489 primum
305 1460 456 1488 recensque
468 1460 516 1479 rex
528 1452 694 1482 declaratus,
709 1450 833 1486 publicas
846 1449 965 1477 Hilarias

173 1499 320 1527 indicebat.
336 1499 409 1526 Nulli
426 1507 474 1535 per
487 1506 535 1526 eos
550 1498 608 1525 dies
625 1498 726 1525 licebat
739 1497 869 1532 gestitare
884 1497 967 1532 quid-

171 1554 254 1581 quam
277 1547 402 1582 lugubre,
420 1546 467 1574 sed
487 1545 645 1581 spectacula
661 1544 849 1580 sacriliciaque
866 1545 893 1571 in
908 1545 966 1572 dies

172 1593 295 1629 singulos
319 1593 539 1620 celebrabantur.
563 1591 586 1618 A
607 1592 682 1619 luctu
698 1592 750 1619 sibi
765 1591 964 1626 temperabant,

172 1640 218 1675 qui
234 1639 260 1666 in
277 1639 353 1665 luctu
362 1642 441 1666 erant
453 1642 522 1670 tum,
534 1642 617 1673 atque
628 1638 778 1665 intererant
789 1637 964 1672 spectaculis,

173 1686 256 1721 inque
269 1685 387 1720 publicis
403 1684 537 1712 conviviis
559 1683 782 1711 transmittebant
798 1683 879 1711 istius
892 1683 965 1710 moui

173 1731 291 1758 llilarios
303 1731 371 1758 dies.
386 1730 425 1757 Ad
438 1731 494 1757 hate
506 1734 565 1757 erat
580 1734 607 1757 et
620 1729 750 1756 Romanae
763 1729 825 1756 urbi
844 1730 966 1765 peculia-

172 1778 239 1804 riter
257 1777 343 1804 festus
357 1776 430 1808 dies,
452 1775 555 1803 Hilaria
581 1776 608 1802 in
630 1775 762 1802 honorem
780 1776 876 1802 matris
897 1775 964 1802 deo-

172 1830 233 1849 rum
251 1823 382 1857 ipsorum.
399 1821 458 1848 Jam
472 1821 581 1856 quando
596 1829 704 1856 semper
715 1825 757 1848 est
772 1821 849 1854 illud,
864 1820 940 1847 hodie
955 1828 964 1847 .'

173 1870 224 1896 hac
235 1877 302 1896 voce.
317 1868 474 1896 subindirat
488 1876 561 1899 eum,
578 1868 624 1902 qui
638 1868 726 1895 bonus
742 1875 795 1894 non
808 1872 851 1895 est
867 1867 964 1894 tantis-

172 1924 222 1951 per
236 1916 300 1942 dum
330 1915 406 1947 vivit,
423 1921 532 1948 semper
543 1921 604 1941 esse
619 1913 831 1941 admonendum.
848 1913 964 1946 Quidam

174 1967 266 1989 tamen
288 1961 387 1988 inscite
409 1961 556 1988 admodum
574 1964 689 1987 tuentur
703 1960 840 1988 diversam
856 1964 966 1988 senten-

174 2009 251 2041 tiam,
267 2009 380 2035 oraculo
400 2006 559 2042 apostolica:
578 2007 712 2034 doctrina:
727 2007 832 2034 inducti
846 2018 853 2034 :
873 2007 967 2035 Haere-

174 2055 254 2082 ticum
269 2054 399 2081 hominem
413 2058 472 2087 post
483 2053 597 2087 primum
608 2057 632 2079 et
649 2052 762 2079 alterum
777 2053 966 2087 surreptionem

1017 990 1080 1020 τοὺς
1095 989 1257 1024 ἀνθρώπους
1271 990 1312 1021 εἰς
1326 990 1356 1017 τὸ
1373 990 1468 1021 σκότος
1482 990 1513 1016 "to
1528 989 1670 1025 ἐξώτερον,
1684 991 1752 1026 ὅπερ
1765 991 1812 1016 ὲν-

1016 1035 1102 1061 ταῦθα
1115 1035 1226 1069 ἀχανὲς
1246 1035 1338 1067 καλεῖ,
1362 1036 1484 1062 τουτέστι
1501 1035 1679 1072 βάραθρον,ἢ
1697 1037 1812 1064 ἀπατῶν

1017 1080 1033 1116 ἢ
1049 1081 1096 1107 καὶ
1112 1080 1190 1107 ὠθῶν
1206 1081 1269 1112 τοὺς
1282 1081 1459 1116 πειθομένους
1473 1082 1547 1117 αὐτῷ
1559 1091 1565 1097 ”
1584 1082 1640 1108 ἐστι
1659 1083 1686 1109 δὲ
1701 1083 1744 1108 ὅτε
1762 1083 1812 1110 καὶ

1017 1126 1142 1161 ἀσελγεῖς
1162 1126 1322 1162 ἀνθρώπους
1338 1129 1484 1163 συνεργοὺς
1499 1128 1581 1155 αὑτοῦ
1596 1128 1740 1164 λαμϐάνων
1769 1130 1811 1160 εἰς

1016 1173 1064 1209 τὴν
1079 1173 1180 1208 ἑτέρων
1194 1174 1311 1210 ἀπάτην,
1325 1174 1364 1206 ὡς
1379 1175 1427 1200 καὶ
1439 1175 1483 1201 τὸν
1497 1175 1691 1210 εἰδωλολάτρην
1706 1175 1750 1201 ἐπὶ
1762 1175 1810 1201 τοι⁷

1017 1219 1201 1254 ἀπατηθέντα,
1218 1221 1281 1256 περὶ
1298 1218 1329 1246 οὗ
1343 1221 1357 1247 ὁ
1371 1220 1458 1255 λόγος.
1477 1221 1521 1247 Διὸ
1537 1221 1584 1248 καὶ
1600 1222 1629 1248 ὲν
1642 1223 1675 1257 τῇ
1690 1222 1810 1256 ὀπτασίᾳ

1017 1266 1065 1292 καὶ
1078 1265 1176 1301 ἄνδρας
1187 1266 1238 1301 ὁρᾷ
1255 1266 1356 1301 μεταξὺ
1372 1267 1425 1294 τῶν
1439 1267 1537 1302 δφεων,
1549 1267 1671 1294 τουτέστι
1684 1267 1738 1294 τῶν
1751 1267 1811 1294 δαι-

1019 1312 1116 1346 μόνων,
1132 1311 1260 1344 ἓλκοντας
1273 1313 1336 1344 τοὺς
1351 1312 1404 1339 ὑπὸ
1427 1313 1474 1340 τοῦ
1496 1314 1619 1342 διαϐόλου
1635 1314 1808 1351 νικηθέντας,

1016 1355 1053 1384 ὧν
1065 1359 1139 1394 ἡμᾶς
1152 1360 1166 1386 ὁ
1181 1358 1281 1394 Κύριος
1295 1359 1483 1395 ὲλευθερώσοιῐ
1497 1360 1534 1386 Τὸ
1548 1360 1586 1392 δὲ,
1604 1361 1746 1393 Ἀκοντες
1760 1361 1811 1387 καὶ

1014 1405 1194 1439 βιαζόμενοι,
1211 1405 1247 1441 μὴ
1259 1406 1461 1441 ἁναγκαστικήν
1475 1415 1535 1433 τινα
1549 1406 1672 1442 δύναμιν,
1685 1407 1810 1434 τουτέστι

1016 1451 1061 1477 τὸν
1077 1450 1198 1477 διάϐολον
1212 1452 1330 1486 νοητέον,
1345 1452 1383 1483 ὼς
1397 1453 1421 1479 οἱ
1438 1452 1602 1487 Μανιχαῐκοὶ
1611 1472 1618 1484 ,
1630 1452 1808 1484 Μεσαλιανοὶ,

1017 1498 1100 1532 ἤγουν
1114 1498 1236 1533 Εὑχῖταν
1250 1498 1378 1533 (Immittit
1392 1499 1472 1535 γὰρὴ
1484 1499 1550 1534 εὐχὴ
1564 1498 1634 1526 κατὰ
1650 1499 1712 1530 τοὺς
1720 1499 1811 1525 Φοίνι-

1018 1553 1068 1576 κας
1078 1544 1097 1580 ')
1117 1544 1175 1571 ἀλλ’
1192 1545 1242 1576 ὅτι,
1257 1544 1412 1580 πειθόμενοι
1423 1545 1453 1571 τὸ
1465 1545 1548 1572 κακὸν
1560 1545 1672 1580 πρᾶξαι,
1683 1544 1721 1580 τῷ
1736 1546 1811 1571 ἀπα-

1017 1590 1099 1617 τῶντι
1112 1590 1203 1626 χώραν
1221 1590 1346 1626 διδόαμεν
1362 1591 1482 1627 συνεχῶς
1495 1593 1562 1627 ήμῖν
1576 1591 1745 1619 ἐπιτίθεσθαι
1757 1613 1763 1624 ,
1780 1592 1812 1624 ἐξ

1018 1636 1096 1671 ἡμῶν
1112 1636 1172 1662 καθ’
1185 1635 1264 1672 ἡμῶν
1279 1636 1442 1671 λαμϐάνοντι
1461 1636 1509 1672 τὴν
1526 1637 1612 1672 ἰσχύν.
1637 1637 1811 1672 ’Λδυνατήσει

1018 1681 1056 1712 δὲ,
1075 1682 1112 1717 μὴ
1131 1681 1299 1717 πειθομένων
1322 1681 1418 1717 ἡμῶν·
1435 1683 1527 1719 ἐπειδὴ
1543 1684 1626 1718 ἐγγὺς
1639 1684 1717 1719 ἡμῶν
1734 1685 1812 1711 ἐστιν

1018 1728 1034 1763 ὴ
1051 1728 1159 1763 βοήθεια
1175 1728 1221 1754 τοῦ
1231 1728 1313 1759 Θεοῦ,
1326 1729 1626 1766 συνεπιλαμϐανομένη,
1637 1730 1675 1762 ὡς
1690 1731 1765 1765 δηλοῖ
1775 1732 1811 1758 τὰ

1018 1773 1116 1810 ἑφεξῆς
1128 1782 1135 1789 ·
1147 1774 1178 1800 τὺ
1187 1774 1216 1800 δὲ
1226 1773 1275 1808 Μὴ
1283 1774 1386 1800 ἄλλων
1395 1775 1626 1809 ἁμαρτανόντων
1635 1776 1811 1810 ἀνθρώπων,

1018 1821 1072 1848 τῶν
1089 1820 1278 1856 σταυροὺντων
1294 1819 1393 1856 δηλαδὴ
1403 1840 1411 1853 ,
1422 1821 1458 1852 ὼς
1474 1821 1507 1848 ἂν
1522 1822 1545 1848 εἰ
1556 1821 1646 1856 ἔλεγεν
1657 1831 1663 1837 ·
1682 1823 1813 1858 ’Ἐτοιμος

1018 1868 1065 1895 καὶ
1081 1865 1160 1898 αὖθις
1183 1867 1298 1902 πάσχειν
1311 1875 1318 1882 ·
1335 1867 1414 1902 μόνον
1429 1868 1460 1894 οὐ
1473 1867 1508 1894 δι’
1523 1868 1685 1904 ἀνθρώπων,
1705 1869 1749 1896 ἵνα
1772 1870 1812 1906 μὴ

1017 1915 1066 1941 καὶ
1084 1913 1165 1940 πάλιν
1186 1913 1346 1949 ἁμάρτωσιν
1368 1914 1517 1949 ἄνθρωποι.
1542 1915 1698 1950 Σημεέωσαι
1725 1916 1754 1943 δὲ
1781 1918 1813 1943 ἑν

1018 1960 1122 1991 τούτοις
1133 1981 1141 1994 ,
1157 1960 1199 1986 ὅτι
1215 1959 1287 1986 κατὰ
1300 1960 1349 1995 τὴν
1373 1961 1506 1987 ὀπτασίαν
1523 1962 1570 1988 καὶ
1584 1962 1665 1994 αὐτὸς
1679 1963 1693 1989 ὀ
1707 1962 1814 1999 Κύριος

1018 2006 1137 2041 ἀγαθοὺς
1151 2007 1199 2033 καὶ
1216 2005 1424 2042 φιλανθρώπους
1439 2007 1517 2034 καλεί
1532 2009 1595 2041 τοὺς
1616 2010 1710 2044 ἁγίους
1725 2011 1813 2045 ἀγγέ-

1018 2052 1091 2085 λους.

172 2103 284 2130 dem‘ta“
299 2113 305 2131 :
323 2103 417 2130 minus
439 2110 505 2130 sane
529 2101 715 2136 intelligentes
735 2100 874 2129 dictorum
896 2101 969 2134 vim,
985 2109 1046 2136 qua:
1076 2109 1106 2129 se
1136 2101 1239 2137 alioqui
1260 2109 1294 2129 ex
1316 2100 1549 2137 consequentibus
1568 2102 1721 2130 clarissima
1748 2105 1814 2132 luce

174 2150 272 2184 aperit.
297 2148 438 2183 Siquidem
460 2148 596 2183 ejusmodi
615 2153 676 2183 post
693 2148 810 2183 primam
833 2151 860 2175 et
885 2147 1034 2174 secundam
1050 2146 1265 2174 admonitionem
1279 2147 1402 2180 evilatio,
1426 2147 1502 2183 justa
1526 2151 1583 2174 tum
1608 2147 1693 2175 videri
1715 2147 1813 2181 debet,

173 2199 200 2222 et
221 2195 321 2221 rationi
337 2193 529 2224 consentiens,
552 2193 663 2228 quando
679 2193 719 2221 sic
748 2193 929 2226 admonitum,
952 2192 976 2220 is
1001 2193 1049 2228 qui
1072 2193 1187 2220 docendi
1215 2193 1298 2228 pollet
1319 2194 1499 2226 auctoritate.
1518 2203 1568 2223 suo
1588 2197 1712 2231 exemplo
1735 2198 1815 2232 prior

174 2241 311 2273 vitaverit,
323 2245 351 2267 ut
367 2241 413 2276 qui
430 2240 510 2271 sciat,
523 2241 586 2276 quia
601 2240 752 2268 subversus
767 2244 809 2268 est
829 2239 975 2274 ejusmodi,
999 2239 1108 2266 etiamsi
1136 2239 1229 2270 lateat,
1246 2246 1309 2265 cum
1322 2238 1359 2266 sit
1380 2240 1491 2274 proprio
1515 2240 1619 2276 judicio
1643 2242 1814 2269 condemna—

175 2293 230 2317 tus.
260 2289 435 2317 Manifestum
465 2289 551 2322 enim,
579 2290 644 2325 quia
667 2289 772 2317 sanctis
804 2288 967 2316 doctoribus
990 2287 1129 2314 revehitur
1154 2291 1244 2315 status
1277 2286 1434 2314 conditiove
1459 2288 1645 2322 praesentium.
1669 2287 1722 2315 Alii
1747 2297 1815 2317 vero

175 2335 279 2362 dictum
304 2335 357 2363 hoc
383 2343 390 2361 :
416 2335 479 2362 Post
507 2336 622 2370 primum
649 2339 673 2362 et
697 2335 809 2362 alterunt
836 2334 1063 2366 admonitionem,
1092 2332 1125 2360 ad
1149 2332 1223 2360 hunc
1246 2339 1357 2360 sensum
1381 2332 1540 2361 intellexere
1569 2343 1577 2361 :
1603 2334 1683 2370 quasi
1705 2335 1814 2363 dictum

175 2382 233 2409 sit:
248 2380 313 2410 Post
328 2382 482 2410 doctrinam
502 2390 538 2410 ex
559 2381 657 2410 Vetere
681 2381 813 2418 Novoque
827 2381 1003 2410 Testamento
1017 2380 1218 2416 depromptam.
1240 2379 1300 2407 Jam
1324 2386 1408 2413 vero,
1428 2388 1490 2417 quae
1514 2380 1598 2409 fuerit
1623 2382 1712 2417 Carpo
1741 2384 1812 2409 tanti

175 2429 302 2456 mmroris
322 2436 424 2463 causa,
447 2429 529 2457 docet
553 2438 560 2456 :
587 2427 719 2455 nimirum
744 2432 856 2464 propter
884 2435 969 2455 unum
993 2426 1111 2462 aliquem
1138 2425 1173 2453 ab
1186 2426 1273 2453 altero
1287 2425 1418 2461 quopiam
1444 2427 1471 2453 in
1492 2435 1614 2455 errarent
1630 2435 1645 2454 a
1663 2427 1714 2455 (ide
1728 2428 1815 2455 abdu-

175 2482 261 2504 ctum.
277 2476 464 2505 Conveniebat
489 2484 556 2505 sane
571 2476 690 2512 Carpum
710 2476 909 2512 prospicienter
922 2474 1066 2503 consulere
1077 2473 1222 2509 utriusque
1248 2472 1343 2505 saluti,
1370 2477 1452 2508 atque
1474 2473 1513 2500 ita
1523 2472 1626 2508 jugiter
1639 2473 1814 2501 admonendo

176 2522 228 2550 bos
250 2523 401 2558 provehere
427 2523 462 2551 ab
482 2530 578 2551 errore
601 2523 634 2550 ad
655 2522 703 2551 Dei
727 2523 929 2559 cognitionem,
947 2525 977 2549 ut
997 2522 1039 2549 vel
1060 2521 1079 2548 ii
1104 2521 1215 2548 demum
1244 2520 1379 2555 abjuratis
1402 2519 1554 2556 recisisque
1580 2520 1812 2555 disceptationum

176 2570 306 2602 retnoris,
334 2573 446 2605 propter
468 2577 538 2605 quas
562 2569 634 2597 forte
667 2569 714 2596 ille
739 2568 850 2604 quidem
874 2568 992 2595 alterum
1012 2568 1039 2594 in
1066 2574 1189 2596 errorem
1214 2566 1344 2602 pellexit,
1363 2565 1408 2594 hic
1430 2571 1520 2594 autem
1545 2574 1644 2601 passus
1665 2571 1707 2594 est
1729 2574 1758 2594 se
1778 2575 1814 2594 eo

176 2613 284 2651 prolici.
305 2613 362 2641 Nec
387 2617 480 2642 tamen
512 2617 548 2644 ob
567 2617 639 2645 hanc
662 2618 750 2653 ipsam
773 2617 993 2644 controversiam
1018 2616 1063 2644 ille
1083 2616 1201 2643 alterum
1219 2614 1346 2649 deCepit,
1363 2614 1431 2642 alter
1451 2614 1515 2642 item
1536 2615 1601 2642 sivit
1621 2615 1672 2642 sibi
1695 2615 1813 2650 imponi.

176 2661 278 2690 Verum
297 2670 380 2690 causa
407 2662 487 2691 istius
504 2664 746 2700 transgressionis,
768 2671 850 2700 quam
870 2663 915 2691 ille
935 2663 1046 2699 quidem
1068 2663 1226 2692 seduccndo
1251 2662 1379 2694 admisit,
1406 2661 1471 2690 dum
1494 2662 1622 2695 seduxit;
1652 2663 1699 2691 hic
1719 2668 1813 2691 autem

177 2709 319 2742 seductus,
333 2709 490 2745 recipiendo
513 2710 595 2740 istius
619 2711 779 2746 impostoris
802 2710 1003 2746 suggestiones,
1018 2710 1076 2737 haec
1091 2715 1133 2738 est
1151 2718 1157 2736 :
1173 2709 1275 2736 Exorta
1295 2712 1354 2736 erat
1372 2709 1562 2736 controversia
1577 2709 1712 2743 quaedam,
1727 2717 1814 2744 quam

177 2756 202 2784 is
220 2757 266 2791 qui
281 2756 391 2784 demum
417 2756 552 2784 abductus
572 2759 614 2783 est
637 2755 665 2782 in
693 2763 835 2789 errorem,
860 2763 922 2783 cum
944 2755 1077 2783 adversus
1096 2755 1214 2782 alterum
1235 2755 1348 2782 haberet
1373 2761 1467 2782 coram
1493 2754 1597 2789 judice.
1621 2763 1672 2783 nec
1692 2755 1767 2783 illius
1783 2755 1812 2783 in

178 2813 208 2833 se
223 2809 316 2840 posset
330 2805 431 2834 elidere
451 2805 581 2834 ferociam
604 2808 652 2832 aut
678 2805 827 2839 praevalere
849 2814 855 2831 :
878 2804 913 2832 ab
936 2804 1094 2839 integritate
1111 2803 1221 2830 tandem
1246 2801 1308 2830 ﬁdei
1328 2801 1438 2830 deﬂexit
1461 2800 1490 2828 in
1506 2809 1627 2828 errorem
1655 2800 1812 2836 gentilium.

179 2849 206 2876 ν
229 2858 323 2879 verum
344 2859 406 2879 esse
430 2852 578 2882 manifesto
595 2854 728 2887 declarat,
749 2853 821 2890 quod
848 2853 964 2882 infertur
989 2861 996 2879 :
1020 2852 1054 2880 Et
1077 2852 1110 2880 ab
1135 2852 1252 2888 iis,quw
1277 2855 1375 2887 prater
1400 2851 1529 2878 rationem
1546 2849 1675 2877 audacter
1693 2849 1814 2877 admise-

214 2930 228 2946 ι
242 2926 296 2954 Tit.
313 2935 353 2960 ιιι,
372 2929 414 2957 10.
