1923 3067
118 154 167 181 ιθι
491 150 716 179 ΡΑΟΙΙῨΜΕΚΕ
734 150 903 179 PARAPHR.

956 151 981 180 'S
999 151 1033 179 IN
1052 151 1126 180 EPP.
1149 151 1180 180 S.
1200 152 1361 182 DIONYSII.
1697 160 1751 188 482

119 215 191 244 runt,
213 211 351 246 resipicere
371 209 452 245 273
475 215 648 246 cottgerentur
671 218 680 237 :
709 210 781 246 quod
797 210 925 238 videlicet.
941 210 986 238 ille
1000 218 1015 238 a
1040 218 1069 239 se
1084 211 1245 239 laedentibus
1269 211 1368 239 misere
1393 211 1431 240 sit
1454 218 1594 250 acceptus,
1617 223 1666 251 per
1680 225 1750 253 quos

119 260 268 292 seductus,
290 259 318 287 in
338 265 460 287 errorem
483 265 513 285 se
532 256 646 285 dedidit.
660 256 779 284 Decebat
793 257 885 292 itaque
904 257 961 285 haec
976 258 1034 285 tieri
1060 265 1111 293 pro
1139 257 1204 285 illis.
1222 258 1329 293 Carpus
1344 259 1452 287 interim
1467 259 1533 288 dum
1559 261 1640 296 hanc,
1655 265 1750 292 nescio

117 315 173 342 quo
188 310 286 342 pacto,
314 306 467 341 illiquasset
494 302 704 330 amaritudinem
725 303 820 330 animo
844 310 913 334 suo,
929 303 1106 331 obdormivit.
1126 302 1207 330 Circa
1223 304 1342 331 medium
1368 305 1459 333 noctis
1477 314 1527 341 pro
1552 309 1753 338 consuetudine

117 352 226 388 Carpus
241 359 340 381 somno
353 357 506 381 excussus,
530 352 558 377 et
579 348 613 375 ad
637 348 746 375 divinas
774 348 882 376 excitus
907 348 1019 380 laudes,
1036 356 1099 376 cum
1125 349 1227 384 alioqui
1251 357 1299 384 per
1321 351 1529 379 tumultuariam
1561 353 1751 389 intemperiem

119 399 243 434 pressius
265 397 433 426 insidentem
455 396 549 423 animo
568 395 741 423 incommode
755 395 919 430 requiesset.
933 395 1053 431 graviter
1071 396 1185 428 ferebat,
1197 399 1224 424 et
1242 397 1426 432 permoleste;
1447 399 1531 427 Deum
1551 400 1664 436 insuper
1685 409 1751 429 ora-

118 443 184 475 bat,
208 447 358 478 utrumque
380 446 410 469 ut
431 441 604 477 disperderet
623 440 731 468 cmlesti
756 439 866 468 ﬂamma
889 448 921 468 ac
940 441 1024 468 veluti
1047 441 1162 469 fulmine
1189 443 1330 477 quopiam.
1353 444 1485 481 Πρηστήρ
1510 446 1582 473 enim
1599 447 1718 482 fulmen,
1735 457 1750 476 ει

118 489 218 526 πρήθω
236 489 381 517 deducitur
397 498 404 516 :
423 490 475 518 hoc
492 495 545 523 est,
564 490 647 523 καίω,
672 490 804 523 incendo,
829 490 925 519 aduro.
946 491 978 518 Et
993 491 1051 519 haec
1066 499 1127 518 cum
1150 491 1264 524 diceret,
1287 493 1363 521 visus
1382 497 1425 522 est
1443 494 1535 523 videre
1551 495 1751 526 formidabilem

118 535 193 562 illam
207 535 341 563 visionem
351 555 359 567 ,
372 543 455 570 quam
468 535 564 563 subtili
577 535 722 562 admodum
737 535 913 562 enarratione
937 539 1071 564 recenset.
1087 535 1144 564 Nos
1159 536 1243 571 igitur
1266 541 1295 564 ut
1320 538 1449 566 omnibus
1464 540 1618 570 confessam
1634 543 1750 572 nullius-

118 590 174 617 que
188 582 309 618 indigam
334 581 702 617 expositionis.omisimus,
733 580 787 608 hoc
816 584 922 608 tantum
951 581 1138 616 subjicientes.
1165 581 1199 609 de
1224 582 1461 618 demulcentibus,
1487 588 1616 623 omnique
1641 590 1749 618 ratione

118 629 147 657 in
161 630 280 657 biuleam
310 629 383 656 illam
409 628 568 664 voraginem
584 627 701 654 miseros
718 626 864 654 deturbare
887 627 1079 656 molientibus.
1100 627 1168 654 Nota
1182 631 1210 655 et
1234 636 1268 655 ex
1295 628 1339 656 bis
1355 631 1463 666 collige,
1481 640 1562 667 quam
1579 634 1679 662 misere
1692 634 1751 662 dia-

117 677 198 705 bolus
214 676 338 704 homines
366 675 517 710 praecipitet
536 676 564 703 in
583 675 712 703 tenebras
740 676 801 703 illas
825 676 975 704 exteriores
990 696 998 708 ,
1029 684 1098 711 quas
1120 676 1165 703 hic
1192 676 1291 711 ἀχανές
1320 682 1410 709 vocat;
1431 678 1537 706 scilicet
1560 680 1706 717 βάραθρον,
1722 681 1750 708 id

116 726 161 749 cst
184 722 338 750 vastitatem
353 728 386 748 ac
400 722 568 757 voraginem.
585 721 726 754 Homines,
742 722 865 756 inquam,
886 729 918 749 eo
944 722 1096 757 protrudit,
1126 722 1184 749 sive
1205 722 1229 749 is
1249 723 1285 749 sit
1311 723 1409 758 planus
1425 723 1470 751 ille
1487 728 1514 751 et
1535 726 1677 760 impostor,
1693 727 1750 755 sive

117 768 163 803 qui
185 767 299 802 impellit
315 774 329 794 a
354 775 383 795 se
409 775 558 803 persuasos
579 771 607 795 et
629 768 737 795 illectos
763 767 790 795 in
816 775 949 795 errorem.
967 766 1015 795 Est
1031 768 1076 794 ubi
1092 775 1288 803 nonnunquam
1305 768 1375 795 idem
1397 769 1547 805 ﬂagitiosos
1573 771 1750 806 impurosque

117 816 293 850 cooperarios
309 816 362 843 sibi
378 816 504 850 asciscit,
527 824 644 852 quorum
665 824 749 852 opera
771 817 904 852 implanat
922 816 1068 852 plerosque
1092 817 1162 844 alios
1182 820 1211 843 ut
1227 816 1402 844 idololatram
1426 817 1503 844 illum
1520 816 1554 843 ad
1579 818 1639 853 ejus
1666 818 1749 846 sedu-

116 864 254 894 ctionem,
274 863 307 890 de
330 870 384 898 quo
406 871 527 898 praesens
550 872 641 891 sermo
655 867 708 891 est.
727 863 899 899 Quapropter
920 864 1026 900 Carpus
1053 865 1079 892 in
1106 864 1214 892 visione
1241 864 1292 891 hac
1307 865 1380 892 viros
1395 866 1544 893 etiamnum
1561 870 1707 893 contuetur
1721 866 1748 893 in

117 912 208 939 medio
221 912 403 939 consistentes
428 912 607 946 serpentium,
636 912 686 939 hoc
702 915 744 939 est
759 912 914 939 dmmouum
935 913 1004 949 :qui
1031 913 1065 940 ab
1089 913 1232 940 inccntore
1257 913 1366 940 diabolo
1392 912 1479 939 victos
1502 912 1690 946 pertraherent
1714 913 1748 939 ad

116 957 246 990 Tartara,
262 965 276 984 a
293 958 392 993 quibus
414 966 464 986 nos
481 958 586 986 Domini
607 959 762 994 benignitas
777 960 882 987 liberet.
901 971 903 981 ν

956 961 979 987 ιιι
992 965 1082 988 autem
1098 961 1222 988 addidit:
1239 961 1352 993 ἄκοντες
1376 961 1422 987 καὶ
1451 960 1615 996 βιαζόμενοι,
1646 960 1673 988 id
1702 965 1746 989 est

117 1005 196 1031 inviti
212 1010 236 1032 et
252 1006 377 1033 violenter
392 1005 494 1041 abrepti
507 1014 515 1032 :
530 1013 583 1033 non
600 1006 652 1033 hoc
669 1007 743 1033 dicto
758 1007 839 1034 ullam
861 1007 977 1042 imponit
1004 1008 1178 1036 necessitatis
1190 1008 1256 1039 vim,
1271 1007 1324 1035 hoc
1351 1012 1393 1035 est
1414 1011 1443 1034 ut
1472 1015 1507 1034 ne
1532 1007 1670 1041 intelligas
1693 1007 1749 1034 dia-

120 1052 232 1084 bolum,
248 1052 478 1093 quemadmodum
505 1053 663 1085 Manichaei,
688 1053 829 1081 Mesaliani
855 1055 912 1081 sive
941 1053 1063 1081 Euchitm
1076 1055 1197 1082 sentiunt
1221 1054 1340 1088 (mesala
1355 1058 1446 1082 autem
1471 1055 1563 1090 lingua
1586 1054 1746 1082 Phoenicum

119 1099 207 1125 oratio
224 1098 354 1134 dicitur);
370 1099 417 1127 sed
431 1100 494 1135 quia
509 1100 634 1135 persuasi
650 1104 679 1127 ut
692 1100 756 1127 mali
772 1100 922 1135 quidquam
933 1108 1089 1136 operemurl
1117 1109 1169 1129 nos
1180 1102 1299 1130 ultronei
1318 1101 1443 1129 cedimus
1467 1101 1612 1136 impostori
1635 1101 1725 1128 locum
1739 1109 1746 1127 :

116 1144 182 1171 hinc
198 1151 248 1172 nos
272 1144 383 1179 inopine
401 1152 433 1171 ac
455 1144 529 1171 velut
543 1152 576 1172 ex
601 1144 710 1172 insidiis
731 1144 865 1176 adoritur,
896 1153 930 1172 ex
956 1145 1036 1172 nobis
1059 1146 1126 1180 ipsis
1146 1146 1219 1173 vires
1241 1145 1387 1172 adversum
1413 1153 1463 1173 nos
1485 1145 1627 1180 colligens.
1653 1145 1748 1180 Neque

114 1189 189 1216 enim
203 1197 258 1216 non
273 1190 415 1225 persuasis
428 1192 520 1225 nobis,
540 1193 641 1227 poterit
654 1193 795 1228 quidpiam
809 1193 954 1220 adversum
967 1201 1035 1227 nos;
1049 1193 1159 1229 quando
1170 1194 1198 1221 in
1212 1199 1334 1228 tempore
1363 1198 1390 1221 et
1417 1201 1432 1222 e
1453 1194 1545 1221 vicino
1566 1194 1643 1221 adest
1669 1194 1748 1221 nobis

118 1237 265 1264 auxiliaris
282 1236 328 1264 Dei
352 1237 507 1272 benignitas
520 1239 689 1274 coadjuvans
704 1247 754 1267 nos
771 1247 802 1266 ac
828 1239 1000 1273 suti‘ulcicns,
1030 1240 1260 1276 quemadmodum
1294 1241 1418 1276 proxime
1449 1240 1592 1276 sequentia
1615 1240 1748 1268 indicant.

115 1282 186 1309 Illud
203 1283 280 1315 item,
295 1283 364 1310 Dum
379 1292 431 1311 non
443 1285 491 1311 alii
507 1285 626 1313 homines
646 1292 774 1320 peccent:
788 1286 968 1322 supplendum
984 1291 1037 1319 est,
1065 1287 1244 1322 cruciﬁgaut,
1271 1295 1303 1315 ac
1323 1289 1347 1315 si
1371 1288 1474 1315 diceret
1507 1297 1513 1314 :
1542 1286 1660 1314 Paratus
1687 1295 1748 1314 sum

118 1330 175 1364 pati
191 1330 304 1362 iterum,
320 1334 426 1358 tantum
439 1340 493 1359 non
504 1340 551 1367 per
562 1333 704 1364 homines,
721 1337 751 1361 ut
764 1341 798 1360 ne
813 1341 909 1361 rursus
928 1337 1042 1368 peccent
1072 1334 1208 1362 homines.
1226 1334 1382 1362 Notandum
1404 1333 1515 1361 interim
1534 1332 1599 1360 dum
1630 1333 1687 1361 lucc
1705 1333 1748 1362 diw

114 1380 228 1408 cuntur,
252 1376 317 1412 quia
342 1377 370 1404 in
392 1377 443 1404 bac
462 1377 567 1405 visione
587 1377 719 1406 Dominus
741 1379 799 1414 ipse
820 1379 908 1407 bonos
923 1384 1005 1414 atque
1021 1383 1145 1407 amantes
1162 1380 1269 1414 generis
1285 1379 1413 1411 humani,
1441 1383 1522 1406 vocat
1546 1381 1658 1406 sanctos
1682 1385 1747 1406 suos

114 1423 239 1458 angelos.

301 1472 355 1499 ΕΙΣ
375 1471 446 1498 ΤΗΝ
465 1472 493 1498 0’
513 1471 720 1499 ΕΠΙΣΤΟΔΗΝ.

153 1515 234 1551 υῦτός
256 1520 330 1546 ἐστιν
354 1519 431 1553 ἆγιος
452 1519 540 1551 Τῖτος,
557 1520 571 1545 ὁ
585 1519 632 1545 τοῦ
656 1519 733 1554 ἁγίου
757 1520 905 1548 ἀποστόλου

112 1566 222 1592 Παύλου
243 1565 392 1601 γνώριμος,
411 1564 441 1591 ὃν
457 1565 502 1592 καὶ
526 1565 640 1601 Κρήτης
658 1565 825 1601 κατέστησεν
851 1566 906 1592 ἐπί-

114 1621 228 1643 σκοπον,
243 1611 280 1643 ὡς
294 1611 311 1647 ἡ
335 1611 404 1647 πρὸς
419 1611 500 1637 αὐτὸν
514 1612 649 1646 γραφεῖσα
671 1611 799 1647 ἐπιστολὴ
813 1612 903 1648 δηλοῖ·

115 1658 185 1694 πρὸς
198 1658 228 1684 ὃν
243 1657 407 1684 ἐπιστέλλων
423 1657 505 1692 φησὶν
516 1657 530 1683 ὁ
547 1657 632 1693 μέγας
649 1657 796 1690 Διονύσιος,
816 1659 856 1685 ὅτι
875 1659 906 1685 '0

110 1703 171 1736 μὲν
184 1702 262 1737 ἱερὸς
275 1704 412 1737 Τιμόθεος
424 1703 479 1729 οὐκ
488 1702 555 1729 οῖδα
569 1703 598 1729 εἴ
612 1711 693 1735 τινος
704 1703 763 1729 τῶν
773 1703 837 1738 ἐμοὶ
847 1703 904 1730 διε-

112 1749 295 1784 τνωσμένων
302 1748 480 1784 θεολογικῶν
489 1748 784 1783 συμϐόλωνάνήκοος
792 1749 888 1784 ἐφάνη
896 1758 902 1764 ·

112 1795 183 1831 πρὸς
195 1795 276 1822 αὑτὸν
289 1795 344 1830 γὰρ
357 1794 390 1822 τὰ
404 1795 518 1824 πλεῖστα
535 1795 588 1821 τῶν
605 1795 677 1822 ἰδίων
693 1795 824 1831 συνέθηκε
843 1805 905 1830 συγ-

112 1842 294 1878 γραμμάτων.
329 1841 373 1868 Ὲν
401 1842 434 1877 τῇ
469 1841 642 1875 Συμϐολικῇ
677 1841 742 1876 γοῦν
774 1842 906 1877 θεολογίᾳ

112 1887 365 1924 διηυκρινησάμεϐα
395 1886 480 1913 πολλὰ
503 1887 558 1913 τῶν
585 1887 737 1915 δοκούντων
765 1890 906 1925 τερατολο-

111 1934 181 1968 γιῶν
193 1942 199 1949 ·
215 1934 330 1960 ἀτοπίαν
342 1933 396 1969 γὰρ
407 1932 581 1961 ἀποτίθενται
596 1935 656 1965 ταῖς
669 1934 776 1960 ἀτελέσι
791 1934 903 1970 ψυχαῖς·

110 1980 126 2005 ὂ
142 1979 175 2015 δὴ
190 1978 433 2014 ἀπομόργνυνταί
447 1986 539 2013 φησιν.
563 1972 800 2012 Ἀπιπμὲἒρξασθαι
810 1979 838 2005 δέ
848 1980 905 2005 ἐστι

111 2025 144 2052 τὸ
157 2024 401 2059 ἐναπομάξασθαι
418 2024 466 2050 καὶ
484 2024 624 2058 ἐμϐαλεῖν
643 2032 668 2050 τι
692 2024 731 2055 εἰς
744 2024 793 2060 τὴν
808 2024 904 2051 ἑαυτοῦ

112 2071 243 2103 διάνοιαν,
261 2072 293 2097 ὲκ
308 2070 464 2106 μεταφορᾶς
479 2070 532 2096 τῶν
546 2069 773 2106 ζωγραφούντων,
784 2070 808 2096 οἳ
825 2079 906 2106 προσ-

112 2117 222 2152 έχοντες
245 2118 278 2152 τῇ
304 2115 428 2152 ἀληθείᾳ,
447 2115 584 2152 γράφουσι
607 2116 656 2147 τὰς
673 2115 790 2149 εἰκόνας,
804 2116 904 2144 ὁπόταν

1144 1473 1226 1510 274
1244 1473 1278 1500 iN
1299 1472 1493 1501 EPISTOLAM
1514 1472 1560 1501 IX.

993 1518 1042 1545 ilic
1063 1519 1110 1546 ille
1139 1523 1182 1546 est
1207 1523 1319 1546 sanctus
1347 1518 1427 1546 Titus
1453 1518 1607 1546 beatissimi
1629 1519 1747 1554 apostoli

957 1563 1035 1591 Pauli
1061 1572 1194 1600 perquam
1223 1564 1367 1591 familiaris
1383 1563 1546 1598 discipulus,
1561 1571 1642 1598 quem
1660 1563 1747 1591 Cretae

957 1611 1053 1638 insula:
1069 1610 1191 1646 przefecit
1207 1610 1235 1637 in
1250 1611 1420 1646 episcopum,
1433 1614 1463 1637 ut
1479 1610 1512 1637 ad
1528 1610 1653 1637 eumdem
1677 1609 1747 1637 scri-

957 1662 1003 1692 pta
1020 1657 1121 1684 indicat
1137 1657 1262 1691 epistola.
1279 1656 1358 1684 llunc
1377 1656 1526 1683 etiamnum
1543 1663 1591 1690 per
1602 1655 1746 1690 epistolam

956 1702 1075 1729 eximius
1091 1705 1169 1737 pater
1184 1701 1331 1735 Dionysius
1347 1701 1448 1728 talibus
1462 1700 1621 1734 alloquitur,
1630 1699 1725 1726 dicens
1738 1709 1745 1726 :

957 1747 1087 1783 Equidem
1112 1756 1164 1774 non
1185 1747 1252 1774 satis
1264 1747 1330 1779 scio,
1344 1747 1368 1773 si
1388 1746 1464 1780 cujus
1486 1753 1587 1778 eorum,
1603 1753 1661 1780 qua!
1682 1744 1746 1771 mihi

957 1798 1090 1828 comperta
1111 1797 1183 1825 sunt,
1201 1792 1402 1827 theologicorum
1423 1792 1558 1827 signorum
1581 1790 1655 1817 rudis
1683 1798 1746 1817 eva-

957 1840 1023 1866 serit
1045 1839 1184 1874 ignarusue
1209 1846 1285 1866 sacer
1316 1838 1488 1870 Timotheus;
1523 1837 1557 1864 ad
1582 1844 1644 1864 eum
1673 1836 1745 1863 enim

956 1885 1098 1912 meliorem
1116 1892 1228 1912 suorum
1239 1892 1352 1919 operum
1364 1887 1469 1919 partem
1485 1882 1698 1917 conscripserat.
1716 1880 1745 1908 In

957 1930 1109 1965 Symbolt'ca
1127 1930 1201 1958 enim
1222 1930 1361 1965 theologia,
1377 1929 1495 1965 plurima
1510 1927 1644 1963 ejusmodi
1668 1928 1745 1954 locu-

957 1978 1074 2009 tionum,
1101 1984 1162 2012 qute
1196 1984 1258 2004 cum
1286 1975 1383 2011 primis
1407 1974 1534 2002 absurdae
1560 1974 1745 2009 prodigiisque

955 2023 1168 2058 haudquaquam
1193 2022 1334 2049 absimilcs
1346 2021 1520 2052 videbantur,
1533 2028 1583 2047 nos
1599 2020 1637 2047 illi
1649 2024 1745 2047 exacto

954 2069 1058 2104 judicio
1074 2068 1283 2096 elucidavimus.
1297 2067 1434 2101 Quiddam
1445 2066 1517 2093 enim
1533 2065 1655 2092 insolens
1666 2072 1745 2099 pror-

956 2124 1004 2144 sus
1019 2119 1046 2143 et
1060 2114 1221 2146 absurdum,
1238 2114 1353 2141 rudibus
1374 2112 1465 2145 adhuc
1492 2111 1592 2139 animis
1621 2111 1745 2137 inserunt

113 2164 189 2190 ἴδωσι
211 2163 309 2199 δηλαδὴ
330 2163 394 2194 τοὺς
410 2162 530 2198 πατέρας
554 2162 604 2197 τῆς
625 2163 780 2198 ἀπορρήτου
799 2163 903 2197 σοφίας,

957 2159 1194 2194 atqueinstillant;
1206 2158 1279 2193 quod
1292 2166 1357 2185 sane
1372 2157 1474 2184 indicat
1485 2156 1597 2183 verbum
1621 2155 1744 2191 ἀπομόρ-

111 2210 212 2247 δηλαδὴ
227 2210 291 2242 τοὺς
310 2210 452 2246 προφήτας
465 2209 510 2236 διά
524 2218 604 2236 τινων
619 2209 904 2245 παρακεκινδυνευμέ-

111 2265 165 2284 νων
180 2255 349 2291 αἰνιγμάτων
369 2256 552 2291 ἐμφαίνοντας
567 2254 616 2290 τὴν
631 2255 769 2291 ἀλήθειαν.
793 2255 839 2282 Διὸ
858 2255 905 2282 καὶ

111 2302 205 2329 πολλοὶ
227 2301 370 2329 ἀπιστοῦσι
390 2301 458 2336 πρὸς
471 2301 502 2327 τὸ
522 2300 574 2333 ἔξω
591 2301 678 2336 μόνων
697 2300 751 2327 τῶν
765 2301 904 2336 ὀνομάτων

111 2348 266 2384 βλέποντες.
289 2347 384 2382 Ἡμεῖς
401 2347 441 2379 δὲ,
460 2348 484 2373 εὶ
507 2347 599 2382 γυμνά
621 2346 655 2373 τὰ
679 2347 828 2383 πράγματα
842 2346 904 2372 θεα-

111 2394 238 2430 σαίμεθα,
260 2393 461 2429 σεϐασθείημεν
477 2393 526 2429 τὴν
544 2393 624 2428 ἁγίαν
646 2393 694 2420 καὶ
712 2392 904 2428 προσκυνητὴν

110 2441 225 2477 Τριὰδα,
239 2441 289 2476 τὴν
314 2441 405 2476 πηγὴν
421 2440 471 2476 τῆς
489 2439 573 2476 ζωῆς,
589 2440 629 2471 είς
649 2439 748 2475 ἑαυτὴν
771 2439 904 2474 χεομένην

110 2488 160 2515 καὶ
172 2487 215 2522 ἐφ’
230 2486 329 2522 ἑαυτῆς
347 2485 482 2513 ἑστῶσαν·
496 2485 633 2512 δείκνυται
651 2484 705 2520 γὰρ
721 2483 844 2510 ἐντεῦθεν
858 2483 904 2510 καὶ

109 2535 142 2561 τνδ
155 2534 312 2570 ὁμοούσιον·
328 2534 374 2560 καὶ
389 2534 430 2560 ὅτι
443 2532 571 2569 ήΜονὰς,
589 2532 629 2563 είς
643 2530 745 2567 Τριάδα
759 2529 904 2566 προελθοῦ-

110 2590 156 2613 σα,
179 2581 276 2616 μέχρις
297 2579 383 2614 αὐτῆς
411 2579 529 2610 ἵσταται,
548 2577 640 2609 καθὼς
662 2577 710 2604 καὶ
737 2577 751 2603 ὁ
779 2576 904 2610 θεολόγος

110 2629 180 2664 φησὶ
207 2627 358 2664 Γρηγόριος
378 2626 445 2662 (ιο),
461 2626 573 2661 Πρέπον
599 2624 665 2659 γοῦν
695 2624 824 2660 ᾠήθημεν
839 2624 903 2650 ἀνα-

110 2674 265 2710 πτυχθῆναι
279 2672 353 2708 αὐτῷ
362 2681 402 2705 τε,
414 2673 461 2699 καὶ
474 2672 513 2707 τῷ
524 2671 589 2708 ἱερῷ
599 2670 734 2706 Τιμοθέῳ,
744 2670 791 2697 καὶ
802 2670 902 2701 ἄλλοις,

109 2722 160 2756 τὴν
176 2719 303 2755 τοιαύτην
321 2718 485 2754 συμϐολικὴν
500 2717 608 2749 πλάσιν,
623 2716 670 2743 καὶ
692 2716 736 2743 διὰ
755 2715 834 2742 τοῦτο
853 2716 902 2751 τὴν

109 2763 301 2800 Σιεμῦὀλικὴν
315 2764 471 2797 θεολογίαν
491 2762 671 2798 συνεθέμεθα·
695 2761 729 2787 τὰ
749 2761 803 2797 γὰρ
826 2761 903 2793 ἐκτὸς

108 2812 161 2847 τῆς
181 2810 309 2845 τοιαύτης
335 2809 538 2845 ἱεροπλαστίας,
555 2809 656 2844 ὁπόσης
671 2808 781 2843 (15)καὶ
804 2807 903 2842 πολλῆς

956 2214 1076 2239 γνυνται.
1111 2203 1330 2240 Ἀπομόρξασθαι
1355 2203 1439 2234 enim,
1455 2202 1525 2229 idem
1550 2205 1580 2229 ut
1606 2201 1744 2237 ἐναπομά-

956 2252 1052 2285 ξασθαι
1070 2251 1118 2277 καὶ
1131 2250 1270 2286 ἐμϐαλεῖν,
1284 2250 1310 2277 id
1336 2253 1379 2277 est
1403 2248 1576 2283 impressisse,
1592 2247 1743 2278 inseruisse.

955 2298 1077 2332 injecisse
1091 2304 1100 2323 :
1117 2297 1168 2324 boc
1184 2300 1237 2327 est,
1255 2295 1367 2331 quidvis
1379 2294 1530 2322 immisisse
1544 2301 1600 2321 sua:
1612 2293 1695 2321 menti
1717 2297 1744 2321 et

955 2343 1124 2379 cogitationi,
1147 2343 1307 2377 metaphora
1325 2349 1339 2368 a
1349 2341 1503 2377 pictoribus
1518 2341 1612 2371 ducta.
1623 2339 1670 2375 qui
1685 2339 1745 2366 ani-

955 2397 1001 2418 mo
1024 2390 1102 2425 prius
1123 2388 1195 2416 afﬁxi
1219 2388 1293 2415 veris
1314 2387 1440 2422 vivisque
1454 2385 1668 2421 exemplaribus,
1679 2393 1746 2413 suas

955 2436 1054 2464 deinde
1072 2436 1211 2463 delineant
1236 2439 1263 2462 et
1287 2434 1402 2470 pingunt
1427 2432 1678 2468 imagineszidque
1704 2432 1742 2464 tit,

954 2491 1016 2510 cum
1033 2482 1143 2510 videant
1160 2482 1310 2510 reconditae
1322 2480 1462 2515 sapientiae
1477 2483 1582 2515 patres,
1597 2478 1744 2514 prophetas

955 2529 1090 2560 videlicet,
1101 2535 1150 2564 per
1163 2527 1288 2562 quaedam
1301 2526 1463 2563 periculosae
1473 2525 1598 2553 lectionis
1614 2525 1745 2560 aenigma-

954 2579 982 2602 ta
999 2574 1104 2610 speculi
1122 2574 1182 2601 vice
1199 2573 1284 2608 ipsam
1296 2572 1481 2607 exprimentes
1497 2572 1649 2599 veritatem.
1667 2569 1745 2597 lianc

955 2619 990 2646 ob
1005 2626 1061 2646 rem
1089 2618 1214 2653 plerique
1234 2617 1377 2644 hominum
1401 2616 1464 2643 talia
1480 2620 1594 2644 censent
1609 2620 1746 2650 suspectat

953 2672 1015 2692 esse
1033 2663 1106 2694 ﬁdei,
1124 2671 1174 2691 nec
1188 2663 1317 2694 credunt.
1331 2662 1366 2689 ad
1376 2665 1491 2690 externa
1505 2661 1642 2697 ejusmodi
1654 2660 1744 2688 nomi-

953 2718 1019 2738 num
1032 2710 1173 2737 involucra
1190 2710 1286 2736 attenti
1299 2709 1398 2736 solum.
1413 2707 1532 2735 Proinde
1546 2715 1607 2740 nos,
1625 2707 1648 2734 si
1661 2707 1743 2735 modo

954 2764 998 2783 res
1028 2755 1162 2789 ejusmodi
1198 2755 1287 2782 nudas
1316 2753 1581 2788 contemplabimur,
1611 2752 1742 2787 religione

954 2802 1040 2829 multa
1064 2802 1249 2829 reverebimur
1285 2803 1490 2828 sacrosanctam
1520 2798 1742 2833 adorandamque

106 2844 158 2893 τῆς
169 2844 311 2892 τερατείας
326 2844 548 2890 ἀναπέπλησταιί
564 2852 619 2880 οἷον
634 2854 678 2880 ὅτε
696 2853 815 2888 γαστέρα
832 2851 898 2879 Θεοῦ

956 2848 1125 2879 Trinitatem.
1151 2848 1214 2875 vita:
1245 2847 1331 2875 totius
1353 2848 1476 2874 fontem:
1492 2845 1628 2880 siquidem
1647 2844 1675 2871 in
1694 2852 1740 2872 se—

107 2902 258 2938 ἀχούομεν·
279 2903 325 2929 Ἐκ
344 2901 473 2936 γαστρὸς
487 2901 542 2935 πρὸ
564 2900 734 2934 Ἐωσφψου
748 2897 897 2932 ἐγέννησεὶ

954 2895 1043 2930 ipsum
1056 2893 1145 2926 fundi,
1174 2893 1202 2920 in
1227 2893 1375 2928 semetipso
1394 2891 1575 2919 nihilominus
1602 2890 1740 2919 stabiliter
