1940 3064
195 139 249 166 ιεδ

591 136 763 164 ΛΡΡΕΝΒΙΧ
779 137 825 164 AD
841 135 956 164 OPERA
974 136 1002 164 S.
1023 135 1172 164 DlONYSll
1192 134 1434 162 ΑΒΕΟΡᾹῧΙΤΔΕ.

1765 136 1813 164 484

193 203 354 230 permanere
372 195 566 230 intelligemus.
590 195 659 222 llinc
679 197 750 223 enim
776 195 863 229 ipsum
884 195 975 230 ὁμοόυ-

1031 203 1083 222 σε’
1107 194 1154 220 καὶ
1173 194 1250 227 λόγον
1283 193 1424 228 χεόμενον-
1455 192 1648 226 Ἐξηρεύξατο
1671 193 1690 226 ἡ
1713 193 1816 228 καρδία

194 250 251 267 σιον
273 241 487 272 demonstratur.
504 249 553 276 par
565 242 694 268 nimirum
715 241 865 275 eademque
878 241 905 267 in
922 240 981 267 Tri-

192 288 278 315 nitate
290 288 461 315 substantia:
476 292 502 316 et
516 288 579 323 quia
592 287 689 315 Unitas
701 288 728 314 in
742 287 902 314 Trinitatem
918 294 981 321 pro-

192 333 321 368 grediens
343 333 377 360 ad
405 334 492 368 ipsam
523 340 610 368 usque
624 333 742 364 sistitur,
761 333 838 366 juxta
851 333 980 360 assertio-

192 386 254 404 nem
269 378 361 405 eximii
374 378 447 404 illius
465 377 584 413 theologi
600 376 734 412 Gregorii.
750 376 816 404 Rem
832 377 915 412 igitur
926 384 980 404 non

193 423 349 450 indecoram
359 423 479 451 facturos
489 431 538 451 nos
547 431 608 451 esse
615 424 783 458 putavimus,
792 424 813 451 si
821 423 873 458 ipsi
884 427 980 451 sancto

191 476 245 503 que
266 468 418 501 Timotheo,
440 469 600 503 caeterisque
620 470 753 496 rationem
779 469 979 504 explicaremus

191 513 271 542 istius
285 514 456 549 ﬁgurationis
473 514 639 549 symbolicze.
661 514 749 549 liujus
761 515 833 542 enim
846 515 928 542 unius
940 515 979 542 rei

191 560 279 593 gratia
296 567 365 594 opus
381 560 431 594 ipsi
452 560 639 595 compegimus
653 560 814 595 Symbolica:
831 560 977 595 tlteologim.

191 606 256 639 Qua:
266 607 338 633 enim
352 606 412 633 sine
425 607 470 632 tali
483 614 561 634 sacra
578 606 695 638 ﬁctione,
712 614 773 641 qure
785 607 811 633 in
828 606 979 641 Symbolim

191 651 320 685 theologia
341 651 502 685 explicatur,
529 651 687 686 capiuntur,
710 656 822 686 quanta,
843 659 979 686 quamque

190 697 274 723 multa
301 696 487 731 prodigiorum
515 697 602 723 instar
620 697 780 732 indignitate
804 697 882 732 plena
896 698 975 724 sunt!

190 742 225 769 Ut
237 750 298 769 cum
315 742 472 770 inaudi-mus
489 747 610 770 ventrem
624 742 670 770 Dei
689 753 694 770 :
710 743 752 770 Ea:
764 749 837 771 utero
853 748 913 770 ante
922 743 978 770 Lu-

189 790 299 824 ciferum
316 791 392 826 genui
411 794 434 817 te
442 795 468 818 ν.
484 790 603 818 Verbum
622 790 739 818 effusum
756 801 762 818 :
780 790 919 818 Eructavit
932 798 978 817 cor

189 846 275 864 meum
289 837 393 864 verbum
420 836 516 863 bonum
524 841 546 864 κ.
572 836 703 871 Spiritum
733 837 796 863 item
812 845 818 862 :
833 836 867 862 Et
882 837 977 870 spiritu

1029 249 1089 274 μου
1104 241 1196 274 λόγον
1207 240 1331 274 ἀγαθόν·
1349 238 1395 265 καὶ
1413 238 1535 273 πνεῦμα’
1550 238 1606 265 Καὶ
1620 238 1659 271 τῷ
1674 240 1815 273 ,πνεύματι

1032 287 1085 314 τοῦ
1102 287 1249 321 στόματος
1263 286 1370 312 αὑτοῦ·
1388 285 1434 312 καὶ
1451 285 1567 316 κόλπους
1583 285 1765 319 θεογονικούς-
1786 287 1815 312 '0

1032 334 1073 360 ῶν
1087 334 1130 366 εὶς
1144 333 1197 359 τὸν·
1212 333 1328 359 κόλπον
1342 332 1394 358 τοῦ
1410 333 1524 365 Πατρός
1534 340 1540 347 ·
1560 332 1608 359 καὶ
1630 332 1726 368 δένδρα
1745 333 1813 359 τινόν

1035 379 1068 406 Τὸ
1080 379 1175 411 ξύλον
1188 378 1243 413 τῆς
1262 378 1344 411 ζωῆς·
1364 378 1410 404 καὶ
1429 377 1568 413 βλαστοὺς,
1581 378 1619 409 ὡς
1633 378 1674 409 τὸ,
1684 379 1733 405 Ἐκ
1740 379 1815 410 ,βλα-

1031 426 1116 457 στοῦ,
1128 425 1174 451 ΥΙέ
1185 434 1254 459 μου,
1278 424 1402 458 ἁνὲϐης⁴
1420 425 1467 450 καὶ
1480 424 1519 455 τὸ,
1537 424 1667 456 Ἀνθήσει
1681 424 1729 450 καὶ
1741 425 1816 456 ,βλα-

1031 470 1139 503 στήσει
1162 469 1274 500 Ἰακὼϐ,
1292 470 1337 495 ἐπὶ
1367 468 1485 504 Χριστοῦ
1504 468 1614 504 ληφθὲν,
1634 466 1664 495 οὗ
1681 470 1695 495 ὁ
1714 469 1816 504 καρπὸς

1030 516 1081 550 τῆς
1099 516 1234 551 σωτηρίας
1257 514 1399 550 ἐπλήρωσε
1413 514 1462 549 τὴν
1478 514 1543 549 γῆν·
1560 515 1605 540 καὶ
1618 514 1705 549 ῥίζας,
1722 514 1760 546 ὡς
1774 514 1813 546 τὸ,

1029 561 1085 588 Kal
1102 561 1133 587 τὸ
1150 561 1260 595 ῥίζωμὰ
1275 569 1347 588 σου·
1363 561 1409 587 καὶ
1428 560 1519 596 πηγὰς
1535 560 1647 591 ὑδάτων,
1665 560 1722 586 Ὅτι
1739 561 1817 594 παρὰ

1030 607 1080 633 σοὶ
1106 606 1186 641 πηγὴ
1212 605 1294 640 ζὶοῆς·
1312 607 1370 633 καί·
1405 606 1468 640 Ἐμὲ
1495 606 1691 640 ἐγκατέλιπον
1720 606 1816 642 πηγὴν

1029 652 1136 685 ὕδατος
1156 652 1272 685 ζῶντος,
1297 653 1342 679 καὶ
1365 653 1414 679 ὅσα
1437 652 1566 679 τοιαῦτα·
1587 652 1634 679 καὶ
1653 653 1816 686 φωτογονίας

1029 699 1262 734 ἁπαυγασμὰτων·
1284 700 1332 731 ’ος
1353 698 1395 724 ὢν
1419 698 1602 732 ἀπαύγασμα
1629 698 1684 732 τῆς
1709 698 1814 731 δόξης-

1029 745 1072 772 καὶ
1101 745 1199 779 Κύριε,
1215 746 1250 771 ἐν
1264 744 1304 777 τῷ
1319 744 1392 779 φωτὶ
1407 744 1459 771 τοῦ
1470 744 1631 778 προσώπου
1644 751 1702 771 σου
1717 745 1817 777 πορεύ-

1029 800 1144 822 σονται,
1169 792 1215 818 καὶ
1230 790 1264 817 τὰ
1280 791 1466 826 παραπλήσια,
1482 791 1497 826 ἢ
1516 790 1597 821 ἄλλας
1612 790 1688 821 τινὰς
1707 789 1816 825 δηλωτι-

1029 839 1080 870 κὰς
1091 838 1265 874 ἱερογραφίας
1278 837 1484 872 λαμϐανομένας
1499 837 1544 862 ἐπὶ
1561 837 1616 863 τῶν
1628 836 1756 863 ποικίλων
1769 836 1816 862 τοῦ

190 885 243 911 oris
257 884 345 918 ejusY.
361 883 420 910 Iam
444 884 522 911 sinus
550 883 654 910 inducit
671 883 717 910 Dei
731 883 812 918 275
831 883 975 918 genitoris;

1029 885 1096 911 Θεοῦ
1113 884 1245 920 προνοιῶν
1255 893 1262 899 ·
1283 884 1321 915 ὡς
1335 883 1374 915 τὸ,
1393 883 1492 916 Ἀετὸς
1512 883 1657 910 σκεπάσει
1671 882 1816 910 νεοσσιὰν

190 933 219 956 ut
234 937 240 955 :
252 929 304 962 Qui
318 930 393 959 estin
403 930 463 956 sinu
475 929 567 970 Patris
578 935 599 956 ι.
615 930 649 955 lat
660 930 773 957 arbores
788 929 931 963 quasdam,
950 932 979 954 lit

190 980 233 1003 est
250 985 257 1003 :
272 975 386 1010 Lignum
409 976 500 1003 vitae”.
519 975 551 1002 Et
573 975 690 1011 virgulta
706 995 712 1007 ,
730 980 759 1002 ut
781 975 847 1002 illud
866 979 909 1002 est
922 984 929 1002 :
942 974 979 1001 De

190 1021 312 1056 virgulto,
332 1021 373 1056 ﬁli
398 1021 445 1051 mi,
470 1020 624 1048 ascendisti.
650 1020 683 1046 Et
708 1020 774 1047 illud
792 1029 798 1047 ε
814 1019 930 1046 Florebit
955 1024 980 1046 et

189 1067 350 1102 germinabit
374 1066 459 1093 Jacob
469 1066 494 1098 δ,
510 1073 559 1101 pro
583 1066 693 1094 Christo
720 1070 873 1101 acceptum,
899 1065 979 1100 cujus

190 1112 302 1143 fructus
325 1112 412 1139 salute
447 1111 568 1146 implevit
599 1116 710 1138 terram.
741 1110 774 1137 Et
803 1110 931 1140 radices.
949 1114 979 1136 ut

189 1159 274 1186 illud:
287 1158 375 1185 Radia:
387 1162 434 1184 tua
445 1163 468 1184 ε.
485 1157 584 1185 Fontes
599 1158 662 1184 item
678 1164 829 1192 aquarum:
846 1156 978 1190 Quoniam

190 1203 261 1238 apud
278 1208 301 1230 te
316 1208 354 1230 est
370 1203 429 1237 fons
445 1204 503 1230 vita:
513 1202 538 1236 ἀ,
555 1207 582 1231 et
599 1214 604 1230 :
619 1202 663 1230 Με
673 1202 866 1238 dereliquerunt
881 1203 978 1237 fontem

191 1258 266 1285 aquae
279 1250 418 1277 viventise.
435 1249 467 1277 Et
482 1257 652 1285 quaecunque
664 1249 716 1276 alia
733 1249 826 1276 formze
847 1248 978 1276 consimi-

191 1296 236 1326 lis.
258 1295 365 1325 Rursus
394 1296 534 1332 lucigenas
563 1295 645 1323 infert
670 1295 845 1330 splendorum
865 1302 977 1330 genera-

193 1343 293 1376 tiones;
309 1347 339 1370 ut
356 1352 362 1369 :
379 1342 431 1376 Qui
445 1350 503 1369 runt
523 1342 559 1369 sit
575 1341 697 1376 splendor
710 1341 801 1376 gloria:
813 1340 835 1373 f,
852 1344 879 1368 et
894 1349 901 1368 :
922 1340 977 1367 Do-

191 1391 271 1422 mine,
287 1390 313 1416 in
330 1389 428 1416 lumine
452 1389 540 1416 vultus
561 1389 601 1415 tui
617 1387 790 1415 ambulabunt
803 1389 826 1420 ⁸,
842 1391 870 1415 et
881 1387 924 1415 his
939 1387 977 1415 si-

191 1436 276 1467 milia,
294 1436 351 1463 sive
365 1436 446 1463 etiam
461 1436 605 1470 plerasque
620 1435 688 1462 alias
705 1442 799 1462 sacras
814 1434 976 1469 descriptio-

190 1491 240 1510 nes
256 1482 434 1509 declarativas
445 1489 543 1509 sensus
562 1481 678 1516 mystici,
692 1481 849 1516 desumptas
866 1482 894 1508 in
905 1481 976 1508 mul-

190 1527 283 1562 tiplici.
302 1527 348 1554 Dei
373 1526 553 1561 providentia,
569 1530 599 1553 ut
624 1526 690 1553 illud
713 1525 832 1560 :Aquila
855 1530 971 1561 proteget

190 1573 281 1601 nidum
305 1581 392 1601 suum.
423 1572 451 1599 In
470 1572 550 1601 donis
578 1573 663 1607 item;
681 1578 710 1600 ut
730 1573 796 1600 illud
813 1582 820 1601 :
838 1572 931 1607 Aperis
947 1577 974 1599 tu

190 1628 298 1646 manum
326 1619 429 1646 tuamh.
449 1619 485 1647 De
501 1619 729 1654 apparitionibus,
743 1622 888 1654 propterea
902 1618 975 1653 quod

190 1674 220 1695 se
234 1666 389 1694 exhibuerit
412 1666 439 1692 in
457 1665 545 1693 forma
559 1665 678 1693 hominis
695 1666 874 1700 conspicuum
895 1664 974 1692 Vete-

190 1713 228 1740 ris
248 1712 415 1740 Testamenti
440 1712 554 1739 sanctis.
568 1711 598 1738 In
623 1712 780 1745 virtutibus,
797 1716 845 1739 ut:
860 1711 975 1745 Spiritus

189 1759 340 1785 concutiens
362 1758 494 1784 montesi.
511 1756 540 1784 In
564 1758 777 1792 proprietatibus
802 1765 921 1792 quoque,
947 1760 976 1784 ut

189 1812 252 1831 cum
273 1805 386 1831 adamas
401 1803 501 1831 dicitur
516 1811 522 1829 :
540 1804 613 1838 quod
635 1804 701 1830 nulli
721 1804 756 1831 sit
769 1803 874 1832 Numen
889 1804 975 1831 obno-

192 1850 266 1876 xium
285 1849 417 1884 passioni.
434 1848 492 1875 Hoc
511 1849 583 1876 enim
598 1849 773 1884 peculiariter
789 1850 920 1885 competit
933 1849 975 1876 di-

189 1895 260 1922 vinae
272 1895 310 1921 illi
323 1899 437 1922 natura}.
451 1894 569 1922 Proinde
583 1895 691 1923 termini
706 1899 788 1931 atque
806 1897 973 1927 mansiones,

190 1940 262 1975 quod
278 1945 304 1967 et
326 1940 425 1967 divina:
444 1941 523 1968 istius
549 1945 655 1968 naturae.
678 1942 856 1970 immutabilis
887 1946 975 1970 status

191 1987 273 2014 tacite
304 1987 460 2014 insinuetur
482 1995 531 2022 per
552 1987 687 2023 ejusmodi
716 1988 830 2023 lapides,
846 1989 894 2023 qui
910 1989 976 2016 sub-

190 2037 351 2060 sternuntur
367 2032 501 2067 jaciendis
520 2033 704 2062 fundamentis
719 2043 726 2061 :
741 2034 768 2061 in
791 2034 975 2069 processioni—

191 2079 242 2108 bus
252 2080 327 2114 item,
343 2080 472 2115 quoniam
488 2087 537 2115 per
552 2080 622 2108 hanc
637 2081 838 2108 suaveolentem
854 2081 904 2107 lilii
919 2079 974 2107 fra-

190 2125 326 2161 grantiam
351 2125 512 2160 exprimitur
543 2125 701 2153 distributio
727 2126 860 2153 bonorum
887 2126 974 2160 ipsius

189 2171 367 2203 naturalium,
394 2171 474 2205 cujus
500 2178 583 2198 causa
608 2171 708 2198 dicitur
726 2179 732 2197 :
750 2171 849 2198 Lilium
868 2171 975 2198 conval-

190 2216 255 2242 lium
268 2216 293 2243 ι.
310 2215 466 2243 Occurrunt
481 2220 507 2243 et
524 2216 733 2251 conjunctiones
759 2224 807 2251 per
830 2221 972 2244 stauneum

189 2262 316 2296 lapidem,
335 2262 381 2289 sed
401 2267 428 2289 et
446 2270 494 2297 per
509 2262 599 2297 ignem
616 2262 797 2290 discretiones
821 2263 879 2290 sive
901 2262 974 2296 diju-

189 2309 351 2336 dicationes.
371 2308 419 2336 Est
439 2317 547 2343 quoque
561 2309 607 2335 ubi
623 2309 660 2336 illi
673 2309 804 2336 tribuitur
818 2309 905 2337 virilis
919 2309 974 2336 for—

190 2363 245 2387 ma,
265 2359 296 2382 ut.
309 2355 381 2389 apud
395 2354 534 2382 Danielem
547 2355 560 2374 Κ
574 2364 580 2382 :
592 2354 628 2382 Et
636 2355 764 2391 Antiquus
778 2355 880 2382 dierum
895 2355 973 2382 sedit.

189 2400 297 2427 Rursus
318 2400 364 2426 ubi
382 2407 430 2434 per
453 2399 524 2428 feras
549 2397 719 2435 signiﬁcatur
733 2409 739 2426 :
753 2399 820 2427 Cum
836 2400 974 2427 accubuis-

189 2452 237 2479 set.
264 2451 293 2473 ut
313 2447 352 2473 leo
376 2446 565 2473 obdormivitl.
582 2445 701 2481 Itemque
724 2455 730 2472 :
753 2445 839 2478 Quasi
850 2446 971 2480 pardalis

189 2493 296 2528 perditis
322 2493 449 2527 ferociens
473 2492 571 2519 catulis
592 2492 674 2526 juxta
691 2492 761 2518 viam
789 2491 970 2527 Assyriorum.

189 2539 238 2566 Est
261 2538 307 2566 ubi
335 2538 501 2565 describitur
531 2537 648 2564 aliorum
676 2545 786 2572 quoque
811 2537 970 2564 animalium

188 2585 291 2620 specie,
306 2589 335 2612 ut
352 2585 417 2611 illud
433 2589 493 2612 est:
507 2584 563 2619 Ego
579 2589 666 2611 autem
685 2592 743 2611 sum
758 2584 862 2615 termis,
880 2589 905 2610 et
919 2593 972 2611 mm

189 2632 264 2659 homo
274 2638 304 2659 ω.
322 2631 370 2659 Est
389 2631 435 2659 ubi
458 2631 557 2666 planta
579 2631 690 2663 nomine
710 2631 877 2667 depingitur,
900 2632 971 2660 sicut

188 2677 260 2712 apud
288 2676 426 2707 Davidem,
453 2677 537 2707 vitiat!l
555 2684 561 2704 :
576 2676 647 2704 sicut
668 2676 738 2711 apud
763 2676 878 2704 alterum
905 2678 970 2705 item

239 2802 255 2818 ν
270 2797 341 2826 Psal.
362 2806 418 2831 cm,
434 2799 460 2826 5.
515 2806 527 2820 ι
544 2799 616 2826 Psal.
631 2806 703 2832 κων,
718 2799 745 2827 2.

189 2837 200 2849 ε
219 2831 316 2860 Ezech.
330 2841 402 2865 XLVI,
421 2835 447 2862 5.
487 2834 583 2862 dl’sal.
603 2842 685 2866 xxxv,
704 2835 748 2863 10.

189 2867 232 2894 16.
272 2869 280 2888 ί
305 2869 384 2897 Cant.
413 2877 444 2904 ιι,
466 2870 491 2897 1.
540 2871 553 2890 ι
567 2870 633 2906 Cap.
648 2878 694 2905 vn,
708 2879 733 2899 v.
754 2871 796 2898 10.

798 2803 812 2824 1
828 2798 900 2826 Psal.
918 2808 1005 2833 xxxii,
1017 2799 1044 2827 6.

790 2834 864 2863 e.lcr.
883 2843 913 2868 ιι,
933 2836 974 2862 15.

1035 2836 1117 2863 Hebr.
1137 2844 1156 2868 I,
1172 2837 1198 2863 5.
1241 2838 1253 2855 κ
1269 2835 1342 2863 Psal.
1357 2843 1491 2866 Lxuvm,
1511 2833 1554 2860 t6.
1591 2834 1605 2853 ιλ
1626 2832 1816 2867 Psal.cxuv,

849 2871 858 2891 ι
873 2870 952 2899 Num.
970 2878 1044 2904 xxtv,
1060 2870 1087 2898 9.

1030 931 1151 958 ἑαυτοῦ·
1170 931 1278 966 δωρεῶν
1290 930 1328 961 δὲ,
1339 931 1375 961 ὡς
1387 930 1427 962 τὸ,
1450 930 1586 964 Ἀνοίγεις
1601 929 1641 956 σὺ
1663 929 1720 970 ripe
1734 927 1816 963 χεῖρά

1029 985 1104 1004 σοιν
1130 976 1297 1011 ὲκεράνσεων,
1319 976 1363 1003 διὰ
1387 976 1417 1002 τὸ
1436 976 1466 1002 ὲν
1490 976 1607 1010 σχήματι
1627 974 1769 1010 ἀνθρώπου
1786 975 1816 1001 ὀ-

1030 1022 1129 1058 φθῆναι
1142 1022 1196 1058 (14)
1209 1024 1267 1053 τοῖς
1282 1022 1311 1048 ἐν
1325 1023 1358 1057 τῇ
1370 1021 1475 1056 Παλαιᾷ
1489 1021 1588 1056 ἁγίοις·
1605 1021 1755 1056 δυνάμεων,
1767 1021 1815 1053 ὡς,

1029 1068 1151 1103 Πνεῦμα
1162 1067 1296 1094 διασεῖον
1305 1068 1372 1102 ὅρη·
1391 1068 1539 1102 ἰδιοτήτων,
1555 1066 1592 1098 ὡς
1604 1066 1719 1101 ἀδάμας
1729 1066 1773 1092 διὰ
1786 1066 1816 1093 τὺ

1029 1115 1132 1146 ἀπαθὲς
1145 1115 1193 1150 τῆς
1209 1114 1345 1150 θεότητος
1364 1114 1427 1140 ἴδιον
1443 1114 1498 1149 γὰρ
1517 1113 1595 1140 τοῦτο
1609 1114 1657 1149 τῆς
1677 1113 1751 1145 θείας
1765 1113 1816 1147 φύ-

1029 1167 1107 1190 σεως.
1125 1159 1158 1185 Al
1173 1158 1201 1185 δὲ
1216 1158 1306 1194 λήξεις
1317 1160 1364 1186 καὶ
1377 1160 1404 1185 αἱ
1419 1159 1499 1194 μοναὶ
1509 1159 1540 1185 τὸ
1555 1159 1604 1194 τῆς
1621 1158 1694 1190 θείας
1710 1159 1817 1193 φύσεως

1029 1203 1226 1239 ἀμετάστατον,
1238 1204 1282 1231 διὰ
1297 1203 1351 1230 τῶν
1366 1203 1566 1239 θεμελιωτικῶν
1582 1203 1762 1238 ὑποδηλοῦται
1775 1203 1816 1229 λί-

1028 1249 1091 1276 Θων.
1110 1249 1234 1286 Προόδων
1249 1250 1287 1280 δὲ,
1300 1250 1341 1276 ὅτι
1355 1251 1371 1285 ἡ
1392 1250 1445 1276 τῶν
1461 1250 1583 1284 φυσικῶν
1605 1249 1688 1276 αὐτοῦ
1707 1250 1816 1284 ἀγαθῶν

1030 1295 1171 1331 μετάδοσις
1186 1297 1219 1331 τῇ
1234 1295 1280 1322 τοῦ
1300 1296 1393 1331 κρίνου
1408 1296 1525 1331 εὐοσμία
1543 1296 1678 1332 δηλοῦται,
1692 1295 1759 1323 καθὸ
1772 1296 1816 1323 λέ-

1027 1351 1115 1377 γεται,
1133 1342 1242 1376 Κρίνογ
1261 1341 1320 1369 τῶν
1339 1342 1494 1369 κοιλάδων.
1512 1342 1544 1369 Δί
1569 1343 1678 1374 ἑνώσεις
1701 1342 1745 1369 διὰ
1767 1343 1816 1370 τοῦ

1027 1386 1188 1422 κασσιτέρου
1205 1386 1294 1414 λίθου·
1311 1387 1358 1414 καὶ
1378 1387 1422 1414 διὰ
1440 1387 1487 1414 τοῦ
1503 1387 1588 1423 πυρὸς
1602 1389 1629 1414 αἱ
1652 1387 1814 1424 διακρίσεις.

1028 1433 1083 1460 Καὶ
1102 1433 1152 1459 ποῦ
1177 1433 1225 1468 μὲν
1248 1433 1345 1469 ἀνδρὸς
1364 1434 1466 1469 σχῆμα,
1484 1433 1522 1466 ὡς
1544 1434 1620 1470 παρὰ
1640 1434 1680 1470 τῷ
1703 1435 1815 1470 Δανιήλ-

1027 1479 1083 1506 Καὶ
1098 1480 1256 1513 όΠαλαιὸς
1269 1479 1328 1506 τῶν
1344 1480 1461 1515 ἡμερῶν
1473 1480 1614 1514 ὲκάθητω
1641 1480 1693 1507 ποῦ
1715 1481 1743 1507 δὲ
1767 1479 1817 1516 θη-

1029 1525 1104 1561 ρίων,
1124 1525 1195 1552 κατὰ
1213 1526 1253 1557 τὸ,
1270 1526 1441 1553 Ἀναπεσὼν
1452 1527 1492 1559 ὼς
1505 1527 1583 1553 λέων
1594 1527 1752 1562 ἐκοιμήθη·
1768 1528 1817 1553 καὶ

988 1565 1009 1593 C
1027 1571 1116 1598 πάλινο
1146 1573 1193 1605 Ὧς
1205 1572 1350 1606 πάρδαλις
1366 1573 1554 1607 ἀπορουμένη
1575 1573 1650 1600 κατὰ
1665 1573 1723 1607 τὴν
1739 1572 1815 1600 ὁδὸν

1034 1619 1204 1652 Ἆσσιιοίων.
1216 1619 1270 1645 Ποῠ
1282 1619 1310 1646 δὲ
1324 1619 1409 1647 ἄλλων
1425 1619 1512 1652 ζώων,
1524 1621 1562 1652 ὡς
1574 1619 1613 1651 τὸ,
1632 1619 1700 1655 Ἐγὼ
1710 1619 1744 1646 δέ
1755 1621 1814 1654 ειμι

1027 1663 1160 1697 σκώληξ,
1177 1665 1224 1691 καὶ
1236 1666 1290 1691 οὐκ
1303 1665 1464 1699 ἅνθρωπος.
1479 1666 1534 1692 Καὶ
1547 1666 1597 1692 ποῦ
1612 1666 1660 1702 μὲν
1670 1666 1763 1701 φυτὸν,
1775 1666 1816 1698 ὼς

1027 1710 1101 1745 παρὰ
1123 1709 1161 1746 τῷ
1175 1710 1264 1740 Δαυῖδ,
1282 1711 1444 1745 "Almech
1463 1712 1479 1747 ῆ
1496 1712 1561 1748 παρ’
1575 1712 1660 1747 ἑτέρῳ
1674 1712 1814 1748 προφήτῃ,

1034 1756 1143 1783 Ἐλαία.
1154 1756 1207 1782 Ποῦ
1216 1756 1243 1783 δὲ
1253 1756 1332 1783 λίθων
1343 1757 1576 1793 ποικιλομορφίας,
1589 1759 1626 1790 ὼς
1636 1759 1676 1792 τὸ,
1686 1759 1816 1793 Σάπφει-

1023 1810 1091 1836 ρος”
1104 1803 1150 1829 καὶ
1161 1803 1234 1838 παρὰ
1245 1803 1284 1838 τῷ
1301 1803 1400 1838 Ἀμὼς,
1419 1804 1554 1839 Ἀδάμας.
1564 1806 1619 1832 Καὶ
1633 1806 1752 1840 κόσμους
1762 1815 1816 1840 γυ-

1026 1849 1169 1880 ναικείους,
1193 1849 1232 1880 ὼς
1259 1849 1299 1882 τὺ,
1326 1850 1373 1876 Ἐν
1398 1851 1543 1885 Ιματισμῷ
1570 1851 1731 1886 διαχρύσῳ.
1756 1851 1815 1879 Ποῦ

1028 1893 1196 1930 βαρϐαρικὰς
1210 1894 1377 1927 ὁπλοποιίας,
1396 1896 1461 1927 ἴσως
1474 1896 1511 1927 ὡς
1528 1897 1615 1923 ἐκεῖνο
1626 1905 1633 1911 ·
1652 1896 1816 1931 Περίζωσαι

1026 1940 1082 1973 τὴν
1091 1942 1243 1975 {augeatur
1258 1949 1316 1967 σου
1328 1941 1377 1967 ἐπὶ
1394 1941 1453 1968 τῶν
1465 1941 1568 1976 μητῶν
1580 1950 1649 1974 σου,
1661 1942 1782 1969 δυνατέο
1797 1945 1814 1978 ἡ

1026 1986 1080 2022 γὰρ
1095 1987 1216 2022 ῥομφαία
1229 1987 1394 2023 βαρϐαρικόν
1410 1988 1483 2014 ἐστιν
1494 1988 1585 2020 ὅπλον,
1601 1989 1638 2020 ὡς
1652 1990 1752 2025 ἱστορεί
1764 1989 1819 2016 Φύ-

1025 2032 1123 2068 λαρχος
1146 2033 1211 2068 (15).
1229 2034 1292 2060 Ὅτε
1312 2033 1392 2060 πάλιν
1407 2033 1540 2069 ἀκούομεν
1554 2035 1600 2060 ἐπὶ
1615 2034 1681 2061 Θεοῦ
1694 2035 1741 2062 καὶ
1758 2035 1818 2062 τῶν

1025 2079 1103 2105 θείων
1119 2080 1282 2114 κεραμείων,
1293 2079 1330 2110 ὡς
1347 2080 1386 2112 τὸ,
1408 2081 1454 2113 Ὡς
1467 2080 1567 2113 πηλὸν
1580 2080 1728 2108 πλατειῶν
1742 2083 1818 2108 λεα-

1024 2124 1066 2151 νῶ
1081 2125 1199 2157 αὐτούς.
1219 2125 1272 2151 Καὶ
1286 2126 1475 2160 χωνευτήριον·
1501 2126 1670 2159 Ἐπύρωσας
1691 2127 1817 2160 αὐτοὺς,

1025 2170 1064 2203 ὠς
1072 2170 1215 2204 πυροῦ-ται
1225 2170 1256 2197 τὸ
1268 2170 1417 2205 ἀργύριον·
1430 2170 1485 2198 καί·
1499 2171 1625 2204 Ἵππους
1636 2179 1693 2198 σου
1701 2171 1819 2205 ταράσ-

992 2234 1012 2260 D
1025 2224 1137 2249 σοντας
1150 2216 1245 2243 ὕδατα
1268 2216 1367 2243 πολλὰ
1378 2224 1385 2231 ³
1405 2217 1452 2243 καὶ
1467 2217 1588 2252 ἅρματα·
1609 2216 1642 2243 Τὸ
1657 2217 1736 2251 ἅρμα
1759 2218 1820 2245 τοῦ

1027 2262 1098 2289 Θεοῦ
1113 2262 1346 2296 μυρίοπλάσιον·
1359 2263 1405 2288 καὶ
1415 2262 1536 2297 θρόνους·
1553 2263 1578 2288 Ὀ
1592 2263 1696 2297 θρόνος
1710 2271 1783 2296 σου,
1799 2266 1820 2291 ὀ

1027 2309 1108 2341 Θεὸς,
1120 2310 1163 2341 εὶς
1178 2309 1230 2335 τὸν
1239 2307 1339 2335 αἰῶνα·
1349 2309 1394 2335 καὶ
1404 2309 1507 2342 δαῖτας,
1518 2309 1555 2340 ὼς
1565 2310 1594 2335 ὲν
1601 2308 1640 2344 τῷ
1648 2309 1820 2346 Ἐὐαγγελίῳ

1024 2354 1068 2379 ὅτε
1084 2355 1098 2380 ὁ
1118 2353 1216 2389 μόσχος
1238 2354 1253 2379 ὁ
1276 2353 1405 2385 σιτευτὸς,
1422 2354 1468 2380 καὶ
1486 2353 1520 2380 τὰ
1534 2354 1615 2380 λοιπὰ
1629 2353 1748 2388 γίνονται
1764 2355 1820 2381 ἐπὶ

1025 2399 1058 2432 τῇ
1075 2398 1181 2432 εὑρέσει
1197 2397 1243 2424 τοῦ
1256 2397 1361 2424 ἀσώτου
1374 2398 1442 2424 υἱοῦ.
1455 2399 1510 2425 Καὶ
1528 2399 1608 2426 πάλιν
1622 2399 1666 2426 ὅτε
1676 2399 1819 2435 ἀκούομεν

1025 2443 1071 2470 τὸν
1087 2443 1152 2469 Θεὸν
1173 2444 1421 2480 κεκραιπαληκότα·
1437 2445 1493 2472 Καὶ
1509 2445 1751 2479 κεκραιπαληκὼς
1778 2446 1819 2478 ἐξ

1025 2491 1118 2518 οἴνου.
1136 2491 1190 2517 Καὶ
1213 2491 1354 2526 μεθύοντα,
1386 2492 1432 2518 καὶ
1460 2491 1639 2518 ὑπνώττοντα·
1657 2492 1718 2519 ἰνα
1733 2493 1762 2518 τί
1778 2494 1817 2519 ὐ-

1023 2537 1119 2570 πνοῖς,
1131 2538 1229 2571 Κύρ(ε;
1241 2538 1272 2563 Τί
1285 2538 1316 2564 ἄν
1331 2546 1372 2569 τις
1386 2537 1529 2574 εῐποιπερὶ
1540 2537 1603 2569 τῶν,
1615 2537 1671 2564 Καὶ
1679 2538 1816 2572 ὠργίσθη

1023 2583 1139 2617 Κύριος,
1153 2583 1209 2610 καῖ’
1222 2583 1288 2610 Ἵνα
1297 2584 1326 2610 τί
1336 2584 1486 2618 (ὶιοτίσθης
1493 2583 1643 2618 ήμᾶςκαί·
1654 2583 1815 2618 Ἐλυπήθη

1023 2632 1139 2664 Κύριος,
1151 2630 1208 2663 καὶ,
1218 2631 1328 2664 ’Ὧμοσε
1338 2631 1455 2664 Κύριος,
1465 2631 1522 2662 καὶ,
1535 2628 1736 2664 Μετεμελήθη,
1751 2630 1816 2661 καὶ,

1023 2676 1227 2711 Κατηράσατο,
1243 2677 1298 2709 καὶ,
1321 2677 1466 2711 Ὲμήνισε.
1478 2675 1510 2702 Τί
1519 2676 1547 2703 δὲ
1558 2676 1621 2712 περ).
1634 2675 1688 2702 τῶν
1703 2675 1818 2704 πολυει-

1099 2805 1110 2819 ²
1124 2800 1203 2828 Joan.
1219 2808 1239 2832 ι,
1259 2800 1300 2828 l8.
1349 2807 1362 2820 δ
1379 2799 1446 2827 Gen.
1463 2807 1495 2831 il,
1510 2798 1538 2826 9.
1575 2798 1590 2818 δ
1607 2798 1661 2824 Isa.
1677 2805 1766 2829 nm,
1781 2797 1816 2826 6.

1136 2877 1156 2891 ιιι
1170 2871 1242 2899 Psal.
1261 2879 1318 2904 ut,
1333 2871 1357 2898 7.
1415 2875 1427 2888 η
1442 2870 1515 2897 Psal.
1544 2876 1646 2901 curn,
1672 2869 1700 2895 '5.
