1940 3064
97 150 148 179 ιεὸ

465 145 690 175 PACIIYMEB/E
710 142 955 173 PARAPHRASIS
972 143 1006 170 IN
1025 142 1100 170 EPP.
1120 143 1148 171 S.
1171 141 1332 171 DlONYSll.

1669 147 1722 176 4S6

95 208 147 236 δῶν
162 206 211 235 καὶ
227 205 312 239 λοξῶν
326 205 375 240 τῆς
390 205 527 240 ἁμαρτίας
539 205 593 231 τῶν
608 204 779 238 ἐπαγγελιῶν
805 211 881 237 σοφι-

935 201 1106 236 propbetam,
1132 201 1200 228 oliva
1211 205 1233 228 ο.
1266 200 1388 236 Denique
1410 206 1452 229 est
1477 203 1522 230 ubi
1543 210 1592 238 per
1617 206 1723 240 sapphi-

97 254 206 290 σμάτων
237 252 310 288 (16);
342 251 499 286 Ἀμαρτίας
523 250 552 276 δὲ
581 250 630 282 τὰς
649 250 797 284 ἀποτυχίας
827 248 881 275 τῶν

96 296 266 332 ἐπαγγελιῶν
295 304 372 331 φησι,
388 294 432 322 διὰ
451 296 481 321 τὸ
503 296 531 321 ἐν
553 295 607 321 τισὶ
630 295 684 320 τῶν
705 294 881 329 προρρήσεων

95 345 137 372 διὰ
147 344 178 370 τὺ
192 343 335 379 πρόχειρον
350 342 437 369 δοκεῖν
454 341 490 377 μὴ
505 341 582 372 τέλος
598 341 689 367 λαϐεῖν
702 339 736 366 τὰ
747 339 882 374 ἐπαγγελ-

96 389 174 416 θέντα
190 388 259 423 (17)·
273 387 328 414 οἷον
343 388 426 419 ἐστιν,
442 388 474 413 ὲκ
492 386 596 413 πολλῶν
612 386 688 420 ὀλίγα
703 384 882 420 παραθέσθαι,

95 435 125 461 τὸ
136 433 204 470 προς
224 433 317 460 Ἰακὼϐ
332 433 435 468 λεχθὲν,
448 432 540 459 Plu-ou
565 431 664 465 κύριος
684 430 736 457 τοῦ
752 428 884 464 ἀδελφοῦ

96 488 170 508 σου’
187 480 234 507 καλ⁴
247 480 281 507 τὰ
298 479 422 515 περὶτῆς
447 478 577 514 διαμονῆς
601 477 657 504 τῶν
679 478 720 509 εἰς
744 476 794 512 τὴν
813 472 896 511 βασι-’

96 527 169 554 λείαν
183 526 230 553 τοῦ
256 526 412 562 σπέρματος
436 524 526 556 Δαυτδ,
545 524 616 559 ἆπερ
642 524 670 550 ὲν
693 523 732 558 τῷ
752 523 886 556 προφανεῖ

97 573 244 608 διήμαρτον
259 573 308 607 τῆς
325 571 472 601 ἐκϐάσεως.
490 571 568 597 Κατὰ
592 570 620 596 δὲ
637 570 687 605 τὴν
703 569 803 604 ἀκριϐῆ
820 569 886 595 θεω-

99 619 169 653 ρίαν,
182 618 321 653 οὑδαμῶς“
339 618 370 644 τὸ
387 618 434 652 μὲν
447 616 503 652 γὰρ
520 616 567 644 τοῦ
589 615 696 648 Ἰακὼϐ,
712 615 756 642 διὰ
770 615 820 650 τῆς
838 614 885 640 τοῦ

97 664 127 696 ἐξ
144 664 225 690 αὐτοῦ
240 664 425 699 ἐπικρατείας,
437 664 483 690 καὶ
498 663 548 698 τῆς
561 663 601 694 εὶς
612 662 728 698 Χριστὸν
741 661 886 696 ἀναγωγῆς

99 711 274 747 πεπλήρωται
291 711 346 747 (18)
358 719 364 725 ·
376 710 470 746 ὥσπερ
492 709 538 736 καὶ
558 710 585 736 αἱ
603 709 671 745 πρὸς
690 708 736 735 τὸν
761 707 887 743 Ἀϐραὰμ

97 757 254 792 ἐπαγγελίαι
262 757 379 792 περὶτῆς
387 757 576 791 κατασχέσεως
581 756 631 790 τῆς
637 756 687 791 γῆς
693 754 797 782 καὶτῶν
803 753 887 780 ὲθνῶν

97 803 231 837 εὐλογίας.
243 803 282 830 Τὰ
289 803 317 830 δὲ
327 803 394 838 πρὸς
403 802 484 828 Δαυῖδ
493 802 570 837 μόνον
581 801 619 833 ὡς
626 801 742 837 Χριστὸν
752 800 886 836 ἀναφέρε-

96 858 157 876 ται·
170 849 270 885 ὁμοίως
280 849 326 876 καὶ
341 849 374 876 τὰ
389 850 453 885 περὶ
467 848 638 883 Σολομῶντος
651 847 779 874 δοκοῦντα
791 848 820 873 ἐν
829 847 885 878 τοῖς

96 895 220 931 Ψαλμοῖς
240 895 363 931 εἰρῆσθαι
382 896 411 922 ὲν
431 894 470 930 τῷ
484 893 594 930 Χριστῷ
610 893 812 929 ἐτελειώθησαν.
830 893 885 925 Τὰς

934 257 992 275 rum
1005 254 1019 273 P
1030 269 1036 279 ,
1052 252 1080 275 et
1095 249 1165 282 apud
1182 248 1266 276 Amos
1282 249 1392 276 nomine
1416 249 1577 278 adamantis.
1594 250 1724 279 Mundum

935 294 1049 330 insuper
1058 295 1218 322 muliebrem
1236 295 1288 329 ipsi
1302 295 1357 322 Deo
1368 296 1530 330 appingunt.
1541 297 1618 331 juxta
1636 297 1701 324 illud
1715 307 1722 325 :

936 341 970 368 In
982 341 1075 368 vestitu
1090 340 1218 368 deaurato
1228 346 1252 368 ει.
1271 341 1337 368 ltcm
1355 349 1430 368 arma
1448 343 1487 369 illi
1499 342 1645 370 admovent
1662 344 1724 371 bar-

934 386 1064 414 barorum
1077 386 1104 413 in
1119 394 1222 414 morem
1239 386 1413 419 confecta,ut
1428 388 1494 414 illud
1505 388 1574 416 forte
1584 389 1725 417 est:Praz-

936 435 1038 468 cingere
1062 433 1211 468 rllomplia'a
1239 438 1284 459 tua
1302 441 1380 468 super
1400 433 1501 467 femora
1519 439 1575 464 tua.
1593 444 1607 462 ο
1622 440 1724 470 potens.

936 478 1102 514 Rbomphzea
1111 486 1176 506 sane
1186 486 1237 506 vox
1248 482 1394 505 armatura
1404 483 1446 506 est
1457 479 1618 512 barbaricae,
1629 488 1726 516 quem-

936 524 1082 552 admodum
1127 525 1266 552 memoria:
1297 525 1419 559 prodidit
1453 525 1633 561 Phylarchus.
1670 527 1726 554 Ali-

936 570 1046 605 quando
1061 578 1170 598 rursum
1187 571 1344 598 inaudimus
1358 571 1412 599 Deo
1428 573 1561 606 quasdam
1578 573 1726 601 admirabi-

936 617 970 644 lis
982 617 1098 651 figulinze
1111 617 1224 652 elligies,
1238 617 1316 651 juxta
1332 617 1397 644 illud
1413 627 1419 645 :
1433 618 1517 650 Quasi
1532 618 1615 645 Iulum
1625 619 1727 653 platea-

937 671 996 690 rum
1008 662 1096 690 delebo
1116 668 1189 690 εοδτ.
1206 663 1289 698 276
1304 662 1498 690 Conﬂatorium
1524 665 1616 692 itidem
1635 675 1642 692 :
1662 665 1726 700 Igne

937 717 981 737 eos
998 709 1168 740 examinasli,
1193 710 1262 735 sicut
1283 710 1452 736 examinatur
1475 715 1611 745 argentum
1625 717 1646 738 ε.
1662 711 1722 738 .lam

937 763 1022 790 equos
1046 755 1085 782 illi
1110 755 1250 790 allingunt,
1272 754 1424 782 secundum
1449 755 1515 782 illud
1537 763 1544 781 :
1569 756 1620 789 Qui
1636 765 1721 783 asceis

938 801 1002 829 disti
1028 810 1107 836 equos
1139 806 1215 833 tuos,
1249 801 1434 828 conturbantes
1468 810 1550 836 aquas
1584 803 1681 829 multas
1702 803 1723 830 ‘.

937 848 1042 875 Currus
1062 847 1222 878 etiamnum.
1236 851 1266 874 ut
1287 847 1352 874 illud
1375 851 1417 875 est
1433 857 1439 875 :
1456 847 1556 875 Curru;
1575 847 1622 875 Dei
1636 848 1724 875 decem

938 894 1055 922 millibus
1064 894 1202 929 multiplex
1210 900 1233 920 ιι.
1245 893 1371 921 Thronos
1385 894 1488 921 addunt
1500 904 1506 921 :
1518 894 1637 922 Thronus
1650 901 1723 927 tuus,

97 940 163 976 γοῦν
182 942 211 968 ὲν
231 941 334 973 τούτοις
355 940 520 977 ὲξηγητικὰς
548 940 690 972 ἀποδόσεις
705 940 736 967 τὸ
762 939 883 966 ποικίλον

935 940 1015 972 Deus,
1029 941 1057 967 in
1072 941 1199 968 amulum
1209 945 1232 968 ν.
1250 940 1349 975 Dapes.
1366 945 1394 968 ut
1406 940 1433 967 in
1445 940 1603 976 Evangelia,
1615 941 1725 976 quando

98 987 211 1022 ὲχούσας
225 987 352 1022 πολυειδῆ
368 987 480 1014 ἐκάλεσε
496 986 663 1021 σοφίσματα·
681 986 730 1018 οὐχ
745 986 782 1017 ὡς
799 994 888 1021 παρα-

97 1034 259 1068 λογιστικῶς
268 1033 452 1069 τεχναζόμενα
466 1033 515 1068 τὴν
529 1033 666 1068 ἀλήθειαν,
677 1032 733 1059 ἀλλ’
747 1032 784 1063 ὡς
799 1032 887 1066 σοφῶς

98 1079 305 1106 ἀναπτύσσοντα
319 1079 349 1106 τὺ
369 1079 541 1114 ζητούμενον.
559 1078 642 1105 Πάλιν
655 1077 703 1113 τὴν
718 1085 885 1112 γιγαντομα-

99 1124 160 1159 χίαν
173 1125 220 1151 καὶ
233 1124 281 1160 τὴν
299 1124 487 1159 πυργοποιίαν,
503 1124 541 1155 ὡς
554 1125 582 1150 ὲν
595 1125 628 1159 τῇ
644 1123 751 1149 Γενέσει
762 1122 883 1158 φέρεται·

99 1170 146 1196 καὶ
164 1169 193 1196 τὸ
206 1170 276 1197 κατὰ
289 1170 336 1196 τοῦ
354 1170 455 1205 Ἀχαὰϐ
470 1169 640 1204 συμϐούλιον,
651 1169 689 1201 ὡς
708 1170 736 1195 ὲν
756 1170 789 1204 τῇ
807 1168 884 1204 τρίτῃ

97 1215 152 1241 τῶν
169 1215 315 1242 Βασιλειῶν
331 1215 496 1251 εὑρίσκεται,
513 1217 541 1242 ὲν
562 1211 584 1249 ᾧ
605 1214 779 1250 διαλαμϐάνει
794 1214 811 1249 ὴ
826 1213 886 1242 θεία

99 1261 204 1297 Γραφὴ,
222 1261 281 1294 πῶς
297 1261 426 1296 συνῆλθεν
444 1261 577 1295 Ἰωσαφὰτ
601 1260 725 1296 βασιλεὺς
745 1260 829 1287 Ἰούδα
846 1258 885 1295 τῷ

100 1308 205 1344 βασιλεῖ
222 1308 328 1344 Ἰσραὴλ
345 1308 456 1343 Ἀχαάϐ.
475 1309 529 1335 Kal
552 1306 612 1335 εἷπε
633 1307 758 1343 βασιλεὺς
779 1306 885 1343 Ἰσραὴλ

98 1355 168 1391 πρὸς
178 1354 288 1390 βασιλέα
309 1353 408 1380 Ἰούδαι
426 1354 456 1380 Εἰ
472 1353 594 1389 ἀναϐήσῃ
621 1352 768 1388 μεθ’-ήμῶν
787 1353 826 1384 εἰς
836 1353 886 1379 πό-

96 1400 180 1435 λεμον
203 1401 243 1431 εἰς
271 1398 393 1434 Ῥεμμὰθ
416 1398 531 1425 Γαλαὰδ.
559 1397 613 1424 Καὶ
637 1396 712 1424 εἶπεν
740 1396 897 1431 Ἰωσαφάτ--

98 1445 197 1477 Καθὼς
211 1445 276 1480 ἐγὼ,
292 1445 363 1472 οὕτω
379 1445 426 1472 καὶ
443 1444 484 1470 σύ·
499 1443 591 1475 καθὼς
606 1444 620 1470 ὁ
636 1442 699 1475 λαός
715 1451 776 1479 μου,
791 1443 805 1469 ὁ
821 1442 884 1474 λαός

98 1501 156 1519 σου’
175 1491 265 1523 καθὼς
289 1492 313 1518 ei
336 1492 413 1518 ἵπποι
437 1499 487 1526 μου
498 1510 505 1522 ,
522 1490 547 1516 οἱ
563 1490 639 1516 ῖπποι
656 1498 713 1516 σου.
738 1489 793 1516 Kal
809 1486 884 1515 εἶπεν

104 1537 237 1573 Ἰωσαφὰτ
252 1537 290 1573 τῷ
308 1537 412 1572 βασιλεῖ
428 1536 545 1572 Ἰσραήλο
563 1536 771 1571 Ἐπερωτήσατε
787 1534 819 1570 δὴ
836 1535 884 1570 σή-

98 1593 181 1621 μερον
190 1585 236 1611 τὸν
245 1584 357 1620 Κύριον.
369 1583 422 1610 Kal
432 1583 607 1619 συνήθροισεν
616 1582 630 1608 ὁ
643 1581 767 1617 βασιλεὺς
777 1580 883 1617 Ἰσραὴλ

939 986 1040 1013 vitulus
1059 986 1103 1014 ille
1118 986 1259 1021 saginatus
1275 986 1453 1021 reliquusque
1472 991 1620 1022 apparatus
1635 988 1726 1023 epula-

938 1039 998 1058 rum
1014 1032 1125 1066 julictur
1140 1032 1251 1063 instrui,
1268 1031 1295 1059 in
1313 1032 1359 1058 lilii
1377 1032 1530 1059 decoctoris
1546 1033 1603 1060 sive
1617 1033 1724 1068 prodigi

938 1078 1126 1106 inventioneX.
1143 1077 1343 1112 Nonnunquam
1367 1078 1430 1105 item
1454 1078 1622 1107 advertimus
1640 1079 1723 1108 Deum

937 1124 1048 1159 crapula
1073 1124 1223 1151 distentum
1245 1131 1305 1152 esse
1323 1133 1328 1150 :
1349 1123 1383 1150 Et
1406 1124 1559 1159 crapulam;
1584 1134 1600 1152 (ι
1632 1126 1722 1153 vinw.

937 1171 1048 1198 Ebrium
1064 1170 1144 1197 simul
1159 1174 1186 1197 et
1201 1170 1459 1202 obdormis’centem,
1475 1175 1505 1198 ut
1522 1180 1528 1198 :
1544 1171 1614 1204 Quid
1628 1171 1726 1200 obdor-

936 1218 998 1248 mis.
1013 1217 1124 1244 Domine
1135 1217 1169 1243 z?
1187 1216 1259 1250 Quid
1275 1224 1357 1252 porro
1378 1217 1474 1244 attinet
1487 1221 1584 1245 caetera
1597 1217 1658 1252 ejus
1672 1217 1727 1245 for-

936 1269 987 1288 mae
1001 1262 1184 1297 percensere?
1199 1261 1234 1289 Ut
1254 1266 1320 1290 sunt
1336 1271 1342 1289 :
1358 1261 1391 1288 Et
1405 1263 1490 1289 iratus
1506 1267 1544 1289 est
1560 1262 1724 1295 Domina";

938 1308 1039 1345 Ulquid
1077 1310 1200 1336 irasceris
1234 1307 1352 1341 nobis“;
1384 1308 1564 1336 Contristatus
1596 1309 1660 1336 item
1685 1315 1725 1337 est

938 1355 1075 1388 Dominus,
1095 1360 1121 1383 et
1138 1365 1144 1382 :
1166 1355 1272 1382 Iuravit
1293 1355 1421 1382 Dominus
1432 1361 1454 1389 ε,
1476 1355 1524 1382 sed
1540 1359 1567 1383 et
1591 1355 1725 1383 Pmniten-

936 1403 973 1429 tia
995 1404 1090 1428 durius
1115 1401 1238 1432 docetur,
1254 1405 1281 1428 et
1297 1409 1303 1426 :
1320 1400 1492 1432 Maledimitd.
1508 1405 1535 1429 et
1550 1409 1556 1427 ί
1573 1401 1725 1429 Conimina-

936 1454 978 1475 τηε
995 1453 1065 1480 est”,
1086 1449 1144 1476 sive
1157 1447 1240 1474 etiam
1253 1447 1430 1475 lsuccensuit.
1446 1447 1516 1480 Quid
1528 1455 1593 1475 vero
1607 1449 1640 1476 de
1654 1449 1726 1476 mul-

935 1493 1096 1521 tiformibus
1125 1497 1153 1520 et
1178 1492 1297 1527 obliquis
1322 1493 1512 1527 argutionibus
1538 1493 1725 1522 frustrationis

935 1538 1165 1573 promissionum?
1182 1537 1331 1572 Ἀμαρτίας
1351 1541 1440 1564 autem
1456 1537 1647 1566 frustrationes
1661 1547 1726 1574 pro-

934 1584 1095 1610 missionum
1118 1584 1196 1615 dicit,
1211 1583 1274 1618 quia
1298 1587 1453 1618 promptum
1473 1587 1516 1611 est
1542 1584 1639 1616 videri,
1658 1593 1724 1620 pro-

98 1632 205 1663 πάντας
218 1631 281 1662 τοὺς
297 1631 439 1666 προφήτας
453 1630 492 1661 ὡς
507 1628 709 1664 τετρακοσίους.
733 1628 788 1654 Kal
807 1625 883 1654 εἶπεν

935 1629 1019 1657 missa
1045 1630 1148 1657 exitum
1171 1629 1346 1664 promissioni
1374 1629 1584 1664 respondentem
1613 1630 1725 1658 minime

95 1678 111 1704 ὁ
130 1677 254 1712 βασιλεὺς
278 1676 387 1712 Ἰσραὴλ
402 1677 459 1707 τοῖς
475 1675 640 1711 προφήταις·
657 1675 689 1700 Εἰ
706 1673 829 1709 πορευθῶ
846 1674 885 1705 εἰς

103 1723 227 1760 Ῥεμμὰθ
245 1723 351 1750 Γαλαὰδ
366 1723 407 1754 sic
422 1722 548 1757 πόλεμον,
561 1721 578 1756 ἢ
593 1721 712 1755 ὲτιισχῶ;
727 1720 782 1747 Kal
798 1717 882 1746 εἷπον·

98 1770 255 1803 Ἂνάϐαινε,
276 1770 323 1797 καὶ
337 1770 425 1801 διδοὺς
444 1768 524 1795 δώσει
540 1766 641 1803 Κύριος
661 1767 700 1798 εἰς
721 1767 815 1802 χεῖρας
837 1765 884 1792 τοῦ

97 1816 239 1852 βασιλέως.
264 1817 319 1843 Kal
343 1813 419 1842 εἶπεν
441 1813 573 1848 Ἰωσαφὰτ
598 1813 666 1848 πρὸς
689 1812 801 1847 ’Δχαάϐ-
828 1812 886 1839 Οὐκ

97 1863 172 1889 ἔστιν
185 1860 235 1890 ὧδε
251 1863 393 1898 προφήτης
409 1861 524 1897 Κυρίου,
541 1860 586 1886 καὶ
609 1860 825 1895 ὲπερωτήσωμεν
839 1858 884 1885 τὸν

97 1909 200 1945 Κύριον
211 1909 244 1935 δι’
256 1907 355 1938 αὐτοῦς
367 1907 423 1934 Kal
437 1904 513 1933 εἶπεν
526 1907 540 1932 ὁ
554 1904 680 1940 βασιλεὺς
694 1904 802 1940 Ἰσραὴλ
817 1903 885 1940 πρὸς

96 1951 251 1989 ἸωσαφάτΤ
273 1955 332 1981 Ἔτι
355 1952 394 1985 εἷς
419 1953 492 1980 ἔστιν
516 1951 586 1988 ἀνὴρ
606 1951 645 1982 εἰς
661 1951 691 1977 τὸ
713 1950 884 1985 ἐπερωτῆσαι

95 2001 143 2028 τὸν
160 2001 261 2037 Κύριον
282 2001 315 2026 δι’
325 1999 417 2027 αὑτοῦ.
436 2000 491 2026 Kal
506 1997 561 2032 ἐγὼ
579 1997 718 2033 μεμίσηκα
733 1996 825 2028 αὐτὸν,
844 1997 885 2023 ὃτι

95 2048 127 2075 οὺ
151 2048 226 2075 λαλεῖ
246 2047 314 2082 πρὸς
337 2046 386 2082 ἐμὲ
408 2044 489 2077 καλὰ,
506 2044 573 2071 ἀλλὰ
593 2043 676 2075 κακὰ,
694 2043 812 2078 Μιχαίας
828 2043 884 2074 υίὸς

103 2094 242 2129 Ίεμϐλαά.
260 2093 315 2120 Kal
331 2090 408 2119 εἶπεν
428 2090 562 2124 Ἰωσαφὰτ
580 2089 705 2125 βασιλεὺς
723 2088 819 2115 ’1ούδα”
837 2089 884 2124 Μὴ

96 2141 201 2175 λεγέτω
216 2141 230 2167 ὁ
250 2139 375 2175 βασιλεὺς
398 2138 479 2165 οὓτω.
506 2137 560 2164 Kal
581 2136 737 2164 ὲκάλεσενὸ
759 2135 884 2170 βασιλεὺς

96 2187 207 2223 Ἰσραὴλ
231 2186 357 2221 εὐνοῦχον
378 2185 443 2217 ἕνα,
460 2185 507 2211 καὶ
530 2181 600 2211 εἷπε·
617 2183 655 2210 Τὸ
666 2182 748 2217 τάχος
764 2182 884 2217 Μιχαίαν

97 2233 156 2259 υἱὸν
174 2231 309 2268 Ἰεμϐλαά.
336 2231 391 2258 Kal
406 2229 511 2266 Ἀχαὰϐ
538 2229 585 2256 καὶ
607 2228 741 2262 Ἰωσαφὰτ
765 2227 884 2263 βασιλεῖς

96 2279 230 2314 ἐκάθηντο
255 2279 301 2305 ἐπὶ
321 2278 374 2304 τῶν
398 2277 501 2312 θρόνων
525 2275 614 2302 αὐτῶν
640 2274 746 2300 ἔνοπλοι.
762 2273 809 2300 ἐπὶ
824 2274 884 2304 ταῖς

97 2325 197 2357 πύλαις
213 2325 377 2361 Σαμαρείας,
392 2324 438 2350 καὶ
454 2323 555 2353 πάντες
570 2322 595 2347 οἰ
609 2319 748 2356 προφῆται
764 2319 885 2355 προεφή-

95 2380 176 2399 τευον
193 2370 308 2398 ἐνώπιον
327 2369 427 2397 αὐτῶν.
444 2369 500 2396 Καὶ
515 2367 643 2402 ἐποίησεν
654 2365 741 2400 ἑαυτῷ
758 2364 883 2396 Σεδεκίας

96 2419 155 2450 υίὸς
171 2418 280 2445 Χαναὰν
302 2417 405 2452 κέρατα
430 2415 535 2450 σιδηρᾶ,
553 2413 599 2440 καὶ
621 2410 689 2439 εἶπε·
718 2410 786 2437 Τάδε
810 2409 882 2444 λέγει

97 2464 209 2499 Κύριος·
228 2464 272 2490 Ἐν
287 2462 393 2493 τούτοις
410 2461 545 2496 κερατιιῑς
569 2458 618 2494 τὴν
635 2457 733 2493 Συρίαν
750 2456 801 2488 ἕως
819 2464 881 2482 συν-

93 2509 219 2545 τελεσθῇ.
234 2509 289 2536 Kal
302 2509 401 2540 πάντες
414 2507 439 2533 οἱ
453 2505 590 2542 προφῆται
602 2504 786 2539 προεφήτευω
800 2501 882 2534 οὕτω,

93 2555 230 2589 λέγοντες·
258 2554 399 2580 ’Δνάϐαινε
423 2553 463 2584 εἰς
486 2550 607 2587 Ῥεμμὰθ
631 2549 746 2581 Γαλαὰδ,
762 2549 809 2575 καὶ¹
825 2549 884 2574 εὐο-

93 2601 186 2633 δώσει,
203 2602 249 2628 καὶ
265 2600 344 2627 δώσει
361 2600 462 2635 Κύριος
479 2600 518 2630 εἰς
534 2597 630 2634 χεῖράς
651 2605 698 2623 σου
710 2596 755 2622 τὸν
772 2595 882 2630 βασιλέα

94 2647 205 2684 Συρίας.
224 2647 277 2674 Kal
289 2648 303 2673 ὁ
316 2646 439 2680 ἄγγελος,
451 2646 466 2671 ὁ
479 2644 621 2680 πορευθεὶς
634 2642 746 2670 καλέσαι
760 2642 806 2668 τὸν
819 2649 884 2676 προ-

94 2693 458 2730 φήτηνΜιχαίαν,ὲλάλησεν
474 2691 549 2727 αὑτῴ
564 2690 661 2725 λέγων·
683 2689 749 2715 Ἰδοὺ
766 2688 797 2723 δὴ
814 2687 882 2714 πάν-

92 2749 140 2773 τες
162 2741 187 2768 οἱ
211 2740 348 2776 προφῆται
364 2741 393 2767 ὲν
409 2738 523 2774 στόματι
546 2738 586 2764 ἑνὶ
608 2736 718 2763 λαλοῦσι
732 2733 801 2761 καλὰ
818 2734 882 2770 περὶ

126 2834 138 2846 ι·
153 2829 215 2857 Osc.
232 2838 287 2860 xw.
303 2829 327 2857 7.
358 2835 371 2855 P
387 2829 484 2857 Ezech.
500 2838 527 2861 Χ,
541 2829 566 2856 l.
605 2833 618 2853 (ι
637 2828 709 2855 Psal.
726 2835 798 2858 xuv,
813 2827 840 2854 9.

93 2872 106 2885 υ
123 2865 194 2891 Psal.
224 2873 307 2898 uvu,
323 2865 365 2892 l8.
416 2870 429 2884 ν
444 2865 524 2892 llcbr.
545 2873 564 2896 ι,
577 2864 601 2891 8.

94 2901 107 2921 b
121 2899 192 2928 Psal.
222 2908 330 2929 IIXXIV.
344 2901 370 2928 6.
426 2906 436 2920 ε
457 2899 529 2928 Psal.
542 2908 596 2934 cu,
611 2899 637 2926 4.
675 2899 689 2920 ἀ
706 2898 763 2926 Gen
788 2907 813 2930 ν,
829 2897 873 2924 '19.

899 2304 920 2333 D

936 1675 1075 1710 accepisse
1093 1685 1099 1703 :
1118 1675 1189 1710 quod
1205 1683 1292 1710 genus
1304 1675 1368 1702 illud
1383 1680 1436 1707 est,
1452 1679 1482 1702 ut
1496 1683 1583 1711 pauca
1598 1684 1614 1704 e
1629 1677 1724 1705 multis

935 1721 1093 1756 dcpromam
1111 1731 1116 1748 :
1133 1721 1211 1753 illud,
1225 1722 1346 1756 inquam,
1360 1721 1432 1756 quod
1444 1721 1529 1750 Jacob
1543 1722 1646 1750 dictum
1656 1727 1699 1751 est
1715 1732 1722 1751 τ

936 1767 1002 1794 Esto
1027 1766 1150 1794 dominus
1167 1767 1260 1801 fratris
1285 1767 1323 1793 tui
1337 1766 1359 1794 ί.
1378 1767 1411 1794 Ει
1421 1775 1481 1802 qua:
1494 1767 1528 1795 de
1544 1776 1724 1803 permansura

935 1821 986 1842 nec
1001 1813 1190 1848 interpolanda
1215 1814 1392 1841 successione
1407 1813 1441 1840 ad
1465 1821 1580 1849 regnum
1609 1815 1723 1843 seminis

935 1859 1020 1887 David
1036 1858 1166 1894 praedicta
1187 1863 1275 1886 erant.
1299 1858 1376 1886 Talia
1406 1859 1500 1894 utique
1517 1860 1656 1895 propalam
1680 1864 1723 1888 est

935 1908 996 1942 ipso
1009 1907 1083 1935 exitu
1110 1906 1322 1941 haudquaquam
1345 1906 1521 1941 respondisse
1533 1908 1720 1941 promissioni.

935 1954 1069 1982 Caeterum
1095 1953 1153 1981 hac
1181 1952 1295 1986 eadem,
1323 1953 1347 1981 si
1368 1953 1495 1987 penitius
1525 1955 1721 1989 contemplere.

936 2000 1010 2026 nulla
1033 2006 1147 2034 prorsus
1170 1999 1350 2026 frustratione
1365 1999 1517 2027 cluserunt.
1533 1998 1580 2026 Illa
1599 2000 1672 2027 enim
1687 1999 1723 2027 ab

934 2045 1018 2073 Iacob
1039 2045 1108 2073 facta
1124 2046 1271 2081 promissio
1284 2053 1317 2073 eo
1333 2046 1442 2080 impleta
1453 2046 1586 2078 creditur,
1602 2046 1675 2081 quod
1690 2046 1720 2076 ii.

934 2092 981 2126 qui
996 2099 1028 2120 ex
1046 2092 1106 2127 ejus
1126 2092 1230 2119 semine
1253 2091 1378 2126 prognati
1399 2095 1475 2123 sunt,
1491 2092 1666 2119 invaluerunt
1681 2091 1723 2119 di-

934 2138 1009 2165 tione
1035 2147 1042 2165 :
1062 2142 1089 2165 et
1110 2146 1157 2171 per
1171 2142 1323 2172 respectum
1355 2137 1389 2164 ad
1413 2137 1555 2165 Christum
1586 2137 1722 2172 completa

936 2183 1055 2211 fuerunt.
1083 2183 1123 2210 Ad
1155 2183 1228 2210 hunc
1258 2190 1369 2210 sensum
1399 2183 1581 2217 intelligenda}
1607 2182 1722 2210 veniunt

934 2229 1090 2256 Abrahamo
1115 2229 1184 2263 patri
1221 2229 1302 2255 dictre
1327 2228 1525 2263 promissiones
1550 2229 1584 2256 de
1611 2235 1722 2263 posses-

935 2276 1012 2303 sione
1025 2277 1106 2302 terra:
1116 2273 1316 2306 Chananitidis,
1325 2277 1352 2300 et
1364 2274 1484 2308 gentium
1496 2274 1686 2303 benedictione
1696 2277 1721 2306 ε,

936 2321 996 2349 Jam
1020 2329 1081 2356 qua:
1106 2321 1139 2348 ad
1169 2320 1255 2347 David
1284 2319 1366 2348 modo
1381 2320 1560 2355 repromissio
1576 2321 1647 2348 facta
1663 2326 1719 2356 est;

936 2368 1007 2395 haud
1022 2368 1134 2395 dubium
1149 2367 1214 2402 quin
1235 2367 1268 2394 ad
1288 2367 1427 2394 Christum
1445 2367 1586 2394 referenda
1604 2368 1650 2397 sit.
1665 2368 1722 2396 Nec

935 2413 1118 2444 dissimiliter,
1130 2413 1228 2448 quzein
1241 2412 1356 2441 Psalmis
1378 2412 1412 2440 de
1434 2411 1580 2441 Salomone
1601 2413 1654 2441 dici
1679 2415 1721 2442 vi-

936 2459 1036 2486 dentur
1058 2463 1163 2486 tantum
1179 2468 1185 2486 :
1202 2459 1269 2486 nihil
1291 2459 1438 2486 obscurum
1460 2463 1501 2486 est
1518 2459 1545 2486 in
1567 2460 1628 2495 ipso
1644 2468 1721 2488 com-

936 2505 1008 2540 pleta
1023 2513 1084 2532 esse
1107 2505 1228 2532 Christo.
1255 2504 1411 2532 Istiusmodi
1442 2504 1525 2540 igitur
1548 2508 1719 2534 enarrativas

935 2551 1145 2579 distributiones
1159 2551 1297 2578 diversum
1321 2550 1388 2585 quid
1414 2550 1443 2577 in
1468 2551 1586 2585 speciem
1606 2559 1663 2586 pra:
1690 2560 1720 2579 se

935 2598 1064 2630 ferentes,
1093 2597 1201 2625 vocavit
1224 2596 1400 2633 multiformia
1424 2598 1599 2632 sophismata
1627 2606 1633 2623 :
1662 2606 1718 2625 non

935 2645 1008 2679 quod
1023 2643 1196 2671 frustratoria
1211 2643 1447 2678 argumentatione
1461 2644 1601 2672 veritatem
1625 2645 1718 2672 elude-

934 2693 1006 2720 rent.
1023 2689 1115 2716 verius
1132 2689 1196 2723 quia
1210 2688 1237 2715 id
1248 2688 1416 2723 explicarent
1432 2688 1580 2722 sapienter,
1593 2688 1666 2723 quod
1689 2689 1717 2715 in

934 2735 1030 2770 primis
1044 2735 1201 2762 vertebatur
1215 2734 1243 2761 in
1257 2734 1446 2769 quastionem.
1467 2733 1602 2761 Praeterea
1622 2735 1716 2769 gigan-

878 2835 888 2846 τ
903 2825 926 2854 ll
951 2825 1019 2860 Reg.
1037 2833 1106 2853 xx".
1121 2825 1166 2853 43.
1205 2830 1215 2844 ⁸
1232 2824 1306 2860 Psal.
1327 2833 1389 2855 ιιιν,
1408 2825 1449 2851 l0.
1492 2824 1617 2860 filiabac.
1633 2833 1672 2856 ιιι,
1687 2826 1712 2854 8,

643 2871 654 2884 ι
672 2864 735 2890 Luc.
750 2872 783 2890 xv
832 2867 845 2886 Υ
861 2861 934 2889 Psal.
960 2869 1063 2890 LXXVII.
1080 2861 1124 2888 65.

914 2902 924 2914 ι.

1163 2865 1174 2878 ι
1195 2857 1264 2886 Psal.
1282 2868 1359 2890 me.
1376 2859 1419 2886 25.
1459 2866 1472 2880 ﬂ
1490 2859 1569 2887 Num.
1584 2868 1651 2890 xxii.
1667 2861 1712 2888 2-2.

937 2896 993 2923 ιο».
1009 2904 1087 2928 xxui,
1104 2895 1147 2923 l5.
1189 2895 1198 2914 ί
1215 2895 1282 2922 Gen.
1302 2903 1387 2928 xxvii,
1401 2895 1445 2921 ‘29.
1486 2896 1498 2915 ε
1515 2895 1583 2923 Gen.
1599 2904 1673 2928 xxvi,
1689 2897 1712 2924 ι.
