1940 3064
210 114 265 142 ιε’]

592 113 767 142 APPENDIX
786 113 833 142 AD
852 113 968 141 UPERA
984 113 1004 141 S
1029 113 1177 142 DIONYSII
1191 113 1434 142 AREOPAGITE.

1784 117 1830 146 £88

208 173 374 202 tomachiam
390 173 464 200 illam
480 172 619 208 turrisque
631 174 718 200 multo
731 173 915 201 celeberrimae
930 173 992 201 sub-

1047 173 1094 199 τοῦ
1106 172 1247 208 βασιλέως·
1265 175 1346 208 γενο“ι
1360 173 1406 200 καὶ
1422 172 1454 199 σὺ
1467 173 1508 204 είς
1523 173 1618 208 λόγους
1631 182 1677 200 σου
1691 173 1760 201 κατὰ
1775 175 1831 208 τοὺς

209 221 400 254 structionem,
415 224 445 247 ut
459 221 487 248 in
496 219 594 248 Genesi
603 220 629 253 ιι,
641 220 750 248 abunde
764 220 897 252 refertur;
909 228 997 255 neque

209 275 263 295 non
279 267 411 295 adversus
435 265 547 295 Achaab
570 267 670 294 initum
693 266 852 298 consilium,
869 265 941 295 sicut
969 266 998 293 in

208 314 290 342 tertio
300 321 409 349 quoque
423 313 595 348 Regnorumi
608 313 732 340 invenire
744 316 801 345 est;
816 320 871 348 quo
886 312 997 347 quidem

208 360 269 387 loco
283 359 376 386 divina
387 359 507 394 explicat.
528 357 681 393 Scriptura,
706 366 761 393 quo
775 361 854 393 pacto
865 357 998 394 Josaphat

207 407 289 441 2⁵17
304 414 366 433 cum
381 405 476 432 Achab
487 412 549 440 rege
564 403 649 432 lsrael
664 404 834 432 convenerit.
849 403 935 432 Porro
949 412 997 432 rex

206 451 292 480 lsrael
315 451 386 479 dixit
407 451 463 488 regi
486 450 557 478 Juda
571 460 577 478 :
592 450 621 478 Si
644 450 778 478 ascendes
801 450 945 478 nobiscum
968 451 996 478 in

206 499 307 527 bellum
324 499 353 526 in
368 497 530 526 Rhemmath
543 496 646 524 Galaad
658 496 829 532 ?Respondit
843 495 974 532 Josaphat
987 507 994 525 :

207 545 285 574 Sicut
309 553 375 581 ego,
401 545 439 572 ita
465 547 492 571 et
515 548 543 571 tu
558 546 606 570 :ut
632 543 750 578 populus
770 550 857 575 meus,
878 543 996 577 populus

205 596 270 620 tuus
283 603 289 620 :
304 596 334 620 ut
347 591 410 627 equi
428 591 499 624 mei,
514 591 577 625 equi
599 590 650 617 tui.
672 589 778 624 Adjeeit
795 597 904 624 quoque
917 589 996 617 Josa-

205 640 280 675 phat.
293 639 350 673 regi
364 637 446 665 lsrael
458 637 554 664 dicens
568 646 574 664 :
586 635 765 671 luterrogate,
777 636 903 668 obsecro,
915 636 997 664 hodie

203 686 359 713 Dominum.
372 684 405 711 Et
418 683 594 719 congregavit
608 691 657 711 rex
670 683 754 710 lsrael
767 690 863 710 omnes
879 685 994 718 prophe-

203 737 245 760 tas
258 731 337 766 quasi
353 731 578 766 quadringentos.
609 729 642 756 Et
666 729 736 756 dixit
753 737 801 756 rex
826 729 910 756 lsrael
932 737 995 764 pro-

204 779 292 814 phetis
305 787 312 804 :
325 777 353 805 Si
372 777 532 812 proﬁciscar
546 777 572 803 iu
591 775 753 803 Rhemmath
768 774 872 802 Galaad
889 776 921 803 ad
939 776 996 802 hci-

203 825 326 856 landum,
334 832 369 852 an
379 831 420 851 me
430 823 576 851 contineo?
584 822 615 849 Et
625 823 827 857 responderunt
837 832 843 849 :
853 821 977 849 Asceude
986 831 993 855 ;

202 871 271 898 dans
282 871 354 898 enim
376 870 450 897 dabit
472 877 531 897 eam
548 869 680 896 Dominus
698 869 724 895 in
745 876 844 896 manus
860 869 942 904 regis.
959 868 991 896 Et
1007 865 1027 892 Β

202 917 270 944 dixit
280 917 412 951 .losaphat
426 915 459 942 ad
473 915 587 942 Achaab
597 925 603 942 :
615 914 674 942 Non
685 918 727 942 est
742 914 787 942 hic
800 915 932 950 propheta
945 915 993 942 ali—

202 972 265 999 quis
287 963 404 993 Domini.
426 967 455 990 ut
469 963 670 997 interrogemus
686 960 832 989 Dominum
849 970 897 997 per
911 962 994 990 eum?

204 1010 236 1038 Et
258 1010 401 1046 respondit
426 1018 476 1037 rex
500 1009 584 1037 lsrael
607 1008 641 1035 ad
667 1008 822 1044 .losaphat:
841 1009 938 1036 Adhuc
952 1009 993 1036 vir

203 1066 274 1085 unus
298 1061 350 1089 est,
367 1065 416 1092 per
438 1065 518 1091 quem
542 1057 710 1090 interrogare
733 1063 881 1090 possumus
901 1055 994 1083 Domi-

201 1111 284 1134 num;
305 1103 353 1130 sed
375 1110 426 1137 ego
448 1102 492 1128 odi
517 1109 591 1133 eum,
614 1102 679 1136 quia
700 1110 754 1129 non
780 1102 901 1137 loquitur
926 1102 991 1129 mihi

202 1149 284 1180 bona,
306 1149 354 1176 sed
370 1148 452 1178 mala.
475 1146 605 1174 Michreas
629 1147 700 1174 lilius
725 1147 858 1174 Jcmblaa.
876 1147 910 1174 Et
924 1147 993 1174 dixit

201 1194 333 1229 .losaphat
344 1202 391 1221 rex
406 1193 476 1221 .luda
491 1203 497 1220 :
513 1192 550 1220 Ne
566 1193 688 1228 loquaris
703 1193 752 1226 ita,
771 1201 828 1220 rex.
842 1193 875 1220 Et
886 1193 993 1220 vocavit

203 1247 250 1268 rex
269 1239 352 1268 lsrael
371 1239 528 1266 eunuchum
552 1247 647 1271 unum,
667 1243 694 1267 et
709 1239 779 1266 dixit
792 1249 798 1266 :
811 1239 941 1266 Actutum
958 1239 991 1266 ad

201 1295 246 1314 me
262 1287 350 1314 accito
372 1286 513 1314 Illichmam
538 1286 622 1314 tilium
637 1285 770 1313 Jemblaa.
788 1285 821 1312 Et
840 1285 950 1313 Achaah
965 1289 992 1313 et

202 1333 334 1369 Josaphat
350 1341 427 1368 reges
442 1334 575 1361 sedebant
590 1333 617 1360 in
633 1332 710 1360 soliis
726 1332 784 1360 suis
803 1332 900 1359 armati
913 1332 990 1367 juxta

203 1383 296 1414 portas
320 1378 460 1410 Samariaa.
476 1383 502 1406 et
515 1387 611 1406 omnes
633 1378 671 1405 illi
687 1378 827 1413 prophetze
847 1378 992 1413 propheta-

202 1427 268 1454 bant
293 1434 385 1454 coram
406 1427 462 1459 eis;
485 1426 548 1453 fecit
565 1433 674 1460 quoque
694 1425 747 1452 sibi
769 1423 897 1452 Sedecias
920 1423 991 1451 illius

202 1471 334 1499 Chanaan
342 1479 446 1499 cornua
456 1471 555 1502 ferrea,
564 1475 590 1498 et
601 1471 684 1498 dixit:
697 1469 759 1497 llzec
767 1469 833 1497 dicit
844 1469 990 1498 Dominus:

203 1518 251 1546 His
272 1517 403 1545 cornibus
418 1517 563 1544 ventilabis
588 1516 706 1552 Syriam,
724 1523 869 1551 usquequo
886 1523 986 1542 consu-

204 1567 303 1590 metur.
320 1562 353 1589 Et
369 1570 466 1589 omnes
490 1562 628 1596 propheta:
645 1560 846 1596 prophetabant
862 1560 897 1588 ad
917 1560 991 1588 hunc

203 1609 324 1640 modum,
341 1607 464 1635 dicentes
487 1617 493 1633 :
514 1607 639 1634 Ascende
655 1607 683 1633 in
695 1605 859 1633 Rhemmath
876 1605 990 1638 Galaad,

204 1663 363 1690 prosperum
380 1654 453 1682 enim
475 1653 528 1681 erit
551 1654 603 1681 iter
620 1657 708 1684 tuum.
725 1656 752 1680 et
767 1652 842 1680 dabit
860 1652 990 1680 Dominus

202 1703 228 1729 in
245 1709 342 1729 manus
364 1705 427 1729 tuas
446 1708 537 1736 regem
559 1699 655 1735 Syriae.
672 1699 705 1726 Et
724 1699 839 1727 nuntius
858 1699 904 1734 qui
925 1699 993 1727 ierat

202 1748 236 1775 ad
251 1747 404 1775 vocandum
423 1747 583 1782 prophetam
605 1746 757 1776 Michazam,
774 1745 883 1772 locutus
897 1748 940 1772 est
958 1744 992 1772 ad

201 1802 263 1822 eum
279 1794 375 1821 dicens
388 1805 394 1820 :
409 1793 478 1820 Ecce
489 1800 586 1820 omnes
599 1792 737 1828 prophetae
751 1800 805 1819 uno
817 1799 865 1819 ore
876 1792 991 1827 loquun-

202 1845 249 1868 tur
263 1840 336 1868 bona
351 1847 444 1867 coram
461 1847 533 1874 rege.
553 1838 619 1866 Esto
638 1842 665 1866 et
679 1843 707 1865 lu
723 1845 832 1873 quoque
843 1838 871 1865 in
889 1845 994 1865 sermo-

204 1887 285 1914 nibus
309 1886 364 1913 tuis
387 1885 536 1913 secuudum
559 1892 699 1912 sermones
720 1883 802 1911 unius
822 1884 951 1916 istorum,
966 1887 993 1910 et

203 1934 275 1961 bona
296 1931 442 1967 eloquitor.
458 1931 490 1958 Et
504 1931 572 1958 dixit
593 1930 720 1958 Michteas
733 1941 740 1958 :
751 1930 825 1958 Vivit
842 1929 991 1962 Dominus;

203 1980 267 2015 quia
292 1979 476 2014 quodcunque
499 1977 600 2004 dixerit
623 1977 690 2004 mihi
715 1976 858 2008 Dominus,
880 1977 932 2004 hoc
953 1977 993 2003 lo-

203 2034 282 2062 quar.
298 2025 332 2052 Et
352 2025 427 2052 venit
442 2024 569 2052 Michzcas
585 2023 617 2050 ad
637 2031 739 2058 regem.
755 2027 782 2050 et
798 2023 866 2050 dixit
883 2022 907 2050 ei
923 2030 969 2049 rex
983 2031 990 2048 :

205 2073 326 2104 Michaea,
345 2072 368 2099 si
385 2070 531 2098 ascendam
548 2070 575 2096 in
591 2068 752 2096 Rhcmmath
767 2068 869 2095 Galaad
883 2068 916 2095 ad
935 2068 989 2095 bel-

203 2120 362 2151 landum.an
373 2117 531 2154 quiescam?
541 2116 573 2143 Et
586 2115 739 2151 respondit:
749 2115 882 2147 Aseende,
891 2119 918 2142 et
929 2123 993 2150 pro-

203 2175 282 2202 spere
294 2165 370 2193 dabit
385 2165 519 2192 Dominus
535 2171 595 2191 eam
611 2163 640 2190 in
655 2170 753 2190 manus
768 2161 852 2197 regis.
878 2161 910 2188 Et
924 2161 992 2188 dixit

202 2213 226 2240 ei
248 2221 296 2240 rex
312 2212 445 2245 :Quoties
469 2219 519 2246 ego
545 2209 642 2244 ailjuro
667 2213 708 2240 te,
731 2213 760 2235 ut
782 2208 905 2243 loquaris
925 2208 991 2234 mihi
1009 2215 1030 2242 ι)

202 2259 276 2293 quod
291 2267 385 2286 verum
398 2261 452 2290 est,
465 2257 547 2292 idque
562 2256 590 2283 in
608 2255 720 2282 nomine
735 2253 860 2281 Domini?
875 2253 908 2281 Et
922 2253 992 2280 dixit

204 2305 348 2332 Michazas:
363 2303 423 2331 Non
445 2303 496 2331 sic.
514 2301 578 2329 Vidi
592 2305 720 2329 cunctum
735 2299 819 2327 lsrael
835 2300 990 2335 dispersum

203 2351 231 2378 in
247 2351 388 2378 montibus
402 2349 481 2384 quasi
501 2349 593 2375 ovium
617 2354 739 2383 gregem,
751 2347 796 2373 cui
818 2354 872 2373 non
886 2351 927 2374 est
941 2353 991 2381 pa-

202 2402 274 2425 stor.
294 2396 328 2423 Et
353 2396 423 2423 dixit
446 2395 579 2422 Dominus
592 2404 600 2423 :
611 2394 681 2421 Num
696 2393 830 2421 Dominus
847 2393 890 2421 his
903 2397 946 2421 est
961 2394 989 2420 in

204 2443 307 2470 Deum?
325 2442 487 2469 Revertatur
499 2441 689 2476 unusquisque
701 2439 730 2467 in
743 2440 854 2467 domum
870 2447 947 2467 suam
964 2439 991 2466 iu

205 2497 280 2525 pace.
291 2488 401 2515 Etdixit
411 2488 521 2515 Achaab
535 2487 569 2514 ad
584 2486 716 2521 Josaphat
730 2496 736 2513 :
750 2485 845 2512 Nonne
857 2485 913 2512 dixi
929 2485 989 2515 tibi,

202 2537 268 2572 quia
282 2543 338 2563 non
351 2534 495 2570 prophetat
506 2534 573 2561 mihi
587 2534 638 2561 iste
646 2533 728 2563 bona,
739 2532 786 2560 sed
801 2532 892 2566 potius
903 2530 992 2558 mala?

204 2584 237 2611 Et
251 2582 352 2617 adjecit
367 2581 493 2609 Michmas
506 2590 512 2607 :
527 2579 586 2607 Non
601 2579 652 2610 sic,
669 2587 723 2606 non
744 2586 804 2613 ego.
820 2577 903 2612 278
920 2576 990 2604 Audi

205 2630 315 2658 verbum
343 2626 541 2656 Domini:Non
570 2626 620 2653 sic.
650 2625 713 2652 Vidi
736 2624 881 2651 Dominum
903 2622 988 2650 Deum

1005 1540 1026 1570 C

203 2677 287 2706 lsrael
302 2677 440 2705 sedentem
453 2683 536 2710 super
552 2675 650 2702 solium
663 2681 743 2702 suum
755 2683 762 2706 ;
774 2678 800 2701 et
812 2673 902 2700 omnis
918 2672 990 2699 mili-

203 2725 241 2751 tia
256 2724 318 2751 cadi
337 2726 452 2750 steterat
467 2723 494 2749 in
519 2721 637 2748 circuitu
662 2719 761 2755 ipsius,
781 2727 796 2746 a
813 2719 917 2746 dextris
932 2722 959 2745 et
973 2725 988 2745 a

202 2773 333 2801 sinistris.
360 2772 392 2799 Et
416 2771 484 2798 dixit
498 2770 648 2798 Dominus:
662 2770 730 2803 Quis
745 2768 861 2804 decipiet
879 2767 989 2796 Achaab

260 2852 273 2872 δ
287 2851 352 2885 Cap.
371 2859 408 2877 xi.
450 2857 457 2870 ι
475 2850 542 2885 Cap.
562 2857 615 2878 va.

1048 220 1144 254 λόγους
1168 220 1228 252 ἑνὸς
1250 219 1364 252 τούτων,
1388 220 1436 246 καὶ
1459 219 1575 255 λάλησον
1600 220 1680 247 καλά..
1698 221 1754 247 Kal
1777 219 1831 248 εἷπε

1047 265 1177 302 Μιχαίας⁵
1195 268 1232 302 Ζῇ
1249 266 1361 302 Κύριος,
1374 266 1388 292 ὅ
1406 275 1432 292 τι
1449 266 1482 293 ἃν
1498 265 1562 302 εἴπῃ
1584 266 1686 302 Κύριος
1702 266 1768 303 πρὸς
1791 268 1830 303 μὲ,

1047 312 1126 339 τοῦτο
1141 312 1258 348 λαλήσω.
1282 313 1337 340 Kal
1353 311 1422 348 ἦλθε
1436 313 1556 348 Μιχαίας
1573 312 1641 348 πρὸς
1655 313 1700 339 τὸν
1717 313 1831 348 βασιλέα.

1047 359 1102 386 Kal
1118 357 1194 386 εἷπεν
1208 360 1223 386 ὁ
1237 359 1364 394 βασιλεὺς
1379 358 1453 394 αὒτῷ
1464 367 1470 374 ·
1500 359 1617 394 Μιχαία,
1642 360 1667 386 εί
1691 360 1781 387 aueo
1796 362 1833 393 εις
1874 348 1876 352 ν

1055 405 1179 441 Ῥεμμὰθ
1196 405 1302 433 Γαλαὰδ
1317 407 1358 438 εἰς
1370 406 1497 442 πόλεμον,
1512 405 1530 441 ἢ
1546 406 1666 441 ὲπισχῶ;
1681 406 1735 433 Kal
1751 404 1831 434 εἶπεν·

1048 452 1199 485 ’Δνὰὕαινε,
1212 452 1260 480 καὶ
1276 452 1402 480 εὑοδώσει
1416 453 1518 489 Κύριος
1534 453 1573 484 εἰς
1589 454 1683 488 χεῖρας
1699 452 1746 479 τοῦ
1763 452 1834 488 βασι-

1047 498 1124 530 λέως.
1143 499 1199 526 Kal
1217 497 1296 526 εἶπεν
1312 499 1387 534 αὺτῷ
1401 501 1415 526 ὀ
1431 499 1566 535 βασιλεύς·
1586 499 1706 531 Ποσάκις
1721 498 1776 534 ἐγὼ
1788 501 1832 536 ὀρ-

1047 545 1115 578 κίζω
1129 554 1158 572 σε
1174 546 1248 577 ὅπως
1260 545 1379 582 λαλήσῃς
1397 545 1465 581 πρὸς
1485 545 1519 581 μὲ
1536 545 1664 581 ἀλήθειαν
1680 547 1709 572 ὲν
1727 546 1832 581 ὀνόματι

1047 591 1170 627 Κυρίου;
1187 591 1243 619 Kal
1267 589 1327 618 εἷπε
1350 591 1481 627 Μιχαίας·
1508 592 1564 627 Οὐχ
1585 592 1682 624 οὕτως.
1713 592 1833 629 Ἑώρακα

1048 637 1136 664 πάντα
1155 637 1202 664 τδν
1225 638 1335 674 Ἰσραὴλ
1355 638 1555 673 διεσπαρμένον
1572 639 1599 665 ὲν
1615 641 1671 671 τοῖς
1695 639 1783 675 ὄρεσιν
1797 639 1833 672 ὡς

1047 684 1184 720 ποίμνιον,
1201 681 1223 718 ᾧ
1239 685 1289 712 οὐκ
1312 685 1370 711 ἔστι
1388 685 1500 720 ποιμήν.
1521 685 1576 712 Kal
1593 682 1655 711 εἷπε
1671 686 1779 722 Κύριος’
1797 687 1831 713 Οὐ

1047 731 1148 767 Κύριος
1163 731 1266 763 τούτοις
1288 732 1328 764 εἰς
1344 731 1426 764 Θεόν;
1443 731 1649 768 Ἀναστρεφέτω
1668 731 1780 764 ἕκαστος
1795 734 1833 765 είς

1046 777 1091 804 τὸν
1114 775 1187 805 οἷκον
1205 778 1288 804 αὐτοῦ
1309 779 1338 804 ὲν
1354 778 1459 814 εἰρήνῃ.
1477 778 1533 804 Καὶ
1549 775 1624 804 εἶπεν
1649 778 1753 813 Ἀχαὰὸ
1769 779 1832 814 πρὸς

1048 824 1190 859 Ἰωσαφάτ·
1204 825 1260 850 Οὐκ
1266 821 1330 850 εἶπα
1337 824 1405 860 πρὸς
1422 824 1464 856 σὲ,
1479 824 1509 850 οὐ
1525 824 1691 859 προφητεύει
1705 822 1780 856 οὗτός
1791 833 1832 860 μοι

1043 871 1122 902 καλὰ,
1139 871 1204 898 διότι
1220 870 1303 906 ἀλλ’ἢ
1320 870 1405 902 κακὰς
1422 870 1478 897 Kal
1498 867 1558 896 εἷπε
1575 870 1703 905 Μιχαίας·
1723 871 1776 905 Οὐχ
1788 871 1832 897 οὗ·

1043 926 1107 950 τως,
1131 919 1181 944 οὐκ
1201 917 1266 952 ἐγώ.
1296 917 1396 944 Ἀκουε
1422 917 1498 953 ρἦα
1518 917 1629 952 Κυρίου·
1656 917 1711 952 Οὐχ
1738 916 1830 949 οὕτως.

1043 962 1120 991 Εἶδον
1142 963 1244 1000 Κύριον
1268 963 1334 990 Θεὸν
1358 963 1468 999 Ἰσραὴλ
1488 962 1642 998 καθήμενον
1667 963 1714 989 ἐπὶ
1739 963 1830 998 θρόνου

1044 1010 1141 1042 αὐτοῦ,
1159 1011 1206 1037 καὶ
1232 1010 1307 1036 πᾶσα
1331 1010 1347 1044 ή
1369 1009 1483 1044 στρατιὰ
1504 1009 1550 1035 τοῦ
1574 1008 1690 1045 οὐρανοῦ
1713 1009 1832 1044 εἱστήκει

1044 1057 1108 1094 περὶ
1118 1057 1199 1084 αὑτὸν
1216 1058 1249 1083 ἐκ
1261 1055 1357 1088 δεξιῶν
1371 1055 1453 1082 αὐτοῦ
1471 1056 1518 1082 καὶ
1534 1055 1563 1088 ἐξ
1578 1055 1724 1090 εὐωνύμων
1740 1055 1831 1082 αὐτοῦ.

1044 1104 1098 1131 Καὶ
1114 1101 1174 1130 εἷπε
1191 1102 1303 1138 Κύριος·
1319 1102 1368 1134 Τις
1387 1102 1522 1137 ἀπατήσει
1542 1101 1587 1127 τὸν
1604 1101 1707 1137 Ἀχαὰὸ
1723 1101 1832 1136 βασιλέα

1043 1149 1163 1185 Ἰσραὴλ,
1181 1149 1228 1176 καὶ
1244 1148 1421 1183 ἀναϐήσεται,
1439 1148 1485 1174 καὶ
1502 1149 1626 1174 πεσεῖται
1645 1148 1686 1179 είς
1710 1147 1831 1182 Ῥεμμὰϐ

1043 1195 1231 1227 Γαλαὰδπίιῇ¹
1248 1193 1324 1221 εἶπεν
1341 1192 1418 1227 οὗτος
1434 1193 1516 1225 οὕτω,
1528 1193 1575 1220 καὶ
1590 1191 1666 1225 οὗτος
1680 1192 1761 1220 οὕτω.
1779 1193 1834 1220 Kal

1043 1242 1139 1277 ἐξῆλθε
1152 1241 1273 1276 πνεῦμα,
1289 1241 1336 1267 καὶ
1350 1240 1415 1276 ἔστη
1429 1240 1542 1267 ἐνώπιον
1554 1239 1668 1275 Κυρίου,
1685 1240 1732 1266 καὶ
1746 1237 1830 1265 εἶπεν·

1043 1289 1115 1324 Ἐγὼ
1129 1290 1263 1324 ἀπατήσω
1279 1288 1369 1316 αὐτόν.
1394 1288 1449 1315 Kal
1465 1285 1525 1313 εἷπε
1543 1286 1610 1322 πρὸς
1632 1286 1696 1312 αὐτὸ
1720 1285 1831 1321 Κύριος·

1044 1337 1088 1363 Ἐν
1099 1337 1166 1366 τίνι;
1184 1335 1239 1362 Kal.
1253 1333 1338 1362 εἶπεν·
1357 1334 1548 1369 Ἐξελεύσομαι
1560 1333 1606 1360 καὶ
1620 1332 1715 1368 ἔσομαι
1727 1331 1834 1366 πνεῦμα

1042 1381 1139 1417 ψευδὲς
1150 1383 1178 1409 ὲν
1193 1381 1305 1417 στόματι
1320 1381 1427 1407 πάντων
1441 1379 1496 1406 τῶν
1510 1378 1656 1414 προφητῶν
1670 1377 1764 1405 αὑτοῦ.
1781 1378 1836 1404 Kal.

1043 1427 1128 1456 εἷπεν·
1137 1429 1309 1464 ’Δπατήσεις,
1321 1428 1365 1454 καί
1375 1436 1406 1461 γε
1417 1427 1529 1462 δυνήσῃ,
1540 1425 1640 1458 ἔξελθε,
1650 1425 1697 1452 καὶ
1723 1424 1836 1459 ποίησον

1042 1474 1122 1502 οὕτω.
1140 1475 1195 1502 Kal
1211 1474 1258 1501 νῦν
1276 1474 1330 1500 ἰδοὺ
1347 1474 1429 1500 ἔδωκε
1444 1472 1545 1508 Κύριος
1563 1470 1672 1506 πνεῦμα
1692 1471 1788 1506 ψευδὲς
1806 1472 1836 1496 ἐν

1044 1521 1158 1556 στόματι
1183 1521 1290 1547 πάντων
1314 1520 1369 1547 τῶν
1392 1518 1539 1555 προφητῶν
1565 1525 1612 1544 σου
1638 1516 1750 1544 τούτων.
1779 1516 1838 1543 Kal

1043 1567 1145 1604 Κύριος
1161 1567 1291 1602 ἐλάλησεν
1308 1567 1354 1593 ἐπὶ
1372 1565 1401 1592 σὲ
1416 1564 1498 1592 κακά.
1523 1563 1577 1590 Kal
1594 1562 1731 1598 προσῆλθε
1756 1562 1836 1588 Σεδε-

1044 1614 1106 1645 κίας
1121 1613 1178 1645 υἱὸς
1194 1612 1315 1644 Χαναὰν,
1329 1612 1378 1638 καὶ
1394 1610 1514 1642 ἐπάταξε
1528 1609 1572 1636 τὸν
1589 1608 1709 1643 Μιχαίαν
1724 1608 1771 1634 ἐπὶ
1785 1608 1837 1643 τὴν

1044 1661 1166 1694 σιαγόνα,
1187 1660 1233 1686 καὶ
1247 1657 1317 1685 εἷπε·
1334 1659 1412 1685 Ποῖον
1427 1655 1535 1691 πνεῦμα
1549 1655 1579 1682 τὸ
1592 1654 1713 1689 λαλῆσαν
1728 1654 1756 1680 ὲν
1772 1653 1815 1680 σοί
1828 1661 1836 1684 ;

1042 1708 1098 1734 Kal
1114 1705 1174 1734 εἶπε
1188 1706 1319 1742 Μιχαίας·
1335 1705 1401 1731 Ἰδοὺ
1415 1704 1447 1730 σὺ
1460 1703 1520 1737 bal/et
1537 1703 1565 1728 ὲν
1580 1703 1613 1737 τῇ
1625 1701 1717 1737 ἡμέρᾳ
1731 1699 1836 1736 ἐκείνῃ,

1042 1755 1106 1781 ὅταν
1130 1753 1254 1790 εἰσέλθῃς
1273 1754 1313 1784 εἰς
1330 1752 1360 1778 τὸ
1381 1752 1492 1785 ταμεῖον
1514 1748 1561 1775 τοῦ
1585 1748 1698 1784 ταμείου
1719 1756 1764 1773 σου
1787 1746 1839 1772 τοῦ

1043 1801 1185 1837 κρυϐἧναί.
1202 1799 1257 1826 Kal
1272 1797 1348 1825 εἶπεν
1369 1795 1481 1832 ’Ᾱχαάθ
1498 1794 1569 1822 Λάϐε
1585 1794 1630 1820 τὸν
1643 1793 1773 1828 Μιχαίαν,
1791 1792 1840 1819 καὶ

1041 1846 1231 1883 ἀποστρέψατε
1247 1844 1329 1872 αὐτὸν
1343 1844 1411 1879 πρὸς
1423 1841 1514 1878 Ἀμὼν
1527 1843 1573 1868 τὸν
1589 1841 1707 1876 ἄρχοντα
1720 1839 1771 1874 τῆς
1789 1838 1841 1865 πό-

1042 1894 1120 1925 λεως,
1138 1893 1185 1919 τοῦ
1202 1892 1295 1918 θέσθαι
1311 1890 1405 1917 τοῦτον
1428 1891 1457 1916 ὲν
1477 1888 1592 1923 φυλακῇ,
1606 1887 1653 1914 καὶ
1675 1885 1776 1912 ἐσθίειν
1792 1886 1842 1911 αὐ-

1042 1941 1088 1967 τὸν
1106 1940 1188 1976 ἄρτον
1204 1938 1330 1973 θλίψεως,
1347 1937 1394 1963 καὶ
1411 1935 1482 1970 ὕδωρ
1499 1934 1623 1968 θλίψεως,
1641 1933 1693 1963 ἓως
1706 1931 1752 1958 τοῦ
1778 1932 1842 1958 ἐπι-

1043 1983 1158 2020 στρέψαι
1174 1992 1207 2018 με
1222 1984 1250 2009 ὲν
1267 1981 1372 2018 εἰρήνῃ,
1389 1981 1444 2007 Καὶ
1458 1978 1517 2006 εἷπε
1528 1978 1648 2013 Μιχαίας
1662 1977 1700 2012 τῷ
1717 1975 1840 2011 βασιλεῖ·

1042 2030 1107 2058 Ἐὰν
1124 2029 1296 2064 ἐπιστρέφων
1307 2026 1473 2062 ὲπιστρέψῃς
1485 2026 1513 2051 ὲν
1529 2025 1639 2060 εἰρήνῃ,
1655 2023 1704 2049 οὐκ
1720 2022 1842 2056 ὲλάλησε

1042 2077 1145 2112 Κύριος
1158 2077 1188 2102 ὲν
1202 2075 1273 2110 ἐμοί.
1289 2073 1344 2100 Καὶ
1354 2072 1489 2107 ἀνέδησαν
1500 2071 1525 2097 οἱ
1538 2070 1584 2096 δύο
1599 2069 1719 2104 βασιλεῖς
1730 2067 1843 2103 ’Λχαὰϐ

1042 2124 1089 2152 καὶ
1105 2122 1240 2156 Ἰωσαφὰτ
1258 2122 1298 2152 εἰς
1320 2118 1442 2154 Ῥεμμὰθ
1459 2117 1574 2144 Γαλαὰδ.
1600 2116 1655 2142 Kal
1678 2112 1737 2140 εἷπε
1759 2114 1845 2149 βασι-

1041 2170 1104 2202 λεὺς
1120 2168 1230 2204 Ἰσραὴλ
1246 2168 1315 2204 πρὸς
1330 2164 1465 2200 Ἰωσαφὰτ
1482 2163 1594 2199 βασιλέα
1614 2161 1710 2188 Ἰούδα·
1732 2161 1846 2194 Συγκὰ-

1043 2216 1126 2251 λνψόν
1145 2224 1189 2251 με,
1207 2215 1255 2241 καὶ
1271 2212 1459 2247 εἰσελεύσομαι
1478 2211 1517 2242 εἰς
1532 2210 1578 2236 τὸν
1593 2209 1720 2243 πόλεμον,
1739 2208 1789 2233 καὶ
1808 2209 1845 2234 σὺ

1042 2263 1148 2290 ἔνδυσαι
1165 2261 1210 2288 τὸν
1228 2259 1374 2296 ἱματισμόν
1392 2266 1452 2293 μου.
1471 2257 1525 2283 Καὶ
1542 2254 1744 2288 σννεκαλύψατο
1759 2254 1775 2279 ὁ
1790 2253 1847 2287 βα-

1042 2309 1132 2340 σιλεὺς
1149 2307 1268 2343 Ἰσραὴλ,
1286 2306 1333 2333 καὶ
1354 2303 1477 2339 εἰσῆλθεν
1501 2304 1540 2334 εἰς
1556 2302 1602 2328 τὸν
1626 2301 1754 2335 πόλεμον.
1782 2299 1847 2326 Καὶ

1040 2357 1056 2382 ὁ
1070 2355 1196 2390 βασιλεὺς
1209 2353 1309 2389 Συρίας
1320 2351 1472 2379 ἐνετείλατο
1485 2351 1541 2381 τοῖς
1553 2349 1666 2385 ἄρχουσι
1679 2347 1733 2374 τῶν
1749 2346 1847 2382 ἁρμά-

1040 2410 1094 2428 των
1108 2400 1190 2428 αύτοῦ
1206 2399 1354 2435 τριάκοντα
1373 2398 1420 2424 καὶ
1434 2396 1490 2428 δύο,
1504 2396 1599 2430 λέγων·
1621 2395 1669 2430 Μὴ
1690 2393 1845 2428 πολεμεῖτε

1043 2447 1140 2483 μικρὸν
1155 2446 1201 2472 καὶ
1218 2446 1314 2480 μέγαν,
1329 2443 1413 2478 ἀλλ’ἢ
1428 2443 1474 2469 τὸν
1490 2441 1602 2478 βασιλέα
1616 2439 1726 2477 Ἰσραὴλ
1749 2438 1848 2474 μονώ-

1042 2501 1132 2520 τατον.
1153 2492 1208 2519 Kal
1226 2491 1334 2525 ἐγένετο
1348 2490 1386 2521 ὼς
1405 2487 1474 2516 εἶδον
1487 2489 1512 2515 οἱ
1530 2488 1658 2524 ἄρχοντες
1673 2485 1726 2512 τῶν
1744 2484 1846 2520 ἁρμά-

1041 2547 1095 2565 των
1110 2536 1245 2571 Ἰωσαφὰτ
1262 2535 1372 2571 βασιλέα
1387 2534 1484 2566 Ἰούδα,
1500 2535 1547 2560 καὶ
1568 2533 1645 2560 αὐτοὶ
1662 2530 1745 2558 εἷπον·
1770 2530 1847 2558 Φαί-

1041 2592 1115 2611 νεται
1131 2583 1256 2618 βασιλεὺς
1278 2581 1387 2617 Ἰσραὴλ
1410 2578 1496 2611 οὗτος,
1513 2579 1559 2606 xal
1578 2578 1734 2605 ἐκύκλωσαν
1752 2576 1846 2603 αὐτὸν

1042 2629 1205 2664 πολεμῆσαι,
1231 2628 1278 2655 καὶ
1304 2627 1452 2662 ἀνέκραξεν
1477 2625 1621 2659 Ἰωσαφάτ.
1646 2624 1702 2651 Kal
1723 2622 1849 2657 ἐγένετο

1041 2675 1078 2707 ὡς
1103 2673 1172 2701 εἶδον
1193 2674 1218 2701 οἱ
1242 2673 1371 2709 ἄρχοντες
1395 2672 1448 2699 τῶν
1469 2671 1613 2707 ἁρμάτων.
1631 2671 1673 2697 ὅτι
1698 2670 1749 2696 οὐκ
1777 2669 1847 2700 ἔστι

1042 2720 1169 2755 βασιλεὺς
1192 2719 1301 2756 Ἰσραὴλ
1317 2716 1404 2751 οὗτος,
1421 2718 1468 2744 καὶ
1488 2716 1665 2753 ἀπέστρεψαν
1680 2715 1726 2743 ἀπ’
1737 2715 1845 2742 αὑτοῦ.

1041 2767 1095 2794 Kal
1121 2766 1250 2795 ἐνέτεινεν
1269 2763 1309 2798 εἷς
1331 2765 1360 2792 τὸ
1381 2764 1457 2798 τόξον
1480 2763 1624 2799 εὐστόχως,
1642 2763 1689 2790 καὶ
1712 2761 1846 2794 ἐπάταξε
