1923 3067
131 142 184 170 489

504 137 726 169 ΡΑΕΙΙΫΜΕΒΑΞ
748 139 911 167 PARAPIIR

963 140 991 167 IS
1010 140 1042 167 IN
1064 140 1138 168 EPP.
1161 141 1188 168 S.
1211 141 1373 170 DIONYSII.

1707 143 1760 175 490'

129 199 175 225 τὸν
201 198 313 233 βασιλέα
336 199 442 235 Ἰσραὴλ
460 199 511 226 ἀνὰ
529 200 609 234 μέσον
632 199 679 226 τοῦ
703 199 851 235 πνεύμονος
874 201 912 226 κα⁴

971 207 1062 235 regem
1090 199 1190 233 Israel,
1214 207 1243 227 ut
1264 202 1395 229 ascendat
1409 206 1436 229 et
1451 198 1531 230 cadat
1550 203 1577 231 in
1598 203 1760 232 lihemmatli

129 245 181 271 ἀνὰ
199 245 282 280 μέσον
297 245 344 272 τοῦ
365 245 496 281 θώρακος,
516 245 562 272 καὶ
579 243 639 272 εῐπε
655 245 695 280 τῷ
712 246 812 281 ἡνιόχῳ
826 245 917 272 αὐτοῦ·

136 291 314 327 Ἐπίστρεψον
329 291 379 323 τὰς
397 291 490 327 χεῖράς
504 300 561 324 σου,
578 292 624 318 καὶ
642 291 759 326 ἐξάγαγὲ
777 300 810 327 με
827 292 858 318 ὲκ
874 291 920 318 τοῦ

128 337 259 373 πολέμου,
276 338 316 364 ὅτι
333 338 481 373 τέτρωμαι.
500 337 555 364 Καὶ
572 335 712 374 ὲτροπώθη
730 339 743 364 ὁ
760 338 876 374 πόλεμος
893 338 921 364 ἐν

127 386 160 420 τῇ
180 384 272 420 ἡμέρᾳ
294 385 394 420 ἐκείνῃ.
421 385 476 411 Καὶ
492 386 506 410 ὁ
523 384 649 419 βασιλεὺς
671 382 705 420 ἦν
731 383 853 420 ἑστηκὼς
875 385 920 411 ἐπὶ

127 431 174 457 τοῦ
192 431 315 467 ἅρματος
331 430 360 462 ἐξ
376 431 499 462 ἐναντίας
516 430 615 466 Συρίας
628 430 682 456 ἀπὸ
693 430 764 465 πρωῒ
775 430 828 461 ἕως
841 431 921 456 ὲσπέι

129 485 189 512 ρας,
207 477 254 504 καὶ
271 477 388 512 ἀπέχυνε
410 476 440 503 τὺ
463 475 532 511 αἷμα
547 476 601 503 ἀπὸ
616 476 666 510 τῆς
689 475 797 512 πληγῆς
814 477 853 508 είς
874 476 919 503 τὸν

128 524 227 550 κόλπον
247 524 295 550 τοῦ
318 524 450 558 ἅρματος,
470 524 517 550 καὶ
534 523 666 549 ἀπέθανεν
689 522 817 558 ἑσπέρας.
836 523 891 550 Καὶ
906 523 920 548 ὁ

129 570 318 607 πρατοκῆρυε
343 571 406 607 ἔστη
429 573 459 598 ὲν
479 572 512 606 τῇ
538 569 708 606 παρεμϐολῇ,
725 569 847 600 δύνοντος
872 569 919 595 τοῦ

127 619 213 654 ήλίου,
221 618 317 652 λέγων’
327 618 460 650 Ἕκαστος
470 619 510 649 είς
519 617 568 653 τὴν
577 616 671 643 ἑαυτοῦ
681 616 757 643 πόλιν
767 616 812 642 καὶ
822 617 861 648 εἰς
870 617 919 651 τὴν

126 664 224 692 ἑαυτοῦ
241 664 293 700 γῆν
311 665 467 701 στραφήτω,
482 665 522 691 ὃτι
537 664 667 700 τέθνηκεν
679 664 694 690 ὁ
710 663 845 698 βασιλεύς.
864 663 920 689 Καὶ

126 711 228 746 ἔθαψαν
237 711 282 737 τὸν
292 710 403 745 βασιλέα
414 712 442 737 έν
452 710 603 747 Σαμαρείᾳ,
611 711 658 737 καὶ
666 710 800 745 ἀπένιψαν
808 711 838 737 τὸ
848 707 917 746 αἷμα

125 757 172 783 ἐπὶ
182 757 231 793 τὴν
246 757 349 793 κρήνην
357 756 523 793 Σαμαρείας·
536 757 583 783 καὶ
591 756 727 790 ὲξέλειξαν
742 757 769 783 αί
783 756 829 789 ὕες
837 757 883 783 καὶ
894 758 918 783 at

124 803 206 835 κύνες
217 803 248 830 τὸ
262 800 339 839 αἷμαι
351 804 398 830 καὶ
413 804 440 830 αἱ
455 803 551 838 πόρναι
564 803 706 830 ὲλούσαντο
716 805 745 830 ἐν
763 803 802 838 τῷ
812 804 917 839 αἵματι,

124 848 195 875 κατὰ
210 848 241 874 τὸ
259 848 334 884 ῥῆμα
349 848 461 884 Κυρίου,
476 848 489 874 ὂ
503 847 629 883 ὲλάλησε.
647 849 702 874 Καὶ
717 847 802 874 ταῦτα
819 848 867 883 μὲν
884 849 918 876 τὰ

123 895 174 930 τῆς
189 895 296 929 ἀπάτης
311 894 358 921 τοῦ
382 894 493 929 Ἀχαὲύὶ.
509 893 664 929 Σημείωσαι
682 894 710 920 δὲ
726 895 773 920 καὶ
790 895 853 930 περὶ
869 895 915 922 τοῦ

125 941 264 976 ᾋσματος
280 940 333 967 τῶν
349 940 490 976 ᾀσμάτων,
508 937 611 971 οὗτινος
627 939 700 973 λέγει
713 940 762 971 τὰς
776 941 916 976 ἑταιρικὰς

123 987 318 1019 πολυπαθείας,
344 986 393 1018 τὰς
418 986 620 1022 προαγωγείας,
638 986 672 1012 τὰ
697 986 845 1022 φιλήματα,
869 988 916 1013 καὶ

121 1033 156 1060 τὰ
170 1033 260 1065 λοιπὰ,
272 1033 305 1060 δι’
315 1033 333 1060 ἃ
343 1033 374 1069 δὴ
393 1032 439 1060 καὶ
449 1033 463 1058 ὁ
472 1032 663 1067 Μοψουεστίας
678 1033 814 1068 Θεόδωρος
830 1033 915 1068 ἀφρό-

120 1088 175 1111 νως
190 1079 221 1106 τὺ
238 1079 339 1114 βιϐλίον
362 1078 494 1106 διέϐαλλε⁸
520 1078 566 1104 καὶ
590 1078 640 1104 ὅσα
666 1077 733 1104 ἄλλα
758 1078 914 1114 συνθήματα

119 1126 203 1152 οἱονεὶ
212 1125 332 1161 σύμϐολα
341 1125 555 1160 πεπληθυσμένα
561 1125 616 1151 τῶν
625 1124 728 1160 νοητῶν
738 1125 785 1151 καὶ
795 1125 912 1157 ἑνιαίων,

120 1173 169 1199 καὶ
186 1172 300 1208 μεριστὰ
316 1171 370 1198 τῶν
387 1171 552 1207 ἁμερίστων.
569 1170 610 1197 Τὰ
626 1170 654 1196 δὲ
670 1170 792 1206 σύμϐολα
809 1170 914 1206 πεπλη-

121 1218 243 1254 θυσμένα
260 1219 327 1253 φησὶ
352 1218 419 1254 πρὸς
441 1218 471 1244 τὸ
494 1217 592 1253 ἀληθὲς
616 1218 704 1244 ἐκεῖνο
730 1218 777 1244 καὶ
803 1218 910 1244 ἐνιαῖον·

120 1266 210 1291 ἐκεῖνο
225 1264 279 1299 γὰρ
296 1264 324 1291 εἴ
332 1273 358 1290 τι
375 1264 409 1291 ἃν
429 1264 475 1290 καὶ
488 1262 517 1299 ᾗ,
534 1263 634 1290 ὲνιαῖόν
651 1265 718 1290 ὲστι.
743 1263 783 1289 Τὰ
798 1264 827 1289 δὲ
845 1263 913 1298 σύμ-

119 1310 187 1337 ϐολα
202 1310 237 1337 τὰ
252 1309 383 1346 δηλοῦντα
399 1311 488 1337 ἐκεῖνο
504 1309 693 1345 πληθύνονται·
713 1309 771 1344 ἅμα
796 1309 856 1344 μὲν,
871 1310 912 1336 ὅτι

118 1357 244 1385 δι’ἀλλου
269 1357 316 1384 καὶ
331 1357 411 1384 ἄλλου
434 1356 545 1391 δηλοῦσι
567 1355 597 1382 τὸ
620 1355 728 1391 ἀληθές·
748 1355 805 1390 ἅμα
822 1356 849 1382 δὲ
867 1356 913 1382 καὶ

119 1405 161 1431 ὃτι
172 1404 266 1441 πόῤῥω
275 1403 321 1430 τοῦ
333 1403 445 1435 ἑνιαίου,
456 1404 507 1430 ὅσα
517 1403 549 1429 ἄν
560 1411 601 1434 τις
612 1403 658 1428 καὶ
666 1402 747 1434 εῐποι,
760 1402 833 1436 λέγει
846 1402 911 1438 (I9).

118 1450 174 1478 Καὶ
198 1451 266 1487 πρὸς
291 1450 375 1477 πολλὰ
403 1450 452 1485 μὲν
476 1449 510 1476 τὰ
531 1447 703 1485 μορφώματα
728 1449 774 1475 καὶ
798 1449 823 1475 ot
839 1449 912 1483 λόγοι

120 1497 288 1533 μερίζονται,
306 1496 339 1523 δι’
351 1497 366 1522 ὃ
382 1496 410 1523 δὲ
426 1496 513 1522 ταῦτα
539 1495 586 1522 καὶ
613 1495 776 1531 πράττονται
802 1496 848 1522 καὶ
870 1495 913 1522 λέ-

118 1553 229 1579 γονται,
253 1543 350 1571 ὲνιαῖόν
377 1545 433 1570 ἐστι
457 1543 503 1569 καὶ
527 1542 674 1578 ἀμέριστον
697 1542 766 1578 (20)·
796 1543 833 1578 μὴ
858 1542 912 1578 γὰρ
926 1550 947 1578 C

117 1590 353 1627 ὑπολαμϐάνωμεν
367 1589 402 1616 τὰ
425 1589 573 1625 φαινόμενα
589 1588 675 1616 ταῦτα
697 1588 758 1615 τῶν.
771 1589 911 1624 συνθημά-

115 1646 172 1666 των
187 1637 268 1663 οἱονεὶ
283 1637 336 1664 τῶν
355 1635 525 1671 συμϐολικῶς
542 1635 691 1669 γινομένων
705 1634 911 1661 ἀναπεπλάσθαι

116 1684 189 1719 ὑπὲρ
213 1683 332 1715 ἑαυτῶν,
356 1679 494 1709 τουτέστιν
520 1682 592 1716 ὑπὲρ
618 1681 665 1708 τοῦ
685 1681 769 1712 ὅντως
793 1681 910 1707 νοεῖσθαι

115 1730 186 1757 αὐτὰ
203 1729 269 1765 (21),
286 1730 324 1761 ὡς
347 1729 378 1756 τὸ
404 1727 566 1764 φαινόμενον
589 1727 656 1761 ἔχει,
674 1727 721 1753 καὶ
742 1726 771 1753 τὸ
795 1726 911 1761 γράμμα

114 1776 201 1812 ψιλῶς
233 1775 413 1811 ὑπαγορεύει,
440 1774 507 1801 ἀλλὰ
534 1772 730 1809 προϐάλλονται
756 1772 842 1798 ταῦτα
865 1773 911 1799 καὶ

116 1823 311 1859 προφαίνονται
332 1822 380 1858 τῆς
403 1822 559 1856 ἀπορρήτου
576 1821 633 1851 τοῖς
649 1819 756 1850 πολλοῖς
773 1819 819 1846 καὶ
835 1819 911 1850 θείας

115 1871 282 1906 ἐπιστήμης.
306 1868 543 1905 Περικαλύμματα
559 1867 614 1902 γάρ
631 1867 683 1893 εἱσι
700 1866 747 1893 καὶ
760 1866 840 1892 τύποι
857 1866 909 1892 τῶν

116 1916 273 1952 βαθυτέρων
295 1914 414 1951 νοήσεών
430 1923 459 1940 τε
478 1914 525 1940 καὶ
546 1912 714 1948 ὑπολήψεων·
739 1911 841 1944 ταύτας
855 1912 910 1947 γὰρ

115 1963 282 1998 ἐπιστήμην,
301 1961 377 1997 φησὶ,
395 1960 540 1996 δηλοῦντος
558 1959 604 1986 τοῦ
622 1959 712 1993 λόγου,
727 1958 765 1990 ὡς
779 1958 836 1984 ἔστι
853 1958 908 1994 (22)

114 2018 158 2041 τις
173 2008 274 2035 τούτων
292 2006 446 2044 ὑψηλοτέρα
467 2006 617 2042 ἐπιστήμη,
635 2005 668 2040 ἣν
683 2006 698 2031 ὁ
719 2004 910 2045 πνευματικῶς

115 2054 228 2090 θεωρῶν
245 2054 339 2081 καὶτὰ
355 2052 526 2088 πνευματικὰ
544 2051 697 2087 συγκρίνων
715 2051 910 2086 πνευματικῶς

115 2100 271 2131 ἐπίσταται,
294 2100 324 2126 οὐ
340 2099 429 2133 λόγοις
445 2098 656 2129 ἀποδεικτικοῖς,
674 2096 741 2123 ἀλλὰ
762 2104 910 2130 πνευματι-

114 2148 185 2178 κοῖς.
200 2145 447 2181 Ίερογραφήθησαν
455 2144 483 2171 δὲ
493 2143 564 2170 οὕτω
574 2143 618 2170 διὰ
628 2143 690 2174 τοὺς
702 2141 827 2174 ἀναξίους
841 2142 907 2177 (ἳό),

115 2193 160 2219 ἵνα
178 2193 215 2228 μὴ
233 2191 459 2227 εὐκαταφρόνητα
474 2190 574 2225 δοκοίη.
594 2190 649 2215 Καὶ
666 2189 708 2215 ἵνα
730 2188 843 2219 ἐκείνοις
862 2187 909 2222 μό-

972 245 1094 272 Galaad?
1108 244 1141 272 Et
1156 254 1227 274 unus
1240 247 1337 282 aliquis
1353 248 1421 274 dixit
1435 259 1440 275 :
1456 248 1500 275 Sic
1515 253 1542 276 et
1558 250 1598 277 sic.
1610 259 1617 282 ;
1631 255 1658 277 et
1673 252 1758 279 alter:

974 291 1019 319 Sic
1034 297 1060 319 et
1077 292 1128 320 sic.
1144 292 1177 320 Et
1188 301 1317 328 egressus
1335 299 1377 322 est
1395 295 1519 330 spiritus,
1532 299 1560 323 et
1573 297 1647 324 stetit
1666 305 1758 324 coram

972 337 1103 372 Domino,
1128 342 1155 366 et
1175 339 1299 375 ait:Ego
1327 341 1461 376 decipiam
1484 350 1559 370 eum.
1588 342 1714 378 Dixitque
1735 344 1759 371 ei

972 385 1103 414 Dominus
1118 397 1123 414 ;
1137 388 1165 415 1ιι
1188 380 1310 423 ιῖιιοῖἘι
1327 390 1467 424 respondit
1487 399 1494 417 :
1512 389 1654 425 Egrediar,
1670 394 1697 419 et
1712 391 1761 419 ero

972 430 1085 466 Spiritus
1103 433 1217 461 mcndax
1235 434 1262 461 in
1279 442 1325 462 orc
1341 436 1462 462 omnium
1479 437 1672 471 prophetarum
1688 437 1757 472 ejus.

971 478 1004 506 Et
1026 479 1096 506 dixit
1122 479 1418 516 I)ominus:Decipics,
1439 487 1466 510 ct
1490 487 1564 511 certe
1588 484 1758 519 praevalebis.

971 524 1116 560 Egredere,
1133 530 1159 553 et
1174 526 1217 553 fac
1237 527 1284 554 ita.
1303 527 1336 554 Et
1350 536 1424 555 nunc
1447 536 1511 557 ecce
1530 529 1605 557 dedit
1628 529 1759 559 Dominus

971 571 1096 605 spiritum
1109 572 1243 599 mendacii
1256 573 1284 600 in
1297 581 1343 601 ore
1356 574 1478 601 omnium
1489 575 1685 610 prophetarum
1697 581 1759 605 tuo-

971 624 1032 644 rum
1049 617 1174 646 istorum.
1194 617 1247 646 Sed
1262 623 1288 646 et
1301 619 1433 648 Dominus
1445 621 1552 650 locutus
1566 626 1608 650 est
1623 628 1720 651 contra
1733 628 1760 651 te

970 663 1052 691 mala.
1070 663 1194 692 Aeccssit
1216 670 1306 692 autem
1332 664 1461 694 Sedecias
1478 667 1551 695 lilius
1575 667 1717 702 Chanaan,
1731 674 1759 697 et

970 710 1106 744 percussit
1124 709 1262 737 Micbazam
1278 711 1305 738 iu
1320 711 1470 745 maxillam,
1482 718 1510 740 ct
1526 713 1595 741 dixit
1608 714 1692 748 :Quis
1703 716 1759 751 spi-

970 755 1040 783 ritus
1054 755 1106 783 hoc
1120 756 1229 784 locutus
1244 761 1286 784 est
1301 757 1329 784 in
1349 758 1392 785 te?
1405 763 1432 786 et
1455 760 1596 795 respondit
1610 760 1736 790 Michaeas
1750 760 1758 790 ἐ

970 800 1040 829 Ecce
1061 805 1089 828 tu
1109 802 1214 830 videbis
1237 803 1264 829 in
1283 803 1327 830 die
1347 803 1404 836 illa,
1420 805 1530 839 quando
1553 805 1714 842 ingredieris
1730 807 1758 836 in

971 848 1206 876 abstrusissimum
1224 849 1290 876 illud
1310 853 1386 877 tuum
1403 851 1570 886 cubiculum,
1590 856 1620 880 ut
1641 854 1759 882 abscon-

968 893 1052 921 daris.
1079 894 1111 920 Et
1129 894 1197 922 dixit
1219 895 1313 923 Achab
1326 905 1332 923 :
1345 895 1443 924 Tollite
1467 896 1607 925 Mieliacam
1628 899 1712 932 hunc,
1731 905 1758 928 et

968 941 1094 968 abducite
1108 949 1171 968 eum
1188 941 1222 969 ad
1237 941 1325 969 Amon
1337 943 1488 978 principem
1505 943 1644 978 civitatis;
1662 949 1692 973 ut
1706 954 1757 981 po-

967 991 1014 1014 nat
1026 987 1099 1014 hunc
1110 988 1136 1014 in
1149 995 1270 1019 carcere.
1284 992 1311 1015 et
1325 992 1458 1016 sustentet
1471 997 1532 1018 eum
1546 998 1615 1025 pane
1626 992 1758 1028 angustiae

966 1037 992 1059 et
1009 1041 1079 1068 aqua
1097 1033 1295 1065 tribulationis,
1313 1035 1401 1062 donec
1425 1040 1548 1063 revertar
1569 1037 1596 1064 in
1620 1045 1697 1072 pace.
1724 1038 1757 1065 Et

965 1079 1033 1106 dixit
1051 1079 1178 1106 Michaeas
1194 1080 1251 1114 regi
1268 1090 1273 1107 :
1288 1079 1316 1107 Si
1329 1085 1468 1108 revertens
1483 1083 1628 1111 reverteris
1639 1084 1666 1111 in
1677 1091 1755 1119 pace,

965 1133 1020 1151 non
1034 1130 1076 1153 est
1088 1125 1114 1152 in
1129 1133 1172 1152 me
1184 1126 1291 1153 locutus
1303 1126 1446 1155 Dominus.
1463 1127 1496 1154 Et
1507 1129 1691 1158 ascenderunt
1702 1131 1756 1159 duo

965 1178 1043 1206 rcges
1059 1171 1153 1198 Achab
1168 1175 1195 1198 et
1215 1170 1348 1206 .Iosaphat
1361 1173 1389 1198 in
1406 1172 1570 1201 Rhemmatb
1594 1173 1712 1209 Galaad;
1729 1181 1756 1203 et

965 1217 1031 1244 dixit
1053 1225 1100 1244 rex
1126 1217 1210 1244 Israel
1231 1217 1265 1243 ad
1289 1215 1421 1252 Josaphat
1447 1225 1537 1253 regem
1563 1218 1633 1246 Juda
1649 1230 1656 1247 :
1672 1219 1756 1247 Sume

965 1263 1030 1289 Inibi
1047 1269 1134 1294 arma,
1151 1267 1178 1290 et
1194 1262 1333 1297 ingrediar
1353 1263 1466 1295 bellum,
1482 1269 1509 1291 et
1530 1267 1558 1291 tu
1576 1264 1690 1293 induere
1708 1273 1755 1293 ve-

964 1307 1030 1335 stitu
1050 1315 1121 1335 meo.
1140 1307 1173 1334 Et
1187 1307 1272 1335 armis
1290 1308 1403 1335 indutus
1424 1312 1466 1336 est
1486 1316 1533 1336 rex
1555 1308 1650 1342 Israel,
1664 1315 1692 1338 et
1712 1311 1755 1338 in-

963 1360 1076 1388 gressus
1089 1357 1131 1380 est
1147 1353 1259 1380 bellum.
1284 1353 1318 1379 Et
1336 1361 1383 1380 rex
1400 1352 1486 1389 Syria!
1502 1355 1631 1390 praecepit
1652 1355 1755 1390 princi-

964 1400 1044 1434 pibus
1058 1407 1189 1427 curruum
1205 1407 1318 1427 suorum
1339 1399 1447 1427 duobus
1462 1404 1489 1428 et
1503 1401 1615 1434 triginta
1637 1401 1752 1430 dicens:

962 1445 1002 1473 Ne
1018 1445 1145 1481 pugnetis
1157 1450 1252 1473 contra
1267 1454 1381 1481 parvum
1394 1451 1421 1474 et
1436 1454 1576 1481 magnum,
1588 1448 1640 1475 nisi
1658 1448 1755 1476 contra

963 1499 1053 1526 regem
1071 1491 1155 1519 Israel
1173 1492 1272 1519 solum.
1290 1490 1404 1519 Factum
1420 1495 1472 1523 est,
1490 1495 1519 1519 ut
1533 1493 1661 1520 viderunt
1676 1494 1754 1529 prin;

963 1537 1039 1572 cipes
1053 1545 1186 1565 curruum
1207 1537 1339 1572 Josaphat
1359 1545 1449 1572 regem
1466 1537 1546 1571 Iuda,
1564 1543 1591 1566 et
1606 1540 1660 1575 ipsi
1676 1540 1752 1569 dixe-

964 1589 1028 1611 runt
1043 1594 1048 1611 :
1061 1583 1181 1619 Apparet
1191 1583 1264 1619 quod
1280 1584 1324 1610 hic
1341 1584 1377 1611 sit
1388 1592 1435 1611 rex
1451 1584 1543 1613 Israel.
1561 1585 1595 1613 Et
1618 1587 1646 1613 in
1656 1587 1753 1619 orbem

962 1630 1203 1659 circumdederunt
1219 1638 1293 1662 eum,
1307 1634 1336 1657 ut
1354 1634 1521 1665 pugnarent;
1542 1636 1569 1659 et
1589 1632 1752 1661 exclamavit

961 1677 1095 1713 Josapbat
1110 1687 1115 1704 :
1140 1676 1252 1704 Factum
1268 1681 1320 1703 est.
1339 1676 1374 1704 Ut
1388 1676 1515 1704 viderunt
1535 1679 1675 1714 principes
1688 1687 1752 1707 cur-

962 1732 1033 1756 rum,
1058 1725 1121 1760 quia
1140 1731 1194 1751 non
1210 1727 1284 1751 esset
1302 1724 1346 1751 hic
1359 1731 1407 1751 rex
1422 1723 1515 1756 Israel,
1537 1729 1564 1752 et
1580 1724 1751 1754 diverterunt

961 1769 995 1797 ab
1010 1777 1052 1797 eo.
1071 1769 1104 1796 Et
1118 1768 1234 1796 intendit
1256 1768 1446 1804 unus.aliquis
1460 1773 1553 1797 arcum
1571 1776 1645 1798 certa
1668 1771 1750 1799 desti-

960 1816 1072 1844 natione
1088 1815 1252 1847 collineans,
1264 1819 1291 1842 et
1313 1816 1452 1850 percussit
1472 1824 1562 1851 regem
1578 1816 1661 1845 Israel
1679 1817 1750 1846 inter

959 1862 1080 1890 medium
1096 1862 1233 1897 pulmonis
1247 1865 1275 1889 et
1288 1862 1417 1897 pectoris,
1432 1866 1459 1890 et
1475 1862 1544 1890 dixit
1563 1863 1665 1898 auriga:
1678 1872 1748 1892 suo:

959 1908 1093 1936 ConVerte
1112 1915 1211 1935 manus
1234 1912 1308 1940 tuas,
1325 1911 1352 1935 et
1375 1908 1445 1936 educ
1470 1915 1514 1936 me
1533 1908 1567 1936 de
1585 1908 1668 1942 bello,
1683 1911 1747 1945 quia

959 1955 1118 1983 vulneratus
1135 1963 1206 1983 sum.
1231 1955 1263 1982 Et
1286 1962 1449 1983 conversum
1471 1959 1513 1983 est
1535 1956 1636 1984 bellum
1660 1957 1749 1984 indie

959 2001 1015 2029 illa.
1033 2001 1066 2028 Et
1082 2010 1128 2030 rex
1141 2002 1232 2030 stabat
1246 2002 1274 2029 in
1285 2009 1367 2030 curru
1381 2002 1513 2030 adversus
1524 2001 1631 2037 Syriam
1643 2010 1658 2029 a
1669 2011 1748 2031 mane

959 2055 1046 2082 usque
1069 2048 1103 2076 ad
1127 2055 1279 2084 vesperam.
1305 2048 1339 2075 Et
1363 2048 1552 2076 eﬂ‘undebatur
1574 2049 1715 2083 sanguinis
1732 2057 1747 2076 ιι

958 2093 1038 2128 plaga
1055 2094 1083 2120 in
1097 2093 1187 2121 sinum
1203 2101 1313 2130 currus,
1326 2098 1354 2122 et
1374 2098 1499 2121 mortuus
1516 2098 1559 2122 est
1574 2101 1696 2130 vespere.
1714 2093 1747 2122 Et

958 2148 1048 2175 ιιι-ιεεο
1059 2141 1186 2168 militaris
1198 2141 1272 2169 stetit
1282 2141 1310 2168 in
1321 2141 1432 2173 castris,
1443 2141 1500 2168 sole
1508 2141 1563 2176 jam
1577 2142 1604 2168 in
1616 2149 1744 2169 occasum

958 2188 1119 2218 inclinante,
1135 2187 1232 2215 dicens
1245 2197 1252 2215 :
1266 2186 1462 2222 Unusquisque
1474 2187 1556 2222 219
1571 2188 1599 2215 in
1611 2195 1688 2214 suam
1705 2188 1745 2214 ci-

115 2247 172 2270 νοις
181 2237 422 2265 ἀνακαλύπτωνται
437 2238 494 2267 τοῖς
504 2235 626 2267 τελείοις,
638 2235 685 2261 καὶ
695 2235 784 2261 πᾶσαν
795 2234 906 2269 ἀπρεπῆ

963 2233 1070 2260 vitalem
1082 2236 1109 2260 et
1125 2233 1151 2259 in
1165 2239 1242 2260 suam
1256 2238 1355 2260 terram
1369 2236 1532 2264 revertatur,
1544 2233 1607 2268 quia
1621 2237 1745 2260 mortuus

115 2285 266 2320 φαντασίαν
289 2283 336 2311 ἐπὶ
360 2283 462 2310 τούτων
484 2280 751 2316 ἀποσκευαζομένοις
771 2279 842 2314 (24),
860 2279 907 2305 καὶ

114 2331 236 2363 δυνατῶς
251 2331 341 2366 ἔχουσι
358 2328 504 2356 διαϐαίνειν
517 2328 586 2363 πρὸς
600 2327 649 2362 τὴν
667 2326 805 2361 ἀλήθειαν,
823 2326 853 2351 ὲν
868 2324 907 2359 τῷ

115 2378 305 2414 παραθεωρεῖν
334 2376 382 2411 μὲν
405 2374 435 2401 τὸ
463 2374 518 2400 τῶν
551 2372 693 2408 συμϐόλων
717 2371 853 2402 ποικίλον,
876 2370 906 2396 τὸ

115 2425 216 2452 ἑνιαῖον
233 2423 260 2449 δὲ
277 2421 508 2456 καταλαμϐάνειν,
523 2420 572 2445 οὐκ
589 2420 618 2445 ὲν
633 2418 769 2450 ἀποδείξει
787 2418 833 2444 καὶ
846 2417 904 2443 δια-

115 2471 228 2505 νοητικῇ
261 2468 419 2503 ἐπιστήμῃ,
445 2466 542 2493 ἀλλ’ὲν
571 2465 669 2495 ἁπλαῖς
695 2463 834 2494 ἐπιϐολαῖς
858 2462 904 2488 τοῦ

115 2517 177 2548 νοός
204 2515 269 2551 (‘25).
300 2513 405 2545 Ἄλλως
425 2521 454 2538 τε
481 2512 528 2538 καὶ
546 2510 642 2545 διπλῆ,
663 2511 753 2545 φησὶν,
773 2510 830 2536 ἐστὶ
853 2509 906 2535 τῶν

116 2561 279 2597 θεολόγωνὴ
295 2560 450 2596 παράδοσις·
466 2559 483 2593 ἡ
503 2558 551 2593 μὲν
567 2556 610 2583 διὰ
624 2556 774 2591 συμϐόλων,
788 2557 804 2590 ἡ
822 2555 850 2581 δὲ
863 2555 906 2581 διὰ

114 2609 167 2645 τ’ῆς
183 2607 298 2643 θεωρίας
320 2606 370 2640 τῆς
395 2605 521 2635 κτίσεως,
538 2604 567 2629 ἐν
589 2602 628 2637 τῷ
649 2601 837 2629 κατανοεῖσθαι
854 2601 907 2628 ἀπὸ

113 2654 219 2688 ταύτης
235 2653 280 2679 τὸν
295 2649 491 2684 τελεσιουργόν.
512 2647 604 2674 Εἰπὼν
617 2647 645 2673 δὲ
661 2647 710 2682 τὴν
725 2647 773 2682 μὲν
789 2646 908 2682 ἀπόρρη-

115 2709 163 2727 τον
179 2699 228 2726 καὶ
246 2697 389 2734 μυστικὴν,
403 2695 588 2730 ὲπεξηγεῖται,
610 2693 697 2720 καλῶν
717 2691 906 2727 συμϐολικὴν

117 2745 213 2781 αὐτὴν,
228 2744 277 2771 ac:
300 2742 344 2770 διὰ
367 2740 509 2776 συμϐόλων
525 2737 801 2774 χρησμοδοτηθεῖσαν.
827 2736 905 2763 Ἀλλὰ

117 2793 164 2819 καὶ
181 2789 350 2824 τελεστικὴν,
366 2784 411 2818 ὡς’
424 2786 479 2817 τὰς.
494 2785 605 2815 τελετὰς
623 2784 677 2810 τῶν
700 2784 855 2818 μυστηρίων
878 2785 906 2809 ὲν

158 2871 169 2890 ll
187 2869 207 2897 ll
222 2867 338 2900 Paralip.
354 2873 431 2896 xvln,
446 2872 492 2898 per
505 2867 600 2889 totum.

281 2915 414 2943 Parnm"
432 2913 489 2942 Gu.
508 2911 558 2940 IV.

960 2282 1002 2306 est
1014 2285 1072 2305 rex.
1092 2277 1125 2305 Et
1140 2278 1306 2313 sepelierunt
1317 2285 1408 2313 regem
1424 2278 1451 2305 in
1467 2277 1600 2310 Samaria,
1613 2282 1639 2305 et
1651 2278 1745 2306 ablue-

959 2329 1023 2352 rnnt
1041 2325 1202 2360 sanguinem
1217 2324 1251 2351 ad
1267 2323 1368 2351 fontem
1387 2324 1529 2355 Samaria},
1549 2328 1576 2352 et
1590 2324 1745 2352 elinxerunt

960 2380 1023 2399 sues
1042 2376 1069 2399 et
1086 2378 1169 2398 canes
1185 2371 1257 2397 hunc
1279 2371 1450 2405 sanguinem.
1468 2370 1520 2398 Sed
1539 2375 1567 2398 et
1586 2371 1744 2399 meretrices

960 2418 1058 2444 ablutae
1077 2420 1141 2444 sunt
1161 2416 1295 2451 sanguine
1314 2416 1361 2442 illo
1378 2416 1455 2450 juxta
1482 2416 1593 2444 verbum
1617 2416 1742 2449 Domini,

960 2463 1032 2498 quod
1045 2463 1152 2489 locutus
1166 2465 1208 2488 est
1222 2462 1247 2489 ιι.
1262 2461 1296 2487 Ει.
1311 2461 1367 2488 haec
1377 2461 1486 2496 quidem
1499 2461 1573 2489 dicta
1588 2462 1643 2489 sint
1656 2462 1742 2497 expli-

958 2507 1050 2535 canda
1069 2509 1155 2543 gratia
1173 2507 1343 2542 deceptionis
1362 2507 1465 2534 Achab.
1489 2506 1559 2535 Nota
1584 2508 1696 2542 insuper
1716 2513 1743 2535 et

957 2555 990 2582 de
1003 2554 1118 2581 Cantico
1130 2554 1310 2585 canticorum,
1319 2553 1398 2587 cujus
1411 2552 1520 2587 quidem
1531 2553 1678 2580 amatorias
1691 2560 1741 2580 nec

957 2607 1059 2635 paucas
1080 2599 1254 2630 affectiones.
1275 2599 1336 2627 illas
1356 2599 1485 2626 nimirum
1509 2599 1739 2628 lenocinationes.

957 2646 1197 2680 suaviationesque
1210 2645 1377 2677 osculorum,
1389 2649 1416 2672 et
1426 2645 1531 2679 reliqua
1546 2645 1572 2671 id
1585 2652 1671 2680 genus
1681 2651 1740 2678 qua:

957 2690 1131 2718 Theodorum
1156 2694 1337 2726 cognomento
1359 2689 1554 2725 Mopsuestium
1577 2689 1737 2719 invitarunt.

957 2741 987 2764 ut
1004 2738 1094 2772 ipsum
1112 2737 1280 2764 canticorum
1298 2744 1367 2771 opus
1382 2736 1526 2763 calumniis
1541 2733 1736 2770 proscinderet.

957 2781 1011 2810 Sed
1027 2787 1053 2809 et
1074 2789 1242 2816 quaecunque
1261 2782 1312 2808 alia
1334 2781 1411 2815 signa
1427 2781 1454 2808 in
1472 2782 1558 2808 sacris
1571 2783 1742 2810 occurrunt;

1543 2904 1584 2933 10'
