1940 3064
198 133 245 160 ιρι

608 132 780 161 APPENDIX
799 132 844 158 AD
862 131 977 160 OPERA
999 131 1027 160 S.
1048 130 1198 159 DIONYSII
1218 129 1413 158 AHEOPAGIT
1422 129 1452 156 {1

1770 127 1816 156 ‘95

197 194 226 216 ut
241 194 306 219 sunt
319 191 442 227 symbola
457 191 674 227 intelligibilibus
689 191 893 226 individuisque
903 192 982 219 rebus

1039 190 1181 226 συμὸὁλοις
1203 189 1401 226 παραδιδοῦσαν
1423 189 1466 216 διὰ
1483 189 1532 224 τῆς
1556 188 1694 224 ἱερατικῆς
1712 189 1814 224 παραδό-

197 237 492 273 ρτεεςιιαῐηίσ,ἠιιαξνο
510 245 572 265 cum
595 239 696 273 partito
718 237 892 270 dividantur,
908 238 986 273 signa

197 283 298 318 alioqui
317 291 408 311 rerum
422 287 487 312 sunt
502 283 718 319 impartibilium.
735 283 769 310 Et
784 283 842 311 haec
860 291 926 311 sane
938 291 986 311 vo-

196 333 239 356 cat
251 329 372 364 σύμϐολα
381 330 600 365 πεπληθυσμένα,
612 330 689 364 signa
701 329 829 356 nimirum
851 330 879 356 in
890 337 986 357 nume-

195 384 285 403 rosam
310 376 511 403 multitudinem
528 376 715 403 excrescentia
733 376 790 403 sive
805 376 985 410 multiplicata

194 422 226 448 ad
245 420 312 448 illud
332 421 405 456 quod
421 429 514 449 verum
532 425 574 448 est
589 425 615 448 et
630 421 769 456 singulare
789 422 900 448 collata.
917 421 985 448 Nam

194 466 260 493 illud
286 467 308 494 si
337 467 402 502 quid
426 466 519 497 fuerit,
542 466 637 502 utique
661 459 808 501 singulare
822 470 874 494 est.
899 466 986 493 Porro

194 513 271 548 signa
289 513 364 540 illius
379 512 528 547 singularis
545 516 572 539 et
586 511 733 539 individua:
750 511 789 539 rei
804 510 985 547 signiﬁcativa

195 558 370 585 innumerosa
397 557 582 584 extenduntur
612 557 806 584 multitudine:
839 560 895 583 tum
922 556 984 591 qui—

194 603 266 635 dem,
283 603 357 638 quod
374 610 423 638 per
448 603 523 630 aliud
538 607 564 630 et
585 602 660 629 aliud
685 603 825 630 declarant
839 602 985 638 genuinam

194 650 281 685 ipsam
296 649 438 677 veritatem
453 659 460 677 :
473 653 530 676 tum
545 657 611 676 vero
625 650 689 684 quia
704 650 812 685 longius
823 650 857 676 ab
870 649 917 676 illo
928 649 986 677 sin-

194 695 281 731 gulari
298 699 363 723 sunt
378 702 549 730 quaecunque
565 695 666 730 aliquis
685 695 809 730 symbola
831 694 942 727 dixerit,
958 698 986 721 et

195 749 244 777 pro
259 741 433 769 multitudine
457 740 606 767 formarum
628 740 699 776 (qu:e
714 740 770 768 Deo
787 739 984 776 attribuuntur)

195 795 338 816 sermones
355 787 437 815 etiam
454 787 507 822 ipsi
528 787 688 814 dividuntur
703 787 740 822 (et
755 785 995 822 multiplicantur);

194 834 260 862 illud
271 842 337 861 vero
351 833 540 869 propterquod
555 833 613 861 haec
625 838 652 861 et
668 834 735 860 ﬁunt
750 837 777 860 et
787 833 917 860 dicuntur
931 832 986 860 sin-

193 881 287 915 gulare
300 885 342 908 est
357 884 384 908 et
401 880 582 907 individuum.
594 879 650 907 Nec
661 880 733 907 cuitu
749 878 914 906 arbitremur
927 878 984 905 haec
1000 871 1020 898 Β

193 927 269 962 signa
292 926 431 961 proposita
453 933 542 953 rerum
565 925 714 961 symbolice
728 924 917 952 exsistentium
933 931 983 959 pro

193 981 223 1000 se
238 973 306 1007 ipsis
321 972 383 999 ﬁcta
398 979 469 1003 esse,
488 971 539 998 hoc
559 975 601 998 est
615 974 645 997 ut
658 970 698 998 sic
711 971 769 1005 ipsa
780 969 982 1004 concipiantur,

193 1019 422 1054 quemadmodum
452 1018 559 1053 signum
589 1017 760 1052 propositum
789 1017 929 1047 continet,
957 1020 984 1043 et

194 1065 266 1092 nuda
282 1065 373 1092 littera
393 1064 525 1096 insinuat,
543 1064 589 1092 sed
607 1063 820 1098 prremittuntur.
835 1063 984 1098 praelucent

194 1110 336 1145 sapientia:
351 1109 433 1145 vulgo
454 1109 588 1136 indicibili
615 1113 642 1136 et
666 1109 775 1136 divinat.
800 1107 927 1136 Tectoria
945 1108 983 1135 si-

192 1155 303 1190 quidem
323 1159 388 1183 sunt
402 1155 526 1190 quredam
543 1159 570 1181 et
585 1154 668 1181 rudes
684 1153 907 1180 adumbrationes
921 1161 984 1180 sen-

193 1209 274 1229 suum
283 1200 362 1236 longe
370 1200 576 1235 profundiorum
586 1207 803 1234 arcanarumque
811 1199 981 1234 opinionum.

194 1246 251 1273 llas
266 1246 338 1273 enim
355 1246 497 1273 scientiam
513 1245 580 1272 dicit
597 1253 724 1273 sermone
739 1245 895 1273 declarante
910 1246 983 1280 quod

193 1293 279 1320 altera
294 1291 456 1327 requirenda
464 1291 500 1318 sit
509 1291 568 1319 istis
582 1291 674 1325 ﬁguris
681 1291 796 1319 scientia
804 1292 890 1318 multo
898 1291 983 1318 subli-

193 1338 274 1371 mior,
281 1345 362 1373 quam
370 1337 495 1372 quisquis
503 1337 683 1372 spiritualiter
689 1338 897 1372 contemplatur,
905 1338 984 1373 spiri-

193 1383 278 1411 tualia
286 1391 448 1419 comparans
456 1382 661 1418 spiritualibus:
674 1383 719 1411 hic
727 1383 807 1418 plane
818 1384 890 1411 illam
900 1388 982 1417 tenet,

192 1429 364 1456 orationibus
379 1429 488 1464 quidem
503 1436 557 1455 non
578 1428 810 1461 demonstrativis,
829 1429 877 1457 sed
901 1430 983 1464 spiri—

193 1474 412 1502 tualibus.Porro
423 1475 479 1502 hate
488 1475 565 1510 signa
574 1475 741 1509 oportuit,ad
750 1484 812 1503 eum
823 1476 932 1504 modum
943 1484 984 1504 sa-

192 1521 247 1548 cris
256 1521 407 1548 inumbrari
415 1521 485 1556 typis
493 1530 500 1548 :
508 1525 538 1548 ut
546 1521 580 1548 ab
587 1522 626 1548 eis
634 1522 981 1558 submoverenturindigni,

192 1573 260 1594 neve
270 1566 437 1601 contemptui
446 1571 663 1601 exponerentur:
672 1571 755 1602 utque
766 1567 820 1594 illis
830 1568 896 1596 solis
906 1575 982 1596 reve-

192 1614 282 1640 lentur
291 1613 459 1647 periectis,et
465 1620 573 1640 omnem
583 1612 739 1640 indecoram
748 1613 880 1648 superbis
887 1614 981 1649 imagi-

192 1659 330 1686 nationem
341 1658 540 1693 rejicientibus,
551 1662 578 1686 et
589 1659 622 1685 ad
637 1660 723 1693 ipsam
740 1667 827 1694 usque
834 1659 982 1694 pervadere

193 1705 336 1731 veritatem
357 1704 523 1735 valentibus,
541 1704 586 1731 vix
602 1704 712 1739 quidem
730 1704 826 1732 leviter
841 1705 981 1740 signorum

191 1750 364 1782 varietatem,
386 1750 516 1777 unitatem
533 1750 617 1785 280
642 1758 707 1778 vero
731 1758 785 1778 non
810 1750 983 1778 demonstra-

196 1796 271 1823 tione
286 1802 337 1822 nec
350 1794 570 1826 ratiocinatione,
584 1795 631 1822 sed
643 1794 760 1830 simplici
773 1796 872 1822 mentis
885 1802 982 1830 appre-

192 1841 326 1868 hensione
336 1840 602 1874 comprehendendo.
614 1839 733 1868 Proinde
746 1840 845 1875 duplex
856 1845 897 1869 est
908 1841 982 1868 theo-

193 1886 317 1920 logorum
340 1884 469 1911 traditio:
484 1884 541 1911 haec
558 1884 667 1919 quidem
685 1892 734 1919 per
749 1885 838 1921 signa,
854 1886 899 1912 iila
916 1893 981 1914 vero

193 1936 338 1959 exercetur
372 1937 420 1965 per
446 1935 581 1957 creatura:
611 1932 889 1966 contemplationem,
916 1932 981 1960 dum

193 1977 321 2004 videlicet
341 1984 357 2003 a
389 1982 522 2004 creatura:
544 1977 731 2012 speculatione
758 1978 910 2006 sublimiter
936 1986 981 2006 ra-

193 2025 269 2060 pitur
290 2031 368 2051 mens
384 2023 417 2051 ad
433 2024 693 2059 contemplationem
717 2024 833 2059 opiﬁcis.
858 2024 980 2053 Priorem

193 2072 288 2098 dicens
309 2077 437 2097 arcanam
453 2075 478 2098 et
503 2070 659 2106 mysticam,
677 2070 786 2098 interim
812 2071 876 2098 dum
903 2076 981 2098 vocat

193 2126 252 2145 eam
273 2117 452 2153 symbolicam
465 2126 471 2144 :
484 2117 597 2153 perinde
623 2121 665 2144 est
684 2125 715 2145 ac
737 2117 760 2145 si
782 2117 901 2145 declaret
921 2125 980 2146 eam

193 2172 264 2196 esse,
280 2172 341 2199 quae
355 2171 404 2199 per
428 2163 529 2199 ﬁguras
551 2164 652 2191 divinis
676 2164 796 2191 oraculis
817 2163 917 2191 tradita
932 2163 978 2192 sit.

1037 246 1115 269 σεως.
1134 236 1242 272 Ταύτην
1266 237 1295 263 δὲ
1315 236 1365 271 τὴν
1389 235 1556 271 ἀπόρρητον,
1574 235 1632 271 ἤτοι
1650 234 1815 271 συμϐολικὴν,

1037 283 1132 318 φησὶν,
1148 282 1220 318 ἔχειν
1238 281 1481 317 συμπεπλεγμένον
1497 281 1534 316 τῷ
1553 281 1637 317 ῥητῷ,
1652 282 1770 308 τουτέστι
1782 281 1816 316 τῷ

1038 330 1154 366 ῥηθῆναι
1177 329 1406 364 ἐπιτετραμμένῳ
1423 327 1461 362 τῷ
1478 327 1615 363 συμὸὁλῳ,
1633 327 1680 354 καὶ
1695 327 1726 354 τὺ
1739 327 1816 363 ἄρρη-

1035 385 1096 408 τον,
1113 376 1172 411 ἦτοι
1196 375 1333 412 μυστικόν·
1355 374 1548 402 συνεσκίασται
1569 373 1623 409 γὰρ
1646 375 1675 400 ὲν
1700 373 1738 408 τῷ
1758 382 1816 408 συμ-

1036 422 1105 457 ϐόλῳ
1123 422 1153 448 τὸ
1175 421 1289 457 ἀληθὲς,
1307 421 1353 447 καὶ
1372 419 1566 456 ἀδημοσίευτόν
1590 420 1675 451 ἐστιν,
1690 419 1727 451 ὡς
1742 420 1769 446 ὲν
1783 418 1817 454 τῷ

1036 467 1141 503 νομικῷ
1154 469 1184 494 τὸ
1200 467 1297 503 ἀληθὲς
1314 466 1416 501 πάσχα,
1429 465 1523 501 ὥσπερ
1533 465 1649 500 εἴρηται⁸
1671 464 1706 491 Τὸ
1722 463 1818 498 πάσχα

1036 513 1120 548 ἡμῶν
1141 514 1211 549 ὑπὲρ
1232 512 1311 548 ἡμῶν
1326 512 1415 545 ἐτύθη
1433 511 1569 545 Χριστός.
1592 510 1629 536 Τὸ
1650 510 1678 536 δὲ
1700 510 1818 545 δεύτερον

1038 559 1119 594 μέρος
1140 559 1190 594 τῆς
1215 557 1354 592 θεολογίας
1378 556 1499 592 ἐμφανές
1525 558 1583 582 ἐστι
1611 556 1658 582 καὶ
1678 555 1816 591 γνώριμον.

1035 605 1143 640 Ταύτην
1158 604 1208 640 τὴν
1227 603 1365 637 θεολογίαν
1391 602 1535 637 φιλόσοφον
1560 602 1607 629 καὶ
1633 601 1819 636 ἀποδεικτικὴν

1035 651 1122 683 εἶπεν,
1138 650 1176 682 ὡς
1191 649 1234 676 διὰ
1249 650 1298 685 τῆς
1313 650 1503 684 κατανοήσεως
1523 648 1578 675 τῶν
1599 648 1764 683 κτισμάτων,
1777 649 1819 676 καί

1035 706 1116 724 τινων
1131 696 1211 723 θείων
1227 695 1398 731 οἰκονομιῶν,
1416 695 1463 721 καὶ
1478 695 1529 730 τ’ής
1545 694 1715 730 θεωρητικῆς
1729 695 1820 731 ἐξηγή-

1036 751 1105 774 σεως
1127 742 1179 770 τῶν
1197 743 1259 777 περὶ
1276 742 1343 768 Θεοῦ
1359 742 1514 778 λεγομένων
1529 743 1558 769 ὲν
1577 743 1637 774 ταῖς
1659 742 1744 774 θείαις
1759 742 1820 778 Γρα-

1036 789 1099 823 φαῖς
1123 788 1329 823 συνισταμένην.
1356 788 1411 814 Καὶ
1436 788 1504 824 αῦτη
1527 788 1577 824 μὲν
1597 789 1613 824 ἡ
1636 788 1819 824 ὲμφανεστέρα

1036 832 1092 869 ἔχει
1107 833 1167 859 τινὰ
1183 832 1269 859 πειθὼ
1285 833 1332 859 καὶ
1352 833 1546 868 συνδεδεμένην
1565 833 1693 869 ἀλήθειαν
1708 835 1763 866 τοῖς
1777 834 1819 861 λε-

1035 880 1169 915 γομένοις·
1197 879 1266 906 κατὰ
1290 878 1370 905 τοῦτο
1393 880 1447 915 γάρ
1471 880 1530 905 ἐστι
1561 880 1608 906 καὶ
1632 880 1819 916 ἀποδεικτικὴ,

1033 926 1163 952 πείθουσα
1180 926 1226 953 καὶ
1248 925 1451 961 καταδουμένη,
1469 926 1514 952 καὶ
1537 926 1617 953 οἱονεὶ
1642 926 1742 961 δεσμόν
1762 935 1820 954 τινα

1033 972 1080 999 καὶ
1105 972 1239 1008 σφραγῖδα
1261 973 1316 1003 τοῖς
1337 971 1492 1006 λεγομένοις
1511 971 1662 999 ἐπιτιθεῖσα
1685 981 1736 1008 την
1760 972 1821 1007 ἀλή-

1033 1018 1108 1044 θειαν
1133 1017 1204 1050 (26)·
1224 1018 1271 1044 καὶ
1293 1017 1401 1043 διδοῦσα
1423 1016 1453 1043 τὺ
1473 1017 1566 1044 πιστὸν
1588 1019 1643 1049 τοῖς
1665 1017 1820 1049 ἀκούουσιν,

1032 1061 1246 1097 ὑποϐαλλομένη,
1263 1063 1304 1089 ὅτι
1322 1062 1356 1089 τὰ
1371 1063 1477 1098 μεγάλα
1491 1063 1538 1089 καὶ
1552 1063 1676 1098 μεγάλως
1687 1064 1820 1099 ὀφείλουσι

1033 1108 1162 1141 νοεῖσθαι,
1180 1109 1226 1135 καὶ
1252 1109 1444 1144 προσηκόντως
1468 1109 1501 1144 τῇ
1523 1108 1597 1143 σφῶν
1625 1108 1821 1143 μεγαλειῶητι,

1033 1154 1080 1180 καὶ
1095 1154 1144 1189 οὐχ
1159 1154 1251 1186 ἁπλῶς
1268 1154 1393 1189 χυδαίως,
1411 1155 1458 1181 καὶ
1473 1154 1511 1186 ὡς
1527 1155 1552 1180 οἱ
1569 1153 1662 1181 πολλοὶ
1680 1154 1823 1190 μανθάνειν

1035 1200 1185 1235 βούλονται·
1212 1201 1255 1232 τίς
1271 1200 1336 1236 γὰρ,
1360 1200 1422 1227 ἰδὼν
1444 1200 1520 1235 ἣλιον
1549 1200 1706 1235 λάμποντα,
1731 1200 1823 1226 ἔπειτα

1033 1245 1151 1277 ἀκούσας
1167 1246 1213 1272 τὸν
1226 1245 1310 1272 αἴτιον
1323 1245 1405 1272 αὑτοῦ
1423 1246 1469 1272 καὶ⁴
1482 1245 1660 1281 παραγωγέα,
1676 1246 1707 1272 οὐ
1727 1254 1824 1280 φωτεισ

1033 1292 1077 1318 νὺν
1096 1291 1144 1327 μὲν
1161 1292 1322 1327 κατανοήσει
1341 1292 1454 1323 ἐκεῖνον,
1470 1292 1517 1318 καὶ
1530 1291 1600 1326 ὑπὲρ
1613 1291 1643 1318 τὸ
1658 1290 1776 1317 τοιοῦτον
1789 1290 1822 1325 δὴ

1034 1337 1113 1364 πάλιν
1130 1337 1187 1371 φῶς
1203 1337 1267 1364 ὅντα
1288 1337 1358 1364 κατὰ
1374 1337 1458 1370 πολύ;
1477 1338 1500 1363 εί
1517 1337 1571 1373 γὰρ
1583 1335 1616 1373 ἦν
1629 1337 1758 1368 τοιοῦτος,
1772 1337 1823 1364 οὐκ

1034 1383 1067 1410 ἂν
1082 1383 1203 1410 τοιούτου
1217 1383 1331 1419 ποιητὴς
1345 1383 1378 1410 ἂν
1394 1381 1438 1419 ἦν’
1464 1383 1511 1414 Τίς
1522 1383 1554 1419 se
1563 1383 1653 1415 πάλιν,
1673 1382 1761 1414 ζῶντα
1776 1374 1824 1409 καὶ

1033 1429 1194 1465 ἐνεργοῦντα
1219 1430 1265 1456 καὶ
1289 1429 1436 1465 κινούμενα
1459 1429 1538 1461 ἰδὼν,
1561 1429 1611 1456 οὐκ
1636 1429 1826 1462 ἀναλογίζεται

1033 1476 1080 1503 τὸν
1097 1476 1210 1512 ποιητὴν
1227 1475 1315 1502 αὐτῶν
1331 1476 1377 1503 καὶ
1394 1476 1482 1508 ζῶντα
1496 1476 1566 1511 ὑπὲρ
1578 1475 1665 1502 ταῦτα
1681 1475 1727 1502 καὶ
1739 1476 1825 1508 ἀσυγ-

1034 1523 1143 1559 κρίτως,
1166 1523 1212 1549 καὶ
1223 1522 1380 1558 κινούμενον
1397 1522 1468 1558 ὑπὲρ
1481 1522 1581 1554 ταύτας
1589 1522 1621 1557 δὴ
1631 1521 1680 1553 τὰς
1689 1522 1825 1556 κινήσεις,

1033 1568 1152 1604 δηλονότι
1166 1570 1199 1604 τῇ
1212 1568 1308 1595 ἑαυτοῦ
1319 1568 1420 1604 θεωρίᾳ
1432 1568 1502 1595 κατὰ
1513 1568 1557 1595 τὸν
1570 1568 1652 1594 πολὺν
1663 1568 1696 1594 τὰ
1706 1567 1766 1594 θεῖα
1776 1568 1827 1594 καὶ

1035 1615 1120 1650 μέγαν
1130 1615 1288 1651 Γρηγόριον,
1297 1615 1343 1642 καὶ
1350 1615 1511 1650 ἐνεργοῦντα
1522 1615 1683 1650 κρειττόνως
1694 1615 1723 1645 ἐς
1737 1614 1824 1650 ὑπερ-

1033 1661 1112 1697 ϐολὴν
1128 1662 1198 1697 ὑπὲρ
1211 1661 1246 1688 τὰ
1261 1662 1419 1697 ποιήματα;
1435 1661 1490 1687 Καὶ
1503 1660 1613 1696 τοιαύτη
1631 1659 1680 1695 μὲν
1694 1661 1710 1695 ἡ
1731 1660 1826 1695 ἐμφα-

1033 1708 1155 1743 νεστέρα,
1171 1708 1225 1734 ἀπὸ
1243 1707 1294 1742 τῆς
1309 1707 1363 1734 τῶν
1379 1707 1538 1743 ποιημάτων
1562 1707 1668 1741 φύσεως
1684 1706 1730 1732 τὸν
1745 1714 1828 1742 ποιη-

1031 1754 1080 1789 τὴν
1095 1753 1321 1780 ἁποδεικνύουσα”
1333 1753 1377 1780 διὰ
1390 1753 1469 1780 τοῦτο
1482 1753 1537 1788 γὰρ
1552 1753 1599 1779 καὶ
1617 1752 1771 1787 φιλόσοφος,
1787 1752 1829 1784 ὡς

1032 1802 1064 1836 τῇ
1082 1801 1161 1835 φύσει
1174 1801 1398 1838 ὲμφιλοχωροῦσα
1407 1801 1458 1835 τῆς
1469 1800 1594 1832 κτίσεως,
1604 1798 1751 1826 κάντεῦθεν
1764 1798 1830 1825 θεο-

1032 1847 1148 1881 λογοῦσα
1165 1847 1199 1874 τὰ
1214 1846 1286 1883 ὑπὲρ
1301 1847 1390 1882 φύσιν.
1408 1848 1440 1874 Ἦ
1454 1847 1482 1873 δὲ
1496 1846 1646 1882 συμϐολικὴ
1660 1846 1710 1872 οὐκ
1724 1845 1782 1880 ἔχει
1796 1847 1830 1872 τὸ

1032 1893 1145 1925 πείθειν,
1162 1893 1219 1920 ἀλλ’
1238 1893 1379 1929 ἐνέργειάν
1398 1901 1459 1920 τινα
1480 1893 1553 1919 θείαν
1572 1891 1663 1927 ἀφανῆ
1688 1891 1737 1918 καὶ
1757 1892 1829 1927 δρα-

1033 1939 1151 1975 στήριον,
1165 1940 1226 1974 ἥτις
1239 1939 1288 1970 τὰς
1304 1938 1501 1975 μυστηριώδεις
1516 1939 1563 1966 καὶ
1587 1939 1760 1975 θεωρητικὰς
1773 1939 1831 1974 ψυ-

1032 1985 1082 2020 χὰς
1093 1984 1136 2011 διὰ
1153 1984 1208 2011 τῶν
1222 1984 1369 2020 μυστικῶν,
1385 1984 1444 2019 ἦτοι
1458 1983 1627 2019 συμϐολικῶν
1642 1984 1829 2019 αἰνιγμάτων,

1032 2031 1147 2066 ἐνιδρύει
1162 2031 1209 2058 καὶ
1220 2031 1301 2057 οἱονεὶ
1316 2029 1436 2065 θεμελιῶ
1450 2030 1491 2062 είς
1504 2029 1550 2057 τὸν
1563 2030 1629 2056 Θεὺν
1644 2029 1687 2057 διὰ
1707 2030 1763 2056 τῶν
1788 2031 1831 2066 μὴ

1031 2077 1102 2112 λόγῳ
1118 2077 1315 2113 διδασκομένων
1336 2076 1508 2112 μυστηρίων,
1530 2075 1597 2102 ἀλλὰ
1613 2078 1675 2112 σιγῇ
1691 2077 1739 2103 καὶ
1754 2077 1833 2104 ἁπο-

1032 2122 1146 2157 καλύψει
1168 2122 1246 2148 θείων
1264 2121 1423 2157 ὲλλάμψεων
1436 2129 1443 2135 ⁸
1459 2122 1506 2147 κα)¹
1521 2120 1632 2155 φωτίζει
1646 2121 1692 2147 τὸν
1706 2121 1771 2148 νοῦν
1786 2124 1832 2155 εἰς

1031 2168 1081 2201 τὰς
1103 2169 1156 2195 τῶν
1182 2169 1308 2204 ἀρρήτων
1324 2167 1480 2203 μυστηρίων
1503 2167 1693 2202 κατανοήσεις·
1709 2167 1754 2194 διὰ
1767 2167 1832 2204 γὰρ

193 2209 322 2237 Eamdem
337 2217 446 2244 quoque
458 2209 615 2245 τελεστικὴν
630 2209 739 2242 asserit,
753 2212 783 2235 ut
797 2216 859 2244 quae
873 2216 921 2243 per
935 2216 981 2236 sa-

1033 2215 1085 2241 τῶν
1099 2214 1268 2250 τελουμένων
1275 2213 1371 2249 (ταῦτα
1383 2213 1438 2249 γὰρ
1451 2214 1509 2239 ἐστι
1527 2213 1561 2239 τὰ
1579 2213 1642 2249 παρ’
1656 2213 1740 2249 αὐτῆς
1749 2213 1832 2250 δρῶ-ι

194 2255 334 2283 cerdotum
358 2254 571 2287 institutionem,
588 2255 766 2282 caremonias
780 2254 872 2281 tradat
886 2261 980 2282 sacra-

193 2306 366 2335 mentorum,
391 2301 604 2336 comprehensas
639 2302 779 2337 signorum
817 2302 976 2330 involucris.

193 2345 270 2375 Hanc
289 2355 386 2375 rursus
405 2354 534 2374 arcanam
557 2347 614 2375 sive
634 2347 812 2383 symbolicam
835 2348 935 2375 astruit
951 2349 987 2376 in

193 2401 223 2420 se
244 2391 384 2420 continere
409 2392 539 2427 quiddam
561 2392 708 2427 impleaum
733 2393 774 2420 rei
793 2393 905 2427 ail‘abili,
927 2394 979 2421 hoc

192 2442 243 2470 est,
258 2445 319 2473 quae
331 2442 361 2464 ut
374 2437 428 2465 dici
445 2438 566 2473 promive
577 2442 668 2472 queat,
685 2437 779 2473 ﬁguris
791 2439 980 2474 signiticativis

192 2483 339 2511 commissa
354 2487 396 2510 est
413 2487 440 2510 et
454 2483 566 2511 inserta.
587 2483 620 2509 Et
639 2483 692 2512 hoc
706 2484 885 2513 nihilominus
900 2492 980 2512 arca-

191 2537 258 2557 num
283 2529 394 2562 dicitur,
412 2529 464 2556 hoc
485 2533 527 2557 est
550 2530 709 2565 mysticum.
725 2530 891 2559 Adumbrata
906 2534 979 2560 enim

191 2578 233 2602 est
256 2574 284 2600 in
306 2574 366 2609 ipso
387 2575 465 2609 signo
485 2574 629 2610 ﬁguralivo
651 2575 764 2609 veritas,
780 2584 832 2604 nec
854 2577 881 2604 in
905 2578 978 2613 vulgi

194 2622 374 2656 cognitionem
388 2621 529 2649 educenda
543 2631 548 2650 :
560 2623 788 2658 quemadmodum
800 2624 828 2651 in
839 2625 918 2660 legali
931 2625 977 2652 illo

193 2669 277 2704 phase
295 2675 388 2696 verum
403 2667 507 2695 Pascha
523 2669 721 2702 delineabatur,
737 2670 888 2698 secundum
904 2672 976 2706 quod

193 2715 295 2741 dictum
317 2718 358 2741 est
378 2713 462 2741 Paulo
476 2723 483 2741 :
496 2713 603 2742 Pascha
623 2719 742 2742 nostrum
762 2723 812 2750 pro
834 2716 912 2744 nobis
927 2717 977 2743 im-

194 2761 309 2787 metatus
335 2764 373 2786 est
395 2759 516 2787 Christus
531 2759 552 2788 1.
578 2760 626 2789 Illa
647 2761 733 2790 altera
750 2762 893 2799 theologia:
912 2771 975 2798 pars

234 2846 242 2865 ι
257 2845 266 2872 1
282 2846 345 2874 Cor.
357 2856 381 2878 ν,
398 2848 423 2876 7.

1034 2269 1110 2296 μενοι,
1134 2259 1174 2286 διδ
1196 2260 1243 2286 καὶ
1260 2259 1401 2294 τελεστικὴ
1428 2258 1574 2293 λέγεταιθ)
1598 2260 1763 2294 προσοικειοῖ
1786 2259 1834 2295 τῷ

1032 2306 1090 2342 Θεῷ
1103 2306 1281 2342 πραγματικῇ
1296 2304 1352 2337 ἕξει
1365 2313 1394 2331 τε
1409 2305 1455 2331 καὶ
1471 2305 1591 2331 τυπώσει
1607 2305 1684 2340 (ὅπερ
1700 2305 1748 2331 καὶ
1763 2305 1832 2331 ἀδι-

1027 2352 1142 2383 δάκτους
1159 2351 1351 2387 μυσταγωγίας
1367 2350 1519 2386 ἐκάλεσεν).
1541 2351 1569 2377 Ὁ
1583 2350 1638 2386 γὰρ
1652 2351 1681 2376 ἐν
1701 2350 1835 2385 μεθέξει,

1028 2397 1095 2432 φέρε
1119 2397 1217 2429 ειπεῖν,
1240 2396 1295 2423 τῶν
1319 2396 1460 2431 ἀχράντων
1477 2395 1570 2431 δώρων
1593 2395 1738 2431 γενόμενος
1763 2396 1832 2422 ἀδι-

1027 2443 1133 2474 δάκτως
1152 2444 1373 2478 μυσταγωγεῖται
1389 2442 1435 2468 καῖ⁷
1459 2441 1658 2477 πραγματικῶς
1673 2441 1718 2467 τὸν
1740 2442 1835 2475 ἁγια-

1029 2487 1096 2522 σμόν
1109 2496 1114 2501 ·
1131 2487 1174 2514 διὰ
1188 2486 1267 2514 τοῦτο
1282 2487 1329 2513 καὶ
1344 2487 1361 2522 ἡ
1372 2485 1483 2521 τοιαύτη
1499 2486 1548 2521 μὲν
1564 2485 1682 2521 μυστικὴ
1697 2485 1833 2519 Θεολογία

1028 2533 1089 2568 δρᾷ,
1103 2535 1120 2568 ἡ
1136 2533 1164 2559 δὲ
1179 2533 1223 2560 διὰ
1246 2533 1297 2568 τῆς
1321 2533 1510 2568 κατανοήσεως
1533 2533 1583 2567 τῆς
1599 2532 1718 2563 πίστεως
1731 2531 1834 2558 πείθει

1029 2579 1075 2605 καὶ
1090 2579 1180 2614 ἐνάγει
1195 2580 1263 2616 πρὸς
1277 2579 1327 2615 τὴν
1348 2578 1477 2614 ἀλήθειαν
1493 2578 1559 2614 (27).
1575 2579 1630 2605 Καὶ
1648 2578 1701 2613 μὴν
1716 2578 1746 2604 οὐ
1774 2578 1834 2613 μ.δό-

1028 2633 1072 2652 νον
1086 2627 1102 2661 ή
1119 2626 1217 2661 νομικὴ
1231 2625 1389 2662 παράδοσις,
1405 2625 1471 2652 ἀλλὰ
1485 2625 1532 2652 καὶ
1548 2625 1564 2660 ἡ
1580 2624 1675 2660 τελετὴ
1688 2624 1743 2650 τῶν
1759 2624 1835 2652 καθ’

1027 2673 1101 2708 ἡμᾶς
1119 2673 1274 2708 μυστηρίων
1297 2672 1352 2698 τῶν
1373 2672 1452 2708 ίερῶν
1475 2671 1571 2707 ἐδεήθη
1595 2670 1748 2706 συμϐόλων.
1767 2672 1837 2699 Καὶ

1026 2718 1101 2745 οὐδὲν
1114 2718 1279 2754 θαυμαστὸν,
1295 2719 1362 2745 ὅπου
1378 2727 1410 2753 γε
1435 2718 1481 2745 καὶ
1496 2718 1521 2743 οἱ
1543 2717 1651 2751 ἄγγελοι
1675 2717 1709 2743 δι’
1729 2718 1835 2752 αἰνιτ-

1028 2764 1120 2801 μόιτων
1145 2765 1179 2792 τὰ
1203 2765 1261 2792 θεῖα
1288 2765 1424 2801 μυστήρια
1447 2764 1607 2800 προάγουσι.
1629 2764 1686 2791 Καὶ
1708 2764 1803 2796 αὐτὸς
1817 2763 1838 2791 ὀ
