1923 3067
143 157 196 184 £93

516 154 737 182 PACHYMER:'E
758 155 999 182 PARAI’HRASIS
1021 155 1053 182 IN
1072 156 1144 182 EPP.
1168 156 1196 184 S.
1217 155 1377 184 DIONYSII.

1707 161 1759 189 49d

140 215 243 249 Κύριος
265 212 344 238 τοῦτο
367 212 413 247 μὲν
442 213 470 238 ἐν
493 211 657 247 παραϐολαῖς
676 211 713 242 ὡς
737 212 764 237 ἐν
788 211 918 246 συμϐόλοιη

980 211 1092 239 evidens
1108 216 1150 239 cst
1165 217 1192 239 et
1205 218 1268 240 nota
1291 214 1468 242 familiariter.
1487 215 1561 242 Hanc
1577 221 1655 244 vocat
1671 218 1758 253 philo-

139 260 263 294 φαίνεται
279 258 410 292 θεολογῶν
421 267 427 272 ·
443 257 522 284 τοῦτο
539 258 567 283 δὲ
590 258 636 284 καὶ
658 257 818 292 παραδιδοὺς
838 257 872 284 τὰ
895 259 924 283 ὲν

138 306 178 341 τῷ
193 305 293 340 δείπνῳ
310 303 426 339 θεουργὰ
444 304 588 339 μυστήρια,
605 302 621 337 ἢ
635 301 669 328 τὰ
685 302 762 333 θεοὺς
775 302 838 333 τοὺς
860 311 924 338 μετ-

138 353 248 387 έχοντας
268 350 447 387 ἐργαζόμενα,
463 349 479 384 ἢ
496 349 530 375 τὰ
550 349 624 383 παρὰ
646 348 692 374 τοῦ
709 349 842 375 Δεσπότου
857 349 924 384 Χρι-

139 398 202 424 στοῦ
216 399 262 424 καὶ
275 397 342 423 Θεοῦ
362 395 438 431 ἡμῶν
454 395 606 430 πραχθέντα
623 394 666 421 διὰ
681 395 838 429 τυπωτικῆς
857 403 924 430 τρα-

138 443 292 476 πεζώσεως.
311 441 487 478 Τραπὲζωσιν
500 441 528 467 δέ
540 449 605 476 φησι
618 441 678 467 τότε
695 441 742 475 μὲν
754 440 802 476 τὴν
817 441 862 466 ἐπὶ
874 440 925 475 τῆς

137 490 276 527 τραπέζης
291 488 450 516 κατάκλισιν
463 509 470 520 ,
488 487 535 514 νῦν
547 488 575 514 δὲ
592 487 627 513 τὰ
642 489 670 513 ὲν
682 489 716 522 τῇ
731 487 790 522 θείᾳ
801 487 923 522 τραπέζῃ

137 536 181 563 διὰ
197 536 243 563 τοῦ
259 535 336 569 ἁγίου
361 534 443 570 ἄρτου
459 534 506 560 καὶ
520 533 567 560 τοῦ
586 534 716 569 ποτηρίου
732 533 781 568 τῆς
803 533 926 568 εὐλογίας

137 581 285 616 τελούμενα
311 581 447 615 μυστήρια
459 588 465 594 ·
488 580 534 606 καὶ
547 579 601 615 γὰρ
617 579 660 605 διὰ
682 579 729 605 δύο
751 579 838 610 αἰτίας
854 579 925 606 οὕτω

137 628 222 655 ταῦτα
233 627 372 654 τελοῦνται
385 635 391 641 ·
415 626 478 662 μίαν
495 626 554 661 μὲν,
570 626 614 652 ἴνα
627 625 681 652 τῶν
694 625 796 652 πολλῶν
812 626 846 652 τὰ
860 626 924 660 ἆγια

136 674 398 702 ὰποδιαστέλλωνται
412 672 478 708 (28),
498 673 535 707 μὴ
552 673 667 707 ἐχόντων
689 672 854 706 ἐφικνεῖσθαι
870 671 924 698 τῶν

136 722 296 757 νοουμένων,
314 719 351 747 ὧν
366 720 445 756 χάριν
460 719 494 746 τὰ
513 719 634 754 σύμϐολα
647 719 766 754 γίνονται
865 719 925 745 δευ-

134 769 218 804 τέραν
237 768 274 800 δὲ,
293 767 384 803 ὲπεὶὴ
407 767 529 802 ἡμετέρα
551 765 606 801 ζωὴ
629 765 681 792 ἀπὸ
697 765 785 800 ψυχῆς
806 766 863 792 ἐστι
879 766 924 792 καὶ

136 815 271 850 σώματος,
286 815 333 841 καὶ
357 814 502 849 ἀμέριστος
517 813 574 848 ἆμα
595 813 641 839 καὶ
664 813 777 848 μεριστή
791 820 797 826 ·
822 812 853 838 τὸ
875 812 922 847 μὲν

135 862 178 888 διὰ
194 862 224 888 τὺ
245 861 346 896 ἀμερὲς
359 859 409 894 τῆς
430 859 520 894 ψυχῆς
542 859 588 885 καὶ
603 858 763 893 ἀσώματον,
787 858 818 884 τὸ
837 858 865 884 δὲ
879 857 923 884 διὰ

135 907 166 934 τὸ
182 907 229 933 τοῦ
248 906 372 942 σώματος
387 905 508 932 ποικίλον
523 905 569 931 καὶ
583 904 744 940 πολυμερὲς,
759 904 835 939 διττὴ
849 904 922 938 γίνε-

133 963 178 981 ται
193 954 239 980 καὶ
256 954 272 988 ὴ
296 953 350 979 τῶν
367 952 445 978 θείων
470 951 609 986 οἰκονομία
631 951 769 984 ἀναλόγως
787 951 861 986 ἡμᾶς
882 950 924 976 ὲλ-

133 1001 287 1035 λάμπουσα.
301 1000 356 1026 Καὶ
371 999 402 1025 τὸ
420 998 469 1034 μὲν
484 997 589 1029 ἀπαθὲς
602 997 653 1032 τῆς
675 997 773 1032 ψυχῆς,
788 997 819 1023 τὸ
833 997 923 1032 νοερὸν

133 1047 265 1083 δηλονότι,
286 1046 335 1081 οὐχ
358 1045 396 1077 ὡς
417 1044 505 1071 πάντα
524 1043 656 1080 ἀμέτοχον
675 1043 790 1075 πάθους,
814 1043 870 1070 ἀλλ’
886 1043 924 1074 ὡς

134 1093 233 1126 ἔξωθεν
247 1092 294 1119 τοῦ
321 1092 436 1127 πάσχειν
458 1091 508 1117 οὐκ
526 1090 586 1125 ἕχον
609 1090 659 1121 τὰς
680 1090 816 1126 ἀφορμὰς,
830 1089 923 1125 ὥσπερ

134 1139 165 1166 τὸ
181 1139 258 1174 σῶμα
277 1138 414 1169 πλείστοις
429 1138 581 1164 ὑποπῖπτον
597 1138 703 1168 κακοῖς,
725 1137 796 1172 ἅπερ
810 1137 826 1172 ὴ
850 1137 922 1171 ψυχὴ

134 1186 197 1212 ἄνευ
212 1185 262 1220 τῆς
279 1184 379 1215 οἰκείας
391 1183 580 1218 ὲκουσιότητος
590 1183 639 1217 οὐχ
656 1182 794 1218 ὑπομένει.
812 1182 848 1208 Τὸ
859 1181 923 1216 γοῦν

133 1231 238 1262 ἀπαθὲς
259 1230 338 1257 τοῦτο
360 1230 400 1261 εἰς
424 1228 459 1255 τὰ
487 1228 569 1264 νοητὰ
585 1228 726 1264 ἀφωρίσθη
751 1228 888 1264 θεάματα,
905 1228 922 1255 δι

133 1277 181 1304 καὶ
201 1277 274 1303 ἁπλᾶ
295 1276 369 1310 λέγει
395 1276 442 1302 καὶ
465 1275 603 1306 ὲνδότατα,
627 1275 708 1301 οἱονεὶ
729 1273 919 1310 κρυφιώτατα·

132 1323 164 1349 τὸ
178 1322 206 1349 δὲ
223 1321 373 1357 παθητικὸν
389 1320 483 1355 αὐτῆς,
497 1320 528 1346 τὸ
538 1319 582 1346 διὰ
597 1319 651 1346 τῶν
665 1319 816 1355 αἰσθήσεων
827 1318 921 1354 δηλον-

131 1369 173 1394 ότι
196 1366 390 1402 άντιληπτικὺν
406 1366 460 1392 τῶν
481 1365 590 1398 ἔξωθεν,
615 1365 722 1401 δέχεται
744 1366 778 1392 τὰ
805 1365 920 1400 συγγενῆ

131 1414 219 1441 ταῦτα
241 1413 491 1450 παραπετάσματα.
512 1411 597 1438 Τοῦτο
622 1412 649 1438 δὲ
668 1411 746 1446 δῆλον
766 1411 795 1444 ἐξ
815 1409 852 1438 ὧν
874 1411 921 1438 καί

130 1470 204 1493 τινες
216 1460 270 1487 τῶν
294 1459 440 1495 προφητῶν
458 1457 569 1492 σαφοῦς,
586 1457 705 1492 δηλονότι
729 1457 836 1492 γυμνῆς
854 1465 920 1492 ¹προ-

133 1507 328 1543 καλυμμάτων,
345 1506 483 1540 θεολογίας
502 1505 651 1541 ἀκηκοότες
662 1514 668 1520 ·
684 1503 738 1531 οἷον
754 1505 840 1539 Ὠφθη
865 1505 921 1530 Κύ-

132 1563 189 1590 ριος
203 1553 243 1589 τῷ
264 1553 398 1589 Ἀϐραὰμ,
416 1552 432 1587 ἢ
448 1551 486 1587 τῷ
501 1552 617 1587 Μωῡσῇ,
637 1552 683 1578 καὶ
698 1549 758 1577 εἷπε
773 1551 803 1577 τὸ
818 1551 864 1577 καὶ
879 1551 917 1577 τό·
933 1568 955 1596 C

128 1601 177 1627 καὶ
201 1601 309 1635 ἐγένετο
330 1599 408 1633 λόγος
431 1598 534 1633 Κυρίου
555 1597 622 1633 πρὸς
646 1598 692 1623 τὸν
718 1598 869 1633 προφήτην,
892 1598 920 1623 ὲν

129 1648 236 1677 ἑαυτοῖς
256 1645 458 1673 ἀναπλάττουσι
479 1645 563 1670 τύπον
579 1643 640 1670 τινὰ
653 1665 659 1677 ,
680 1644 800 1679 δηλονότι
821 1643 919 1679 εὐσεϐῆ

128 1693 256 1728 θεωρίαν,
272 1693 319 1719 καὶ
341 1693 375 1727 τῇ
394 1691 455 1726 θείᾳ
481 1690 560 1725 φύσει
583 1690 750 1724 κατάλληλον
858 1689 920 1721 Πῶς

127 1738 184 1774 γὰρ
205 1739 237 1765 ἄν
252 1747 295 1770 τις
314 1738 415 1773 ἑτέρως
437 1735 656 1772 χειραγωγηθείη
673 1736 741 1771 πρὸς
764 1735 855 1771 νόησιν
871 1736 920 1770 τῆς

127 1784 278 1819 εἰρημένης
292 1782 444 1816 θεολογίαςς
456 1782 511 1808 Καὶ
526 1782 595 1808 αὐτὰ
609 1781 638 1807 δὲ
654 1781 688 1808 τὰ
704 1781 840 1817 κτίσματα
854 1790 919 1817 προ-

126 1830 282 1866 ϐέϐληνται,
298 1830 378 1856 οἱονεὶ
403 1829 560 1864 πρόκεινται
578 1828 633 1855 τῶν
654 1828 776 1864 ἀοράτων
792 1828 839 1855 καὶ
859 1837 919 1864 νοη-

125 1876 181 1903 τῶν
196 1876 262 1912 (51).
277 1876 332 1902 Καὶ
343 1874 423 1902 τοῦτο
435 1875 472 1910 μὴ
487 1875 565 1910 μόνον
577 1876 591 1901 ὁ
605 1874 675 1906 Θεῖος
689 1874 836 1905 ἀπόστολος
846 1874 919 1900 Παῦ-

125 1923 172 1954 λός
186 1930 279 1958 φησιν,
297 1923 360 1948 Ὅτι
373 1921 408 1948 τὰ
424 1922 535 1955 ἀόρατα
548 1921 641 1948 αὑτοῦ
654 1921 690 1947 ἐν
700 1920 761 1953 τοῖς
775 1920 918 1955 ποιήμασι

124 1969 274 2003 νοούμενα
290 1966 464 2002 καθορᾶται·
482 1966 549 1993 ἀλλὰ
565 1967 611 1993 καὶ
627 1966 709 1998 αὐτὸς
722 1968 736 1993 ὀ
752 1966 855 2002 ἀληθὴς
868 1967 918 1992 Λό-

123 2023 174 2048 γος
187 2015 201 2041 ὁ
214 2014 315 2050 Κύριος
331 2014 408 2049 ἡμῶν
432 2014 534 2049 Ἰησοῦς
553 2013 680 2049 Χριστδςθ
698 2014 760 2039 δταν
781 2013 866 2049 λέγτλ’
883 2015 917 2040 Ei

123 2062 162 2088 τὰ
183 2061 297 2095 ἐπίγεια
319 2061 406 2087 εἷπον
426 2060 508 2095 ὑμῖν,
529 2060 578 2086 καὶ
600 2061 636 2086 οὺ
659 2060 825 2088 πιστεύετε,
855 2059 917 2092 πῶς

122 2107 179 2134 ἐὰν
191 2106 227 2133 τὰ
243 2106 404 2141 ἐποιφάνια
419 2106 491 2133 εἴπω
505 2106 585 2141 ὑμῖν,
601 2106 795 2137 πιστεύσετε;
810 2105 855 2131 Διὸ
871 2106 917 2131 καὶ

122 2154 148 2180 οἱ
167 2154 316 2188 προφῆται,
332 2153 371 2187 πῆ
388 2153 436 2187 μὲν
453 2152 598 2183 πολιτικῶς
613 2152 659 2178 καὶ
675 2151 794 2186 ἐννόμως
805 2152 915 2177 ἐπισκο-

122 2201 221 2227 ποῦσιν
237 2199 303 2235 (52),
324 2200 368 2226 ὅτε
382 2199 455 2233 λέγει
471 2199 485 2224 ὁ
501 2198 626 2229 Ἡσαΐας·
646 2197 700 2224 Καὶ
715 2197 801 2223 δεῦτε
817 2196 915 2224 διαλε-

978 257 1117 291 snphicam
1143 259 1225 286 simul
1248 263 1275 287 et
1295 261 1552 293 demonstrativam,
1579 263 1678 297 quippe
1700 273 1762 299 qua;

977 303 1138 331 conciliatur
1149 313 1198 339 per
1211 309 1341 333 attentam
1356 307 1603 335 considerationem
1620 313 1762 337 creatura-

976 357 1049 380 rum,
1062 353 1109 376 aut
1128 350 1227 378 divina:
1242 351 1384 386 cujusdam
1400 353 1625 388 dispensationis,
1642 354 1700 382 sive
1714 363 1762 390 per

976 395 1171 429 speculativam
1194 399 1395 425 enarrationem
1420 407 1514 425 eorum
1542 407 1602 434 qua:
1625 401 1652 426 in
1674 401 1761 427 sacris

977 441 1126 475 Scripturis
1145 442 1179 469 de
1194 443 1248 470 Deo
1260 443 1331 470 dicta
1346 451 1407 471 esse
1423 446 1639 480 comperiantur.
1658 445 1691 472 Et
1705 446 1762 473 haec

976 494 1042 514 sane
1055 492 1084 513 ut
1100 488 1262 520 evidentior,
1279 490 1334 515 vim
1357 489 1462 516 obtinet
1485 490 1630 524 quamdam
1647 499 1763 526 persua-

975 533 1067 565 dendi,
1084 537 1165 568 atque
1176 542 1207 561 ex
1223 534 1303 562 dictis
1320 535 1462 562 collectam
1475 537 1618 564 veritatem
1631 541 1659 564 et
1674 545 1763 565 asser-

977 585 1041 606 tam.
1060 579 1215 608 Secundum
1239 581 1311 608 enim
1338 581 1388 608 hoc
1409 581 1510 609 dicitur
1534 583 1760 615 demonstrativa,

975 627 1047 661 quod
1067 627 1229 661 persuadeat
1252 631 1279 654 et
1303 628 1452 660 denuntiet,
1468 633 1494 656 et
1519 630 1597 664 quasi
1619 631 1759 658 vinculum

976 673 1112 706 quoddam
1132 677 1158 700 et
1175 673 1293 708 sigillum
1310 673 1391 701 dictis
1407 679 1526 709 apponat
1543 677 1694 704 veritatem.
1709 677 1770 715 Au-p

975 718 1110 746 ditoribus
1125 719 1196 746 enim
1212 719 1269 746 suis
1284 718 1344 746 tidei
1360 727 1391 747 ac
1409 721 1563 749 securitatis
1579 722 1678 757 pignus
1692 730 1762 757 pra:—

976 764 1117 791 statzillis
1138 771 1295 798 suggerens.
1310 765 1382 800 quod
1407 774 1504 802 magna
1528 767 1626 795 debeat
1649 768 1682 796 de
1706 768 1761 795 Deo

975 809 1098 843 cogitare
1110 809 1255 837 manifeste
1270 814 1296 837 et
1311 818 1360 845 pro
1371 811 1470 839 decoro
1484 820 1540 840 suae
1553 814 1759 848 magnitudinis,

978 865 1032 884 non
1052 858 1133 885 etiam
1149 862 1289 893 utcunque
1304 867 1378 887 more
1391 860 1465 896 vulgi
1480 869 1529 888 ceu
1546 862 1668 897 plerique
1683 871 1762 891 asso~

975 904 1047 934 ient.
1067 904 1164 940 frigide
1183 905 1291 934 discere
1314 907 1465 941 cupientes.
1489 908 1556 941 Quis
1578 909 1652 936 enim
1674 910 1759 938 solem

974 949 1046 976 hunc
1060 951 1259 986 contemplatus
1272 951 1462 979 radiosissimo
1476 953 1578 982 lumine
1590 955 1762 990 splendican-

975 1000 1040 1028 tem,
1052 996 1098 1023 ubi
1114 996 1231 1031 primum
1247 1001 1275 1024 et
1288 1002 1428 1026 auctorem
1441 1000 1507 1027 solis
1522 1004 1550 1027 et
1564 1002 1632 1028 tanti
1648 1001 1761 1030 luminis

975 1043 1108 1070 intellexit
1129 1044 1336 1073 conciliatorem
1350 1056 1355 1072 :
1369 1047 1441 1081 quis,
1466 1047 1588 1083 inquam.
1609 1057 1665 1077 non
1683 1051 1760 1078 illum

975 1088 1066 1114 statim
1092 1089 1194 1124 cogitet
1217 1090 1328 1124 copioso
1353 1091 1457 1119 lumine
1479 1093 1681 1127 splendescere,
1705 1096 1761 1123 imo

974 1141 1056 1169 supra
1071 1142 1151 1169 quam
1166 1134 1221 1162 dici
1236 1140 1336 1171 potest,
1348 1138 1544 1166 transcendere
1556 1139 1640 1166 solem
1657 1140 1760 1176 ipsum,

973 1185 1024 1205 suo
1039 1179 1085 1206 illo
1100 1178 1173 1207 fonte
1186 1180 1256 1208 lucis
1271 1181 1377 1209 omnis?
1392 1181 1470 1215 Quod
1484 1183 1507 1211 si
1520 1184 1561 1211 sol
1575 1185 1638 1213 talis
1653 1193 1684 1214 ac
1699 1191 1761 1214 tan-

973 1228 1037 1252 tus:
1051 1225 1175 1260 nunquid
1190 1234 1243 1253 non
1262 1227 1348 1262 ipsius
1369 1227 1459 1263 opifex
1475 1230 1518 1256 vel
1534 1233 1627 1258 tantus
1643 1233 1760 1267 cogitari

973 1270 1072 1298 debet?
1086 1271 1152 1304 Quis
1168 1280 1276 1305 rursus,
1291 1281 1352 1308 qua:
1365 1274 1471 1307 vivunt,
1488 1275 1607 1304 efﬁciunt
1621 1279 1760 1314 quidpiam

973 1317 1074 1350 operis,
1090 1317 1123 1344 ad
1141 1318 1198 1345 haec
1210 1325 1365 1352 moventur,
1382 1318 1428 1348 ubi
1441 1321 1540 1348 viderit
1559 1323 1688 1357 primum,
1705 1333 1761 1353 non

972 1362 1103 1390 continuo
1114 1371 1206 1391 secum
1214 1365 1351 1400 reputabit
1360 1366 1454 1393 talium
1465 1367 1589 1402 opiﬁcem
1601 1376 1657 1404 prae
1669 1370 1711 1398 his
1722 1371 1762 1398 in-

972 1409 1194 1443 comparabiliter
1211 1410 1290 1445 281
1300 1411 1392 1439 vivere
1403 1411 1632 1445 felicius,moveri
1648 1415 1761 1450 insuper

972 1460 1055 1488 supra
1065 1453 1201 1482 motiones
1209 1459 1314 1483 natura:
1321 1456 1438 1484 conditae
1445 1457 1759 1492 eminentius,nimirum

972 1506 1020 1526 sua
1038 1499 1126 1534 ipsius
1148 1502 1379 1536 contemplatione
1393 1510 1423 1530 se
1437 1506 1616 1532 moventem?
1637 1505 1760 1543 Denique

972 1545 1033 1579 quis
1039 1553 1092 1572 non
1102 1547 1141 1573 sic
1151 1548 1339 1581 praecellenter
1344 1554 1502 1584 operantem
1513 1551 1760 1589 admiretur,atque

971 1591 1149 1627 Obstupescat
1171 1601 1253 1629 supra
1276 1595 1417 1622 modulum
1441 1602 1574 1625 creaturae
1596 1599 1703 1626 totius?
1726 1599 1760 1627 Et

971 1637 1028 1665 haec
1045 1638 1126 1673 plane
1142 1638 1234 1666 divina
1249 1644 1313 1667 sunt
1323 1641 1400 1676 juxta
1417 1650 1544 1678 magnum
1562 1644 1639 1671 illum
1658 1644 1760 1681 Grego-

970 1685 1052 1712 rium.
1070 1684 1103 1712 Et
1117 1686 1180 1713 talis
1191 1685 1301 1721 quidem
1312 1687 1448 1722 theologia
1458 1688 1519 1723 jure
1531 1689 1615 1716 altera
1630 1695 1759 1718 censetur

969 1732 1131 1763 evidentior,
1143 1739 1158 1758 a
1171 1736 1269 1759 natura
1283 1740 1375 1760 rerum
1390 1733 1575 1767 conditarum,
1587 1736 1759 1764 conditorem

969 1777 1060 1812 ipsum
1086 1777 1302 1806 demonstrative
1329 1779 1474 1815 colligens;
1501 1788 1587 1816 quare
1616 1781 1757 1817 φιλόσοφος

969 1823 1067 1850 merito
1089 1823 1201 1856 dicitur,
1217 1823 1269 1851 hoc
1292 1828 1335 1852 est
1358 1826 1481 1854 studiosa
1503 1827 1661 1862 sapientiae;
1684 1829 1758 1863 quod

969 1869 1136 1903 perlibenter
1152 1870 1312 1899 immoretur
1326 1872 1533 1900 consideranda:
1553 1874 1652 1902 nativae
1673 1875 1757 1903 indoli

968 1919 1157 1944 creaturarum
1169 1937 1176 1949 ,
1193 1921 1275 1953 atque
1286 1917 1350 1945 hinc
1364 1917 1484 1945 divinam
1498 1921 1756 1949 commentationem

967 1962 1057 1994 elicit,
1077 1968 1203 1990 naturam
1228 1964 1316 1999 ipsam
1337 1965 1588 1993 transcendentem.
1603 1966 1696 1994 Altera
1710 1967 1756 1994 ni.-

967 2009 1066 2036 mirum
1085 2010 1235 2046 symbolica
1247 2019 1302 2038 non
1320 2011 1402 2038 hahet
1417 2012 1470 2038 tale
1484 2012 1602 2048 aliquid,
1618 2021 1673 2049 quo
1687 2016 1757 2041 nita-

967 2060 1012 2082 tur
1036 2056 1069 2083 ad
1096 2057 1333 2092 persuadendum;
1365 2059 1413 2086 sed
1439 2058 1576 2087 efficacem
1608 2061 1755 2095 quamdam

966 2103 1036 2134 vim,
1058 2104 1179 2131 divinam
1202 2105 1329 2139 quidem,
1356 2105 1402 2132 sed
1425 2105 1569 2133 obscuram
1592 2113 1624 2133 ac
1647 2107 1755 2142 plenam

967 2148 1083 2181 laboris,
1102 2158 1161 2185 quzc
1179 2151 1284 2178 animas
1306 2151 1482 2186 mysticarum
1505 2159 1597 2179 rerum
1616 2153 1755 2181 studiosas

967 2199 1049 2230 atque
1064 2203 1157 2222 earum
1177 2197 1400 2232 contemplationi
1419 2197 1527 2230 afﬁxas,
1549 2207 1598 2234 per
1617 2201 1732 2236 mystica
1745 2221 1753 2232 ,

121 2248 250 2282 χθῶμεν,
267 2246 347 2281 ,λέγει
362 2246 485 2279 Κύριος·
502 2244 580 2271 τοῦτο
602 2244 656 2279 γάρ
678 2244 735 2269 ἐστι
755 2243 786 2270 τὸ
801 2244 851 2278 τῆς
866 2252 914 2269 πο-

970 2240 1020 2267 hoc
1042 2245 1085 2269 est
1099 2242 1247 2277 symbolica
1260 2243 1405 2278 aenigmata
1427 2244 1514 2272 solide
1532 2246 1701 2279 communit;
1727 2250 1755 2273 et

126 2293 230 2325 λιτείας
246 2293 293 2320 καὶ
306 2293 359 2319 τῶν
373 2293 463 2327 νόμων
566 2291 605 2326 πῆ
616 2291 644 2317 δὲ
664 2290 846 2325 καθαρτικῶς,
867 2290 911 2316 ὅτε

121 2338 301 2376 παραινοῦσιν
310 2347 317 2353 ·
334 2339 366 2365 Ol
378 2337 524 2372 διψῶντες
539 2337 699 2371 πορεύεσθε
712 2336 758 2370 ἐφ’
771 2335 850 2369 ὕδωρ
863 2336 912 2362 καὶ

120 2386 287 2415 λούσασθε,
297 2384 418 2418 καθαροὶ
431 2384 563 2418 γένεσθε,
575 2383 632 2414 καὶ,
644 2384 828 2417 Προσέλθετε
838 2384 911 2417 πρὸς

120 2431 225 2463 αὐτὸν,
241 2430 290 2457 καὶ
309 2430 474 2465 φωτίσθητε
489 2429 555 2465 (54).
576 2429 667 2455 Ταῦτα
679 2429 733 2464 γάρ
750 2430 802 2455 εἰσι
814 2429 848 2455 τὰ
862 2430 911 2463 τῆς

119 2476 295 2507 διδασκαλίας
307 2476 354 2502 καὶ
367 2476 417 2511 τῆς
432 2475 600 2511 καθάρσεως.
618 2475 724 2501 Ἐκεῖνα
734 2474 798 2508 γοῦν
814 2474 848 2500 τὰ
863 2482 911 2501 πο-

119 2521 212 2549 λιτικὰ
232 2522 278 2548 καὶ
294 2521 391 2557 ἔννομα
406 2521 483 2555 λόγον
499 2520 638 2556 συμϐόλων
660 2521 787 2555 ἐπέχουσι
800 2528 806 2535 ·
823 2520 911 2555 παχύ-

118 2577 188 2605 τερα
202 2568 257 2603 γὰρ
277 2569 324 2594 καὶ
339 2567 412 2602 σαφῆ
427 2569 492 2603 ¹ἡμῖν
506 2568 570 2593 sior
592 2566 679 2593 ταῦτα
705 2566 733 2592 δὲ
759 2566 794 2592 τὰ
807 2566 909 2601 καθαρ-

117 2615 182 2641 τικὰ
203 2614 251 2641 καὶ
266 2614 386 2649 ἄχραντα
400 2614 478 2646 λόγον
496 2612 602 2648 γυμνῆς
619 2612 758 2647 συμϐόλων
774 2611 910 2646 θεολογίας

117 2663 258 2698 ἐπέχουσι.
285 2661 330 2688 Διὸ
346 2663 459 2689 κάκεῖνα
476 2662 525 2697 μὲν
548 2661 724 2697 ἀνθρωπίνως
745 2661 761 2696 ἢ
782 2661 828 2687 καί
852 2669 910 2692 πως

117 2709 306 2745 ὑψηλοτέροις·
332 2709 411 2735 τοῦτο
431 2709 485 2744 γάρ
511 2710 569 2735 ἐστι
586 2709 617 2735 τὸ
636 2709 755 2743 μέσως·
774 2708 860 2735 ταῦτα
881 2708 909 2734 δὲ

118 2754 235 2791 ὑψηλοτέ
240 2763 293 2790 ρως
304 2755 350 2782 καὶ
361 2754 596 2790 τελεσιουργικῶς.
606 2755 726 2781 Κάκεῖνα
738 2755 787 2789 μὲν
794 2755 848 2781 ἀπὸ
855 2754 909 2780 τῶν

117 2801 289 2835 φαινομένων
299 2801 387 2836 νόμων
396 2809 401 2815 ·
413 2800 498 2827 ταῦτα
512 2800 540 2826 δὲ
551 2800 604 2827 ἀπὸ
610 2800 664 2826 τῶν
672 2799 781 2834 ἀφανῶν
790 2799 906 2834 θεσμῶνθ

116 2846 152 2872 τὰ
164 2845 219 2881 γὰρ
228 2845 276 2872 τοῦ
299 2846 413 2872 παλαιοῦ
428 2846 510 2881 νόμου
534 2845 681 2881 φαινόμενα
691 2844 906 2878 ἐξαγγέλλονται,

116 2891 227 2924 ἀφανῶς
243 2891 271 2917 δὲ
291 2892 422 2919 νοοῦνται.
450 2892 525 2918 Ἐπεὶ
549 2891 607 2923 πῶς
627 2891 675 2922 τὰς
704 2891 838 2924 νηστείας,
863 2891 908 2916 καὶ

966 2286 993 2313 in
1007 2286 1063 2314 Deo
1077 2288 1155 2322 quasi
1172 2288 1262 2315 stabili
1276 2288 1452 2316 fundamento
1464 2290 1580 2317 collocat
1590 2298 1638 2325 per
1648 2298 1679 2317 ea
1693 2300 1754 2326 qum

965 2332 1042 2359 nullo
1060 2333 1195 2360 docentur
1212 2341 1349 2366 sermone,
1371 2335 1518 2370 mysteria;
1540 2336 1622 2371 idque
1643 2336 1754 2364 silentio

965 2384 1047 2414 atque
1066 2380 1233 2408 revelatione
1253 2381 1352 2408 divinae
1366 2381 1570 2410 illustrationis.
1587 2382 1621 2410 Et
1633 2388 1752 2412 mentem

965 2426 1083 2453 illustrat
1094 2426 1128 2452 ad
1143 2427 1293 2454 ineﬁ‘abilia
1312 2429 1443 2464 mysteria
1459 2429 1676 2464 consideranda;
1688 2438 1752 2457 nam

964 2480 1012 2506 per
1027 2472 1217 2500 sacriﬁcantes
1233 2473 1242 2508 (
1251 2474 1308 2500 haec
1319 2475 1391 2501 enim
1407 2480 1471 2502 sunt
1486 2475 1568 2510 hujus
1583 2484 1676 2511 opera,
1691 2476 1753 2504 ideo

963 2519 1045 2546 etiam
1060 2519 1201 2556 τελεστική
1221 2520 1336 2555 dicitur)
1350 2520 1404 2548 Deo
1431 2521 1579 2550 familiares
1590 2523 1678 2558 magis
1692 2522 1752 2550 afﬁ-

963 2565 1000 2592 cit
1015 2566 1102 2592 activa
1116 2567 1248 2600 qualitate
1259 2587 1266 2597 ,
1284 2571 1312 2594 et
1328 2567 1491 2596 formatione
1503 2569 1586 2604 (quod
1599 2569 1681 2596 etiam
1694 2569 1751 2595 ἀδι-

962 2611 1076 2643 δάκτους
1093 2613 1295 2647 μυσταγωγίας,
1316 2613 1342 2639 id
1362 2618 1404 2641 est
1426 2623 1564 2642 sacrorum
1587 2615 1750 2642 initiationes

964 2666 979 2684 a
1004 2659 1106 2685 nemine
1125 2658 1231 2686 edoctus
1247 2659 1385 2694 vocavit);
1403 2661 1450 2695 qui
1476 2661 1548 2688 enim
1573 2661 1642 2688 dicis
1667 2668 1749 2688 causa

962 2705 1098 2739 particeps
1124 2705 1359 2732 immaculatorum
1380 2706 1499 2734 efﬁcitur
1517 2707 1670 2738 donorum,
1690 2707 1750 2735 sine

961 2755 1127 2785 prmeeptore
1142 2752 1219 2779 s'acra
1233 2746 1348 2779 docetur
1362 2757 1389 2779 et
1403 2753 1463 2784 ipso
1473 2757 1535 2780 actu
1548 2752 1747 2784 sanctiﬁcatur,

961 2801 1103 2831 propterea
1119 2801 1146 2823 et
1161 2798 1223 2824 talis
1237 2798 1347 2832 quidem
1368 2799 1484 2833 mystica
1499 2798 1636 2832 theologia
1651 2805 1749 2832 opera-

961 2847 1016 2874 tur,
1033 2843 1117 2870 altera
1133 2851 1196 2870 vero
1213 2844 1432 2871 consideratione
1450 2844 1510 2871 ﬁdei
1534 2844 1696 2878 persuadet,
1720 2849 1748 2871 et

963 2890 995 2916 ad
1021 2890 1159 2917 veritatem
1185 2889 1304 2917 adducit.
1330 2891 1410 2926 Atqui
1439 2899 1491 2917 non
1518 2890 1612 2927 legalis
1635 2890 1746 2918 traditio
