1923 3067
193 177 244 205 49a

193 237 291 267 solum,
304 235 350 263 sed
363 240 390 263 et
402 243 462 271 qua:
471 235 581 271 proprie
596 240 688 263 nostra
703 240 744 264 est
760 235 978 264 Christianorum

193 282 384 318 mysteriorum
412 290 490 309 sacra
514 282 652 309 institutio
665 282 768 309 sanctis
789 282 842 309 illis
862 282 978 318 indiguit

192 328 352 363 symbolicis
368 328 464 363 signis.
487 327 579 363 Neque
602 327 628 354 id
649 328 810 356 admirabile
829 338 834 355 :
853 328 977 364 quando-

190 373 299 408 quidem
315 374 403 408 angeli
416 373 466 408 ipsi
484 381 532 408 per
549 374 691 408 aenigmata
704 373 738 401 ad
747 373 901 402 divinorum
919 383 977 410 my-

191 420 337 447 steriorum
353 419 536 455 cognitionem
548 420 700 453 pravehuut
710 428 761 448 nos
771 426 799 448 et
811 421 974 455 perducunt.

190 464 223 492 Et
239 466 298 500 ipse
314 464 425 501 quidem
448 464 581 493 Dominus
596 466 621 492 in
637 465 776 501 parabolis
792 467 869 501 quasi
890 467 976 502 signis

189 512 372 546 quibusdam.
394 511 458 538 dum
481 511 571 538 divina
589 515 731 544 tractaret,
755 511 807 539 hoc
825 513 914 548 ipsum
931 520 975 540 se—

188 562 269 585 cutus
286 557 404 585 videtur.
421 556 479 584 Hoc
501 557 630 584 nimirum
646 558 789 593 theologia:
798 566 884 594 genus
898 559 975 586 lucu-

188 604 275 631 lenter
296 604 442 638 expressit,
468 604 532 630 dum
557 604 584 631 in
601 612 679 631 coena
703 605 830 640 mysteria
855 605 974 632 traderet

186 649 285 677 divina:
297 649 463 684 operationis
482 649 507 676 vi
526 650 649 684 praedita,
667 654 714 678 aut
731 658 791 685 qua:
806 651 847 678 sui
863 651 974 685 partici-

187 704 234 732 pes
252 697 318 724 deos
333 696 525 731 quadantenus
541 697 699 730 efﬁcerent;
725 697 782 725 sive
806 705 837 726 ea
859 706 920 733 quae
940 698 974 725 ab

186 743 244 778 ipso
261 743 376 771 Domino
387 742 451 771 Jesu
466 742 577 771 Christo
590 747 616 771 et
630 744 686 771 Deo
699 749 794 772 nostro
807 749 884 780 gesta
909 749 975 772 sunt

185 798 234 826 per
249 789 346 826 typicae
356 790 431 817 illius
443 797 544 817 mensae
555 794 725 825 apparatum.
741 790 858 819 Proinde
872 792 974 827 τραπέ-

185 836 266 868 ζωσιν
287 840 366 863 vocat
388 844 450 864 eum
462 856 469 868 ,
488 836 535 871 qui
561 841 627 864 tunc
649 836 846 873 discipulorum
864 837 925 870 fuit,
940 837 974 864 ad

183 890 308 911 mensam
329 883 403 910 illam
422 891 529 910 sacram
549 883 718 910 discubitum
737 884 837 916 simul,
860 887 887 910 et
914 891 975 918 quae

182 946 256 966 nunc
270 939 403 974 temporis
415 938 611 971 coniiciuntur,
627 939 654 966 in
670 947 764 966 mensa
778 939 869 966 divina
887 939 968 974 282

183 989 358 1011 sacrosancta
371 983 500 1019 mysteria
515 991 564 1018 per
580 983 660 1018 panis
680 983 751 1010 sacri
773 987 856 1018 atque
875 982 969 1009 calicis

182 1028 414 1056 benedictionem.
431 1027 536 1064 Duplici
556 1029 666 1063 quidem
683 1029 788 1055 ratione
802 1029 839 1055 ita
854 1027 911 1055 haec
924 1035 970 1056 εει-

182 1078 323 1102 cramenta
339 1075 535 1102 coniiciuntur.
561 1074 620 1101 Una
640 1078 692 1106 est,
709 1078 738 1101 ut
755 1078 850 1102 sancta
877 1074 934 1101 haec
953 1080 969 1100 ιι

182 1119 340 1154 vulgaribus
355 1119 514 1147 hominibus
529 1118 732 1154 distinguantur
747 1126 779 1146 ac
794 1123 966 1154 separentur,

181 1164 226 1199 qui
245 1168 382 1200 nequeunt
407 1165 562 1200 pertingere
585 1163 619 1191 ad
638 1171 669 1192 ea
688 1172 748 1199 quae
770 1164 967 1192 consideranda

181 1216 385 1245 proponuntur,
409 1217 526 1245 quorum
553 1210 659 1237 scilicet
682 1210 834 1245 vulgarium
862 1211 966 1245 gratia,

181 1255 259 1290 signa
279 1255 415 1290 ejusmodi
439 1256 580 1290 iigurativa
599 1259 674 1283 sunt.
697 1255 789 1282 Altera
804 1260 846 1283 est
858 1256 968 1290 quando

181 1303 235 1328 vita
253 1301 310 1328 hzec
324 1304 418 1328 nostra
434 1300 467 1327 ab
483 1300 572 1327 anima
584 1300 682 1335 pendet
701 1300 783 1328 simul
794 1306 820 1327 et
835 1308 965 1336 corpore:

181 1352 207 1374 et
223 1346 331 1382 quidem
348 1349 424 1382 parte
438 1354 489 1372 una
505 1346 673 1373 individuam
685 1350 766 1381 atque
777 1346 966 1382 incorpoream

181 1394 279 1420 anima:
297 1396 440 1424 naturam;
461 1392 512 1419 hoc
536 1396 626 1420 autem
643 1393 716 1427 quod
737 1393 872 1420 distinctze
886 1393 922 1421 sit
935 1401 968 1421 ac

181 1437 392 1465 nudtimembris
407 1441 513 1464 naturae
527 1445 629 1472 corpus
642 1457 649 1470 ,
666 1441 747 1472 atque
767 1438 830 1465 hinc
845 1437 946 1465 factum
957 1458 965 1471 ,

180 1490 210 1512 ut
230 1485 315 1512 divini
338 1485 419 1513 istius
445 1484 610 1512 sacramenti
634 1485 770 1512 confectio
788 1486 840 1513 sub
864 1485 965 1521 duplici

179 1532 292 1558 materia
306 1531 523 1566 dispensarctur,
541 1538 589 1565 pro
605 1531 788 1565 qualicunque
804 1531 903 1558 virium
917 1539 967 1558 no-

180 1582 297 1604 strarum
314 1577 500 1612 proportione.
514 1576 630 1604 Domino
643 1585 693 1605 nos
706 1577 814 1605 interim
825 1577 966 1605 erudicnte
981 1587 1001 1614 ε

179 1630 281 1649 arcano
298 1629 348 1649 suo
366 1621 466 1648 aﬂlalu.
490 1621 550 1648 Jam
575 1621 672 1649 anima:
695 1621 910 1657 impassibilitas,
926 1623 967 1650 vis

179 1676 276 1703 nempe
299 1667 386 1702 ipsius
409 1667 575 1695 intellectilis
593 1675 600 1693 :
621 1675 676 1694 non
700 1667 773 1702 quod
794 1667 906 1696 omnino
932 1668 967 1695 sit

178 1721 276 1748 expers
300 1713 430 1749 patiendi,
449 1713 496 1741 sed
519 1713 582 1748 quia
604 1716 777 1740 externarum
806 1714 965 1748 passionum

179 1758 260 1785 nulla!
273 1766 302 1786 se
315 1757 430 1785 oﬁ'erant
445 1764 535 1785 causa:
552 1756 780 1792 quemadmodum
796 1756 849 1784 hoc
865 1764 966 1791 corpus

179 1804 331 1831 innumeris
355 1803 502 1830 obnoxium
517 1801 697 1829 incommodis
707 1822 714 1833 ,
729 1809 845 1836 quorum
861 1803 965 1829 nullum

180 1857 293 1884 prorsus
306 1849 412 1883 cogitur
423 1848 514 1875 anima
525 1848 674 1880 sustinere,
692 1848 746 1875 nisi
764 1849 889 1875 ultronea
902 1855 965 1882 pro-

179 1895 273 1930 priavc
291 1895 432 1922 voluntate
456 1902 489 1922 eo
514 1894 664 1922 deﬂexerit.
687 1894 750 1921 Haec
764 1895 853 1930 igitur
868 1894 966 1922 animae

181 1942 254 1968 circa
267 1942 410 1976 passiones
422 1940 608 1968 inﬂexibilitas
619 1940 652 1967 ad
666 1941 830 1976 spectandas
845 1941 964 1976 species.

180 1996 240 2022 quze
258 1987 396 2015 intellectu
412 1987 471 2014 solo
489 1985 769 2020 comprehenduntur,
785 1987 909 2021 sejuncta
922 1989 966 2014 est

178 2038 205 2061 ct
221 2033 357 2068 disparata
373 2042 379 2060 :
398 2039 467 2066 quas
481 2031 590 2066 quidem
611 2032 731 2060 visiones
749 2032 887 2067 simplices
903 2039 964 2060 esse

585 177 754 205 APPENDIX
773 178 817 203 AD
835 177 948 205 υιιΕιιΑ
967 178 996 205 S.
1018 177 1166 206 DIUNYSII
1186 178 1426 208 ΛΙὶΕΟΡΑΟΙΤᾸῑ.

1764 184 1809 210 ἂἪί

994 238 1015 266 Α
1030 236 1063 262 τὰ
1079 236 1211 267 σάϐϐατα,
1227 237 1331 269 καὶτὰς
1343 239 1490 274 νουμηνίας
1505 239 1694 274 νομοθετήσας,
1710 240 1809 275 ὕστερον

1030 283 1102 317 λέγει
1113 283 1156 310 διὰ
1165 283 1212 310 τοῦ
1231 282 1354 311 Ἡσαΐου·
1370 284 1416 317 Ής
1426 285 1480 318 γὰρ
1495 285 1586 311 ταῦτα
1595 284 1768 319 ἐξεᾷὶτησεφ·
1780 287 1811 314 ἐκ

1028 329 1087 355 τῶν
1094 328 1201 363 χειρῶν
1207 329 1299 364 ὑμῶν,
1307 330 1330 355 εί
1339 329 1375 364 μὴ
1386 329 1508 364 φανερῶς
1516 329 1564 364 μὲν
1572 329 1703 364 λέγονται,
1710 331 1810 364 ἀφανῶς

1028 375 1055 401 δὲ
1082 375 1204 401 νοοῦνται
1218 385 1226 407 ;
1244 375 1290 401 καὶ
1304 374 1333 401 τὸ
1350 375 1486 410 προσῆκον
1506 375 1522 410 ἦ
1538 377 1593 407 τοῖς
1617 375 1770 410 πράγμασιν
1784 376 1809 408 ἃ,

1028 422 1250 457 κρυφιωδέστερα
1261 421 1337 453 ὄντα,
1353 421 1439 453 οὕτως
1453 422 1636 456 ὲκφαίνονται,
1655 422 1698 448 ἵνα
1711 422 1745 457 μὴ
1760 424 1810 454 τοῖς

1028 468 1134 499 πολλοῖς
1142 467 1341 503 βεϐηλωθῶσιν,
1348 467 1365 504 ἢ
1373 469 1429 499 τοῖς
1438 468 1583 504 ἡμετέροις
1591 469 1644 500 νοῖς
1655 469 1701 494 καὶ
1708 468 1810 503 ψυχαῖς,

1027 513 1144 549 δηλονότι
1161 513 1231 541 κατὰ
1247 515 1297 549 τὴν
1320 514 1375 541 τῶν
1399 514 1604 549 ὑποδεχομένων
1627 514 1754 549 δύναμιν·
1770 515 1811 541 ἆλ-

1026 560 1080 592 λως
1100 560 1154 595 γὰρ
1176 559 1382 596 νομοθετοῦνται
1407 561 1430 587 οἱ
1452 560 1591 593 Ἰουδαῖοι,
1614 560 1662 586 καὶ
1684 560 1768 592 ἄλλως
1791 561 1812 586 οἱ

1026 606 1098 633 κατὰ
1115 606 1232 642 Χριστὸν
1249 607 1338 642 ἡμεῖς,
1358 606 1408 642 τὴν
1422 607 1507 642 αὐτὴν
1522 606 1681 641 νομοθεσίαν
1694 615 1700 621 ³
1719 606 1811 632 ἐκεῖνοι

1028 651 1078 686 μὲν
1094 652 1123 677 ἐν
1143 650 1300 687 γράμματι,
1322 651 1403 687 ἡμεῖς
1424 651 1453 678 δὲ
1478 652 1508 677 ἐν
1534 651 1684 686 πνεύματι”
1708 652 1739 678 οὺ
1762 651 1813 686 γὰρ

1025 696 1119 728 ἁπλῶς
1136 697 1256 732 ἱστορίαν
1272 696 1329 732 ἔχει
1348 697 1363 723 ὁ
1388 696 1467 731 λόγος
1487 697 1542 723 τῶν
1562 697 1724 733 προφητῶν,
1750 697 1812 724 ἀλλὰ

1026 743 1143 778 ζωτικὴν
1159 743 1297 771 τελείωσιν
1311 753 1317 759 ·
1338 744 1437 776 σκοπὸς
1455 744 1509 779 γάρ
1525 744 1583 770 ἐστι
1599 745 1655 775 τοῖς
1671 743 1756 778 ἁγίοις
1771 743 1812 770 διὰ

1024 789 1078 817 τῶν
1086 790 1214 826 Γραφῶν,
1225 791 1293 826 πρὸς
1300 791 1349 825 τὴν
1359 790 1465 817 αἰώνιον
1474 790 1545 826 ζωὴν
1559 790 1695 817 τελεῖσθαι
1705 791 1767 822 τοὺς
1774 791 1812 816 δι-

1025 836 1280 872 δασκομένους
1291 836 1382 863 Ταῦτα
1398 836 1426 863 δέ
1443 845 1520 871 φησι,
1537 836 1644 868 δεικνὺς
1659 836 1813 870 ἀναγκαίως

1024 881 1074 917 τὴν
1084 882 1229 918 ἀναγωγὴν
1238 883 1265 910 ἐν
1279 884 1334 914 τοῖς
1345 882 1426 914 θείοις
1437 882 1526 916 λόγοις
1536 882 1658 917 γίνεσθαι
1670 881 1738 917 (56).
1756 882 1814 918 Χρὴ

1023 928 1166 964 τοιγαροῦν
1180 929 1227 955 καὶ
1240 929 1313 964 ἡμᾶς
1329 928 1394 955 εἴσω
1410 928 1570 964 παρακύψαι
1591 928 1645 955 τῶν
1663 929 1814 964 συμϐόλων,

1021 975 1067 1002 καὶ
1081 975 1214 1010 θεωρῆσαι
1227 975 1296 1001 αὐτὰ
1307 975 1344 1006 ὡς
1354 975 1451 1009 ἔκγονα
1465 975 1543 1002 θείων
1555 975 1601 1002 καὶ
1616 975 1720 1010 νοητῶν
1730 985 1814 1012 χαρα-

1020 1020 1144 1056 κτήρων·
1160 1021 1207 1046 καὶ
1225 1020 1281 1056 γὰρ
1292 1021 1322 1047 οὺ
1341 1021 1418 1056 μόναι
1435 1022 1463 1047 αἱ
1479 1022 1664 1057 προσκυνηταὶ
1677 1022 1728 1057 τῆς
1736 1023 1815 1056 ἁγίας

1019 1066 1041 1092 Τ
1044 1065 1133 1101 ριάδος
1141 1065 1301 1098 ὑποστάσεις
1309 1066 1452 1101 συμϐόλοις
1460 1067 1696 1094 διαποικίλλονται·
1707 1068 1754 1094 καὶ
1762 1067 1816 1103 πῦρ

1020 1111 1126 1145 λέγεται
1134 1113 1148 1138 ὁ
1158 1112 1232 1146 Θεὸς,
1247 1112 1294 1146 ὡς,
1305 1113 1368 1147 Πῦρ
1382 1114 1613 1146 καταναλίσκον,
1625 1114 1672 1140 καὶ
1684 1115 1722 1141 τὰ
1731 1115 1817 1149 λόγια

1019 1159 1125 1185 τούτου
1137 1158 1333 1193 πεπιφωμένα
1340 1167 1346 1173 ·
1356 1159 1423 1186 ἀλλὰ
1433 1159 1479 1186 καὶ
1489 1159 1512 1185 οἱ
1523 1160 1632 1194 ἄγγελοι
1644 1160 1817 1196 συμϐολικῶς

1019 1204 1210 1240 διαγράφονται
1221 1214 1227 1219 ·
1237 1204 1343 1239 λέγεται
1358 1205 1412 1241 γὰρ
1421 1206 1468 1232 καὶ
1483 1206 1545 1241 περὶ
1559 1206 1657 1232 αὑτῶψ
1678 1206 1711 1233 '0
1722 1206 1816 1233 ποιῶν

1018 1250 1088 1283 τοὺς
1103 1250 1249 1285 ἀγγέλους
1258 1251 1351 1278 αὐτοῦ
1365 1252 1527 1286 πνεύματα,
1540 1252 1586 1278 καὶ
1602 1252 1673 1284 τοὺς
1680 1253 1818 1285 λειτοιψ-

1018 1295 1090 1328 γοὺς
1096 1295 1189 1322 αὐτοῦ
1200 1295 1294 1330 πυρὸς
1301 1297 1409 1331 φλόγα.
1423 1296 1490 1322 Ἀλλ’
1499 1297 1572 1331 ὅμως
1582 1298 1649 1332 πρὸς
1658 1297 1693 1323 τὰ
1704 1297 1817 1323 ὑποκεί-

1020 1349 1087 1375 μενα
1093 1341 1139 1367 καὶ
1146 1341 1170 1367 οἱ
1179 1341 1254 1368 τύποι
1265 1341 1396 1375 νοοῦνται,
1406 1341 1456 1369 κᾶν
1464 1342 1489 1368 οἰ
1496 1343 1573 1369 αὐτοὶ
1584 1341 1638 1368 εἷεν
1648 1350 1654 1356 “
1666 1343 1683 1378 ἢ
1693 1343 1762 1377 γοῦν
1771 1342 1817 1368 τοῦ

1018 1386 1103 1421 πυρὸς
1125 1386 1206 1413 εἰκὼν
1222 1386 1388 1422 λαμϐάνεται
1407 1388 1452 1414 ἐπὶ
1476 1387 1542 1414 Θεοῦ
1553 1409 1560 1421 ,
1578 1387 1594 1423 ἢ
1609 1388 1681 1414 κατὰ
1700 1388 1732 1414 τὸ
1747 1389 1817 1423 ὑπὲρ

1019 1431 1118 1466 νόησιν,
1127 1431 1166 1457 ὅτι
1179 1431 1233 1467 πῦρ
1242 1431 1365 1466 λέγεται·
1383 1433 1438 1459 ἀλλ’
1449 1433 1518 1469 ὑπὲρ
1527 1433 1605 1459 τοῦτὸ
1616 1434 1687 1460 ἐστι.
1700 1434 1779 1465 Τέως
1791 1434 1819 1460 δὲ

1020 1476 1127 1510 λέγεται
1150 1477 1219 1513 πῦρ,
1241 1478 1278 1510 ὡς
1299 1478 1385 1511 αἴτιος
1409 1479 1504 1514 πυρός.
1528 1480 1583 1506 Καὶ
1606 1480 1669 1506 ἐπεὶ
1688 1480 1722 1506 τὺ
1746 1480 1819 1507 Θεῖον

1019 1523 1088 1558 ὑπὲρ
1108 1523 1199 1559 νόησιν
1222 1525 1315 1558 ἐστιν,
1342 1525 1396 1552 ἀπὸ
1419 1525 1473 1551 τῶν
1502 1526 1629 1552 αἰτιατῶν
1657 1526 1700 1558 ὡς
1731 1527 1820 1558 αἴτιος

1018 1571 1135 1602 νοεῖται,
1169 1569 1185 1605 ἢ
1211 1571 1282 1597 κατὰ
1306 1571 1354 1606 τὴν
1378 1571 1460 1598 αὐτοῦ
1481 1571 1618 1606 πρόνοιαν,
1640 1571 1682 1604 ὡς
1708 1573 1739 1598 ὲν
1762 1572 1821 1603 τοῖς

1018 1616 1194 1650 Εὺαγγελίοις
1206 1637 1213 1648 ,
1233 1617 1294 1650 Πῦρ
1310 1617 1404 1652 ἦλθον
1423 1618 1534 1650 ,ϐαλεῖν
1545 1619 1594 1644 ἐπὶ
1611 1619 1668 1653 τῆς
1688 1619 1750 1654 γῆς
1763 1628 1771 1635 ο
1791 1619 1822 1645 τδ

1018 1661 1072 1697 γὰρ
1088 1663 1265 1698 προνοητικὸν
1280 1663 1361 1690 αὑτοῦ
1379 1664 1425 1691 καὶ
1439 1665 1485 1690 ἐπὶ
1502 1666 1566 1692 πᾶσι
1585 1665 1758 1702 δραστήριον
1774 1666 1822 1693 καὶ

1017 1708 1182 1744 διακριτικὸν
1198 1708 1253 1744 πῦρ
1269 1709 1447 1744 ὀνομάζεται·
1472 1710 1488 1746 ἢ
1518 1710 1587 1737 κατὰ
1604 1711 1648 1737 τὸν
1665 1712 1765 1746 λόγον,
1784 1713 1823 1743 ὡς

1018 1755 1093 1791 παρὰ
1105 1755 1143 1790 τῷ
1164 1755 1282 1790 Ἱερεμίᾳ
1294 1764 1300 1770 ·
1315 1756 1376 1789 Οὐχ
1391 1755 1484 1788 οὕτως
1494 1758 1520 1783 cl
1531 1757 1614 1791 λόγοι
1625 1766 1703 1791 μου,
1715 1757 1824 1791 ὥσπερ

1017 1803 1094 1836 πῦρ;
1109 1802 1188 1836 λέγει
1204 1803 1327 1836 Κύριος·
1343 1802 1386 1829 διὰ
1402 1802 1431 1828 τὸ
1447 1802 1564 1838 καθαρὸν
1581 1803 1672 1839 πάντη
1689 1805 1742 1831 καὶ
1759 1804 1825 1830 ἀκι-

1016 1847 1110 1883 6δηλον
1120 1857 1126 1863 ’
1139 1847 1229 1879 καθὼς
1238 1849 1285 1874 καὶ
1297 1847 1371 1883 παρὰ
1382 1847 1420 1883 τῷ
1432 1848 1511 1874 Δαυίδ
1522 1857 1528 1863 ·
1549 1849 1586 1875 Τὰ
1599 1849 1693 1883 λόγια
1702 1850 1824 1884 Kvpt'ov

1016 1893 1220 1928 πεπυρωμένα,
1237 1894 1323 1928 λόγια
1337 1893 1421 1928 ἁγνά.
1442 1893 1508 1919 Ἀλλ’
1523 1893 1594 1920 οὕτω
1617 1894 1669 1929 μὲν
1697 1895 1748 1921 ἐπὶ
1773 1894 1824 1920 τοῦ

1015 1939 1098 1966 Θεοῦ·
1116 1939 1224 1973 λέγεται
1247 1939 1276 1966 δὲ
1300 1940 1347 1966 καὶ
1363 1940 1409 1966 ἐπὶ
1423 1939 1477 1965 τῶν
1499 1940 1621 1974 ἀγγέλων
1636 1941 1672 1967 τδ
1692 1941 1766 1977 πῦρ,
1784 1941 1825 1972 ὡς

1017 1985 1144 2012 αἰτιατῶν
1161 1986 1191 2011 ὲκ
1202 1985 1269 2011 Θεοῦ
1279 1985 1349 2012 κατὰ
1360 1984 1476 2020 μέθεξιν,
1491 1985 1585 2022 ὥσπερ
1600 1986 1670 2022 δῆτα
1687 1987 1826 2022 λέγονται

1017 2032 1064 2058 καὶ
1079 2031 1146 2066 φῶς,
1158 2032 1204 2058 καὶ
1221 2032 1275 2058 θεοὶ
1290 2033 1335 2059 καὶ
1349 2032 1431 2058 τᾶλλα
1446 2032 1479 2058 τὰ
1495 2032 1533 2068 τῷ
1544 2032 1603 2068 Θεῷ
1619 2035 1826 2069 προσήκοντα..

990 916 1010 942 Β

178 2081 206 2106 et
220 2078 332 2106 intimas
353 2078 462 2109 astruit,
476 2077 555 2112 quasi
583 2083 700 2105 arcanas
729 2077 847 2104 maxime
870 2080 898 2105 et
920 2076 1058 2105 introrsus
1082 2077 1283 2105 delitescentes.
1304 2077 1437 2105 Caeterum
1457 2078 1581 2113 passiva,
1600 2087 1664 2113 quae
1688 2084 1776 2107 extra
1797 2087 1830 2107 se

179 2126 258 2158 ﬁunt,
276 2125 395 2153 admittit
410 2125 462 2153 sibi
483 2129 598 2160 cognata
617 2125 674 2153 hzec
697 2124 837 2152 involucra
860 2124 1018 2159 ﬁgurarum.
1042 2125 1138 2160 Liquet
1154 2125 1205 2152 hoc
1230 2133 1264 2153 ex
1292 2133 1335 2158 co,
1362 2126 1434 2161 quod
1461 2126 1656 2161 prophetarum
1686 2127 1828 2154 nonnulli

178 2173 339 2208 perspicuae,
357 2172 409 2199 hoc
430 2176 473 2199 est
493 2171 573 2198 nuda:
586 2179 637 2199 nec
652 2172 714 2198 ullis
728 2171 850 2198 tectoriis
864 2170 1033 2198 adumbrata
1048 2171 1192 2206 theologia:
1224 2171 1363 2198 auditores
1379 2171 1463 2200 fuisse
1488 2172 1645 2200 referuntur
1674 2180 1684 2199 :
1720 2178 1754 2200 ut
1784 2179 1832 2201 est

178 2218 242 2253 quia
257 2218 388 2246 Dominus
406 2225 436 2245 se
449 2218 591 2246 visendum
606 2218 730 2245 exhibuit
744 2217 795 2252 ipsi
811 2212 960 2250 Abraham,
976 2218 1033 2245 sive
1046 2218 1127 2244 etiam
1144 2217 1239 2253 Moysi.
1259 2218 1290 2244 Et
1303 2218 1371 2245 dixit
1384 2219 1435 2246 hoc
1459 2220 1559 2247 ethoc.
1584 2219 1617 2246 Et
1645 2219 1752 2247 factus
1783 2224 1831 2248 est

178 2272 269 2292 sermo
296 2264 402 2291 Domini
427 2264 460 2291 ad
478 2264 551 2292 hunc
573 2264 745 2299 prophetam.
765 2263 798 2290 Et
814 2263 840 2290 hi
856 2263 965 2299 quidem
980 2264 1009 2291 in
1022 2263 1119 2298 seipsis
1135 2271 1217 2290 unam
1236 2264 1354 2299 aliquam
1368 2264 1497 2300 allingunt
1524 2265 1677 2300 imaginem
1698 2265 1759 2294 'tali
1785 2268 1833 2295 vi—

180 2312 261 2343 sioni,
282 2316 346 2346 puta
364 2312 620 2347 contemplationem
643 2317 793 2345 congruam
817 2310 924 2344 pietati,
938 2318 999 2345 quae
1012 2310 1110 2337 divina
1128 2313 1234 2336 natura!
1255 2310 1401 2345 utrobique
1422 2315 1528 2338 servata
1552 2312 1692 2346 temperie
1715 2321 1832 2342 conve-

179 2358 246 2384 niat.
265 2358 323 2390 Quo
347 2359 419 2385 enim
434 2363 515 2392 pacto
531 2358 599 2385 alias
620 2357 682 2391 quis
706 2356 793 2392 possit
813 2356 958 2383 manuduci
971 2355 1004 2382 ad
1020 2357 1184 2391 praescripta:
1204 2357 1345 2391 theologia:
1369 2357 1594 2393 intelligentiam?
1618 2358 1697 2393 Ipsa:
1724 2362 1834 2389 etiam-

180 2412 244 2430 num
261 2408 392 2430 creatura:
405 2406 609 2438 prmponuntur,
625 2407 651 2430 et
667 2402 745 2437 quasi
760 2402 906 2437 praeiacent
921 2402 1103 2430 invisibilibus
1124 2406 1150 2430 et
1175 2403 1400 2438 intelligibilibus.
1422 2404 1506 2439 idque
1525 2412 1580 2431 non
1600 2405 1686 2433 solus
1716 2408 1832 2435 astruit

180 2449 349 2476 admirabilis
374 2449 418 2476 ille
446 2449 585 2483 apostolus
605 2448 705 2476 Paulus
736 2449 831 2477 dicens
856 2457 861 2474 ε
882 2449 951 2482 Quia
978 2450 1122 2476 invisibilia
1145 2451 1227 2485 ipsius
1251 2458 1297 2484 per
1320 2459 1371 2483 ea,
1394 2459 1452 2486 qua:
1469 2450 1542 2484 facta
1560 2456 1640 2484 sunt,
1674 2452 1834 2480 intellecta

180 2494 418 2528 conspiciuntur“!
439 2495 487 2522 sed
504 2499 531 2522 et
549 2494 667 2522 Verbum
684 2502 764 2522 verax
775 2515 782 2527 ,
799 2496 857 2530 ipse
874 2495 1005 2523 Dominus
1024 2500 1117 2524 noster
1128 2496 1209 2525 Jcsus
1223 2496 1350 2525 Christus
1382 2498 1491 2532 quando
1505 2498 1571 2525 dicit
1604 2506 1610 2523 :
1644 2498 1680 2526 Si
1712 2504 1834 2527 terrena

181 2541 237 2569 dixi
253 2539 336 2571 vobis,
353 2545 377 2566 et
397 2548 447 2567 non
465 2540 573 2567 creditis
586 2548 595 2566 :
611 2540 740 2575 quomodo
756 2541 778 2567 si
795 2541 911 2567 cmlestia
941 2542 1033 2568 dixero
1064 2542 1134 2570 vobis
1167 2543 1277 2570 credetis
1294 2544 1330 2570 n?
1353 2543 1457 2571 Idcirco
1486 2543 1577 2571 eximii
1599 2543 1640 2570 illi
1669 2546 1836 2581 propheta:

181 2586 279 2619 partim
295 2586 403 2621 quidem
425 2586 452 2613 in
469 2586 558 2613 civilis
579 2594 611 2613 ac
634 2587 738 2621 legibus
762 2587 894 2615 institutae
918 2589 980 2615 vita:
1006 2596 1109 2617 morem
1127 2597 1176 2617 sua
1197 2590 1415 2624 contemplantur
1440 2590 1569 2621 oracula,
1594 2595 1623 2617 ut
1655 2599 1731 2619 cum
1756 2594 1834 2621 dicit

182 2630 266 2659 isaias
275 2636 303 2658 °:
318 2632 406 2659 Venite
414 2632 495 2668 283
509 2638 533 2659 et
545 2632 798 2666 disceptemus,dicit
810 2633 948 2662 Dominus.
961 2633 1027 2661 Nam
1039 2639 1066 2662 et
1077 2636 1129 2663 hoc
1141 2636 1175 2663 ad
1189 2636 1277 2663 civilis
1292 2636 1353 2663 vita:
1372 2637 1515 2671 legumque
1526 2636 1667 2663 rationem
1682 2640 1833 2673 pertinet.

182 2678 288 2705 Alicubi
312 2680 470 2715 purgative,
497 2683 526 2705 ut
544 2686 606 2705 cum
630 2678 776 2706 admonent
797 2689 804 2707 :
824 2680 957 2713 Sitientes,
971 2685 1053 2709 venite
1069 2682 1102 2709 ad
1122 2689 1260 2718 aquamr;
1284 2688 1312 2711 et
1338 2692 1344 2710 :
1374 2683 1528 2716 Lavamim‘,
1549 2683 1645 2710 mundi
1679 2691 1832 2722 estole‘l;

182 2728 209 2750 et
226 2734 232 2751 :
251 2725 372 2752 Accedite
388 2725 422 2752 ad
439 2734 514 2759 eum,
530 2731 555 2753 et
571 2725 761 2752 illuminamini
781 2731 804 2753 τ.
832 2726 895 2755 Haec
911 2729 983 2755 enim
1012 2729 1164 2757 doctrinam
1194 2731 1347 2765 respiciunt
1377 2730 1458 2758 simul
1481 2734 1508 2757 et
1530 2730 1749 2765 expiationem.
1778 2734 1836 2765 Illa

184 2771 277 2805 igitur,
293 2779 354 2806 qua:
371 2772 482 2806 politica
494 2776 574 2805 sunt,
601 2775 628 2800 et
648 2773 738 2806 legum
764 2772 909 2801 formulam
938 2775 1106 2810 przel‘erunt,
1133 2777 1272 2804 rationem
1299 2776 1423 2804 obtinent
1448 2775 1607 2811 signorum;
1637 2784 1719 2806 sunt.
1749 2782 1835 2809 enim

184 2819 320 2846 crassiora
335 2819 469 2854 nobisque
492 2819 638 2847 manifesta
657 2819 794 2848 omnibus.
816 2820 883 2853 Qua:
905 2828 969 2848 vero
985 2822 1152 2856 purgatoria,
1184 2823 1319 2850 rationem
1336 2822 1477 2850 continent
1505 2822 1584 2849 nudae
1603 2821 1695 2853 illius
1724 2827 1834 2864 signo-

220 2909 239 2921 "
255 2905 331 2934 Rom.
348 2915 367 2940 ι,
386 2906 430 2934 20.
469 2913 483 2927 ιι
497 2907 576 2936 Joan.
594 2915 635 2942 ιιι,
650 2907 693 2936 12.
723 2913 757 2946 υο
771 2907 867 2943 Cap-1,
888 2909 931 2937 i8.

1024 2917 1048 2937 a.
1065 2917 1107 2944 Lv,
1126 2911 1151 2937 i.
1189 2915 1203 2936 τι
1218 2910 1270 2939 lsa.
1287 2919 1307 2946 ι,
1323 2911 1366 2940 16.
1407 2917 1418 2931 τ
1430 2911 1502 2939 Psal.
1515 2918 1614 2944 xum,
1635 2911 1669 2939 6.
