1923 3067
158 188 210 215 497
529 183 752 212 PACIIYMEILE
772 181 1012 211 PARAPHRASIS
1032 182 1065 209 IN
1086 182 1158 210 EPP.
1181 182 1211 212 S.
1233 182 1392 211 DIONYSII.
1730 184 1782 211 498

157 253 219 272 rum
235 243 391 279 theologia.
406 243 523 278 ldeoque
537 243 582 270 illa
595 242 704 278 quidem
721 241 833 270 inducta
862 240 989 268 videnlur
1014 241 1155 268 hominum
1177 249 1268 273 more,
1291 243 1348 270 sive
1376 243 1459 269 etiam
1487 242 1666 277 aliquousque
1696 242 1782 269 subli-

158 290 240 318 mius.
273 289 330 317 Hoc
344 290 416 317 enim
429 289 530 317 indicat
541 289 624 321 dictio
640 289 740 325 μέσως,
758 289 785 316 id
800 293 842 317 est
856 288 949 315 medie.
982 287 1044 316 Ilaec
1061 296 1125 316 vero
1147 289 1291 317 sublimius
1310 293 1336 316 et
1370 290 1403 317 ad
1424 288 1618 324 perfectionem
1642 288 1782 316 efﬁcacius

157 336 335 364 inducuntur.
355 335 388 362 Et
414 336 460 363 illa
482 334 590 371 quidem
608 343 623 362 a
645 336 801 370 conspicuis
827 336 949 372 legibus:
966 335 1023 362 hate
1038 340 1129 363 autem
1146 336 1180 363 ab
1210 336 1244 362 iis
1268 343 1328 371 qua:
1345 343 1393 371 per
1415 343 1444 363 se
1469 342 1577 363 arcana:
1606 339 1671 362 sunt
1690 339 1717 361 ct
1742 334 1783 361 di-

157 383 236 411 vinae.
269 382 375 412 Rursus
392 384 438 411 illa
465 384 585 419 antiquae
607 383 675 419 legis
697 383 806 411 decreta
830 384 969 420 propalam
999 383 1108 419 quidem
1131 384 1303 420 evulgantur,
1327 384 1443 418 obsoure
1470 387 1560 410 autem
1585 382 1782 417 intelliguntur.

158 427 267 464 Alioqui
297 430 330 460 is,
349 429 395 464 qui
426 430 484 464 lege
498 429 590 457 sanxit
602 428 718 463 jejunia,
743 427 861 456 Sabbata
876 431 903 455 et
930 428 1109 459 neomenias,
1139 431 1233 463 postea
1261 435 1309 462 per
1335 426 1458 455 Isaiam!
1484 428 1524 456 εἰς
1548 428 1670 462 loquitur
1690 437 1696 454 ς
1719 427 1783 460 Quis

156 474 226 500 enim
248 475 366 509 quwsivit
380 475 435 502 Ιιωσ
450 475 481 502 de
491 478 612 505 manibus
629 477 730 508 vestris.
746 476 799 504 nisi
814 477 878 512 quia
892 476 1036 511 perspicue
1051 476 1161 511 quidem
1188 476 1329 508 dicuntur,
1357 476 1547 512 intelliguntur
1573 480 1662 502 autem
1688 475 1781 502 obscu-

158 520 238 546 rius?
267 520 453 549 Conveniebat
468 523 592 557 profecto
606 523 762 551 istiusmodi
783 523 882 554 rebus,
899 530 959 557 qua:
977 530 1024 557 per
1038 531 1067 550 se
1084 529 1147 549 cum
1169 522 1354 550 abstrusiores
1377 522 1443 554 sint,
1462 522 1496 549 ad
1524 522 1597 549 hunc
1619 522 1727 549 modum
1754 526 1783 548 ut

157 565 360 600 evulgarentur,
388 575 422 595 ne
435 575 449 594 a
475 568 685 603 quamplurimis
707 567 935 603 profanarentur:
954 569 1011 596 sive
1027 568 1053 595 id
1070 568 1173 596 nostris
1187 569 1270 596 etiam
1286 569 1454 606 congruebat
1466 570 1593 598 Sensibus
1616 575 1643 597 et
1672 569 1782 597 animis.

157 618 208 646 pro
241 613 424 648 accipientum
439 615 566 642 videlicet
581 619 673 651 captu.
690 616 777 643 Aliter
790 617 863 644 enim
879 615 965 644 Judazi
982 624 1048 648 sua),
1060 617 1139 644 aliter
1152 624 1203 644 nos
1214 618 1261 651 qui
1286 617 1397 645 Christo
1420 619 1530 646 nomina
1553 618 1693 648 dedimus.
1717 618 1783 652 legis

159 662 260 686 nostra;
293 659 403 688 decreta
424 661 648 697 interpretamur.
671 663 712 691 Illi
732 664 805 691 enim
825 664 852 691 in
874 664 964 691 littera
982 665 1036 691 vim
1055 672 1112 692 suae
1132 665 1200 700 legis
1217 664 1405 698 constituunt;
1437 673 1488 692 nos
1511 665 1538 693 in
1561 666 1669 700 spiritu.
1690 664 1783 700 Neque

157 707 230 734 enim
254 707 397 735 historiam
412 713 550 744 utcunque
565 710 687 738 continet
707 719 797 739 sermo
816 712 1009 747 propheticus,
1026 711 1074 739 sed
1098 715 1125 739 et
1154 711 1181 738 in
1211 719 1241 738 se
1270 711 1351 739 habet
1375 712 1544 739 reconditam
1566 711 1699 739 viviﬁcam
1720 720 1781 747 per—

158 753 312 780 fectionem.
341 753 391 781 IIic
418 755 491 782 enim
508 757 612 785 sanctis
628 757 725 784 unicus
742 757 792 785 fuit
807 766 917 793 scapus,
939 763 969 786 ut
985 765 1032 793 per
1044 765 1092 785 eas
1103 757 1276 793 Scripturas,
1292 766 1361 793 quos
1376 758 1534 786 docuissent
1547 759 1641 790 semel,
1668 758 1781 794 perlice-

157 802 218 826 rent
241 800 476 836 proveherentque
500 801 535 829 ad
556 806 686 830 wiernam
712 803 805 830 vitam.
831 803 863 830 Et
882 804 940 831 hac
956 804 1067 839 quidem
1077 804 1126 836 ait,
1154 803 1263 831 interim
1272 805 1401 840 graphice
1424 804 1568 832 declarans
1595 805 1781 832 sublimiorem

155 845 303 879 quamdam
338 845 544 882 intelligentiam
568 848 597 875 in
614 848 713 876 divinis
736 848 891 884 Scriptnris
907 858 968 878 esse
985 850 1190 885 requirendam.
1218 850 1312 886 Opera:
1334 851 1417 886 igitur
1443 851 1562 886 pretium
1588 850 1686 882 fuerit.
1703 855 1733 878 ut
1756 856 1782 879 ct

158 899 209 920 nos
224 892 358 927 ejusmodi
373 893 450 928 signa
468 894 702 930 introspiciamus,
729 888 811 924 simul
824 902 851 925 et
869 897 963 925 eadem
985 897 1211 932 contemplemur,
1230 899 1308 933 quasi
1335 898 1489 926 divinarum
1515 897 1783 933 intelligibiliumquc

157 939 279 973 germina
300 940 459 974 ﬁgurarum.
485 940 546 969 Non
566 943 639 970 enim
657 944 722 971 solae
741 944 792 971 illa:
817 944 945 972 omnibus
976 944 1123 971 adorandae
1148 949 1331 973 sacrosancta:
1349 944 1489 972 Trinitatis
1513 951 1637 980 personae
1660 944 1782 979 ﬁgurati-

158 986 199 1012 vis
226 985 311 1020 signis
338 986 555 1022 distinguuntur.
584 988 658 1023 Ignis
689 989 824 1024 siquidem
850 990 951 1017 dicitur
967 989 1053 1023 Deus,
1072 994 1101 1018 ut
1115 990 1181 1017 illud
1197 998 1203 1016 :
1218 990 1290 1025 Ignis
1310 998 1464 1018 consumens
1488 995 1526 1017 est
1542 990 1568 1023 ι;
1599 993 1626 1018 et
1644 999 1650 1016 τ
1669 989 1782 1024 Eloquia

156 1034 241 1067 ipsius
266 1035 386 1069 ignita“.
412 1034 466 1062 Sed
492 1036 581 1070 angeli
598 1043 707 1072 quoque
729 1037 780 1072 ipsi
804 1036 947 1072 ﬁgurative
964 1037 1178 1066 describuntur:
1198 1037 1299 1065 dicitur
1322 1037 1393 1065 enim
1412 1037 1446 1065 de
1467 1038 1510 1065 his
1533 1046 1538 1063 :
1573 1037 1626 1071 Qui
1646 1036 1711 1070 facit
1733 1046 1781 1063 un-

157 1081 229 1113 gclos
253 1087 314 1107 suos
339 1081 449 1115 spiritus
463 1101 470 1112 ,
488 1085 513 1108 et
534 1082 672 1109 ministros
695 1091 756 1110 suos
779 1083 847 1118 ignis
871 1083 1008 1118 ﬂammam
1038 1088 1062 1110 ν.
1091 1084 1217 1111 Attamen
1232 1086 1364 1118 quantum
1399 1083 1432 1110 ad
1450 1083 1508 1110 lucc
1528 1082 1652 1116 subjecta
1673 1082 1780 1111 attinet.

157 1127 241 1154 etiam
263 1127 356 1163 ﬁgura:
379 1129 447 1156 satis
471 1129 679 1165 intelliguntur,
704 1130 774 1158 tales
798 1130 861 1157 licet
881 1130 946 1165 ipsa:
960 1130 1035 1158 sint:
1055 1130 1113 1158 sive
1124 1129 1207 1166 284
1222 1129 1311 1165 imago
1325 1130 1384 1165 ipsa
1400 1130 1471 1165 ignis
1491 1138 1541 1165 pro
1570 1129 1624 1156 Deo
1652 1129 1780 1159 sumitur.

158 1177 206 1200 aut
220 1174 370 1202 secundum
386 1175 413 1202 id
433 1176 505 1210 quod
518 1175 725 1212 intelligentiam
737 1175 854 1207 excedit,
869 1176 934 1211 quia
955 1176 1026 1211 ignis
1045 1184 1154 1211 quoque
1173 1176 1285 1203 dicitur.
1315 1176 1450 1204 Ceterum
1472 1175 1524 1202 hoc
1548 1183 1645 1203 rursus
1666 1183 1783 1210 exsupe—

158 1223 224 1247 rat:
242 1228 304 1247 nam
319 1221 394 1255 prius
411 1221 481 1256 ignis
495 1222 606 1255 dicitur,
621 1221 701 1257 quasi
724 1222 772 1258 qui
796 1226 893 1250 auctor
927 1223 963 1250 sit
995 1223 1075 1258 ignis.
1105 1223 1138 1250 Et
1167 1223 1278 1258 quando
1308 1231 1409 1251 numen
1432 1231 1542 1251 omnem
1576 1223 1781 1258 intelligentiam

159 1266 344 1299 transcendit,
362 1267 426 1295 hinc
441 1275 457 1294 a
473 1269 555 1297 rebus
574 1269 674 1297 creatis
691 1273 720 1296 ut
737 1276 832 1297 earum
847 1273 944 1297 auctor
957 1270 1129 1306 intelligitur,
1160 1271 1218 1298 sive
1232 1275 1343 1306 propter
1359 1271 1446 1306 ipsius
1465 1270 1678 1305 providentiam,
1711 1270 1783 1297 sicut

157 1311 186 1338 in
205 1311 358 1348 Evangeliis
375 1323 381 1340 :
396 1313 487 1350 Ignem
504 1316 680 1350 venimittere
695 1317 722 1343 in
738 1320 836 1343 terram
845 1321 869 1344 ι.
882 1316 946 1344 Haec
959 1317 1032 1344 enim
1049 1317 1136 1352 ipsius
1152 1317 1335 1352 providentia,
1361 1321 1522 1353 exprompta
1537 1320 1564 1344 et
1590 1316 1690 1344 alacris
1716 1324 1782 1343 cura

158 1360 290 1393 omnium,
307 1362 389 1397 inque
404 1363 570 1397 providendo
580 1363 727 1392 discretiva
739 1364 791 1397 vis,
811 1364 882 1399 ignis
904 1365 1014 1394 nomine
1037 1365 1210 1400 exprimitur.
1237 1364 1300 1394 Sive
1324 1367 1438 1401 insuper
1466 1374 1515 1401 per
1543 1366 1691 1394 ellicaciam
1723 1373 1782 1392 ser-

158 1405 259 1437 monis,
275 1407 504 1442 quemadmodum
515 1408 587 1443 apud
606 1407 775 1436 .Ieremiam!
792 1416 799 1434 :
817 1408 946 1444 Nunquid
962 1418 1014 1437 non
1031 1410 1109 1437 verba
1132 1418 1191 1438 mea
1219 1411 1296 1445 quasi
1322 1411 1408 1445 ignis?
1436 1410 1500 1437 dicit
1526 1410 1672 1440 Dominus;
1702 1409 1783 1444 idque

157 1457 271 1488 propter
297 1454 480 1482 omnimodam
514 1455 661 1490 puritatem
685 1455 945 1490 integritatemque,
960 1456 1189 1490 quemadmodum
1214 1456 1284 1492 apud
1314 1456 1398 1484 David
1424 1467 1430 1484 :
1463 1456 1576 1492 Eloquia
1601 1457 1705 1484 Domini
1725 1458 1783 1492 igne

157 1500 323 1533 examinata,
338 1501 442 1536 eloquia
461 1506 537 1529 casta
549 1507 571 1529 ι.
593 1501 625 1529 Et
646 1502 703 1530 haec
715 1502 825 1537 quidem
840 1501 874 1530 de
889 1501 944 1530 Deo
962 1502 1036 1529 dicta
1048 1503 1112 1530 sint.
1127 1503 1243 1531 Proinde
1257 1504 1290 1532 de
1303 1504 1407 1538 angelis
1429 1503 1578 1531 etiamnum
1603 1503 1674 1538 ignis
1696 1511 1783 1530 enun-

160 1547 254 1578 tiatur,
274 1550 409 1582 quatenus
423 1554 437 1574 a
451 1546 507 1576 Deo
522 1548 637 1580 conditi,
657 1548 738 1584 idque
752 1548 903 1576 secundum
922 1549 1156 1585 participationem
1170 1559 1177 1576 :
1189 1549 1418 1584 quemadmodum
1435 1549 1516 1576 Iidem
1534 1549 1582 1576 lux
1600 1548 1739 1580 dicuntur,
1756 1553 1782 1576 ct

158 1593 209 1624 dii.
227 1593 342 1629 aliisque
355 1594 491 1628 ejusmodi
503 1594 784 1629 agnominationibus,
797 1602 858 1629 qua}
873 1593 927 1622 Deo
945 1595 998 1629 ipsi
1012 1602 1067 1622 non
1082 1595 1232 1630 incongrue
1247 1598 1401 1629 competere
1420 1596 1583 1622 noscuntur.

194 1649 302 1676 Μᾶλλον
317 1649 361 1681 δὲ,
377 1649 421 1676 ἵνα
441 1649 558 1681 συνελὼν
578 1649 661 1683 εῐπω,
684 1650 716 1676 τὸ
735 1649 790 1685 πῦρ
813 1651 859 1677 ἐπὶ
875 1650 943 1677 Θεοῦ

1031 1651 1103 1684 Quir.
1123 1651 1231 1686 potius,
1249 1656 1278 1678 ut
1297 1654 1395 1678 cuncta
1412 1650 1593 1685 perstringam
1608 1651 1780 1685 compendio,

159 1694 304 1731 λεγόμενον
329 1696 388 1722 κατ’
413 1695 500 1722 αἰτίαν
528 1696 654 1730 λέγεται·
679 1697 801 1723 καλεῖται
831 1697 886 1732 γὰρ
908 1697 946 1729 ὡς

159 1741 234 1768 αἰτία
249 1741 296 1769 τοῦ
314 1742 413 1777 πυρός·
432 1743 477 1770 ἐπὶ
499 1743 527 1769 δὲ
549 1742 603 1769 τῶν
624 1742 710 1777 λόγων
729 1743 775 1769 106
795 1743 862 1770 Θεοῦ
884 1743 944 1770 καθ’

160 1788 275 1825 ὓπαρξιν
288 1797 294 1804 ·
312 1789 389 1815 10610
404 1789 433 1816 δὲ
451 1789 524 1824 λέγει
537 1810 544 1821 ,
561 1790 609 1825 οὐχ
623 1790 664 1816 ὅτι
680 1790 859 1817 ὲνυπόστατοί
877 1791 945 1818 εἰσιν

158 1835 187 1861 at
204 1835 251 1862 τοῦ
272 1834 340 1862 Θεοῦ
356 1835 497 1872 πρόνοιαι,
515 1835 572 1862 ἀλλ’
591 1836 631 1862 ὅτι
657 1836 711 1862 ἀπὸ
735 1835 803 1862 Θεθῠ
825 1835 878 1862 εισι
899 1837 946 1863 καὶ

159 1881 337 1917 ὑπάρχουσιν,
352 1882 401 1917 οὐχ
413 1881 451 1914 ὠς
466 1881 521 1917 (57)
543 1881 712 1916 ὑφεστῶσαι,
731 1882 787 1909 ἀλλ’
812 1882 849 1914 ὡς
871 1883 946 1918 ἐνερ-

158 1927 304 1962 γούμεναι·
322 1928 368 1954 ἐπὶ
385 1927 413 1954 δὲ
433 1927 486 1954 τῶν
498 1928 622 1962 ἀγγέλων
647 1928 717 1954 κατὰ
741 1927 865 1963 μέθεξιν·
885 1928 945 1955 ἐπεὶ

159 1972 213 2008 γὰρ
229 1973 276 2000 καὶ
289 1973 414 2005 θεοειδεῖς
427 1973 565 2008 λέγονται,
578 1974 624 2000 καὶ
637 1974 684 2000 τοῦ
702 1974 773 2001 θείου
792 1975 944 2010 μετέχουσι.

160 2019 220 2055 Πῦρ
235 2019 264 2046 δὲ
286 2020 301 2046 ὁ
321 2019 388 2061 Θεος
403 2020 529 2055 λέγεται,
558 2019 614 2056 πῦρ
641 2020 687 2046 καὶ
706 2020 782 2047 αὐτοὶ
801 2020 945 2047 καλοῦνται

160 2065 231 2092 κατὰ
249 2064 299 2101 τὴν
327 2066 451 2102 μετοχήν.
482 2066 608 2102 Διαφέρει
632 2066 660 2092 δὲ
684 2065 715 2092 τὸ
738 2066 808 2093 κατὰ
838 2066 945 2102 μέθεξιν

158 2111 230 2139 θεῖον
249 2112 296 2139 τοῦ
317 2112 377 2139 καθ’
392 2111 508 2148 ὕπαρξιν
529 2112 660 2145 ἐνταῦθα,
677 2113 718 2139 ὅτι
731 2112 762 2139 τὸ
775 2112 846 2139 κατὰ
868 2112 945 2147 μέθε-

159 2158 201 2192 ξιν
228 2158 303 2193 δηλοῖ
322 2158 415 2186 οὐσίαν
440 2159 500 2185 καθ’
525 2158 623 2194 ἑαυτὴν
652 2155 732 2186 οὖσαν
758 2159 804 2185 καὶ
827 2159 945 2186 ἐπακτὸν

159 2204 272 2239 ἔχουσαν
288 2205 318 2231 τὺ
333 2204 447 2236 θεοειδές
457 2213 463 2219 ’
479 2205 510 2232 τὸ
530 2205 558 2231 δὲ
576 2205 638 2232 καθ’
662 2204 787 2240 ὕπαρξιν,
805 2204 912 2240 πνεῦμα
928 2204 944 2239 ἢ

159 2250 248 2284 λόγιον
273 2250 343 2276 θεῖον
354 2270 362 2282 ,
385 2249 522 2277 τουτέστιν
545 2251 578 2278 ὲκ
597 2250 665 2277 Θεοῦ
683 2251 821 2287 παραχθὲν
838 2251 885 2278 καὶ
902 2251 945 2277 λε-

157 2295 223 2331 χθέν
240 2296 305 2332 (58).
323 2296 401 2323 Οὕτω
416 2296 470 2332 γὰρ
491 2297 521 2323 οὐ
546 2297 731 2334 συμφύρονται
751 2298 776 2324 0i
801 2297 874 2332 λόγοι
890 2297 945 2324 τῶν

997 1698 1068 1733 ignis
1087 1697 1131 1724 hic
1149 1697 1183 1725 de
1201 1697 1257 1724 Deo
1275 1697 1376 1728 dictus,
1398 1696 1549 1724 secundum
1569 1704 1679 1724 causam
1694 1705 1782 1725 enun-

996 1744 1089 1771 tiatur.
1107 1743 1227 1770 Vocatur
1248 1743 1321 1770 enim
1347 1743 1418 1770 sicut
1439 1746 1545 1774 auctor,
1569 1743 1603 1769 ab
1626 1742 1684 1777 ipsa
1711 1743 1782 1778 ignis

996 1789 1144 1817 creatione.
1165 1789 1206 1816 De
1223 1788 1401 1823 providentiis
1429 1792 1518 1816 autem
1543 1796 1574 1816 ac
1599 1789 1690 1816 verbis
1714 1789 1779 1821 Dei,

996 1834 1146 1862 secundum
1159 1833 1352 1861 substantiam.
1366 1832 1421 1860 Hoc
1437 1840 1519 1868 porro
1535 1833 1601 1860 dicit
1618 1832 1709 1864 Pater.
1727 1842 1780 1861 non

995 1880 1068 1916 quod
1082 1880 1111 1907 in
1125 1887 1155 1908 se
1175 1879 1356 1907 subsistentes
1374 1879 1429 1908 sint
1450 1879 1626 1914 providentiae
1647 1879 1693 1906 Dei
1709 1890 1714 1907 :
1733 1881 1780 1908 sed

995 1928 1059 1964 quia
1077 1935 1092 1954 a
1107 1926 1162 1955 Deo
1175 1930 1249 1959 sunt,
1266 1930 1293 1953 et
1311 1926 1457 1958 exsistunt,
1467 1934 1521 1953 non
1538 1926 1616 1960 quasi
1630 1926 1782 1953 subsisten-

995 1979 1048 2007 tes,
1063 1975 1111 2002 sed
1126 1978 1156 2002 ut
1170 1973 1315 2002 eﬂicaciter
1329 1977 1484 2008 operantes.
1499 1972 1559 2000 Jam
1574 1981 1638 2001 vero
1651 1973 1684 2000 de
1696 1981 1780 2008 ange—

996 2021 1030 2049 lis
1045 2021 1208 2056 praedicatur
1222 2019 1371 2048 secundum
1389 2019 1637 2054 participationem.
1657 2019 1781 2054 quando-

995 2067 1106 2102 quidem
1120 2065 1267 2093 deil'ormes
1283 2065 1423 2096 dicuntur,
1439 2069 1466 2091 et
1479 2064 1577 2092 divina:
1589 2064 1780 2098 quadantenus

995 2117 1138 2142 consortes
1150 2116 1264 2140 natum.
1280 2111 1354 2147 Ignis
1366 2110 1488 2147 profecto
1503 2110 1577 2138 Deus
1590 2111 1648 2145 ipse
1660 2109 1761 2137 dicitur
1772 2119 1779 2138 :

996 2160 1045 2187 sed
1059 2164 1086 2187 et
1100 2159 1188 2194 angeli
1203 2159 1275 2194 ignis
1286 2161 1431 2190 vocantur,
1452 2157 1515 2192 jure
1535 2156 1683 2192 participii.
1696 2156 1781 2184 Caete-

996 2213 1057 2233 rum
1071 2205 1200 2232 divinitas
1219 2205 1287 2235 haec,
1304 2211 1364 2238 quae
1379 2203 1528 2231 secundum
1544 2203 1779 2237 participationem

995 2251 1107 2282 dicitur,
1120 2251 1154 2278 ab
1169 2258 1201 2278 ea
1217 2251 1243 2277 in
1261 2251 1424 2277 immensum
1448 2248 1554 2280 dilTert,
1575 2256 1636 2284 qua!
1655 2250 1780 2283 przcscnti

995 2298 1055 2324 loco
1072 2297 1235 2332 praedicatur
1253 2295 1403 2323 secundum
1419 2295 1603 2323 substantiam
1619 2303 1626 2321 z
1642 2295 1706 2329 quia
1721 2303 1782 2330 quin

160 2342 329 2377 συμὸολικῶν
345 2343 499 2378 ὀνομάτωνο
518 2343 584 2370 ἀλλὰ
602 2344 792 2379 προσηκόντως
807 2345 863 2376 τοῖς
879 2344 943 2370 ὐπο-

995 2342 1185 2377 participative
1202 2342 1318 2376 capitur,
1341 2341 1524 2368 substantiam
1543 2340 1664 2368 declarat
1683 2349 1731 2376 per
1750 2349 1781 2369 se

159 2388 295 2423 κειμένοις
310 2388 431 2416 νοοῦνται
441 2398 447 2404 ·
466 2389 504 2420 ὡς
520 2390 586 2425 φέρε
602 2390 689 2416 εἰπεῖν
706 2390 752 2416 ἐπὶ
768 2389 815 2416 τοῦ
838 2390 942 2424 φωτὸς,

158 2434 217 2468 φῶς
243 2434 350 2468 λέγεται
376 2436 391 2462 ὀ
415 2435 493 2467 Θεὸς,
523 2435 590 2462 ἀλλὰ
619 2435 657 2471 τῷ
686 2434 754 2463 εἶναι
783 2436 868 2468 αἴτιος
894 2435 941 2463 τοῦ

159 2479 266 2514 φωτός’
298 2481 356 2515 φῶς
389 2481 424 2508 τὰ
459 2482 655 2518 προστάγματα
679 2482 726 2509 τοῦ
756 2482 844 2513 Θεοῦ,
875 2482 942 2509 ἀλλὰ

159 2526 229 2553 κατὰ
255 2526 304 2561 τὴν
338 2526 462 2563 ὓπαρξιν.
488 2527 607 2563 Εἴπομεν
639 2528 667 2554 δὲ
702 2528 851 2564 ἀνωτέρω,
882 2528 939 2560 πῶς

158 2571 322 2606 ἐκλαμϐάνει
353 2572 402 2608 τὴν
428 2572 558 2608 ὕπαρξιν
589 2573 649 2600 ἐπεὶ
681 2573 738 2608 φῶς
760 2574 774 2599 ὁ
804 2573 870 2604 Θεὸς
900 2573 942 2599 λέ-

159 2626 234 2651 γεται
246 2638 252 2649 ,
267 2618 382 2653 ὑπάρχει
395 2618 423 2645 δὲ
436 2619 467 2645 τὸ
480 2619 642 2655 πρόσταγμα
654 2619 682 2653 ἐξ
695 2619 775 2646 αὐτοῦ
791 2619 940 2654 παραχθὲν,

158 2662 216 2696 φῶς
233 2663 278 2689 καὶ
296 2663 376 2694 αὐτὸς
397 2663 508 2700 κληθείη
519 2673 525 2679 ·
542 2664 610 2700 πλὴν
627 2665 657 2690 οὐ
677 2664 746 2691 κατὰ
767 2663 872 2699 μέθεξιν
883 2673 889 2679 ·
910 2665 940 2690 οὺ

158 2709 212 2744 γὰρ
225 2717 251 2734 τι
267 2708 331 2736 ἄλλο
344 2709 373 2735 ὃν
389 2709 419 2736 τὸ
432 2710 594 2745 πρόσταγμα
611 2711 722 2746 μετέσχε
737 2711 784 2737 τοῦ
800 2711 871 2738 θείου
886 2719 941 2745 φω-

158 2754 203 2785 τός
212 2763 218 2770 ·
239 2755 297 2781 ἀλλ’
318 2755 403 2787 οὕτως
423 2756 489 2782 αὐτὸ
512 2757 637 2793 παρήχθη
651 2758 683 2784 ὲκ
697 2758 779 2790 Θεοῦ,
793 2759 838 2785 ml.
853 2758 923 2785 θεῖον
934 2777 940 2788 ,

993 2388 1103 2424 quidem
1115 2389 1304 2420 exsistentem,
1321 2388 1368 2416 sed
1382 2387 1492 2415 aliunde
1507 2387 1674 2414 obtinentem
1686 2388 1781 2415 asciti-

992 2436 1059 2462 tiam
1072 2435 1146 2462 illam
1164 2433 1370 2462 similitudinem
1385 2433 1550 2460 Divinitatis.
1568 2432 1614 2460 Illa
1630 2440 1704 2465 vero.
1720 2442 1781 2468 qua:

993 2485 1034 2509 est
1050 2480 1199 2508 secundum
1216 2479 1402 2507 exsistentiam
1417 2479 1570 2514 inspiratio,
1591 2482 1618 2506 et
1638 2480 1779 2506 oraculum

996 2527 1128 2557 divinum,
1148 2525 1199 2553 hoc
1212 2530 1253 2554 est
1272 2534 1287 2553 a
1312 2525 1368 2553 Deo
1386 2525 1548 2560 productum
1563 2529 1590 2553 et
1607 2525 1721 2553 dictum.
1742 2525 1780 2552 lta

993 2573 1065 2600 enim
1081 2572 1291 2608 symbolicorum
1308 2571 1449 2598 nominum
1465 2572 1586 2599 rationes
1603 2579 1777 2606 nequaquam

994 2617 1162 2646 confusanee
1183 2618 1383 2653 permiscentur
1399 2625 1405 2643 :
1423 2617 1511 2653 magis
1530 2625 1596 2644 vero
1620 2617 1778 2652 intelligun-

995 2669 1038 2692 tur
1053 2672 1101 2700 pro
1113 2664 1213 2692 decoro
1228 2664 1345 2699 subjecti
1363 2663 1498 2699 cujusque
1509 2663 1674 2699 argumenti,
1687 2671 1780 2698 quem-

994 2712 1138 2740 admodum
1171 2711 1205 2739 de
1233 2712 1294 2739 luce
1325 2718 1433 2746 quoque
1468 2710 1646 2745 pronuntiare
1687 2709 1776 2736 liceat.

993 2756 1052 2784 Lux
1078 2757 1149 2785 Deus
1168 2757 1226 2792 ipse
1247 2758 1358 2788 dicitur,
1387 2757 1433 2784 sed
1457 2760 1593 2791 quatenus
1615 2759 1712 2783 auctor
1736 2761 1778 2783 est

197 2868 208 2900 ξ
228 2865 278 2892 lsa.
301 2864 390 2900 ι,12.ν
419 2866 428 2882 ¹
442 2864 519 2893 Deut.
533 2873 570 2898 tv,
588 2866 632 2894 24.
670 2866 765 2896 nPsal.
782 2875 876 2900 CXVIII,
904 2868 943 2896 Ut

1002 2873 1014 2887 δ’
1030 2866 1102 2896 I'sal.
1117 2875 1174 2900 cur,
1199 2867 1225 2894 4.
1267 2874 1276 2887 x
1294 2865 1359 2893 Luc.
1383 2873 1433 2898 xu,
1451 2865 1495 2894 49.
1534 2869 1547 2889 1
1562 2864 1616 2893 .Icr.
1635 2872 1714 2899 χχιιι,
1730 2864 1774 2893 29.

162 2903 173 2917 ⁸
192 2897 262 2927 Psal.
280 2906 346 2929 xvll.
363 2899 407 2926 3i.
