1923 3067
180 208 232 236 499

556 205 727 234 APPENDIX
743 205 788 232 AD
805 204 917 232 OPERA
944 205 973 232 S.

992 203 1139 232 momsn
1159 202 1400 230 AREOPAGITE.
1743 185 1794 231 εσυ

182 267 262 294 lueis.
275 265 334 293 Lux
350 266 415 294 item
427 265 474 294 Dei
488 267 574 302 ipsius
591 265 733 296 mandata,
751 265 797 292 sed
813 265 964 292 secundum

1020 264 1082 298 imp
1098 263 1171 297 λέγει
1185 264 1199 288 ὁ
1213 263 1307 298 Πατὴρ
1323 261 1384 288 καθ’
1404 261 1529 297 ὕπαρξιν.
1551 261 1611 293 Φῶς
1626 262 1672 289 καὶ
1689 263 1703 288 ὁ
1717 262 1795 296 ἄγγε-

182 311 373 339 substantiam.
386 310 518 346 Superius
531 316 621 338 autem
633 311 735 338 dictum
748 309 827 337 nobis
836 315 888 341 est,
902 317 967 344 quo-

183 357 264 384 modo
289 357 372 393 285
384 357 575 393 interpretetur
589 358 748 385 substantia:
775 364 883 384 nomen.
898 355 966 382 Nam

182 403 293 437 quando
308 403 355 430 lux
368 403 440 431 Deus
451 404 507 438 ipse
521 404 633 436 dicitur,
645 408 688 431 est
703 408 792 430 autem
807 403 966 430 mandatum

183 449 218 476 ab
231 450 291 484 ipso
320 449 490 484 profectum,
512 450 575 484 jure
605 451 651 477 lux
675 449 834 477 mandatum
857 456 966 484 quoque

183 496 276 523 vocari
288 499 388 530 potest;
403 503 491 531 neque
506 501 596 524 tamen
611 496 637 523 id
651 496 803 523 secundum
820 495 966 530 participa-

183 541 285 569 tionem
302 541 340 568 ﬁt.
359 541 417 568 Non
432 542 505 569 enim
522 541 596 568 aliud
611 541 713 576 aliquid
728 542 862 569 exsistens
877 541 966 575 ipsum

185 586 231 614 Dei
247 587 405 614 mandatum
417 608 424 619 ,
447 587 585 622 particeps
596 586 651 614 dici
666 587 763 614 debeat
778 586 877 614 divinae
892 587 965 613 illius

183 633 271 665 lucis;
296 633 344 660 sed
359 633 396 660 ita
415 640 482 660 sane
496 633 531 660 al)
546 633 607 668 ipso
622 632 807 668 proﬁciscitur
822 632 886 659 Deo.
905 632 965 666 lpsa

182 678 298 713 denique
311 678 449 710 divinitas,
463 686 544 713 quam
559 678 718 713 pronuntiat
726 677 805 705 Pater
815 677 964 704 secundum

183 723 373 750 substantiam.
400 722 460 749 Lux
485 723 577 750 itidem
613 723 744 758 angelus,
770 725 797 748 at
822 723 966 757 participio

182 768 294 801 divinae;
311 768 380 796 lucis
390 768 509 803 supremi
519 769 676 804 angelorum
687 768 798 795 ordines
810 773 873 795 sunt
884 769 965 795 etiam

184 815 273 841 lumen
290 821 339 849 pro
353 814 489 849 cujusque
501 818 529 841 et
541 814 636 841 ordine
648 818 675 841 et
687 813 802 846 merito;
815 817 896 847 prout
910 813 967 848 pri—

183 857 268 884 mario
296 857 333 884 illi
353 857 448 884 lumini
467 858 580 893 propius
598 858 746 892 accedunt,
766 858 893 893 quodque
911 858 965 885 vim

181 903 321 930 obtineant
335 911 397 930 cum
412 903 595 932 illuminandi.
609 908 666 931 tum
678 904 844 939 proveliendi
857 912 886 932 se
897 903 965 930 infe-

1016 311 1077 342 λος,
1092 309 1160 336 ἀλλὰ
1183 309 1252 336 κατὰ
1271 308 1377 344 μέθεξιν
1389 307 1436 334 τοῦ
1464 307 1536 335 θείου
1565 308 1652 343 φωτός
1663 317 1669 323 ·
1686 309 1741 342 φῶς
1768 310 1794 335 αἱ

1017 356 1231 392 ὐπερόεὸηκυῐαι
1256 355 1311 382 τῶν
1332 355 1454 389 ἀγγέλων
1483 354 1573 388 τάξεις
1589 355 1644 390 (59)
1664 355 1733 382 κατὰ
1750 355 1796 391 τὴν

1016 402 1090 435 τάξιν
1109 404 1156 429 καὶ
1173 402 1221 437 τὴν
1232 401 1310 434 ἀξίαν
1325 401 1430 433 αὐτῶν,
1453 402 1494 427 ὅτι
1518 400 1556 436 τῷ
1574 400 1717 436 πρωτίστῳ
1730 401 1795 435 φωτὶ

1016 447 1210 484 πλησιάζουσι,
1233 448 1279 474 κα)⁸
1293 448 1332 474 ὅτι
1352 447 1464 483 δύναμιν
1480 446 1558 482 ἔσχον
1577 447 1738 482 φωτιστικὴν
1753 447 1797 473 καὶ

1016 494 1156 528 άναγωγδν
1167 494 1221 520 τῶν
1231 493 1429 529 ὑποδεεστέρων
1439 493 1494 529 (40)
1504 502 1510 507 ·
1522 493 1569 519 καὶ
1576 492 1646 518 οὕτω
1652 493 1796 528 προσηκον-

1015 549 1068 572 τως
1094 539 1306 566 ἀναπτύσσονται
1324 539 1358 566 τὰ
1381 538 1435 565 τῶν
1450 538 1589 574 συμὸόλων
1602 538 1719 572 ὀνόματα
1733 539 1797 573 πρὸς

1015 587 1048 612 τά
1074 586 1239 621 ὑποκείμενα
1265 586 1423 621 πράγματα.
1447 585 1516 611 Ἀλλ’
1529 585 1603 616 ὅπως
1633 585 1669 620 μὴ
1687 585 1755 619 ὑπὲρ
1769 585 1797 611 τὸ

1017 633 1114 667 μέτρον
1145 632 1271 667 λέγοιμεν
1294 632 1344 667 τῆς
1366 631 1519 666 ἐπιπολῆς,
1540 630 1660 665 ἔλθωμεν
1682 631 1728 656 ἐπὶ
1751 630 1797 665 τὴν

1016 677 1163 713 ἐρώτησιν,
1187 678 1233 704 καὶ
1258 677 1288 703 τὸ
1312 677 1365 704 τῶν
1390 676 1543 713 παροιμιῶν
1565 677 1719 713 πρόϐλημα.
1748 677 1797 703 Καὶ

1015 723 1076 749 ἐπεὶ
1089 723 1118 749 τὸ
1138 722 1267 758 ἐρώτημὰ
1285 724 1353 754 ἐστι,
1375 723 1435 749 τίνα
1457 723 1491 749 τὰ
1517 722 1649 758 βρώματά
1671 723 1739 754 stat,
1756 723 1798 748 καὶ

1015 769 1075 795 τίνα
1091 769 1125 795 τὰ
1139 769 1260 804 πόματα,
1280 768 1394 804 λέγομεν
1410 769 1473 804 περὶ
1488 769 1537 804 τῆς
1550 770 1668 805 τροφῆςν
1683 770 1700 805 ἡ
1715 769 1798 804 τροφὴ

1017 815 1173 850 πληρωτική
1191 814 1305 841 ἐστιτοῦ
1322 814 1437 846 ἐνδεοῦς,
1452 815 1498 841 καὶ
1515 814 1562 841 τοῦ
1580 815 1708 847 ἀσθενοῦς
1723 815 1799 850 Θερα-

1017 861 1148 896 πευτικὴ,
1177 861 1223 887 καὶ¹
1250 861 1300 896 τῆς
1330 860 1402 896 ζωῆς
1427 861 1606 896 φρουρητικὴ,
1629 862 1676 887 καὶ
1699 861 1800 888 θάλλειν

1018 908 1089 933 ποιεῖ
1113 907 1160 933 καὶ
1189 907 1362 939 ἀνανεάζειν,
1387 907 1434 933 καὶ
1464 907 1513 942 τὴν
1539 908 1657 943 ζωτικὴν
1679 907 1799 943 δωρεῖται

183 950 269 978 riores
293 950 404 978 ordines
421 950 454 977 ad
470 951 660 978 sublimiorum
686 959 777 978 rerum
793 951 962 985 contempla-

1020 952 1171 979 εὐπάθειαψ
1188 953 1234 979 καὶ
1251 953 1342 985 ἁπλῶς
1356 953 1386 980 τὸ
1396 953 1498 980 λυποῦν
1515 954 1672 987 ἀπελαύνει,
1693 954 1740 980 καὶ
1754 954 1800 990 τὴν

183 996 295 1023 tionem.
325 996 366 1023 Ad
392 997 466 1024 hunc
495 997 605 1024 modum
638 997 792 1025 istiusmodi
822 997 962 1032 signorum

182 1042 292 1069 nomina
321 1051 376 1069 non
405 1043 534 1070 indecore
558 1044 730 1078 explicantur
752 1043 902 1070 secundum
920 1050 965 1069 res

183 1087 331 1122 subjectas.
347 1087 481 1115 Caeterum
506 1096 540 1115 ne
562 1095 645 1123 supra
658 1088 814 1123 epistolaris
830 1095 966 1115 mensura:

183 1134 282 1161 lineam
305 1133 419 1161 dicendo
435 1134 663 1169 praetervehamur
679 1143 686 1161 :
703 1133 866 1161 veniendum
885 1133 966 1160 nobis

182 1187 256 1206 nunc
266 1179 300 1206 ad
315 1179 554 1215 interrogationem
565 1184 732 1215 praemotam,
743 1179 967 1215 propositionem-

182 1232 236 1260 que
243 1225 412 1260 desumptam
421 1233 436 1252 e
450 1225 658 1253 Proverbiorum
674 1225 752 1253 libro.
763 1225 907 1252 Enimvero
925 1225 966 1252 in-

184 1271 333 1304 terrogatio
342 1274 386 1297 tua
396 1271 457 1298 talis
464 1275 507 1298 est
516 1280 522 1298 :
533 1270 598 1304 Quae
610 1271 704 1306 utique
711 1271 862 1304 esculenta,
871 1278 966 1306 quaeve

186 1316 331 1351 poculenta
359 1316 446 1352 ipsius
475 1321 539 1344 sunt
569 1317 720 1352 sapientiae.
747 1317 807 1345 Jam
837 1318 872 1345 de
902 1318 964 1346 cibo

187 1363 305 1397 primum
328 1363 454 1390 dicimus.
476 1363 560 1391 Cibus
582 1372 647 1392 sane
669 1364 860 1399 adimpletivus
871 1370 913 1392 est
927 1365 967 1392 rei

186 1409 284 1444 indiga:
312 1414 393 1444 atque
410 1409 561 1436 deﬁcientis
589 1409 703 1437 inﬁrmae
721 1410 877 1442 curativus,
900 1411 962 1437 vita:

186 1456 402 1488 conservativus;
428 1456 473 1490 qui
495 1455 529 1482 ad
552 1455 646 1483 ﬂorem
671 1463 803 1484 revocans
825 1456 924 1490 etatis,
943 1461 968 1483 et

186 1501 263 1536 quasi
279 1509 413 1529 renovans
423 1521 430 1534 ,
445 1502 552 1530 vitalem
565 1502 713 1530 clementer
725 1503 846 1538 indulget
859 1504 968 1538 corpori

185 1551 397 1583 temperaturam
410 1568 417 1581 ,
440 1555 603 1584 omnemque
616 1556 632 1575 a
648 1549 727 1577 nobis
741 1556 854 1584 prorsus
868 1557 969 1577 mmro-

186 1602 242 1622 rem
271 1595 370 1630 exigit,
395 1599 422 1622 et
443 1596 599 1630 suppeditat
617 1596 828 1630 jucunditatem.
851 1595 968 1624 Pulchre

187 1639 334 1667 admodum
357 1640 560 1675 sapientissima
590 1641 650 1676 ipsa
672 1641 805 1676 sapientia
835 1646 969 1670 craterem

187 1689 271 1718 tenet,
298 1690 326 1713 et
352 1687 489 1721 potionem
514 1686 673 1722 profundit;
701 1687 754 1715 hoc
779 1687 850 1715 enim
866 1688 969 1716 indicat

185 1732 298 1759 verbum
314 1734 431 1767 προνοεῖ.
449 1732 505 1760 lmo
519 1740 584 1760 vero
598 1737 660 1761 ante
679 1733 794 1761 crateris
808 1741 970 1762 commemo-

187 1779 318 1806 rationem
326 1779 429 1806 solidos
435 1779 510 1807 cibos
518 1787 668 1814 apponens,
677 1779 820 1807 universos
831 1780 927 1807 invitat
936 1781 970 1808 ad

186 1825 297 1860 epulum
313 1833 320 1851 ε
333 1826 402 1860 ipsa,
415 1826 536 1860 inquam,
549 1834 643 1854 eorum
653 1835 744 1854 amore
761 1831 840 1862 capta
851 1827 969 1862 decenti,

187 1871 235 1905 qui
246 1871 306 1906 ejus
320 1871 454 1906 indigent,
469 1880 523 1899 non
535 1876 564 1899 ut
575 1872 650 1908 prior
663 1873 803 1905 invitetur,
818 1878 969 1908 exspectat;

190 1917 286 1944 invitat
300 1917 358 1952 ipsa
370 1918 460 1952 potius
471 1925 519 1952 per
529 1925 663 1945 summam
675 1926 752 1946 suam
763 1918 968 1954 benignitatem.

189 1962 338 1998 Dupliciter
360 1970 426 1998 ergo
450 1963 584 1998 sapientia
599 1964 697 1995 nutrit,
710 1971 783 1990 nunc
798 1965 908 1999 quidem
922 1965 971 1992 ali-

189 2008 292 2040 monia,
317 2016 390 2036 nunc
411 2016 477 2036 vero
502 2009 620 2044 potione.
645 2008 705 2044 Ipsa
721 2010 835 2038 crateris
851 2010 972 2045 profusio

190 2055 366 2090 multiplicem
380 2060 557 2090 repraesentat
569 2056 743 2091 providentiae
756 2056 843 2091 ipsius
854 2057 973 2092 benigni-

189 2105 282 2129 tatem.
295 2101 391 2130 Crater
402 2102 484 2138 igitur
498 2101 542 2129 hic
556 2110 618 2130 cum
632 2102 668 2130 sit
681 2102 709 2129 in
719 2103 812 2130 orbem
827 2102 972 2136 rotundus,

191 2153 218 2175 et
234 2149 260 2175 in
273 2149 392 2183 patulam
408 2148 616 2183 amplitudinem
631 2156 779 2183 expansus,
796 2149 896 2177 divina:
909 2157 974 2184 erga

191 2202 287 2222 omnes
299 2195 475 2229 providentiae
484 2195 605 2222 declarat
616 2200 738 2229 apertam
749 2195 971 2230 explicationem:

193 2248 252 2275 quae
266 2241 376 2275 quidem
392 2241 420 2268 in
435 2241 592 2269 universum
609 2249 704 2269 omnes
718 2241 954 2276 circumplectitur
964 2261 972 2273 ,

192 2287 330 2321 ambitque
345 2291 496 2315 creaturas.
514 2286 632 2314 Proinde
654 2288 741 2322 ipsam
766 2287 813 2315 Dei
830 2287 975 2322 providen-

192 2333 258 2360 tiam
278 2333 401 2361 insinuat
420 2334 493 2361 omni
509 2342 621 2369 prorsus
633 2341 727 2362 carere
743 2334 877 2369 principio
895 2344 901 2361 :
920 2341 975 2360 non

193 2379 266 2414 quod
280 2379 349 2407 forte
363 2380 445 2407 simul
458 2388 520 2407 cum
536 2380 618 2408 rebus
630 2381 762 2408 exsistere
776 2381 908 2416 incipiens
923 2380 976 2408 illis

193 2425 333 2461 provideat
347 2436 353 2453 :
371 2426 469 2461 (neque
482 2428 555 2454 enim
569 2427 716 2462 quidquam
733 2432 774 2455 est
785 2435 894 2461 eorum,
916 2435 976 2462 qua:

193 2476 268 2504 sunt,
285 2475 386 2499 sanctae
401 2472 439 2498 illi
456 2480 546 2500 rerum
559 2473 680 2500 omnium
695 2474 831 2506 creatrici,
846 2481 878 2500 ac
891 2475 976 2502 beata:

193 2518 491 2546 Trinitaticoatternum
505 2521 530 2554 :)
544 2519 659 2553 sedquia
671 2519 829 2555 priusquam
841 2527 874 2547 eo
881 2527 975 2554 prove-

194 2565 323 2592 hcrentur
337 2567 368 2590 ut
381 2568 471 2591 essent
481 2584 488 2597 ,
511 2565 632 2599 ipsarum
647 2565 674 2592 in
693 2565 749 2593 Deo
764 2567 884 2593 rationes
898 2570 976 2592 erant

193 2613 275 2648 286
284 2616 481 2644 creaturarum;
496 2611 579 2646 inque
592 2611 639 2638 Dei
648 2616 747 2644 mente,
760 2620 820 2647 qua;
830 2611 976 2646 aliquando

193 2658 285 2685 futura
301 2658 419 2689 fuerant,
431 2657 486 2692 jam
506 2662 584 2684 erant
599 2657 782 2692 praeformata.
798 2659 902 2685 Idcirco
913 2666 976 2693 pro-

193 2704 312 2731 videntia
328 2704 375 2731 Dei
390 2707 453 2731 ante
467 2711 574 2731 omnem
589 2705 701 2731 omnino
711 2709 864 2732 creaturam
878 2713 977 2740 praeex-

193 2751 296 2778 stitisse
307 2750 440 2778 astruitur
452 2751 554 2786 absque
570 2751 624 2777 ullo
640 2752 782 2786 principio.
797 2751 976 2779 Providentia:

194 2795 327 2831 siquidem
345 2796 443 2824 divina:
459 2801 534 2829 erat,
552 2798 609 2824 sive
632 2797 740 2825 consilii
766 2798 848 2825 rebus
867 2800 975 2833 prospi-

193 2842 302 2873 cientis.
314 2843 395 2869 etiam
405 2842 474 2870 velle
484 2843 636 2878 producere
647 2847 810 2876 creaturam,
823 2844 975 2878 providenti

194 2887 280 2922 ipsius
301 2889 422 2917 bonitate
443 2888 597 2917 fruituram.
625 2889 698 2917 Sane
717 2890 749 2917 ad
772 2890 845 2917 hunc
864 2898 973 2918 sensum

194 2934 269 2961 nullo
301 2942 411 2970 quoque
444 2935 497 2977 ﬁne
525 2935 777 2965 circumscribeuda
805 2936 975 2972 pr0videntia

1015 1002 1182 1037 εὐφροσύνην
1207 1005 1326 1038 χορηγεῖ.
1345 1003 1442 1034 Καλῶς
1460 1000 1507 1029 οὖν
1521 1005 1538 1038 ἡ
1555 1003 1708 1039 ὑπέρσοφος
1725 1003 1800 1037 σοφία

1017 1049 1140 1084 κρατῆρα
1158 1049 1227 1083 ἱστᾷ,
1241 1049 1288 1074 καὶ
1301 1049 1332 1074 τὸ
1342 1049 1417 1083 πόμα
1434 1049 1544 1085 προχέει
1558 1057 1564 1063 “
1582 1048 1661 1075 τοῦτο
1676 1049 1729 1084 γάρ
1742 1050 1796 1075 ἐστι

1015 1092 1046 1119 τὸ
1058 1092 1181 1126 προνοεῖ
1193 1092 1248 1128 (41)
1262 1101 1268 1107 ·
1290 1092 1389 1128 μᾶλλον
1405 1093 1444 1125 δὲ,
1461 1093 1514 1128 πρὸ
1526 1093 1572 1119 τοῦ
1588 1094 1735 1128 κρατῆρος,
1752 1093 1800 1124 τὰς

1018 1137 1129 1173 στερεάς
1153 1137 1255 1173 τροφάς
1278 1138 1450 1173 προτιθεῖσα,
1474 1138 1596 1170 ἅπαντας
1627 1139 1796 1173 συγκαλεῖται

1017 1182 1084 1218 πρὸς
1114 1183 1244 1218 εὐωχίαν,
1273 1183 1341 1220 αὑτὴ
1369 1184 1498 1220 ὲφιεμένη
1520 1184 1722 1220 άγαθοπρεπῶς
1745 1183 1796 1210 τῶν

1016 1228 1148 1264 δεομένων
1158 1228 1312 1264 αὐτῆςμὲγ
1323 1230 1369 1256 καὶ
1378 1230 1408 1256 οὺ
1420 1230 1627 1265 παρακαλεῖται,
1640 1229 1709 1257 ἀλλὰ
1721 1238 1800 1265 παρα-

1018 1275 1094 1301 καλεῖ
1108 1274 1141 1301 δι’
1162 1274 1249 1310 ἄκραν
1263 1275 1425 1310 ὰγαθότητα.
1451 1275 1552 1307 Διττῶς
1573 1273 1620 1302 οὖν
1645 1276 1740 1312 τρέφει
1753 1275 1796 1302 διά

1016 1329 1046 1346 τε
1063 1319 1197 1355 βρώσεως,
1212 1321 1256 1346 διά
1268 1328 1298 1346 τε
1313 1320 1425 1352 πόσεως.
1449 1321 1480 1347 Ἡ
1496 1321 1524 1347 δὲ
1537 1322 1668 1357 πρόχυσις
1678 1321 1725 1348 τοῦ
1738 1330 1800 1357 κρα-

1017 1365 1100 1400 τῆρος
1111 1365 1161 1398 τὰς
1174 1365 1354 1401 προνοητικὰς
1363 1366 1622 1402 αὐτῆςάγαθότητας
1632 1367 1801 1403 παριστάνει.

1025 1411 1054 1438 ὐ
1062 1411 1168 1447 κρατὴρ
1180 1409 1236 1444 οὖν,
1249 1412 1385 1443 κυκλικῶς
1402 1412 1552 1448 περιφερὴς
1568 1412 1604 1438 ὢν
1625 1413 1673 1439 καὶ
1685 1413 1802 1447 ὲξηπλω-

1021 1457 1116 1492 μένος,
1129 1457 1202 1492 δηλοί
1215 1457 1244 1484 τὸ
1265 1457 1459 1494 ἀνηπλωμένον
1485 1457 1531 1485 ἐπὶ
1549 1458 1652 1490 πάντας
1667 1458 1717 1494 τῆς
1732 1458 1801 1489 θείας

1019 1504 1155 1540 προνοίας,
1185 1504 1246 1538 ἥτις
1276 1505 1322 1530 καὶ
1346 1503 1437 1539 κύκλῳ
1458 1503 1546 1530 πάντα
1562 1504 1756 1540 περιλαμϐάνει
1771 1503 1802 1530 τὰ

1019 1548 1165 1584 κτίσματα.
1185 1548 1321 1584 ’Ἂναρχον
1336 1548 1364 1575 δέ
1377 1557 1442 1584 φησι
1456 1550 1503 1575 τοῦ
1520 1548 1588 1575 Θεοῦ
1604 1549 1653 1584 τὴν
1668 1549 1800 1584 πρόνοιαν,

1019 1595 1068 1630 οὐχ
1082 1595 1122 1621 ὅτι
1135 1594 1190 1622 τῶν
1198 1595 1283 1621 ὄντων
1296 1595 1376 1630 τυχὸν
1388 1595 1527 1630 συνάρχων
1541 1597 1648 1630 προνοεῖ
1661 1595 1728 1631 (45),
1745 1595 1802 1622 οὐδὲ

983 1631 1005 1661 C
1021 1641 1076 1676 γάρ
1099 1641 1156 1667 ἐστί
1173 1650 1199 1667 τι
1221 1641 1275 1668 τῶν
1291 1642 1375 1668 ὄντων
1391 1642 1556 1678 συνάναρχον
1572 1644 1605 1678 τῇ
1621 1642 1687 1678 ἁγία
1700 1643 1744 1668 καὶ
1757 1642 1802 1676 δη-

1022 1689 1168 1724 μιουργικῇ
1176 1687 1231 1724 (AL)
1237 1689 1284 1714 καὶ
1301 1688 1422 1724 μακαρίᾳ
1432 1688 1525 1724 Τριάδι
1535 1697 1541 1703 ·
1560 1688 1617 1716 ἀλλ’
1631 1689 1672 1714 ὅτι
1684 1689 1730 1715 καὶ
1741 1688 1803 1723 πρὶν

1021 1733 1038 1768 ἢ
1052 1733 1220 1769 παραχθῆναι
1232 1733 1266 1760 τὰ
1281 1733 1345 1760 ὂντα
1361 1735 1385 1760 οἱ
1401 1734 1456 1760 τῶν
1468 1734 1718 1770 δημιουργημάτων
1733 1734 1803 1768 λόγοι

1021 1779 1050 1806 ὲν
1066 1779 1104 1814 τῷ
1120 1779 1179 1815 Θεῷ
1196 1780 1317 1816 προῆσαν
1327 1788 1334 1794 ·
1357 1779 1405 1807 καλ⁸
1425 1780 1454 1806 ὲν
1476 1781 1535 1812 ταῖς
1551 1779 1636 1812 Θείαις
1650 1781 1759 1816 νοήσεσι
1772 1779 1803 1806 τὰ

1023 1825 1152 1860 μέλλοντα
1177 1825 1349 1861 παράγεσθαι
1369 1825 1569 1861 προτετύπωτο.
1594 1825 1643 1852 Διὰ
1667 1824 1804 1852 τοῦτοκαὶ

1022 1871 1038 1904 ἡ
1056 1870 1167 1904 πρόνοια
1191 1870 1237 1896 τοῦ
1257 1870 1324 1897 Θεοῦ
1342 1871 1466 1906 ἀνάρχως
1488 1870 1676 1906 προϋπάρχειν
1700 1870 1804 1904 λέγεται

1023 1915 1112 1950 πάσης
1139 1915 1189 1950 τῆς
1209 1915 1341 1947 κτίσεως·
1360 1916 1485 1951 προνοία,
1510 1916 1564 1951 γὰρ
1589 1914 1622 1951 ἦν
1637 1915 1729 1948 θείας,
1749 1916 1804 1950 ἦτοι

1023 1961 1203 1996 ιπρονοήσεως,
1213 1961 1260 1987 καὶ
1270 1960 1301 1988 τὸ
1315 1960 1456 1995 βούλεσθαι
1469 1962 1639 1996 παραγαγεῖν
1654 1961 1705 1996 τὴν
1721 1960 1805 1986 κτίσιν

1015 2011 1064 2045 τὴν
1081 2010 1285 2036 ἁπολαύσουσαν
1305 2009 1355 2043 τῆς
1371 2008 1552 2044 προνοητικῆς
1572 2006 1653 2033 αὑτοῦ
1672 2005 1805 2040 ἀγαοότηη

1015 2064 1059 2088 τος
1075 2055 1142 2090 (45).
1155 2056 1233 2082 Κατὰ
1245 2054 1324 2082 τοῦτο
1342 2054 1407 2088 γοῦν
1418 2054 1464 2080 καὶ
1474 2053 1650 2087 ἀτελεύτητος
1664 2053 1681 2087 ἡ
1696 2051 1804 2087 πρόνοια

1015 2102 1123 2136 λέγεται
1138 2103 1177 2133 εἰς
1193 2102 1256 2133 τοὺς
1268 2100 1418 2132 ἀθανάτους
1434 2099 1575 2134 ἀγγέλους,
1593 2099 1640 2125 καὶ
1652 2098 1715 2130 τοὺς
1735 2097 1804 2123 άπα-

1016 2146 1294 2182 θανατισθησομένους
1304 2146 1389 2180 ἡμᾶς,
1402 2145 1448 2172 καὶ
1460 2144 1493 2171 τά
1509 2144 1542 2171 δι’
1555 2144 1628 2179 ἡμᾶς
1641 2142 1733 2177 ἀγαθὰ
1746 2142 1805 2168 ἐσο-

1016 2194 1084 2230 μένη
1100 2194 1165 2229 (46)·
1182 2193 1252 2229 πλὴν
1268 2193 1360 2230 ἐπειδὴ
1376 2193 1424 2220 καὶ
1446 2192 1568 2228 πρόεισιν
1582 2193 1599 2227 ή
1620 2192 1745 2227 πρόνοια,
1760 2191 1806 2216 καὶ

1025 2243 1224 2278 ἀνεκφοιτήτως
1244 2243 1273 2269 ὲν
1291 2243 1323 2278 τῇ
1340 2242 1483 2278 ταύτότητι
1501 2242 1614 2278 ὲδραίως
1638 2242 1752 2277 ἵδρυται·
1776 2241 1805 2266 οὐ

992 2300 1014 2328 D
1027 2290 1081 2325 γὰρ
1096 2289 1231 2324 διαχέεται
1252 2289 1299 2315 καὶ
1316 2289 1474 2323 ἀφανίζεται
1486 2297 1493 2303 ⁸
1508 2288 1552 2314 διὰ
1577 2288 1656 2314 τοῦτο
1671 2287 1778 2322 λέγεται
1793 2287 1804 2312 ἐ

1027 2334 1132 2371 κρατὴρ
1151 2335 1271 2361 ἑστάναι.
1291 2334 1433 2369 Οἰκοδομεῖ
1448 2334 1476 2360 δὲ
1490 2335 1507 2368 ἡ
1521 2333 1600 2368 σοφία
1623 2330 1697 2359 οἶκον
1715 2333 1805 2366 ἑαυτῇ.

1027 2381 1064 2412 ὡς
1079 2378 1147 2406 εἷναι
1163 2380 1209 2406 καὶ
1230 2379 1282 2412 ἔξω
1299 2379 1395 2411 αὑτοῦ,
1413 2379 1460 2406 καὶ
1481 2380 1509 2405 ὲν
1525 2379 1608 2414 αὐτῷ.
1624 2379 1680 2406 Καὶ
1693 2379 1722 2405 ὲν
1735 2377 1805 2412 αὑτῷ

1027 2425 1164 2461 ἐτοιμάζει
1175 2426 1252 2461 ἆὲφη
1262 2445 1269 2457 ,
1286 2426 1326 2452 ὅτι
1349 2425 1396 2452 καὶ
1409 2425 1438 2452 ὲν
1447 2425 1486 2460 τῷ
1502 2426 1582 2451 παντὶ
1597 2426 1612 2460 ἠ
1626 2425 1684 2451 θεία
1698 2423 1805 2460 πρόνοιά

1027 2473 1083 2499 ἐστι
1092 2493 1098 2504 ,
1117 2471 1207 2498 καὶτὰ
1221 2471 1309 2498 πάντα
1329 2472 1450 2508 περιέχει
1459 2492 1467 2504 ,
1481 2471 1528 2498 καὶ
1541 2472 1569 2498 ὲν
1586 2471 1624 2506 τῷ
1639 2471 1720 2497 παντὶ
1734 2469 1806 2496 οὐδὲν

1028 2519 1056 2544 ἐν
1079 2518 1166 2544 οὐδενὶ
1189 2519 1249 2545 κατ’
1265 2518 1340 2544 οὐδέν
1353 2519 1428 2548 ἐστι,
1451 2517 1551 2552 δηλαδὴ
1574 2517 1633 2544 καθ’
1651 2517 1805 2551 ὑπροχήν·

1027 2565 1086 2590 οὐδὲ
1101 2564 1155 2600 γάρ
1171 2564 1241 2591 κατὰ
1262 2565 1401 2600 στέρησιν,
1423 2564 1483 2590 οὐδὲ
1503 2564 1535 2590 δι’
1550 2563 1730 2598 ἀνυπαρξίαν,
1741 2561 1806 2588 ἀλλὰ

1027 2612 1073 2638 καὶ
1084 2610 1122 2637 ὢν
1137 2611 1184 2638 καὶ
1192 2612 1261 2647 ὑπὲρ
1277 2611 1361 2638 ταῦτα
1374 2612 1421 2643 ὢν,
1434 2611 1472 2642 ὡς
1484 2612 1512 2637 ὲν
1524 2610 1563 2645 τῷ
1575 2610 1643 2644 Περὶ
1659 2608 1806 2644 μυστικῆς

1027 2659 1180 2692 θεολογίας
1195 2658 1301 2693 εἴρηται
1313 2667 1319 2672 ³
1338 2657 1465 2693 ἐξῄρηται
1480 2657 1534 2692 γὰρ
1546 2656 1600 2683 τῶν
1613 2656 1691 2687 ὅλων,
1707 2655 1738 2682 οὺ
1749 2655 1806 2680 κατ’

1027 2703 1090 2730 άλλο
1109 2703 1158 2738 μὲν
1178 2703 1272 2729 τούτου
1283 2722 1290 2733 ,
1306 2703 1365 2728 κατ’
1390 2701 1453 2728 ἄλλο
1468 2701 1497 2728 δὲ
1513 2701 1616 2728 ἐκείνου
1627 2709 1633 2715 ⁵
1648 2700 1707 2726 οὐδὲ
1723 2699 1806 2729 ἄλλως

1027 2749 1131 2779 τούτου,
1159 2748 1206 2775 καὶ
1229 2748 1316 2779 ἄλλως
1339 2747 1458 2774 ἐκείνου·
1480 2747 1541 2773 οὐδὲ
1565 2746 1658 2773 τούτου
1681 2745 1729 2780 μὲν
1744 2744 1805 2773 ἀεὶ,

1026 2795 1119 2821 τούτου
1143 2795 1171 2820 δέ
1197 2803 1261 2821 ποτε
1278 2803 1284 2809 ·
1303 2793 1371 2820 ἀλλὰ
1384 2793 1488 2824 ταὺτῶς
1504 2793 1551 2819 καὶ
1571 2792 1661 2822 άῖδίως
1676 2791 1722 2817 καὶ
1739 2789 1806 2816 κατὰ

1027 2841 1112 2866 ταύτὰ
1129 2841 1175 2866 καὶ
1196 2840 1326 2871 ὡσαύτως
1343 2839 1425 2875 ἔχων,
1443 2839 1490 2865 καὶ
1504 2838 1629 2873 οὐδαμῶς
1644 2837 1691 2871 τῆς
1707 2835 1806 2866 οἰκείας

1027 2886 1117 2918 ἑστίας
1133 2886 1358 2920 ἀπολειπόμενος,
1372 2885 1424 2917 ἔξω
1437 2884 1556 2920 δηλονότι
1572 2881 1667 2910 ἑαυτοῦ
1683 2880 1806 2916 γιγνόμε·

1027 2945 1071 2968 νος
1083 2943 1089 2950 ·
1107 2935 1183 2962 ἑστία
1195 2934 1248 2970 γὰρ
1261 2935 1377 2969 λέγεται,
1389 2934 1525 2961 τουτέστιν
1538 2935 1554 2970 ή
1568 2933 1605 2965 ὡς
1615 2933 1670 2959 ἔστι
1683 2929 1804 2966 διαμονή,
