1923 3067
142 205 193 235 501

515 202 739 232 PACHYMEIL/E
758 201 1001 230 PARAPHRASIS
1020 201 1054 229 lN
1071 201 1145 230 EPP.
1167 200 1196 229 S.
1217 199 1390 228 DIONYSII.“

1714 199 1767 228 502

141 263 190 290 καὶ
204 261 290 294 ἑστὼς
305 262 334 288 ἐν
351 261 455 297 ἑαυτῷ,
474 261 521 288 καὶ
536 261 579 288 ἀεὶ
593 261 663 288 κατὰ
683 261 732 296 τὴν
745 261 872 297 πρόνοιαν
889 269 929 287 κι-

985 259 1102 291 dicitur,
1118 259 1153 286 ad
1172 259 1341 286 immortales
1360 258 1472 293 angelos
1487 261 1569 293 atque
1589 258 1656 286 adeo
1671 258 1705 285 ad
1719 266 1771 286 nos

141 307 281 343 νούμενος,
297 306 358 333 οὔτε
371 306 456 339 ἑστὼς
467 307 537 338 κατὰ
549 306 599 342 τὴν
614 307 751 342 πρόνοιαν,
768 306 830 333 οὔτε
840 305 931 333 κινού-

143 362 223 389 μενος
240 354 310 380 κατὰ
331 351 411 388 φύσιν
421 362 427 368 ·
447 353 545 388 μᾶλλον
559 352 599 383 δὲ,
615 352 708 388 ἐπειδὴ
724 353 754 379 τὸ
770 353 819 388 μὲν
835 351 932 386 ἑστὼς

140 400 188 426 ἐπὶ
203 400 252 435 τῆς
267 399 338 426 κατὰ
353 399 384 426 τὸ
398 399 576 426 ἀναλλοίωτον
593 398 771 434 μονιμότητος
784 398 863 424 ἔλαϐε
876 418 884 430 ,
897 397 932 424 -τδ

140 445 171 472 δὲ
189 446 364 480 κινούμενος
383 445 430 472 ἐπὶ
455 445 504 480 τῆς
525 444 589 480 περὶ
602 444 636 471 τὰ
651 444 715 471 ὄντα
727 444 870 480 προνοίας,
888 444 930 478 ἐφ’

139 490 270 524 ἐκατέρου
277 489 377 516 τούτων
385 491 455 516 νοεῖν
467 490 539 525 ἡμᾶς
549 489 602 526 χρὴ
618 489 665 516 καὶ
677 490 823 525 προσάγειν
831 489 861 516 τὸ
870 489 932 516 καθ-

138 535 212 569 όλου,
225 536 268 563 ἵνα
288 536 407 563 τοιοῦτον
425 536 456 563 τὸ
470 535 626 571 λεγόμενον,
638 535 699 562 οὔτε
720 535 805 567 ἑστὼς
817 535 930 562 καθόλου

137 584 175 614 ὡς
194 582 230 618 μὴ
245 582 376 609 κινεῖσθαι
391 583 586 618 προνοητικῶς,
600 581 661 609 οὔτε
677 581 833 616 κινούμενος
850 582 931 609 καθό-

137 628 194 660 λου,
222 629 260 660 ὡς
283 629 332 664 τῆς
350 628 453 660 οἰκείας
475 628 652 663 μεθίστασθαι
671 627 860 664 μονιμὸτητος.
881 627 931 654 Διὰ

135 671 218 698 τοῦτο
242 672 297 708 γὰρ
317 673 401 707 λέγει,
414 673 454 699 ὅτι
465 693 472 705 ,
493 673 539 699 καὶ
564 674 588 699 εί
605 675 718 700 κινεῖται
735 673 776 704 εἰς
788 673 929 708 προνοίας,

136 718 207 745 ἀλλὰ
223 718 254 745 τὸ
271 719 383 754 μόνιμον
402 718 459 754 ἔχει
470 728 477 735 ·
498 720 544 746 καὶ
559 720 583 746 εὶ
601 719 677 755 μένει
694 720 724 746 ὲν
737 719 776 755 τῷ
790 719 932 747 ἀναλλοιώ-

138 774 195 800 τῳ,
212 765 279 792 ἀλλὰ
292 767 352 798 ταῖς
365 766 503 801 προνοίαις
515 767 639 793 κινεῖται.
662 766 802 793 Ἐντεῦθεν
815 765 931 800 διαλαμ-

139 810 233 843 ϐάνει,
259 811 300 843 τίς
321 811 370 846 μὲν
391 811 407 846 ὴ
431 811 528 847 στερεὰ
545 812 642 848 τροφὴ,
665 812 707 843 τίς
722 811 750 837 δὲ
766 812 782 846 ἡ
800 811 880 846 ὑγρά.
899 811 931 837 Ἡ

139 857 205 891 γοῦν
226 857 322 893 στερεὰ
343 858 430 894 τροφὴ
452 858 586 893 σύμϐολόν
604 859 662 884 ἐστι
675 866 682 873 ⁸
701 857 780 884 τοῦτο
803 857 857 894 γάρ
873 858 931 884 ἐστι

138 903 171 929 τὸ
203 903 327 939 σύνθημα
358 904 408 938 τῆς
436 904 533 939 νοερᾶς
550 904 598 930 καὶ
625 904 737 939 μονίμου
754 903 930 939 τελειότητος.

139 948 208 974 Ποία
221 948 249 974 δέ
260 949 333 974 ἐστιν
344 949 360 984 ἡ
374 948 455 984 νοερὰ
469 948 517 975 καὶ
533 948 644 984 μόνιμος
656 948 808 984 τελειότης;
821 948 934 980 Πάντως
949 944 970 972 Β

140 992 200 1020 καθ’
224 993 256 1028 ἦν
278 992 399 1025 νοοῦντες
413 994 437 1020 οἱ
454 993 524 1025 ἄξιοι
543 993 590 1020 καὶ
606 992 660 1020 τῶν
676 993 755 1020 θείων
772 993 932 1029 μετέχοντες

141 1040 173 1075 (ἠ
192 1038 246 1074 γὰρ
271 1039 362 1075 νόησις
380 1039 481 1075 μετοχὴ
497 1039 642 1075 λέγει-αι’)
670 1039 848 1066 τελειοῦνται·
863 1039 931 1067 ἀλλὰ

140 1085 212 1112 κατὰ
228 1085 327 1120 γνῶσιν
345 1085 481 1118 ἑστῶσαν,
511 1085 604 1121 ἐπειδὴ
631 1086 705 1122 καὶὴ
721 1086 807 1122 τροφὴ
823 1086 930 1121 στερεὰ,

140 1132 188 1158 καὶ
213 1133 312 1158 ἐνιαῖον
329 1132 376 1158 καὶ
390 1132 549 1167 ἀδιαίρετον.
569 1132 654 1159 Τοῦτο
669 1132 698 1159 δέ
715 1141 808 1169 φησιν,
825 1133 866 1159 ὅτι
882 1132 929 1168 δη-

139 1178 206 1213 λαδὴ
219 1178 272 1214 χρὴ
280 1179 309 1205 ὲν
321 1179 378 1209 τοῖς
391 1178 454 1213 περὶ
460 1177 528 1205 Θεοῦ
534 1178 623 1213 λόγοις
638 1179 675 1214 μὴ
691 1179 758 1214 πρὸς
769 1179 820 1211 τὰς
836 1179 932 1211 ὑλικὰς

140 1225 244 1256 ἐννοίας
268 1224 499 1260 καταμερίζεσθαι
519 1225 565 1252 τὸν
581 1225 660 1259 νοῦν,
674 1225 742 1253 ἀλλὰ
758 1227 931 1262 μονοτρόπως

139 1271 170 1297 τὸ
196 1271 335 1307 ὑπερφυὲς
356 1272 403 1299 καὶ⁴
425 1270 624 1307 ἀνεξιχνίαστον
646 1272 696 1308 τῆς
719 1271 793 1304 θείας
824 1271 931 1307 φύσεως

139 1317 309 1351 λογίζεσθαι,
328 1318 376 1345 καὶ
395 1318 482 1345 ταῦτά
503 1326 563 1345 τινα
595 1317 639 1345 τὸν
653 1317 688 1345 τὰ
703 1318 867 1354 αἰσθητήρια
882 1319 930 1346 τοῦ

140 1364 215 1396 ἐντὸς
244 1364 388 1400 ἀνθρώπου
416 1364 629 1400 γεγυμνασμένα
658 1363 754 1400 ἔχοντα
772 1372 778 1379 ·
809 1365 838 1391 ὲν
857 1362 898 1396 οἷς
916 1365 930 1390 ό

138 1410 211 1441 θεῖος
244 1410 350 1442 Παῦλος
385 1411 595 1446 ἁπαρυσάμενος
626 1411 677 1446 τῆς
705 1410 781 1442 θείας
812 1411 907 1446 σοφίας
921 1420 928 1426 ο

138 1457 233 1484 τούτου
254 1457 308 1493 γάρ
324 1458 397 1484 ἐστιν
413 1458 427 1484 ό
449 1457 543 1491 λόγος·
560 1457 624 1484 Ὅτε
644 1457 725 1492 ἥμην
748 1456 872 1491 νήπιος,
890 1458 930 1490 ὡς

138 1501 247 1534 νήπιος
259 1502 424 1536 ἐφρόνουν·
442 1502 602 1538 μεταδίδωσι
624 1503 673 1539 τῆς
693 1504 805 1538 στερεᾶς
827 1504 930 1539 τροφῆς

139 1550 195 1580 τοῖς
215 1548 327 1580 τελείοις
336 1569 343 1581 ,
369 1548 476 1584 πρῶτον
488 1549 601 1580 ποτίσας
614 1548 694 1583 γάλα,
709 1549 754 1576 ὅτε
764 1549 844 1584 τυχὸν
858 1547 930 1584 εἶχον

137 1595 173 1621 τὰ
189 1595 271 1630 νοητὰ
288 1594 452 1630 αίσθητήρια
470 1595 647 1630 ἀγύμναστα·
667 1595 705 1627 ὡς
720 1595 774 1630 γὰρ
787 1596 801 1622 ὁ
818 1596 928 1631 νήπιος,
944 1611 966 1643 c

137 1643 173 1670 τὰ
198 1644 341 1679 σωματικὰ
363 1644 529 1680 αἰσθητήρια
548 1645 711 1680 ἀγύμναστα
725 1645 812 1681 ἔχων,
825 1647 896 1674 ᾰπαν
915 1647 929 1673 ὃ

137 1688 189 1723 ὁρᾷ
204 1688 220 1723 ἢ
236 1688 340 1721 ἀκούει,
357 1689 388 1715 οὐ
406 1689 495 1721 καθὼς
509 1689 566 1725 ἔχει
581 1690 633 1726 ὁρᾷ
647 1691 693 1716 καὶ¹
708 1690 811 1717 ἀκούει·
828 1691 859 1718 τὸ
875 1691 931 1727 γὰρ

140 1733 222 1768 μηδὲν
236 1733 350 1768 φοϐερὸν
366 1734 562 1769 μορμολύκειον
579 1733 675 1766 οἴεται,
688 1735 735 1762 καὶ
751 1735 830 1769 λόγον
841 1736 930 1772 πραῢν

137 1777 267 1810 πολλάκις
278 1779 315 1810 ὡς
326 1779 501 1814 ἀπειλητικὸν
515 1779 640 1815 δέχεται·
656 1780 727 1807 οὕτω
739 1782 786 1808 καὶ
801 1782 816 1808 ὁ
832 1782 930 1817 νηπιά-

137 1824 191 1857 ζων
200 1824 270 1851 κατὰ
279 1825 376 1861 ψυχὴν,
389 1824 550 1861 ἀγύμναστα
564 1825 621 1862 ἔχει
633 1826 668 1853 τὰ
678 1827 727 1862 τῆς
737 1826 826 1862 ψυχῆς
840 1827 931 1863 αίσθη-

136 1871 234 1906 τήρια,
255 1871 302 1897 καὶ
318 1871 348 1898 οὐ
364 1871 473 1898 δύναται
488 1871 505 1907 ἢ
520 1871 686 1904 θεάσασθαι,
703 1872 847 1908 ἢάκοῦσαι
863 1873 930 1900 θεω-

139 1916 201 1952 ρίαν
211 1916 389 1953 ὑψηλοτέραν,
403 1918 436 1953 ἢν
453 1917 556 1954 τροφὴν
574 1918 688 1952 στερεὰν
703 1919 718 1944 ό
731 1918 809 1953 λόγος
825 1919 929 1946 ἀποκα-

137 1962 187 1989 λεῖ.
214 1962 268 1998 Τὴν
290 1963 319 1989 δὲ
340 1963 426 1999 ὑγρὰν
445 1963 547 1999 τροφὴν
582 1963 706 1999 σύνθημα
727 1964 774 1991 καὶ
797 1964 929 2000 σύμϐολον

137 2009 220 2036 πάλιν
243 2010 343 2045 οἴομαι,
375 2010 461 2036 Τοῦτο
484 2010 538 2045 γάρ
559 2010 617 2036 ἐστι
634 2010 665 2037 τὸ
684 2009 739 2037 ἀπὺ
759 2010 865 2043 κοινοῦ,
880 2011 930 2046 τῆς

136 2056 295 2091 διαχυτικῆς
314 2056 460 2092 ὲπιρροἧς,
477 2055 597 2091 δηλονότι
619 2055 670 2091 τῆς
692 2055 736 2082 διὰ
760 2056 864 2083 πολλῶν
883 2057 930 2083 καὶ

138 2102 274 2137 μεριστῶν
293 2101 464 2134 διδασκαλίας
478 2102 533 2138 (47)
551 2111 557 2117 ·
574 2102 623 2138 οὐχ
639 2103 678 2129 ἐνὶ
694 2102 748 2138 γὰρ
770 2103 863 2138 τρόπῳ
882 2104 930 2130 καὶ

136 2150 230 2186 ἁπλῷ,
248 2149 316 2176 ἀλλὰ
337 2149 474 2177 πολυειδεῖ
492 2150 539 2176 καὶ
556 2149 671 2185 ποικίλῳ
685 2150 749 2181 τοὺς
770 2149 930 2185 διδασκομέ-

135 2205 199 2228 νους
237 2197 285 2223 ἐπὶ
319 2196 350 2222 τὺ
382 2195 484 2222 τέλειον
525 2195 576 2230 τῆς
612 2193 776 2228 θεογνωσίας
816 2193 929 2228 ἄγεσθαι

137 2246 292 2282 συμϐαίνει.
318 2246 363 2273 Διὸ
384 2246 431 2273 καὶ
451 2246 555 2282 δρόσῳ,
579 2245 624 2272 καὶ
648 2244 743 2278 ὕδατι,
768 2245 815 2272 καὶ
844 2244 928 2279 γάλα-

983 305 1048 332 olim
1063 304 1170 332 futuros
1185 304 1354 332 immortales
1369 304 1455 331 relata
1471 313 1478 331 :
1501 307 1528 331 et
1541 303 1575 331 ad
1590 303 1663 331 bona
1679 304 1770 332 omnia

981 359 1042 387 qua:
1066 355 1177 387 propter
1198 359 1250 379 nos
1280 351 1381 379 futura.
1412 349 1548 378 Caeterum
1574 350 1685 385 quando
1711 351 1769 385 ipsa

982 397 1156 434 progreditur
1169 397 1350 433 providentia,
1366 405 1501 433 nusquam
1515 401 1609 424 tamen
1619 404 1634 423 a
1645 404 1674 424 se
1684 397 1771 424 desci-

983 444 1094 476 scendo,
1110 445 1138 471 in
1149 446 1201 472 sua‘
1215 444 1305 480 ipsius
1319 444 1460 472 identitate
1473 443 1559 472 solide
1574 443 1770 478 conquiescere

982 490 1159 518 describitur.
1186 489 1279 525 Neque
1301 490 1374 518 enim
1389 489 1536 517 diﬂusione
1551 489 1594 517 sui
1615 488 1768 524 perellluit,

981 537 1140 564 exinanitur
1164 540 1211 563 aut
1234 536 1380 564 marcescit
1403 535 1568 571 aliquando;
1592 535 1656 562 hinc
1671 534 1770 561 merito

982 587 1073 611 crater
1093 582 1152 618 ipse
1166 582 1318 610 consistere
1334 581 1510 617 praedicatur.
1526 580 1655 607 Ediﬁcat
1678 584 1769 606 autem

983 629 1035 657 sibi
1050 629 1160 657 domum
1179 629 1319 664 Sapientia
1335 635 1347 649 ε
1360 638 1366 661 ;
1390 628 1503 664 perinde
1521 631 1563 655 est
1575 631 1655 662 atque
1668 626 1742 653 dicat
1759 634 1769 653 ι

983 675 1066 702 Extra
1092 683 1122 703 se
1149 679 1203 708 est,
1231 678 1258 703 et
1273 675 1346 702 intra
1357 682 1387 702 se
1410 674 1496 701 nihilo
1508 673 1600 702 secius
1616 675 1766 708 permanet.

981 720 1054 749 Intra
1071 729 1101 749 se
1120 721 1230 757 quidem
1253 728 1285 748 ea
1309 723 1422 756 apparet
1442 727 1512 756 quae,
1529 720 1567 747 ait
1581 719 1662 747 Pater
1679 729 1685 746 :
1703 718 1768 754 quia

981 771 1008 794 et
1021 767 1049 794 in
1062 766 1192 795 omnibus
1204 766 1298 794 divina
1320 770 1363 794 est
1378 765 1550 802 providentia
1566 765 1694 792 universa
1717 772 1769 792 suo

982 812 1106 841 ambiens
1127 813 1271 848 complexu
1287 821 1295 840 :
1309 815 1336 840 et
1357 813 1384 840 in
1400 812 1528 840 omnibus
1547 811 1616 839 nihil
1633 813 1661 838 in
1682 811 1769 839 nihilo

981 859 1131 888 secundum
1153 859 1269 887 nihilum
1297 863 1354 893 est,
1385 859 1468 894 idque
1493 859 1626 887 eminenti
1651 858 1769 894 quadam

982 906 1176 941 praerogativa;
1191 913 1280 941 neque
1294 906 1366 933 enim
1381 906 1540 941 privatorie,
1556 906 1613 933 sive
1635 912 1682 940 per
1705 904 1770 932 sub-

984 953 1091 981 stantiae
1105 953 1269 980 ablationem
1283 955 1331 980 aut
1346 952 1503 985 interitum;
1517 951 1565 980 sed
1576 959 1639 981 vere
1647 956 1689 978 est
1700 950 1772 978 istis-

982 1007 1035 1034 que
1046 999 1174 1027 omnibus
1195 998 1395 1034 supereminet,
1410 998 1493 1025 sicuti
1505 997 1534 1025 in
1548 1005 1631 1033 opere
1646 996 1768 1032 Myah'cat

982 1043 1117 1080 theologia»:
1133 1044 1201 1071 mihi
1218 1043 1322 1071 dictum
1344 1047 1396 1071 est.
1410 1043 1570 1071 Eminenter
1585 1043 1620 1070 ab
1641 1042 1770 1071 omnibus

981 1094 1125 1126 exemptus
1140 1090 1258 1123 dicitur,
1270 1098 1325 1118 non
1340 1090 1451 1126 quidem
1466 1089 1621 1118 secundum
1632 1088 1706 1116 aliud
1718 1089 1770 1115 ali-

982 1136 1046 1171 quid
1063 1136 1097 1164 ab
1110 1136 1173 1167 hoc.
1186 1136 1338 1164 secundum
1354 1140 1444 1163 autem
1462 1134 1536 1162 aliud
1548 1134 1582 1162 ab
1596 1135 1643 1162 illo
1659 1144 1665 1162 :
1682 1142 1771 1170 neque

982 1181 1060 1208 aliter
1073 1182 1107 1208 ab
1119 1181 1176 1208 illo.
1192 1181 1285 1216 Neque
1295 1189 1393 1209 rursus
1409 1181 1443 1208 ab
1454 1181 1508 1208 hoc
1521 1180 1630 1216 quidem
1649 1188 1768 1216 semper,

982 1227 1016 1254 ab
1031 1227 1077 1254 illo
1091 1227 1155 1254 item
1168 1227 1314 1262 aliquando
1324 1236 1332 1260 ς
1341 1227 1389 1254 sed
1402 1227 1461 1262 pari
1471 1227 1552 1254 modo
1565 1230 1592 1254 et
1604 1226 1770 1259 sempiterne

982 1280 1032 1300 nec
1050 1272 1211 1301 diﬂ'ormiter
1223 1293 1231 1304 ,
1256 1272 1304 1300 sed
1321 1272 1403 1300 modo
1416 1272 1556 1301 consimili
1571 1280 1601 1300 se
1612 1272 1730 1303 habens,
1745 1277 1772 1299 et

981 1326 1117 1354 nusquam
1139 1326 1154 1345 a
1183 1319 1295 1354 propria
1319 1319 1479 1347 desciscens
1504 1319 1663 1350 mansione,
1693 1323 1771 1346 extra

980 1365 1111 1393 nimirum
1140 1365 1269 1401 seipsam.
1306 1365 1398 1392 Ἐστία
1427 1364 1561 1400 siquidem
1585 1364 1632 1392 hic
1653 1364 1770 1394 dicitur.

981 1411 1094 1446 perinde
1113 1414 1196 1446 atque
1212 1411 1338 1447 διαμονή,
1357 1411 1384 1438 id
1406 1415 1449 1439 est
1470 1411 1630 1446 permansio.
1648 1410 1681 1437 Et
1696 1415 1772 1438 stans

981 1458 1009 1485 in
1023 1458 1114 1493 seipsa
1124 1478 1131 1491 ,
1146 1461 1174 1486 et
1189 1466 1237 1493 per
1249 1457 1431 1492 providentia:
1446 1457 1634 1492 operationem
1662 1464 1772 1491 semper

981 1508 1064 1531 mota.
1082 1503 1175 1538 Neque
1189 1508 1268 1531 stans
1282 1504 1433 1531 secundum
1451 1503 1649 1538 providentiam
1659 1522 1666 1534 ,
1683 1510 1773 1537 neque

980 1557 1028 1585 per
1043 1553 1170 1577 naturam
1188 1553 1313 1577 movetur
1328 1560 1334 1577 ι
1351 1550 1476 1584 quinimo
1487 1570 1495 1582 ,
1509 1549 1572 1584 quia
1596 1549 1647 1576 hoc
1661 1548 1771 1583 quidem

981 1596 1102 1629 dictum,
1125 1601 1202 1624 stans
1220 1595 1247 1623 in
1269 1603 1319 1624 sua
1341 1596 1481 1624 soliditate
1503 1599 1630 1622 naturae:
1652 1602 1684 1622 eo
1702 1594 1771 1621 dixit

982 1642 1079 1674 Pater,
1095 1643 1169 1678 quod
1195 1643 1365 1671 inalterabile
1383 1643 1420 1670 sit
1439 1650 1551 1670 numen.
1572 1641 1650 1675 Quod
1679 1644 1770 1669 autem

982 1688 1084 1716 moveri
1101 1689 1208 1721 scribit,
1222 1689 1257 1717 de
1271 1689 1448 1723 providentiae
1462 1689 1570 1716 actione
1581 1687 1770 1722 accipiendum

981 1739 1023 1762 est
1036 1735 1111 1762 circa
1130 1735 1204 1763 entia
1220 1735 1334 1770 quaevis.
1350 1734 1379 1762 ln
1396 1739 1512 1770 utraque
1530 1734 1627 1761 barum
1651 1733 1771 1769 partium

982 1788 1095 1808 necesse
1115 1785 1158 1809 est
1176 1781 1323 1809 dictionem
1344 1781 1417 1808 illam
1434 1781 1633 1815 intelligamus.
1650 1779 1731 1807 simul
1744 1783 1772 1806 et

982 1827 1190 1862 pronuntiemus
1217 1827 1355 1861 καθόλου,
1383 1827 1435 1855 hoc
1468 1832 1510 1855 est
1540 1827 1567 1853 in
1593 1827 1744 1856 universum
1760 1834 1769 1852 .-

981 1873 1061 1908 quasi
1084 1873 1137 1901 hoc
1155 1879 1235 1909 pacto
1250 1874 1414 1902 sententiam
1434 1873 1616 1901 contexuerit.
1632 1872 1726 1907 Neque
1743 1873 1770 1900 in

982 1923 1067 1947 totum
1083 1924 1161 1948 stans
1174 1920 1214 1948 sic
1225 1940 1232 1953 ,
1247 1925 1277 1948 ut
1295 1921 1453 1949 nullatenus
1472 1923 1615 1948 moveatur
1631 1927 1687 1947 sua:
1706 1927 1771 1953 pro-

981 1965 1108 1993 videntis:
1123 1966 1301 2001 operatione:
1328 1974 1417 2001 neque
1434 1974 1532 1994 rursus
1548 1966 1589 1994 sic
1603 1968 1728 1992 movetur
1742 1965 1769 1992 in

981 2012 1078 2044 totum,
1092 2016 1122 2040 ut
1136 2020 1151 2039 a
1166 2013 1276 2048 propria
1291 2012 1427 2041 desciscat
1442 2012 1652 2047 transmigretve
1664 2011 1770 2039 stabili-

980 2062 1045 2086 tate.
1057 2058 1163 2086 Idcirco
1175 2059 1249 2086 enim
1266 2059 1343 2092 dicit,
1357 2060 1421 2094 quia
1435 2063 1462 2087 et
1477 2060 1500 2088 si
1513 2063 1656 2087 moveatur
1668 2065 1770 2085 nlunen

981 2104 1015 2131 ad
1039 2104 1194 2132 obeundam
1213 2104 1383 2133 functionem
1410 2113 1466 2133 suae
1493 2105 1693 2140 providentiae,
1721 2104 1770 2131 sed

980 2150 1061 2185 287
1086 2150 1194 2178 interim
1222 2158 1299 2178 suam
1324 2151 1413 2186 ipsius
1437 2151 1537 2178 retinet
1569 2150 1744 2178 stabilitatem
1761 2170 1769 2181 ,

979 2196 1087 2224 etiamsi
1103 2197 1130 2223 in
1146 2204 1195 2224 sua
1210 2197 1373 2224 inalterabili
1385 2201 1540 2232 perseveret
1556 2201 1664 2229 natura;
1680 2195 1727 2223 sed
1743 2201 1770 2223 et

979 2241 1050 2270 idem
1079 2242 1178 2270 ciliciis
1207 2247 1332 2270 movetur
1361 2251 1418 2270 sua:
1448 2243 1636 2278 providentiae.
1666 2243 1769 2270 Dehinc

137 2302 196 2326 κτι,
223 2293 270 2320 καὶ
290 2293 370 2329 οϊνῳ,
393 2293 440 2320 καὶ¹
460 2292 564 2328 μέλιτι,
589 2291 624 2318 τὰ
646 2291 705 2319 θεῖα
730 2291 808 2326 λόγια
836 2299 929 2326 παρει-

981 2289 1105 2323 sequitur
1118 2289 1180 2324 quis
1197 2289 1300 2317 solidus
1311 2289 1346 2317 sit
1360 2289 1438 2317 cibus
1448 2290 1544 2324 quisve
1554 2289 1684 2324 liquidus.
1700 2288 1772 2316 Soli-

136 2340 281 2372 κάζονται·
305 2339 398 2375 ἐπειδὴ
421 2339 475 2374 γὰρ
497 2338 585 2365 πάντα
608 2338 730 2373 ὑδατηρά
753 2338 822 2364 εἰσι·
851 2337 881 2363 τὸ
901 2336 929 2363 δὲ

137 2385 211 2422 ὕδωρ
224 2386 371 2420 ζωογόνον·
387 2385 430 2412 διὰ
444 2385 493 2421 τὴν
506 2384 635 2420 τοιαύτην
656 2384 769 2419 δύναμιν
790 2384 861 2410 οὕτω
886 2383 930 2410 λέ-

136 2441 240 2467 γονται.
262 2432 299 2459 Οὐ
318 2432 372 2468 μὴν
391 2431 419 2458 δὲ
444 2431 522 2466 μόνον
546 2430 577 2457 τὸ
602 2430 699 2466 ὑδαρδν
720 2430 837 2465 ἔχουσιν,
861 2429 929 2456 ἀλλὰ

136 2477 265 2513 φέρουσιν
278 2477 392 2504 ἕκαστον
408 2477 454 2504 καί
476 2485 536 2503 τινα
552 2476 620 2503 ἰδίαν
637 2476 777 2511 ποιότητα.
797 2475 841 2507 Ὠς
863 2475 929 2509 γοῦν

135 2523 280 2559 αὑξητικὰ,
294 2523 409 2558 γάλακτι
431 2522 552 2550 ἐοίκασι·
568 2522 599 2549 τὸ
619 2522 674 2558 γὰρ
693 2521 763 2556 γάλα
784 2521 929 2557 θρεπτικὴν

136 2569 182 2595 καὶ
205 2568 365 2604 αὐξητικόν·
389 2568 427 2600 ὠς
452 2567 607 2600 ἀναζωτικὰ
631 2566 710 2601 οἴνῳ·
742 2567 755 2592 ό
779 2566 834 2602 γὰρ
858 2564 927 2598 οἶνος

134 2614 314 2646 ἀναζωτικὸς,
337 2614 368 2641 τὸ
388 2614 506 2650 ἔμφυτον
522 2614 657 2649 διεγεῖραν
676 2613 776 2649 θερμόν
788 2621 794 2627 ·
819 2613 857 2644 ὡς
880 2621 928 2639 κα-

134 2661 253 2699 θαρτικὰ
268 2662 315 2689 καὶ
329 2661 499 2698 φρουρητικὰ
515 2661 612 2697 μέλιτι·
635 2660 665 2686 τὸ
681 2660 736 2696 γὰρ
751 2659 810 2695 μέλι
832 2659 928 2686 καθαί-

136 2717 178 2744 ρει
195 2708 245 2744 μὲν
259 2707 306 2735 καὶ
319 2707 353 2734 τὰ
368 2707 482 2743 ἑλκώδη,
497 2707 626 2743 φυλάττει
646 2706 675 2733 δὲ
689 2706 736 2733 καὶ
752 2706 785 2732 τὰ
808 2707 837 2733 ὲν
855 2705 927 2740 αὐτῷ

133 2754 190 2781 τῶν
211 2753 327 2790 ὀπωρῶν
342 2753 537 2789 ὲμὸαλλόμενα.
563 2752 654 2779 Ταῦτα
677 2752 742 2786 γοῦν
765 2750 926 2787 ὑπερϐλύζει

138 2801 152 2836 ἡ
177 2800 237 2827 θεία
267 2800 348 2835 σοφία
370 2800 419 2836 τὴν
439 2800 528 2836 ψυχὴν
552 2799 725 2836 δροσίζοντα,
753 2798 822 2826 κατὰ
840 2798 928 2826 ταῦτα

138 2847 182 2874 καὶ
203 2847 301 2882 εὐωχεῖ
325 2848 339 2874 ὁ
363 2846 429 2879 Θεὸς
455 2847 518 2878 τοὺς
543 2846 649 2879 ἀξίους,
679 2846 725 2872 καὶ
746 2844 825 2876 αὐτὸς
849 2845 928 2879 μεθύ-

201 2935 302 2966 al’rov.
319 2944 357 2970 Ix,
375 2937 400 2963 1.

981 2335 1033 2364 dus
1047 2336 1147 2372 quippe
1164 2336 1244 2363 cibus
1260 2336 1414 2372 symbolum
1436 2340 1493 2368 est,
1510 2344 1608 2370 nempe
1622 2336 1730 2371 signum
1744 2339 1771 2363 et

981 2381 1144 2417 signiﬁcatio
1158 2382 1351 2410 intellectualis
1365 2389 1397 2409 ac
1410 2382 1503 2410 solidm
1515 2382 1702 2417 perfectionis.
1716 2381 1769 2409 Sed

981 2437 1041 2464 quae
1060 2430 1169 2457 demum
1185 2429 1242 2456 hac
1265 2429 1457 2457 intellectualis
1473 2433 1515 2457 est
1534 2433 1561 2456 et
1576 2428 1663 2456 solida
1679 2428 1768 2464 pcrl‘e-

980 2475 1052 2502 ctio?
1070 2473 1188 2503 Omnino
1204 2474 1249 2501 illa
1266 2482 1328 2502 esse
1341 2478 1486 2505 censetur,
1499 2474 1651 2502 secundum
1665 2481 1747 2509 quam
1758 2495 1765 2504 ,

980 2521 1027 2556 qui
1043 2520 1227 2556 intelligentiae
1248 2520 1320 2549 dono
1345 2520 1449 2555 praediti
1472 2524 1554 2552 sunt,
1573 2520 1655 2547 modo
1672 2520 1746 2553 digni
1759 2539 1766 2550 ,

981 2567 1190 2602 divinarumque
1216 2570 1361 2595 consortes
1389 2566 1478 2594 eﬂ'ecti
1501 2574 1593 2594 rerum
1621 2567 1769 2601 perliciun-

982 2618 1035 2641 tur.
1061 2612 1237 2648 Partieipatio
1263 2613 1336 2640 enim
1364 2613 1490 2648 quaedam
1516 2617 1559 2640 est
1590 2612 1769 2648 perfectionis

981 2659 1040 2695 ipsa
1056 2660 1249 2695 intelligentia;
1266 2659 1314 2687 sed
1339 2660 1491 2687 secundum
1507 2659 1649 2686 scientiam
1660 2678 1667 2689 ,
1684 2657 1770 2685 solide

981 2710 1111 2738 stantem.
1122 2706 1231 2740 quando
1244 2712 1271 2733 et
1285 2706 1330 2733 hic
1344 2706 1422 2733 cibus
1436 2710 1488 2737 est,
1499 2705 1546 2734 sed
1561 2709 1588 2732 et
1602 2703 1769 2738 singularem

981 2756 1063 2787 atque
1076 2753 1255 2780 individuam.
1271 2752 1330 2780 Hoc
1344 2760 1376 2780 eo
1393 2753 1512 2787 adjecit,
1529 2751 1601 2786 quod
1617 2751 1643 2777 in
1661 2750 1705 2781 iis,
1722 2749 1768 2783 qui

981 2798 1014 2826 de
1028 2797 1083 2826 Deo
1108 2803 1190 2832 sunt,
1223 2798 1397 2826 sermonibus
1421 2805 1557 2833 nusquam
1577 2796 1675 2823 debeat
1690 2803 1768 2822 mens

981 2852 1029 2879 per
1049 2848 1193 2874 concretas
1208 2844 1327 2873 materia:
1343 2843 1513 2879 cognitiones
1528 2841 1646 2878 dispesci
1659 2862 1665 2874 ,
1682 2841 1768 2868 aliove
