1940 3064
196 161 249 188 505

578 161 748 190 APPENDIX
765 162 811 190 AD
829 163 943 191 OPERA
968 163 996 191 S.
1018 163 1169 191 DIONYSII
1188 164 1431 193 AREOPAGITAS.

1762 166 1812 194 504

192 215 284 245 diduci
299 225 305 247 ;
322 215 369 243 sed
385 216 559 243 uniformiter
577 221 704 252 reputare
719 224 812 244 secum
833 217 964 245 inenarra-

1027 227 1065 244 ειν
1087 219 1209 252 λέγεται,
1234 219 1271 251 ὡς
1299 220 1404 256 πλήρης
1431 221 1534 248 τούτων
1559 221 1604 247 καὶ
1625 222 1809 258 ὐπερπλήρης,

192 263 273 294 bilem
286 263 356 289 hanc
371 270 443 296 esse,
454 264 576 298 nullique
587 271 636 298 pro
646 263 777 298 dignitate
788 263 975 299 vestigabilem

190 309 290 341 divinae
306 313 410 336 natura:
427 309 597 345 majestatem
613 320 619 337 :
637 310 717 344 idque
730 311 847 338 maxime
863 310 975 338 addecet

190 363 252 389 eum
264 375 272 388 ,
288 356 335 391 qui
350 356 474 386 sensoria
489 363 591 391 organa
607 356 688 383 habet
701 356 842 384 interimis
858 356 974 385 hominis

190 401 335 429 admodum
347 403 494 430 exercitata
504 423 511 434 ,
525 402 553 429 in
567 401 667 437 quibus
678 402 781 430 Paulus
797 403 842 431 ille
853 404 974 431 admira-

188 447 252 475 bilis
278 448 370 475 hausit
397 448 496 475 divinm
517 455 602 483 aquas
628 450 776 483 sapientize.
793 449 861 476 Nam
885 451 972 485 ipsius

189 494 300 522 verbum
318 498 360 522 est
377 504 383 521 :
406 494 473 522 Cum
496 503 578 522 essem
592 496 729 530 parvulus,
746 501 774 522 ut
788 497 914 531 parvulus
927 505 972 524 sa-

186 539 289 572 piebam
305 539 338 567 b:
355 540 503 567 liberaliter
521 541 647 575 dispertit
668 541 784 569 solidum
800 542 888 569 cibum
900 563 907 575 ,
925 543 973 570 sed

184 585 241 620 jam
258 586 358 613 adultis
373 593 405 612 ac
419 586 548 621 perfectis
558 606 565 619 ,
580 594 642 614 cum
657 587 767 615 eosdem
781 589 882 623 alioqui
896 589 972 623 prius

185 635 307 666 potasset
323 631 403 663 laete,
416 640 479 660 cum
491 632 545 659 illis
561 632 629 660 forte
640 633 756 660 necdum
770 633 883 661 aderant
897 642 972 662 exer-

184 678 258 704 citati
275 685 372 705 sensus
385 678 551 712 spirituales.
567 677 602 706 Ut
613 679 685 705 enim
700 679 780 714 pusio
791 679 881 714 quivis
891 687 971 715 orga—

185 731 218 751 na
235 724 360 759 corporis
379 724 558 751 inexercitata
582 725 671 752 adhuc
698 725 821 759 habens,
838 727 970 762 quidquid

183 769 224 799 vel
238 769 311 800 videt
323 770 363 798 vel
378 770 465 803 audit,
476 769 502 798 id
519 771 612 807 utique
625 778 680 798 non
695 772 766 799 sicut
778 780 807 799 se
819 772 900 799 habet
913 780 968 804 res.

181 818 254 846 videt
279 823 305 846 et
334 818 419 845 audit.
444 818 588 845 Larvatam
613 818 686 845 enim
707 825 851 853 personam
873 818 969 846 formi-

181 865 297 898 dabilem
337 865 468 900 deputat,
509 865 578 892 nihil
612 865 715 900 alioqui
749 865 967 899 formidabilem;

180 913 247 946 quin
265 911 376 939 verbum
395 911 545 946 quamlibet
564 911 670 946 placide
688 915 716 938 et
735 912 884 940 clementer
903 919 967 947 pro-

180 958 282 990 latum,
311 958 472 993 plerumque
501 958 618 993 accipit,
648 958 728 992 quasi
759 958 968 986 comminatorie

179 1005 291 1036 dictum.
302 1003 343 1031 Ad
352 1004 478 1033 eumdem
492 1004 613 1035 modum,
625 1004 671 1038 qui
687 1003 837 1031 secundum
848 1005 966 1031 animam

179 1051 296 1086 pusillus
322 1050 413 1078 adhuc
433 1054 486 1081 est,
516 1050 601 1077 habet
624 1049 747 1084 profecto
761 1049 784 1077 is
797 1057 853 1077 sua:
869 1050 967 1077 animae

178 1097 301 1125 sensoria
317 1096 509 1129 inexercitata;
528 1104 579 1123 nec
594 1099 684 1131 potest
699 1095 762 1122 talis
786 1096 966 1131 contemplari

177 1150 210 1170 ac
226 1151 260 1170 ne
282 1142 378 1170 audire
391 1142 501 1178 quidem
516 1143 599 1169 ullam
612 1141 800 1170 sublimiorem
813 1142 946 1169 theoriam
956 1163 964 1174 ,

176 1196 258 1223 quam
287 1189 397 1216 nomine
426 1188 505 1216 solidi
534 1188 587 1216 cibi
620 1196 711 1216 sermo
735 1191 815 1215 vocat
843 1188 962 1216 divinus.

175 1234 294 1262 Proinde
322 1234 453 1270 liquidam
480 1235 638 1262 alimoniam
672 1242 770 1263 rursus
801 1234 964 1262 crediderim

176 1281 262 1316 accipi
274 1281 374 1308 debere
387 1288 436 1316 pro
446 1281 598 1316 composito
616 1280 785 1316 ﬁguramque
800 1281 889 1316 signo.
907 1280 964 1308 Hoc

175 1328 248 1358 enim
273 1331 315 1355 est
338 1326 411 1362 quod
439 1327 604 1354 subauditur
627 1327 676 1362 τῆς
701 1327 859 1362 διαχυτικῆς
885 1328 964 1362 ὲπιῤ-

176 1374 251 1410 ῥοῆς,
268 1373 296 1403 id
319 1377 372 1406 est,
397 1372 529 1408 diffusiva:
549 1373 715 1400 inundantia:
737 1373 796 1400 sive
818 1373 937 1407 inﬂatam;
953 1381 962 1399 :

177 1420 301 1448 videlicet
315 1420 446 1448 doctrina;
457 1427 518 1455 qum
531 1427 579 1454 per
591 1419 669 1454 plura
680 1422 707 1446 et
717 1419 827 1446 dividua
839 1420 960 1446 instruit.

174 1468 267 1504 Neque
284 1467 357 1495 enim
375 1475 430 1495 uno
444 1474 475 1494 ac
491 1465 609 1501 simplici
625 1464 718 1496 modo,
733 1464 781 1492 sed
799 1465 961 1493 multiformi

175 1515 304 1550 varioque
317 1514 428 1542 edoctos
443 1513 519 1549 prius
530 1512 663 1547 contingit
678 1512 710 1539 ad
724 1511 871 1548 perfectam
888 1511 961 1539 illam

1027 264 1181 299 Σημεὶωσαι
1204 265 1232 291 δὲ
1257 265 1386 298 ἐνταῦθα,
1411 267 1452 293 ὁτι
1473 266 1519 292 καὶ
1543 266 1573 292 τὸ
1598 266 1710 301 εὐωχεῖν
1737 267 1810 303 ῥῆμα

1025 310 1040 335 ὁ
1059 310 1152 346 Πατὴρ
1175 311 1229 337 ἀπὸ
1249 311 1296 338 τοῦ
1314 309 1344 338 εὖ
1364 311 1436 346 ἐχειν
1452 311 1617 346 ὲτυμολογεί,
1646 311 1735 343 καθὼς
1757 311 1811 348 ἔχει

1026 357 1071 383 καὶ
1087 358 1104 392 ἡ
1122 357 1172 390 τῆς
1188 357 1293 391 εὐεξίας
1306 357 1386 391 λέξις.
1406 358 1448 390 Ὡς
1473 357 1537 392 γοῦν
1554 358 1596 392 ἐφ’
1616 358 1720 394 ήμῶνὴ
1743 360 1809 396 μέθη

1025 402 1093 429 κατὰ
1119 403 1150 429 τὺ
1173 404 1262 439 χεῖρον
1289 403 1406 437 λέγεται,
1430 403 1502 430 οὕτω
1530 404 1599 431 κατὰ
1629 404 1660 430 τὸ
1690 407 1810 441 κρεῖττον

1024 452 1069 478 ἐπὶ
1093 452 1177 479 Θεοῦ·
1203 453 1263 479 ὅθεν
1291 453 1336 480 καὶ
1360 453 1402 489 ἐφ’
1430 454 1508 489 ἡμῶν
1534 455 1550 489 ὴ
1575 455 1692 490 ἀμετρία
1711 457 1808 492 χεῖρον⁷

1023 498 1068 524 ἐπὶ
1091 498 1119 525 δὲ
1141 498 1219 530 Θεοῦ,
1242 500 1374 535 κρεῖττον.
1390 501 1450 526 Ἔτι
1466 500 1495 527 δὲ
1511 501 1557 528 καὶ
1582 501 1611 527 τὸ
1637 501 1809 534 ὲξεστηκὲναι

1023 548 1068 574 ἐπὶ
1082 548 1149 574 Θεοῦ
1172 548 1278 583 λέγεται
1296 550 1364 576 κατὰ
1382 550 1431 585 τὴν
1455 551 1598 587 ὑπεροχὴν,
1616 552 1662 578 καὶ
1678 552 1725 579 τοῦ
1741 555 1810 580 νοεῖν

1023 594 1068 620 καὶ
1083 594 1130 620 τοῦ
1146 595 1262 622 νοεῖσθαι
1272 604 1278 610 ·
1292 595 1354 622 οὔτε
1370 596 1424 632 γὰρ
1440 596 1474 623 τὰ
1490 597 1555 624 ὂντα
1570 598 1696 632 γινώσκει
1746 599 1809 626 ὄντα

1022 640 1098 672 είσὶν,
1115 640 1182 667 ἀλλὰ
1199 641 1270 668 κατά
1284 650 1343 668 τινα
1363 642 1534 679 ὲξῃρημένην
1552 644 1598 670 καὶ
1621 644 1691 681 ὑπὲρ
1706 645 1810 681 ἀνθρω-

1022 695 1070 713 πον
1082 688 1182 721 νόησιν.
1201 687 1269 714 Οὔτε
1287 688 1339 724 μὴν
1356 689 1431 723 παρὰ
1446 689 1501 716 τῶν
1518 690 1600 723 ἀξίων
1610 692 1709 717 νοεῖται
1719 690 1808 723 καθὼς

1021 733 1075 768 ἔχει
1087 742 1093 748 ·
1114 734 1174 760 ἐπεὶ
1191 735 1236 761 καὶ
1260 735 1330 771 ὑπὲρ
1355 735 1419 761 αὐτὸ
1435 736 1465 762 τὸ
1481 734 1548 762 εἷναί
1564 737 1633 767 ἐστι,
1654 737 1701 763 καὶ
1717 736 1808 769 ἁπλῶς

1019 781 1068 807 ὅσα
1093 781 1160 807 είσὶν
1183 780 1281 815 ἀγαθὰ,
1308 781 1353 808 καὶ
1372 781 1410 813 ὼς
1432 782 1610 818 ὐπερπλήρης
1629 782 1740 814 τούτων,
1760 791 1807 817 με·

1020 826 1089 852 θύων
1106 826 1224 860 λέγεται,
1242 827 1288 854 καὶ
1311 827 1349 859 ὼς
1364 824 1441 859 αὖθις
1464 827 1516 859 ἔξω
1542 828 1588 854 καὶ
1612 828 1739 854 ἐπέκεινα
1754 828 1807 855 τῶν

1019 872 1147 900 τοιούτων
1162 873 1271 907 ἀγαθῶν
1286 873 1478 909 ἀνῳκισμένος,
1501 873 1656 909 ἐξεστηκὼς
1680 874 1804 908 λέγεται·

1018 920 1032 946 ό
1047 919 1101 956 γὰρ
1117 919 1226 952 ἐκστὰς,
1243 919 1296 952 ἔξω
1317 920 1426 947 πάντων
1445 921 1559 954 γίνεται,
1584 921 1631 947 καὶ
1649 921 1724 948 οὐδὲν
1740 919 1808 948 οἶδεν

1018 966 1080 993 οὔτε
1094 966 1148 993 τῶν
1164 967 1260 998 ὄντων,
1275 966 1337 994 οὔτε
1353 967 1408 993 τῶν
1424 967 1603 1003 τελουμένων.
1622 967 1658 994 Τὸ
1674 968 1740 1002 γοῦν
1756 968 1807 1002 ἔξω

1018 1013 1124 1039 πάντων
1141 1011 1209 1039 εἶναι
1231 1013 1261 1039 τὸ
1284 1013 1354 1040 Θεῖον
1375 1013 1444 1040 κατὰ
1465 1022 1525 1040 τινα
1548 1014 1808 1049 ὑπερανῳκισμένην

1017 1058 1084 1091 ἕξιν,
1100 1058 1131 1085 ἵν’
1151 1058 1238 1090 οὕτως
1254 1058 1333 1089 εἴπω,
1353 1059 1457 1095 πρέπον
1475 1059 1533 1086 ἐστὶ
1555 1058 1594 1094 τῷ
1609 1058 1678 1094 Θεῷ,
1697 1058 1757 1086 καθ’
1773 1059 1807 1094 ἥν

1016 1105 1076 1131 οὐδὲ
1101 1103 1154 1131 οἶδε
1177 1105 1211 1131 τὰ
1236 1105 1300 1131 ὄντα
1366 1105 1431 1132 ὄντα
1457 1106 1535 1137 εἰσὶν,
1560 1105 1618 1132 ἀλλ’
1637 1104 1807 1141 ὑπεροχικῶς

1016 1149 1190 1186 ὲξῃρημένως
1213 1151 1246 1176 ὲκ
1269 1150 1372 1177 τούτων
1396 1150 1566 1186 ὁρμώμενοι⁷
1593 1150 1640 1177 καὶ
1662 1149 1696 1176 τὰ
1720 1151 1748 1176 ὲν
1773 1151 1806 1185 τῇ

1016 1195 1139 1231 βασιλείᾳ
1152 1195 1206 1221 τῶν
1222 1195 1344 1231 οὐρανῶν
1364 1195 1460 1222 δεῖπνα
1481 1195 1711 1231 ἀλληγορήσομεν,
1729 1195 1807 1222 ἆτινα

1015 1241 1174 1277 ἐμφαίνουσι
1192 1242 1283 1277 κοινήν
1313 1250 1373 1269 τινα
1390 1242 1436 1268 καὶ
1451 1242 1630 1278 ὁμονοητικὴν
1650 1241 1704 1267 τῶν
1722 1241 1806 1275 ἁγίων

1015 1287 1164 1319 κοινωνίαν,
1182 1287 1215 1322 ἣν
1242 1288 1288 1313 καὶ
1311 1286 1473 1322 Ἐκκλησίαν
1496 1287 1674 1322 πρωτοτόκων
1696 1285 1777 1321 φησὶν
1790 1285 1806 1318 ᾇ

1014 1331 1084 1363 Θείος
1107 1332 1276 1363 Ἀπόστολος,
1293 1332 1339 1359 καὶ
1355 1333 1405 1368 τὴν
1421 1332 1561 1359 ἀνάκλισιν
1577 1333 1727 1359 ἀνάπαυσιν
1750 1331 1806 1358 τῶν

1014 1379 1117 1405 πολλῶν
1137 1380 1266 1414 καμάτων
1290 1379 1461 1414 λογιζόμεθα.
1487 1379 1634 1414 Εὐφραίνει
1651 1379 1679 1406 δὲ
1694 1379 1806 1410 τούτους

1014 1428 1028 1453 ὁ
1043 1426 1138 1462 Σωτὴρ
1154 1425 1231 1460 ὴμῶν
1248 1425 1294 1452 καὶ
1311 1425 1458 1460 Δεσπότης,
1475 1425 1521 1451 καὶ
1531 1425 1677 1455 ἁνακλίνει,
1695 1426 1736 1452 ὅτι
1756 1425 1806 1453 αὑ-

1012 1471 1058 1503 τός
1075 1473 1147 1498 ἐστιν
1163 1470 1248 1502 αἴτιος
1264 1470 1390 1497 ἁπάντων
1413 1469 1467 1496 τῶν
1488 1471 1544 1501 τοῖς
1560 1471 1647 1504 ἁγίοις
1662 1472 1805 1497 ἐναποκει-

1015 1517 1102 1552 μένων
1121 1516 1218 1543 καλῶν.
1237 1517 1273 1543 Σὺ
1291 1516 1320 1543 δὲ
1335 1514 1510 1551 ὲπιζητήσεις
1525 1516 1572 1543 καὶ
1585 1517 1631 1543 τὸν
1646 1516 1737 1548 ὕπνον,
1757 1518 1805 1544 καὶ

175 1561 221 1589 Dei
249 1561 390 1588 scientiam
416 1558 572 1595 promoveri
590 1567 596 1591 ;
623 1558 740 1593 ideoque
757 1565 836 1586 sacra
851 1559 960 1593 eloquia

1015 1562 1061 1598 τὴν
1076 1563 1239 1597 ἐγρήγορσιν
1250 1561 1295 1587 ἐπὶ
1311 1561 1378 1587 Θεοῦ
1393 1561 1705 1597 ἀλληγορηθῆναι.”οταν
1720 1562 1804 1589 ὕπνον

175 1608 240 1639 rori,
255 1612 340 1643 aqum,
354 1607 428 1639 lacti,
443 1606 508 1633 vino
521 1609 602 1640 atque
616 1605 688 1632 melli
706 1605 839 1632 assimilia
855 1605 962 1633 descri-

173 1654 294 1686 buntur;
326 1652 547 1688 quandoquidem
565 1653 644 1687 aquei
669 1652 784 1686 liquoris
813 1651 958 1686 imaginem

172 1700 295 1728 referunt
309 1699 411 1727 omnia.
429 1699 506 1734 Aqua
522 1702 612 1725 autem
628 1698 682 1724 vim
699 1697 794 1725 sortita
812 1701 854 1724 est
869 1697 959 1724 viviti-

173 1746 253 1773 candi
274 1751 300 1773 et
325 1744 507 1778 fecundandi;
530 1748 557 1772 et
578 1744 661 1779 288
675 1744 727 1770 hac
739 1745 835 1779 gratia,
851 1743 958 1778 eloquia

173 1800 250 1828 aqua;
273 1792 384 1819 nomine
401 1791 539 1818 dicuntur.
568 1789 603 1817 At
620 1797 674 1817 non
691 1790 762 1816 hanc
778 1790 867 1816 solum
883 1797 959 1824 aqua;

171 1839 225 1870 vim
241 1841 269 1866 in
294 1845 323 1865 se
338 1838 478 1868 obtinent,
495 1837 543 1864 sed
567 1835 783 1870 unumquodque
798 1839 959 1870 progenerat

169 1886 248 1921 juxta
263 1884 385 1911 innatam
409 1883 460 1910 sibi
481 1890 513 1909 ac
530 1882 668 1918 propriam
693 1881 853 1916 qualitatem
863 1901 871 1913 ,
883 1885 913 1908 ut
927 1889 958 1908 ea

170 1938 231 1966 qua:
244 1929 354 1965 prmdita
371 1932 435 1956 sunt
447 1928 563 1964 augendi
576 1928 614 1958 vi,
627 1927 689 1954 lacti
705 1927 883 1962 perhibentur
898 1934 958 1954 esse

171 1976 345 2009 similia.Lac
359 1975 493 2011 siquidem
502 1978 529 2002 et
542 1975 628 2002 nutrit
643 1977 669 2001 et
684 1973 808 2008 perducit
822 1973 856 2000 ad
870 1973 958 2000 incre-

170 2028 303 2052 mentum.
316 2014 378 2050 l’ari
389 2023 482 2054 modo,
500 2029 561 2057 quae
574 2023 700 2048 recreant
714 2020 878 2051 excitantve,
896 2019 958 2046 vino

170 2071 365 2103 conferuntur;
382 2070 436 2097 vim
452 2069 524 2096 enim
539 2067 620 2095 habet
635 2067 727 2094 vinum
743 2066 855 2100 spiritus
868 2065 957 2092 vitalis

169 2106 356 2150 excitativam;
368 2117 461 2143 innata
472 2115 544 2142 enim
557 2114 596 2140 illi
612 2113 652 2140 vis
665 2117 707 2141 est
722 2112 867 2140 excitativa
883 2112 957 2138 calo-

169 2165 217 2192 ris.
230 2164 286 2192 Nec
298 2163 470 2191 dissimiliter
485 2161 642 2197 purgatoria
659 2159 901 2193 conservativaque
915 2158 955 2185 vis

169 2214 240 2240 inest
255 2211 339 2244 melli;
352 2209 530 2245 purgatcnim
543 2207 675 2242 quidquid
692 2206 795 2234 saniem
811 2209 858 2232 aut
873 2205 956 2240 putri-

168 2261 285 2296 lagiuem
311 2257 421 2294 praefert
438 2257 606 2287 ulcerosam;
627 2254 660 2280 ad
674 2253 725 2279 hoc
741 2252 846 2279 fructus
858 2251 955 2278 condi-

169 2311 263 2341 taneos
285 2307 430 2332 conservat
454 2302 579 2336 injectos.
596 2299 658 2326 llzec
683 2299 774 2333 itaque
795 2298 888 2324 divina
904 2296 954 2324 Sa-

1013 1607 1107 1642 φῶμεν
1121 1607 1221 1638 τοίνυν,
1239 1606 1270 1632 τὸ
1283 1604 1337 1633 οἷον
1352 1607 1580 1643 παραχωρητικὺν
1602 1607 1649 1634 τοῦ
1676 1607 1742 1634 Θεοῦ
1756 1608 1805 1643 δη-

1011 1653 1128 1688 λοῦμεν·
1159 1653 1223 1679 ὅταν
1244 1652 1273 1679 δὲ
1298 1652 1472 1689 ἐγρήγορσιν,
1496 1653 1545 1689 τὴν
1569 1655 1607 1685 εἰς
1630 1653 1660 1680 τὸ
1679 1656 1805 1689 προνοεῖν

1012 1700 1157 1735 προσοχὴν.
1176 1700 1211 1726 Σὺ
1226 1698 1254 1725 δὲ
1270 1698 1349 1725 πάλιν
1373 1698 1419 1725 κα)⁸
1440 1698 1507 1725 ἄλλα
1533 1698 1668 1734 ζητήσεις.
1688 1699 1733 1725 Διὸ
1756 1700 1807 1727 καὶ

1011 1745 1138 1781 περιττὸν
1157 1745 1205 1780 μὲν
1229 1744 1377 1780 οἰηθέντες,
1394 1744 1428 1770 τὰ
1451 1744 1520 1771 αὐτὰ
1541 1745 1804 1778 ἐπανακυκλοῦντες,

1010 1792 1091 1827 ἕτερα
1105 1791 1193 1818 δοκεῖν
1208 1790 1305 1824 λέγειν,
1321 1789 1438 1817 ἐνταῦθα
1455 1791 1591 1826 στήσομεν
1607 1791 1652 1817 τὸν
1674 1791 1723 1826 τῆς
1742 1793 1806 1819 ἑπι-

1010 1837 1107 1873 στολῆς
1131 1837 1219 1871 λόγον,
1253 1836 1453 1868 ἀποδεδωκότες
1481 1835 1520 1867 ὡς
1545 1836 1726 1871 ὑπολαμϐάνω
1755 1838 1805 1864 καὶ

1009 1880 1128 1911 πλείονα,
1148 1877 1186 1906 ὧν
1211 1881 1239 1906 ἐν
1264 1881 1320 1911 τοῖς
1349 1881 1404 1911 σοῖς
1432 1880 1590 1915 γράμμασιν
1617 1882 1803 1917 ὲπεζήτησας.

1009 1927 1168 1962 Πειθύμενοι
1179 1926 1207 1952 δὲ
1228 1925 1307 1953 πάλιν
1322 1926 1386 1961 ὑμῖν
1404 1925 1509 1954 θέλουσι
1525 1927 1589 1962 περὶ
1611 1927 1719 1954 πάντων
1733 1937 1805 1962 μαν-

1009 1973 1109 2003 Θανειν,
1121 1972 1205 2007 αὐτὴν
1219 1971 1283 2006 ὃλην
1296 1971 1345 2007 τὴν
1361 1971 1553 2006 Συμϐολικὴν
1568 1974 1723 2008 θεολογίαν
1732 1973 1806 2000 ἀπο-

1009 2017 1162 2052 στέλλομεν,
1189 2016 1249 2043 καθ’
1264 2017 1297 2052 ἢν
1317 2017 1443 2052 εὑρήσεις
1465 2016 1563 2048 πάντα,
1588 2018 1634 2044 καὶ
1659 2019 1722 2054 περὶ
1749 2020 1806 2055 τῆς

1009 2063 1116 2097 σοφίας,
1132 2063 1177 2089 καὶ
1198 2063 1261 2098 περὶ
1281 2062 1329 2089 τοῦ
1352 2063 1439 2094 οἴκου,
1460 2063 1506 2090 καὶ
1530 2065 1595 2100 περὶ
1613 2065 1663 2100 τῆς
1686 2067 1806 2102 στερεᾶς

1007 2108 1120 2144 τροφῆς,
1139 2109 1328 2144 διαιρουμένης
1356 2109 1396 2139 εὶς
1423 2108 1524 2144 ἄρτους
1553 2111 1598 2137 καὶ
1623 2111 1730 2146 Θύματα
1752 2113 1806 2139 καὶ

1007 2155 1072 2190 περὶ
1088 2154 1142 2181 τῶν
1158 2154 1244 2181 ἄλλων
1259 2155 1399 2181 ἁπάντων·
1423 2154 1481 2181 ἐστι
1497 2156 1551 2191 γὰρ
1569 2156 1600 2183 τὸ
1614 2157 1732 2184 τοιοῦτον
1757 2158 1805 2193 βι-

1008 2201 1081 2228 ϐλίον
1095 2201 1234 2237 εὐρετικὺν
1247 2200 1360 2228 ἁπασῶν
1380 2201 1434 2228 τῶν
1455 2202 1625 2237 συμϐολικῶν
1644 2203 1803 2238 θεολογιῶν,

1008 2248 1055 2275 καὶ
1065 2248 1220 2283 ὁμοφωνοῦν
1228 2248 1296 2284 πρὸς
1304 2247 1353 2279 τὰς
1364 2247 1439 2283 ἱερὰς
1448 2248 1619 2283 παραδόσεις,
1627 2249 1661 2280 ἃς
1668 2249 1742 2285 παρὰ
1750 2250 1803 2277 τοῦ

1008 2295 1085 2330 ἁγίου
1099 2295 1256 2322 ’Λποστόλου
1272 2295 1317 2322 καὶ
1333 2295 1492 2323 διδασκάλου
1501 2295 1578 2331 ἡμῶν
1596 2296 1802 2332 παρελάϐομεν.

168 2352 270 2387 pientia
285 2349 432 2379 inundanti
454 2356 487 2375 ex
512 2355 542 2374 se
563 2345 729 2380 scaturigine
740 2344 864 2377 eﬂ‘undit,
882 2345 981 2380 quibus
1003 2346 1120 2371 animam
1144 2343 1253 2376 irroret,
1266 2343 1470 2377 clementerque
1486 2346 1623 2378 aspergat.
1639 2342 1804 2371 Secundum

168 2399 225 2425 brec
247 2397 320 2424 Deus
354 2403 384 2422 se
405 2395 502 2429 dignos
524 2391 675 2419 lautissimo
700 2391 799 2426 accipit
824 2392 961 2419 convivio.
986 2389 1058 2418 ldem
1095 2397 1202 2424 quoque
1227 2389 1358 2416 inebriari
1379 2389 1532 2420 astruitur,
1559 2389 1659 2424 quippe
1685 2389 1731 2424 qui
1752 2389 1803 2417 bis

169 2445 265 2480 plenus
276 2449 336 2469 esse
347 2440 522 2469 describitur,
539 2445 566 2466 et
577 2446 707 2473 perquam
720 2439 826 2473 plenus.
851 2438 960 2466 Interim
986 2442 1076 2465 tamen
1096 2437 1224 2472 praesenti
1248 2436 1308 2464 loco
1340 2436 1490 2464 notandum
1512 2437 1602 2468 venit,
1630 2437 1694 2471 quia
1719 2438 1801 2467 verbi

169 2491 248 2518 istius
281 2489 391 2522 εὐωχεῖν
423 2491 541 2521 ctymum
568 2485 663 2512 beatus
694 2484 774 2512 Pater
803 2484 910 2511 derivat
937 2484 964 2511 al

1028 2483 1106 2515 bene,
1121 2481 1266 2513 conttnode,
1281 2486 1308 2509 ct
1334 2481 1417 2517 ἔχειν,
1434 2483 1506 2509 sicut
1527 2487 1555 2509 et
1585 2483 1668 2510 dictio
1692 2484 1799 2517 εὐεξία.

169 2535 203 2563 Ut
215 2535 297 2570 igitur
308 2531 449 2559 hominum
477 2538 553 2556 more
566 2529 683 2557 ebrietas
699 2530 725 2555 in
741 2529 859 2564 pejorem
875 2529 946 2555 trahi
965 2529 1034 2557 solet
1048 2532 1163 2564 partem;
1178 2528 1219 2555 sic
1230 2527 1381 2555 secundum
1402 2527 1429 2554 id
1453 2528 1525 2563 quod
1547 2529 1722 2563 praestantius
1740 2535 1800 2563 est,

168 2582 196 2608 in
225 2581 290 2607 Deo.
318 2577 396 2605 Unde
421 2580 518 2604 nostro
542 2583 618 2603 more
646 2575 791 2610 loquendi,
823 2577 969 2604 immodica
1003 2580 1084 2611 potus
1114 2575 1229 2609 repletio
1262 2574 1288 2601 in
1315 2574 1478 2602 deteriorem
1508 2576 1626 2602 sumitur
1650 2580 1755 2611 partem
1790 2587 1799 2606 :

167 2631 273 2660 contra,
293 2626 325 2654 de
339 2626 393 2653 Deo
407 2625 480 2652 dicta
502 2622 603 2657 aliquid
626 2622 747 2650 declarat
768 2624 950 2657 praestantius.
967 2623 1080 2659 Insuper
1101 2631 1232 2650 excessus
1247 2623 1291 2649 ille
1314 2622 1341 2648 in
1356 2621 1426 2652 Deo,
1454 2621 1487 2647 de
1504 2620 1564 2656 ipso
1590 2629 1639 2656 per
1671 2622 1799 2649 eminen—

168 2675 233 2706 tiam
250 2673 414 2708 praedicatur
429 2678 510 2705 supra
526 2679 608 2706 quam
631 2671 792 2706 cogitemus'
809 2675 856 2698 aut
868 2672 1063 2707 intelligamus.
1093 2671 1186 2706 Neque
1207 2671 1278 2697 enim
1302 2678 1345 2697 res
1369 2669 1515 2704 agnoscit,
1543 2673 1624 2703 prout
1637 2677 1680 2695 res
1706 2673 1798 2702 sunt;

168 2722 215 2749 sed
229 2719 305 2754 juxta
320 2716 517 2753 prazcellenlem
533 2719 559 2743 et
575 2716 784 2750 quambumana
795 2717 841 2748 sit,
854 2718 1041 2752 angustiorem
1061 2717 1279 2751 intelligentiam.
1312 2715 1366 2742 Sed
1390 2723 1479 2751 neque
1509 2725 1524 2743 a
1554 2717 1677 2752 qualibet
1701 2717 1801 2751 dignis

167 2772 257 2795 mente
280 2767 446 2802 percipitur,
463 2769 492 2792 ut
508 2774 536 2792 se
551 2769 625 2792 tanta
644 2765 700 2792 hmc
715 2765 795 2792 habet
812 2765 949 2800 majestas.
963 2765 1097 2798 Quoniam
1111 2765 1221 2799 quidem
1233 2772 1328 2791 omnes
1341 2764 1426 2790 anteit
1446 2764 1548 2798 gradus
1577 2765 1713 2793 essentize.
1738 2766 1799 2793 imo

167 2822 335 2849 quaecunque
358 2822 474 2849 usquam
495 2809 562 2840 bona
587 2818 650 2841 sunt
677 2822 789 2848 prorsus
813 2814 1018 2850 supergreditur
1039 2824 1043 2839 :
1062 2818 1143 2848 atque
1160 2819 1189 2840 ut
1213 2820 1343 2848 perquam
1376 2813 1472 2847 plenus
1499 2810 1608 2841 borum,
1640 2810 1799 2841 inebriatus

168 2861 268 2898 dicitur
291 2868 361 2889 esse.
394 2860 510 2894 Rursus,
538 2861 611 2896 quod
630 2865 706 2889 extra
729 2861 810 2890 simul
827 2867 853 2889 et
875 2862 945 2890 ultra
961 2861 1054 2889 isi.th
1070 2862 1138 2888 bona
1167 2861 1259 2888 omnia
1276 2860 1435 2895 longissimo
1458 2865 1566 2886 secessu
1599 2859 1672 2885 velut
1699 2862 1800 2888 trans-

205 2917 317 2956 μοστ.
338 2927 398 2949 xm.
413 2919 454 2946 ll.
