1940 3064
92 195 144 223 505
464 193 686 222 ΡΛΟΙΠΜΕΠιΕ
705 195 871 222 PARAPHR.

926 195 945 223 S
963 195 994 222 IN
1016 195 1090 223 EPP.
1116 196 1144 223 S.
1167 196 1326 224 DlONYSII.
1664 198 1715 226 506

91 249 231 283 migrarit:
247 251 311 278 hinc
327 251 428 278 dcitur
443 252 615 286 excessisse,
639 253 818 280 similitudine
836 252 870 279 ab
885 259 918 279 eo
931 254 1012 279 ducta
1025 272 1032 283 ,
1055 252 1128 288 quod
1142 253 1188 288 qui
1216 254 1320 281 exstasi
1348 254 1432 281 semel
1450 253 1615 288 corripitur,
1638 258 1715 280 extra

89 294 179 342 oinnia
204 294 242 322 fit.
262 296 288 323 ls
306 296 379 323 enim
394 304 489 323 eorum
513 305 575 332 qua:
599 303 674 330 sunt,
690 306 785 333 quaeve
809 298 881 325 facta
899 297 953 327 iam
971 301 1050 330 sunt,
1067 299 1135 326 nihil
1158 300 1233 326 novit
1264 299 1386 326 omnino.
1418 298 1602 325 Conveniebat
1616 298 1716 333 quippe

89 339 139 373 ipsi
157 339 222 372 Deo,
235 344 265 370 ut
276 345 351 368 tanta
363 341 408 368 illa
424 342 554 376 majestas
568 347 645 370 extra
660 344 752 371 omnia
766 346 938 370 astruerelur
954 350 1016 370 esse
1033 343 1185 371 secundum
1204 344 1351 378 quamdam
1376 344 1410 372 ab
1438 344 1567 371 omnibus
1593 344 1715 371 cmineu-

87 389 157 417 tiore
164 391 246 418 modo
257 391 423 426 disparatam
435 391 522 427 (utsic
529 392 660 428 dixerim)
673 393 859 420 habitudinem
873 403 879 419 :
893 401 940 428 per
950 401 1032 428 quam
1048 401 1137 428 neque
1149 394 1222 421 entia
1233 394 1304 422 sicut
1315 394 1388 421 entia
1397 397 1470 424 sunt,
1484 393 1570 425 novit;
1583 393 1631 420 sed
1647 400 1716 427 prte-

86 436 246 470 Cellentius,
260 439 401 473 multoque
415 439 589 467 eminentius.
606 439 654 467 llis
668 440 777 467 demum
791 440 873 467 exciti
890 443 973 474 atque
995 439 1094 467 redditi
1110 439 1269 472 alacriores,
1280 448 1327 467 eas
1338 440 1431 471 etiam,
1455 447 1517 474 quae
1538 439 1565 466 in
1583 439 1715 465 caelorum

87 490 170 519 regno
187 489 385 518 memorantur,
405 486 549 514 celebrata:
557 495 654 520 ctenie,
668 488 702 515 ad
718 488 876 523 allegoriam
894 487 1046 519 trahemus,
1065 491 1200 522 quotquot
1214 487 1273 513 vice
1294 485 1398 520 speculi
1422 486 1503 513 nobis
1534 485 1617 512 veluti
1648 484 1716 512 deli-

85 534 169 557 neant
182 538 327 559 commune
341 531 407 559 illud
423 536 581 560 sanctorum
593 540 764 569 concorsque
775 534 932 561 sodalitium
948 543 955 560 :
968 533 995 560 id
1005 534 1080 568 quod
1105 533 1223 561 eximius
1250 532 1399 567 Apostolus
1424 531 1575 559 Ecclesiam
1599 531 1717 566 appellat

86 575 296 612 primitivorum.
323 577 375 606 Sed
396 582 423 606 et
447 580 599 608 recubitum
629 580 721 613 illum,
742 588 802 608 eam
824 588 885 608 esse
902 581 1024 615 requiem
1041 587 1186 608 censemus
1199 586 1260 614 quae
1272 578 1376 606 sanctis
1389 577 1521 611 succedit;
1536 585 1603 604 sane
1634 585 1716 612 quam

85 620 180 649 multis
203 621 342 650 laboribus
365 625 440 658 prius
452 625 610 652 exantlatis.
625 624 699 658 ,Μὴ-θ
727 629 819 653 autem
843 625 892 653 hos
909 627 1045 654 exhilarat
1057 629 1159 652 nostra:
1170 625 1253 660 289
1265 624 1362 652 salutis
1372 627 1493 651 assertor
1522 628 1548 650 et
1562 622 1694 650 Dominus
1707 643 1716 654 .

81 667 214 703 jubetque
238 670 400 698 accumbere
418 681 423 698 :
441 671 514 706 quod
529 671 552 699 is
566 675 664 698 auctor
685 672 878 699 universorum
895 673 1013 707 sit,quse
1021 671 1125 700 sanctis
1136 671 1255 704 reposita
1267 675 1341 701 sunt.
1350 671 1496 697 bonorum.
1528 668 1594 696 Dein
1624 669 1718 697 scisci.

85 714 187 746 tabere,
203 715 270 750 quid
286 723 410 748 somnus.
426 718 491 752 quid
507 722 603 745 contra
616 717 756 753 evigilatio
783 717 817 745 de
847 717 903 744 Deo
920 718 1069 753 allegorice
1090 717 1164 744 dicta
1191 717 1322 744 insinuet.
1348 716 1442 751 Itaque
1466 715 1576 750 quando
1589 724 1717 743 somnum

84 760 217 793 dicimus,
232 761 309 788 illum
337 762 464 790 videlicet
491 763 707 792 secretissimum
732 762 782 790 Dei
809 762 983 790 declaramus
1014 770 1154 792 secessum
1178 771 1184 788 :
1206 769 1222 789 e
1243 762 1367 793 diverso,
1402 762 1514 789 nomine
1536 762 1718 797 evigilationis

84 807 293 836 subindicamus
330 812 464 837 attentam
500 810 588 846 ipsius
613 814 696 845 atque
718 809 877 845 pervigilem
895 817 1075 845 curam,qua
1091 810 1174 837 rebus
1196 809 1316 836 conditis
1331 809 1423 836 studio
1453 817 1510 836 sua:
1540 809 1718 843 providentia:

83 854 214 882 consulit.
228 853 281 883 Sed
297 859 325 883 et
341 856 394 883 alia
425 856 541 885 subinde
570 864 694 892 quaerere
722 857 821 891 possis.
853 857 990 885 Caaterum
1008 864 1059 884 nos
1079 856 1130 883 hac
1150 857 1185 884 de
1202 865 1232 885 re
1253 856 1306 883 rati
1324 863 1386 883 esse
1409 863 1661 890 supervacaneum,
1685 859 1714 881 ut

81 901 177 928 eadem
192 902 360 934 retexendo.
377 903 493 931 totiesve
521 903 705 935 inculcando,
738 903 826 931 videri
855 904 972 940 velimus
998 909 1068 930 nova
1093 902 1218 937 quaedam
1244 902 1353 933 dicere,
1382 901 1428 928 hic
1452 901 1563 928 modum
1588 901 1717 936 pmsenti

82 947 256 981 imponemus
267 948 390 983 epistola:
403 957 409 976 :
424 953 454 976 ut
467 950 514 985 qui
526 950 605 985 plura
620 949 711 985 longe,
727 958 810 985 quam
827 953 880 977 tua:
897 950 931 976 ad
946 957 997 977 nos
1012 949 1110 976 litterae
1126 957 1187 976 meo
1218 948 1353 975 arbitratu
1369 946 1541 974 desiderasse
1571 946 1699 973 videntur
1709 967 1716 976 .

81 991 305 1021 disseruerimus.
327 993 447 1023 Proinde
467 994 587 1029 cupienti
610 994 658 1021 tibi
683 993 773 1022 fusius
797 994 906 1022 edoceri
923 993 957 1021 de
972 993 1101 1021 omnibus
1117 993 1158 1021 bis
1173 999 1224 1020 nos
1243 996 1509 1029 morem_gerentes,
1540 991 1717 1026 Symbolicam

81 1037 241 1073 theologiam
261 1041 489 1072 transcribimus,
507 1040 556 1068 sed
575 1044 602 1067 et
617 1040 750 1073 solidam,
766 1040 795 1066 in
809 1047 865 1074 qua
888 1039 1013 1066 invenies
1027 1038 1147 1066 dilucide
1157 1040 1288 1065 enarrata
1306 1026 1408 1070 omnia,
1437 1044 1497 1072 qua:
1512 1037 1547 1064 de
1568 1037 1716 1072 sapientia.

78 1084 116 1112 de
128 1085 220 1117 domo,
233 1085 267 1113 de
280 1086 370 1114 solido
380 1087 443 1114 cibo
455 1087 481 1113 in
497 1093 581 1121 panes
595 1093 628 1113 ac
649 1086 776 1113 victimas
809 1086 969 1116 distributo,
999 1085 1089 1120 deque
1099 1085 1125 1112 id
1136 1092 1223 1119 genus
1238 1084 1299 1111 aliis
1314 1084 1341 1110 in
1354 1084 1513 1111 universum
1540 1083 1718 1110 tradebantur

79 1130 237 1158 obscurius.
262 1130 311 1159 Est
333 1132 407 1159 enim
427 1131 534 1159 libellus
553 1131 598 1158 bic
613 1131 695 1162 talis,
717 1134 747 1158 ut
770 1130 798 1158 in
814 1138 869 1166 quo
886 1138 972 1166 queas
984 1130 1108 1157 invenire
1134 1129 1292 1165 symbolice
1305 1129 1389 1157 totius
1420 1128 1562 1164 theologize
1575 1128 1716 1155 rationes:

80 1176 128 1211 qui
144 1177 234 1205 verbis
248 1178 399 1205 etiamnum
413 1177 563 1213 Scriptura:
577 1177 646 1205 mire
659 1178 782 1205 concinit
793 1178 872 1213 juxta
890 1185 985 1205 sacras
1004 1177 1178 1209 traditiones,
1188 1184 1258 1212 quas
1271 1184 1287 1203 a
1302 1179 1401 1204 sancto
1426 1176 1567 1212 Apostolo,
1604 1176 1719 1203 admira-

79 1221 185 1257 bilique
206 1221 320 1250 doctore
338 1230 415 1255 meo,
440 1223 493 1258 ipsi
511 1223 586 1250 velut
602 1230 652 1258 per
673 1230 773 1250 manus
792 1224 960 1259 accepimus.

275 1279 330 1305 ΕΙΣ
344 1279 416 1306 ΤΗΝ
430 1279 627 1306 ΕΠΙΣΤΟΛΗΝ
643 1281 673 1308 l’.

121 1323 153 1350 Ἦ
164 1325 212 1359 μὲν
228 1325 356 1360 ἐπιστολὴ
369 1325 433 1358 ἀξία
446 1326 497 1361 τῆς
512 1326 691 1362 ἀρχαιότητος
699 1326 808 1360 ἐκείνης
823 1326 872 1362 τῆς

79 1372 156 1408 ίερᾶς
172 1373 218 1398 καί
234 1372 282 1398 τοῦ
297 1372 428 1408 μαθητοῦ.
442 1372 471 1399 ὃν
488 1373 583 1407 ἠγάπα
599 1374 613 1400 ὁ
630 1371 748 1409 Ἰησοῦς.
763 1373 812 1409 τὴν
828 1373 873 1408 χά-

78 1426 123 1454 ριν
145 1417 361 1452 ἀπαγγέλλουσα.
379 1418 456 1444 Ἐστι
472 1418 500 1444 δὲ
519 1417 682 1454 συμϐάλλειν
699 1418 730 1444 ὲκ
746 1418 796 1453 τῆς
813 1419 872 1444 ἐπι-

79 1463 175 1498 στολῆς
190 1463 302 1499 ταύτης,
319 1463 365 1490 καὶ
381 1464 413 1490 ὲκ
429 1463 480 1498 τῆς
497 1464 565 1499 πρὸς
581 1464 626 1490 τὸν
638 1464 714 1497 ἆγιον
732 1463 873 1498 Πολύχαρ-

78 1518 129 1536 πον
152 1509 267 1546 ἑϐδόμης
289 1509 387 1545 οὔσης,
411 1507 480 1536 εἶναι
496 1510 542 1537 τὸν
562 1510 649 1546 μέγαν
665 1509 812 1541 Διονύσιον,
830 1510 873 1536 ὅτε

77 1555 164 1583 ταῦτα
181 1556 310 1592 ἔγραψεν,
331 1555 398 1582 ἐτῶν
416 1556 479 1589 περί
497 1565 548 1583 που
565 1557 742 1592 ἐννενήκοντα
753 1565 759 1571 ·
778 1557 807 1582 ὲν
824 1556 874 1592 μὲν

77 1602 133 1638 γὰρ
148 1603 181 1636 τῇ
198 1601 266 1637 πρὸς
281 1601 328 1627 τὸν
344 1601 420 1634 ἃγιον
438 1600 614 1636 Πολύκαρπύν
629 1609 721 1636 φησιν,
740 1601 780 1627 ὃτι
797 1601 826 1627 ὲν
840 1602 872 1636 τῇ

78 1648 139 1675 κατ’
156 1648 292 1682 Αἴγυπτον
307 1647 477 1674 Ἡλιουπόλει
492 1647 604 1681 διάγων,
621 1647 753 1674 ἐθεάσατο
768 1647 817 1683 τὴν
827 1647 874 1674 ἐπὶ

77 1693 117 1728 τῷ
134 1693 261 1728 σωτηρίῳ
279 1691 388 1727 σταυρῷ
405 1692 552 1728 γενομένην
577 1692 624 1718 τοῦ
642 1692 716 1727 ἡλίου
743 1692 872 1726 ἔκλειψιν,

75 1740 146 1775 ὅπερ
162 1739 272 1773 γέγονεν
291 1740 320 1765 ἐν
336 1739 374 1774 τῷ
390 1739 617 1774 ὀκτωκαιδεκάτῳ
642 1739 697 1765 ἔτει
719 1739 768 1774 τῆς
793 1739 873 1766 Τιϐε-

78 1786 137 1821 ρίου
155 1785 308 1820 βασιλείας·
325 1785 365 1821 τῷ
381 1786 436 1821 γὰρ
452 1785 686 1821 πεντεκαιδεκάτῳ
703 1785 756 1812 ἔτει
773 1785 874 1821 ἤρξατο

75 1831 124 1859 τοῦ
141 1832 318 1868 κηρύγματος
334 1833 349 1858 ό
364 1832 467 1868 Κύριος
483 1832 561 1868 ἡμῶν
573 1832 677 1868 Ἰησοῦς
693 1832 819 1867 Χριστὸς,
836 1831 874 1862 ὡς

76 1878 106 1903 ὲν
123 1877 161 1911 τῷ
177 1877 249 1903 κατὰ
265 1877 371 1904 Λουκᾶν
387 1877 513 1913 δηλοῦται
530 1877 593 1912 θείῳ
610 1877 779 1912 Εὑαγγελίῳ.
804 1877 874 1912 Τρία

75 1923 100 1950 δ’
117 1922 164 1957 ἐτη
182 1923 239 1958 μετ’
252 1923 350 1957 ὀλίγων
365 1923 412 1950 καὶ
430 1922 523 1959 μηνῶν
540 1922 672 1959 κηρύξας,
690 1922 760 1950 ἑκὼν
774 1922 873 1958 πάσχει

75 1970 90 1995 ὁ
107 1969 245 2005 Δεσπότης
261 1970 378 2005 Χριστὸς
391 1971 438 1996 καὶ
454 1969 520 2001 Θεὸς
542 1969 637 2005 ἡμῶν,
656 1969 694 2001 ὡς
710 1967 779 1996 εἶναι
793 1970 873 1996 Τιϐε-

78 2015 137 2054 ρίου
161 2015 196 2050 ιη’
221 2015 289 2047 ἔτος.
306 2015 478 2042 Ἐϐασίλευσε
494 2016 522 2042 δὲ
538 2015 662 2052 Τιϐέριος
678 2016 749 2051 ἀμφὶ
773 2015 808 2042 τὰ
831 2018 872 2051 κγ’

77 2062 141 2096 ἐτη,
162 2061 199 2092 ὡς
215 2059 284 2088 εἶναι
300 2061 354 2087 ἀπὸ
369 2060 415 2087 τοῦ
434 2061 567 2097 σωτηρίου
584 2061 687 2093 πάθους
709 2062 761 2093 ἕως
783 2062 874 2088 τελευ-

77 2108 130 2143 τῆς
145 2107 271 2143 Τιϐερίου
288 2107 336 2143 ἐτη
354 2107 390 2140 ς’.
408 2107 556 2143 Ἑξωρίσοη
579 2108 607 2135 δὲ
622 2109 637 2134 ὁ
654 2108 731 2142 ἅγιος
747 2108 873 2134 ’Λπόστο-

77 2155 123 2185 λυς
139 2155 186 2181 καὶ
202 2153 404 2189 Εὑαγγελιστὴς
424 2154 549 2188 Ἰωάννης
565 2156 593 2180 ὲν
610 2154 713 2189 Πάτμῳ
729 2155 761 2189 τῇ
786 2155 871 2190 νήσῳ,

75 2202 139 2237 ἦτις
155 2201 213 2227 ἐστὶ
230 2201 279 2236 μία
295 2200 349 2227 τῶν
366 2200 514 2227 Κυκλάδων
531 2202 634 2237 νήσων,
654 2201 718 2237 περὶ
734 2202 764 2227 τὸ
780 2201 872 2228 τελευ-

76 2248 151 2274 ταῖον
168 2247 227 2279 ἔτος
249 2247 298 2283 τῆς
310 2247 473 2282 Δομετιανοῦ
492 2247 644 2282 βασιλείας
669 2247 827 2274 ἐϐασίλευσε
843 2248 872 2274 δὲ

76 2290 154 2324 οὗτος
170 2293 217 2328 ἔτη
236 2294 276 2326 tz',
295 2294 341 2320 καὶ
359 2293 448 2328 μῆνας
464 2293 494 2319 ε’.
513 2293 677 2327 Συνάγονται
702 2294 730 2320 δὲ
755 2294 808 2320 ἀπὸ
824 2294 871 2320 τοῦ

78 2339 113 2374 ιη’
137 2339 212 2372 ἔτους
228 2340 366 2375 Τιϐερίου,
380 2340 425 2366 ὅτε
441 2341 458 2374 ἡ
476 2339 594 2375 ἔκλειψις
613 2340 736 2375 γέγονεν,
754 2341 806 2372 ἕως
822 2341 871 2376 τῆς

75 2386 204 2420 τελευτῆς
218 2385 392 2421 Δομετιανοῦ,
410 2385 458 2421 ἐτη
474 2386 509 2418 ξδ’
524 2387 589 2422 περί
605 2395 656 2413 που
671 2387 717 2414 καὶ
733 2387 816 2423 μῆνες
837 2387 868 2420 ς’.

80 2431 262 2467 ’Υποοώμεοα
273 2432 300 2458 δὲ
318 2433 363 2459 καὶ
380 2432 424 2458 τὸν
455 2433 526 2459 θεῖον
541 2433 689 2465 Διονύσιον,
706 2434 751 2460 ὅτε
774 2433 808 2460 τὰ
825 2436 871 2461 ἐπὶ

74 2477 115 2513 τῷ
140 2477 249 2515 σταυρῷ
274 2477 321 2504 τοῦ
346 2478 449 2513 Κυρίου
473 2476 553 2510 εἶδεν,
574 2477 643 2506 εἶναι
670 2479 738 2506 ἑτῶν
760 2480 808 2510 κε’,
822 2481 870 2508 ἆτε

74 2523 162 2560 οἶμαι,
189 2524 235 2551 καὶ
260 2524 299 2551 ἔτι
323 2524 561 2558 ἀναγινώσκοντα,
578 2526 616 2557 ὡς
640 2524 708 2553 εἶναι
729 2526 764 2553 τὰ
780 2527 870 2554 πάντα

74 2572 146 2607 ἀμφὶ
162 2570 197 2597 τὰ
211 2568 236 2599 ις
253 2571 299 2606 ἔτη
316 2571 382 2605 (48).
400 2570 542 2606 Μέμνηται
557 2571 585 2597 δὲ
602 2572 650 2607 τῆς
666 2572 712 2598 ἐπὶ
722 2573 768 2599 τοῦ
785 2573 869 2608 Δομε-

74 2615 167 2643 τιανοῦ
181 2615 288 2651 ἐξορίας
304 2614 350 2641 τοῦ
371 2615 522 2648 ἁγιωτάτου
536 2615 657 2642 Ἰωάννου
675 2617 721 2643 καὶ
744 2617 867 2651 θεολόγου

75 2663 122 2690 καὶ
139 2663 280 2698 Εἰρηναῖος
305 2663 333 2688 ἐν
356 2661 395 2696 τῷ
409 2662 492 2697 τρίτῳ
509 2663 556 2689 καὶ
578 2663 694 2698 πέμπτῳ
719 2663 789 2698 λόγῳ
814 2664 867 2690 τῶν

76 2713 156 2740 Κατὰ
170 2712 324 2746 αίρέσεων,
349 2712 395 2738 καὶ
411 2712 527 2748 Κλήμης
544 2713 557 2738 ὁ
580 2712 768 2749 Ἀλεξανδρεὺς
785 2715 813 2740 ἐν
829 2715 868 2750 τῷ

74 2759 146 2794 λόγῳ
161 2757 200 2793 τῷ
217 2757 281 2792 περὶ
297 2757 356 2789 τοῦ,
377 2758 423 2790 Τίς
439 2759 455 2784 ὁ
472 2757 636 2791 σιυζέῃενινς
658 2759 820 2791 πιῑωύσιιοςα
839 2761 867 2785 ἐν

73 2803 95 2839 ᾦ
121 2805 166 2831 καὶ
191 2804 256 2839 περὶ
280 2803 328 2830 τοῦ
345 2804 484 2838 γεγονότος
509 2804 661 2840 λῃστάρχου
688 2805 771 2839 λέγει.
789 2806 867 2832 “duo

76 2850 241 2887 πληροῦνται
258 2851 383 2886 Τιϐερίου
398 2850 430 2877 τί(
447 2851 582 2881 lit/iurat,
601 2852 678 2878 Γαΐου
693 2872 698 2883 ,
722 2851 864 2885 Κλεινδὶιν),

131 2947 141 2960 ε
162 2940 229 2981 Cap.
250 2948 291 2971 Ill,
313 2940 333 2975 1ἶ

1168 1279 1202 1306 1N
1218 1279 1415 1308 EPISTOLAM
1431 1278 1465 1306 Χ.

960 1326 1082 1362 Epistola
1106 1326 1164 1354 haec
1180 1330 1275 1354 sancta
1298 1326 1345 1353 illa
1361 1325 1523 1360 antiquitate
1545 1331 1608 1351 cum
1622 1324 1718 1359 primis

924 1372 1016 1408 digna.
1027 1371 1074 1399 sed
1085 1379 1174 1406 neque
1186 1370 1324 1406 indignam
1333 1378 1381 1405 par
1392 1373 1434 1397 est
1450 1369 1556 1396 censeri
1572 1368 1716 1403 discipulo.

924 1425 1005 1453 quem
1016 1425 1180 1452 magnopere
1195 1417 1323 1452 diligebat
1341 1416 1432 1448 Iesus.
1451 1417 1552 1451 quippe
1574 1423 1633 1450 qua:
1656 1423 1714 1450 gra-

924 1465 988 1492 tiam
1007 1464 1034 1490 in
1055 1471 1200 1491 commune
1212 1463 1380 1498 pronuntiet.
1396 1462 1474 1494 Quod
1497 1465 1587 1488 autem
1602 1461 1719 1490 eximius

925 1510 969 1537 hic
983 1509 1131 1545 Dionysius
1153 1516 1288 1536 annorum
1303 1508 1392 1536 aetatis
1418 1508 1501 1534 fuerit
1523 1507 1717 1542 propemodum

926 1555 1094 1591 nonaginta,
1115 1555 1225 1590 quando
1248 1555 1320 1582 hanc
1356 1554 1468 1589 scripsit
1495 1553 1659 1588 epistolam,
1685 1560 1718 1579 cx

924 1602 976 1629 hac
1001 1602 1060 1637 ipsa
1087 1602 1167 1629 liceat
1189 1602 1376 1636 conjecturam
1407 1607 1520 1635 capere;
1541 1607 1574 1626 ex
1587 1607 1618 1626 ea
1641 1599 1716 1628 item.

925 1657 986 1684 qua:
1001 1649 1034 1676 ad
1047 1652 1173 1676 sanctum
1182 1648 1361 1684 Polycarpum
1374 1646 1470 1674 ordine
1484 1645 1610 1680 septima.
1626 1645 1654 1671 In
1667 1644 1718 1670 hac

926 1695 1060 1731 siquidem
1085 1694 1120 1721 ad
1140 1698 1265 1721 sanctum
1282 1693 1460 1728 Polycarpum
1478 1691 1575 1719 asserit
1595 1698 1639 1722 se,
1654 1697 1718 1717 cum

925 1742 953 1769 in
975 1741 1110 1777 Heliopoli
1132 1740 1240 1776 (Egypti
1260 1739 1391 1774 degeret,
1411 1737 1584 1773 perspexisse
1600 1736 1718 1763 solarem

925 1788 999 1815 illam
1014 1787 1140 1822 eclipSin,
1159 1794 1213 1821 quo
1232 1789 1355 1820 tempore
1369 1783 1501 1810 Dominus
1516 1782 1596 1810 Jesus
1610 1790 1625 1809 a
1646 1781 1719 1809 salu-

924 1833 977 1860 tari
990 1840 1073 1860 cruce
1087 1831 1223 1867 pendebat
1238 1840 1244 1857 :
1258 1829 1332 1865 quod
1344 1828 1499 1864 prodigium
1516 1828 1612 1855 incidit
1627 1827 1653 1854 in
1667 1835 1717 1854 an-

924 1888 991 1907 num
1018 1881 1096 1915 regni
1113 1878 1217 1906 Tiberii
1238 1881 1366 1905 octavum
1391 1880 1418 1903 et
1433 1875 1582 1903 decimum.
1596 1874 1717 1904 Exorsus

925 1927 997 1954 enim
1010 1929 1052 1954 est
1069 1927 1156 1953 lucem
1172 1924 1313 1953 eﬂ‘undere
1328 1930 1385 1951 sua:
1402 1922 1607 1958 prmdicationis
1627 1921 1718 1948 Domi-

890 1961 911 1988 Β
925 1981 977 2001 nus
992 1976 1086 2000 nOster
1100 1971 1181 2000 Iesus
1197 1971 1326 1998 Christus
1340 1976 1413 1996 anno
1428 1969 1508 1996 istius
1523 1967 1626 1995 Tiberii
1637 1967 1718 2002 quin—

925 2023 954 2046 to
976 2023 1003 2046 et
1028 2018 1152 2050 decimo,
1169 2015 1398 2053 quemadmodum
1420 2014 1596 2050 Evangeliutn
1611 2013 1691 2040 Lucae
1704 2020 1715 2031 α

924 2065 1005 2100 plane
1027 2064 1151 2092 divinum
1174 2064 1306 2091 declarat.
1329 2062 1432 2090 Tribus
1448 2065 1538 2088 autem
1557 2060 1636 2086 annis
1663 2067 1717 2086 una

924 2119 986 2138 cum
1001 2111 1136 2138 mensium
1157 2111 1261 2145 aliquot
1285 2109 1454 2140 accessione,
1477 2107 1524 2134 ubi
1546 2105 1717 2141 prmdicatiu—

924 2158 967 2186 nis
985 2165 1097 2184 munere
1120 2157 1282 2191 perfunctus
1297 2159 1354 2187 est,
1373 2154 1516 2182 ultroneus
1532 2152 1614 2188 290
1627 2160 1656 2180 se
1676 2151 1718 2177 of-

925 2204 976 2231 fert
991 2202 1113 2238 passioni
1130 2202 1264 2229 Dominus
1285 2200 1367 2228 simul
1382 2204 1410 2227 et
1431 2199 1503 2226 Deus
1525 2203 1619 2225 noster
1637 2197 1717 2225 Jcsus

923 2249 1061 2281 Christus,
1079 2247 1190 2275 circiter
1200 2254 1302 2274 annum
1324 2245 1428 2273 Tiberii
1447 2249 1575 2272 Octavum
1593 2248 1620 2271 et
1641 2243 1717 2270 deci—

922 2304 1008 2323 mmn.
1024 2294 1156 2330 Regnavit
1173 2298 1262 2322 autem
1275 2292 1403 2320 Tiberius
1422 2291 1502 2319 annis
1521 2289 1716 2326 propemodum

923 2343 1012 2370 tribus
1025 2345 1052 2370 et
1065 2341 1178 2377 viginti,
1196 2341 1236 2367 sic
1254 2344 1281 2367 ul
1306 2347 1321 2366 a
1344 2339 1458 2366 salutari
1470 2337 1574 2365 Christi
1589 2337 1718 2373 passione

922 2389 956 2416 ad
975 2390 1077 2416 exitum
1094 2396 1181 2423 usque
1192 2387 1293 2414 Tiberii
1307 2386 1371 2413 anni
1388 2394 1435 2414 sex
1451 2384 1607 2413 intermedii
1621 2391 1714 2410 nume-

921 2439 1027 2464 rentur.
1047 2435 1165 2462 Proinde
1184 2439 1296 2461 sanctus
1310 2434 1354 2460 hic
1370 2432 1510 2468 apostolus
1532 2436 1559 2459 et
1581 2429 1716 2465 evangeli-

921 2488 964 2510 sta
980 2482 1099 2510 Joannes
1121 2482 1262 2516 ablegatus
1281 2480 1379 2508 exsilio
1400 2483 1442 2506 est
1466 2479 1493 2506 in
1510 2478 1628 2506 insulam
1650 2477 1714 2503 Pat-

922 2537 997 2559 mon,
1014 2536 1074 2563 qua:
1095 2527 1244 2563 Cycladum
1267 2535 1320 2554 una
1339 2530 1392 2559 est,
1404 2525 1456 2553 sub
1471 2529 1623 2553 extremum
1639 2523 1715 2558 regni

922 2574 1066 2601 Domitiani
1082 2581 1196 2601 annum.
1213 2572 1347 2609 Regnavit
1361 2576 1452 2600 autem
1472 2572 1496 2598 is
1508 2571 1588 2598 annis
1600 2569 1715 2605 quinde-

920 2621 985 2652 cim.
1004 2622 1145 2649 mensibus
1160 2621 1224 2648 item
1240 2620 1370 2656 quinque.
1386 2618 1427 2645 Ab
1441 2625 1514 2645 anno
1529 2617 1631 2644 Tiberii
1644 2619 1718 2642 octa-

921 2676 954 2694 vo
971 2671 998 2695 et
1020 2667 1147 2698 decimo,
1172 2673 1227 2701 quo
1253 2666 1359 2694 celebre
1382 2665 1447 2692 illud
1473 2664 1539 2692 solis
1558 2662 1710 2696 deliquium

920 2713 1043 2748 contigit,
1059 2713 1093 2740 ad
1105 2717 1219 2740 mortem
1232 2720 1319 2746 usque
1329 2709 1475 2738 Domitiani
1486 2730 1493 2740 ,
1515 2707 1637 2735 recensio
1653 2707 1710 2733 col-

918 2762 1012 2796 ligitur
1026 2768 1160 2787 annorum
1183 2761 1244 2794 plus
1270 2759 1360 2785 minus
1375 2762 1494 2792 quatuor
1515 2759 1542 2782 et
1557 2753 1708 2788 sexaginta,

920 2808 1052 2834 mensium
1069 2814 1178 2841 quoque
1192 2808 1305 2839 septem.
1324 2804 1516 2838 Supponamus
1533 2801 1606 2828 cniln
1621 2799 1708 2825 admi-

918 2853 1030 2880 rabilom
1045 2852 1116 2879 hunc
1129 2851 1302 2886 Dionysium,
1320 2849 1427 2885 quando
1445 2846 1567 2882 prodigia
1586 2845 1705 2880 cjusmth
