1940 3064
219 166 273 194 ωτ

610 167 781 196 APPENDIX
800 168 845 195 AD
863 167 979 195 OPEKA
1001 165 1029 192 S.
1051 164 1201 192 DIONYSII
1220 164 1464 193 ΑΚΕΟΡΑΟΙΤᾹΞ.

1800 167 1847 195 508

219 228 259 260 di,
276 226 391 254 Domino
405 227 481 254 cruci
495 227 586 259 allixo,
604 228 758 263 perspexit,
773 234 908 254 annorum
924 226 1005 254 fuisse

1061 224 1203 259 Νέρωνος,
1220 224 1427 251 Οὐεσπασιανοῦ
1438 244 1445 255 ,
1463 223 1559 255 Τίτου,
1582 225 1756 260 Δομετιανοῦ.
1774 226 1848 260 Λέγει

219 274 316 308 viginti
333 273 466 308 quinque,
485 273 714 308 quemadmodum
738 281 781 300 me
801 273 892 300 adhuc
912 272 1011 307 legisse

219 319 353 350 arbitror,
375 319 416 347 sic
436 322 467 346 ut
481 327 576 346 omnes
591 319 656 346 anni
679 319 780 346 fuerint
795 319 905 346 circiter
925 326 1012 345 nona-

218 366 305 401 ginta.
320 365 442 393 Meminit
458 365 540 400 hujus
557 366 730 400 relegationis
746 365 916 393 sanctissimi
927 364 1010 392 Joan-

219 412 262 439 nis
288 415 316 439 et
340 411 471 447 theologi,
501 411 653 446 imperante
678 411 832 439 Domitiano
851 410 1009 443 facthre-

219 464 295 484 meus
320 457 348 483 in
371 457 451 484 tertio
474 461 501 484 et
521 458 617 491 quinto
632 457 710 484 libris
731 457 861 484 Adversus
886 457 1007 484 hereses.

217 501 346 529 Clemens
362 502 426 529 item
441 502 646 529 Alexandrinus
662 502 689 529 in
703 510 736 529 eo
748 509 840 537 opere.
857 502 902 529 cui
915 502 1010 529 inscri-

218 547 274 581 ptio
287 552 330 575 est
346 556 352 573 :
369 548 435 581 Quis
447 548 518 575 dives
540 557 600 576 cum
616 550 650 576 sit
662 569 669 580 ,
689 549 773 583 possit
793 549 881 576 salvus
893 549 969 583 ﬁeri:
981 548 1009 575 in

217 600 272 626 quo
289 593 323 620 de
336 593 390 620 isto
403 594 563 628 praedonum
575 593 796 628 sicariorumque
812 593 937 629 principe
951 593 1009 620 vio-

219 638 293 666 lento
307 646 360 665 non
377 646 463 673 pauca
480 639 621 666 edisserit.
636 639 725 674 Atque
744 640 781 666 ita
805 639 852 674 qui
868 647 882 666 a
899 639 1008 666 Tiberio

217 684 283 711 anni
295 684 432 717 resident,
450 686 614 720 supplentur
626 693 676 720 per
697 686 913 713 intercurrentes
934 685 1008 720 prin—

217 731 292 766 cipes
305 730 402 758 Gaium
419 731 492 764 dico,
508 731 652 759 Claudium
664 752 672 764 ,
693 731 828 760 Neronem
839 752 847 763 ,
863 731 1008 766 Vespasia—

218 785 295 809 num,
309 777 414 809 Titum,
428 777 626 805 Domitianum.
642 777 714 805 Dicit
730 778 813 813 igitur
827 776 906 805 Pater
919 777 964 804 hic
977 776 1005 804 S.

217 822 468 858 Joanni'l‘heologo,
483 823 528 850 ubi
542 824 661 859 primum
675 832 723 859 per
736 824 900 859 scripturam
917 823 1008 851 verbis

217 875 278 895 eum
300 868 474 896 salutationis
498 870 655 904 appellavit.
673 870 743 903 Quid
765 870 946 898 admiratione
964 870 1007 897 di-

1061 268 1126 302 γοῦν
1142 270 1156 295 ὁ
1173 268 1265 304 πατὴρ
1278 269 1346 304 πρὸς
1362 268 1408 295 τὸν
1423 269 1621 305 εὐαγγελιστὴν
1638 270 1715 304 ἆγιον
1729 271 1850 306 Ἰωάννην

1059 315 1105 341 τὸν
1121 314 1259 349 θεολόγον,
1284 315 1350 350 μεθὸ
1371 315 1517 350 ἐγγράφως
1533 315 1614 342 αὑτὸν
1639 318 1848 353 προσηγόρευσε
1871 339 1875 342 ι

1060 360 1092 386 Τί
1117 360 1272 395 θαυμαστὸν
1296 361 1320 386 ει
1343 361 1461 396 Χριστὸς
1485 361 1628 397 ἀληθεύει,
1657 363 1704 388 καὶ
1729 363 1850 390 διώκουσι

1059 405 1122 437 τοὺς
1148 406 1241 440 ἁγίους
1261 406 1285 432 οἱ
1311 406 1415 438 ἄδικοι,
1437 405 1520 438 ἀξίως
1543 407 1681 438 ποιοῦντες
1705 407 1784 434 τοῦτο
1807 410 1851 435 καὶ

1060 453 1164 484 ἑαυτοῖς
1181 452 1296 484 καὶτοῖς
1313 452 1415 486 ἁγίοις
1439 454 1544 484 ἑαυτοῖς
1566 453 1615 488 μὲν
1626 472 1634 484 ,
1652 453 1692 479 ὁτι
1716 454 1766 480 οὐκ
1785 454 1851 487 ἄξιοί

1059 498 1111 523 εἰσι
1127 497 1177 532 τῆς
1193 497 1282 524 αὐτῶν
1298 497 1406 533 ὁμιλίας
1416 506 1422 512 ·
1447 499 1504 529 τοῖς
1527 498 1614 532 ἁγίοις
1635 498 1662 524 δὲ
1672 519 1679 530 ,
1693 499 1735 525 ﬁt
1752 499 1850 533 φυλάσ-

1060 541 1153 568 σεσθαι
1171 542 1277 569 ποιοῦσι
1293 543 1326 569 τὰ
1339 543 1404 576 ἅγια
1416 543 1538 578 άχραντα
1555 543 1609 569 ἀπὸ
1625 544 1675 579 τῆς
1691 543 1780 570 αὐτῶν
1797 553 1851 572 κοι-

1059 588 1166 620 νωνίας.
1185 589 1276 615 Ταῦτα
1291 589 1325 616 τὰ
1348 589 1433 624 ὁρατὰ
1454 589 1558 621 εἰκόνες
1573 590 1626 616 εἰσὶ
1642 590 1695 616 τῶν
1712 591 1831 626 ἀοράτων
1842 613 1849 623 ,

1059 634 1106 659 καὶ
1135 634 1213 671 εἴπερ
1241 635 1270 661 ἐν
1293 634 1332 670 τῷ
1355 635 1419 670 θείῳ
1442 635 1597 671 Εὖαγγελίῳ
1623 636 1773 672 ἀκούομεν,
1799 639 1852 664 Kal.

1058 680 1174 714 ἀροριεῖ
1186 681 1297 714 αὐτοὺς
1313 682 1362 708 ἀπ’
1380 681 1535 714 ἀλλήλων,
1553 682 1583 708 οὐ
1602 682 1654 718 χρὴ
1671 682 1774 709 οἴεσθαι
1790 684 1852 710 ὃτιὸ

1057 726 1124 757 Θεὸς
1139 726 1227 758 αἴτιός
1241 728 1298 753 ἐστι
1314 727 1362 753 τοῦ
1378 727 1531 762 ἀφορισμοῦ
1544 729 1600 759 τοῖς
1617 728 1852 764 άμαρτωλοίς,τῆς

1058 774 1087 800 ὲν
1102 773 1235 809 ἀριστερᾷ
1252 775 1383 805 στάσεως·
1402 774 1459 804 ἀλλ’
1474 775 1550 800 αὐτοὶ
1567 775 1674 807 ἑαυτοῖς
1695 775 1776 803 αῐτιοι
1792 778 1851 804 τού-

1056 828 1110 846 των
1133 820 1158 846 οἰ
1184 820 1359 856 ἁμαρτωλοὶ,
1383 820 1522 853 παντελῶς
1545 822 1658 854 ἑαυτοὺς
1675 823 1852 858 ἀφορίσαντες

1055 865 1103 891 τοῦ
1128 864 1212 891 Θεοῦ’
1237 865 1333 902 ὥσπερ
1357 867 1405 893 καὶ
1427 867 1523 900 ἄλλους
1547 868 1655 904 ὁρῶμεν
1678 869 1716 900 ὡς
1738 870 1852 905 ἐραστὰς

218 920 317 946 gnum,
341 914 364 941 si
382 913 519 947 Christus,
534 915 606 950 quod
625 924 719 943 verum
742 920 784 944 est
804 915 962 950 eloquitur:
980 919 1005 942 et

1058 909 1112 938 τῶν
1134 910 1223 937 καλῶν
1249 912 1318 946 μετὰ
1343 911 1411 938 Θεοῦ
1442 913 1616 948 γινομένους,
1640 915 1664 941 οἳ
1683 914 1716 950 δὴ
1743 916 1789 942 καὶ
1818 917 1848 942 ὲκ

218 964 421 995 persequuntur
434 961 521 996 iniqui
539 962 669 990 sanctos?
685 962 720 989 At
730 962 758 989 hi
773 962 872 997 seipsis
884 970 1008 997 peraeque

217 1013 249 1032 ac
276 1007 380 1034 sanctis
404 1007 486 1042 digna
512 1013 620 1044 gerunt.
645 1008 750 1043 Seipsis
779 1008 908 1043 quidem,
935 1008 1008 1044 quod

216 1056 377 1080 sanctorum
401 1061 580 1089 congressum
603 1062 718 1089 prorsus
734 1054 789 1082 sint
803 1054 925 1089 indigni;
947 1061 1008 1081 san-

215 1097 269 1125 ctis
286 1103 389 1130 autem,
401 1099 474 1134 quod
490 1100 541 1126 hac
566 1099 671 1127 ratione
693 1099 869 1135 provideatur
889 1105 928 1132 ut,
947 1107 1008 1134 qua:

215 1149 309 1171 sancta
326 1149 407 1174 sunt.
432 1145 594 1173 intemerata
616 1150 760 1174 serventur
776 1147 809 1173 ab
827 1146 935 1173 illorum
961 1145 1008 1172 im-

216 1198 284 1225 pura
305 1193 507 1222 communione.
533 1193 630 1220 lsthazc
643 1193 716 1221 enim
734 1193 851 1221 visibilia
874 1193 1007 1228 imagines

216 1245 354 1271 expressae
370 1243 434 1266 sunt
451 1239 640 1267 invisibilium.
658 1239 771 1268 Etiamsi
787 1240 814 1266 in
829 1244 1007 1268 sacrosancto

216 1282 364 1318 Evangelia
383 1285 492 1312 recitari
517 1285 663 1314 audiamus
679 1296 686 1313 :
713 1285 746 1312 Et
761 1285 894 1319 separabit
913 1294 957 1313 eos
973 1285 1006 1312 ab

218 1330 376 1358 invicemd:
402 1339 456 1358 non
477 1332 609 1360 continuo
626 1333 701 1360 credi
726 1333 806 1360 debet
829 1332 901 1360 Deus
926 1333 1006 1361 istius

217 1380 313 1404 auctor
337 1385 398 1405 esse
422 1379 605 1413 separationis
630 1387 645 1406 a
673 1379 876 1414 peccatoribus,
903 1380 948 1414 qui
971 1379 1006 1406 ad

217 1422 360 1450 sinistram
377 1423 564 1452 constituendi
579 1429 644 1452 sunt
660 1434 666 1452 ε
683 1425 775 1453 verius
794 1425 820 1452 hi
837 1425 888 1453 sibi
912 1429 1006 1452 aucto-

217 1475 262 1496 res
279 1471 343 1495 sunt
355 1468 415 1502 ejus
429 1469 494 1496 mali
514 1475 672 1504 peccatores
683 1490 691 1502 ,
712 1470 812 1505 quippe
830 1471 876 1505 qui
900 1471 1005 1506 seipsos

217 1520 331 1548 prorsus
356 1514 475 1542 ultronei
506 1519 716 1550 sequestrarunt
742 1523 758 1542 a
781 1515 829 1543 Dei
851 1517 1004 1544 consortio.

215 1558 451 1594 Quemadmodum
465 1560 518 1595 ipsi
535 1560 603 1588 alios
619 1560 817 1596 perspicimus,
832 1561 906 1607 quod
927 1561 1004 1607 probi
1019 1579 1040 1607 ε

216 1605 272 1633 sint
284 1609 420 1633 amatores
435 1613 527 1633 rerum
543 1613 591 1640 per
605 1613 634 1633 se
651 1606 843 1638 honestarum,
861 1606 915 1634 Deo
929 1606 1006 1633 fami-

216 1651 312 1678 liarius
327 1651 423 1687 jungi:
445 1651 558 1687 jamque
573 1652 652 1687 291
669 1660 702 1679 ex
722 1653 851 1687 pra=senti
868 1653 1005 1688 primitias

216 1694 350 1730 quasdam
376 1700 513 1723 secuturae
533 1704 596 1723 mox
619 1697 681 1724 vitae
697 1705 880 1732 praecerpere;
904 1702 933 1725 ut
957 1699 1004 1734 qui

216 1741 288 1768 inter
311 1741 436 1770 homines
454 1742 488 1769 ad
508 1743 637 1778 angelica:
659 1743 878 1771 conversationis
906 1743 1004 1779 imagi-

216 1795 278 1814 nem
303 1795 369 1815 suos
396 1788 447 1823 ipsi
473 1797 564 1816 mores
595 1789 724 1817 decenter
749 1794 917 1825 componunt
941 1798 1004 1818 cum

216 1834 291 1861 omni
303 1834 389 1861 divini
404 1835 523 1862 nominis
539 1835 728 1863 obsecratione
746 1839 773 1863 et
788 1837 943 1864 sanctitate.
957 1836 1004 1864 Dei

217 1880 326 1914 quidem
338 1879 586 1908 denominalionem
602 1889 635 1909 eo
649 1881 755 1908 inducit
769 1881 849 1909 Pater
859 1882 916 1910 sive
931 1882 1003 1918 quod

217 1926 341 1954 actiones
358 1934 423 1955 suas
436 1934 533 1955 omnes
549 1927 577 1954 in
600 1927 648 1954 Dei
668 1935 775 1962 semper
797 1929 907 1956 nomine
930 1937 1005 1964 pera-

217 1975 299 2007 gant;
314 1976 360 1999 aut
376 1973 441 2008 quia
455 1980 470 2000 a
481 1973 547 2005 Deo.
562 1973 691 2001 nimirum
713 1973 834 2007 Christo,
851 1976 1005 2003 nomencla-

216 2022 307 2045 turam
324 2019 425 2051 sortiti,
438 2018 541 2047 Christi
557 2020 640 2047 vitam
661 2020 743 2056 digna
766 2021 923 2056 exprimunt
937 2030 1004 2049 con-

218 2064 380 2092 Vcrsatione.
397 2064 456 2092 Jam
475 2068 501 2093 te
517 2065 628 2100 quidem
654 2073 795 2100 nunquam
816 2066 933 2094 dixerim
949 2068 1004 2095 ulla

217 2111 286 2139 attici
303 2111 449 2146 passione;
466 2112 513 2140 sed
529 2115 556 2139 et
573 2112 596 2139 si
610 2111 676 2148 quid
689 2113 798 2140 interim
820 2112 931 2140 amiclat
942 2121 1005 2141 cor-

217 2165 306 2192 poreae
319 2158 456 2192 passionis
467 2178 474 2190 ,
490 2162 604 2186 eatenus
618 2159 673 2193 pati
691 2161 717 2186 te
735 2159 901 2193 censuerim,
914 2164 1005 2195 quate-

217 2211 281 2234 nus,
299 2211 436 2239 sensuque
452 2204 511 2239 ipso
526 2204 645 2239 percipis
660 2204 793 2236 dolorem,
803 2209 831 2232 ut
844 2213 878 2232 ne
892 2213 1004 2234 maneas

218 2250 405 2278 incoronatus.
422 2249 541 2278 Proinde
562 2258 616 2278 non
636 2250 736 2285 injuria
762 2251 816 2279 illis
839 2259 1002 2285 succenseo,

216 2294 263 2326 qui
286 2301 316 2323 5e
332 2295 473 2323 conﬁdunt
495 2303 576 2330 posse
591 2300 627 2328 te,
651 2296 903 2332 splendidissimum
916 2298 1002 2325 solem

217 2339 356 2374 Evangelii
371 2341 398 2367 in
421 2341 547 2368 exsilium
567 2342 748 2376 proscribere.
773 2343 801 2369 ln
818 2343 889 2370 votis
904 2343 1004 2370 nihilo—

217 2385 322 2418 minus,
344 2390 374 2413 ut
394 2387 436 2414 vel
452 2387 480 2413 hi
501 2387 609 2415 demum
625 2388 660 2415 ad
675 2384 794 2415 sobriam
820 2393 847 2416 et
862 2389 1002 2416 meliorem

216 2434 334 2458 mentem
355 2432 482 2466 redeant,
497 2437 524 2460 et
539 2433 572 2460 ad
589 2438 616 2461 te
633 2437 780 2461 accurrant
793 2434 872 2462 ocius
885 2444 892 2462 :
912 2440 940 2463 ut
955 2440 1002 2462 tuo

216 2476 360 2510 splendore
372 2478 512 2510 illustrati,
527 2483 636 2507 κιαι-ηπ
650 2479 747 2508 salutis
763 2480 829 2507 ﬁant
844 2481 1000 2516 participes.

216 2520 451 2554 Quemadmodum
474 2523 546 2550 enim
573 2523 596 2551 is
620 2524 735 2552 insania:
758 2525 855 2553 morbo
881 2527 1002 2561 percitus

216 2567 339 2594 creditur
353 2568 401 2603 qui
422 2577 451 2596 se
473 2572 550 2604 putat
568 2569 654 2597 solem
671 2570 745 2598 hunc
766 2571 907 2599 includere
922 2579 1004 2606 posse

1056 955 1108 992 τῆς
1123 956 1262 992 παρούσης
1276 957 1349 993 ζωῆς
1361 957 1411 993 τῆς
1428 957 1576 995 μελλούσης
1591 959 1780 996 ἀπάρχονται,
1801 961 1849 995 ἀγ-

1059 1002 1236 1038 γελοπρεπῶς
1252 1005 1280 1030 έν
1298 1004 1373 1040 μέσῳ
1392 1004 1446 1031 τῶν
1467 1005 1552 1032 ἄλλων
1569 1005 1720 1041 ἀνθρώπων
1743 1008 1854 1042 ἐμπολι-

1058 1048 1198 1084 τευόμενοι
1217 1049 1265 1076 σὺν
1283 1050 1358 1087 πάσῃ
1376 1050 1513 1087 θεωνυμίᾳ
1528 1052 1574 1078 καὶ⁸
1591 1053 1725 1088 ἁγιότητι.
1749 1054 1855 1081 Θεωνυ-

1060 1094 1124 1130 μίαν
1141 1094 1170 1120 δὲ
1185 1094 1257 1129 λέγει
1272 1095 1288 1131 ἢ
1303 1095 1334 1122 τὸ
1351 1096 1467 1123 πάντοτε
1482 1098 1510 1122 ἐν
1527 1097 1566 1132 τῷ
1581 1097 1693 1133 ὀνόματι
1717 1099 1764 1126 τοῦ
1787 1100 1855 1126 Θεοῦ

1059 1140 1147 1167 πάντα
1164 1141 1294 1176 πράττειν
1307 1142 1406 1174 αὐτούς
1418 1151 1425 1157 ·
1443 1143 1459 1178 ἢ
1477 1142 1506 1169 τὸ
1524 1143 1578 1170 ἀπὸ
1602 1144 1648 1170 τοῦ
1666 1145 1733 1172 Θεοῦ
1746 1166 1753 1177 ,
1771 1146 1855 1180 ἧγουν

1058 1184 1105 1211 τοῦ
1119 1185 1236 1221 Χριστοῦ
1247 1186 1472 1221 ὀνομαζομένους,
1484 1187 1544 1214 κατ’
1555 1187 1639 1214 αὐτὸν
1654 1189 1854 1218 πολιτεύεσθαι.

1065 1231 1150 1266 Ὑμᾶς
1167 1229 1213 1258 οὖν
1229 1231 1279 1258 οὐκ
1295 1231 1328 1259 άν
1347 1241 1411 1258 ποτε
1437 1232 1543 1268 εἴποιμι
1568 1234 1700 1270 πάσχειν,
1718 1235 1785 1261 ἀλλὰ
1810 1237 1856 1262 καὶ

1057 1278 1085 1304 εἴ
1098 1286 1123 1304 τι
1139 1277 1172 1305 ἂν
1190 1278 1319 1313 πάσχοιτε
1343 1280 1515 1313 σωματικὸν,
1540 1281 1610 1308 κατὰ
1635 1281 1762 1308 τοσοῦτον
1783 1282 1857 1316 λέγω

1058 1323 1170 1358 πάσχειν
1193 1324 1279 1359 ὑμᾶς,
1302 1324 1417 1351 καθόσον
1436 1325 1588 1362 διακρίνετε
1610 1328 1657 1353 καὶ
1678 1326 1855 1359 αἰσθάνεσθε,

1058 1369 1101 1396 ἵνα
1126 1369 1163 1405 μὴ
1180 1370 1366 1404 ἀστεφάνωτοι
1388 1371 1508 1408 μείνητε,
1527 1373 1678 1408 Μέμφομαι
1693 1374 1720 1400 δὲ
1743 1373 1858 1405 δικαίως

1056 1415 1119 1447 τοὺς
1134 1415 1294 1451 νομίξοντάς
1309 1425 1338 1442 σε
1355 1417 1401 1443 τὸν
1419 1417 1467 1444 τοῦ
1484 1418 1651 1453 Εὑαγγελίου
1666 1418 1741 1454 ἥλιον
1760 1428 1857 1456 περιο-

1058 1462 1152 1497 ρίζειν.
1171 1462 1294 1498 Εὖχομαι
1310 1463 1338 1489 δὲ
1353 1463 1428 1498 ὅμως
1450 1464 1585 1500 ἀνανῆψαι
1602 1466 1649 1492 καὶ
1666 1467 1858 1502 προσδραμεῖν

1059 1517 1110 1539 σοι,
1126 1509 1169 1535 ῐνα
1186 1509 1365 1544 φωτισθέντες
1383 1510 1522 1537 σωθῶσιν·
1541 1511 1635 1548 ὥσπερ
1658 1512 1712 1549 γὰρ
1732 1513 1859 1550 μέμηνεν

1057 1555 1070 1580 ὁ
1084 1555 1206 1590 οἰόμενος
1231 1555 1277 1582 τὸν
1298 1556 1373 1590 ἥλιον
1395 1556 1488 1584 τοῦτον
1513 1558 1679 1593 περικλείειν
1702 1560 1732 1585 ὲν
1758 1560 1836 1596 τόπῳ
1850 1582 1857 1590 ,

1057 1598 1127 1626 οὕτω
1142 1600 1189 1626 καὶ
1201 1596 1274 1626 οὗτοι
1291 1601 1426 1637 μεμήνασι
1447 1602 1601 1637 νομίζοντες
1621 1603 1652 1629 τὸ
1668 1603 1725 1637 φῶς
1742 1604 1790 1630 τοῦ
1810 1606 1860 1632 Εὑ-

1057 1645 1184 1680 αγγελίιιυ
1206 1646 1374 1682 περιορίζειν
1397 1648 1445 1674 σὺν
1471 1648 1513 1674 σοὶ
1537 1649 1566 1674 ὲν
1597 1649 1700 1684 Πάτμῳ
1716 1651 1750 1685 τῇ
1767 1651 1859 1686 νήσῳ.

1063 1691 1152 1727 Ἦμᾶς
1168 1693 1197 1719 δὲ
1226 1693 1287 1720 οὐδὲ
1303 1693 1333 1720 τὸ
1348 1694 1477 1726 ἐναντίον,
1495 1694 1616 1721 τουτέστι
1632 1695 1662 1721 τὸ
1682 1696 1729 1723 καὶ
1744 1699 1861 1733 πορρω-

1055 1738 1127 1773 τέρω
1143 1739 1293 1773 ἀφεστάναι
1311 1739 1508 1776 (49).στερήσει
1528 1740 1576 1767 τοῦ
1599 1740 1646 1767 σοῦ
1670 1743 1770 1776 φωτός·
1798 1743 1860 1770 ἀλλ’

1055 1785 1085 1811 ὲν
1103 1785 1151 1820 μὲν
1167 1785 1206 1821 τῷ
1223 1786 1333 1812 ἀπεῖναι
1358 1795 1405 1818 σε,
1431 1787 1461 1813 τὸ
1484 1787 1529 1813 σὺν
1546 1787 1712 1823 Εὑαγγέλιον
1726 1790 1861 1825 ἀναγνω-

1056 1831 1168 1867 σόμεθα,
1184 1831 1253 1866 ὅπερ
1271 1832 1381 1867 μνήμην
1397 1832 1446 1868 τῆς
1462 1831 1579 1868 ἀληθοῦς
1605 1834 1688 1860 αὑτοῦ
1711 1834 1863 1870 θεολογίας

1056 1877 1207 1909 εὺουεὸλως
1220 1877 1356 1913 ὀνομάζει.
1375 1878 1453 1905 Μετὰ
1471 1879 1557 1914 βραχὺ
1574 1880 1601 1906 δὲ
1612 1901 1619 1912 ,
1634 1881 1678 1907 ὅτε
1695 1881 1871 1918 ἀνακληθῇς,

1056 1922 1126 1949 κατὰ
1144 1922 1290 1959 πρόσωπον
1306 1923 1429 1958 ἀλλήλοις
1439 1923 1629 1960 ἐντευξόμεθα·
1647 1925 1662 1951 ὃ
1677 1925 1724 1952 κα)⁴
1741 1926 1781 1958 ὡς
1793 1928 1864 1954 ἀπο-

1056 1970 1202 2004 καλυφθεὶς
1218 1971 1251 1997 ὲκ
1270 1969 1336 1996 Θεοῦ
1353 1970 1525 2006 προφητεύω,
1542 1971 1584 1997 ὅτι
1599 1971 1664 1998 εἵσω
1681 1972 1862 2008 βραχυτάτου

1056 2017 1154 2052 χρόνου
1171 2015 1347 2052 άνακληθήσῃ
1365 2016 1414 2051 τῆς
1427 2016 1544 2053 ὲξορίας.
1563 2018 1630 2054 Περὶ¹
1647 2018 1700 2054 γὰρ
1716 2019 1748 2045 τὸ
1762 2020 1864 2047 τελευ-

1055 2064 1130 2090 ταῖον
1146 2062 1204 2094 ἔτος
1217 2063 1268 2098 τῆς
1281 2062 1445 2098 Δομετιανοῦ
1465 2063 1603 2098 βασιλείας
1619 2065 1648 2090 ὲν
1669 2065 1777 2101 Πάτμῳ
1795 2068 1865 2101 ἐφυ-

1056 2109 1184 2144 γαδεύθη,
1202 2109 1320 2144 διωγμὸν
1341 2110 1503 2145 κινήσαντος
1525 2110 1572 2137 τοῦ
1590 2112 1768 2146 Δομετιανοῦ,
1790 2112 1866 2141 Εἶτα

1056 2157 1121 2193 περὶ
1133 2157 1182 2192 τὴν
1195 2156 1323 2192 τελευτὴν
1338 2156 1420 2182 αὑτοῦ
1436 2157 1482 2183 τοῦ
1498 2156 1640 2192 βασιλέως,
1653 2158 1704 2195 ὁρᾷ
1719 2159 1771 2195 τὴν
1781 2160 1866 2188 θείαν

1056 2202 1234 2237 ἀποκάλυψιν.
1250 2202 1305 2228 Καὶ
1322 2201 1389 2237 μετὰ
1399 2202 1486 2229 ταῦτα
1501 2203 1636 2238 βασιλεύει
1653 2205 1792 2240 Νερούας·
1814 2208 1868 2233 καὶ

1019 2251 1041 2278 ι)
1056 2249 1135 2281 εὐθὺς
1151 2249 1324 2276 ἀνακαλεῖται
1333 2249 1438 2280 πάντας
1445 2250 1508 2281 τοὺς
1517 2248 1715 2285 ὲξορισθέντας,
1726 2252 1773 2278 ὅτε
1787 2255 1843 2280 καὶ
1854 2256 1868 2281 ὁ

1058 2295 1135 2330 ἅγιος
1155 2295 1281 2330 Ἰωάννης
1301 2295 1315 2320 ὁ
1341 2293 1465 2328 θεολόγος
1487 2295 1637 2331 ἐπανῆλθεν
1665 2297 1705 2328 εἰς
1726 2298 1867 2332 Ἔφεσον.

1057 2344 1103 2369 Δεῖ
1117 2342 1145 2368 δὲ
1161 2341 1304 2376 γινώσκειν
1326 2342 1366 2368 ὃτι
1384 2343 1401 2377 ὴ
1427 2342 1475 2368 ἐπὶ
1490 2342 1539 2378 τὴν
1562 2342 1644 2377 νῆσον
1666 2343 1758 2379 ὲξορία
1779 2346 1869 2381 παρὰ

1063 2388 1208 2424 Ῥωμαιοις
1222 2387 1370 2422 κεφαλικὴν
1384 2388 1518 2423 τιμωρίαν
1534 2389 1667 2423 ἐμιμεῖτο·
1682 2390 1729 2416 καὶ
1745 2390 1870 2424 λέγεται

1057 2434 1265 2468 δεπορτατίων.
1279 2434 1333 2460 Καὶ
1349 2434 1379 2460 οὐ
1397 2433 1507 2460 δύναται
1517 2434 1531 2459 ὁ
1545 2434 1636 2470 ἄρχων
1643 2434 1691 2470 τὴν
1705 2435 1792 2470 νῆσον
1807 2437 1867 2463 ὀνο»

1059 2480 1163 2516 μάζειν,
1181 2481 1205 2507 εἰ
1227 2480 1264 2516 μὴ
1284 2481 1298 2507 ὁ
1318 2480 1443 2515 βασιλεὺς
1461 2481 1550 2516 μόνος.
1571 2481 1600 2508 '0
1616 2482 1680 2516 γοῦν
1701 2483 1869 2516 ἁγιώτατος

1056 2525 1202 2557 ἀπόστολος
1228 2526 1274 2552 καὶ
1303 2525 1497 2561 εὐαγγελιστὴς
1529 2526 1655 2562 Ἰωάννης
1682 2528 1696 2554 ὁ
1728 2527 1869 2562 θεολόγος

1057 2571 1236 2606 δεπορτάτος
1249 2571 1367 2606 ἐγένετο,
1384 2572 1466 2607 ἡγουν
1480 2573 1520 2603 εἰς
1535 2572 1615 2607 νῆσον
1631 2571 1784 2609 ὲξόριστος.

215 2613 269 2641 loci
284 2614 438 2649 cujuspiam
455 2616 611 2650 angustiis:
641 2615 714 2644 haud
737 2625 818 2645 secus
847 2617 886 2644 illi
904 2618 970 2645 mihi
992 2618 1115 2646 insanire
1143 2618 1288 2651 videntur,
1319 2617 1366 2652 qui
1391 2618 1618 2646 micantissimam
1650 2618 1796 2655 Evangelii
1821 2620 1852 2647 ltt

214 2668 274 2689 cem
299 2662 468 2690 arbitrantur
493 2671 522 2690 se
548 2670 628 2698 posse
657 2668 745 2692 tecum
771 2666 844 2692 intra
877 2667 1014 2694 cancellos
1047 2666 1135 2694 Patmi
1168 2667 1265 2694 insulas
1293 2665 1531 2693 circumscribere.
1555 2664 1610 2693 Nos
1639 2669 1731 2692 autem
1764 2674 1869 2701 neque.

215 2709 400 2740 contrarium.
417 2709 470 2737 hoc
486 2715 545 2742 est,
562 2710 724 2746 longissimo
747 2712 809 2740 licet
826 2711 974 2739 interstitio
990 2720 1005 2739 a
1031 2712 1111 2740 nobis
1136 2713 1301 2748 sejnugaris,
1327 2712 1438 2748 privare
1462 2712 1563 2747 poterit
1586 2715 1639 2738 tuae
1669 2711 1780 2746 fulgore
1817 2720 1869 2739 sa-

217 2755 346 2790 pientiai:
368 2755 433 2791 quin
457 2756 570 2784 absente
592 2757 742 2784 etiamnum
768 2762 804 2791 te,
827 2764 903 2785 tuum
932 2757 1110 2785 nihilominus
1141 2758 1289 2785 identidem
1312 2757 1489 2785 recitabimus
1516 2756 1709 2791 Evangelium.
1740 2757 1777 2784 Et
1808 2758 1869 2785 hoc

216 2800 337 2835 profecto
365 2802 524 2830 memoriam
555 2802 704 2831 verissima:
740 2803 826 2839 ipsius
855 2804 997 2839 theologia:
1034 2804 1102 2832 scite
1137 2803 1283 2831 admodum
1311 2803 1433 2831 nominat
1482 2802 1547 2830 l‘ost
1579 2810 1643 2829 vero
1677 2802 1869 2838 aliquantum

253 2890 265 2910 ἀ
289 2890 382 2919 Μῦιιιι.
404 2896 466 2924 am,
483 2893 527 2920 52.
