1940 3064
233 183 286 212 52Ὶ

549 187 574 209 λη
602 178 772 208 APPENDIX
788 178 834 206 AD
850 177 963 211 OPERA
985 177 1013 205 S.
1030 176 1178 206 DIONYSII
1196 176 1435 206 AREOPAGIT/E.

1780 181 1824 210 528

237 252 1818 274 ,Μ

459 331 676 416 ΤΟΥ
703 331 1038 417 ΑΓΙΟΥ
1073 326 1607 420 ΜΑΞΙΜΟΥ

882 469 1198 538 ΣΧΟΛΙΑ

397 595 484 644 ΕΙΣ
509 594 611 638 ΤΑΣ
637 593 750 637 ΤΟΥ
767 590 935 636 ΑΓΙΟΥ
963 591 1261 637 ΔΙΟΝΥΣΙΟΥ
1284 589 1670 637 ΑΡΕΟΠΑΓΙΤΟΥ

823 686 1255 747 ΕΠΙΣΤΟΛΑΣ

675 842 1028 923 SANCTI
1053 843 1404 924 MAXIMI

869 983 1206 1049 SCHOLIA

411 1110 473 1154 IN
511 1108 833 1156 EPISTOLAS
869 1110 917 1155 S.
952 1109 1228 1156 DIONYSII
1256 1108 1653 1157 AREOPAGI'I‘IE

461 1206 635 1244 lnterprete
651 1203 828 1235 Balthasare
846 1203 1010 1242 Corderio,
1027 1205 1193 1237 Societatis
1207 1207 1285 1238 Jesu
1303 1206 1430 1237 doctore
1448 1206 1606 1247 theologo.

421 1318 502 1354 303
519 1318 553 1346 IN
572 1318 768 1347 EPISTOLAM
786 1319 808 1346 I.

265 1364 388 1401 Gonjicio
401 1364 497 1392 Caium
513 1365 586 1392 hunc
614 1372 686 1396 esse,
701 1365 735 1391 ad
746 1372 826 1399 quem
843 1364 875 1392 D.
890 1363 1011 1393 Joannes

231 1411 397 1447 evangelista
415 1411 523 1438 tertiam
548 1418 625 1438 suam
646 1410 756 1445 scripsit
775 1409 929 1445 epistolam,
945 1417 1012 1438 con-

229 1457 364 1493 jecturam
388 1456 460 1484 banc
483 1464 593 1492 quoque
617 1456 731 1484 ﬁrmans
756 1463 790 1483 ex
817 1455 896 1489 aliis,
910 1456 1012 1491 quibus

231 1503 341 1531 divinus
354 1502 399 1530 hic
414 1502 456 1530 vir
466 1510 521 1530 una
535 1510 598 1530 cum
614 1502 745 1537 apostolis
759 1502 889 1530 convixit.
907 1501 1010 1529 Thera-

230 1553 327 1584 peutas
344 1553 446 1582 autem,
460 1549 550 1583 capite
567 1551 646 1576 sexto
659 1547 697 1575 De
711 1547 889 1575 ecclesiastica
910 1548 1012 1575 Ιιὶεναν-

230 1595 381 1628 ckia,dix.it
411 1595 541 1630 appellari
574 1595 743 1627 monachos,
775 1594 875 1622 ibidem
910 1595 1012 1622 docens

229 1649 348 1676 quanam
364 1641 472 1668 ratione
486 1641 677 1674 instituantur,
697 1649 758 1670 cum
770 1649 826 1669 non
838 1642 893 1669 sint
907 1641 1009 1672 clerici,

230 1684 331 1722 populo
350 1690 441 1715 tamen
465 1687 650 1715 sublimiores.
680 1687 735 1716 Hos
759 1691 849 1715 autem
869 1686 947 1714 Philo
962 1686 1011 1714 ιυ-

229 1734 305 1760 datus
320 1733 449 1760 admirari
469 1733 546 1760 visus
566 1738 608 1761 est
630 1734 659 1761 in
683 1734 752 1761 libro
773 1734 811 1760 De
826 1734 878 1760 vita
897 1738 1011 1761 contem-

229 1780 341 1815 plativa,
359 1779 416 1807 sive
436 1779 475 1806 De
495 1779 668 1814 supplicibus,
688 1779 864 1815 therapeutas
878 1780 952 1814 ipsos
964 1786 1011 1807 vo-

229 1834 307 1858 cans,
328 1829 356 1852 et
379 1832 476 1852 eorum
500 1825 562 1852 vita:
581 1826 737 1853 institutum
762 1827 903 1861 explicans
930 1826 1011 1860 paulo

229 1876 293 1899 ante
309 1871 388 1898 ﬁnem
405 1870 484 1897 istius
506 1870 580 1899 libri.
597 1871 668 1906 Lege
680 1871 714 1899 de
731 1872 798 1907 ipsis
820 1872 902 1900 verba
918 1871 1011 1899 Philo-

229 1919 281 1946 nis.

265 1964 316 1992 Sed
331 1973 383 1992 non
399 1964 541 1992 secundum
558 1964 741 1998 privationem.
757 1963 824 1995 Hoc,
840 1962 938 1998 inquit,
954 1971 1009 1991 non

1023 1323 1047 1352 Α

1237 1320 1291 1347 ΕΙΣ
1309 1320 1380 1347 ΤΗΝ
1399 1320 1595 1347 ΕΠΙΣΤΟΛΗΝ
1614 1321 1652 1348 A’.

1105 1358 1254 1393 Ἑτέιῦἀλλω
1269 1367 1348 1393 Γάϊον
1369 1366 1463 1393 τοῦτον
1484 1363 1594 1400 εἷναι,ᾦ
1606 1366 1655 1402 τὴν
1670 1370 1765 1403 τρίτην
1779 1370 1843 1397 ἐπι-

1062 1412 1157 1447 στολὴν
1169 1411 1286 1448 ἔγραψεν
1304 1412 1318 1438 ὁ
1337 1411 1406 1443 Θεῖος
1420 1411 1614 1448 εὐαγγελιστὴς
1627 1412 1762 1448 Ἰωάννης,
1802 1424 1849 1441 τε-

1062 1456 1244 1493 κμαιρόμενος
1251 1458 1297 1485 καὶ
1311 1458 1344 1484 ὲκ
1367 1457 1420 1483 τῶν
1444 1457 1540 1491 ἄλλων,
1555 1455 1594 1489 οἷς
1611 1458 1756 1492 συγγέγονε
1773 1459 1845 1494 μετά

1061 1504 1115 1531 τῶν
1135 1503 1290 1530 ἀποστόλων
1310 1504 1324 1530 ὁ
1347 1503 1416 1535 θεῖος
1435 1501 1511 1535 οὗτος
1536 1504 1614 1540 ἀνήρ.
1630 1504 1846 1540 Θεραπευτὰςδὶ

1061 1548 1112 1584 ἔφη
1127 1548 1266 1575 καλεῖσθαι
1280 1551 1308 1575 ὲν
1318 1549 1356 1584 τῷ
1372 1549 1441 1583 Περὶ
1457 1549 1512 1583 τῆς
1534 1549 1788 1584 ὲκκλησιαστιχῆς
1803 1553 1846 1578 ιε-

1057 1595 1184 1629 ραρχίας
1210 1595 1347 1630 κεφαλαίῳ
1379 1598 1405 1627 ς’
1427 1595 1489 1626 τοὺς
1518 1596 1660 1630 μοναχοὺς,
1677 1595 1760 1622 εἰπὼν
1786 1597 1849 1623 ἐκεῖ

1060 1642 1106 1669 καὶ
1122 1641 1180 1673 πῶς
1195 1641 1370 1668 καθίστανται
1385 1642 1421 1676 μὴ
1436 1642 1510 1673 ὄντες
1519 1641 1654 1677 κληρικοὶ,
1668 1641 1735 1669 ἀλλά
1746 1643 1850 1670 ἀνώτε-

1062 1696 1102 1724 ροι
1123 1687 1170 1714 τοῦ
1193 1687 1268 1714 λαοῦ.
1289 1687 1405 1719 Τούτους
1427 1687 1456 1714 δὲ
1480 1687 1551 1714 ἔοικε
1565 1686 1712 1723 θαυμάζειν
1727 1689 1818 1716 Φίλων
1834 1691 1851 1716 ὁ

1067 1735 1188 1765 Ἰουδαῖος
1195 1735 1223 1760 ὲν
1234 1733 1272 1768 τῷ
1280 1734 1349 1768 Περὶ
1363 1734 1537 1767 θεωρητικοῦ
1547 1730 1562 1765 ἢ
1582 1733 1699 1761 Ἰκετῶν
1712 1736 1850 1770 συντάγ-

1058 1788 1138 1815 ματι,
1159 1779 1329 1815 θεραπευτὰς
1351 1780 1450 1810 αὐτοὺς
1477 1779 1577 1811 χαλῶν,
1601 1781 1647 1807 καὶ
1669 1779 1717 1815 τὴν
1739 1781 1852 1808 δίαιταν

1060 1826 1149 1853 αὐτῶν
1158 1825 1333 1861 διηγούμενος
1347 1825 1399 1860 πρὸ
1413 1825 1502 1858 ὀλίγου
1518 1824 1564 1851 τοῦ
1579 1825 1670 1856 τέλους
1684 1826 1730 1853 τοῦ
1741 1826 1851 1861 βιϐλίου

1060 1872 1163 1899 τούτου.
1184 1872 1328 1906 ’Δνάγνωθι
1343 1871 1377 1898 τὰ
1391 1871 1438 1898 τοῦ
1452 1871 1532 1898 αὑτοῦ
1547 1871 1670 1904 Φίλωνος.

1097 1961 1187 1989 ’Λλλά
1198 1961 1241 1996 μὴ
1255 1963 1328 1988 κατὰ
1341 1962 1494 1996 στέρησιν.
1510 1961 1604 1993 Τοῦτο,
1623 1964 1699 1997 φησι,
1721 1963 1759 1999 μὴ
1775 1965 1856 1991 κατὰ

229 2010 380 2039 secundum
401 2017 561 2037 communes
581 2016 680 2037 sensus
700 2008 829 2043 accipias,
845 2009 918 2044 quod
939 2009 1010 2037 sicut

1065 2008 1108 2039 τὰς
1123 2008 1216 2039 κοινὰς
1232 2008 1335 2039 ἐννοίας
1359 2008 1504 2042 ὑπολάΰῃς,
1521 2008 1572 2040 ὅτι,
1588 2007 1681 2044 ὥσπερ
1698 2009 1728 2035 τὸ
1750 2011 1858 2042 σκότος

228 2057 349 2084 tenebrre
371 2056 513 2083 abolentur
534 2055 645 2087 lumine,
662 2059 690 2082 et
710 2054 862 2089 praesertim
886 2054 1008 2088 copioso,

229 2102 271 2129 vel
287 2102 359 2129 sicut
377 2102 541 2137 ignorantia,
559 2109 620 2136 qua:
631 2101 753 2136 quaedam
769 2101 880 2128 tenebra
897 2105 948 2132 est,
964 2109 1012 2128 co-

229 2148 397 2183 gnitionibus
412 2147 495 2181 cedit,
510 2148 628 2175 maxime
642 2147 802 2181 luculentis;
815 2147 851 2173 ita
869 2147 952 2174 etiam
967 2154 1009 2178 ea,

230 2201 290 2229 qua:
301 2194 450 2221 secundum
464 2194 549 2221 Deum
565 2198 617 2226 est,
631 2193 763 2228 ignoratio
778 2193 875 2220 similis
887 2193 922 2220 sit
936 2193 1011 2228 igno-

230 2240 341 2271 rationi,
357 2247 418 2274 quae
437 2247 486 2275 per
506 2240 643 2267 inscitiam
658 2239 775 2270 exsistit,
792 2239 830 2266 uti
842 2239 1010 2271 dicebamus,

231 2285 279 2312 sed
299 2290 403 2320 quanto
418 2285 504 2320 magis
526 2285 587 2320 quis
613 2293 629 2312 a
645 2285 702 2313 Deo
720 2285 883 2318 illustratur,
899 2286 1009 2313 uberio-

230 2337 344 2365 remque
362 2338 455 2358 rerum
478 2331 586 2366 colligit
601 2331 796 2366 cognitionem,
809 2332 913 2359 scilicet
932 2332 1011 2359 intel-

231 2375 361 2402 lectilium
383 2380 410 2404 et
432 2376 637 2411 intelligentium
650 2397 656 2408 ,
677 2380 754 2404 tanto
769 2377 855 2412 magis
879 2377 912 2405 ad
935 2385 1008 2407 eam,

231 2427 292 2456 quae
305 2421 338 2448 de
352 2420 408 2448 Deo
422 2421 547 2454 habetur,
563 2422 745 2457 cognitionem
770 2423 929 2455 ascendens,
943 2423 1012 2450 divi-

232 2473 294 2493 nam
313 2466 664 2502 incomprehensibilitatem
684 2474 846 2503 cognoscet;
868 2470 894 2496 id
910 2473 962 2502 est,
979 2470 1011 2497 il-

231 2512 286 2539 lam
304 2511 352 2540 Dei
374 2513 583 2548 ignorationem,
599 2513 686 2541 lucem
704 2521 765 2541 esse
781 2519 863 2549 atque
879 2518 1012 2550 cognitio-

231 2565 294 2585 nem
313 2566 373 2593 quze
389 2563 488 2586 cuncta
510 2559 705 2594 cognoscibilia
728 2560 912 2591 transcendat,
936 2565 1013 2588 caete-

232 2611 347 2639 rumque
369 2605 439 2632 hanc
459 2612 536 2632 suam
558 2606 592 2632 de
610 2605 665 2632 Deo
684 2605 866 2640 eloquentiam
879 2606 959 2642 304
977 2608 1012 2635 si-

232 2651 316 2678 lentio
334 2651 461 2679 honorat.
477 2650 571 2686 Itaque
592 2659 646 2678 non
667 2651 816 2679 secundum
832 2652 1009 2687 privationem

1060 2055 1151 2082 λύεται
1171 2055 1249 2090 φωτὶ,
1268 2055 1313 2081 καὶ
1335 2054 1450 2090 μάλιστα
1470 2054 1568 2089 πολλῷ,
1584 2055 1704 2090 ῆῶσπερ
1721 2057 1738 2091 ἡ
1754 2057 1858 2091 ἀγνω-

1062 2101 1117 2132 σία,
1139 2102 1200 2136 ἥτις
1216 2101 1262 2127 καὶ
1278 2100 1345 2135 αὑτὴ
1364 2101 1458 2132 σκότος
1478 2101 1546 2133 ἐστὶ,
1569 2101 1684 2128 παύεται
1704 2102 1858 2135 γνώσεων,

1062 2147 1107 2174 καὶ
1122 2147 1236 2182 μάλιστα
1250 2146 1351 2173 πολλῶν
1366 2147 1580 2182 ἐπιγενομένων*
1597 2146 1667 2174 οὕτω
1681 2149 1728 2174 καὶ
1745 2149 1761 2183 ἡ
1778 2150 1860 2175 κατὰ

1061 2191 1126 2217 Θεὸν
1148 2192 1268 2226 ἀγνωσία
1291 2192 1360 2218 ἔοικε
1376 2193 1409 2227 τῇ
1433 2191 1502 2218 κατὰ
1528 2192 1645 2228 ἀμαθίαν
1660 2193 1798 2229 ἀγνωσῇμ,
1817 2195 1863 2227 ὡς

1061 2236 1178 2272 ἔφημεν·
1195 2237 1251 2263 ἀλλ’
1269 2238 1322 2269 ὅσῳ
1341 2237 1485 2271 φωτίζεταί
1500 2246 1540 2269 τις
1557 2237 1619 2272 περὶ
1637 2238 1714 2270 Θεοῦ,
1733 2240 1784 2265 καὶ
1797 2241 1864 2275 ὂσῳ

1060 2291 1101 2314 τις
1113 2283 1221 2317 συνάγει
1235 2283 1334 2317 γνῶσιν
1344 2283 1396 2309 τῶν
1407 2283 1500 2315 ὄντων,
1516 2283 1638 2310 τουτέστι
1651 2283 1700 2319 τὴν
1715 2285 1785 2319 περὶ
1797 2286 1865 2312 τῶν

1061 2327 1162 2363 νοητῶν
1177 2328 1223 2354 καὶ
1237 2328 1347 2363 νοερῶν,
1364 2328 1482 2363 τοσούτῳ
1499 2327 1606 2363 μᾶλλον,
1616 2328 1772 2354 ἀναϐαίνων
1787 2331 1866 2364 περὶ

1060 2375 1108 2410 τὴν
1128 2375 1226 2409 γνῶσιν
1247 2375 1297 2409 τὴν
1315 2375 1378 2410 περὶ
1392 2374 1466 2407 Θεὸν,
1482 2373 1614 2408 γνώσεται
1633 2374 1682 2410 τὴν
1704 2375 1866 2410 ἀκαταλη-

1060 2421 1133 2455 ψίαν,
1152 2421 1210 2456 ἥτοι
1227 2420 1274 2456 τὴν
1296 2421 1431 2455 ἀγνωσίαν
1453 2421 1503 2456 τὴν
1523 2421 1586 2457 περὶ
1599 2421 1674 2453 Θεὸν,
1699 2421 1758 2456 φῶς
1779 2420 1867 2449 εἶναι

1061 2468 1107 2495 καὶ
1131 2467 1229 2502 γνῶσιν
1252 2467 1320 2502 ὑπὲρ
1342 2467 1430 2493 πάντα
1446 2467 1480 2494 τὰ
1504 2467 1670 2502 γνωσθέντα-
1688 2468 1735 2494 καὶ
1753 2466 1869 2495 λοιπὸν

1062 2515 1122 2549 σιγῇ
1135 2515 1201 2549 τιμᾷ
1220 2513 1268 2548 τὴν
1291 2514 1354 2549 περὶ
1369 2513 1434 2539 Θεὸν
1456 2513 1582 2547 ἀφασίαν.
1604 2512 1707 2539 Οὐκοῦν
1727 2514 1758 2539 οὐ
1779 2514 1869 2541 κατὰ

1062 2559 1186 2595 στέρησιν
1216 2559 1341 2593 γνώσεως
1360 2559 1466 2593 λέγεται
1491 2560 1508 2594 ἡ
1536 2559 1599 2594 περὶ
1622 2558 1689 2585 Θεοῦ
1711 2559 1870 2593 ἀγνωσία,

1061 2606 1127 2632 ἀλλὰ
1146 2605 1205 2632 καθ’
1231 2605 1365 2641 ὑπεροχὴν
1393 2606 1440 2632 καὶ
1468 2605 1618 2640 ὑπερϐολὴν
1641 2605 1756 2641 [πάσης]
1786 2606 1871 2640 γνώ-

1062 2661 1139 2683 σεως,
1154 2653 1194 2678 ὅτι
1209 2651 1278 2685 ἔγνω
1293 2660 1334 2683 τις
1345 2651 1390 2677 τὸν
1404 2652 1470 2677 πᾶσι
1481 2651 1527 2677 καὶ
1539 2650 1627 2685 ἐαυτῷ
1641 2650 1788 2684 ἄγνωστον
1810 2652 1869 2678 καὶ

232 2696 332 2723 dicitur
353 2697 399 2724 illa
416 2696 461 2724 Dei
476 2697 638 2732 ignorantia,
655 2697 702 2725 sed
715 2705 764 2732 per
778 2697 965 2726 excellentiam
981 2703 1008 2726 et

1065 2699 1257 2733 ἀκατάληπτον.
1278 2697 1369 2724 Ταῦτα
1383 2698 1429 2724 καὶ
1444 2698 1472 2723 ὲν
1486 2697 1525 2732 τῷ
1536 2696 1604 2730 Περὶ
1621 2696 1774 2730 μυστικῆς
1793 2698 1871 2724 θεο-

231 2749 372 2770 excessum
392 2742 503 2780 [omnis]
532 2744 705 2779 cognitionis,
727 2744 854 2778 quoniam
872 2745 1011 2779 cognoscit

1065 2745 1166 2779 λογίας
1182 2744 1320 2779 κεφαλαίῳ
1339 2747 1362 2770 α’
1379 2743 1495 2779 εἴρηται,
1508 2743 1555 2769 καὶ
1570 2744 1598 2768 ἐν
1615 2741 1653 2776 τῷ
1670 2743 1741 2776 Περὶ
1762 2743 1871 2770 θείων

232 2788 293 2822 quis
319 2789 346 2816 id
371 2790 442 2826 quod
465 2791 591 2818 omnibus
610 2795 637 2818 et
657 2789 708 2818 sibi
730 2789 782 2825 ipsi
804 2790 970 2826 incognitum
984 2794 1011 2818 et

1065 2789 1213 2825 ὀνομάτων
1226 2789 1362 2824 κεφαλαίῳ
1379 2789 1410 2823 β’.

232 2833 504 2870 incomprehensibile
525 2837 642 2866 exsistit.
667 2836 729 2865 Hac
750 2836 833 2865 etiam
863 2836 936 2865 dicta
957 2841 1020 2865 sunt
1045 2844 1071 2873 ρ.
1085 2837 1098 2864 1
1114 2836 1234 2872 Hystica:
1254 2835 1398 2870 theologitt’,
1427 2839 1454 2863 et
1472 2842 1533 2872 cap.
1546 2834 1564 2862 2
1584 2833 1622 2860 De
1637 2832 1735 2861 divini:
1764 2835 1875 2861 ποινιό-

233 2882 319 2910 nibus.
