1940 3064
121 143 170 172 529

540 140 569 168 S.
587 138 711 167 MAXIM]
732 137 878 167 SCHOLIA
897 136 930 164 IN
953 135 1026 164 EPP.
1049 135 1078 164 S.
1096 133 1255 163 DIONYSII.

1685 129 1738 158 550

161 189 248 218 Ἀλλά
260 199 287 217 τι
303 189 362 217 τῶν
380 188 472 217 αὑτοῦ
486 187 545 214 τῶν
559 187 662 214 ὄντων.
684 186 765 213 Ὅσον
776 194 817 217 τις
832 185 899 220 ἔχει,

988 181 1039 209 Sed
1054 181 1154 217 aliquid
1177 190 1190 208 e
1212 181 1288 208 rebus
1302 181 1371 216 ejus.
1385 180 1494 214 Quanto
1511 180 1585 208 enim
1607 178 1681 214 quis,
1698 179 1727 204 in

121 236 194 271 φησὶ,
211 236 263 262 τῶν
277 235 360 263 ὄντων
370 235 419 271 τὴν
434 233 544 269 γνῶσιν,
562 232 608 260 καὶ
624 232 654 259 τδ
673 231 730 258 δν⁸³
744 231 810 266 φῶς,
824 239 901 257 τουτ-

121 281 177 309 έστι
200 282 308 318 [αὐτὴν]
325 283 374 318 τῆς
390 280 517 317 ἀληθείας
532 279 582 316 τὴν
599 280 701 315 νόησιν,
724 277 850 305 τοσοῦτον
868 277 902 304 τὰ

122 329 183 364 περὶ
206 327 275 354 Θεοῦ
289 327 383 362 ὄψεται
403 327 544 361 ἄγνωστα.-
569 326 600 352 οὑ
621 325 676 362 γὰρ
697 325 736 360 τῷ
751 325 819 360 φωτὶ
838 324 902 360 ἢτῇ

121 373 217 407 γνώσει
234 372 421 408 φανεροῦνται,
432 370 499 398 ἀλλὰ
512 370 610 407 μᾶλλον
624 370 687 401 τοὺς
698 369 785 397 ταῦτα
795 369 904 405 ἔχοντας

121 417 252 445 λανθάνει.
273 418 328 445 Καὶ
345 418 402 453 ἡέν
420 417 523 448 τούτοις
537 416 657 448 ἐπίδοσις
672 424 702 442 τε
718 415 765 442 καὶ
780 414 901 449 αὔξησις,

121 463 158 498 τῷ
174 464 242 498 φωτί
258 471 328 499 φημι
342 463 388 491 καὶ
401 464 434 498 τῇ
448 462 556 497 γνώσει,
569 462 600 489 τὸ
613 461 688 488 Θεϊον
697 461 812 488 δεικνύει
821 460 903 487 ἀθέα-

121 510 164 536 τόν
177 517 207 536 τε
219 510 265 536 καὶ
280 509 429 544 ἄγνωστον·
442 510 484 536 ὅτι
494 510 508 535 ὁ
525 508 590 535 Θεὸν
605 508 771 544 θεασάμενος
783 508 829 535 καὶ
844 508 905 544 νοή-

124 564 171 587 σας
185 555 200 582 ὃ
212 553 290 587 εἶδεν,
307 555 389 582 αὑτὸν
413 556 461 592 μὲν
480 555 529 591 οὐχ
554 554 686 590 ἑώρακεν,
707 554 774 582 ἀλλά
795 563 822 580 τι
850 554 904 581 τῶν

123 600 201 627 αὑτοῦ
213 600 266 628 τῶν
276 600 360 630 ὄντων
375 600 424 628 καὶ
439 600 656 636 γινωσκομένων.

152 734 235 768 Αὐτῷ
258 736 299 769 τῷ
325 737 464 765 καθόλου.
496 738 686 773 Προσεπινοεῖν
709 736 750 764 δεῖ
783 737 830 764 καὶ
860 738 906 766 ἐπὶ

123 783 225 816 τούτοις
240 785 270 812 τὸ
284 785 354 813 κατὰ
368 785 402 813 τὰ
421 786 486 813 ὄντα
496 786 542 813 καὶ
555 787 752 822 γινωσκόμενα.
764 786 801 813 Τὸ
821 786 848 813 δὲ
868 785 907 823 μὴ

122 827 189 856 εἶναι
205 831 374 867 πρόσκειται,
387 833 480 867 ἐπειδὴ
493 833 524 859 τὸ
539 833 598 860 ἐστὶ
611 833 666 859 τῶν
684 832 801 860 κτιστῶν
814 833 887 859 ἐστιν
896 841 903 847 ·

122 876 137 902 ὁ
150 876 177 904 δὲ
190 876 256 909 Θεὸς
269 879 315 905 καὶ
332 879 402 915 ὑπὲρ
416 879 447 905 τὸ
462 877 541 911 εἶναι,
559 879 625 906 διότι
639 879 777 910 ἀκτιστος.

294 978 348 1004 ΕΙΣ
367 978 439 1005 ΤΗΝ
456 978 653 1005 ΕΠΙΣΤΟΛΗΝ
670 978 708 1005 BI.

159 1021 222 1056 Πῶς
245 1024 261 1050 ό
287 1023 407 1051 πάντων
429 1024 576 1051 ἐπέκεινα.
601 1024 693 1052 Ταῦτα
709 1024 838 1057 πολλάκις
857 1025 905 1061 μὲν

124 1068 169 1095 καὶ
184 1070 212 1095 ὲν
226 1069 265 1104 τῷ
277 1069 347 1104 Περὶ
362 1070 449 1097 θείων
463 1070 615 1105 ὀνομάτων
633 1070 767 1106 διαφόρως
782 1070 903 1107 εἴρηται·

123 1116 182 1142 κατ’
197 1115 333 1152 ἐξαίρετον
347 1117 375 1144 δὲ
386 1116 455 1144 αὐτὰ
468 1118 637 1153 ήρμήνευσεν
651 1118 679 1144 ὲν
697 1118 771 1153 αὐτῷ
787 1117 826 1153 τῷ
835 1117 907 1153 λόγῳ

123 1161 261 1197 κεφαλαίῳ
278 1165 321 1194 ια’,
340 1162 404 1198 περὶ
427 1162 458 1190 τὸ
477 1163 562 1195 τέλος,
579 1163 681 1197 λέγων·
692 1162 754 1194 Πῶς
768 1163 783 1189 ὸ
799 1163 907 1191 πάντων

123 1207 208 1239 αἴτιος
221 1209 267 1235 καὶ
287 1207 382 1244 θειότης
406 1209 453 1235 καὶ
473 1208 619 1244 ἀγαθότης,
639 1209 686 1236 καὶ
699 1209 826 1245 θεότητος
841 1210 907 1236 ὑπο-

124 1253 233 1290 στάτης,
263 1254 309 1281 καὶ
331 1254 400 1290 ὑπὲρ
428 1254 522 1281 ταῦτα.
542 1254 620 1282 Οὕτω
645 1256 674 1282 δὲ
703 1255 905 1290 ἀναγνωστέον·

130 1299 249 1335 Ἑρωτᾷς
271 1299 330 1332 πῶς
351 1301 364 1326 ὁ
388 1300 454 1332 Θεὸς
479 1301 549 1337 ὑπὲρ
574 1301 700 1336 θεότητος
722 1301 826 1338 ἀρχήν;
841 1299 908 1329 Εἶτα

123 1347 310 1383 ἀποκρίνεται·
324 1348 356 1374 Et
375 1348 481 1382 νοήσεις
498 1348 540 1375 ὄτι
558 1347 653 1383 θεᾶτης
675 1348 739 1375 αῢτὸ
749 1348 779 1374 τὸ
794 1349 827 1375 ὲκ
841 1347 908 1375 Θεοῦ

123 1393 207 1429 δῶρόν
233 1395 291 1420 ἐστι
307 1394 367 1421 καθ’
385 1394 399 1420 ὃ
419 1393 564 1430 θεούμεθα,
582 1395 612 1421 οὐ
633 1395 687 1430 μὴν
707 1395 788 1427 αὐτὸς
802 1396 817 1422 ό
832 1395 908 1429 Θεὸς,

123 1439 194 1474 ἔχεις
209 1440 259 1475 τὴν
273 1440 363 1467 λύσιν·
381 1441 395 1466 ὁ
405 1440 460 1477 γὰρ
473 1440 549 1473 Θεὸς,
565 1441 631 1468 αὐτό
644 1450 715 1477 φημι
730 1441 777 1468 καὶ
791 1441 908 1478 ὒπερού-

125 1495 180 1518 σιος
196 1487 273 1513 οὐσία
289 1487 358 1523 ὑπὲρ
373 1487 421 1523 τὴν
436 1489 501 1524 παρ’
513 1487 596 1514 αὑτοῦ
615 1487 790 1524 δωρουμένην
808 1489 855 1516 καὶ
865 1497 910 1524 χα-

126 1533 270 1569 ριζομένην
289 1533 428 1570 θεαρχίαν,
452 1534 576 1561 τουτέστι
599 1533 696 1561 θέωσιν
711 1536 779 1568 ἔστι,
803 1535 851 1562 καὶ
875 1535 909 1562 τὰ

125 1579 188 1614 ἑξῆς
203 1580 313 1615 ὁμοίως.
334 1578 400 1607 Εἶτα
408 1580 502 1607 λοιπὸν
518 1580 702 1615 συλλογίζεται
720 1581 842 1616 φάσκων,
856 1582 910 1614 ὅτι,

125 1626 187 1652 εἰτὸ
197 1627 228 1653 ὲκ
244 1626 310 1653 Θεοῦ
320 1626 405 1662 δῶρον
419 1627 490 1663 ἀρχὴ
502 1628 605 1662 γίνεται
619 1628 666 1654 τοῦ
682 1627 808 1655 θεοῦσθαι
825 1629 911 1664 ἡμᾶς,

125 1671 212 1707 δῆλον,
228 1673 269 1699 ὅτι
282 1672 319 1708 [ὁ]
333 1673 423 1709 πάσης
431 1674 517 1709 ἀρχῆς
528 1673 622 1705 αἴτιος,
632 1674 679 1700 καὶ
696 1674 767 1710 ἀρχὴ
778 1673 827 1707 ὢν,
845 1675 912 1710 μᾶλ-

125 1717 169 1744 λον
179 1718 206 1745 δὲ
218 1718 393 1755 ὑπεράρχιος,
408 1718 478 1745 οὕτω
492 1720 539 1746 καὶ
553 1720 602 1755 τῆς
611 1717 759 1756 λεγομένης
775 1720 910 1757 θεότητος,

125 1763 142 1798 ἣ
153 1763 189 1795 ὠς
197 1764 325 1800 θεαρχιας
335 1765 462 1791 ἐπέκεινα
473 1765 557 1791 ἐστιν.
567 1766 596 1791 '0
606 1766 654 1800 μὲν
661 1765 715 1801 γὰρ
729 1766 795 1799 Θεὸς
804 1767 835 1794 οὐ
842 1767 912 1794 κατὰ

127 1808 230 1843 σχέσιν,
245 1809 282 1841 ὼς
292 1810 381 1845 ἡμεῖς,
392 1810 488 1837 κτᾶται
496 1810 526 1836 τὸ
534 1810 645 1844 ἀγαθὸν,
653 1811 709 1837 ἀλλ’
716 1812 836 1847 ἀσχέτως
846 1812 912 1848 ἔχει’

128 1855 209 1890 ἡμεῖς
219 1855 248 1881 δὲ
259 1855 362 1891 σχετῶς
370 1855 402 1888 ιδ,
411 1856 523 1892 τρεπτοὶ
540 1856 604 1892 γὰρ,
619 1857 721 1889 ἐκεῖνος
734 1858 761 1884 δὲ
770 1858 913 1894 ἄτρεπτος.

953 227 1024 263 quit,
1039 228 1171 262 majorem
1186 227 1267 254 habet
1281 235 1372 256 rerum
1385 227 1521 261 notitiam,
1541 233 1573 255 ac
1588 222 1679 253 verant
1695 224 1740 250 lu-

953 281 1032 308 cem,
1059 273 1086 300 id
1105 276 1148 301 est
1170 273 1291 301 veritatis
1322 273 1524 309 cognitionem,
1550 274 1628 298 tanto
1651 271 1739 304 magis

954 320 1046 356 ignota
1069 323 1163 347 cernet
1183 327 1244 347 esse
1264 319 1310 346 illa
1328 327 1388 354 quae
1402 319 1436 347 de
1456 319 1512 346 Deo
1525 317 1667 350 dicuntur;
1685 323 1740 343 non

953 366 1027 394 enitn
1040 366 1082 393 vel
1105 365 1208 393 lumine
1228 365 1368 401 quopiam,
1392 365 1435 393 vel
1453 364 1608 400 cognitione
1629 362 1742 390 manili:

955 416 1078 446 stantur,
1103 411 1149 439 sed
1171 411 1265 447 potius
1291 412 1378 439 latent
1401 419 1574 446 possessores
1588 417 1664 439 suos.
1679 409 1740 445 Ipsa

954 465 1064 494 quoque
1083 457 1252 493 quantalibet
1271 458 1418 492 promotio,
1440 461 1468 485 et
1490 457 1690 485 incrementum
1712 456 1741 483 in

954 504 1008 537 his,
1025 504 1128 531 lumine
1140 503 1203 531 dico
1214 508 1240 531 et
1252 504 1418 539 cognitione,
1437 502 1522 531 Deum
1537 503 1679 531 declarant
1698 502 1740 531 in-

954 551 1090 579 visibilem
1111 558 1172 578 esse
1193 554 1219 578 et
1241 550 1495 585 incognoscibilem,
1514 550 1644 585 quoniam
1664 549 1741 584 quis—

954 598 1018 632 quis
1034 597 1094 625 viso
1115 595 1171 624 Deo
1193 596 1320 630 intelligit
1348 596 1374 623 id
1388 596 1460 631 quod
1471 595 1549 628 vidit,
1570 602 1742 631 nequaquam

954 643 1044 678 ipsum
1057 642 1134 675 vidit,
1156 642 1204 670 sed
1222 642 1361 679 quidpiam
1377 650 1472 670 eorum
1483 650 1544 678 qum
1559 643 1696 671 exsistunt
1713 647 1741 670 ct

955 693 1168 725 cognoscuntur.

991 735 1050 763 Hoc
1063 737 1120 772 ipso
1131 737 1199 772 quod
1210 737 1326 764 omnino.
1343 735 1372 764 In
1383 736 1427 764 his
1439 736 1521 765 etiam
1538 735 1744 771 subintelligen—

955 781 1020 810 dum
1035 786 1087 814 est,
1102 783 1252 810 secundum
1267 790 1299 810 ea
1311 790 1372 818 quae
1384 783 1523 814 exsistunt
1533 786 1561 810 et
1572 789 1744 816 cognoscun-

956 833 1010 856 tur.
1027 828 1128 856 Vcrum
1145 829 1212 857 illud
1232 837 1287 856 non
1310 837 1372 857 esse
1387 829 1439 864 ipsi
1454 828 1599 861 convenit;
1615 828 1745 863 quoniam

920 874 942 902 Β
955 874 983 902 id
998 875 1071 910 quod
1086 875 1126 903 sic
1141 879 1194 908 est,
1212 879 1403 903 creaturarum
1425 879 1487 909 est;
1505 874 1576 902 Deus
1598 878 1689 902 autem
1703 880 1746 903 est

956 929 1039 957 supra
1051 922 1251 954 exsistcntiam,
1268 921 1369 960 quippe
1384 921 1534 949 increatus.

1201 978 1236 1006 ΙΝ
1254 977 1449 1006 EPISTOLAM
1466 977 1499 1006 1L

992 1025 1130 1058 Quomodo
1146 1026 1191 1060 qui
1217 1031 1256 1053 est
1277 1033 1357 1060 supra
1384 1025 1483 1052 omnia.
1507 1023 1571 1052 Hice
1592 1023 1702 1060 quidem
1719 1024 1746 1052 in

955 1071 1028 1099 libro
1044 1071 1082 1099 De
1105 1071 1201 1099 divinis
1225 1071 1376 1099 nominibus
1397 1069 1581 1099 diversimode
1596 1070 1745 1106 explicuit,

957 1118 1121 1146 excellenter
1140 1122 1231 1146 autem
1250 1110 1307 1146 haec
1331 1119 1390 1153 ipsa
1414 1117 1505 1153 capite
1529 1117 1675 1144 undecimo
1695 1117 1747 1145 sub

958 1164 1038 1192 tinem
1057 1166 1253 1200 interpretatus
1270 1169 1324 1197 est,
1339 1164 1435 1192 dicens
1451 1163 1612 1197 :Quomodo
1628 1164 1675 1199 qui
1688 1172 1748 1191 om-

957 1212 1034 1240 nium
1049 1216 1092 1240 est
1110 1215 1217 1244 auctor,
1234 1212 1290 1240 imo
1312 1212 1371 1247 ipsa
1398 1211 1488 1239 deitas
1501 1214 1529 1239 et
1542 1210 1663 1242 bonitas,
1682 1210 1747 1238 ede-

961 1260 1022 1285 ctor
1035 1257 1072 1286 sit
1084 1261 1139 1285 tam
1154 1257 1285 1285 bonitatis
1293 1265 1374 1293 quam
1389 1256 1510 1289 deitatis.
1527 1260 1553 1284 et
1563 1256 1605 1284 liis
1618 1256 1748 1284 emineat.

958 1303 1115 1339 Legendum
1132 1308 1221 1331 autem
1238 1303 1290 1331 hoc
1309 1303 1390 1330 modo
1400 1310 1407 1328 :
1417 1302 1507 1338 Rogas
1521 1301 1659 1337 quomodo
1675 1301 1753 1330 Deus

959 1351 996 1378 sit
1011 1358 1092 1386 supra
1108 1350 1273 1385 principium
1288 1350 1460 1378 divinitatis?
1473 1349 1576 1378 Deinde
1591 1348 1752 1383 respondet:

960 1396 990 1424 Si
1015 1397 1185 1424 divinitatem
1211 1397 1348 1432 intelligas
1375 1404 1437 1424 esse
1465 1396 1567 1424 donum
1587 1395 1678 1430 ipsum
1700 1401 1749 1430 per

959 1443 1033 1478 quod
1054 1442 1225 1476 deiﬁcamur,
1246 1450 1303 1470 non
1324 1447 1416 1470 tamen
1434 1443 1525 1478 ipsum
1550 1441 1647 1474 Deum,
1664 1441 1751 1469 habes

961 1490 1141 1523 solutionem;
1158 1488 1230 1518 Deus
1251 1489 1338 1522 enim,
1361 1489 1513 1517 secundum
1529 1495 1568 1520 se,
1578 1488 1703 1523 inquam,
1720 1491 1750 1514 ut

962 1537 1198 1572 superessentialis
1208 1537 1339 1569 essentia,
1355 1541 1398 1564 est
1410 1543 1493 1571 supra
1507 1534 1671 1571 principium
1684 1534 1754 1562 illud

961 1584 1128 1617 divinitatis;
1148 1582 1222 1618 quod
1244 1583 1303 1618 ipse
1321 1582 1369 1610 dat
1401 1586 1485 1618 atque
1507 1581 1704 1613 communicat,
1722 1580 1751 1608 id

961 1633 1014 1663 est,
1030 1637 1113 1665 supra
1131 1620 1342 1662 deiﬁcationem,
1358 1631 1386 1656 et
1408 1628 1450 1656 sic
1470 1628 1504 1655 de
1519 1627 1636 1655 cmteris.
1649 1625 1752 1654 Deinde

962 1676 1002 1703 sic
1027 1674 1243 1711 argumentando
1269 1675 1316 1706 ait.
1333 1674 1406 1709 quod
1432 1674 1456 1702 si
1480 1673 1532 1701 hoc
1546 1680 1561 1700 ο
1574 1672 1629 1707 Deo
1643 1679 1752 1708 proma-

962 1729 1032 1749 nans
1053 1722 1165 1753 donum,
1188 1721 1354 1756 principium
1379 1723 1421 1748 est
1441 1723 1544 1748 nostra:
1558 1718 1750 1751 dei‘ilcationis,

961 1769 1056 1803 utique
1071 1769 1154 1795 etiam
1174 1771 1270 1795 auctor
1292 1759 1373 1795 idem.
1387 1771 1429 1795 est
1443 1767 1528 1794 totius
1546 1765 1684 1802 principii,
1696 1765 1753 1792 init.

962 1815 1053 1850 potius
1071 1822 1152 1849 supra
1167 1814 1331 1850 principium
1345 1819 1398 1846 est,
1413 1818 1494 1849 atque
1506 1813 1544 1840 ita
1557 1813 1658 1840 dictam
1669 1811 1753 1839 etiam

963 1860 1134 1888 divinitatem
1152 1859 1334 1888 transcendit.
1351 1860 1424 1888 Deus
1440 1860 1513 1887 enim
1531 1867 1588 1886 non
1600 1856 1754 1886 secundum

126 1903 261 1935 habitum,
275 1903 315 1931 uti
332 1912 393 1937 nos,
411 1904 491 1940 305
502 1904 651 1932 bonitatem
663 1905 777 1938 obtinet,
794 1906 841 1933 sed
863 1907 923 1934 sine
947 1907 1041 1936 habitu
1065 1908 1165 1942 habet;
1196 1915 1247 1936 nos
1270 1911 1361 1935 autem
1380 1915 1429 1943 per
1441 1907 1641 1941 habitudinem,
1666 1903 1754 1941 siqui-

127 1949 189 1978 dem
200 1957 251 1978 nos
263 1950 408 1978 mutabiles
423 1958 528 1984 sumus,
543 1951 601 1986 ipse
613 1959 677 1979 vero
690 1952 878 1981 immutabilis.

164 1998 199 2024 Et
214 1996 338 2030 θεότητα
349 1996 398 2023 καὶ
408 1998 584 2032 ἀγαθότητα.
602 1999 658 2025 Οὐκ
672 1998 765 2034 αὐτὴν,
783 1999 916 2036 φησ¹ι,τὴν

127 2043 189 2069 κατ“
203 2042 295 2069 οὐσίαν
316 2042 429 2078 θεότητα
448 2043 495 2070 καὶ
518 2044 683 2080 ἀγαΘότητα,
703 2045 717 2071 ὃ
737 2053 762 2071 τι
777 2046 842 2072 ποτέ
857 2048 916 2073 ἐστι

128 2089 210 2124 λέγω,
225 2088 293 2116 ἀλλὰ
309 2089 358 2125 τὴν
380 2089 542 2123 ἀγαθοποιὸν
558 2091 604 2118 καὶ
617 2091 739 2118 θεοποιὸν
746 2091 849 2128 δωρεὰν
867 2092 916 2119 τοῦ

128 2136 205 2168 ὄντος
216 2135 283 2163 Θεοῦ
294 2137 340 2163 καὶ
359 2137 477 2172 ἀγαθοῦ-
491 2137 570 2164 τοῦτο
588 2137 642 2174 γὰρ
659 2139 676 2174 ἡ
691 2138 762 2174 ἀρχὴ
779 2139 827 2166 καὶ
843 2139 917 2166 αἰτία

129 2182 176 2210 τοῦ
196 2182 320 2209 Θεοῦσθαι
335 2183 382 2209 καὶ
401 2182 591 2217 ἀγαθύνεσθαι,
608 2182 656 2210 καὶ
669 2182 739 2209 κατὰ
757 2183 851 2210 τοῦτον
871 2183 918 2211 τὸν

1003 1997 1034 2026 Si
1058 1997 1222 2026 divinitatem
1240 2002 1266 2026 et
1283 1998 1439 2026 bonitatem.
1458 1997 1519 2025 Non
1539 1998 1637 2033 ipsam,
1653 1998 1753 2033 inquit.

968 2044 1118 2072 secundum
1143 2045 1326 2072 substantiam
1352 2044 1522 2072 divinitatem
1543 2048 1571 2071 et
1592 2043 1753 2074 bonitatem,

967 2091 1030 2119 dico
1049 2090 1114 2126 quid
1133 2091 1243 2119 tandem
1265 2091 1325 2126 ipsa
1348 2091 1394 2123 sit,
1407 2090 1455 2118 sed
1475 2090 1623 2118 boniiicum
1636 2093 1664 2117 et
1677 2089 1754 2116 deiti-

968 2144 1031 2164 cum
1046 2137 1148 2164 donum
1162 2137 1220 2164 veri
1243 2136 1291 2165 Dei
1312 2143 1345 2163 ac
1360 2136 1437 2163 boni.
1452 2135 1510 2163 Hoc
1525 2135 1598 2163 enim
1619 2139 1662 2163 est
1677 2135 1754 2170 prin-

968 2183 1071 2218 cipium
1092 2186 1120 2210 et
1138 2189 1222 2209 causa
1246 2181 1429 2209 deiﬂcationis
1443 2188 1477 2208 ac
1497 2179 1714 2214 boniﬁcationis;
1728 2183 1755 2207 et

130 2230 230 2266 τρόπον
242 2230 308 2265 φησὶ
325 2229 450 2264 λέγεσθαι
482 2229 552 2265 ὑπὲρ
575 2229 704 2266 θεαρχίαν
724 2230 772 2257 καὶ
793 2230 909 2266 ἀγαθαρ-

967 2228 1020 2256 hoc
1035 2228 1116 2256 modo
1129 2227 1168 2254 ait
1186 2228 1276 2262 ipsum
1295 2227 1350 2255 dici
1369 2234 1451 2262 supra
1477 2226 1642 2262 principium
1657 2226 1757 2253 divini-

130 2276 204 2312 χίαν,
221 2277 270 2312 τὴν
286 2276 355 2303 οὕτω
370 2276 468 2312 δηλαδὴ
483 2276 640 2312 νοουμένην.
656 2277 812 2312 Σημείωσαι
828 2277 855 2304 δὲ
869 2278 916 2305 καὶ

130 2322 265 2355 ἐντεῦθεν,
277 2323 317 2349 ὅτι
334 2324 350 2359 ἡ
366 2322 461 2358 θεότης
471 2323 541 2359 καὶὴ
557 2322 692 2358 ἀγαυότης
706 2324 756 2350 οὐκ
768 2324 916 2351 αὐτοουσία

131 2369 191 2396 ἐστὶ
203 2369 249 2396 τοῦ
264 2369 330 2396 Θεοῦ
339 2378 345 2385 ·
360 2369 406 2396 καὶ
420 2369 474 2405 γὰρ
489 2370 536 2397 καὶ
549 2370 626 2396 τοῦτο
640 2370 663 2385 ⁵⁵
678 2370 805 2397 ἐπέκεινα
824 2371 838 2397 ὁ
851 2370 917 2403 Θεὸς

132 2411 236 2449 [μόνος]
254 2413 282 2440 ἐν
293 2413 331 2449 τῷ
346 2413 415 2448 Περὶ
429 2414 515 2441 θείων
532 2414 685 2449 ὀνομάτων
718 2415 856 2452 κεφαλαίῳ
882 2420 916 2443 ια’

131 2458 296 2495 πλατύτερον
308 2459 425 2495 εἴρηται.

175 2505 326 2540 Ἀμίμητος
341 2505 390 2532 καὶ
404 2505 542 2540 ἄσχετος.
565 2506 594 2532 '0
605 2506 675 2533 κατὰ
690 2507 781 2543 σχέσιν
790 2508 840 2535 οὐκ
849 2507 919 2544 ἔχων

130 2560 171 2584 τι,
181 2551 238 2578 ἀλλ’
250 2552 278 2585 ἐξ
291 2551 387 2579 ἑαυτοῦ
404 2552 518 2587 μίμησις
533 2553 579 2578 καὶ
595 2553 685 2588 σχέσις
694 2554 765 2580 αὐτὰ
780 2553 814 2581 τὰ
829 2555 919 2590 πράγ-

134 2606 218 2633 ματα,
236 2596 393 2633 μετέχοντες
404 2597 433 2623 δὲ
448 2597 494 2624 καὶ
511 2597 681 2633 μιμούμενοι,
696 2599 760 2635 περὶ
777 2599 823 2630 οὓς
834 2599 920 2627 ταῦτα

132 2643 261 2679 ὁρῶνται.
276 2643 423 2679 Ἀμίμητον
434 2643 462 2670 δὲ
474 2644 521 2670 καὶ
534 2645 646 2680 ἄσχετον
657 2645 710 2681 ἔφη
723 2645 754 2672 τὸ
766 2646 853 2679 Θεῖον,
866 2647 917 2679 ὅτι,

133 2689 190 2724 ὅσῳ
205 2698 248 2721 τις
271 2689 340 2725 πρὸς
360 2689 474 2725 μίμησιν
497 2690 544 2717 καὶ.
566 2690 656 2726 σχέσιν
677 2691 744 2718 Θεοῦ
760 2692 919 2728 προκόπτει,

969 2275 1033 2302 tatis
1057 2282 1090 2302 ac
1114 2274 1257 2306 bonitatis,
1289 2274 1330 2301 sic
1354 2281 1453 2309 nempe
1477 2273 1653 2300 intellectum.
1683 2272 1756 2305 Quin

967 2322 1050 2350 etiam
1066 2320 1129 2348 hinc
1146 2325 1211 2348 nota
1225 2320 1394 2348 divinitatem
1408 2327 1440 2347 ac
1457 2319 1604 2347 bonitatem
1616 2319 1690 2346 illam
1700 2327 1757 2349 non

968 2375 1031 2396 esse
1056 2367 1142 2402 ipsam
1159 2366 1207 2394 Dei
1232 2366 1392 2398 essentiam.
1422 2366 1551 2401 quoniam
1577 2373 1661 2401 supra
1684 2366 1757 2393 hanc

969 2415 1053 2442 etiam
1075 2413 1147 2441 Deus
1172 2416 1226 2446 est,
1250 2417 1280 2440 ut
1302 2412 1341 2440 De
1359 2412 1456 2441 diuinis
1481 2412 1642 2445 nominibus,
1667 2412 1758 2448 capite

971 2460 1127 2492 undecimo,
1142 2459 1230 2487 fusius
1242 2463 1284 2487 est
1298 2459 1474 2494 explicatum.

1005 2507 1053 2535 Est
1069 2506 1235 2534 inimitabilis
1258 2511 1283 2534 et
1301 2505 1406 2533 habitus
1420 2514 1523 2542 expers.
1540 2505 1591 2539 Qui
1605 2505 1757 2533 secundum

970 2553 1092 2581 habitum
1107 2560 1162 2580 non
1179 2553 1261 2580 habet
1277 2552 1438 2587 quidquam,
1461 2553 1507 2581 sed
1525 2561 1558 2580 ex
1578 2551 1679 2587 seipsis
1697 2550 1758 2578 imis

971 2601 1039 2628 tatio
1051 2603 1078 2628 et
1091 2600 1202 2627 habitus
1216 2603 1279 2626 sunt
1294 2607 1340 2627 res
1358 2599 1434 2634 ipsae,
1450 2598 1645 2634 participantes
1653 2603 1718 2624 vero
1730 2598 1758 2623 et

971 2647 1122 2680 imitantes,
1151 2646 1226 2673 circa
1253 2652 1323 2680 quos
1349 2645 1415 2672 talia
1434 2644 1652 2679 conspiciuntur.
1672 2640 1758 2667 Deum

972 2699 1061 2722 autem
1076 2693 1145 2721 dixit
1158 2693 1349 2721 inimitabilem
1360 2697 1387 2721 et
1395 2691 1505 2721 habitus
1519 2692 1674 2725 expertem:
1689 2693 1757 2719 (ιυο-

606 2789 724 2819 VABIE
743 2790 935 2821 LECTIONES
951 2793 995 2822 ET
1012 2792 1283 2823 CORRECTIONES.

192 2869 214 2886 "
232 2870 262 2896 τὸ
277 2868 368 2903 ὅντως.
419 2869 441 2886 ⁸⁸
461 2870 601 2903 σιετικῶς.
652 2870 675 2886 ’⁸⁵
685 2869 794 2898 τούτων,

419 2869 441 2886 ⁸⁸
461 2870 601 2906 σχετικῶς.
