1950 3065
132 168 183 198 535

571 161 599 190 S.
618 161 742 189 MAXIM]
760 160 903 190 SCHOLIA

975 159 1055 203 EPP._
1069 159 1097 188 S.
1115 156 1272 187 DIONYSII.
1601 178 1611 201 ἲ

1681 154 1732 183 558

130 224 231 258 ταύτης
254 220 413 257 ὑπερούσιον
436 219 468 246 τὸ
490 217 654 254 ὑπερὸάλλον
669 217 719 252 τῆς
743 216 845 249 οὐσίας,
863 215 903 243 καΊ

960 214 1026 241 lavit
1043 213 1223 242 divinitatem.
1243 212 1331 248 Hujus
1352 214 1442 240 autem
1465 209 1734 246 supersubstantiali-

132 267 237 303 σοφίας,
254 267 300 294 καὶ
314 267 461 301 δυνάμεως.

166 356 219 384 Καὶ
238 356 312 390 ὑπὲρ
334 356 497 389 ἄνθρωπον.
517 353 670 390 Ἀνθρώπου
688 351 737 388 μὲν
760 352 792 378 τδ
809 353 841 378 ὲκ
855 359 910 385 γυ-η

130 403 221 434 ναικός
230 411 236 418 ·
255 403 324 438 ὑπὲρ
340 402 479 438 ἄνθρωπον
497 401 536 433 δὲ,
546 401 576 427 τὸ
587 402 618 427 ἐκ
629 399 772 435 παρθένου.
784 397 909 434 Σημείω-

131 459 176 477 σαι
191 450 228 482 δὲ,
245 450 286 476 ὅτι
301 449 392 485 γήϊνον
412 449 443 474 τὸ
467 448 546 483 σῶμα
569 447 616 474 τοῦ
641 447 770 484 Χριστοῦ,
787 446 832 474 καὶ
848 445 907 482 οὐχὶ

130 495 262 531 οὐράνιον,
279 494 316 527 ὥς
331 503 403 526 τινες
418 495 545 531 ᾠήθησαν
553 494 586 521 ⁴³ι

166 541 294 576 Δύναμιν
313 539 504 576 ὑπεροχικῆς.
528 540 593 567 Ἰδοὺ
611 538 787 567 δοαὶιὲνταῦθα
804 538 907 572 ὑπερο-

131 587 220 622 χικῶς
235 585 295 614 εἶπε
311 587 379 622 πρὸς
395 586 596 622 ἀντιδιαστολὴν
611 586 665 613 τῶν
688 586 758 613 κατὰ
782 585 908 621 στέρησιν

129 633 348 669 λαμϐανομένων.
366 633 453 665 Εὐθὺς
468 633 497 659 δὲ
513 632 557 661 διὰ.
577 632 631 658 τῶν
654 631 827 666 ἐπαγομένων
844 631 908 657 ἑαυ-

128 679 175 706 τὸν
197 679 385 715 ὲφερμηνεύει.
410 679 442 706 Τί
464 679 497 706 δέν
516 680 575 706 ἐστι
608 678 770 712 κατάφασις,
796 676 909 712 εἴπομεν

128 726 184 753 ἄνω
200 727 228 753 ὲν
243 726 282 761 τῷ
297 726 367 760 Περὶ
383 725 533 761 μυστικῆς
549 724 709 759 θεολογίας,
720 723 857 759 κεφαλαίῳ
873 727 907 758 γ’.

129 770 191 803 Πῶς
212 771 241 798 δὲ
265 772 311 798 ὲπὶ
332 771 384 798 τοῦ
399 771 500 807 Κυρίου
523 770 600 806 ἡμῶν
629 769 717 805 Ἰησοῦ
738 768 856 804 Χριστοῦ
881 769 909 795 αἱ

128 817 294 851 καταφάσεις
303 816 415 852 δύναμιν
431 816 521 852 ἔχουσι
537 814 720 851 ὑπερεχούσης
736 814 907 849 ἀποφάσεως,

957 264 998 288 tas
1017 263 1059 288 est
1080 260 1228 287 eminentia
1247 258 1406 288 substantiae
1429 261 1457 286 et
1472 257 1612 292 sapientia:
1634 264 1666 283 ac
1684 264 1734 291 po-

956 306 1068 334 testatis.

991 352 1025 378 Et
1040 360 1120 386 supra
1131 352 1272 378 hominem.
1287 351 1410 379 Hominis
1425 352 1545 387 quidem,
1563 349 1634 385 quod
1651 348 1686 376 sit
1700 356 1733 375 ex

958 397 1089 430 muliere;
1114 403 1197 431 supra
1223 397 1360 424 hominem
1381 404 1455 428 vero,
1473 396 1544 431 quod
1560 403 1592 423 ex
1610 393 1732 429 Virgine.

962 442 1025 470 .‘lota
1039 445 1128 469 autem
1141 443 1240 470 Christi
1256 450 1355 478 corpus
1366 446 1503 470 terrenum
1518 442 1662 472 exsistere,
1679 447 1732 468 non

963 493 1046 516 autem
1057 488 1176 521 caeleste,
1189 493 1219 516 ut
1229 488 1339 523 quidam
1358 489 1576 521 exsistimarunt.

997 532 1055 560 Vim
1071 533 1231 560 excellentis.
1247 533 1317 560 Ecce
1328 533 1409 560 etiam
1421 533 1465 559 hic
1479 532 1643 560 excellenter
1653 531 1732 563 dix-it,

957 578 992 605 ad
1010 577 1190 606 diiIerentiam
1208 586 1302 607 eorum
1327 586 1388 613 quae
1417 581 1564 605 sumuntur
1583 577 1733 605 secundum

957 624 1147 659 privationem.
1169 623 1264 650 Statim
1281 627 1370 650 autem
1386 631 1433 658 per
1443 630 1474 650 ea
1489 630 1549 658 quae
1564 623 1734 658 subiungun-

957 672 1014 701 tur,
1027 669 1202 704 semetipsum
1217 669 1344 704 explicat.
1357 668 1426 701 Quid
1440 675 1521 704 porro
1535 668 1571 695 sit
1582 667 1733 699 aﬂirmatio,

958 714 1077 742 diximus
1102 721 1183 749 supra
1205 713 1243 741 De
1267 714 1378 749 mystica
1394 713 1522 749 theologia
1539 713 1627 748 capite
1642 713 1732 740 tertio.

960 760 1012 788 Sed
1025 759 1161 795 quomodo
1175 759 1202 786 in
1221 759 1335 786 Domino
1349 763 1445 787 nostro
1458 758 1525 786 Jesu
1537 758 1649 786 Christo
1663 757 1736 786 amr-

959 805 1091 832 maiiones
1106 804 1160 831 vim
1184 805 1300 832 habeant
1323 804 1482 832 excellentis
1508 803 1673 839 negationis,
1690 811 1736 831 res

127 861 161 888 τὰ
186 848 255 888 κατὰ
277 848 435 898 ἀνθρώπους
445 848 603 897 ..ἐξηγεῖταιζ
668 848 722 896 γάρ
738 848 903 895 καταφάσκο

959 850 1083 878 humanae
1101 850 1249 877 declarant.
1276 849 1333 878 Etsi
1362 850 1434 877 enim
1455 849 1598 880 Christum
1621 848 1736 876 ammte-

128 915 178 942 μεν
193 894 460 943 Χριστοῦίλέγοντες
632 894 713 938 εἶναιξ
728 906 774 932 καὶ
789 894 822 933 ὲκ
837 914 903 941 παρ-

957 904 1028 928 mus,
1045 896 1109 923 dum
1128 903 1188 924 esse
1209 896 1347 924 hominem
1366 895 1500 928 dicimus,
1522 899 1549 923 et
1568 903 1602 922 ex
1626 894 1736 929 Virgine

126 953 202 979 οένου
221 953 322 988 μητρὸς
338 954 396 980 κατ’
412 953 505 980 οὐσίαν
520 952 609 988 ἡμῶν,
626 951 692 979 ἀλλὰ
714 952 905 987 κεκρυμμένην

126 996 182 1033 ἔχει
205 987 256 1024 και
275 987 343 1033 ὗπὲρ
368 998 430 1025 νοῦν
453 998 503 1034 τὴν
599 996 759 1032 ἀποφάσεως
783 997 903 1032 δύναμιν.

131 1043 204 1079 Ἑρεῖ
219 1043 272 1079 γάρ
288 1045 302 1070 ὁ
318 1043 433 1076 ἀκούων,
450 1044 500 1070 οὐκ
516 1043 666 1079 ἄνθρωπος,
684 1042 775 1078 ἐπειδὴ
792 1044 824 1070 ἐκ
840 1051 906 1078 παρ-

125 1087 212 1120 θένου,
237 1088 294 1115 ἀλλ’
311 1088 382 1124 ὑπὲρ
407 1088 558 1124 ἄνθρωπον,
576 1090 600 1116 εί
625 1089 671 1117 καὶ
694 1088 764 1118 κατὰ
788 1088 822 1115 τὰ
838 1088 905 1116 ἄλλα

124 1133 275 1169 ἄνθρωπος.
299 1134 450 1169 Ἑξηγεῖται
466 1135 495 1162 δὲ
511 1135 557 1162 καὶ
574 1135 662 1167 τοῦτο,
680 1135 799 1170 φάσκων,
817 1135 858 1162 ὅτι
874 1134 905 1162 τὸ

123 1179 212 1213 λέγειν
235 1180 315 1207 αὑτὸν
339 1181 479 1217 ἄνθρωπον
502 1181 703 1216 καταφατικῶς,
719 1180 797 1208 τοῦτο
820 1181 902 1217 δηλοῖ,

123 1226 173 1253 οὐκ
188 1224 257 1253 εἶναι
279 1226 419 1263 ἄνθρωπον
444 1227 628 1262 ἀποφατικῶς,
645 1227 701 1254 ἀλλ’
719 1228 788 1263 ὑπὲρ
804 1227 905 1263 ἄνθρω-

124 1280 185 1305 πον,
200 1273 318 1308 δηλονότι
332 1273 376 1300 διὰ
392 1273 426 1300 τὰ
443 1275 542 1311 σημεῖα
550 1274 584 1301 τὰ
594 1275 724 1311 γενόμενα
735 1274 799 1310 παρ’
809 1273 900 1301 αὐτοῦ.

153 1366 195 1392 οὐ
214 1365 288 1392 κατὰ
310 1365 383 1392 Θεὸν
399 1365 434 1392 τὰ
450 1365 511 1392 θεῖα
531 1365 654 1399 δράσας,
671 1365 710 1393 Οὐ
735 1365 807 1392 κατὰ
836 1365 901 1392 Θεὸν

123 1409 172 1445 μὲν
187 1410 283 1445 δρᾶσαι
298 1410 332 1436 τά
347 1410 406 1437 θεῖα
421 1410 493 1445 λέγει
508 1410 554 1437 τὸν
570 1410 696 1445 Χριστὸν,
706 1411 746 1437 ὅτι
757 1410 825 1446 μετὰ
842 1418 903 1446 σαρ-

122 1455 170 1487 κὸς
186 1456 231 1482 καὶ
247 1457 278 1482 οὐ
294 1458 383 1492 γυμνῇ
400 1459 432 1493 τῇ
449 1457 554 1492 θεότητι
564 1465 570 1472 ·
580 1457 650 1493 ὅμως
659 1457 680 1484 δ’
693 1455 739 1484 οὖν
752 1457 824 1484 θεῖαο
840 1457 901 1484 οὔτε

119 1500 155 1527 τὰ
171 1501 325 1538 ἀνθρώπινα
340 1504 399 1530 κατ’
416 1503 571 1539 ἄνθρωπον*
588 1503 616 1529 ὲν
632 1503 740 1539 ἐξουσίᾳ
749 1503 803 1539 γὰρ
814 1503 900 1539 θεῖκῇ,

120 1546 165 1573 ὅτε
188 1547 327 1580 ἐϐούλετο,
344 1548 430 1580 διδοὺς
461 1549 555 1584 καιρὸν
585 1550 618 1585 τῇ
645 1550 725 1585 σαρκὶ
746 1548 781 1575 τὰ
802 1549 901 1583 ἑαυτῆς

955 947 1042 970 matre
1064 941 1214 970 secundum
1234 942 1415 970 substantiam
1432 945 1566 974 nostram,
1580 944 1670 968 tamen
1689 948 1736 967 oc-

955 987 1055 1015 cultam
1070 995 1178 1023 quoque
1194 987 1284 1019 habet,
1303 988 1383 1023 307
1396 994 1512 1023 eamque
1534 990 1628 1015 mente
1648 986 1736 1014 subli-

954 1034 1066 1061 miorem
1085 1033 1236 1069 negationis
1250 1034 1314 1061 vim.
1331 1033 1462 1068 Quisquis
1480 1033 1553 1060 enim
1573 1032 1625 1059 hoc
1647 1031 1733 1063 audit,

954 1078 1040 1112 dicet,~
1051 1079 1139 1114 ipsum
1154 1087 1208 1106 non
1225 1078 1375 1113 simplicem
1389 1086 1448 1106 csse
1460 1078 1608 1110 hominem,
1624 1085 1685 1104 cum
1702 1085 1733 1104 ex

956 1123 1065 1160 Virgine
1079 1128 1159 1152 natus
1175 1124 1220 1157 sit,
1234 1125 1280 1152 sed
1293 1124 1402 1151 homine
1414 1123 1612 1155 sublimiorem,
1626 1122 1734 1150 etiamsi

954 1174 1051 1198 caetera
1075 1170 1111 1198 sit
1138 1171 1229 1197 homo.
1257 1170 1381 1205 Explicat
1402 1173 1493 1197 autem
1519 1169 1582 1201 hoc,
1599 1176 1661 1196 cum
1683 1168 1732 1200 ait.

952 1215 1026 1251 quod
1041 1216 1130 1251 ipsum
1143 1216 1235 1244 dicere
1248 1216 1386 1244 hominem
1407 1215 1580 1247 afﬁrmative,
1600 1214 1736 1250 signiﬁcet

952 1263 1042 1298 ipsum
1061 1270 1116 1290 non
1134 1270 1196 1291 esse
1211 1262 1348 1291 hominem
1364 1262 1499 1297 negative.
1517 1260 1564 1288 sed
1586 1267 1670 1295 supra
1684 1259 1735 1287 ho.

952 1311 1063 1343 minem,
1081 1317 1177 1344 nempe
1187 1314 1297 1344 propter
1308 1309 1385 1344 signa
1399 1315 1460 1343 quae
1475 1307 1510 1335 ab
1525 1307 1585 1343 ipso
1596 1306 1705 1334 ﬁebant.

987 1354 1048 1382 Non
1079 1363 1132 1390 qua
1160 1355 1231 1382 Deus
1257 1354 1346 1381 divina
1375 1353 1509 1389 patrabat.
1544 1353 1620 1380 Dicit
1643 1356 1734 1381 autem

951 1400 1090 1429 Christum
1105 1409 1159 1429 non
1174 1409 1228 1436 qua
1244 1400 1328 1429 Deum
1343 1401 1433 1428 divina
1448 1400 1587 1435 perﬁcere,
1596 1399 1659 1434 quia
1671 1406 1734 1426 cum

951 1454 1043 1478 carne,
1057 1451 1083 1474 et
1101 1454 1155 1474 non
1179 1447 1238 1474 sola
1261 1446 1412 1474 divinitate.
1433 1444 1666 1479 Quemadmodum
1681 1445 1734 1480 igi-

951 1498 996 1521 tur
1012 1493 1115 1526 divina,
1131 1493 1172 1521 sic
1197 1500 1247 1520 nec
1270 1493 1389 1520 humana
1415 1491 1564 1519 secundum
1585 1491 1744 1522 hominem,

951 1539 1080 1575 quoniam
1095 1539 1123 1566 in
1138 1543 1271 1574 potestate
1285 1537 1387 1569 divina,
1397 1537 1506 1572 quando
1516 1536 1633 1568 volebat,
1644 1537 1733 1564 dando

120 1592 249 1628 ἐνεργεῖν·
266 1594 339 1629 ὅμως
355 1593 376 1620 δ’
392 1591 439 1620 οὖν
461 1581 625 1630 ἀνθρώπινα..
642 1581 722 1620 Tit-6e
738 1581 900 1628 drdpwoéir-

957 1592 1056 1620 :empus
1077 1585 1154 1612 carni
1178 1585 1288 1620 propria
1312 1583 1443 1618 operandi
1465 1582 1546 1610 simul
1560 1586 1587 1610 et
1599 1582 1731 1616 humana;

120 1646 171 1671 τος
193 1639 270 1674 δηλοῖ
288 1639 318 1665 τὸ
343 1639 635 1673 ὲνανθρωπήσαντος.
661 1640 692 1666 Ἡ
714 1639 743 1666 δὲ
759 1639 901 1675 θεανδρικὴ

119 1684 243 1721 ἐνέργεια
260 1685 385 1720 σημαίνει
402 1686 476 1712 θείαν
492 1686 539 1712 καὶ
555 1686 738 1722 ἀνθρωπίνην.
756 1685 832 1712 Οὕτω
848 1686 902 1721 γὰρ

118 1730 199 1765 ἡμῖν,
220 1730 303 1766 ἤγουν
326 1730 359 1756 δι’
382 1731 465 1766 ἡμᾶς,
483 1731 528 1756 ἐπὶ
545 1731 596 1766 γῆς
612 1730 724 1766 δηλαδὴ,
741 1730 900 1756 πεπολιτευ-

120 1775 209 1810 μένος,
221 1775 341 1811 ἔδρασεν,
353 1776 390 1808 ὡς
406 1776 558 1812 πρόκειται,
570 1775 604 1803 τὰ
616 1777 674 1803 θεῖα
687 1776 733 1803 καὶ
748 1776 783 1803 τὰ
798 1776 900 1812 ἀνθρώ-

119 1829 193 1847 πινα.
211 1816 365 1856 Σημείωσαι
382 1820 409 1847 δὲ
432 1821 481 1856 τὴν
498 1820 623 1856 ὑπερφυῆ
641 1820 686 1847 καὶ
702 1821 837 1857 ἄφραστον
853 1820 899 1847 τοῦ

117 1866 222 1902 Κυρίου
245 1866 351 1898 ἕνωσιν,
368 1867 409 1894 ὅτι
424 1867 454 1893 οὐ
471 1867 541 1894 κατὰ
562 1867 627 1894 Θεὸν
647 1866 681 1894 τὰ
697 1866 757 1894 θεῖα
777 1867 898 1903 ἔδρασεν,

118 1909 164 1948 (ἦν
179 1912 233 1948 γὰρ
249 1912 400 1949 ἄνθρωπος)
417 1913 478 1940 οὔτε
495 1913 564 1940 κατὰ
580 1914 721 1949 ἄνθρωπον
735 1913 771 1940 τὰ
793 1913 898 1949 ἀνθρώ-

951 1631 1016 1658 illud
1031 1635 1121 1658 autem
1137 1631 1176 1657 vir
1191 1630 1287 1664 (actus,
1305 1629 1375 1657 idem
1394 1628 1540 1663 signiﬁcat,
1554 1627 1626 1663 quod
1641 1627 1734 1654 incar-

950 1680 1040 1704 natus.
1056 1675 1191 1703 Deivirilis
1214 1679 1303 1703 autem
1324 1675 1446 1709 operatio
1465 1673 1590 1708 designat
1613 1674 1733 1701 divinam

950 1722 1030 1750 simul
1047 1726 1074 1749 et
1089 1721 1247 1755 humanam.
1271 1720 1316 1748 Sic
1340 1720 1414 1748 enim
1436 1720 1526 1751 nobis,
1540 1720 1598 1747 sive
1621 1723 1733 1754 propter

949 1776 1010 1801 nos,
1022 1768 1050 1794 in
1064 1772 1136 1795 terra
1151 1767 1289 1799 nimirum,
1302 1771 1490 1798 conversatus,
1504 1766 1542 1792 uti
1562 1766 1732 1801 propositum

948 1817 1001 1844 est,
1013 1813 1105 1840 divina
1118 1816 1146 1840 et
1162 1812 1279 1839 humana
1294 1812 1389 1847 gessit.
1403 1811 1521 1839 Advorte
1535 1814 1627 1838 autem
1642 1810 1731 1838 admi-

947 1858 1061 1886 rabilem
1081 1863 1108 1886 et
1123 1858 1340 1893 inexplicabilem
1365 1857 1473 1885 Domini
1495 1857 1640 1891 unionem;
1659 1865 1731 1892 qui-

947 1905 1021 1932 niam
1036 1911 1090 1932 non
1111 1908 1140 1931 ut
1159 1903 1232 1932 Deus
1253 1904 1344 1931 divina
1359 1903 1443 1938 gessit
1458 1904 1527 1939 (erat
1538 1904 1611 1931 enim
1625 1903 1743 1940 homo),

118 1966 184 1984 πινα
200 1955 244 1993 (ἦν
266 1948 320 1993 γὰρ
343 1959 389 1985 καὶ
405 1959 491 1994 Θεός).
511 1959 590 1985 Ὅθεν
621 1948 783 1994 θαυμαστῶς
799 1960 813 1986 ὁ
829 1948 898 1991 θεῖος

957 1958 998 1978 nec
1014 1953 1044 1978 ut
1057 1950 1139 1978 homo
1153 1950 1271 1977 humana
1282 1949 1352 1986 (erat
1364 1950 1436 1977 enim
1448 1948 1540 1985 Deus).
1554 1948 1632 1976 Unde
1645 1948 1730 1976 mira-

117 1992 264 2038 Γρηγόριος
278 1992 442 2038 ’ὀγθεολόγος
465 1992 548 2040 φησὶ,
575 1992 744 2040 κιρναμένων
772 2004 897 2040 ὣσπερυ

957 1995 1039 2023 )iliter
1056 1995 1136 2022 divus
1159 1993 1461 2030 GregoriusTheologus
1476 1993 1524 2025 ait,
1541 1992 1648 2020 naturis
1666 2001 1735 2028 quo-

115 2047 171 2075 τῶν
192 2048 308 2082 φύσεων.
325 2048 394 2076 οὕτω
415 2049 446 2085 δὴ
469 2049 516 2076 καὶ
535 2049 588 2076 τῶν
614 2049 735 2085 κλήσεων
751 2050 797 2076 καὶ
820 2059 898 2087 περι-

957 2040 1091 2069 lammodo
1103 2039 1493 2076 permistis,denominationes
1505 2045 1613 2074 quoque
1621 2043 1730 2074 propter

103 2092 261 2128 ’χωρουσῶν
276 2093 317 2125 εἰς
331 2093 446 2128 ἀλλήλας
461 2093 501 2129 τῷ
516 2093 586 2129 λόγῳ
609 2094 659 2129 τῆς
676 2094 823 2129 συμφυΐας.

957 2090 1055 2114 nutuas
1068 2085 1341 2114 circuminsessiones
1361 2088 1490 2120 cognatas
1503 2092 1564 2112 esse
1580 2085 1639 2119 (seu
1654 2091 1730 2111 com-

117 2137 145 2165 δὲ
172 2138 203 2164 οὐ
232 2139 301 2165 κατὰ
325 2139 390 2166 Θεὸν
417 2139 452 2166 τὰ
476 2139 534 2166 θεῖα
555 2139 623 2175 ἔργα
653 2139 802 2176 πεποίηκε,
823 2140 898 2171 δηλοῖ

957 2131 1064 2167 nunes).
1089 2131 1231 2164 Quomodo
1252 2139 1317 2158 vero
1331 2138 1387 2158 non
1408 2134 1439 2157 ut
1453 2129 1524 2158 Dens
1539 2129 1631 2156 divina
1646 2137 1729 2164 opera

114 2181 146 2208 τὸ
168 2183 331 2218 σωματικῶς
354 2183 431 2210 ποσὶν
453 2184 499 2210 ἐπὶ
523 2184 661 2220 Θαλάσσης
683 2175 807 2220 βαδίσαι·
828 2183 896 2212 Θεοῦ

957 2178 1070 2210 ιιηνοιιὶι,
1090 2177 1211 2206 declarat
1225 2177 1264 2209 id.
1280 2176 1353 2212 quod
1369 2176 1508 2211 corporeis
1522 2175 1635 2210 pedibus
1647 2183 1729 2210 supra

117 2227 165 2262 μὲν
181 2227 235 2262 γὰρ
249 2228 280 2254 τὸ
296 2228 461 2264 συμπιλῆσαι
478 2228 548 2265 ὓδωρ
560 2238 567 2244 ·
585 2229 615 2255 οὐ
631 2229 698 2256 Θεοῦ
713 2230 742 2256 δὲ
759 2230 789 2257 τὸ
805 2238 896 2266 σαρκι-

957 2230 1020 2251 nare
1036 2223 1185 2251 ambularit
1201 2232 1208 2251 :
1224 2222 1273 2250 Dei
1287 2223 1360 2250 enim
1377 2225 1418 2249 est
1432 2229 1530 2256 aquam
1545 2220 1727 2253 consolidare,

114 2275 172 2305 κοῖς
191 2273 254 2299 ποσὶ
270 2274 462 2310 περιπατῆσαι.
480 2274 547 2301 υὺδὲ
572 2274 697 2310 θεότητος
712 2276 792 2315 ,σὰρξ
807 2265 895 2303 ποδῶν

957 2277 1001 2296 ton
1024 2269 1072 2297 Dei
1087 2272 1177 2296 autem
1192 2269 1332 2304 corporeis
1348 2268 1464 2303 pedibus
1475 2266 1624 2294 ambulare.
1634 2265 1729 2301 Neque

115 2318 160 2346 καὶ
182 2319 257 2346 ὀστᾶ.
274 2319 341 2346 Θεοῦ
366 2320 445 2347 πάλιν
468 2320 601 2355 παρθένον
623 2321 653 2347 τὸ
669 2313 744 2348 κύειν
765 2322 893 2357 ποιῆσαι·

957 2322 1009 2342 :aro
1030 2315 1130 2351 pedum
1147 2318 1175 2343 et
1189 2322 1253 2343 ossa
1267 2314 1419 2342 divinitatis
1440 2317 1514 2342 sunt.
1526 2313 1646 2340 Rursum
1662 2313 1727 2340 item

114 2363 170 2392 ἀλλ’
192 2364 223 2391 οὐ
243 2364 366 2400 θεότητος
382 2366 411 2392 τὸ
426 2366 665 2401 διαμεμορφῶσθαι
686 2367 746 2402 ὄψει
769 2367 815 2395 καὶ
839 2369 896 2401 τοῖς

957 2361 992 2390 )ei
1006 2365 1048 2389 est
1061 2361 1177 2393 ellicere,
1190 2365 1219 2388 ut
1235 2360 1317 2396 Virgo
1334 2361 1438 2396 pariat;
1458 2359 1527 2388 facie
1543 2363 1632 2387 autem
1648 2363 1728 2387 ctete~

113 2409 215 2442 λοιποῖς
230 2410 405 2447 ἀνθρωπίνοις
423 2410 538 2446 μέλεσιν.
556 2411 633 2438 Οὕτω
649 2412 695 2439 καὶ
711 2413 743 2439 ὲκ
755 2412 802 2439 τοῦ
819 2413 895 2440 ὲναν-

958 2407 1035 2443 isque
1061 2407 1190 2435 membris
1215 2407 1341 2435 humanis
1365 2406 1512 2440 eﬂ‘ormari,
1529 2413 1584 2433 non
1601 2409 1643 2434 est
1657 2405 1727 2433 divi-

113 2454 171 2482 τίου
186 2457 221 2482 τά
236 2456 305 2483 αὑτά
315 2465 322 2472 ·
339 2456 370 2482 οὐ
386 2456 440 2492 γὰρ
455 2456 526 2483 κατὰ
540 2457 680 2492 ἄνθρωπον
696 2455 894 2494 reatngme

957 2454 1047 2482 litatis.
1062 2453 1108 2482 Sic
1129 2454 1212 2482 etiam
1232 2461 1247 2481 e
1263 2454 1371 2481 diverso
1386 2453 1506 2481 vicissim
1521 2453 1578 2480 haec
1591 2452 1684 2480 eadem
1697 2460 1727 2480 se

113 2501 240 2537 ἐποίησεν
250 2510 257 2517 σ
270 2501 412 2538 ἄνθρωπος
438 2503 486 2537 μὲν
502 2501 555 2538 γὰρ
575 2500 609 2538 ἦν
631 2503 663 2529 ὲκ
678 2503 726 2537 τῆς
742 2503 891 2538 Παρθένου,

957 2501 1058 2534 labent;
1075 2507 1130 2528 non
1152 2500 1224 2527 enim
1246 2507 1300 2535 qua
1316 2499 1397 2526 homo
1417 2498 1502 2534 gessit
1515 2505 1547 2526 ea
1563 2505 1624 2533 qure
1637 2497 1726 2524 homi-

111 2547 169 2574 em
185 2547 215 2574 οὐ
232 2547 302 2574 κατὰ
317 2548 457 2582 ἄνθρωπον
476 2547 569 2574 τοῦτο·
588 2550 662 2580 ποῖος
678 2548 731 2583 γὰρ
751 2549 891 2586 ἄνθρωπος

957 2555 1009 2574 tum
1022 2551 1097 2578 sunt,
1109 2546 1243 2582 siquidem
1257 2546 1338 2573 homo
1351 2549 1412 2573 erat,
1423 2553 1456 2574 ex
1472 2544 1598 2580 Virgine;
1615 2544 1662 2571 sed
1674 2543 1726 2571 hoc

112 2594 145 2620 ὲκ
156 2592 304 2628 παρθένους
316 2593 399 2619 Πάλιν
414 2593 444 2619 τὸ
460 2594 523 2620 ποσὶ
539 2593 654 2628 βαδίζειν
663 2595 803 2630 ἀνθρώπου
815 2597 872 2623 ἐστί
881 2605 888 2612 ·

957 2600 1000 2620 ion
1024 2596 1066 2621 est
1092 2592 1241 2621 secundum
1269 2591 1390 2619 hominis
1415 2590 1608 2618 conditionem.
1631 2588 1725 2622 Qualis

111 2639 142 2666 τὸ
151 2639 180 2671 δὲ
195 2639 240 2665 ἐπὶ
254 2638 358 2671 ὓδατος,
369 2639 420 2665 οὐκ
434 2638 577 2674 ἀνθρώπου
587 2648 594 2655 ο
602 2641 677 2672 ποῖος
687 2640 740 2676 γὰρ
750 2641 890 2676 ἄνθρωπος

957 2639 1016 2666 :nim
1029 2639 1109 2667 homo
1122 2643 1202 2666 natus
1214 2637 1390 2674 “Virgine?
1400 2636 1506 2665 Rursus
1522 2635 1636 2672 pedibus
1649 2635 1724 2662 ince-

109 2683 189 2712 τοῦτο
201 2684 348 2719 πεποίηκες

957 2685 1006 2713 iere
1021 2689 1063 2713 est
1077 2685 1251 2718 hominis;at
1272 2691 1355 2719 supra
1376 2690 1485 2718 aquam.
1499 2689 1552 2710 non
1573 2685 1613 2709 est
1635 2680 1724 2708 boun-

941 2732 1003 2764 nis;
1018 2731 1107 2766 qualis
1120 2730 1193 2758 enim
1207 2730 1290 2758 homo
1303 2730 1356 2759 hoc
1373 2728 1455 2758 fecit?

630 2802 744 2833 νΑιιΜι
762 2804 949 2836 LECTIONES
965 2806 1008 2835 ET
1024 2805 1297 2836 CORBECTlONES.

160 2878 184 2895 “
201 2878 313 2913 ἔφασαν.
364 2880 384 2897 δ’
401 2880 482 2914 ὅλως.,
