1950 3065
222 146 274 174 555

599 145 767 173 APPENDIX
785 145 830 173 AD
847 145 961 174 OPERA
983 145 1012 175 S.
1030 145 1177 174 DIONYSII
1193 146 1428 176 AREOPAGITAS.

1779 147 1829 176 556

258 201 360 229 Novam
379 201 531 237 quamdam.
551 201 636 230 Nemo
661 203 689 229 in
703 202 900 237 stultiloquium
913 210 1005 230 erum-

1090 202 1202 236 Καινήν
1224 211 1298 230 τινα.
1316 202 1428 238 Μηδεὶς,
1449 202 1488 234 εἰς
1520 202 1686 238 μωρολογίαν
1706 204 1829 240 τραπεὶς,

222 256 289 284 pens
300 248 372 276 dicat
386 249 474 284 ipsum
485 248 627 276 Dominum
640 247 732 276 Jesum
744 248 899 284 θεανδρίτην
911 249 1003 283 appel-

223 295 295 323 lasse
312 305 318 322 :
336 303 390 323 non
418 295 491 323 enim
516 295 702 331 θεανδριτικήν
720 303 735 322 a
752 294 909 331 θεανδρίτης
924 295 1004 322 eﬂ‘or-

223 341 334 373 mando,
349 341 396 369 sed
410 341 569 377 θεανδρικήν
587 349 635 369 seu
651 341 801 368 deivirilem
818 341 1002 376 operationem

223 388 301 419 dixit,
313 388 391 423 quasi
404 395 418 415 a
433 387 487 415 Deo
509 395 541 415 ac
555 389 614 415 vim
625 388 813 423 compositam.
831 387 907 415 Unde
922 388 1003 415 etiam

223 433 308 461 Deum
321 437 399 460 vocat
411 434 591 470 ἀνδρωθέντα,
605 434 632 462 id
643 439 685 462 est
695 434 778 462 Deum
790 435 876 461 virum
892 434 1002 461 factum.

223 479 302 507 Nunc
323 484 412 507 autem
425 480 506 515 308
516 480 590 507 illam
607 481 808 509 miseellaneam
820 481 1004 516 operationem

224 526 310 552 solam
328 525 478 553 deivirilem
493 526 655 562 appellavit;
671 527 805 563 siquidem
818 530 847 554 nt
859 526 930 554 Deus
941 531 1002 554 tan-

224 574 281 598 tum
296 571 597 607 operabatur,quando,
610 573 721 605 absens,
734 572 907 600 Centurionis
919 572 1003 600 [ilium

224 617 352 650 sanabat;
368 617 395 644 in
406 622 538 652 quantum
553 625 619 645 vero
632 618 713 646 homo
724 622 829 646 tantum
847 618 909 654 (etsi
922 618 1003 645 etiam

224 662 295 690 Deus
309 662 377 697 erat)
391 663 500 698 quando
512 665 670 692 comedebat
680 668 706 691 et
722 664 890 692 tristabatur.
905 663 1004 691 Mistim

224 712 313 734 autem
329 707 492 744 operabatur
505 708 645 741 miracula.
666 710 744 736 caecis
755 709 849 738 oculos
867 708 1005 736 illiniendo

223 754 384 786 restituens,
411 754 622 783 haemorrhousm
652 756 753 783 fluxum
783 756 841 783 solo
866 759 940 782 tactu
969 754 1006 781 si-

225 805 310 829 ειειιε.

467 859 501 887 ΙΝ
517 858 711 887 EPISTOLAM
731 859 763 888 V.

263 906 296 937 Ιιι
316 907 363 934 hac
386 908 500 934 exsistit.
515 906 557 934 Ad
584 905 786 941 intelligendum
802 905 828 932 id
849 905 922 940 quod
934 905 978 932 hic
992 913 1007 932 a

225 950 307 979 Patre
320 951 422 979 dictum
436 956 489 984 est,
506 959 584 979 sume
599 951 752 986 exemplum
769 951 802 978 ab
815 950 895 978 oculo
907 957 1007 986 corpo-

227 998 275 1025 ris.
291 997 368 1032 Quod
382 998 454 1026 enim
470 998 550 1026 eliicit
565 997 688 1025 absentia
709 997 831 1029 luminis,
843 997 947 1024 scilicet
961 1003 1008 1023 va-

226 1044 360 1072 cationem
371 1052 469 1072 sensus
482 1044 634 1075 oculorum,
644 1043 695 1070 hoc
708 1042 788 1071 elIieit
805 1042 947 1070 intendere
958 1041 1009 1071 fixe

227 1090 312 1119 noiem
329 1090 469 1118 oculorum
482 1090 612 1118 adversus
629 1090 694 1118 solis
704 1089 795 1117 radios
816 1089 938 1120 meridie,

466 1189 500 1217 IN
520 1188 712 1217 EPISTOLAM
727 1187 773 1216 Ἦ.

260 1235 333 1263 Fieri
358 1236 427 1264 enim
446 1241 540 1270 potest.
558 1235 660 1267 Potest.
674 1235 772 1270 inquit,
788 1234 924 1270 quispiam
943 1234 1008 1262 dum

227 1283 299 1310 inter
322 1282 408 1309 multa
424 1281 596 1317 Splendidam
612 1280 722 1316 aliquod
743 1281 915 1308 mendacium
930 1288 1010 1308 coar-

226 1327 304 1363 guit,
325 1327 440 1362 ipsemet
460 1335 477 1354 a
497 1334 563 1355 vero
588 1327 726 1359 aberrare,
742 1326 815 1362 quod
840 1334 925 1354 unum
951 1329 1007 1358 est;

227 1375 309 1401 unica
320 1372 392 1402 enim
403 1373 515 1405 veritas,
526 1380 626 1401 arcana
636 1376 728 1400 tamen
740 1377 850 1408 propter
865 1372 1009 1408 mysticam

227 1418 384 1454 dogmatum
398 1419 614 1455 intelligentiam,
631 1419 770 1454 multaque
784 1419 873 1446 adhuc
888 1426 950 1445 cum
962 1418 1009 1445 Dei

226 1467 313 1502 gratia
336 1474 405 1502 opus
426 1466 506 1494 habet
526 1466 717 1501 indagatione;
743 1465 825 1494 veluti
853 1465 1008 1497 Nestorius,

227 1513 292 1541 dum
318 1513 376 1540 Arii
400 1512 615 1548 Apollinariiqne
632 1512 732 1547 placita
753 1512 891 1544 convellit,
904 1511 947 1539 vel
963 1511 1009 1538 alii

1053 248 1155 283 λεγέτω
1175 249 1215 276 ὅτι
1239 249 1413 284 θεανδρίτην
1428 248 1474 276 τὸν
1490 249 1590 286 Κύριον
1613 248 1714 285 Ἰησοῦν
1731 258 1829 285 φησιν·

1053 295 1083 321 οὐ
1099 295 1153 331 γὰρ
1169 294 1372 329 θεανδριτικὴν
1393 292 1469 323 εἶπεν
1491 294 1544 321 ἀπὸ
1559 294 1606 321 τοῦ
1629 296 1646 322 ό
1662 295 1831 329 θεανδριτης

1054 340 1234 376 σχηματίσας,
1255 340 1322 370 ἀλλὰ
1338 340 1516 375 θεανδρικὴν
1531 339 1680 376 ἐνέργειαν,
1696 338 1749 367 οἷον
1764 340 1831 367 Θεοῦ

1053 385 1101 413 καὶ
1126 385 1221 421 ἀνδρὸς
1252 384 1496 422 συμπεπλεγμένην
1519 385 1665 420 ἐνέργειαν.
1685 385 1764 412 Ὅθεν
1785 386 1833 413 καὶ

1053 430 1238 465 ἀνδρωθέντα
1253 432 1318 467 φησὶ
1330 430 1396 457 Θεὸν
1412 431 1471 457 ἀντὶ
1481 430 1539 463 τοῦ,
1552 430 1617 457 Θεὸν
1629 430 1712 467 ἄνδρα
1727 431 1832 466 γενόμε-

1054 484 1109 503 νον.
1118 475 1175 503 Νῦν
1192 476 1219 503 δὲ
1235 477 1284 513 τὴν
1301 476 1399 513 μικτὴν
1415 476 1554 511 ἐνέργειαν
1572 476 1655 512 μόνην
1677 476 1832 512 θεανδρικὴν

1055 522 1194 550 ἐκάλεσεν·
1227 523 1361 558 ἐνήργησε
1392 523 1441 558 μὲν
1466 522 1520 561 γὰρ
1543 522 1580 555 ὼς
1604 522 1669 554 Θεὸς
1687 523 1773 558 μόνον,
1789 523 1833 549 ὅτε

1055 567 1132 595 ἀπὼν
1146 568 1191 594 τὸν
1211 568 1258 595 τοῦ
1274 569 1469 604 ἑκατοντάρχου
1492 568 1574 595 παῖδα
1600 568 1708 595 ἰάσατο·
1725 569 1763 600 ὡς
1787 569 1834 596 ἄν-

1056 614 1162 650 θρωπος
1178 614 1206 641 δὲ
1223 614 1312 650 μόνον,
1329 615 1353 640 εί
1370 614 1415 641 καὶ
1430 614 1496 646 Θεὸς
1511 612 1556 650 ἦν,
1572 615 1602 640 ἐν
1617 614 1654 649 τῷ
1671 614 1770 641 ἐσθίειν
1789 615 1835 641 καὶ

1055 659 1205 686 λυπεῖσθαι.
1230 660 1341 692 Μικτῶς
1367 660 1394 686 δὲ
1415 661 1549 697 ἐνήργησε
1572 659 1606 687 τὰ
1630 660 1765 695 θαύματα,
1788 669 1835 687 τυ-

1056 706 1130 740 φλοῖς
1145 707 1299 743 ὀφθαλμοὺς
1323 706 1366 735 διὰ
1390 707 1505 743 χρίσεως
1520 706 1700 743 δημιουργῶν,
1718 706 1764 735 καὶ
1787 706 1836 741 τῆς

1057 752 1254 788 αἱμορῥοούσης
1270 755 1303 789 τῇ
1313 754 1368 789 ἀφῇ
1387 753 1535 781 συστέλλων
1550 752 1599 789 τὴν
1616 753 1700 788 ῥύσιν.

1244 854 1298 883 ΕΙΣ
1315 854 1386 881 ΤΗΝ
1403 854 1599 881 ΕΠΙΣΤΟΔΗΝ
1615 854 1653 881 E'.

1101 900 1150 927 Ἑν
1173 901 1266 932 τούτῳ
1285 901 1424 936 γίγνεται.
1442 901 1478 927 Τὸ
1503 900 1645 936 εἰρημένον
1670 899 1785 928 ἐνταῦθα
1799 899 1839 936 τῷ

1059 945 1146 982 Πατρὶ
1162 944 1229 972 λαϐέ
1254 953 1299 981 μοι
1315 945 1369 973 ἀπὺ
1380 945 1577 980 ὺπδείγματος
1587 944 1634 971 τοῦ
1645 944 1714 972 κατὰ
1729 945 1775 972 τὸν
1791 953 1840 972 σω-

1060 991 1171 1026 ματικὸν
1186 991 1335 1027 ὀφθαλμόν,
1354 991 1441 1026 Ὅπερ
1455 991 1508 1028 γὰρ
1525 992 1596 1018 ποιεῖ
1611 990 1697 1026 φωτὸς
1712 991 1839 1023 ἀπουσία,

1059 1037 1251 1076 ἀνενεργησίαν
1279 1037 1333 1064 τῶν
1356 1037 1474 1065 ὀπτικῶν
1497 1037 1636 1073 δυνάμεων
1659 1036 1839 1073 ἐργαζομένη,

1057 1083 1137 1110 τοῦτο
1162 1084 1209 1111 καὶ
1225 1085 1242 1119 ἡ
1260 1084 1327 1120 πρὸς
1342 1083 1416 1119 ἥλιον
1432 1085 1461 1111 ἐν
1479 1084 1635 1120 μεσημϐρίᾳ
1651 1083 1746 1120 ἀτενὴς
1772 1083 1841 1114 ἀπύ-

1059 1130 1153 1167 6λεψις
1169 1131 1304 1162 ἀποτελεῖ.

1249 1188 1304 1215 ΕΙΣ
1318 1189 1390 1215 ΤΗΝ
1406 1188 1602 1215 ΕΠΙΣΤΟΛΗΝ
1614 1188 1658 1222 ς’.

1094 1233 1226 1261 Δυνατὸν
1246 1234 1300 1269 τὰρ
1316 1234 1375 1260 καί.
1392 1233 1524 1266 Δύναται,
1542 1233 1618 1268 φησι,
1635 1233 1677 1264 τὶς
1693 1232 1722 1261 ἐν
1738 1231 1843 1264 πολλοῖς

1059 1280 1196 1316 προφανὲς
1220 1279 1316 1315 ψεῦδος
1341 1279 1469 1316 ἐλέγχων,
1487 1279 1567 1312 αὐτὸς
1588 1279 1782 1315 διαμαρτάνειν
1796 1279 1844 1306 τοῦ

1059 1325 1188 1361 ἀληθοῦς,
1215 1326 1284 1362 ὅπερ
1309 1325 1337 1353 ἓν
1363 1325 1436 1363 [οὐκ]
1467 1326 1543 1354 ἐστι·
1579 1327 1627 1362 μία
1646 1326 1700 1362 γάρ
1721 1327 1794 1353 ἐστιν
1827 1327 1844 1362 ὴ

1060 1371 1191 1408 ἀλήθεια,
1220 1372 1333 1409 κρύφιον
1355 1372 1383 1400 δὲ
1406 1372 1451 1400 διὰ
1472 1375 1501 1400 τὸ
1527 1373 1655 1410 μυστικὸν
1670 1372 1724 1400 τῶν
1739 1373 1842 1408 δογμά-

1059 1426 1122 1450 των,
1139 1417 1186 1445 καὶ
1212 1418 1312 1454 πολλῆς
1336 1419 1449 1456 ἐρεύνης
1475 1420 1542 1455 μετὰ
1563 1420 1613 1455 τῆς
1630 1420 1703 1453 θείας
1719 1421 1845 1457 δεόμενον

1059 1463 1169 1501 χάριτος
1179 1472 1185 1479 ·
1193 1461 1249 1491 οἷον
1262 1464 1407 1501 Νεπόριος
1417 1465 1450 1492 τά
1465 1466 1568 1502 Ἀρείου
1579 1467 1626 1494 καὶ
1643 1467 1845 1503 Ἀπολλιναρίου

1060 1508 1222 1545 διασείων,ἢ
1239 1510 1326 1548 ἕτεροι
1335 1511 1449 1538 τοιοῦτοι
1465 1512 1566 1548 ὁμοίων
1581 1513 1737 1550 ἐτέρων,είς
1749 1513 1846 1548 ἐτέρας

228 1559 332 1587 similes
358 1559 473 1586 aliorum
497 1559 638 1591 similium,
654 1559 701 1594 qui
724 1559 754 1586 in
771 1559 838 1586 alias
861 1558 914 1593 ipsi
934 1566 1006 1594 teque

1062 1553 1176 1587 ἀτόπους
1200 1555 1319 1593 αἱρέσεις
1347 1556 1483 1583 ἐνέπεσον.
1509 1557 1611 1593 Μηδεὶς
1628 1547 1664 1584 ’δὲ
1689 1559 1720 1585 ἐκ
1742 1547 1848 1585 τούτων

227 1605 362 1634 absurdas
389 1605 508 1634 haereses
532 1605 697 1635 inciderunt.
722 1604 807 1632 Nemo
836 1609 926 1632 autem
947 1605 1006 1633 hinc

1062 1601 1292 1638 παρακρουέσθω,
1311 1602 1509 1631 ἀποϐάλλεσθαι
1524 1603 1558 1631 τὰ
1586 1603 1656 1630 κατὰ
1675 1604 1730 1632 τῶν
1756 1605 1847 1640 ἐτερο-

226 1652 389 1684 oﬂ‘endatur,
404 1652 564 1680 existimans
584 1651 731 1687 improbari
745 1651 855 1679 Patrum
878 1651 967 1678 studia
982 1651 1006 1679 in

1062 1649 1142 1682 δόξων
1159 1651 1303 1686 πονήματα
1319 1651 1373 1679 τῶν
1389 1652 1518 1687 Πατέρων
1528 1660 1535 1667 ·
1555 1653 1586 1679 οὐ
1602 1653 1656 1689 γὰρ
1677 1653 1757 1680 τοῦτό
1779 1663 1848 1690 φησι

227 1697 362 1726 haereticis
383 1697 536 1725 refutandis
551 1698 699 1731 collocata;
714 1705 770 1725 non
782 1697 854 1726 enim
866 1697 918 1725 hoc
933 1698 1006 1731 dicit,

1062 1696 1090 1723 τὸ
1121 1695 1159 1732 μὴ
1184 1695 1303 1732 ἐλέγχειν
1330 1698 1376 1725 καὶ
1398 1698 1559 1733 ἀνατρέπειν
1588 1698 1636 1730 τὰς
1660 1699 1713 1726 τῶν
1739 1699 1848 1727 ἀσεϐῶν

227 1744 307 1779 quasi
332 1751 387 1772 non
413 1743 568 1771 refellenda:
582 1748 609 1771 et
623 1743 776 1771 evertenda:
798 1743 853 1772 sint
867 1744 1006 1779 opiniones

1062 1743 1147 1776 δόξας,
1158 1744 1228 1779 (ἐπεὶ
1239 1744 1298 1776 πῶς
1315 1745 1396 1777 αὐτὸς
1410 1745 1440 1772 ἐν
1455 1745 1493 1781 τῷ
1507 1745 1576 1780 Περὶ
1592 1745 1678 1772 θείων
1694 1746 1848 1780 ὀνομάτων

228 1790 384 1825 impiorum,
395 1789 542 1826 (quomodo
556 1790 629 1817 enim
641 1789 761 1826 alioquin
776 1790 890 1825 ipsemet
899 1791 927 1817 in
941 1791 1006 1818 libro

1062 1790 1184 1825 φαίνεται
1210 1791 1245 1818 τὰ
1267 1791 1314 1818 τοῦ
1342 1791 1443 1828 Ἐλύμα
1463 1791 1651 1827 διασαλεύων;)
1675 1791 1731 1818 ἀλλ’
1748 1792 1790 1819 ὅτι
1816 1792 1848 1818 οὗ

227 1835 267 1863 De
273 1836 368 1862 divinis
380 1835 527 1863 nominibus
536 1835 637 1871 Elymae
650 1836 775 1871 dogmata
785 1836 824 1864 sic
834 1836 1006 1872 exagitaret?)

1062 1836 1113 1873 χρὴ
1130 1836 1200 1865 κατὰ
1224 1837 1427 1873 προηγούμενον
1451 1837 1529 1871 λόγον
1545 1838 1584 1869 εἰς
1599 1837 1678 1863 τοῦτο
1694 1837 1848 1872 ἐνασχολεῖ-

228 1883 277 1911 sed
292 1890 347 1909 non
360 1883 388 1909 in
400 1883 452 1909 hoc
461 1882 627 1917 praecipuum
641 1882 762 1909 studium
777 1882 930 1917 ponendum
939 1890 1006 1915 esse,

1062 1883 1132 1914 σθαι,
1149 1883 1179 1909 τὸ
1195 1883 1255 1910 καθ’
1273 1883 1371 1919 ἐτέρων
1388 1883 1486 1917 λέγειν,
1504 1883 1571 1910 ἀλλὰ
1587 1883 1782 1915 διδασκαλικῶς
1801 1883 1849 1910 τὸν

228 1933 259 1958 ut
282 1934 377 1957 contra
394 1929 463 1956 alios
489 1929 608 1960 dicatur,
627 1927 675 1956 sed
689 1931 719 1954 ut
740 1928 846 1955 erudite
871 1931 898 1956 et
914 1932 1006 1966 exacte

1062 1929 1109 1964 τῆς
1141 1929 1268 1965 ἀληθείας
1294 1929 1446 1956 ἐκτίθεσθαι
1472 1930 1549 1964 λόγον
1578 1930 1784 1966 ὴκριϐωμένως,
1813 1931 1848 1965 τῇ

227 1976 352 2003 veritatis
371 1975 441 2002 ratio
455 1979 618 2009 exponatur,
634 1974 762 2002 refutatio
778 1979 868 2002 autem
883 1975 1006 2003 adhibea-

1062 1975 1217 2011 ἁντιρῤήσει
1245 1976 1273 2002 δέ
1299 1975 1368 2002 κατὰ
1393 1976 1551 2013 περίστασιν
1563 1976 1585 1992 ⁸⁸
1602 1976 1651 2011 τῆς
1670 1976 1723 2002 τῶν
1740 1976 1849 2004 ἀσεϐῶν

228 2027 273 2051 tur
283 2025 377 2048 contra
390 2020 587 2056 oppositionem
600 2020 737 2048 instantiae
750 2020 904 2055 impiorum.
913 2021 1006 2050 Aliter:

1062 2022 1271 2054 ἐπαναστάσεως
1287 2022 1412 2058 χρῆσθαι.
1433 2023 1560 2056 Ἀλλως·
1592 2023 1651 2049 ’Ότι
1677 2023 1708 2049 οὐ
1731 2023 1772 2049 δεῖ
1797 2022 1850 2055 τὰς

227 2067 288 2095 Non
306 2066 560 2102 oportere'aliorum
572 2067 716 2102 opiniones
727 2066 858 2099 refutare,
874 2068 921 2095 sed
933 2075 1006 2095 suam

1062 2068 1114 2094 τῶν
1130 2069 1230 2104 ἐτέρων
1247 2069 1324 2102 δόξας
1332 2069 1492 2101 διαϐάλλειν,
1514 2068 1580 2095 ἀλλὰ
1593 2069 1642 2104 τὴν
1660 2069 1726 2095 ἰδίαν
1748 2068 1851 2104 κρατύ-

227 2113 365 2147 stabilire;
387 2121 475 2148 neque
493 2117 589 2140 contra
608 2113 763 2148 opinionem
778 2117 826 2141 aut
843 2114 1006 2149 eultum,qui

1062 2124 1117 2142 νειν
1132 2125 1138 2131 ·
1157 2115 1213 2142 ἀλλ’
1230 2115 1290 2142 οὐδὲ
1307 2115 1376 2142 κατὰ
1392 2115 1469 2152 δόξης
1485 2116 1501 2151 ἢ
1519 2115 1665 2151 θρησκείας
1680 2115 1728 2141 οὐκ
1738 2115 1850 2150 ἀγαθῆς

227 2159 301 2187 haud
323 2159 412 2187 bonus
432 2163 553 2194 apparet,
570 2159 618 2187 sed
639 2167 689 2195 pro
703 2160 815 2188 veritate
835 2161 1006 2188 scribendum

1064 2162 1227 2198 φαινομένης
1247 2162 1379 2198 γράφειν,
1396 2162 1452 2189 ἀλλ’
1477 2162 1547 2198 ὺπέρ
1578 2163 1714 2198 ἀληθείας.
1732 2162 1797 2194 Πῶς
1820 2163 1851 2190 δὲ

226 2213 297 2233 esse.
312 2205 453 2238 Quomodo
468 2210 558 2233 autent
577 2205 630 2232 hoc
644 2206 787 2242 intelligat,
802 2207 918 2242 epistola
932 2207 1006 2235 dein-

1062 2207 1140 2235 τοῦτὸ
1156 2217 1246 2244 φησιν,
1262 2209 1278 2244 ὴ
1296 2208 1358 2244 ἐξῆς
1374 2208 1500 2244 ἐπιστολὴ
1517 2209 1667 2244 σαφηνίζει.

227 2258 292 2286 ceps
306 2251 436 2279 declarat.

262 2297 317 2324 Pro
331 2298 447 2326 veritate.
458 2297 574 2326 Adverte
590 2307 653 2327 vero
667 2306 717 2326 cur
727 2307 777 2334 pro
792 2300 907 2328 veritate
922 2300 1010 2329 solum

229 2343 402 2371 scribendum
416 2344 461 2376 sit,
474 2349 500 2371 et
515 2352 569 2372 non
585 2349 679 2372 contra
697 2345 777 2372 alios.

408 2399 489 2435 309
508 2400 542 2427 IN
564 2400 758 2429 EPISTOLAM
779 2402 833 2430 Vll.

264 2444 278 2479 ς
292 2445 313 2471 l.
323 2444 436 2472 Sanctus
451 2446 496 2473 hic
513 2446 678 2482 Polycarpus
695 2447 817 2483 Smyrnae
832 2449 859 2476 in
880 2449 944 2477 Asia
959 2449 1010 2477 fuit

227 2490 381 2525 episcopus,
393 2495 420 2518 et
435 2492 586 2527 discipulus
602 2494 689 2521 sancti
703 2493 817 2522 Joannis
827 2497 1008 2531 evangelista,

228 2536 268 2562 uti
287 2539 403 2563 testatur
420 2536 538 2565 lrenatus
559 2538 629 2566 libro
643 2539 724 2566 tertio
735 2540 867 2567 Adversus
883 2541 947 2575 falsi
962 2550 1010 2568 no-

228 2582 306 2608 minis
319 2581 455 2609 scientiam
467 2590 477 2610 :
492 2585 653 2619 martyrium
672 2589 762 2613 autem
774 2585 864 2621 ignem
878 2594 1009 2615 consum-

227 2627 322 2655 mavit.
349 2627 462 2656 Divinus
486 2629 532 2656 bie
553 2629 720 2666 Polyearpus
735 2632 844 2667 scripsit
858 2633 940 2660 etiam
953 2634 1010 2668 epi—

227 2673 312 2702 stolas
338 2674 372 2702 ad
396 2673 594 2710 Philippenses.
615 2676 742 2705 Continet
763 2682 852 2706 autem
872 2678 930 2706 haec
951 2680 1008 2714 epi-

227 2719 298 2748 stula
330 2720 402 2748 beati
427 2720 550 2757 Dionysii
578 2723 664 2751 multa
690 2723 849 2752 admiranda
873 2725 1005 2762 prodigia,

1102 2299 1190 2334 Ὑπὲρ
1206 2299 1356 2333 ἀληθείας,
1371 2299 1524 2335 Σημείωσαι
1540 2299 1567 2326 δέ
1587 2300 1629 2327 διὰ
1649 2300 1673 2326 τί
1691 2300 1760 2335 ὑπὲρ
1776 2299 1849 2336 ἀλη-

1061 2345 1135 2377 θείας
1152 2346 1230 2381 μόνον
1245 2346 1443 2382 συγγραπτέον,
1460 2347 1490 2373 οὐ
1509 2346 1561 2381 μὴν
1578 2347 1637 2373 καθ’
1655 2345 1764 2382 ἐτέρων.

1248 2403 1300 2430 ΕΙΣ
1315 2404 1387 2430 ΤΗΝ
1403 2404 1598 2431 ΕΠΙΣῚῸΛΗΝ
1615 2403 1650 2431 Z'.

1097 2449 1110 2485 §
1119 2450 1139 2477 1.
1149 2449 1179 2476 '0
1193 2449 1274 2484 ἄγνος
1279 2447 1355 2482 οὗτος
1364 2450 1539 2487 Πολύκαρπος
1545 2450 1670 2486 Σμύρνης
1675 2450 1725 2485 τῆς
1731 2451 1759 2477 ἐν
1767 2451 1852 2487 Ἀσίᾳ

1060 2496 1170 2530 γέγονεν
1193 2495 1349 2528 ἐπίσκοπος,
1367 2496 1502 2533 ἀκροατὴς
1526 2497 1669 2532 γενόμενος
1690 2496 1737 2523 τοῦ
1763 2498 1850 2532 ἁγίου

1067 2542 1188 2569 Ἰωάννου
1212 2542 1259 2568 τοῦ
1284 2542 1486 2577 εὐαγγελιστοῦ,
1504 2542 1541 2575 ὤς
1558 2552 1638 2578 φησιν
1654 2544 1800 2579 Εἰρηναῖος
1817 2545 1849 2570 ἐν

1058 2588 1098 2624 τῷ
1113 2588 1196 2624 τρίτῳ
1213 2588 1307 2624 βιϐλίῳ
1322 2589 1376 2616 τῶν
1396 2590 1476 2617 Κατὰ
1490 2589 1544 2624 τῆς
1557 2589 1753 2625 ’ψευδωνύμου
1770 2590 1850 2626 τινώ-

1060 2642 1155 2668 σεως·
1181 2634 1228 2662 καὶ
1260 2635 1402 2672 μαρτυρίῳ
1436 2635 1464 2662 δὲ
1496 2635 1637 2671 ἐτελειώθη
1668 2635 1712 2662 διὰ
1743 2636 1847 2671 πυρός.

1060 2681 1136 2716 Ἔχει
1152 2680 1180 2707 δὲ
1196 2681 1242 2707 καὶ
1258 2681 1401 2713 ἐπιστολὰς
1420 2682 1434 2707 6
1457 2681 1537 2712 αὐτὸς
1563 2680 1633 2713 θεῖος
1664 2680 1850 2718 Πολύκαρπος

1058 2727 1126 2764 πρὸς
1141 2726 1346 2763 Φιλιππησίους.
1365 2727 1488 2764 Περιέχει
1500 2727 1528 2755 δὲ
1543 2728 1558 2763 ἠ
1576 2727 1622 2754 τοῦ
1641 2726 1777 2764 μακαρίου
1787 2730 1851 2756 Διο-

698 2812 811 2843 VAthE
829 2814 1015 2844 LECTIONES
1031 2815 1075 2845 ET
1092 2814 1362 2845 CORRECTIONES.

271 2870 293 2886 '°
310 2871 485 2901 παράστασιν.
