1950 3065
122 167 172 196 557

568 168 597 196 S.
616 167 740 195 MAXIM!
757 165 907 195 SCHOLIA
923 165 957 193 IN
974 164 1048 195 EPP.
1067 165 1095 193 S.
1113 165 1267 196 DlONYSll.

1680 165 1731 194 558

121 224 212 250 νυσίου
228 224 298 260 αὓτη
315 224 441 260 ἐπιστολὴ
458 224 542 251 πολλὰ
557 224 702 260 θαυμαστὰ
718 225 764 252 καὶ
784 224 845 257 ξένα
859 224 897 251 ‘sul

954 233 1014 260 quae
1041 224 1069 253 in
1092 226 1187 261 eclipsi
1217 226 1262 253 illa
1291 225 1373 254 solari
1402 229 1523 259 tempore
1550 223 1732 252 cruciﬁxionis

120 271 153 305 τῇ
171 270 240 298 κατὰ
254 271 300 298 τὸν
317 271 431 307 σταυρὸν
447 271 494 297 τοῦ
515 270 633 307 Χριστοῦ
651 271 749 306 ἡλιακῇ
772 270 900 305 ἐκλείψει.

163 327 434 363 Ἐξελεγχθήσεται.
451 327 529 354 Κατὰ
545 326 635 354 κοινοῦ
651 327 681 353 τὸ
695 327 904 362 ἐξελεγχθήσε-

120 382 167 401 ται
182 374 203 390 ⁸²
216 383 222 391 -
239 373 310 400 οὕτω
325 373 380 410 γὰρ
401 374 448 400 καὶ
470 374 488 409 ή
514 373 648 407 σύνταξις.
674 373 820 410 [Εἴδωλον
843 374 902 400 ἀντὶ

120 419 168 447 τοῦ
179 419 319 456 μίμημαι]

157 477 170 512 §
181 476 274 505 11.Τὸν
280 478 430 513 σοφιστὴν
438 477 658 513 Ἀπολλοφάνη.
666 478 732 514 Περὶ
739 478 900 513 Ἀπολλοφά-

91 549 94 552 λ
119 531 181 555 νους
205 522 252 550 τοῦ
276 524 412 558 σοφιστοῦ,
430 525 538 560 ἑταίρου
557 524 698 558 γεγονότος
718 524 765 550 τοῦ
784 523 901 558 μεγάλου

118 569 264 602 Διονυσίου,
284 571 330 597 καὶ
353 570 531 606 λοιδοροῦντος
558 571 654 603 αὑτὸν,
679 570 717 602 ὡς
739 571 901 606 Χριστιανὸν

118 615 271 650 γενόμενον,
287 616 333 642 καὶ
345 616 404 643 καθ’
427 616 559 652 Ἐλλήνων
573 616 700 650 λέγοντα⁸
719 616 766 643 καὶ
786 616 839 652 γὰρ
855 616 902 643 καὶ

117 662 134 696 ή
148 661 303 697 ἀνθρωπίνη
321 661 399 697 σοφία
413 662 520 689 ἐκΘεοῦ
537 664 620 691 ἐστιν.

152 717 206 744 Kal
223 717 258 744 οὺ
277 716 334 751 τὴν
351 717 410 745 τῶν
423 717 554 745 πολλῶν.
576 718 613 744 Τδ
624 718 703 754 ῥητὸν
718 718 788 745 οὕτω
804 727 900 746 συντα-

116 762 203 790 κτέονσ
226 763 280 790 Καὶ
301 763 332 790 οὐ
354 763 403 799 τὴν
426 763 480 790 τῶν
497 763 602 791 πολλῶν
623 764 708 798 ἔγωγε
731 765 802 798 λέγω
823 765 899 798 δόξαν

115 806 169 834 τῶν
195 807 335 843 προσύλως
366 809 413 836 καὶ
441 808 573 844 ἐμπαθῶς
604 810 824 845 ὲναπομενόντων
844 812 900 842 τοῖς

114 851 169 880 τῶν
183 853 303 890 ποιητῶν
317 854 406 889 λόγοις
421 854 438 890 ἢ
455 855 563 882 πάθεσι.

953 271 1054 299 Christi
1068 273 1248 308 contigerunt.

989 328 1128 364 Arguetur.
1157 328 1379 356 Subaudiendum
1400 329 1468 356 illud
1492 332 1672 363 reaarguelur.
1692 328 1733 355 sic

952 375 1025 401 enim
1039 375 1124 410 exigit
1141 376 1320 403 constructio.
1343 375 1460 411 [Idolum
1472 375 1583 410 ponitur
1602 382 1651 410 pro
1673 374 1733 401 imi-

951 420 1026 448 tatio.

988 477 1002 512 ξ
1015 476 1049 505 ll.
1059 477 1209 512 Sophistam
1216 478 1431 513 Apollophanem.
1448 477 1487 506 De
1493 477 1679 513 Apollophane
1688 486 1731 506 so-

950 523 1050 559 phista,
1067 525 1112 559 qui
1130 524 1218 552 fuerat
1238 524 1329 553 socius
1348 524 1438 559 magni
1453 523 1586 560 Dionysii,
1597 527 1624 551 et
1639 525 1733 551 convi-

951 570 1070 597 tiabatur
1088 570 1187 606 ipsum,
1203 571 1275 606 quod
1295 570 1469 598 Christianus
1494 570 1582 598 factus
1608 574 1690 602 esset,
1706 574 1733 597 et

950 614 1079 642 adversus
1094 615 1207 650 gentiles
1219 615 1330 644 diceret.
1339 614 1415 651 [Nam
1428 620 1455 642 et
1468 615 1586 642 humana
1601 615 1733 649 sapientia

950 669 966 688 a
982 661 1035 689 Deo
1049 661 1113 698 est.]

986 716 1077 752 Neque
1102 717 1144 744 hic
1163 718 1195 744 de
1214 716 1403 744 multitudinis.
1419 715 1527 743 Dictum
1541 715 1593 742 hoc
1613 715 1653 743 sic
1667 723 1733 742 con-

950 763 1110 790 struendum
1136 767 1199 790 est:
1225 762 1319 798 Neque
1341 769 1391 797 ego
1417 761 1451 789 de
1471 761 1652 789 multitudinis
1676 762 1734 797 opi-

950 809 1031 836 nione
1046 809 1221 844 loquor,qua:
1232 811 1371 844 poetarum
1384 807 1484 835 fabulis
1498 811 1545 835 aut
1559 807 1732 843 passionibus

950 855 1127 882 materialiter
1143 855 1328 889 tenaciterque
1342 854 1469 881 adhaeret.

152 909 192 944 Τῇ
207 910 262 944 γὰρ
274 909 334 937 τῶν
348 910 443 938 ὄντων
462 912 580 947 γνώσει.
598 911 658 940 Τῶν
673 913 756 939 ὄντων
771 913 870 948 γνῶσιν
877 914 897 929 ⁵¹

984 911 1056 939 Nam
1072 920 1118 947 per
1143 911 1211 938 hanc
1234 911 1319 946 ipsum
1346 918 1434 938 rerum
1458 910 1604 938 scientiam.
1630 908 1732 937 Rerum

112 956 237 991 ἐκάλεσε,
253 957 284 985 τὺ
307 959 539 996 ὲπιτετηρημένον
555 960 604 995 τῆς
621 960 753 995 κινήσεως
777 960 832 987 τῶν
855 960 899 987 οὐ-

113 1003 230 1038 ρανίων,
255 1004 302 1030 καὶ
328 1004 376 1040 τὴν
399 1004 515 1040 θεωρίαν
536 1005 591 1032 τῶν
611 1005 697 1034 ἄλλων
719 1005 770 1040 τῆς
785 1005 899 1038 κτίσεως

114 1049 215 1084 μερῶν,
233 1050 302 1076 κατὰ
331 1050 377 1076 τὸν
407 1051 456 1076 ἕνα
486 1050 533 1077 τὸν
563 1050 613 1086 τῆς
637 1051 732 1085 σοφίας
743 1051 765 1066 ¹³
777 1051 838 1087 ὅρον
853 1051 899 1079 τὸν

111 1093 235 1128 λέγοντα,
252 1095 354 1129 γνῶναι
369 1095 404 1122 τὰ
421 1096 486 1122 ὄντα
536 1096 600 1123 ὄντα
615 1096 683 1123 ἐστι.
701 1097 753 1123 Τοῦ
769 1097 798 1124 δὲ
820 1098 899 1125 Ἀπο-

112 1139 206 1166 στόλου
221 1141 237 1175 ή
255 1141 342 1176 φωνὴ,
357 1141 397 1178 τῷ
407 1142 493 1169 είπεῑν
509 1143 538 1169 ὲν
554 1143 587 1178 τῇ
601 1146 625 1169 α’
642 1142 711 1179 πρὸς
727 1143 896 1179 Κορινθίους·

117 1186 237 1222 Ἐπειδὴ
254 1188 308 1224 γὰρ
333 1188 368 1216 ἐν
389 1188 427 1224 τῇ
451 1189 545 1224 σοφίᾳ
558 1190 611 1218 τοῦ
631 1190 703 1218 Θεοῦ
720 1191 775 1217 οὐκ
795 1191 869 1226 ἔγνω
882 1193 898 1219 ό

111 1233 224 1267 κόσμος
246 1232 294 1260 διὰ
323 1233 378 1268 τῆς
397 1235 508 1269 σοφίας
532 1234 586 1262 τὸν
607 1236 693 1265 Θεόν·
710 1236 831 1264 τουτέστι
848 1237 898 1274 τῆς

110 1278 312 1314 ἐμφαινομένης
336 1279 377 1315 τῷ
406 1279 558 1316 ὲναρμονίῳ
583 1281 630 1307 καὶ
659 1281 817 1317 τεταγμένῳ
847 1283 898 1317 τῆς

109 1323 238 1356 κτίσεως,
260 1323 340 1351 τοῦτο
367 1325 477 1361 συνῆκε.
500 1326 656 1362 Σημείωσαι
679 1324 735 1359 οὖν,
752 1327 793 1354 ὅτι
810 1327 898 1364 ἡτῶν

108 1368 193 1396 ὅντων
215 1369 316 1404 γνῶσις
331 1370 474 1406 φιλοσοφία
504 1371 622 1406 λέγεται,
639 1372 686 1400 καὶ
709 1373 770 1400 τίνα
792 1373 868 1400 καλεῖ
883 1374 897 1400 ὁ

115 1413 274 1446 ’Λπόστολος
312 1416 342 1442 ὲν
380 1417 414 1452 τῇ
446 1420 470 1444 α’
502 1417 571 1453 πρὸς
608 1417 768 1455 Κορινθίους
800 1419 896 1454 σοφίαν

107 1461 186 1489 Θεοῦ.
206 1460 286 1497 [Εῐπε
296 1461 351 1499 γὰρ
361 1462 390 1490 ὲν
403 1463 475 1499 ἀρχῇ
491 1463 536 1491 τὸν
553 1464 664 1497 σκοπὸν,
677 1464 711 1492 δι’
721 1465 751 1491 ὃν
763 1464 825 1494 οὔτε
836 1465 896 1494 καθ’

113 1507 258 1542 Ἑλλήνων,
271 1506 334 1534 οὔτε
350 1508 410 1536 καθ’
429 1508 530 1544 ἑτέρων
541 1509 734 1547 συνέγραψεν.]

145 1553 227 1580 Ἔδει
255 1553 390 1581 συνιδεῖν
415 1554 469 1582 τὸν
488 1555 708 1590 Ἀπολλοφάνη.
749 1556 814 1584 Ἀπὸ
842 1557 896 1584 τῶν
909 1575 930 1603 C

105 1599 174 1635 παρ’
191 1599 318 1635 Ἕλλησιν
333 1600 552 1637 ὁμολογουμένων
567 1601 616 1637 τὴν
632 1601 751 1636 διάταξιν
768 1602 816 1630 τοῦ
832 1602 896 1630 πάν-

106 1653 163 1671 των
186 1644 272 1672 αῐτίου
298 1644 366 1671 Θεοῦ
392 1646 582 1683 παρατίθεται,
611 1647 710 1682 φήσας,
737 1647 771 1674 ὲκ
800 1647 895 1674 τούτου

105 1690 182 1723 ἄξιον
204 1690 351 1726 ἐπιγνῶναι
377 1691 422 1718 τὸν
449 1692 557 1719 πάντων
571 1692 699 1728 ὁροθὲτην
712 1693 787 1724 Θεὸν,
803 1694 835 1721 ὲκ
847 1693 894 1721 τοῦ

105 1737 154 1763 τὸν
167 1736 242 1772 ἥλιον
261 1737 308 1764 καὶ
322 1737 371 1773 τὴν
388 1737 502 1774 σελήνην
525 1739 588 1771 τοὺς
605 1738 829 1775 διατεταγμένους
845 1740 896 1775 τῆς

105 1782 213 1818 ἡμέρας
227 1783 298 1818 ἔχειν
313 1784 402 1819 ὅρους,
413 1784 460 1810 καὶ
474 1783 513 1820 τῷ
528 1785 608 1812 παντὶ
623 1785 669 1812 τοῦ
679 1785 794 1821 ούρανοῦ
805 1786 895 1822 κύκλῳ

106 1828 310 1864 συμπεριθέειν,
333 1829 469 1857 τουτέστιν
495 1830 526 1863 ἐξ
550 1831 686 1858 ἀνατολῶν
712 1833 758 1859 ἐπὶ
780 1833 892 1868 δυσμάς.

106 1875 170 1902 Elea
185 1875 222 1911 μὴ
238 1876 481 1912 συμπεριφέροιντο
493 1876 533 1912 τῷ
547 1878 698 1913 περιέχοντι
712 1879 809 1911 αὐτοὺς
818 1880 896 1916 οὐρα-

105 1920 157 1956 νῷ,
174 1920 221 1947 τοῦ
238 1921 285 1957 μὲν
299 1922 414 1957 ούρανοῦ
425 1923 472 1949 καὶ
485 1923 535 1959 τῆς
546 1923 681 1956 ἀπλανοῦς
694 1924 748 1951 τῶν
762 1925 894 1960 ἀκινήτων

105 1967 230 2002 ἀστέρων
242 1968 368 2003 σφαίρας,
383 1968 437 1995 ἀπὸ
450 1969 586 1996 ἀνατολῶν
596 1971 635 2002 εἰς
644 1970 747 2007 δυσμὰς
761 1971 895 2003 κυκλικῶς

106 2013 312 2048 στρεφομένων,
331 2013 420 2040 αὐτῶν
431 2014 459 2040 δὲ
474 2014 549 2049 ήλίου
565 2016 611 2042 καὶ
626 2015 739 2052 σελήνης
753 2017 802 2053 τὴν
819 2018 895 2046 ἐναν-

106 2058 169 2086 τίαν
192 2058 230 2094 τῷ
254 2059 335 2088 παντὶ
354 2068 505 2096 τρεχοντων
519 2061 551 2087 ὲκ
564 2061 672 2097 δυσμῶν
690 2063 729 2094 εἰς
745 2063 875 2095 ἀνατολάς
886 2073 892 2079 ·

105 2105 159 2133 καὶ
172 2104 242 2131 οὕτω
269 2104 385 2140 μάλιστα
400 2106 578 2141 γνωρῖζεσθαι
592 2108 639 2134 καὶ
654 2107 841 2144 θαυμάζεσθαι
857 2110 895 2136 δί-

105 2159 185 2182 καιος
200 2153 214 2177 ὀ
227 2150 273 2177 τοῦ
290 2151 389 2183 παντὸς
403 2151 566 2188 δημιουργὸς
588 2154 635 2180 καὶ
660 2154 805 2191 διατάκτης
819 2156 893 2188 Θεὸς,

106 2198 204 2225 Ταῦτα
226 2198 435 2234 ἡρμηνεύσαμεν
464 2199 534 2225 κατὰ
561 2199 758 2237 Ἀπολλοφάνην
784 2202 828 2229 τὸν
852 2202 895 2229 λέ-

949 959 1092 987 scientiam
1109 958 1217 986 vocavit
1242 958 1461 985 observationem
1476 961 1567 984 motus
1587 957 1731 989 ctelorum,

948 1008 976 1033 et
992 1005 1107 1032 aliarum
1118 1007 1250 1032 creaturae
1263 1003 1380 1039 partium
1391 1002 1733 1037 considerationem,juxta

948 1050 1093 1086 quamdam
1105 1050 1243 1085 sapientiae
1255 1049 1452 1082 deﬁnitionem,
1466 1056 1520 1084 qua
1530 1052 1733 1084 cognoscuntur

948 1104 993 1125 res
1007 1100 1142 1132 quatenus
1165 1104 1211 1124 res
1231 1102 1304 1124 sunt.
1317 1095 1366 1124 Est
1376 1099 1466 1123 autem
1481 1095 1527 1122 illa
1541 1103 1593 1123 vox
1609 1095 1733 1130 Apostoli

948 1142 977 1170 in
997 1143 1086 1178 prima
1111 1142 1144 1170 ad
1169 1142 1338 1175 Corinthios,
1354 1141 1493 1170 dicentis“
1509 1151 1516 1169 :
1532 1140 1605 1169 Nam
1621 1142 1684 1178 quia
1704 1142 1733 1169 in

947 1188 1078 1223 sapientia
1092 1187 1141 1216 Dei
1155 1196 1208 1216 non
1227 1189 1346 1224 cognovit
1370 1187 1494 1221 mundus,
1511 1196 1557 1222 per
1574 1188 1733 1223 sapientiam

947 1233 1047 1267 Deum;
1063 1234 1090 1261 id
1115 1237 1156 1262 est
1174 1242 1224 1270 per
1248 1233 1409 1269 sapientiam
1424 1233 1452 1261 in
1465 1234 1601 1261 concinna
1618 1234 1733 1262 decora-

947 1286 1000 1314 que
1014 1283 1146 1306 creatum
1171 1279 1368 1314 compositione
1389 1282 1579 1314 apparentem;
1596 1287 1657 1314 qum
1680 1279 1733 1307 hoc

947 1324 1091 1353 intellexit.
1106 1324 1176 1353 Nota
1191 1325 1274 1361 igitur
1286 1333 1378 1353 rerum
1393 1326 1518 1353 notitiam
1533 1327 1626 1354 vocari
1641 1324 1732 1361 philo-

947 1370 1083 1406 sophiam,
1103 1379 1184 1406 quam
1212 1372 1294 1400 etiam
1318 1372 1467 1408 Apostolus
1481 1373 1509 1400 in
1531 1373 1619 1408 prima
1633 1373 1667 1400 ad
1679 1372 1733 1400 Co-

945 1417 1063 1445 rinthios
1081 1416 1129 1445 Dei
1149 1418 1309 1452 sapientiam
1326 1418 1482 1454 appellavit.
1500 1418 1587 1455 [Dixit
1608 1418 1681 1446 enim
1704 1418 1732 1445 in

946 1462 1091 1498 principio,
1108 1463 1233 1498 quisnam
1260 1471 1362 1500 scopus
1378 1465 1430 1493 sibi
1454 1469 1543 1497 esset,
1555 1465 1635 1500 juxta
1650 1472 1731 1500 quem

945 1516 1035 1544 neque
1048 1513 1143 1537 contra
1159 1509 1269 1537 Graecos
1284 1517 1372 1545 neque
1387 1513 1483 1538 contra
1497 1509 1565 1537 alios
1579 1509 1713 1546 scripsit.]

983 1555 1058 1584 Scire
1069 1555 1176 1582 debebat
1190 1555 1394 1591 Apolloplranes.
1418 1555 1458 1584 Ex
1482 1564 1515 1584 eo
1539 1563 1636 1592 nempe
1657 1556 1731 1591 quod

946 1599 1018 1636 apud
1032 1600 1147 1635 gentiles
1164 1601 1192 1628 in
1205 1601 1332 1629 confesso
1347 1605 1400 1633 est,
1413 1609 1503 1630 rerum
1517 1601 1639 1628 omnium
1656 1601 1732 1629 ordi-

944 1654 1006 1674 nem
1019 1647 1174 1675 earumdem
1189 1648 1294 1675 auctori
1305 1647 1360 1675 Deo
1372 1647 1545 1675 tribuendum
1558 1655 1630 1680 esse,
1640 1647 1730 1681 docet,

945 1699 977 1721 ex
993 1692 1045 1720 hoc
1059 1694 1188 1728 cognosci
1210 1701 1290 1728 posse
1302 1693 1385 1721 Deum
1402 1694 1485 1721 rebus
1499 1694 1626 1722 omnibus
1644 1694 1730 1730 legem

944 1745 1056 1773 ponere,
1072 1738 1144 1775 quod
1168 1739 1209 1766 sol
1224 1743 1252 1766 et
1262 1739 1327 1766 luna
1345 1740 1477 1767 terminos
1492 1739 1547 1766 dici
1563 1740 1730 1767 constitutos

944 1784 1075 1817 habeant,
1101 1789 1127 1812 et
1149 1784 1229 1812 simul
1255 1792 1319 1812 cum
1347 1785 1476 1812 universo
1499 1785 1634 1813 malorum
1663 1785 1731 1813 orbe

944 1829 1208 1863 circumvolvantur;
1234 1830 1340 1858 scilicet
1365 1838 1399 1858 ex
1424 1832 1531 1859 oriente
1551 1832 1579 1858 in
1602 1832 1731 1859 occiden-

944 1880 1009 1904 tem.
1026 1875 1103 1909 ρυοά
1123 1875 1146 1904 si
1166 1883 1222 1904 non
1235 1876 1316 1912 310
1335 1877 1562 1904 circumferantur
1589 1885 1642 1904 una
1666 1885 1730 1905 eum

945 1921 1014 1948 celo
1030 1928 1084 1956 quo
1095 1921 1282 1954 continentur,
1295 1923 1332 1949 ita
1345 1925 1374 1949 ut
1383 1922 1481 1949 coelum
1490 1923 1598 1957 quidem
1613 1927 1640 1950 et
1654 1923 1729 1951 iner-

944 1967 1063 1994 rantium
1095 1971 1177 2002 atque
1211 1967 1348 1995 stabilium
1384 1969 1523 1996 stellarum
1553 1969 1666 2003 sphaerae
1696 1977 1730 1997 ex

944 2013 1051 2040 oriente
1074 2013 1102 2040 in
1123 2013 1292 2041 occidentem
1318 2014 1489 2042 circulariter
1506 2017 1654 2047 vertantur,
1671 2015 1730 2049 ipse

945 2062 1036 2086 autem
1060 2059 1102 2086 sol
1125 2063 1152 2087 et
1179 2060 1244 2087 luna
1269 2060 1438 2087 contrarium
1468 2059 1597 2088 universo
1617 2068 1729 2088 cursum

945 2110 1055 2133 teneant
1069 2113 1104 2135 ex
1118 2106 1258 2134 occidente
1275 2106 1304 2132 in
1317 2106 1467 2139 orientem;
1486 2107 1579 2141 utique
1599 2107 1642 2134 vel
1664 2106 1730 2133 hinc

945 2151 1063 2179 maxime
1088 2151 1280 2187 eognoscibilis
1296 2156 1324 2179 et
1348 2152 1530 2179 admiratione
1549 2151 1646 2187 dignus
1662 2159 1729 2178 cen-

944 2197 1050 2225 sebitur
1076 2198 1196 2226 universi
1219 2202 1327 2225 creator
1355 2203 1437 2232 atque
1460 2198 1626 2233 gubernator
1645 2197 1727 2224 Deus.

105 2252 202 2279 γοντα,
213 2243 249 2280 μὴ
265 2244 313 2271 σὺν
322 2244 360 2280 τῷ
368 2244 436 2280 ήλίῳ
446 2246 492 2272 καὶ
507 2246 552 2272 τὸν
567 2247 681 2282 οὐρανὸν
698 2247 809 2276 ἑστάναι
822 2248 892 2280 τότε,

950 2243 1008 2271 Hatc
1030 2251 1197 2278 exponemus
1222 2249 1317 2271 contra
1337 2244 1551 2279 Apollopltanem
1575 2243 1726 2275 dicentem,

103 2290 170 2317 ἐπεὶ
189 2290 218 2316 ὲν
232 2291 265 2325 τῇ
290 2290 342 2326 πρὸ
356 2291 457 2326 ταύτης
473 2293 617 2328 προγραφῇ
634 2293 664 2319 τὸ
679 2293 790 2329 ἀκριϐὲς
803 2303 896 2330 προει-

104 2334 242 2371 ρήκαμεν.
264 2334 342 2371 [Περὶ
354 2335 404 2371 τῆς
425 2337 478 2362 τῶν
503 2337 624 2373 ἀστέρων
643 2338 790 2371 διατάξεως
812 2339 894 2366 ἑστώ-

104 2390 161 2417 σης
187 2380 266 2416 βουλῇ
287 2380 366 2413 Θεοῦ,
397 2381 444 2408 καὶ
478 2383 514 2418 μὴ
540 2385 771 2421 μετακινουμένης
805 2384 893 2419 αὖθις,

104 2427 172 2455 ὃταν
199 2427 289 2463 ἐθέλῃ,
309 2427 347 2460 ὡς
367 2427 413 2454 ἐπὶ
433 2428 525 2464 Ἰησοῦι
553 2430 596 2456 τοῦ
624 2431 702 2466 Ναυῆ
731 2432 779 2459 καὶ¹
816 2432 894 2465 Ἰεζε-

105 2472 198 2509 κιήλ.]

146 2518 238 2546 Ὅταν
266 2519 353 2553 ἥλιος
379 2519 430 2548 ὑπ’
448 2521 550 2548 αὐτοῦ.
581 2522 622 2548 Τὰ
651 2522 698 2549 τοῦ
732 2522 819 2559 Ἰησοῦ
845 2524 892 2551 τοῦ

102 2563 187 2599 Ναυῆ
202 2564 231 2590 ὲν
249 2563 353 2596 τούτοις
366 2566 554 2601 παρατίθεται,
571 2567 618 2594 καὶ
631 2567 831 2604 ἀναμιμνήσκει
847 2569 893 2596 τὸν

103 2609 186 2643 ἆγιον
200 2609 377 2646 Πολύκαρπον
399 2611 448 2646 τῆς
469 2611 589 2646 ἱστορίας
609 2611 719 2648 ταύτης,
736 2613 780 2640 ἵνα
791 2613 892 2650 ταύτην

103 2654 204 2690 ἀντιθῇ
229 2655 269 2690 τῷ
300 2655 499 2691 Ἀπολλοφάνει.
521 2657 604 2693 Φησὶν
627 2656 690 2684 οὖν·
709 2659 776 2685 Εἰπὲ
797 2659 890 2695 αὐτῷ·

147 2745 159 2764 ⁵
176 2743 242 2779 Cap.
261 2752 281 2776 ι.
297 2752 322 2772 ν.
333 2744 380 2773 ‘Zl.

946 2298 1001 2318 non
1016 2299 1070 2318 una
1090 2299 1151 2319 cum
1167 2291 1224 2318 sole
1235 2292 1335 2318 cretum
1366 2292 1419 2318 hoc
1440 2291 1606 2322 constitisse,
1621 2291 1727 2318 tametsi

945 2336 972 2364 id
993 2337 1021 2364 in
1042 2337 1127 2373 priori
1149 2337 1298 2371 scriptione
1322 2341 1448 2365 accurate
1474 2337 1658 2372 probavimus.
1679 2335 1729 2372 [De

945 2387 1081 2412 astrorum
1093 2384 1282 2419 dispositione,
1290 2391 1350 2419 quze
1363 2383 1472 2418 quidem
1487 2382 1577 2410 divina
1590 2383 1728 2409 voluntate

945 2429 1022 2457 ﬁrma
1046 2433 1105 2463 est;
1132 2433 1261 2463 attamen,
1277 2437 1339 2458 cum
1365 2429 1424 2464 ipse
1446 2428 1572 2462 voluerit,
1592 2428 1726 2461 variatur,

945 2479 974 2503 ut
990 2479 1111 2510 tempore
1123 2474 1207 2502 Josue
1222 2479 1249 2502 et
1267 2475 1442 2512 Ezechielis.]

980 2520 1093 2554 Quando
1108 2521 1148 2548 δοί
1163 2520 1195 2548 ab
1211 2522 1277 2556 ipso.
1289 2520 1422 2557 Proponit
1440 2521 1486 2549 hic
1507 2529 1567 2557 qua:
1591 2521 1642 2549 sub
1661 2521 1728 2549 Iesu

943 2566 1017 2596 Nave
1034 2567 1221 2603 contigerunt,
1237 2571 1265 2595 et
1280 2567 1310 2595 Β.
1326 2567 1477 2603 Polycarpo
1491 2567 1563 2595 hanc
1583 2567 1727 2595 historiam

942 2613 970 2640 in
986 2614 1143 2641 memoriam
1156 2618 1275 2647 revocat,
1289 2618 1318 2641 ut
1328 2621 1387 2641 eam
1402 2614 1582 2649 Apollophani
1594 2617 1724 2648 opponat.

942 2658 987 2687 Ait
1000 2659 1091 2696 itaque
1109 2669 1116 2688 :
1132 2659 1180 2688 Dic
1193 2661 1233 2688 illi
1253 2671 1258 2688 :
1274 2661 1354 2690 Disce
1367 2662 1503 2698 quomodo
1514 2661 1586 2689 Deus
1598 2660 1683 2688 solem
1699 2662 1725 2686 et

573 2803 690 2832 VARIIE
708 2803 900 2835 LECTIONES
917 2805 963 2834 ET
978 2807 1251 2839 CORRECTIONES.

158 2882 178 2897 "
195 2881 394 2918 ἐλεγχθήσεται.
442 2884 464 2900 ⁸³
480 2883 612 2918 γνώσεων.
662 2884 684 2901 ³³
697 2884 862 2919 φιλοσοφίας.
