1950 3065
264 150 316 179 559

629 151 802 180 APPENDIX
817 150 862 178 AD
879 150 994 180 OPEBA
1012 150 1041 179 S.
1061 150 1210 179 DlONYSll
1225 149 1466 178 ΔΕΕΟΡΑΟΙΤΑΞ.

1815 149 1861 178 5m

263 206 372 240 lunam;
388 214 451 234 cum
475 207 626 236 secundum
643 208 831 236 diametralem
853 207 952 234 lineam
974 214 990 234 θ
1007 214 1044 234 re-

1100 207 1178 234 Μάθε
1202 207 1261 239 πῶς
1275 209 1290 234 ὁ
1305 206 1370 239 Θεὸς
1389 206 1434 233 τὸν
1449 205 1523 241 ἡλιον
1539 204 1586 232 καὶ
1604 205 1654 241 τὴν
1677 201 1783 239 σελὴνην
1801 203 1862 231 κατά

263 252 344 288 gione
369 260 430 281 sese
454 257 651 289 respectarent.
674 254 732 282 sole
759 253 868 289 quidem
882 253 939 288 jam
953 252 1049 281 dever-

263 301 344 332 gente
364 298 392 325 in
406 306 545 332 occasum,
559 299 703 326 luminaria
719 299 766 326 illa
785 299 884 327 stiterit
894 299 923 326 in
933 299 1050 326 statione

262 351 325 375 sua,
337 343 433 379 utique
445 344 546 372 virtute
557 344 687 372 ineﬂ‘abili
702 345 825 373 auctoris
836 353 932 373 eorum
946 344 1003 372 Dei.
1015 343 1049 371 Et

261 386 401 416 i'mmonile
419 388 500 416 etiam
512 393 569 416 tum
582 389 704 417 substitit
716 389 873 417 universum
893 396 956 416 cum
973 392 1049 416 utro-

261 442 316 470 que
327 434 473 468 luminari;
490 435 590 463 etenim
610 443 667 463 non
689 436 788 464 coelum
810 437 911 472 ipsum,
929 443 983 464 non
996 443 1049 463 caa-

260 483 320 508 tera
332 481 423 508 sidera
432 481 728 515 circumvolvebantur,
739 482 787 510 sed
801 490 854 510 una
867 490 930 511 cum
941 482 1048 510 duobus

260 526 322 554 istis
337 525 518 555 luminaribus
532 526 637 562 absque
655 532 733 555 motu
746 528 937 556 substiterunt.
955 527 1048 563 Neque

261 579 347 607 parvo
358 572 492 600 duntaxat
508 577 630 608 tempore
652 581 752 602 cursus
769 573 890 602 universi
907 581 940 601 ac
957 577 1048 602 motus

261 617 407 652 inhibitus,
425 619 473 647 sed
483 619 588 655 integro
598 620 654 652 die,
671 620 708 648 ita
721 624 750 647 ut
762 620 814 648 sub
824 619 890 648 Jesu
900 619 974 648 Nave
987 619 1047 648 dies

259 663 507 700 fuerit‘duplicata,
528 674 625 702 nempe
639 666 674 694 ad
693 666 789 702 viginti
811 671 928 702 quatuor
945 666 1027 695 horas
1038 688 1046 700 ,

229 733 231 736 .
259 710 488 744 quemadmodum
512 711 586 740 clare
605 711 684 740 docet
703 712 784 740 Jesus
808 712 881 740 lilius
907 711 1002 740 Sirach
1019 713 1046 739 in

219 759 231 791 ζ
259 755 360 791 hymno
376 754 498 784 Patrum.
525 756 629 786 Deinde
652 757 816 793 subiungit:
844 757 873 786 Si
888 765 953 786 vero
972 757 1047 786 dicat

257 800 493 836 Apollophanesid
502 810 563 831 esse
574 792 793 839 impossibileiut
802 811 855 831 una
866 811 928 831 cum
940 804 1046 832 duobus

258 846 439 875 luminaribus
461 849 579 882 coelum,
598 855 624 877 et
638 849 744 885 reliqua
765 854 840 877 astra
858 849 1045 883 substiterint,

1099 253 1242 289 διάμετρον
1269 252 1347 284 ὖντας
1375 252 1434 278 τότε
1463 251 1575 286 ἀντικρὺ
1604 249 1735 286 ἀλλήλων,
1750 249 1862 285 δυομένου

1102 300 1153 336 ἡδη
1172 299 1219 326 τοῦ
1238 299 1325 335 ἡλίου,
1343 298 1455 334 ἔστησεν
1475 298 1521 324 ἐπὶ
1536 297 1618 324 τόπου
1640 297 1703 328 τοὺς
1725 296 1862 331 φωστῆρας,

1100 345 1193 373 στάσιν
1216 344 1276 372 τινὰ
1300 344 1371 372 κατὰ
1393 344 1505 379 δύναμίν
1526 351 1586 372 τινα
1610 342 1711 377 ἄφατον
1731 341 1774 368 τοῦ
1788 341 1864 370 αἰτίου
1900 352 1902 355 ·

1098 391 1186 417 αὐτῶν
1200 390 1277 417 Θεοῦ.
1292 390 1347 416 Καὶ
1360 389 1424 425 ἔστη
1441 389 1471 415 τὸ
1484 389 1536 415 πᾶν
1549 387 1675 423 ἀκίνητον
1692 386 1757 422 μετὰ
1768 386 1815 413 τῶν
1823 386 1865 413 δύο

1099 437 1247 472 φωστήρων
1258 444 1264 450 ·
1282 435 1342 462 οὔτε
1357 435 1410 471 γάρ
1423 433 1614 472 οὺρανὸς,οὕτε
1629 434 1659 460 οἱ·
1670 433 1754 459 λοιποὶ
1765 432 1865 469 ἀστέρες

1099 482 1286 519 περιεπόλουν,
1301 481 1368 508 ἀλλά
1385 481 1604 516 συνειστήκεισαν
1618 480 1673 511 τοῖς
1682 478 1741 505 δυσὶ
1753 478 1866 514 φωστῆρ-

1100 537 1140 555 σιν
1156 528 1289 563 ἀκίνητοι.
1305 527 1360 554 Καὶ
1375 525 1436 554 οὔτε
1451 526 1497 553 ἐπὶ
1511 525 1601 560 ὀλίγον
1617 526 1631 551 ὁ
1644 524 1741 561 δρόμος
1755 523 1797 551 τοῦ
1810 532 1868 550 παν-

1097 574 1160 607 τὸς,,
1169 575 1217 601 καὶ
1232 576 1248 610 ἡ
1267 574 1373 610 κίνησις
1383 573 1447 609 ἔστη
1464 572 1554 608 μόνον,
1571 571 1627 599 ἀλλ’
1642 571 1684 606 ἐφ’
1698 570 1798 607 ἡμέραν
1812 570 1867 597 ὁλό-

1097 619 1207 656 κληρον,
1224 620 1262 652 ὡς
1286 618 1410 654 γενέσθαι
1435 619 1482 645 ἐπὶ
1504 617 1590 654 Ἰησοῦ
1610 616 1659 644 τοῦ
1677 616 1753 651 Ναυῆ
1771 616 1869 652 ἡμέραν

1096 665 1192 701 διπλῆν
1213 665 1250 691 κδ’
1277 663 1366 700 ὡρῶν,
1383 663 1420 696 ὡς
1442 663 1535 698 σαφῶς
1552 663 1631 690 τοῦτό
1647 670 1728 699 φησιν
1750 662 1843 698 Ἰησοῦς
1855 662 1870 688 6

1096 710 1143 738 τοῦ
1161 710 1260 747 Σειρὰχ
1276 710 1305 737 ἐν
1318 710 1357 745 τῷ
1374 709 1451 746 ὕμνῳ
1463 709 1518 736 τῶν
1533 709 1671 745 Πατέρων.
1689 706 1756 735 Εἶτα
1770 708 1868 742 ἐπάγει·

1096 757 1128 784 Εἰ
1144 756 1172 783 δὲ
1190 757 1260 783 εῐποι
1283 755 1482 790 Ἀπολλοφάνης
1493 775 1501 788 ,
1524 755 1675 788 Ἀδύνατον,
1691 754 1730 780 οὺ
1740 753 1792 790 γὰρ
1810 753 1871 788 ἔστη

1099 801 1167 837 μετὰ
1177 802 1231 828 τῶν
1241 802 1287 829 δύο
1296 803 1387 837 φωστὴ
1392 811 1444 838 ρων
1454 802 1483 828 οὐ
1488 801 1564 838 ρανδς
1572 801 1619 828 καὶ
1627 801 1652 828 οἱ
1661 800 1749 828 λοιποὶ
1757 801 1870 837 ἀστέρες,

1097 847 1154 876 ἀλλ’
1170 848 1268 874 ἐκεῖνοι
1285 848 1334 883 μὲν
1347 846 1493 879 ἐκινοῦντο,
1508 844 1584 878 οὗτος
1598 846 1627 872 δὲ
1648 846 1752 873 ἵστα-ω’
1766 845 1872 882 ἀπόκρι-

260 893 308 920 sed
323 892 371 920 illa
385 897 459 920 mota
475 893 562 922 fuisse
573 895 631 923 sole
647 895 823 928 subsistente,
837 895 972 931 responde
981 896 1044 931 ipsi,

1099 903 1140 921 ναι
1154 893 1228 929 αὐτῷ
1239 894 1290 926 ὃτι,
1301 893 1425 921 Μάλιστα
1440 892 1519 920 τοῦτο
1534 893 1586 929 χρή
1599 901 1629 919 σε
1642 892 1798 928 ἐπιπρέψαι
1811 891 1874 928 πρὸς

257 939 301 967 vel
327 939 380 967 hoc
400 940 518 968 maxime
533 941 568 968 ad
589 949 685 969 verum
698 941 785 970 Deum
806 942 984 978 ejusdemque
1000 950 1048 970 co-

257 985 408 1021 gnitionem
425 986 516 1022 ipsum
531 991 691 1016 convertere
706 987 845 1021 debuisse,
861 988 934 1024 quod
949 996 1047 1024 nempe

257 1032 348 1067 polus,
370 1032 416 1067 qui
444 1033 591 1061 luminaria
616 1034 782 1066 continebat,
805 1035 1045 1070 circumageretur,

257 1077 405 1105 luminaria
417 1086 491 1112 vero,
502 1087 562 1114 quae
575 1079 663 1114 ipsius
673 1081 815 1116 complexu
826 1081 1047 1117 continebantur,

255 1122 368 1151 immota
389 1125 575 1152 consisterint.
588 1124 646 1153 Hoc
663 1126 738 1153 enim
759 1127 873 1162 majoris
885 1131 928 1156 est
938 1128 1048 1157 virtutis

257 1170 328 1198 caelo
344 1171 504 1206 ceterisque
523 1171 610 1199 stellis
632 1171 725 1205 motis,
738 1172 822 1201 solem
839 1176 867 1200 et
883 1173 976 1201 lunam
988 1174 1048 1203 sine

256 1219 332 1243 motu
345 1216 504 1249 consistere,
523 1221 551 1245 et
569 1225 625 1245 non
641 1217 738 1245 eodem
758 1223 834 1246 motu
846 1226 907 1246 cum
921 1220 1048 1248 universo

257 1261 375 1293 moveri,
394 1269 457 1289 cum
475 1270 530 1297 quo
546 1271 655 1298 semper
669 1264 817 1300 circumagi
835 1269 1046 1294 consueverunt.

289 1305 417 1342 Statuque
432 1308 549 1336 mirabili
563 1309 644 1336 simul
656 1318 714 1337 cum
731 1310 780 1337 hac
800 1311 978 1338 universitate.
1002 1311 1048 1338 Ait

255 1359 364 1388 nempe,
390 1354 527 1389 quomodo
557 1355 639 1383 simul
670 1356 730 1392 ipso
754 1357 818 1392 polo
845 1357 958 1386 immoto
989 1365 1048 1385 ma-

256 1401 339 1426 nente
358 1399 444 1434 (hunc
465 1400 538 1428 enim
552 1401 759 1430 universitatem
769 1404 927 1441 appellavit)
941 1404 1012 1433 solis
1020 1409 1048 1433 et

254 1444 327 1473 lunae
350 1446 434 1474 statio
460 1446 531 1474 facta
555 1448 601 1476 sit.
628 1448 700 1482 Quin
725 1450 826 1484 potius,
847 1451 927 1486 311
948 1451 1046 1487 inquit,

253 1491 342 1519 multo
367 1492 457 1529 magis
473 1493 639 1527 mirandum,
663 1495 687 1522 si
707 1495 787 1530 polus
801 1496 910 1532 quidem
928 1498 1048 1525 circum-

253 1536 386 1572 agebatur
402 1538 487 1574 (hunc
499 1540 572 1567 enim
586 1540 760 1575 signiﬁcavit,
776 1541 882 1575 dicens,
905 1543 1046 1576 universis,

1097 939 1143 966 τὸν
1159 939 1246 976 ἀληθῆ
1259 939 1324 966 Θεὸν
1343 939 1390 966 καὶ
1405 939 1454 974 τὴν
1471 938 1552 965 αὑτοῦ
1573 938 1683 973 γνῶσιν,
1709 938 1755 965 καὶ
1769 938 1813 965 τοῦ
1832 947 1875 965 ιι-

1097 984 1204 1017 νοῦντος
1221 985 1269 1021 μὲν
1285 984 1331 1011 τὸν
1345 984 1503 1020 περιέχοντα
1517 985 1580 1016 τοὺς
1597 983 1743 1019 φωστῆρας
1757 984 1874 1020 οὐρανὸν,

1099 1024 1220 1064 ἱστάντος
1237 1031 1265 1058 δὲ
1283 1032 1426 1068 ἀκινήτους
1434 1031 1496 1062 τοὺς
1507 1030 1715 1067 περιεχομένους
1727 1031 1876 1066 φωστῆρας.

1097 1077 1183 1105 Τοῦτο
1202 1078 1257 1114 γὰρ
1283 1077 1404 1114 μείζονάς
1430 1078 1488 1104 ἐστι
1504 1076 1653 1112 δυνάμεως,
1669 1076 1710 1109 τὸ,
1724 1076 1877 1112 κινουμένου

1097 1125 1211 1162 οὐρανοῦ
1230 1125 1278 1152 καὶ
1295 1124 1349 1152 τῶν
1365 1123 1466 1151 λοιπῶν
1484 1123 1615 1159 ἀστέρων,
1630 1122 1723 1158 στῆναι
1741 1122 1812 1157 ἥλιον
1832 1123 1880 1150 καὶ

1099 1171 1212 1207 σελήνην
1232 1171 1385 1206 ἀκινήτους,
1402 1170 1449 1196 καὶ
1470 1169 1507 1205 μὴ
1528 1168 1579 1204 τὴν
1593 1168 1676 1204 αὐτὴν
1691 1167 1774 1204 φορὰν
1788 1176 1882 1203 συγκμ

1097 1217 1212 1254 νηθῆναι
1230 1216 1270 1252 τῷ
1281 1216 1371 1249 παντὶ,
1384 1215 1442 1252 μεθ’
1453 1213 1484 1243 οὗ
1497 1215 1541 1242 ἀεὶ
1553 1215 1770 1251 συμπεριὴγοντο
1777 1214 1813 1242 ³⁸.

1139 1315 1402 1350 ’Υπερςαυεστάτην
1413 1314 1474 1350 ἅμα
1486 1314 1526 1348 τῷ
1545 1314 1644 1342 παντί.
1661 1313 1741 1348 Λέγει
1771 1313 1830 1350 μὲν,
1845 1314 1882 1346 ὡς

1097 1361 1164 1398 ὁμοῦ
1179 1361 1219 1397 τῷ
1231 1361 1304 1397 πόλῳ
1314 1362 1433 1397 ἀκινήτῳ
1451 1360 1572 1397 μείναντι
1585 1359 1674 1396 (τοῦτο
1688 1359 1742 1396 γὰρ
1757 1359 1882 1395 ὠνόμασε

1097 1407 1126 1434 τὺ
1141 1406 1205 1442 πᾶν)
1227 1408 1243 1442 ἡ
1259 1405 1306 1433 τοῦ
1317 1406 1393 1443 ἡλίου
1407 1406 1515 1441 καὶτῆς
1527 1406 1640 1442 σελήνης
1654 1406 1762 1440 ἐγένετο
1778 1406 1882 1438 στάσις.

1098 1452 1205 1480 Μᾶλλον
1235 1452 1281 1486 δὲ,
1314 1453 1391 1489 φησὶ,
1423 1452 1513 1488 πολλῷ
1539 1451 1760 1488 θαυμασιώτερον
1773 1471 1781 1485 ,
1803 1451 1885 1487 εἰπερ

1097 1500 1112 1526 ὁ
1129 1499 1178 1534 μὲν
1192 1498 1273 1531 πόλος
1284 1499 1441 1535 περιήγετο,
1455 1498 1558 1534 (τοῦτον
1574 1497 1629 1534 γὰρ
1638 1497 1780 1533 ἐδήλωσεν,
1798 1497 1885 1524 εἰπὼν

1097 1544 1156 1572 τῶν
1163 1544 1252 1577 ὅλων,
1261 1545 1308 1571 καὶ
1317 1544 1501 1579 κρειττόνων,
1513 1543 1561 1571 καλ¹
1571 1541 1793 1578 περιεχόντων),
1811 1542 1887 1578 ἥλιος

252 1583 449 1617 «potioribus.
471 1587 499 1611 et
520 1585 741 1622 continentibus);
764 1587 807 1614 sol
827 1592 917 1616 autem
940 1592 967 1616 et
981 1589 1044 1616 luna

1099 1590 1124 1617 δὲ
1135 1590 1182 1618 καὶ
1193 1590 1290 1626 σελήνη
1311 1583 1357 1626 (τὰ
1372 1589 1427 1626 γὰρ
1445 1590 1639 1625 περιεχόμενα
1654 1588 1756 1624 ταῦτα)
1776 1589 1809 1616 οὐ
1818 1597 1889 1624 συμ-

253 1629 324 1665 (haec
339 1630 414 1657 enim
432 1631 646 1667 continebantur)
668 1639 724 1660 non
741 1640 795 1660 una
818 1633 900 1662 simul
917 1642 979 1662 cum
1001 1643 1045 1668 eo,

253 1677 336 1711 cujus
357 1677 503 1712 complexu
520 1677 693 1712 tenebantur,
707 1679 976 1715 circumagebantur.

292 1722 498 1750 Continuatione
521 1723 574 1758 fere
595 1724 673 1758 triplo
690 1724 793 1760 longior
803 1725 911 1760 e/I‘ectus
931 1727 977 1755 sit.
991 1726 1046 1763 Ap-

254 1768 347 1804 posuit
363 1768 427 1803 fere,
442 1769 515 1803 quod
525 1769 583 1796 dies
598 1765 644 1797 ille
664 1777 720 1797 non
735 1778 931 1806 usquequaque
944 1772 1042 1807 plenus

254 1814 337 1842 fuerit
349 1814 453 1849 triplici
463 1814 651 1843 dimensione:
667 1815 793 1851 (duarum
807 1817 881 1844 enim
896 1822 923 1845 et
934 1818 1046 1854 triginta

255 1859 307 1887 fuit
320 1860 461 1896 horarum)
473 1861 508 1888 ab
522 1861 628 1889 oriente
650 1862 755 1890 scilicet
767 1862 801 1890 ad
816 1871 878 1891 eum
893 1872 981 1900 usque
1004 1865 1046 1893 lo-

254 1915 330 1939 cum,
348 1907 376 1934 in
388 1915 444 1942 quo
459 1908 501 1935 sol
526 1911 585 1935 tum
607 1908 734 1937 inventus
749 1915 802 1943 est,
817 1911 928 1945 quando
941 1911 1044 1939 editum

257 1957 301 1981 est
317 1953 391 1982 istud
418 1954 538 1989 signum,
570 1954 663 1983 decem
691 1955 766 1983 horai
792 1958 991 1992 praeterieram,
1017 1962 1045 1986 et

255 1999 356 2027 iterum
372 1999 478 2033 decem,
493 2000 558 2028 dum
574 2000 650 2028 illinc
664 2001 716 2029 iter
730 2001 835 2030 reﬂexit
849 2002 882 2030 ad
898 2003 1042 2037 orientem,

253 2048 281 2074 et
293 2045 437 2074 duodecim
451 2046 515 2074 inde
526 2054 614 2082 usque
627 2047 662 2074 ad
677 2048 858 2077 occidentem.
879 2048 979 2078 Eadem
994 2058 1044 2078 au-

252 2097 307 2121 tem
335 2093 464 2128 loquendi
488 2092 608 2120 formula
629 2093 674 2122 hic
688 2102 756 2122 usus
771 2099 831 2128 est,
859 2096 932 2130 quod
946 2104 1044 2132 nempe

251 2139 330 2174 polus
344 2147 399 2167 una
409 2146 477 2166 cum
493 2139 551 2170 sole
566 2140 663 2176 viginti
676 2145 794 2176 quatuor
808 2141 939 2170 horarum
953 2145 1043 2179 spatio

252 2185 444 2213 admirandam
460 2185 542 2213 istam
556 2187 800 2223 retrogressionem
820 2186 926 2221 fecerit,
944 2189 987 2217 vel
1000 2190 1042 2218 sol

251 2231 310 2266 ipse
324 2231 412 2259 solus.

290 2277 337 2304 Vel
359 2277 508 2305 universum
531 2278 628 2313 (aquati
655 2280 779 2314 temporis
804 2281 900 2315 spatio.
930 2281 1037 2309 Dictum

251 2322 304 2350 hoc
318 2323 357 2350 ita
372 2327 501 2351 construe
515 2333 522 2351 :
547 2324 617 2352 Cum
629 2325 666 2353 sit
681 2333 729 2360 per
744 2327 945 2362 trajectionem,
963 2328 1036 2363 quod

222 2362 226 2367 ’
251 2376 350 2404 nempe
383 2370 541 2398 universum
576 2378 625 2406 per
654 2373 808 2401 contrarias
840 2374 891 2402 has
921 2375 1038 2404 lationes

251 2415 349 2450 aequali
364 2416 476 2443 omnino
489 2417 621 2451 temporis
636 2418 726 2452 spatio
745 2419 879 2448 mirandis
895 2420 957 2448 istis
973 2429 1037 2448 ver-

250 2460 382 2496 tiginibus
409 2463 610 2490 retrocesserit.
638 2463 701 2491 Haec
730 2465 813 2493 etiam
839 2466 911 2494 libro
937 2471 1037 2504 quarto

250 2506 349 2543 Regum
377 2507 551 2535 declarantur
565 2530 573 2542 ,
608 2513 635 2537 et
667 2512 819 2546 praesertim
848 2512 877 2540 in
907 2509 1036 2542 editione

251 2553 421 2590 Symmachi,
447 2557 475 2582 et
501 2555 572 2582 libro
591 2557 712 2585 secundo
739 2558 972 2594 Paralipomenon.

285 2599 333 2627 Sol
346 2601 374 2628 in
389 2601 496 2635 proprio
512 2609 602 2630 cursu.
630 2602 844 2632 Anniversarius
866 2606 932 2633 solis
945 2612 1036 2635 motus

249 2646 371 2682 quinque
389 2646 455 2674 facit
482 2649 688 2681 conversiones,
705 2650 822 2682 scilicet,
846 2653 1036 2680 ascensionem

249 2693 397 2726 borealem,
417 2700 500 2729 quam
532 2693 642 2722 conﬁcit
666 2702 681 2722 a
701 2703 784 2723 verno
808 2697 973 2732 aequinoctio
1002 2698 1036 2726 ad

249 2740 375 2770 aestivum
400 2747 489 2775 usque
520 2740 668 2769 solstitium
689 2746 717 2770 et
742 2733 908 2771 descensum
939 2744 1036 2773 borea-

1096 1638 1242 1673 περιήγετο
1256 1636 1296 1672 τῷ
1311 1636 1473 1672 περιέχοντι.

1129 1731 1212 1758 Κατὰ
1237 1729 1400 1766 συνέχειαν
1430 1729 1542 1764 σχεδὸν
1565 1727 1823 1763 τριπλασιάζηται.
1851 1729 1889 1756 Τὸ

1094 1776 1207 1811 σχεδὸν
1219 1775 1405 1812 προσέθηκεν,
1425 1775 1519 1811 ἐπειδὴ
1548 1774 1648 1810 τριπλῆ
1671 1773 1742 1801 κατὰ
1763 1774 1797 1802 τὸ
1816 1774 1889 1809 πλῆ-

1095 1831 1142 1859 ρες
1153 1822 1203 1849 οὐκ
1221 1822 1328 1857 ἐγένετο
1340 1822 1357 1857 ἡ
1375 1821 1467 1857 ἡμέρα
1486 1820 1578 1856 ἐκείνη
1599 1820 1655 1857 (λβ’
1671 1820 1727 1856 γὰρ
1739 1820 1825 1856 ὡρῶν
1842 1821 1890 1855 τέ’

1093 1877 1155 1903 γονε
1164 1877 1172 1883 ·
1186 1868 1196 1905 )
1209 1868 1242 1895 τὺ
1265 1868 1319 1894 ἀπὸ
1335 1867 1467 1902 ἀνατολῆς
1493 1867 1573 1902 μέχρι
1587 1866 1635 1893 τοῦ
1657 1865 1741 1893 τόπου
1753 1867 1784 1892 ὲν
1798 1863 1822 1900 ᾧ
1842 1865 1891 1902 ἦν,

1093 1915 1138 1941 ὅτε
1153 1914 1184 1941 τὸ
1198 1915 1309 1950 σημεῖον
1325 1913 1413 1948 ἐδόθη,
1430 1913 1478 1940 καὶ
1508 1912 1574 1939 δέκα
1604 1911 1707 1939 ἐκεῖθεν
1723 1911 1773 1938 ἐπὶ
1793 1912 1892 1938 ἀνατο-

1093 1961 1152 1994 λὰς,
1166 1961 1214 1988 καὶ
1231 1960 1335 1988 δώδεκα
1350 1960 1429 1996 μέχρι
1447 1959 1498 1995 τῆς
1524 1959 1681 1989 τελευταίας
1693 1958 1812 1990 δύσεως.
1843 1959 1891 1993 Τῷ

1092 2008 1168 2045 αὐτῷ
1189 2008 1218 2035 δὲ
1238 2008 1357 2044 σχήματι
1375 2006 1422 2034 τοῦ
1447 2006 1526 2040 λόγου
1540 2006 1587 2032 καὶ
1600 2004 1716 2032 ἐνταῦθα
1734 2005 1894 2041 ἐχρήσατο,

1092 2057 1133 2083 ὅτι
1148 2055 1165 2091 ἢ
1181 2057 1196 2083 ὸ
1225 2055 1306 2086 πόλος
1324 2053 1405 2086 αὐτὸς
1431 2053 1480 2080 σὺν
1495 2052 1534 2088 τῷ
1562 2052 1630 2088 ἡλίῳ
1649 2053 1678 2079 ὲν
1707 2052 1748 2087 τῷ
1763 2052 1826 2079 τῶν
1853 2052 1892 2078 κδ’

1091 2102 1171 2138 ὡρῶν
1201 2101 1364 2136 διαστήματι
1383 2100 1432 2135 τὴν
1450 2099 1576 2135 ὑπερφυῆ
1592 2099 1700 2135 ὲκεινην
1721 2099 1894 2135 ἀντιπερια-

1092 2149 1186 2184 γωγὴν
1201 2148 1358 2184 ἐποιήσατο,
1371 2147 1388 2184 ἥ
1407 2147 1486 2182 μόνος
1500 2148 1515 2174 ὁ
1529 2145 1613 2182 ἡλιος.

1127 2283 1165 2310 Ἢ
1173 2282 1206 2309 τὸ
1214 2280 1275 2310 πᾶν
1282 2281 1427 2309 τοσούτου
1435 2280 1554 2315 χρόνου.
1564 2279 1601 2307 Τὸ
1610 2279 1692 2316 ῥητὸν
1701 2279 1779 2306 οὕτω
1790 2279 1897 2310 σὺνθες

1089 2329 1149 2356 καθ’
1168 2328 1318 2364 ὑπέρϐασιν
1351 2327 1397 2354 δν*
1415 2327 1451 2353 Ἢ
1473 2325 1505 2353 τὺ
1531 2326 1585 2353 πᾶν
1607 2325 1819 2361 ὲπαναστρέφει
1839 2325 1895 2356 τὰς

1089 2375 1212 2406 ἐναντίας
1230 2373 1330 2405 ταύτας
1351 2372 1446 2408 φορὰς,
1475 2371 1602 2399 τοσοῦτον
1617 2371 1754 2407 διάστημα
1786 2373 1900 2411 χρόνον

1089 2420 1247 2453 ἀναποδίζον
1275 2421 1335 2452 ταῖς
1359 2419 1430 2455 ὑπὲρ
1445 2419 1522 2453 λόγον
1544 2418 1657 2449 ταύταις
1679 2418 1898 2454 περιδινήσεσι.

1089 2466 1181 2495 Ταῦτα
1199 2467 1227 2493 δὲ
1240 2466 1287 2493 καὶ
1315 2467 1343 2492 ὲν
1357 2466 1391 2501 τῇ
1420 2465 1440 2491 δ’
1469 2465 1523 2491 τῶν
1548 2463 1714 2491 Βασιλειῶν
1736 2464 1900 2499 δηλοῦται,

1090 2512 1138 2540 καὶ
1151 2512 1267 2548 μάλιστα
1282 2512 1311 2538 ὲν
1325 2512 1359 2547 τῇ
1376 2511 1447 2538 κατὰ
1474 2510 1621 2546 Σύμμαχον
1643 2507 1762 2541 ἐκδόσει.
1785 2512 1844 2537 καὶ
1870 2512 1903 2538 ἐν

1089 2560 1125 2595 τῇ
1141 2559 1163 2595 β’
1180 2558 1234 2585 τῶν
1250 2556 1524 2592 Παραλειπομένων.

1127 2604 1164 2631 "H
1182 2606 1198 2631 ό
1213 2603 1299 2637 ἣλιος
1312 2603 1347 2629 ἐν
1367 2602 1430 2634 ἰδίῳ
1443 2601 1549 2636 δρόμῳ.
1578 2601 1611 2628 Ἠ
1629 2600 1676 2628 τοῦ
1693 2600 1777 2636 ἡλίου
1800 2600 1905 2627 svum}

1087 2659 1143 2682 σιος
1163 2650 1270 2686 κίνησις
1294 2649 1373 2676 πέντε
1392 2649 1509 2675 ποιεῖται
1535 2647 1649 2683 τροπὰς,
1676 2647 1824 2674 ἀνάϐασιν
1853 2647 1905 2682 βο-

1087 2698 1172 2733 ρείαν,
1192 2696 1330 2724 τουτέστιν
1343 2695 1396 2722 ἀπὸ
1409 2694 1569 2730 ἰσημερινῆς
1593 2694 1623 2720 ὲν
1644 2693 1684 2729 τῷ
1699 2693 1766 2730 ἔαρι
1788 2695 1839 2726 εἰς
1851 2694 1905 2720 τὸν

1085 2743 1190 2775 (laptva
1205 2742 1345 2779 τροπικὸν,
1356 2742 1404 2769 καὶ
1417 2741 1567 2770 κατάϐασιν
1596 2740 1706 2776 βορείαν
1730 2740 1787 2768 ἀπ’
1804 2739 1905 2768 αὐτοῦ

707 2823 820 2854 νΑΙίΙᾸΞ
841 2824 1033 2855 LECTIONES
1052 2825 1096 2854 ET
1113 2822 1386 2870 CORRECTIQNES.

303 2879 325 2896 "
343 2882 550 2917 συμπεριήγετο.
563 2922 566 2930 1

517 2936 567 2959 ...Α
