1950 3065
131 153 175 183 5H

570 154 599 182 s.
615 153 740 182 MAXIM]
756 154 904 184 scnom
920 155 955 184 IN
971 155 1046 185 EPP.
1065 156 1096 186 s.
1113 144 1270 188 nionxsn.

1687 159 1740 187 542

131 214 174 241 tn!
193 212 240 240 τδν
256 211 415 249 ίσημερινδν
437 211 477 248 τῷ
502 211 665 251 μετοπώρῳ,
685 212 732 239 καὶ
758 211 907 239 κατάϐασιν

962 213 1026 246 lem,
1044 212 1079 241 ab
1094 213 1190 241 eodem
1203 221 1291 249 usque
1305 213 1339 242 ad
1353 213 1546 250 aequinoctium
1572 216 1739 243 autumnale.

132 260 218 288 νοτίαν
246 259 300 288 ἀπὸ
329 258 377 286 τοῦ
408 258 565 295 ίσημερινοῦ
592 259 640 286 ἐπὶ
678 257 724 286 τὸν
756 258 909 295 χειμερινὸν

131 305 273 342 τροπικὸν,
296 305 342 333 καὶ
360 305 408 332 ἀπ’
420 304 502 332 αὑτοῦ
520 305 600 332 πάλιν
618 304 748 332 ἀνάϐασιν
764 305 853 332 νοτίαν
863 304 910 332 ὲπὶ

131 352 172 380 τὸν
196 351 369 388 ισημερινδν,
399 351 446 378 καὶ
472 351 600 387 πέμπτην
638 351 688 387 τὴν
721 350 843 378 ἐναντίαν
869 350 909 386 τῷ

131 398 217 426 παντί.
230 397 321 425 Εἰπὼν
339 396 386 426 οὖν
402 397 484 425 αὐτοῦ
508 398 558 435 τὴν
586 398 770 434 πεντάτρσπον
792 397 907 433 κίνησιν1

130 445 171 472 διὰ
182 444 232 480 τῆς
244 443 401 480 προσθήκης
426 444 473 470 τοῦ
493 443 604 480 ἄρθρου,
624 442 733 470 καὶτοῦ
752 443 909 480 προσθεῖναι

130 489 221 525 αὐτοῦ,
233 490 283 526 τὴν
305 489 442 526 γνώριμον
456 489 503 516 καὶ
522 489 622 526 συνήθη
636 489 767 526 ὑπέφηνε.
785 489 822 516 Τδ
835 489 863 516 δὲ
879 489 909 517 ὲν

129 536 231 568 τούτοις
250 535 395 572 λεγόμενον
422 535 474 563 ὑπὸ
502 536 550 563 τοῦ
573 535 680 572 Πατρδς
699 536 840 572 νοήσωμεν
864 535 909 562 οὖ-

129 592 195 615 τως·
216 582 394 618 Ύποθώμεθα
412 583 459 609 τδν
478 582 554 618 ἥλιον
569 580 638 610 εἶναι
663 582 734 609 κατά
744 582 794 618 τήν
803 581 909 618 ἡμέραν

129 629 232 664 εκείνην
247 630 281 664 τῇ
298 628 358 665 ὥρᾳ
372 628 422 664 τῆς
438 628 570 664 ἀνατολῆς
588 629 618 655 ὲν
638 627 734 666 πρώτῃ
754 628 835 665 μοίρᾳ¹
860 627 909 656 τοῦ

128 674 212 711 Κριοῦ
237 675 346 711 πλήρει,
367 674 404 710 μή
433 674 533 711 ἐχούσῃ
563 673 669 701 λεπτάο
698 675 738 706 είς
759 675 809 710 τήν
825 673 910 709 αὐτὴν

127 720 173 749 οὖν
186 722 281 758 μοῖραν
294 721 375 749 αὑτὸν
394 720 549 748 ἐπανελθεῖν
570 721 620 747 οὐκ
644 718 688 756 ἦν,
714 721 751 756 μὴ
764 720 910 747 τελέσαντα

127 768 175 804 τὴν
195 769 375 804 προταγεϊσαν
388 767 439 803 τὴν
461 767 646 803 πεντάτροπον
665 767 782 802 κίνησιν,
795 766 812 803 ἢ
826 766 864 798 ὡς
874 766 907 793 δι’

127 814 236 850 ἡμερῶν
254 814 325 848 τξε’,
351 814 399 841 καὶ
422 813 644 849 τεταρτημορίου.
679 813 722 840 Ἐν
734 814 796 845 ταῖς
822 816 837 840 ι’
863 810 910 841 οὖν

127 859 211 896 ὥραις
234 861 293 892 ταῖς
307 860 361 887 ἀπὸ
398 859 431 887 ιδ’
448 860 472 876 ⁵⁵
487 860 515 886 ὲν
573 857 618 895 ἦν,
644 859 724 895 μέχρι
751 857 799 885 τοῦ
824 858 908 886 τόπου

959 262 988 287 et
1001 258 1165 288 descensum
1187 260 1333 288 australem
1347 260 1382 288 ab
1408 260 1460 289 hoc
1473 260 1636 296 aequinoctio
1650 260 1683 288 ad
1697 261 1740 288 bi-

958 304 1074 332 berunm
1086 313 1174 340 usque
1188 305 1348 338 solstitium,
1364 310 1392 334 et
1406 306 1440 334 ab
1453 306 1506 334 hoc
1520 314 1617 334 rursus
1644 314 1741 335 ascen-

959 357 1020 378 sum
1035 351 1182 378 australem
1197 351 1230 379 ad
1246 350 1455 386 aequinoctium;
1482 355 1509 380 et
1528 353 1663 388 quintam,
1678 352 1741 380 uni-

958 403 1038 424 verso
1053 397 1232 425 contrariam.
1253 396 1367 430 Quando
1393 398 1477 433 igitur
1502 398 1740 434 quinqueformem

957 442 1019 478 ejus
1032 446 1136 471 motum
1149 443 1307 478 appellavit,
1321 443 1492 478 appositione
1515 444 1624 472 articuli
1642 444 1740 472 subiu-

958 489 1060 516 dicavit
1083 489 1160 517 illum
1181 494 1284 517 motum
1307 493 1335 518 et
1360 493 1522 518 consuetum
1537 490 1603 518 solis
1626 495 1740 519 motum.

959 534 1005 563 Sic
1018 535 1112 570 itaque
1125 535 1311 570 expendamus
1324 535 1391 571 quid
1407 543 1422 562 a
1434 535 1514 564 Patre
1525 543 1574 571 per
1587 536 1644 563 hac
1659 536 1742 564 verba

958 580 1061 608 dictum
1076 579 1123 609 sit.
1151 580 1342 617 Supponamus
1370 582 1456 610 solem
1481 581 1527 609 illa
1548 581 1603 614 die,
1614 582 1683 610 hora
1698 583 1742 611 sui

958 630 1047 660 ortus,
1062 625 1148 655 fuisse
1164 627 1192 654 in
1207 627 1296 662 prima
1318 631 1396 662 parte
1424 627 1536 660 Arietis,
1547 634 1608 663 qua:
1621 634 1677 655 non
1693 627 1743 655 ba-

957 672 1021 700 beat
1035 673 1156 706 minuta;
1172 680 1226 700 non
1238 676 1344 708 poterat
1365 673 1457 708 itaque
1472 673 1505 700 ad
1529 673 1600 701 hanc
1625 673 1742 708 primam

959 720 1064 753 partem
1078 717 1179 745 Arietis
1193 718 1292 750 redire,
1308 717 1362 745 nisi
1375 717 1509 750 confecta,
1525 725 1606 753 quam
1618 718 1743 754 praescri-

958 763 1075 798 psimus,
1089 763 1292 799 quinqueformi
1317 764 1448 799 motione,
1463 771 1514 799 per
1542 763 1601 792 dies
1616 763 1743 792 videlicet

959 812 1096 838 trecentos
1126 810 1267 845 sexaginta
1285 810 1407 845 quinque
1434 814 1461 838 et
1486 815 1610 845 quartam
1625 814 1740 846 partem.

959 854 989 882 ln
1004 855 1099 883 decem
1115 855 1198 891 igitur
1218 855 1306 889 boris,
1331 863 1347 883 a
1366 856 1537 889 duodecima,
1562 857 1656 892 inqua
1672 863 1741 890 erat,

126 895 157 933 ὲν
172 902 196 940 ᾧ
219 905 268 942 τήν
278 905 410 941 ἀνατολήν
430 904 512 933 αὑτοῦ
537 895 692 941 ἐποιήσατο,
715 904 838 932 τουτέστι
858 904 907 940 τῆς

959 908 1047 937 usque
1059 901 1093 928 ad
1108 901 1199 929 locum
1212 901 1240 929 in
1255 909 1309 937 quo
1323 906 1413 930 ortum
1427 911 1506 931 suum
1522 903 1597 937 fecit,
1619 904 1647 932 id
1670 909 1712 936 est
1726 913 1742 932 ει

125 952 237 988 πρώτης
272 952 369 989 μοίρας
395 951 443 978 τοῦ
471 951 568 988 Κριοῦ,
592 951 754 983 ἀναποδίσας
778 951 808 978 ὲν
828 951 907 987 αὐτῇ,

124 996 159 1024 τὰ
174 998 224 1033 τῆς
244 997 430 1033 πεντατρόπου
457 997 600 1032 κινήσεως,
627 997 711 1033 ἤγουν
741 997 791 1033 τῆς
821 997 910 1024 ἐνιαυ-

125 1042 212 1069 σιαίου
233 1042 366 1078 περιόδου,
391 1041 549 1078 ἐπλήρωσε·
577 1041 624 1068 καὶ
646 1042 675 1068 ὲν
693 1042 753 1073 ταῖς
772 1040 867 1073 ἄλλαις
892 1043 908 1068 ι’

123 1090 184 1122 ταῖς
198 1089 268 1125 μετὰ
291 1089 337 1115 τὸν
358 1087 540 1123 ἀναποδισμδν
564 1087 635 1114 κατὰ
649 1087 696 1114 τὸν
722 1087 803 1114 τόπον
829 1086 908 1122 γενό-

124 1143 205 1170 μενος
223 1135 251 1161 ὲν
309 1132 343 1170 ἦν
355 1134 400 1161 ὅτε
418 1133 449 1161 τὺ
476 1134 587 1169 σημεῖον
600 1133 689 1169 ἐδόθη,
708 1133 748 1164 ὡς
768 1134 796 1160 ὲν
813 1133 909 1160 ὑποθέ-

123 1190 166 1209 σει
181 1182 267 1209 εἰπεῖν
282 1182 311 1208 ὲν
323 1182 356 1217 τῇ
372 1182 421 1217 μιᾷ.
447 1180 495 1207 καὶ
520 1181 633 1217 ἡμισείᾳ
649 1181 731 1216 μοίρᾳ
746 1180 793 1207 τοῦ
810 1179 907 1216 Κριοῦ,

120 1226 223 1263 ὁμοίως
243 1226 278 1254 τὰ
299 1226 349 1262 τῆς
369 1226 455 1261 αὐτῆς
476 1226 661 1261 πεντατρόπου
677 1226 811 1262 κινήσεως
827 1225 909 1262 ἐπλή-

121 1281 196 1309 ρωσε
218 1272 289 1300 κατά
313 1272 451 1305 ἀνάλυσιν,
477 1273 547 1308 ὅπερ
573 1271 741 1303 ἀναλυτικῶς
762 1271 908 1298 ἐκάλεσεν⁸

119 1317 173 1344 οὐκ
187 1314 222 1353 ἢν
237 1317 292 1353 γὰρ
322 1317 403 1344 αὑτὸν
426 1317 508 1344 πάλιν
531 1317 562 1343 ὲν
589 1317 623 1352 τῇ
651 1317 700 1352 μιᾷ
722 1316 769 1344 καὶ
795 1315 908 1352 ἡμισείᾳ

119 1362 207 1399 μοίρᾳ
218 1362 304 1399 ταύτῃ
316 1362 363 1389 τοῦ
376 1361 461 1399 Κριοῦ
472 1361 608 1397 γενέσθαι,
616 1360 850 1394 ἅπαξάποστάντα
860 1360 908 1388 ἀπ’

117 1408 217 1445 αὐτῆς,
231 1408 269 1445 μή
284 1408 330 1435 διὰ
346 1408 400 1436 τῶν
411 1408 459 1435 τοῦ
472 1407 595 1435 ἐνιαυτοῦ
607 1407 728 1444 ἡμερῶν,
740 1408 778 1439 ὡς
791 1408 906 1444 εἴρηται.

160 1454 331 1489 Ἐμφέρεται
345 1453 465 1489 φήμαις.
498 1454 570 1481 Ἀντὶ
584 1453 631 1480 τοῦ
654 1453 794 1489 ἱστορίαις.

151 1499 269 1534 Μίθρου
287 1499 420 1526 τελοῦσι.
444 1499 552 1535 Μίθραν
576 1498 622 1526 τὸν
648 1498 722 1534 ἥλιον
734 1498 837 1534 Πέρσαι
862 1507 908 1526 κα-

112 1543 206 1571 λοῦσι.
223 1543 260 1570 Τὸ
275 1543 441 1580 παρέκταμα
461 1542 507 1571 οὖν
536 1543 588 1579 τῆς
614 1543 720 1579 ἡμέρας
743 1542 850 1579 ἐκείνης
864 1544 908 1572 διὰ

958 949 1046 983 prima
1061 951 1139 983 parte
1151 947 1265 981 Arietis,
1280 948 1314 976 ad
1327 949 1415 984 ipsam
1432 950 1645 985 retrogrediens,
1661 951 1743 986 quin-

958 993 1128 1030 queformem
1142 999 1256 1028 motum,
1284 995 1342 1023 sive
1358 1003 1479 1023 annuum
1504 997 1687 1030 curriculum;
1715 1002 1743 1025 et

959 1040 987 1067 in
1002 1040 1064 1069 aliis
1083 1040 1177 1068 decem
1193 1044 1256 1076 post
1269 1041 1542 1076 retrogradationem,
1559 1043 1640 1079 312
1653 1043 1682 1071 in
1693 1051 1742 1071 eo-

958 1087 1020 1115 dem
1041 1087 1119 1123 signo
1134 1086 1196 1120 fuit,
1227 1088 1256 1115 in
1280 1096 1336 1123 quo
1349 1093 1419 1121 erat,
1441 1089 1551 1124 quando
1573 1091 1681 1125 signum
1695 1098 1743 1118 ex-

942 1130 945 1132 ’
958 1132 1096 1166 hibeatur,
1113 1137 1142 1161 ut
1157 1133 1356 1168 quodammodo
1367 1134 1456 1163 dicam
1470 1143 1504 1162 ex
1517 1136 1704 1171 suppositione
1713 1136 1743 1164 in

958 1179 1046 1214 prima
1060 1183 1087 1206 et
1102 1179 1214 1207 dimidia
1229 1182 1307 1215 parte
1323 1181 1440 1214 Arietls,
1462 1181 1587 1210 similiter
1603 1182 1632 1209 in
1652 1182 1742 1210 reditu

958 1225 1042 1261 (quod
1055 1226 1219 1254 resolutorie
1246 1226 1326 1257 dixit)
1355 1227 1481 1255 eumdem
1506 1227 1742 1263 quinqueformeut

958 1274 1064 1298 motum
1078 1271 1205 1306 explevit,
1229 1272 1358 1307 quoniam
1372 1280 1428 1302 non
1450 1277 1558 1308 poterat
1577 1273 1677 1300 iterum
1690 1273 1743 1308 pri-

957 1322 1030 1342 mam
1043 1319 1071 1343 et
1099 1315 1239 1344 dimidiam
1262 1316 1336 1344 illam
1353 1316 1453 1345 Arietis
1466 1322 1571 1353 partem
1596 1318 1740 1353 attingere,

959 1364 1104 1396 postquam
1121 1361 1204 1390 semel
1216 1362 1251 1389 ab
1272 1369 1304 1390 ea
1318 1363 1486 1397 recesserat,
1502 1363 1555 1391 nisi
1569 1370 1619 1399 per
1635 1363 1742 1391 dierum

958 1407 1023 1436 anni
1038 1408 1167 1443 spatium,
1183 1408 1224 1435 uti
1240 1408 1343 1436 dictum
1356 1413 1409 1437 est.

993 1452 1129 1480 Feruntur
1142 1453 1225 1488 fama.
1246 1453 1275 1482 Id
1291 1458 1334 1482 est
1353 1455 1486 1483 historiis.

993 1497 1087 1525 Mithri
1098 1497 1240 1526 celebrant.
1269 1498 1511 1537 Mithram’vocant
1530 1497 1621 1527 Persa
1643 1499 1740 1528 solem.

958 1543 1015 1572 Diei
1027 1547 1116 1571 autem
1129 1543 1203 1572 illius
1216 1544 1403 1572 extensionem
1412 1552 1458 1579 per
1466 1545 1545 1577 ritus,
1557 1552 1626 1580 quos
1632 1549 1742 1580 propter

110 1590 164 1618 τοῦ
182 1589 342 1626 τριπλασίου
359 1589 489 1625 ὲσήμανε.
510 1589 666 1625 Σημείωσαι
691 1588 720 1616 δὲ
742 1588 811 1623 πρὸς
821 1589 907 1625 τούτῳ

958 1589 1119 1617 memoriam
1142 1589 1273 1625 triplicati
1297 1590 1364 1617 solis
1390 1590 1548 1622 observant,
1568 1590 1741 1626 signiﬁcavit.

109 1637 163 1665 καὶ
189 1636 256 1672 περὶ
280 1634 328 1662 τοῦ
354 1634 408 1662 ἀπὺ
421 1635 494 1671 ὥρας
516 1635 599 1670 ἕκτης
621 1635 673 1667 ἕως
698 1634 772 1670 ὥρας
786 1635 808 1662 θ’
836 1643 908 1669 γενο-

109 1682 202 1718 μένου
222 1680 334 1712 σκότους
351 1680 399 1707 ἐπὶ
427 1681 517 1707 πᾶσαν
540 1679 589 1716 τὴν
619 1681 670 1716 γῆν
691 1680 731 1716 τῷ
749 1680 837 1716 καιρῷ
858 1681 908 1717 τῆς

105 1727 160 1755 τοῦ
179 1726 288 1762 Κυρίου
307 1725 493 1762 σταυρώσεως,
510 1726 537 1752 τί
552 1725 625 1760 λέγει
636 1726 650 1752 ό
662 1727 767 1762 Πατήρ.

143 1771 238 1800 Κατὰ
273 1770 331 1805 τὴν
371 1771 574 1798 Ἡλιούπολιν.
615 1770 671 1806 Τὴν
712 1771 742 1797 ὲν
777 1771 907 1806 Αἰγύπτῳ

111 1817 297 1846 Ἡλιούπολιν
314 1816 381 1848 ῐσως
406 1815 503 1851 φησιν·
530 1815 570 1842 ἐτι
591 1814 645 1852 γὰρ
657 1815 838 1852 ἀνεγίνωσκον
849 1816 907 1842 ἐκεῖ

140 1911 340 1948 Παραδόξως.
370 1911 439 1939 Φασὶ
470 1911 540 1948 γὰρ,
580 1912 618 1948 μή
653 1911 754 1948 ἑτέρως
782 1912 905 1946 γίνεσθαι

98 1961 157 1997 τὴν
169 1959 299 1994 ἔκλειψιν
313 1978 321 1991 ,
336 1959 361 1985 εί
379 1959 416 1995 μὴ
427 1959 589 1994 συνεμπέσοι
603 1960 620 1995 ἡ
634 1959 733 1994 σελήνη
746 1959 785 1995 τῷ
800 1959 877 1994 ἡλίῳ.

138 2005 246 2038 Αὖθίς
257 2013 289 2032 τε
301 2003 406 2038 αὐτήν.
433 2005 589 2040 Σημείωσαι
612 2004 736 2032 ἐντεῦθεν
761 2005 810 2040 τὴν
829 2004 905 2031 λύσιν

95 2053 153 2081 τοῦ
168 2051 255 2088 παρά
263 2051 303 2086 τῷ
315 2050 492 2087 εὐαγγελιστῇ
504 2051 596 2086 Λουκᾷ
607 2051 793 2087 ἀπορήματος.
810 2050 905 2082 οὐδεὶς

93 2100 129 2128 δὲ
147 2099 184 2127 τὸ
202 2097 284 2131 ξένον
302 2096 349 2124 τοῦ
376 2096 477 2132 τρόπου
502 2097 550 2124 καὶ
576 2096 623 2123 τοῦ
650 2096 788 2131 θαύματος
809 2096 904 2131 διηγή-

93 2153 184 2178 σατο,
205 2143 236 2170 εἰ
270 2142 307 2178 μὴ
338 2141 417 2178 μόνος
437 2138 524 2174 οὗτος.
551 2142 605 2169 Τοῦ
632 2142 687 2178 γὰρ
714 2141 785 2169 θείου
812 2142 904 2169 Λουκᾶ

91 2190 252 2220 εἰπόντος,
269 2187 363 2220 ἀπδς¹
383 2187 458 2223 ὥρας
484 2187 578 2219 σκότος
605 2187 634 2214 ὲν
662 2187 702 2222 τῷ
734 2187 841 2223 σταυρῷ
855 2186 902 2213 τοῦ

88 2235 215 2272 Κυρίου
249 2233 392 2268 γενέσθαι,
430 2233 477 2260 τοῦ
509 2233 586 2269 ἡλίου
613 2233 799 2266 ἐκλείποντος,
828 2233 903 2270 παρὰ

958 1635 1027 1663 Nota
1038 1635 1150 1670 insuper
1165 1635 1231 1670 quid
1245 1635 1319 1663 dicat
1343 1635 1388 1662 hic
1402 1635 1483 1662 Pater
1496 1635 1529 1663 de
1544 1636 1664 1663 tenebris
1674 1635 1739 1669 illis,

957 1688 1018 1716 qua
1033 1685 1154 1715 tempore
1170 1681 1357 1708 cruciﬁxionis
1369 1680 1477 1708 Domini
1496 1680 1574 1708 facta:
1586 1686 1649 1709 sunt
1659 1689 1742 1716 super

957 1726 1113 1754 universam
1128 1730 1238 1759 terram,
1255 1727 1290 1754 ab
1307 1727 1373 1754 hora
1385 1730 1461 1754 sexta
1476 1734 1562 1762 usque
1580 1727 1614 1754 ad
1628 1735 1738 1756 nonam.

991 1771 1076 1799 Juxta
1089 1771 1260 1807 Heliopolim.
1288 1771 1480 1800 Verisimiliter
1497 1772 1672 1808 intelligenda
1687 1772 1741 1800 He-

956 1817 1076 1853 liopolis,
1093 1825 1153 1853 quae
1167 1822 1209 1846 est
1219 1817 1248 1845 in
1264 1818 1393 1854 Egypto.
1408 1818 1446 1845 ibi
1459 1819 1533 1846 enim
1548 1819 1639 1847 adhuc
1655 1819 1738 1848 simul

955 1863 1101 1899 degebant.

990 1909 1157 1944 Prodigiosa.
1171 1908 1256 1936 Aiunt
1271 1908 1420 1942 enim,non
1433 1909 1511 1938 aliter
1532 1910 1656 1946 eclipsim
1667 1910 1737 1945 ﬁeri,

955 1956 1010 1984 nisi
1025 1956 1089 1983 luna
1103 1963 1165 1983 cum
1180 1956 1239 1983 sole
1251 1955 1386 1984 inciderit.

989 2001 1025 2029 Et
1046 2002 1164 2030 eamdem
1192 2010 1294 2030 rimus.
1329 2002 1450 2032 Observa
1479 2004 1545 2032 hinc
1572 2003 1738 2032 solutionem

954 2048 1030 2077 dubii
1042 2049 1115 2084 apud
1129 2049 1230 2076 Lucam
1244 2050 1448 2085 evangelistam.
1462 2050 1548 2078 Nemo
1561 2052 1634 2077 enim
1646 2050 1737 2085 prodi-

954 2095 1062 2131 giosum
1076 2096 1159 2123 istum
1184 2095 1309 2123 miraculi
1333 2096 1445 2124 modum
1461 2096 1620 2132 explicavit,
1637 2101 1737 2131 praeter

953 2142 1028 2170 hunc
1043 2142 1143 2170 solum.
1160 2142 1229 2170 Cum
1257 2144 1331 2171 enim
1348 2142 1381 2171 D.
1397 2143 1486 2171 Lucas
1498 2143 1582 2176 dicat,
1609 2143 1644 2170 ab
1669 2143 1737 2170 hora

954 2192 1030 2216 sexta
1042 2188 1170 2216 tenebras
1187 2189 1215 2216 in
1230 2196 1313 2216 cruce
1340 2188 1448 2216 Domini
1472 2189 1560 2216 {actas
1579 2196 1651 2222 esse,
1679 2189 1737 2216 sole

953 2236 1105 2269 deﬁciente,
1119 2236 1154 2264 ab
1167 2236 1295 2264 omnibus
1321 2237 1424 2272 passim
1454 2236 1646 2269 dubitabatur,
1668 2243 1737 2272 quo-

87 2283 190 2309 πᾶσιν
217 2278 420 2315 ἁμφεδάλλετο,
436 2279 494 2310 πῶς
516 2279 636 2314 ἔκλειψιν
661 2279 772 2306 ἐκάλεσε
788 2279 900 2314 ταύτην,

958 2282 1034 2311 modo
1048 2283 1119 2310 hanc
1128 2283 1244 2318 eclipsin
1257 2283 1409 2318 appellarit,
1423 2290 1485 2310 cum
1511 2287 1584 2311 esset
1601 2283 1665 2310 luna
1685 2283 1736 2311 de-

82 2331 144 2366 τῆς
180 2327 310 2362 σελήνης
330 2325 655 2362 τεσσαρεσκαιδεκαταίας
670 2325 763 2362 οὔσης,
787 2327 818 2353 οὐ
847 2327 902 2362 μὴν

83 2374 220 2403 συνόδου
240 2371 327 2407 οὖα-ης
341 2371 416 2407 ἡλίου
440 2371 487 2397 καὶ
509 2371 633 2407 σελήνης.
649 2373 679 2398 0i
698 2372 752 2408 γὰρ
772 2372 902 2408 ἐξηγηταὶ

81 2421 199 2458 σχεδὸν
227 2417 334 2448 πάντες
359 2416 581 2452 μεταγενέστεροι
609 2417 698 2453 πολλῷ
720 2418 773 2445 τῶν
798 2418 901 2454 χρόνων

77 2468 208 2496 τούτων
231 2464 323 2495 ὄντες,
337 2462 470 2490 ὑπέλαϐον
485 2462 530 2490 τὸν
554 2463 628 2498 ἥλιον
653 2464 732 2490 αὑτὸν
755 2464 901 2491 ἀποϐαλεῖν

74 2515 139 2547 τὰς
163 2512 297 2542 ἀκτῖνας
312 2509 362 2541 τὰς
377 2511 451 2545 τρεῖς
463 2509 538 2545 ὧρας
556 2509 609 2542 ἓως
622 2510 672 2545 τῆς
699 2511 821 2546 ὲννάτης.
843 2511 900 2537 Ἐν-

73 2559 185 2588 ταῦθα
204 2556 310 2594 μέντοι
325 2555 372 2582 καὶ
398 2556 412 2582 ὸ
428 2555 502 2588 ξένος
516 2555 615 2591 τρόπος
630 2556 735 2592 εῐρηται
747 2557 796 2592 τῆς
811 2556 898 2583 ἐκλεί-

71 2607 176 2643 ψεως,
194 2601 297 2638 Φησὶν
321 2599 367 2628 οὖν
388 2601 428 2627 ὅτι
444 2602 490 2628 ἀπ’
503 2601 636 2628 ἀνατολῶν
647 2602 902 2638 τεσσαρεσκαιδεκα-

70 2653 152 2681 rata.
185 2647 272 2677 οὖσα
304 2647 345 2683 (οὒ
376 2647 431 2683 γὰρ
457 2645 492 2684 ἦν
512 2648 621 2675 συνόδου
647 2649 768 2685 καιρόςο)
784 2649 901 2684 ἔφθασεν

67 2700 164 2736 ὥραν
188 2698 225 2729 ς’
242 2693 297 2721 τὸν
312 2693 398 2729 ήλιον,
430 2695 477 2721 καὶ
503 2694 660 2730 ἐμπεσοῦσα
676 2696 716 2727 είς
731 2695 812 2722 αὑτὸν
835 2697 901 2723 ὑπέ-

65 2748 213 2783 δραμεν,
242 2741 333 2769 αὐτὸν
359 2742 534 2770 είσσάλλουσα
556 2743 597 2775 είς
620 2743 651 2770 τὸ
677 2744 745 2779 πρὸς
769 2745 901 2778 ἀνατολὰς

953 2329 1025 2357 cima
1037 2333 1145 2365 quarta,
1160 2329 1270 2364 quando
1296 2337 1351 2357 non
1367 2333 1410 2357 est
1436 2329 1594 2365 conjunctio
1622 2330 1688 2358 solis
1708 2334 1736 2357 et

950 2376 1033 2404 lunae.
1050 2375 1285 2405 Commentatores
1309 2376 1396 2404 ferme
1413 2384 1518 2410 omnes,
1533 2380 1628 2412 utpote
1654 2377 1736 2412 longo

951 2426 1074 2458 tempore
1099 2422 1266 2458 posteriores
1296 2423 1509 2458 suspicabantur
1534 2423 1620 2451 solem
1645 2423 1734 2457 ipsum

950 2476 999 2504 per
1013 2473 1068 2497 tres
1082 2468 1166 2497 horas
1179 2469 1270 2497 radios
1282 2469 1420 2497 abdidisse
1432 2476 1520 2505 usque
1534 2469 1568 2496 ad
1579 2470 1673 2497 horam
1689 2475 1736 2496 no-

949 2523 1023 2542 nam.
1039 2514 1090 2543 Hic
1101 2519 1175 2544 certe
1188 2523 1277 2544 novus
1291 2516 1338 2543 ille
1352 2515 1617 2551 eclipsandi‘modus
1627 2519 1670 2543 est
1683 2523 1734 2542 ex-

950 2561 1078 2596 plicatus.
1107 2560 1152 2588 Ait
1180 2561 1273 2597 itaque
1288 2561 1362 2597 quod
1385 2561 1420 2589 ab
1442 2563 1558 2595 oriente,
1575 2569 1637 2589 cum
1660 2563 1733 2588 esset

950 2607 1015 2635 luna
1029 2608 1134 2636 decima
1147 2611 1245 2643 quarta
1273 2609 1372 2644 (neque
1397 2608 1470 2636 enim
1496 2612 1603 2643 tempus
1618 2607 1734 2642 conjun-

949 2654 1048 2682 ctionis
1059 2654 1129 2690 erat)
1141 2654 1193 2682 sub
1204 2654 1300 2682 horam
1317 2659 1423 2682 sextam
1437 2655 1523 2682 solem
1542 2656 1667 2681 assecuta
1684 2651 1730 2683 sit.

949 2703 976 2728 et
989 2699 1147 2728 coincidens
1161 2701 1212 2728 sub
1225 2700 1285 2736 ipso
1299 2708 1411 2728 cursum
1437 2700 1566 2732 tenuerit,
1581 2699 1668 2734 ipsum
1683 2705 1731 2724 us-

948 2754 1003 2782 que
1016 2747 1051 2774 ad
1068 2747 1225 2776 orientalem
1237 2747 1313 2775 orbis
1323 2746 1422 2775 solaris
1446 2749 1551 2781 partem
1566 2742 1718 2772 invadenda

576 2810 691 2840 VAHIZE
712 2812 902 2844 LECTIONES
918 2813 961 2843 ET
977 2813 1251 2844 CORRECTIONES.

98 2873 127 2889 "
147 2868 308 2902 εωωῖτης-
