1923 3067
226 145 278 174 545

613 143 781 172 ΔΡΡΕΝΒῘΧ
801 143 847 171 AD
870 143 983 172 OPERA
1004 143 1034 172 S.
1051 141 1199 171 DlONYSlI
1215 140 1453 170 AREOPAGITE.

1788 138 1838 166 διι

227 201 305 229 Unde
320 200 402 228 etiam
414 201 489 229 venit
503 201 566 230 luna
579 206 607 233 et
625 202 745 239 ingressa
759 201 810 229 sub
826 202 884 237 ipso
897 209 1006 229 cursum

1060 200 1105 227 τοῦ
1117 199 1229 236 ἡλιακοῦ
1244 200 1335 226 δίσκου
1356 199 1452 235 μέρος·
1471 197 1530 227 ὅθεν
1546 198 1593 226 καὶ
1604 195 1712 234 ἧλθενὴ
1730 196 1838 232 σελήνη,

226 248 325 281 tenuit,
343 255 375 275 ac
393 253 561 284 retrogrcssa
575 253 616 277 est
624 249 710 278 donec
725 253 811 277 totum
839 249 899 284 ejus
914 249 1007 277 orbem

227 295 394 323 obscuravit.
426 295 575 332 Oportebat
603 297 712 332 utique,
737 297 760 325 si
782 296 883 324 usitata
911 296 1009 324 fuisset

227 341 349 376 eclipsis,
361 350 394 369 ex
407 343 500 370 eadem
512 348 587 378 parte
600 347 627 371 et
639 342 818 371 defectionem
837 345 864 371 et
878 349 1009 378 repurga-

227 387 329 414 tionem
343 388 484 423 exsistere,
500 392 529 416 ut
544 389 653 424 quando
668 389 734 416 luna
756 389 808 416 sub
823 389 881 417 sole
896 395 1007 416 cursum

227 440 306 460 suum
319 434 432 470 peragit,
442 435 516 463 verbi
528 435 614 471 gratia
625 443 658 463 ex
669 436 784 468 oriente,
794 436 908 471 primam
922 435 1010 463 orien-

227 480 308 507 talem
323 480 420 508 solaris
432 481 499 509 disci
511 485 614 517 partem
623 481 704 518 313
715 481 851 515 obfuscat,
864 481 915 510 sub
925 488 1008 517 quam

227 525 309 553 etiam
325 533 436 554 currere
450 527 550 562 etrapit;
575 527 638 556 inde
661 528 745 563 igitur
758 528 840 556 etiam
866 535 900 555 ex
917 527 1008 555 orien-

227 572 273 599 tali
289 576 364 607 parte
389 574 507 608 primum
534 573 630 609 incipit
656 574 723 602 solis
742 574 835 602 discus
854 574 1007 610 repurgari,

225 617 289 644 dum
300 618 364 645 luna
377 619 463 646 tendit
471 618 505 646 ad
518 620 698 654 occidentem,
709 623 736 648 et
746 620 833 656 prima
847 628 910 656 pars
921 620 1008 656 (nem-

225 671 258 698 pe
274 664 425 697 orientalis,
452 672 535 700 quam
563 666 645 693 etiam
672 666 787 702 primam
813 667 1007 703 occultaverat)

225 708 369 744 detegitur,
382 710 445 740 dum
463 711 515 739 sub
532 711 616 739 solem
642 712 760 747 prteterit
772 716 853 748 atque
868 717 1008 741 transcur-

185 777 191 791 ὅ
225 754 271 782 rit.
302 754 359 783 Sub
385 756 532 783 salutarem
561 761 652 784 autem
680 757 846 793 passionem,
872 765 928 785 non
955 757 1008 785 hoc

225 800 305 828 modo
323 801 464 837 contingit,
495 802 541 829 sed
557 803 707 831 contrario.
736 802 803 830 Nam
817 803 882 830 luna
896 803 1008 832 veniens

226 846 260 874 ab
271 847 375 875 oriente
393 848 445 875 sub
461 848 545 876 solem
560 849 692 881 cucurrit,
721 853 748 877 et
776 853 862 877 totum
891 849 951 885 ejus
966 857 1008 877 or-

224 891 285 918 bem
299 892 422 926 obduxit;
432 893 529 921 deinde
544 902 596 921 non
612 895 684 921 ultra
699 895 733 922 ad
748 895 1011 924 occidentemtrans-

225 936 267 969 iit,
297 938 344 965 sed
355 938 436 966 rediit
450 947 548 967 rursus
564 940 598 967 ad
627 941 770 975 orientem,
786 946 812 968 et
826 942 944 977 primum
961 941 1009 969 de-

224 983 325 1010 nudata
340 988 382 1012 cst
400 985 498 1014 solaris
514 986 582 1014 disci
596 994 660 1022 pars
674 987 862 1021 occident-alis,
874 987 1008 1023 siquidem

224 1031 382 1058 relrocessit
397 1039 492 1060 versus
508 1033 641 1060 orientem
661 1033 695 1060 ad
709 1032 871 1060 diametrum
887 1034 939 1061 soli
957 1041 1007 1070 op-

224 1075 351 1110 positum,
382 1077 419 1104 ita
444 1081 473 1105 ut
500 1078 657 1114 conjunctio
685 1083 711 1107 et
732 1080 888 1115 repurgatio
903 1087 957 1107 non
973 1080 1008 1107 ab

223 1121 317 1148 eadem
340 1126 416 1157 parte
434 1123 506 1151 facta
525 1125 590 1152 sint.
615 1124 734 1161 Phlegon
756 1126 864 1161 gentilis
894 1126 1009 1154 chrono-

223 1167 343 1202 graphus
359 1169 428 1196 libro
441 1169 547 1198 decimo
561 1175 660 1206 quarto
682 1170 913 1207 Chronographite
939 1180 1005 1204 suae.

223 1211 252 1239 in
277 1212 435 1250 Olympiade
469 1217 620 1244 centesima
653 1218 754 1250 lenia,
787 1217 868 1253 hujus
897 1216 1007 1253 quidein

223 1258 357 1293 eclipseos
371 1261 453 1288 etiam
480 1262 614 1296 meminit,
630 1263 726 1291 dicens
741 1271 801 1292 eam
824 1271 900 1292 more
927 1265 1007 1293 solito

223 1304 368 1338 accidisse,
401 1307 449 1334 sed
474 1308 584 1336 modum
610 1309 669 1344 ejus
692 1317 747 1337 non
763 1311 911 1346 expressit.
936 1310 1007 1344 Quin

224 1349 306 1377 etiam
328 1350 475 1381 Africanus
499 1357 593 1382 noster
616 1354 687 1382 libro
713 1355 809 1390 quinto
833 1356 1005 1392 Cbronogra-

223 1395 303 1430 phire,
317 1402 343 1425 et
356 1397 489 1427 Eusebius
499 1399 658 1437 Pamphilus
678 1401 777 1430 ibidem
790 1401 914 1438 ejusdem
932 1401 1007 1430 defe-

223 1443 322 1474 ctionis
335 1446 500 1475 mentionem
510 1447 584 1476 fecit.

450 1546 484 1575 ΙΝ
498 1547 693 1577 EPISTOLAM
707 1549 775 1578 Vlll.

261 1591 274 1628 ς
292 1592 313 1620 l.
324 1591 498 1629 Demophilus
510 1594 553 1622 hic
565 1595 716 1624 monachus
726 1599 796 1629 erat,
808 1600 838 1623 ut
853 1595 955 1623 indicat
968 1596 1009 1623 in<

223 1638 343 1673 scriptio
355 1647 363 1672 ;
377 1638 406 1665 tb
413 1643 558 1675 erapeutas
572 1640 645 1668 enim
661 1640 811 1668 monachos
824 1641 1006 1676 appellabant.

223 1684 249 1711 Is
262 1688 352 1712 autem
363 1685 512 1713 insultabat
522 1686 680 1725 presbytero
689 1694 750 1721 suo,
764 1686 830 1722 quin
841 1687 923 1714 etiam
935 1686 1007 1714 indi—

223 1729 368 1764 gnabatur,
381 1730 454 1765 quod
479 1730 624 1766 quemdam
648 1739 663 1759 e
691 1732 889 1767 pmnitentibus
909 1740 1006 1761 susce-

224 1775 319 1809 pisset.
345 1775 524 1804 Pmnitentem
549 1777 639 1813 itaque
663 1779 824 1807 verberibus
863 1783 1005 1814 exceptum

224 1822 394 1854 exturbant,
407 1823 596 1858 presbyterum
610 1832 674 1852 vero
687 1825 887 1859 eliminaverat,
900 1831 927 1854 et
947 1827 1007 1862 ipse

224 1869 355 1900 tanquam
370 1873 386 1893 a
401 1875 430 1895 se
445 1868 587 1904 presbyter
603 1873 723 1902 creatus.
749 1872 861 1899 resedit.
877 1872 1005 1906 Adverte,

224 1909 308 1945 igitur
318 1911 467 1940 etiamistis
482 1913 652 1948 temporibus
666 1914 821 1943 istiusmodi
844 1917 916 1944 mala
940 1924 1007 1945 con—

224 1957 330 1992 tigisse.
348 1957 442 1986 Merito
456 1958 547 1994 itaque
559 1959 627 1986 dicit
656 1960 742 1989 illud:
773 1961 794 1989 0
820 1970 940 1997 generose
953 1963 1007 1992 De-

225 2003 347 2038 moplu'le,
364 2004 532 2040 exprobrans
545 2005 596 2041 ipsi
610 2005 796 2035 fortitudinem
811 2008 1004 2043 inordinatam,

223 2054 252 2078 et
266 2051 393 2086 pietatem
413 2051 526 2080 minime
551 2051 687 2086 divinam,
709 2057 739 2081 ut
754 2053 806 2081 hoc
819 2054 900 2082 modo
912 2063 1006 2083 mona-

224 2097 306 2125 chum
319 2098 494 2134 perstringat.

258 2144 297 2170 Ac
312 2144 453 2179 siquando
477 2145 562 2179 ipsum
583 2149 669 2173 extra.
687 2146 717 2173 Id
740 2149 782 2174 est
810 2146 920 2182 quando
931 2146 1006 2176 Scri-

223 2194 310 2226 pluraa
324 2190 445 2224 tradunt,
463 2190 552 2226 ipsum
581 2190 609 2218 in
634 2191 682 2219 Dei
709 2192 921 2228 indignationem
936 2194 1005 2221 inci-

224 2236 308 2268 disse,
326 2240 353 2264 et
367 2236 395 2263 in
411 2236 583 2265 aversionem
597 2238 689 2265 vultus
704 2238 774 2273 ejus.
797 2238 888 2273 Prius,
905 2239 1002 2275 inquit,

224 2281 365 2308 declarant
380 2282 469 2317 ipsum
481 2290 496 2310 a
512 2283 721 2311 mansuetudine
732 2283 890 2317 descivisse,
902 2288 930 2312 et
947 2289 1004 2313 tum

224 2329 332 2357 demum
346 2336 361 2356 a
375 2329 467 2356 divina
480 2329 587 2357 visione
596 2329 740 2358 excidisse.

259 2418 281 2445 Α
306 2419 497 2452 praeminente.
511 2417 629 2446 Advorte
643 2419 826 2454 praestantiam
840 2423 866 2448 et
880 2420 1004 2448 eminen-

224 2463 290 2490 tiam
303 2464 520 2492 mansuetudinis
541 2465 569 2492 in
594 2464 649 2492 Deo
671 2465 812 2498 imitando,
827 2469 854 2494 et
868 2466 1004 2500 quomodo

225 2509 331 2545 Moyses
343 2514 453 2545 propter
465 2510 699 2539 mansuetudinem
712 2510 759 2539 Dei
772 2511 889 2540 famulus
899 2520 1004 2541 nuncu-

225 2559 316 2592 pctur.

260 2601 342 2638 31a
356 2599 512 2629 Ambitione.
539 2601 659 2629 Ambitio
673 2602 782 2638 proprie
801 2606 843 2631 est
868 2604 1004 2639 appetitus

226 2654 254 2678 et
269 2657 345 2677 amor
373 2649 496 2676 honoris.
522 2649 657 2685 Θεοκρίτῳ
679 2652 781 2682 autem,
793 2656 849 2676 non
861 2649 942 2676 alicui
964 2650 1005 2677 sic

227 2695 372 2731 appellato,
399 2694 447 2723 sed
468 2702 483 2722 a
511 2693 566 2722 Deo
591 2693 626 2722 ad
647 2694 790 2730 imperium
816 2694 951 2723 destinato
977 2699 1004 2724 et

227 2741 334 2769 idoneo.

1059 248 1105 274 καὶ
1125 247 1216 283 είσέὸη
1242 247 1425 283 ὑποτρέχουσα
1450 245 1530 272 αὐτὸν
1557 245 1603 272 καὶ
1632 243 1839 276 ἀναποδίζουσα,

1058 292 1110 324 ἓως
1120 289 1150 319 οῦ
1174 292 1233 319 ὅλον
1251 292 1296 319 τὸν
1315 291 1396 318 αὐτοῦ
1421 291 1511 318 δίσκον
1529 291 1664 317 ἱεκίασεν.
1683 290 1758 317 Ἔδει
1783 287 1838 322 οῦν,

1058 339 1082 366 εί
1093 337 1128 375 ἦν
1141 339 1210 366 κατά
1237 339 1268 366 τὸ
1288 338 1401 374 σύνηθες
1419 338 1547 374 ἔκλειψις,
1576 338 1609 364 ἐκ
1620 337 1667 364 τοῦ
1683 336 1765 364 αὑτοῦ
1794 337 1839 372 μέ-

1060 395 1123 422 ρους
1139 387 1184 413 καὶ
1195 387 1244 422 τὴν
1258 386 1377 422 ἔκλειψιν
1388 386 1435 413 καὶ
1449 386 1498 421 τὴν
1509 385 1691 421 ἀνακάθαρσιν
1703 383 1838 419 γενέσθαυ

1058 430 1112 460 οἷον
1126 434 1170 460 ὅτε
1183 433 1325 469 ὑποτρέχει
1336 434 1353 468 ὴ
1371 433 1468 468 σελήνη
1484 432 1528 458 τὸν
1539 431 1630 467 ἥλιον,
1661 431 1726 468 φέρε
1743 431 1838 462 εἰπεῖν,

1058 478 1088 512 ἐξ
1109 479 1242 507 ἀνατολῶν
1257 479 1364 515 πρῶτον
1380 478 1553 515 ἀντιφράττει
1578 477 1658 514 μέρος
1669 477 1715 504 τοῦ
1729 476 1839 512 ήλιακοῦ

1058 525 1150 553 δίσκου
1162 525 1192 553 τὸ
1204 526 1370 559 ἀνατολικὸν,
1383 526 1451 562 ὅπερ
1475 525 1522 553 καὶ¹
1537 524 1639 561 ῆρξατο
1661 524 1821 560 ὑποτρέχειν
1831 532 1838 538 ·

1058 571 1162 599 ἐκεῖθεν
1178 569 1224 599 οῦν
1236 572 1268 598 ἐκ
1283 571 1330 599 τοῦ
1343 571 1501 599 ἀνατολικοῦ
1520 571 1619 608 μέρους
1635 571 1683 598 καὶ
1695 571 1842 598 ἀνακαθαί-

1060 617 1154 654 ρεσθαι
1170 617 1281 654 ἄρχεται
1294 619 1308 645 6
1318 618 1409 650 δίσκος
1431 618 1478 645 τοῦ
1494 618 1580 654 ἡλίου,
1596 618 1647 654 τῆς
1667 618 1781 654 σελήνης
1797 617 1842 644 ἐπὶ

1057 663 1163 700 δυσμὰς
1177 666 1335 701 τρεχούσης,
1356 666 1402 692 καὶ
1419 664 1525 701 πρῶτον
1541 663 1781 700 ὰνακαλυπτούσης
1796 664 1842 700 μὲ-

1059 718 1106 746 ρος
1121 711 1150 737 ὲν
1165 710 1203 747 τῷ
1221 711 1344 746 παριέναι
1365 711 1410 738 καὶ
1425 711 1606 747 παρατρέχειν
1619 711 1653 727 ⁸⁸⁵
1669 710 1715 737 τὸν
1728 710 1814 745 ἥλιον,
1828 710 1842 736 δ

1058 756 1105 783 κα)⁵
1118 756 1225 792 πρῶτον
1241 756 1369 792 ἐκάλυψε,
1391 757 1514 784 τουτέστι
1539 757 1570 783 τὸ
1589 756 1755 784 ἀνατολικὸν.
1781 756 1842 782 Ἐπὶ

1057 803 1086 829 δὲ
1111 803 1158 830 τοῦ
1181 804 1314 839 σωτηρίου
1336 803 1437 835 πάθους
1460 803 1509 838 οὐχ
1539 802 1609 830 οὕτω
1627 803 1748 837 γέγονεν,
1775 802 1842 829 ἀλλὰ

1058 849 1219 878 τούναντίον.
1259 849 1304 882 Ἐξ
1330 849 1463 877 ἀνατολῶν
1484 849 1538 886 γὰρ
1564 849 1677 876 ἐλθοῦσα
1700 850 1717 884 ἡ
1744 849 1842 884 σελήνη

1059 895 1196 932 ὑπέδραμε
1212 895 1256 922 τὸν
1272 895 1362 932 ἣλιον,
1394 896 1441 923 καὶ
1474 895 1588 932 ἔφραξεν
1614 895 1673 922 ὅλον
1695 895 1740 922 τὸν
1751 895 1842 922 δίσκον

1059 941 1150 969 αὐτοῦ.
1169 940 1235 968 Εἶτα
1250 942 1341 969 οὐκέτι
1366 942 1412 968 ἐπὶ
1425 941 1529 977 δυσμὰς
1542 941 1690 977 παρῆλθεν,
1706 941 1765 968 ἀλλ’
1781 941 1843 967 ἀνε-

1059 988 1151 1015 πόδισε
1164 988 1244 1016 πάλιν
1268 989 1315 1016 ἐπὶ
1342 988 1483 1021 ἀνατολὰς,
1501 988 1547 1015 καὶ
1571 988 1712 1024 ἐγύμνωσε
1734 987 1844 1024 πρῶτον

1060 1034 1142 1070 μέρος
1152 1035 1182 1061 τδ
1193 1034 1298 1062 δυτικὺν
1323 1034 1370 1061 τοῦ
1392 1033 1504 1070 ἡλιακοῦ
1530 1033 1637 1061 δίσκων
1659 1034 1699 1066 είς
1721 1033 1844 1060 τούπίσω

1057 1081 1112 1117 γὰρ
1126 1081 1274 1118 ἀνέδραμεν
1293 1081 1338 1108 ἐπὶ
1356 1080 1386 1107 τὸ
1401 1079 1519 1107 ἐναντίον
1532 1080 1677 1115 διάμετρον
1703 1078 1750 1106 τοῦ
1765 1079 1844 1114 ἡλίου

1058 1127 1104 1153 ἐπὶ
1116 1127 1259 1160 ἀνατολάς·
1280 1126 1350 1154 ὥστε
1368 1126 1465 1162 μηκέτι
1488 1125 1539 1161 τὴν
1559 1125 1697 1161 ἔμπτωσιν
1723 1126 1771 1152 καὶ
1793 1125 1845 1161 τὴν

1057 1172 1240 1209 ἀνακάθαρσιν
1256 1174 1288 1200 ὲκ
1295 1173 1342 1200 τοῦ
1354 1172 1434 1200 αὐτοῦ
1451 1172 1550 1208 μέρους
1574 1171 1709 1206 γενέσθαι.
1731 1172 1845 1207 Μέμνη-

1057 1226 1102 1244 ται
1117 1218 1165 1254 μὲν
1187 1218 1233 1245 καὶ
1254 1218 1362 1253 Φλέγων
1377 1218 1392 1244 6
1419 1217 1573 1253 Ἑλληνικὸς
1603 1217 1790 1253 χρονογράφος
1812 1217 1844 1243 ὲν

1056 1264 1269 1300 τρισκαιδεκάτῳ
1278 1262 1503 1299 Χρονογραφιῷν
1521 1263 1549 1289 ὲν
1564 1264 1596 1298 τῇ
1612 1266 1652 1298 ργ⁴
1672 1262 1843 1297 Ὀλυμπιάδι,

1057 1309 1106 1345 τῆς
1124 1309 1270 1344 ἐκλείψεως
1289 1309 1400 1345 ταύτης,
1433 1309 1508 1346 παρά
1532 1309 1563 1336 τὸ
1577 1308 1672 1340 εἰωθὸς
1688 1307 1773 1343 αὐτὴν
1801 1307 1845 1334 λέ-

1057 1362 1113 1389 γων
1128 1354 1252 1389 γενέσθαι
1267 1358 1275 1367 '
1295 1355 1326 1382 οὑ
1353 1354 1462 1390 μήντὸν
1491 1354 1592 1390 τρόπον
1613 1353 1760 1390 ἀνέγραψε.
1789 1353 1845 1379 Καὶ

1065 1400 1225 1436 Ἀφρικανὸς
1239 1401 1268 1427 δὲ
1287 1402 1301 1428 6
1320 1401 1454 1437 ἡμέτερος
1477 1401 1507 1428 ὲν
1535 1400 1652 1436 πέμπτῳ
1678 1401 1845 1434 Χρονογρα-

1056 1446 1142 1482 φιῶν,
1167 1448 1214 1474 καὶ¹
1233 1447 1362 1479 Εὑσέὸιος
1374 1448 1389 1474 6
1405 1447 1548 1482 Παμφίλου
1560 1447 1590 1474 ὲν
1600 1447 1660 1479 ταῖς
1682 1446 1778 1477 αὐταῖς
1797 1445 1847 1480 μέ-

1058 1502 1157 1530 μνηται
1167 1494 1217 1529 τῆς
1239 1493 1324 1529 αὐτῆς
1339 1493 1497 1528 ἐκλείψεως.

1245 1549 1299 1577 ΕΙΣ
1314 1548 1386 1575 ΤΗΝ
1401 1548 1599 1576 ΕΠΙΣΤΟΛΗΝ
1610 1549 1651 1576 H'.

1100 1593 1152 1631 §L
1173 1594 1324 1630 Δημόφιλος
1350 1590 1428 1626 οὗτος
1454 1594 1570 1631 μοναχὸς
1592 1591 1638 1630 ἦν,
1667 1593 1705 1625 ὡς
1728 1593 1804 1629 δηλοῖ
1828 1593 1847 1627 ἡ

1058 1640 1216 1677 ἐπιγραφή·
1247 1640 1417 1676 θεραπευτὰς
1442 1641 1496 1677 γὰρ
1526 1641 1590 1672 τοὺς
1618 1640 1751 1676 μοναχοὺς
1780 1640 1846 1666 ἑκά-

1058 1687 1131 1714 λουν.
1148 1687 1321 1723 Τυραννήσας
1335 1687 1364 1714 δὲ
1379 1687 1449 1714 κατὰ
1477 1687 1661 1723 πρεσϐυτέρου
1685 1686 1780 1717 αὐτοῦ,
1797 1686 1846 1712 καὶ

1058 1734 1261 1770 ἀγανακτήσας,
1284 1734 1326 1761 ὅτι
1354 1733 1462 1767 ὲδέξατό
1489 1742 1550 1761 τινα
1573 1734 1601 1759 ὲν
1624 1733 1753 1768 μετανοίᾳ
1779 1733 1845 1759 ὄντα

1058 1780 1273 1816 ἁμαρτημάτων,
1299 1780 1418 1813 ἐξέϐαλε,
1434 1781 1574 1816 τυπτήσας
1587 1779 1631 1806 τὸν
1651 1779 1844 1814 μετανοοῦντα,

1057 1826 1103 1854 τὸν
1115 1825 1143 1852 δὲ
1162 1826 1344 1861 πρεσὸύτερον
1373 1825 1503 1861 sesama,
1528 1825 1575 1852 καὶ
1602 1825 1730 1852 ἐκάθισεν
1764 1825 1847 1851 αὐτο-

1057 1872 1243 1908 χειροτόνητος
1266 1872 1459 1908 πρεσϐύτερος.
1490 1872 1646 1908 Σημείωσαι
1660 1869 1717 1902 οὖν,
1746 1872 1788 1898 ὅτι
1811 1871 1846 1898 τὰ

1056 1918 1130 1946 κακὰ
1139 1917 1226 1945 ταῦτα
1240 1919 1285 1945 καὶ
1307 1918 1352 1945 ἐπὶ
1376 1918 1486 1945 ἐκείνων
1516 1917 1571 1945 τῶν
1589 1918 1692 1954 χρόνων
1719 1918 1842 1952 ἐγένετο.

1056 1961 1176 1993 Εἰκότως
1204 1959 1250 1988 οὗν
1279 1961 1324 1988 τό·
1343 1958 1377 1987 Ὦ
1403 1959 1520 1995 γενναῖε
1549 1961 1714 1995 Δημόφιλε,
1748 1961 1844 1996 φησιν,

1057 2007 1134 2043 ίσχὺν
1159 2007 1274 2034 ἄτακτον
1291 2007 1337 2034 καὶ
1360 2006 1409 2033 οὐκ
1437 2005 1579 2033 εὐλάϐειαν
1595 2005 1686 2032 ἔνθεον
1705 2005 1846 2038 ὀνειδίζων

1056 2053 1140 2089 αὐτῷ,
1153 2054 1200 2081 καὶ
1216 2053 1302 2089 ταύτῃ
1315 2052 1449 2087 διασύρων
1463 2051 1507 2078 τὸν
1525 2051 1650 2088 μοναχόν.

1092 2143 1147 2171 Kal
1180 2143 1279 2170 εἴποτε
1315 2142 1408 2170 αὑτὸν
1436 2142 1503 2174 ἕξω.
1529 2141 1692 2172 Τουτέστιν,
1723 2142 1790 2168 ὃταν
1815 2142 1845 2168 αἱ

1054 2190 1161 2226 Γραφαὶ
1171 2190 1296 2225 λέγωσιν,
1311 2190 1341 2216 ὲν
1354 2189 1536 2224 ἀγανακτήσει
1555 2187 1622 2214 Θεοῦ
1639 2188 1781 2222 γεγονέναι
1796 2189 1845 2214 αὺ-

1055 2238 1165 2270 τὸν,καὶ
1175 2238 1204 2264 ἐν
1214 2237 1372 2272 ἀποστροφῇ
1384 2235 1430 2262 τοῦ
1439 2234 1583 2271 προσώπου
1595 2234 1687 2261 αὐτοῦ.
1705 2234 1845 2270 Πρότερον

1055 2283 1092 2315 δὲ,
1118 2283 1193 2318 φησι,
1207 2282 1375 2309 δεικνύουσιν
1392 2281 1471 2307 αὐτὸν
1487 2280 1537 2315 τῆς
1563 2280 1714 2315 πραότητος
1730 2279 1785 2312 ἔξω
1802 2288 1846 2314 γε.

1055 2329 1172 2364 γονέναι,
1188 2329 1233 2356 καὶ
1243 2326 1292 2355 εἷθ’
1304 2327 1374 2354 οὕτω
1388 2327 1483 2354 παθεῖν
1494 2326 1525 2352 τὸ
1540 2326 1594 2353 ἀπὸ
1610 2325 1698 2360 (ιψεως
1713 2325 1845 2359 γενέσθαι

1054 2375 1101 2402 τοῦ
1118 2374 1196 2401 Θεοῦ.

1097 2422 1143 2448 Ἐκ
1155 2421 1210 2455 τῆς
1228 2421 1429 2455 προύχούσης.
1450 2419 1605 2455 Σημείωσαι
1633 2419 1674 2445 ὅτι
1702 2418 1847 2454 ἐξαίρετον

1057 2468 1104 2495 καὶ
1130 2465 1246 2503 προῦχον
1276 2467 1316 2498 είς
1340 2465 1454 2501 μίμησιν
1483 2464 1549 2492 Θεοῦ
1581 2465 1598 2499 ἡ
1627 2464 1765 2499 πραότης,
1795 2465 1848 2491 καὶ

1056 2514 1098 2541 ὅτι
1119 2513 1164 2540 διὰ
1181 2514 1230 2550 τὴν
1255 2512 1395 2549 πραότητα
1426 2510 1547 2546 Μωΰσῆς
1573 2510 1680 2544 λέγεται
1711 2510 1848 2545 θεράπων

1057 2557 1135 2585 Θεοῦ.

1090 2603 1268 2638 Φιλοτιμίας.
1289 2602 1428 2638 Φιλοτιμία
1445 2601 1545 2637 κυρίως
1561 2600 1592 2627 τὺ
1618 2599 1700 2635 τιμῆς
1712 2598 1846 2633 ἐφίεσθαι

1055 2649 1102 2677 καὶ
1120 2650 1195 2685 έρᾷν.
1220 2649 1363 2682 Θεοκρίτῳ
1388 2647 1416 2674 δὲ
1441 2647 1489 2682 οὺχ
1505 2645 1575 2673 οὕτω
1592 2645 1646 2672 τινὶ
1665 2644 1842 2680 καλουμένῳ,

1055 2695 1121 2722 ἀλλὰ
1137 2695 1167 2722 τὸ
1188 2695 1220 2722 ὲκ
1233 2694 1300 2721 Θεοῦ
1313 2695 1353 2726 είς
1371 2694 1401 2720 τὸ
1414 2693 1506 2730 ἄρχειν
1523 2691 1673 2728 κρινομένῳ
1700 2689 1749 2719 καὶ
1776 2690 1847 2718 tm.

1054 2740 1162 2777 τηδείῳ.

692 2817 806 2847 VARUE
825 2817 1016 2848 LECTIONES
1032 2818 1076 2847 ET
1092 2816 1367 2848 CORBECTIONES.

273 2879 304 2895 ”'
322 2879 497 2915 περιτρέχειν.
