1923 3067
91 192 138 220 545

528 185 557 213 S.
575 181 699 212 MAXlMl
716 179 864 209 SCHOLIA
879 178 913 207 IN
934 177 1008 205 EPP.
1028 175 1057 203 S.
1078 172 1239 202 DlONYSll.

1644 167 1696 196 546

125 247 153 276 Τί
174 247 208 274 δὲ
233 246 285 274 τὸν
310 245 481 279 θεοπάτορα.
514 244 574 270 Ὅτι
600 240 752 275 θεοπάτορα
779 238 884 270 καλεϊμ

953 235 1023 269 Quid
1037 241 1116 266 porro
1129 232 1206 259 illum
1221 230 1271 257 Dei
1287 228 1486 264 progenitorem.
1507 225 1635 254 Davidem
1650 233 1698 252 vo-

91 293 132 323 διὰ
144 293 187 321 τὸν
198 293 324 329 Χριστὸν,
351 292 396 318 τὸν
411 290 501 318 Δαυίδ.
518 289 588 325 Φησὶ
607 287 661 323 γὰρ
680 286 694 313 ὀ
709 285 778 317 θεῖος
794 283 868 311 Παῦ-

91 343 142 376 λος·
164 339 375 377 Ἀφωριοίμένος
399 339 442 370 εἷς
463 335 655 370 Εὑαγτέλιον,
679 333 694 360 ὃ
720 339 867 366 προεπηγ-

91 389 204 424 γείλατο
225 387 260 414 ἐν
270 384 402 420 Γραφαῑς
428 382 524 417 ἁγίαις
554 380 623 414 περὶ
649 379 702 406 τοῦ
725 377 792 405 Υἱοῦ
816 378 868 404 αὐ-

92 423 152 466 τοῦ,
177 433 230 460 τοῦ
252 430 413 467 γενομένου
436 429 470 455 ὲκ
492 426 659 461 σπέρματος
688 423 777 452 Δαυὶδ
795 423 869 450 κατὰ

93 479 194 514 σάρκα.
219 478 338 508 Εἰκότως
356 474 403 502 οὖν
418 473 560 508 θεοπάτωρ
579 473 593 499 ὁ
604 471 693 498 Δαυίδ.

125 527 222 553 Καίτοι
241 524 290 551 καὶ
302 522 422 558 θεσμός.
442 521 598 556 Γέγραπται
614 518 668 553 γὰρ
683 518 710 543 ἐν
733 516 772 552 τῷ
784 515 868 550 νόμῳ,

93 571 158 598 ὥστε
177 570 224 597 καὶ
243 569 273 596 τὸ
289 567 335 595 τοῦ
352 566 448 603 ἐχθροῦ
463 563 606 598 ὑποζύγιον
621 562 790 590 καταπῖπτον
805 559 871 594 ὲγεί-

95 624 146 652 ρειν
162 616 195 642 ⁸⁸.

84 651 101 698 ,⁷
133 661 206 688 Ἀλλ’
219 659 268 687 ἐπὶ
290 659 322 686 τὺ
345 658 480 691 ἄναντες.
519 657 579 683 Ἐπὶ
593 655 623 682 τὸ
639 653 811 689 ὑψηλότερον.
824 651 872 686 Ση-

96 706 248 742 μεὶωσαιδὲ
260 705 290 731 τὸ
316 703 506 739 φιλάνθρωπον
536 702 589 728 τῶν
616 699 746 734 ἀγγέλων,
771 697 816 724 καὶ
831 697 872 723 ὅτι

94 753 194 780 δέονται
217 752 288 787 ὑπὲρ
301 750 384 777 ἐθνῶν
405 749 453 776 τοῦ
480 747 557 780 Θεοῦ,
575 747 619 774 καὶ
633 747 672 772 ὅτι
684 745 741 776 ταῖς
755 744 873 770 ἀποστα-

93 800 178 830 τικαῐς
210 796 355 833 ἐπιτιμῶσι
392 795 538 831 δυνάμεσι,
574 791 695 819 τουτέστι
731 790 787 820 τοῖς
816 786 873 814 δαί-

98 853 184 880 μοσιν.

135 889 222 918 Ἀλλὰ
257 887 309 914 τοῦ
336 886 427 918 ὄντως
463 883 585 918 ἀγαθοῦ.
609 882 677 917 Περὶ
711 879 874 914 ἀγαθὸτητος

95 935 140 962 τοῦ
163 934 266 969 Κυρίου
291 932 370 968 ἡμῶν
405 929 492 965 Ἰησοῦ
524 927 640 964 Χριστοῦ
672 926 719 954 τοῦ
748 924 873 961 ἀληθινοῦ
890 940 912 970 Β

96 980 171 1009 Θεοῦ.
191 980 307 1016 [Ὄντως
322 975 390 1004 εἶναι
407 978 486 1009 ποιεῖ,
501 975 572 1002 τοῦτ’
587 974 643 1001 ἔστι
657 973 795 1008 διακρατεῖ
808 972 876 1007 πρὸς

96 1025 245 1062 διαμονήν.]

131 1072 185 1101 Καὶ
212 1070 309 1097 πάντα
336 1069 480 1102 ,βούλεται
516 1067 562 1095 del
593 1065 739 1101 γενέσθαι.
769 1063 877 1098 Ἐπειδὴ

98 1119 184 1146 πάντα
196 1115 282 1148 εἶπεν,
299 1118 326 1143 ὲν
348 1117 376 1143 δὲ
392 1117 448 1146 τοῖς
461 1114 527 1141 πᾶσι
541 1113 588 1140 καὶ
607 1112 696 1147 ἄψυχα
721 1110 766 1136 καὶ
784 1109 877 1143 ἄλογα,

99 1163 223 1200 προσθεὶς
235 1161 305 1189 κατὰ
319 1161 368 1197 τὴν
381 1161 502 1187 ἑκάστων
516 1157 730 1194 ἐπιτηδειότητα,
739 1156 787 1190 τὴν
802 1155 880 1190 ὑφορ-

100 1209 192 1245 μῶσαν
217 1208 350 1235 ἀντίθεσιν
363 1205 590 1242 προεθεράπευσε.

134 1255 189 1282 Kal
209 1252 379 1289 φιλονεικεῖ.
402 1252 464 1282 Πῶς
485 1252 535 1287 ἐρᾷ
549 1250 656 1277 πάντων
672 1249 686 1274 ὁ
708 1248 819 1283 Κύριος,
834 1247 881 1273 καὶ

100 1301 250 1337 παρακαλεῖ
263 1300 337 1336 ἡμᾶς
353 1299 389 1335 μὴ
418 1298 543 1325 ἐκπεσεῖν
567 1295 660 1328 αὐτοῦ,
683 1294 743 1321 ὅθεν
757 1294 803 1321 καὶ
827 1293 883 1320 Πα-

101 1346 234 1383 ράκλητος
246 1345 350 1372 ἀκούει.

136 1394 191 1420 Kal
222 1391 439 1426 θρυπτομένων,
467 1388 637 1425 Θρύπτεσθαι
666 1386 767 1422 κυρίως
781 1385 811 1412 τὺ
835 1394 884 1412 κα-

100 1439 264 1466 τακλᾶσθαιο
287 1438 393 1472 λέγεται
411 1437 439 1464 δὲ
453 1438 469 1471 ἡ
493 1435 565 1467 λέξις
588 1434 634 1460 καὶ
657 1434 702 1460 ἐπὶ
715 1433 769 1459 τῶν
781 1432 884 1468 ἐρωμέ-

102 1494 165 1516 νων,
178 1485 214 1516 οἳ,
240 1485 289 1520 τὴν
307 1483 373 1519 πρὸς
388 1482 451 1514 τοὺς
470 1481 587 1517 ἐρῶντας
602 1479 810 1514 ἀναϐαλλόμενοι
824 1486 885 1503 συν-

103 1531 207 1565 τυχίαν,
231 1529 343 1564 τοιούτῳ
373 1528 413 1563 τῷ
434 1525 597 1562 σωματικῷ,
622 1525 743 1551 τουτέστι
769 1531 885 1550 κατακε-

103 1576 255 1611 κλεισμένῳ,
286 1575 434 1610 κέχρηνται
461 1573 530 1608 ἤθει.
553 1571 633 1598 Ὅθεν
658 1570 822 1606 λαμϐάνεται
840 1570 886 1596 καὶ

103 1623 149 1649 ἐπὶ
159 1622 249 1650 ἄλλων
263 1620 446 1657 ὁμοιοτρόπων
457 1618 635 1654 πραγμάτων.

141 1713 238 1746 ’Ὅμως
260 1708 420 1744 προσιοῦσι
443 1705 627 1741 προστρέχει.
655 1704 696 1730 Τὰ
727 1703 777 1738 τῆς
803 1702 886 1737 εὐαγ-

106 1757 219 1792 γελικῆς
239 1754 394 1790 παραϐολῆς
410 1753 456 1780 τοῦ
480 1751 584 1779 ἀσώτου
598 1750 752 1777 ὑποτίθεται
775 1750 803 1775 ὲν
830 1757 888 1774 του-

104 1811 172 1834 τοις,
197 1802 244 1829 καὶ
258 1801 292 1827 τὰ
311 1801 400 1836 ὅμοια,
413 1798 574 1834 Θαυμασίως
596 1797 624 1823 δὲ
641 1795 727 1822 καὶτὸ
744 1794 802 1826 ὅλος
812 1794 887 1825 ὅλους

106 1849 184 1885 φησὶ,
200 1847 385 1882 καταισχύνων
398 1845 462 1877 τοὺς
479 1845 539 1871 τότε
551 1843 714 1879 αἰρετικοὺς,
729 1841 825 1872 οἵτινες
837 1840 888 1875 ψυ-

106 1895 157 1931 χὴν
176 1894 257 1930 μόνην
271 1892 401 1925 σώζεσθαι
415 1891 467 1917 ὑπὸ
478 1889 555 1921 Θεοῦ,
577 1889 623 1916 καὶ
637 1889 667 1914 οὺ
684 1887 772 1923 σῶμα,
788 1886 888 1920 ἔλεγον.

108 1942 189 1972 ’Ὁλος
203 1939 259 1971 ὀῦν,
275 1939 366 1975 φησὶν,
381 1938 394 1963 ὁ
410 1936 519 1972 Κύριος,
534 1935 571 1966 ὡς
586 1935 673 1970 ψυχὴν
688 1934 734 1960 καὶ
749 1933 827 1968 σῶμα
844 1932 892 1959 λα-

107 1987 174 2017 ὀὼν,
191 1986 266 2017 ὅλους
282 1985 354 2020 ἡμᾶς
368 1984 429 2014 τοὺς
443 1983 474 2008 ἐκ
495 1982 582 2016 ψυχῆς
598 1980 645 2007 καὶ
672 1979 794 2014 σώματος
810 1978 891 2005 σέσω-

108 2042 167 2060 κεν.
180 2030 268 2058 Ἦσαν
281 2031 310 2057 δὲ
334 2029 393 2056 τότε
407 2027 540 2064 αἰρετικοὶ
568 2025 621 2053 ἀπὸ
638 2026 766 2061 Σίμωνος,
793 2025 830 2055 ὡς
845 2024 892 2059 δη-

108 2078 201 2106 λοῦσιν
222 2077 363 2112 Εἰρηναῖος
380 2075 426 2101 καὶ
443 2072 608 2103 Ἱππόλυτος.
623 2071 677 2098 Καὶ
700 2071 724 2097 οί
739 2070 773 2096 τὰ
790 2068 893 2104 Ὧριγέ-

109 2132 173 2155 νους
193 2123 220 2149 δὲ
231 2120 435 2156 δογματίζοντες
445 2118 479 2145 τὰ
493 2117 560 2145 αὐτὰ
576 2116 711 2152 φρονοῦσι.
725 2115 855 2149 Περιφὺς
865 2114 893 2141 δὲ

110 2170 173 2198 ἀντὶ
191 2168 237 2195 τοῦ
249 2165 449 2202 περιπλακείς.

150 2254 271 2288 Δηλαδὴ
295 2254 365 2286 τοὺς
387 2252 526 2287 ἀγαθούς.
552 2250 706 2286 Σημείωσαι
732 2249 805 2280 τίνας
830 2250 896 2284 φησι

110 2303 135 2318 ⁵⁷
155 2303 219 2332 τοὺς
243 2299 476 2334 συγκαλουμένους
495 2297 602 2332 φίλους¹
626 2297 684 2331 μετ’
698 2295 774 2328 ὀλίγα
787 2295 815 2321 δὲ
833 2295 896 2326 τοὺς

111 2348 234 2382 ἀγαθοὺς
248 2346 378 2380 ἀγγέλους
394 2343 461 2371 εἶναι
483 2343 595 2374 ⁴τούτους
617 2343 680 2369 νοεῖ.
705 2340 775 2376 Ὅρα
795 2341 823 2367 δὲ
838 2340 896 2372 πῶς

111 2395 171 2420 νοεῖ
195 2392 235 2424 τὸ,
265 2392 331 2418 Ἵνα
354 2391 373 2425 ᾖ
401 2389 522 2417 πάντων
539 2387 776 2423 εὐφραινομένων
795 2387 814 2420 ἡ
829 2394 898 2412 κατ-

115 2441 205 2467 οικία.

153 2484 195 2514 Σὺ
211 2485 252 2517 δὲ,
268 2486 307 2518 ὡς
319 2484 354 2511 τὰ
364 2481 515 2519 γράμματά
528 2489 585 2508 σου
597 2479 692 2513 δηλοῖ.
710 2479 745 2505 Σὺ
755 2479 793 2509 δὲ,
805 2477 896 2513 φησὶν.

113 2531 139 2561 ὦ
156 2532 301 2568 Δημόφιλε,
320 2531 365 2557 καὶ
381 2529 425 2555 τὸν
441 2527 515 2564 ἱερέα
530 2526 654 2562 ὕϐρισας,
672 2525 780 2551 εἰπόντα
791 2519 897 2558 ἐλεητὸν

115 2577 224 2615 [eiust],
243 2577 378 2604 τουτέστιν
396 2575 485 2605 ἐλέους
503 2572 587 2605 ἄξιον,
604 2571 650 2598 τὸν
663 2570 747 2605 ὰσεὸἧ
758 2569 804 2596 καὶ
818 2577 899 2604 μετα-

115 2624 241 2652 νοοῦντα.
259 2624 335 2649 Δοκεῖ
344 2621 372 2648 δέ
381 2629 425 2656 μοι
439 2621 453 2646 ὁ
462 2618 614 2654 Δημόφιλος
627 2616 809 2653 πρεσϐύτερον
822 2614 899 2650 ὑϐρι-

116 2670 213 2698 κέναι’
228 2669 290 2707 τους
306 2667 360 2703 γὰρ
376 2666 464 2702 ἱερέας
483 2663 682 2699 πρεσϐυτέρους
702 2660 779 2688 εἴωθε
797 2660 899 2692 καλεῖν,

116 2715 159 2746 ὡς
174 2715 202 2740 ὲν
216 2712 256 2747 τῷ
269 2702 339 2745 Περὶ
354 2710 408 2744 τῆς
418 2705 671 2742 ἐκκλησιαστικῆς
685 2704 834 2739 ἱεραρχίας
845 2702 900 2729 διε-

158 2783 175 2803 ι
189 2782 268 2810 Rom.
285 2789 303 2813 I,
320 2780 379 2807 1-5.
420 2779 428 2799 ί
446 2777 523 2805 Deut.
541 2783 607 2808 nu,
622 2774 649 2802 4.

916 286 961 309 cat
974 281 1021 308 Dei
1036 278 1237 315 progenitorem
1258 278 1369 310 propter
1382 273 1532 301 Christum.
1558 272 1603 298 Ait
1624 272 1697 298 enim

916 326 949 354 D.
962 325 1063 353 Paulus
1077 325 1091 344 ιλ
1105 333 1111 350 :
1129 322 1283 358 Segregatus
1303 321 1331 347 in
1354 319 1534 353 Evangelium,
1555 316 1623 352 quod
1638 324 1700 350 pro-

918 372 990 400 misit
1005 373 1031 398 in
1045 369 1189 404 Scripturis
1208 366 1307 395 sanctis
1321 365 1353 392 de
1378 364 1450 391 Filio
1472 371 1531 395 suo,
1551 363 1595 398 qui
1613 362 1700 397 facta:

918 423 956 447 est
970 426 1002 445 ex
1016 416 1112 444 semine
1127 413 1212 442 David
1232 412 1373 441 secundum
1392 418 1508 438 carnem.
1538 409 1633 436 Merito
1647 407 1699 443 igi-

919 471 964 494 tur
981 464 1066 492 David
1080 467 1121 490 est
1135 461 1181 489 Dei
1192 463 1278 496 paler.

956 513 1026 546 Quin
1039 511 1118 538 etiam
1136 509 1188 543 lege
1200 507 1340 534 sancitum.
1358 504 1494 540 Scriptum
1514 503 1586 531 enim
1605 505 1648 530 est
1672 502 1701 529 in

920 560 979 595 lege
997 559 1020 591 ί,
1047 560 1077 584 ut
1092 555 1173 583 etiam
1189 552 1294 580 inimici
1319 551 1460 586 subjugale
1479 549 1581 577 cadens
1598 548 1702 576 levare-

921 609 977 632 tur.

958 649 1087 677 Caeterum
1104 646 1137 674 ad
1154 645 1262 672 altiora.
1277 642 1317 670 Ad
1331 643 1370 675 id,
1385 643 1456 678 quod
1472 640 1703 670 sublimius.Nota

923 702 1013 725 autem
1033 691 1245 729 benignissimos
1273 689 1383 724 angelos
1402 688 1482 716 etiam
1512 695 1560 722 pro
1577 686 1704 722 gentibus

922 743 1006 770 Deum
1023 738 1174 775 deprecari,
1189 739 1217 764 et
1240 735 1407 770 apostaticas
1419 734 1546 767 virtutes,
1560 733 1587 760 id
1601 735 1642 761 est
1653 731 1705 759 da:-

923 794 1018 816 mones
1031 785 1182 820 increpare.

959 876 1011 905 Sed
1025 883 1082 903 vere
1097 873 1166 902 boni.
1183 873 1220 901 De
1237 871 1342 899 Domini
1354 869 1442 897 nostri
1455 867 1519 895 Jesu
1531 866 1633 895 Christi
1647 866 1705 894 veri

927 922 972 950 Dei
987 921 1160 956 benignitate.
1180 917 1264 954 [Vere
1277 923 1338 944 esse
1365 914 1442 947 facit,
1457 913 1510 940 hoc
1528 916 1570 940 est
1594 918 1706 939 conser-

926 971 982 1000 vat,
996 971 1025 994 ut
1036 962 1236 1002 permaneant.]

964 1055 997 1083 Et
1013 1055 1103 1083 omnia
1124 1052 1179 1080 vult
1193 1058 1293 1085 semper
1308 1049 1376 1085 ﬁeri.
1392 1048 1460 1076 Cum
1475 1045 1590 1073 dixisset
1604 1044 1705 1077 omnia,

928 1103 999 1131 inter
1016 1101 1106 1130 omnia
1123 1103 1211 1126 autem
1227 1098 1309 1125 etiam
1322 1096 1378 1124 sint
1400 1094 1547 1121 inanimato
1560 1096 1586 1118 et
1599 1090 1709 1117 irratio-

929 1149 1012 1181 nalia,
1026 1147 1128 1175 addens
1141 1144 1290 1173 secundum
1301 1142 1435 1176 cujusque
1443 1138 1631 1174 aptitudinem,
1645 1136 1708 1164 sub-

929 1195 1061 1222 orientem
1079 1191 1278 1227 oppositionem
1293 1187 1449 1214 moderatus
1463 1188 1516 1212 est.

965 1239 1105 1266 Etamore
1119 1234 1262 1263 contendit.
1290 1231 1432 1266 Quomodo
1458 1229 1590 1257 Dominus
1617 1233 1712 1254 omnes

931 1289 1013 1317 amet,
1025 1288 1052 1312 et
1071 1284 1196 1310 hortetur
1219 1288 1281 1310 nos,
1298 1286 1332 1306 ne
1351 1278 1385 1305 ab
1397 1277 1457 1311 ipso
1469 1275 1636 1306 excidamus,
1652 1280 1714 1308 pro-

931 1334 991 1366 pter
1003 1329 1076 1365 quod
1091 1329 1172 1355 etiam
1194 1325 1352 1353 Paracletus
1369 1322 1532 1358 appellatur.

971 1364 1058 1402 Etiam
1085 1372 1232 1400 deliciosos.
1252 1369 1377 1396 Dcliciari
1406 1375 1454 1395 seu
1483 1365 1600 1393 molliter
1623 1364 1715 1392 vivere

932 1421 1041 1457 proprie
1056 1424 1098 1447 est
1107 1417 1232 1446 cnervari
1255 1423 1302 1444 seu
1327 1413 1474 1448 confringi.
1503 1411 1606 1438 Dicitur
1625 1414 1714 1437 autem

933 1468 990 1494 haec
1002 1466 1085 1494 dictio
1098 1465 1179 1492 etiam
1191 1463 1225 1490 de
1239 1462 1273 1489 iis
1290 1461 1336 1496 qui
1357 1459 1497 1487 amoribus
1514 1460 1630 1489 vacant,
1655 1456 1716 1491 qui,

935 1518 1085 1541 amatorum
1097 1510 1268 1545 adeptionem
1282 1506 1528 1543 procrastinantes,
1540 1506 1654 1530 utuntur
1665 1501 1717 1528 hac

935 1565 1075 1594 corporea,
1098 1557 1126 1584 id
1148 1560 1190 1583 est
1204 1554 1347 1590 pmfracta
1362 1556 1390 1580 et
1413 1550 1488 1578 molli
1509 1547 1716 1576 consuetudine.

896 1612 918 1641 α
934 1605 1012 1632 Unde
1037 1604 1119 1630 etiam
1144 1601 1178 1627 ad
1198 1607 1243 1627 res
1264 1598 1401 1634 quaslibet
1422 1594 1581 1623 consimiles
1607 1597 1719 1620 transu-

935 1651 1030 1678 mitur.

972 1695 1101 1724 Similiter
1136 1690 1335 1720 adventantibus
1365 1687 1490 1715 occurrit.
1527 1684 1718 1719 Evangelicam

936 1742 1092 1779 parabolam
1107 1739 1211 1775 prodigi
1226 1738 1253 1764 in
1269 1736 1313 1763 his
1338 1733 1483 1769 proponit,
1514 1735 1541 1759 et
1565 1737 1625 1765 quae
1655 1732 1721 1756 sunt

939 1774 1046 1815 similia.
1059 1774 1220 1819 Quinetiam
1234 1786 1306 1809 totus
1317 1784 1400 1811 totos,
1419 1777 1518 1812 inquit,
1530 1776 1572 1803 sui
1588 1774 1721 1808 temporis

939 1833 1080 1860 hiereticos
1096 1828 1276 1859 confundens,
1297 1825 1344 1861 qui
1365 1824 1474 1859 quidem
1491 1822 1608 1849 animam
1620 1819 1721 1847 salvari

940 1887 955 1907 a
965 1879 1030 1911 Deo,
1046 1884 1101 1905 non
1114 1877 1179 1903 item
1189 1879 1301 1908 corpus,
1317 1869 1511 1905 praedicabant.
1532 1865 1577 1892 Ait
1589 1872 1665 1900 ergo,
1681 1866 1724 1890 to-

940 1930 985 1954 tus
999 1923 1140 1954 Dominus,
1166 1919 1254 1954 utqui
1270 1917 1389 1944 animam
1403 1919 1430 1942 et
1443 1920 1545 1948 corpus
1561 1909 1721 1945 assumpsit,

940 1979 992 2000 nos
1010 1975 1093 2002 totos,
1109 1967 1156 2003 qui
1176 1967 1267 1993 anima
1281 1967 1308 1991 et
1319 1968 1433 1996 corpore
1445 1962 1616 1987 constamus,
1632 1955 1723 1983 salvos

942 2018 1015 2046 fecit.
1047 2001 1132 2043 Erant
1158 2013 1231 2041 enim
1257 2015 1323 2038 tunc
1352 2009 1381 2036 in
1406 2010 1500 2035 errore
1526 2005 1580 2032 isto
1603 2001 1723 2032 Simonis

942 2063 1081 2098 discipuli,
1109 2061 1149 2088 uti
1179 2059 1299 2086 lrenatus
1326 2059 1353 2083 et
1381 2052 1544 2087 Hippolytus
1570 2048 1722 2076 declarant.

944 2092 1097 2143 Quinetiam
1108 2103 1268 2140 Origenista:
1279 2101 1371 2129 eadem
1381 2099 1480 2126 docent
1491 2104 1523 2123 ac
1534 2094 1663 2123 sentiunt.
1673 2092 1726 2118 Πε-

946 2139 1024 2191 ριφύς
1048 2159 1113 2180 vero
1140 2139 1226 2182 dixit,
1254 2154 1303 2182 pro
1331 2141 1529 2180 περιπλακεις,
1554 2139 1581 2167 id
1606 2141 1650 2166 est
1668 2144 1725 2162 ain-

963 2202 1067 2228 lectens.

963 2210 1067 2228 tectens.

944 2210 961 2236 Ρ
976 2232 1111 2273 Videlicet
1132 2243 1223 2268 bonos.
1250 2238 1320 2265 Nota
1347 2242 1417 2270 quos
1444 2233 1545 2259 amicos
1565 2230 1640 2257 dicat
1658 2236 1725 2256 con~

912 2282 934 2312 ο
947 2294 1075 2322 vocatos;
1090 2291 1150 2323 post
1166 2291 1252 2320 pauca
1266 2289 1330 2309 vero
1361 2279 1480 2312 intellige
1499 2277 1549 2303 llOS
1566 2282 1626 2302 esse
1640 2273 1727 2300 bonos

949 2318 1246 2371 angelos.'-315‘Vidc
1269 2331 1359 2355 autem
1392 2323 1528 2359 quomodo
1555 2321 1605 2348 hoc
1626 2318 1727 2346 intelli-

949 2366 1016 2416 gat:
1048 2366 1135 2404 [Ιῑῖίῖ
1150 2366 1270 2403 omnium
1286 2370 1434 2399 ίιινιαηιὶιιηι
1450 2366 1587 2394 lmln'lalio.

986 2469 1026 2497 Τιι
1037 2476 1106 2499 vero,
1121 2470 1148 2493 ut
1165 2470 1216 2492 tum
1230 2464 1323 2490 littera:
1338 2460 1482 2488 declarant.
1505 2456 1545 2484 Tu
1561 2459 1651 2482 autem
1663 2474 1671 2486 ,
1688 2453 1730 2480 iu-

947 2516 1017 2552 quit,
1034 2523 1052 2541 ο
1065 2511 1224 2547 Dcmophile
1236 2531 1244 2543 ,
1268 2509 1350 2537 etiam
1374 2504 1510 2533 sacerdoti
1536 2500 1729 2530 contumeliam

948 2561 1048 2593 fecisti,
1062 2558 1135 2595 quod
1150 2557 1252 2585 diceret
1265 2552 1461 2582 miserandum.
1478 2549 1504 2576 id
1520 2552 1561 2576 est
1576 2547 1732 2574 misericor-

950 2608 994 2636 dia
1004 2591 1114 2642 dignum
1125 2611 1185 2632 esse
1195 2601 1308 2636 impium
1317 2606 1348 2626 ac
1361 2597 1546 2633 pmnilentem.
1561 2591 1625 2618 Mihi
1642 2595 1730 2616 autem

949 2636 1057 2682 videtdr
1071 2649 1244 2685 Demophilus
1259 2645 1418 2682 presbytero
1441 2639 1568 2676 injuriam
1587 2636 1730 2667 intulisse;

951 2700 1021 2729 solet
1043 2698 1116 2726 enim
1139 2694 1313 2730 presbyteros
1337 2695 1436 2718 vocare
1458 2684 1631 2715 sacerdotes,
1648 2681 1687 2708 uti
1704 2679 1732 2706 in

604 2852 720 2882 VARIJE
755 2846 944 2879 LECTIONES
959 2845 1002 2873 ΕΤ
1021 2835 1295 2873 CORRECTIONES.

156 2918 182 2935 "
191 2916 350 2952 ἀνεγείρειν.
400 2914 421 2930 ⁵⁷
435 2914 498 2940 νοεῖ.
