1923 3067
215 148 267 176 δη

611 145 779 175 ΑΡΡΕΝΟῙΧ
796 146 843 174 AD
858 145 973 175 OPERA
990 146 1019 176 S.
1036 146 1186 176 DlONYSlI
1201 147 1440 178 AREOPAGITE.

1768 149 1816 186 Si:

214 204 403 232 Ecelesiastica
431 204 579 232 hierarcllt'a
602 204 677 233 clare
699 205 802 232 docuit.
821 204 892 238 Quin
914 205 982 233 etiam

1047 206 1180 242 τράνωσε.
1196 207 1251 234 Καὶ
1265 207 1381 234 ἐνταῦθα
1394 207 1423 235 δὲ
1441 208 1510 244 μετᾶ
1521 208 1623 245 βραχέα
1634 209 1815 243 ὕποκατυὼντδ

212 250 259 278 hic
271 250 354 283 infra,
371 251 452 286 paulo
467 254 529 286 post
539 251 634 278 eodem
657 251 738 278 modo
759 251 906 279 dictionem
927 252 997 281 hanc

212 297 348 332 intelligit.
364 297 540 325 Constructio
560 301 649 324 autem
665 297 723 324 haec
737 301 780 324 est
794 305 843 332 per
857 298 997 332 traiectio-

211 349 274 369 nem
290 341 363 377 (cum
370 341 418 377 ait)
431 341 652 369 :Convitiatuses
663 341 832 368 sacerdotem
845 341 997 376 justiﬁean-

210 391 266 414 tem
277 407 285 420 ,
302 387 343 414 uti
367 390 394 415 et
413 387 498 414 illud:
516 387 628 422 impium
644 386 829 414 miserandum
843 395 920 420 esse,
946 395 994 416 seu

210 434 398 462 misericordia
415 434 538 469 dignum.

246 481 346 509 Sancta
368 486 519 508 sanctorum
542 480 685 508 sustulisti.
712 480 854 508 Sustulisti
868 489 918 517 pro
932 482 995 510 vili-

208 527 325 563 pendisti
341 530 367 555 et
379 527 550 560 extenuasti;
563 527 606 554 vel
618 527 642 554 si
654 527 706 554 hoc
717 535 783 560 non,
800 532 892 556 tamen
905 532 995 556 sustu-

208 574 274 607 listi,
288 581 338 609 pro
352 573 556 606 contemerasti,
572 573 651 608 quasi
675 573 765 600 dicat:
787 572 994 606 Quodammodo

207 619 355 652 abstulisti,
371 624 399 647 et
410 627 426 646 e
438 619 565 647 sacrario
579 618 666 646 tulisti
679 638 687 650 .
711 627 773 646 cum
789 619 815 646 id
830 623 857 647 et
871 619 993 648 diaconis

205 670 233 695 et
256 665 422 701 presbyteris
443 665 501 701 lege
513 665 628 692 vetitum
644 665 680 704 sit
691 685 699 697 ,
716 673 776 700 quae
789 665 873 692 dicit:
892 665 926 692 Et
940 665 993 693 Sa-

206 711 322 739 cerdotes
341 710 464 739 vetabunt
478 715 572 738 sancta
585 730 593 744 ,
607 711 647 738 uti
662 711 742 738 etiam
759 712 858 747 pagina
874 719 991 747 sequen-

206 758 226 785 ti
241 757 289 785 ait.

236 802 321 837 Nefas
340 801 513 829 sacerdotem.
534 800 669 834 Quoniam
696 808 752 828 non
771 805 878 837 oportet
895 808 990 830 sacer-

199 849 301 881 dotem,
327 848 390 876 licet
417 851 584 883 peccantem,
608 855 625 874 a
653 847 769 874 diacono
786 847 829 874 vel
854 847 990 875 monacho

1044 251 1192 288 εἰρημένον
1208 261 1252 288 μοι
1263 253 1412 290 συνίστησι.
1427 254 1495 281 Καθ’
1505 255 1662 292 ’ὑπερϐατὸν
1680 257 1709 284 δὲ
1722 259 1739 294 ή
1758 261 1816 287 σύν.

1046 298 1133 331 τάξις,
1147 298 1276 335 ’Υϐριζες
1294 299 1340 326 τὸν
1360 300 1435 336 ιερέα
1451 299 1631 329 δικαιώσαντα
1645 303 1691 330 καὶ
1708 305 1747 338 τὸ,
1774 306 1816 334 τὸν

1045 344 1132 380 ἀσεϐῆ
1141 344 1250 381 ὲλεητδν
1263 345 1407 382 ὑπάρχειν,
1423 347 1507 383 ἤγουν
1517 347 1608 381 ἐλέους
1620 349 1698 382 ἄξιον.

1081 476 1120 503 Τὰ
1137 477 1219 512 Ἅγια
1236 477 1296 505 τῶν
1311 478 1403 513 ἁγίων
1418 478 1626 514 συνέστειλας.
1650 481 1817 517 Συνέστειλας

1043 521 1103 549 ἀντὶ⁴
1119 522 1166 549 τοῦ
1185 523 1379 558 ὲταπείνωσας,
1395 524 1442 552 καὶ
1459 526 1635 562 ὲσμίκρυνας·
1657 527 1674 563 ἦ
1689 528 1720 555 οὐ
1734 529 1816 562 τοῦτο,

1043 568 1110 595 ἀλλὰ
1122 569 1303 602 συνέστειλας,
1311 570 1424 598 ἀντὶτοῦ
1436 571 1608 608 συνῆξας,ὡς
1619 573 1735 609 εῐρηται,
1743 575 1818 602 οἱονεὶ

1043 614 1157 650 ἐπῆρας,
1175 615 1208 641 ὲκ
1221 615 1268 642 τοῦ
1290 615 1481 652 θυσιαστηρίου
1496 617 1644 652 βαστάσας,
1660 620 1746 647 καίτοι
1765 622 1818 648 δια-

1044 660 1129 687 κόνων
1148 661 1195 688 καὶ
1212 661 1404 698 πρεσϐυτέρων
1421 663 1500 690 τοῦτο
1516 665 1602 691 ποιεῖν
1621 666 1818 703 ἐπιτετραμμέ-

1045 715 1097 733 νων
1109 706 1157 733 τοῦ
1168 707 1250 742 νόμου
1259 707 1393 742 λέγοντος·
1410 708 1464 735 Καὶ
1474 709 1558 743 ἱερεῖς
1568 712 1776 745 περιστελοῦσι
1785 713 1818 740 τὰ

1041 753 1125 788 ἅγια,
1137 753 1176 785 ὡς
1187 753 1235 780 καὶ
1256 754 1285 780 ὲν
1300 754 1339 790 τῷ
1351 754 1415 790 ἑξῆς
1430 755 1520 792 φύλλῳ
1532 757 1622 793 φησίν.

1078 800 1118 826 οὺ
1136 800 1254 834 θεμιτὸν
1265 800 1352 834 ἱερέα.
1372 802 1476 828 ’Ὀτιού
1494 803 1534 829 δεῖ
1551 803 1750 840 πρεσϐὗτερον,
1770 805 1817 832 κᾶν

1041 845 1195 883 ἁμαρτάνῃ,
1213 846 1265 873 ὑπὸ
1279 847 1401 875 διακόνου
1413 848 1430 884 ἢ
1447 849 1608 884 μονάζοντος
1621 851 1779 878 εὐθύνεσθαι
1787 852 1817 883 ³⁸.

200 894 318 930 corrigi,
337 894 438 922 nedum
455 901 471 921 a
492 893 587 925 laicis,
608 893 759 929 praesertim
784 897 860 921 extra
879 893 982 921 electio-

1047 893 1076 928 ιή
1088 893 1114 920 τί
1129 901 1161 927 γε
1177 893 1229 920 ὑπὸ
1238 894 1351 926 λαῖκῶν,
1368 895 1455 922 ταῦτα
1473 896 1502 922 δὲ
1513 896 1575 931 δίχα
1591 897 1738 932 αἱρέσεως·
1753 898 1818 934 ὑπὲρ

199 948 278 974 nem;
298 947 361 968 nam
381 944 423 968 est
441 946 523 975 supra
547 938 670 966 ordinem
701 939 897 966 monachorum
909 958 917 970 ,
945 938 990 966 vel

199 986 387 1014 ministrorum
415 992 464 1013 seu
490 984 677 1012 diaconorum.
698 983 776 1017 Quod
797 991 858 1010 cum
879 983 916 1011 ita
936 983 988 1017 sit,

199 1033 286 1060 multo
309 1032 399 1067 majus
424 1029 501 1059 nefas
526 1030 562 1058 sit
579 1029 738 1065 episc0pum
758 1037 773 1056 a
793 1029 921 1065 quopiam
941 1030 987 1057 in-

199 1086 232 1106 cu
236 1078 289 1106 sari
294 1097 300 1104 .

234 1121 389 1150 Sacerdotes
413 1125 500 1148 autem
516 1120 602 1156 angeli
621 1126 693 1148 sunt.
713 1120 783 1148 Nota
802 1120 874 1156 quod
902 1121 984 1149 etiam

200 1167 356 1196 sacerdotes
369 1167 458 1202 angeli
473 1170 501 1194 et
516 1166 689 1202 interpretes,
706 1167 734 1194 id
748 1171 791 1195 est
806 1173 985 1203 praeceptores

199 1213 353 1241 divinorum
375 1212 540 1248 iudiciorum
565 1212 620 1240 sint
641 1217 703 1247 post
726 1213 884 1249 episcopos;
899 1217 927 1242 et
943 1215 984 1242 vel

198 1259 263 1287 hinc
284 1259 403 1286 maxime
415 1261 510 1294 patet,
525 1257 674 1294 Epistolam
694 1258 766 1285 hanc
779 1259 907 1294 scriptam
923 1267 984 1287 esse

197 1305 232 1333 de
243 1304 404 1340 presbytero
416 1324 424 1338 ,
451 1304 498 1340 qui
519 1311 535 1331 a
556 1304 692 1332 monacho
716 1305 935 1340 persecutionem
956 1309 983 1332 et

196 1351 325 1386 iniuriam
339 1357 439 1386 passus
453 1350 553 1378 fuerat.

232 1396 411 1424 Mediantt'but
426 1397 567 1424 ministris.
593 1395 664 1424 Nota
678 1397 751 1432 quod
762 1397 810 1433 qui
820 1405 864 1425 res
875 1397 982 1427 divinas

194 1450 211 1469 a
232 1441 398 1477 presbyteris
422 1441 495 1469 scire
517 1442 630 1475 volunt,
654 1449 709 1469 non
731 1450 780 1477 per
794 1450 824 1470 sc
837 1442 889 1470 hoc
903 1450 983 1478 agere

194 1487 327 1519 debeant.
350 1487 459 1515 tametsi
482 1487 609 1515 monachi
632 1487 705 1518 sint.
732 1488 779 1516 sed
800 1488 982 1517 mediantibus

193 1531 338 1566 diaconis;
363 1532 445 1567 idque
468 1531 577 1566 quando
602 1536 710 1568 tempus
737 1532 856 1560 adfuerit
881 1540 983 1568 oppor-

192 1582 299 1606 tunuut.

227 1624 280 1652 Per
293 1632 358 1660 quos
378 1625 458 1652 etiam
473 1629 501 1651 ut
523 1632 604 1653 esses.
630 1624 675 1653 Uti
698 1625 818 1654 diximus
844 1633 927 1662 supra
951 1625 980 1653 in

193 1669 384 1698 Ecclesiattica
407 1670 573 1704 hiet-archia,
603 1672 693 1706 capite
717 1671 752 1699 de
773 1672 980 1701 consecratione

191 1717 388 1744 monachorum
401 1737 409 1750 ,
433 1723 449 1743 a
471 1716 660 1745 sacerdotibus
684 1717 752 1752 ipsis
774 1718 835 1745 dari
855 1718 977 1746 habitum

191 1763 393 1791 monachicum.

225 1809 380 1837 Distinctio.
395 1809 459 1845 Agit
471 1810 506 1838 de
521 1810 714 1839 ecclesiasticis
735 1810 959 1840 distinctionibus
969 1832 977 1844 ,

189 1859 216 1883 et
229 1855 301 1890 quod
314 1856 349 1883 sit
361 1856 544 1883 ministerium
555 1857 751 1884 monachorum
763 1867 769 1884 :
783 1857 917 1892 siquidem
927 1857 978 1885 hos

189 1901 310 1929 cultores
325 1905 414 1928 vocat.
440 1900 504 1929 Haec
528 1903 610 1929 etiam
635 1901 719 1929 tradit
738 1901 766 1929 in
790 1901 978 1930 Ecclesiaatica

190 1947 351 1975 hierarchia.

224 1994 307 2030 316
329 1994 476 2029 Adytorum
497 1998 594 2028 postea.
610 1993 737 2022 Diaconis
751 1994 824 2022 enim
844 1995 976 2022 attributa

189 2044 232 2069 est
245 2044 387 2076 portarum
402 2040 525 2068 ecclesia:
537 2039 662 2068 custodia
675 2060 683 2072 ,
699 2044 730 2067 ut
745 2040 772 2067 in
788 2040 976 2067 Ecclesiastica

190 2087 350 2119 Itierarchia.
367 2087 456 2121 capite
470 2085 507 2114 De
520 2086 774 2114 consecrationibus
797 2085 976 2115 sacerdotali-

190 2133 251 2165 bus,
265 2133 346 2168 paulo
363 2136 425 2168 post
438 2132 547 2160 initium
560 2132 660 2168 capitis
673 2132 767 2160 tradit.

224 2231 379 2267 Divinarum
405 2231 620 2258 velamentorum.
649 2230 783 2264 Quoniam
809 2230 891 2259 etiam
917 2236 973 2259 tum

189 2277 340 2304 velamenta
354 2281 432 2304 erant
446 2277 549 2304 circum
564 2276 660 2304 altare.

227 2321 317 2356 Neque
333 2321 477 2357 quidquam
493 2322 589 2349 habeas
606 2330 696 2349 eorum
710 2330 768 2358 qute
778 2321 878 2350 decent.
890 2321 972 2355 Nota,

190 2368 318 2403 quoniam
337 2372 434 2402 praeter
448 2368 570 2396 ordinem
585 2372 612 2397 et
627 2375 721 2396 sacros
735 2369 817 2402 ritus,
834 2369 862 2396 in
877 2373 972 2397 sancta

191 2414 334 2445 involarat,
353 2413 420 2441 nihil
435 2421 468 2441 ex
483 2414 548 2446 illis.
563 2422 651 2450 neque
667 2415 771 2449 videre,
785 2422 875 2450 neque
892 2415 971 2442 audi-

189 2467 239 2490 rc,
255 2466 342 2493 neque
358 2459 457 2487 habere
476 2460 622 2492 credatur,
645 2461 756 2488 tametsi
779 2461 906 2490 manibus
926 2462 972 2490 illa

189 2507 382 2532 contrectaret.

225 2551 409 2583 Prmumeret,
422 2550 528 2583 nedum,
540 2554 592 2578 ctc.
607 2550 831 2580 Subaudienoum
840 2572 849 2586 ,
871 2552 970 2580 merito

189 2596 342 2632 puniretur,
358 2595 584 2631 quemadmodum
598 2601 625 2624 et
637 2597 693 2625 hic.

224 2641 337 2676 Quando
357 2642 416 2677 quis
431 2642 535 2678 majora
548 2643 648 2670 meritis
665 2647 815 2672 attentaret.
835 2643 970 2677 Quoniam

188 2688 211 2716 si
227 2688 288 2723 quis
302 2689 383 2715 etiam
399 2696 431 2716 ea
445 2695 506 2724 quae
520 2692 703 2717 consentanea
719 2694 784 2718 sunt
797 2690 879 2718 faciat
891 2710 899 2723 ,
922 2690 970 2718 sed

187 2738 285 2770 pra-ter
299 2734 421 2762 ordinem
437 2738 464 2763 et
475 2735 644 2771 dignitatem,
662 2736 706 2765 hic
718 2741 808 2767 tamen
816 2737 862 2773 jus
875 2738 970 2774 fasque

189 2777 282 2806 violat.

1039 938 1093 974 γὰρ
1105 939 1155 975 τὴν
1166 939 1243 972 τάξιν
1257 940 1311 967 τῶν
1326 941 1460 976 μοναχῶν,
1478 941 1494 977 ἢ
1510 942 1564 969 τῶν
1583 944 1748 979 λειτουργῶν
1764 945 1820 979 ἢτοι

1038 984 1177 1012 διακόνων.
1195 985 1250 1012 Καὶ
1263 986 1288 1012 εἰ
1301 985 1394 1018 τοῦτο,
1412 987 1501 1023 πολλῷ
1523 987 1621 1023 μᾶλλον
1635 989 1697 1016 οὐδὲ
1712 989 1818 1016 ἐπίσκο-

1038 1039 1087 1057 πον
1105 1032 1315 1068 κατηγορεῖσθαι
1330 1032 1407 1068 θέμις
1421 1033 1474 1060 ὑπό
1487 1042 1566 1066 τινος.

1072 1120 1105 1146 Ol
1124 1119 1159 1146 δὲ
1175 1121 1263 1154 ίερεῖς
1279 1122 1408 1157 ἄγγελοι.
1435 1123 1590 1159 Σημείωσαι
1614 1125 1653 1152 ὅτι
1668 1125 1717 1152 καὶ
1741 1126 1821 1162 ἱερεῖς

1035 1165 1144 1200 ἄγγελοι
1156 1167 1202 1194 καὶ
1218 1167 1363 1203 ὑποφῆται,
1380 1170 1501 1196 τουτέστι
1511 1170 1665 1198 διδάσκαλοι
1676 1172 1733 1200 τῶν
1745 1172 1821 1200 θείων

1035 1213 1176 1248 χριμάτων
1189 1213 1242 1241 εἰσὶ
1256 1214 1323 1249 μετὰ
1336 1216 1399 1247 τοὺς
1413 1216 1552 1252 ἰεράρχας·
1566 1218 1612 1244 καὶ
1622 1219 1664 1245 ὃτι
1679 1219 1746 1254 περὶ
1758 1227 1822 1254 πρε-

1035 1257 1165 1294 σϐυτέρου
1176 1259 1334 1294 διωχθέντος
1348 1261 1394 1287 καὶ
1411 1261 1582 1297 ὑϐρισθέντος
1599 1263 1675 1299 παρὰ
1692 1264 1821 1299 μονάζον-

1033 1313 1079 1336 τος
1094 1305 1110 1332 ὴ
1125 1304 1253 1342 ἐπιστολὴ
1269 1306 1388 1342 ἐγράφη,
1410 1307 1535 1335 ἐντεῦθεν
1550 1309 1665 1344 μάλιστα
1683 1309 1820 1346 δηλοῦται.

1066 1392 1117 1420 Διὰ
1130 1393 1234 1428 μέσων
1245 1393 1304 1420 τῶν
1312 1394 1501 1430 λειτουργῶν.
1513 1388 1672 1432 Σῆμείωσαι
1691 1397 1736 1424 δτι
1753 1398 1778 1425 οἱ
1788 1397 1822 1424 τὰ

1032 1437 1091 1464 θεῖα
1111 1436 1256 1474 ζητοῦντες
1276 1439 1351 1474 παρὰ
1377 1440 1570 1476 πρεσϐυτέρων
1599 1441 1710 1477 μαθεῖν,
1735 1442 1766 1469 οὐ
1790 1441 1824 1469 δι’

1031 1484 1135 1511 ἑαυτῶν
1145 1484 1224 1511 τοῦτο
1235 1485 1364 1521 πράττειν
1378 1485 1524 1520 ὀφείλουσι,
1537 1486 1588 1512 κᾶν
1607 1486 1759 1523 ὑπάρχωσι
1777 1495 1824 1523 μο-

1034 1531 1122 1566 ναχοὶ,
1131 1530 1199 1558 ἀλλὰ
1205 1530 1250 1558 διὰ
1267 1530 1356 1567 μέσων
1367 1530 1510 1564 διακόνων,
1517 1531 1652 1559 καὶτοῦτο
1659 1532 1730 1559 ὅταν
1741 1532 1824 1569 ἁρμό-

994 1588 1016 1618 C
1031 1576 1087 1608 διος
1100 1578 1172 1613 παρῇ
1185 1577 1288 1613 καιρός.

1065 1623 1105 1650 Δι’
1119 1623 1162 1650 ὧν
1182 1624 1231 1651 καὶ
1248 1623 1282 1650 τὸ
1304 1623 1388 1651 εἶναι.
1408 1624 1512 1661 Ὥσπερ
1531 1623 1644 1660 εἴπομεν
1659 1625 1722 1652 ἄνω
1741 1625 1771 1652 ὲν
1789 1625 1823 1660 τῇ

1037 1669 1286 1704 Ἑκκλησιαστικῇ
1308 1671 1449 1705 ἱεραρχιᾳ,
1470 1671 1498 1697 ὲν
1518 1670 1556 1705 τῷ
1579 1670 1644 1706 περὶ
1669 1671 1824 1706 μοναχικῆς

1028 1715 1194 1748 τελειώσεως
1208 1716 1357 1751 κεφαλαίῳ,
1371 1716 1415 1743 διὰ
1431 1715 1623 1752 πρεσϐυτέρων
1639 1718 1742 1750 αὐτοῖς
1753 1717 1824 1745 δίδο-

1028 1770 1073 1788 ται
1091 1761 1121 1788 τὺ
1133 1762 1278 1797 μοναχικὸν
1295 1762 1396 1797 σχῆμα.

1069 1807 1100 1835 Ἠ
1122 1807 1329 1842 διακόσμησις.
1348 1807 1416 1843 Περὶ
1438 1808 1492 1835 τῶν
1508 1808 1750 1844 ὲκκλησιαστικῶν
1764 1809 1825 1836 δια-

1028 1854 1148 1890 κόσμων,
1163 1854 1210 1881 καὶ
1220 1853 1262 1886 τίς
1271 1854 1287 1889 ἡ
1296 1854 1349 1881 τῶν
1359 1854 1526 1890 μοναζόντων
1536 1855 1707 1891 λειτουργία“
1721 1855 1824 1887 αὐτοὺς

1027 1899 1082 1936 γὰρ
1093 1899 1172 1926 καλεῖ
1185 1899 1364 1935 θεραπευτάς.
1381 1900 1474 1927 Ταῦτα
1487 1900 1534 1927 καὶ
1544 1900 1573 1928 ὲν
1583 1901 1616 1936 τῇ
1639 1901 1825 1935 Ἐκκλησια-

1026 1945 1116 1980 στικῇ
1127 1946 1258 1980 ἱεραρχίᾳ
1272 1946 1362 1982 φησίν.

1060 1992 1095 2019 Αἱ
1117 1992 1211 2019 πύλαι
1230 1991 1290 2018 τῶν
1303 1992 1428 2019 ἀδύτων.
1444 1992 1580 2024 Διακόνοις
1593 1992 1648 2029 γὰρ
1671 1994 1691 2029 ἡ
1711 1992 1825 2028 φυλακὴ

1025 2037 1080 2064 τῶν
1099 2038 1149 2074 τῆς
1179 2038 1342 2074 Ἑκκλησίας
1366 2038 1457 2066 πυλῶν
1475 2038 1639 2075 ἀφώρισται,
1671 2039 1715 2072 ὡς
1744 2040 1776 2066 ἐν
1789 2039 1826 2074 τῇ

1032 2083 1281 2118 Ἐκκλησιαστικῇ
1291 2085 1434 2119 ιεραρχίᾳ,
1444 2085 1472 2111 ὲν
1481 2085 1520 2120 τῷ
1532 2084 1658 2121 περὶτῶν
1667 2085 1827 2121 ἱερατικιῖΝ

1024 2130 1188 2158 τελειώσεων
1203 2130 1341 2166 κεφαλαίῳ
1361 2130 1437 2166 φησὶ,
1454 2131 1512 2166 μετ’
1519 2129 1596 2165 ὀλίγα
1605 2130 1655 2166 τῆς
1664 2131 1762 2167 ἀρχῆς
1773 2130 1824 2157 τοῦ

1024 2175 1184 2211 κεφαλαίου.

1063 2228 1125 2255 Τῶν
1138 2229 1225 2256 θείων
1235 2229 1520 2263 παραπετασμάτων.
1538 2229 1600 2255 Ὅτι
1618 2228 1669 2256 καὶ
1684 2229 1754 2257 τότε
1769 2237 1828 2256 πα-

988 2265 1011 2292 Ῑ)
1025 2275 1221 2310 ραπετάσματα
1231 2273 1266 2311 ἦν
1279 2275 1343 2311 περὶ
1356 2275 1387 2302 τὺ
1397 2275 1596 2311 Θυσιαοτήριον.

1059 2321 1132 2348 Οὔτε
1144 2322 1225 2356 ἔχεις
1235 2330 1262 2348 τι
1275 2321 1334 2349 τῶν
1346 2322 1568 2356 προσηκόντων.
1592 2321 1764 2357 Σημείωσαι
1782 2322 1829 2349 δτι

1020 2368 1035 2394 ὁ
1049 2366 1174 2399 ἀτάκτως
1189 2367 1236 2394 καὶ
1251 2367 1327 2403 παρὰ
1342 2369 1406 2400 τοὺς
1418 2368 1508 2405 ἱεροὺς
1519 2368 1636 2403 θεσμοὺς
1650 2370 1717 2401 τοῖς
1730 2370 1829 2404 ἁγίοις

1021 2414 1202 2450 ἔπεια-πηδῶν,
1217 2414 1293 2441 οὐδὲν
1303 2412 1334 2446 ἐξ
1343 2414 1433 2441 αὐτῶν
1447 2413 1509 2441 οὔτε
1524 2414 1670 2446 ίδείν,οὗτε
1683 2415 1826 2448 ἀκοῦσαι,

1019 2459 1081 2487 οὔτε
1095 2460 1166 2496 ἔχειν
1178 2459 1378 2492 πιστεύεται,ει
1392 2460 1438 2487 καὶ
1447 2461 1507 2492 ταῖς
1521 2460 1615 2496 χερσὶν
1625 2461 1727 2489 αὐτῶν
1738 2463 1829 2490 ὄπι-τερ

1019 2515 1076 2534 ται.

1060 2553 1250 2588 Ἐτόλμησεν·
1264 2554 1347 2580 οὔπω
1360 2553 1425 2588 γάρ.
1442 2553 1521 2581 Κατὰ
1530 2553 1619 2581 κοινοῦ
1630 2554 1666 2581 τὺ
1682 2554 1828 2588 Ἑνδίκως

1018 2600 1188 2635 ἐτιμωρεῖτο,
1205 2599 1305 2626 ὡσανεὶ
1325 2599 1373 2626 καὶ
1386 2597 1474 2631 οὗτος.

1054 2647 1142 2674 Ὅταν
1152 2645 1229 2680 ὑπὲρ
1239 2645 1329 2678 ἀξίαν
1343 2654 1388 2678 τις
1410 2645 1561 2681 ἐγχειρῶν.
1579 2645 1652 2678 Ὅτι,
1671 2647 1700 2674 ει
1717 2647 1771 2674 καὶ
1786 2647 1826 2676 τὰ

1017 2693 1109 2720 εἰκότα
1121 2701 1163 2724 τις
1180 2692 1261 2726 ιτινοιετ,
1277 2691 1353 2728 παρὰ
1373 2686 1423 2727 τήν
1437 2691 1538 2718 οἰκείαν
1551 2691 1681 2724 δὲ.τάξιν
1707 2701 1742 2720 τε
1771 2694 1824 2720 καὶ

1017 2739 1105 2773 ἀξίαν,
1121 2738 1168 2766 καὶ
1179 2735 1256 2770 οὗτος
1274 2738 1304 2765 τὸ
1318 2739 1427 2767 ἐφικτὸν
1445 2738 1610 2774 ὑπερϐαίνει-

651 2830 766 2860 VABUE
783 2830 972 2861 LECTIONES
988 2829 1032 2859 ET
1049 2828 1321 2859 CORRECTIONES.

243 2888 264 2902 "
283 2888 502 2924 κατηγορεῖσθαι.
