1950 3065
93 180 144 209 549

535 179 562 207 S.
582 178 705 207 MAXIMI
721 176 870 206 SCHOLIA
885 176 919 205 IN
936 175 1010 204 EPP.
1032 175 1062 204 S.
1077 175 1238 204 DIONYSII.

1653 177 1706 205 550

128 239 269 273 Δαίμονες
277 238 395 273 ἀληθῶς
406 240 626 274 θεολογοῦντες.
635 239 706 275 Περὶ
724 238 776 266 τῶν
786 238 871 265 θεολο-

958 236 1096 264 Dwmones
1118 244 1174 263 vere
1197 235 1281 263 Deum
1303 236 1465 271 proﬁtentes.
1483 235 1520 264 De
1539 236 1706 266 daemonibus

92 285 211 320 τούντων
220 285 265 311 τὸν
287 285 389 320 Ἰησοῦν
405 285 549 321 δαιμόνων.

127 332 205 359 Ἀλλ’
222 331 413 365 ἐκκήρυκτος.
432 332 492 358 ’Ότι
511 332 680 368 ὲκκήρυκτος
696 333 730 368 τῇ
753 330 874 368 θεολογίᾳ

92 377 146 408 πᾶς
162 377 429 413 ἀλλστριεπίσκοπος.

126 465 180 493 Καὶ
196 467 223 493 οἱ
233 466 319 500 ἱερεῖς
332 466 571 501 περιστέλλουσι.
593 467 671 499 Τίνες
683 467 809 502 συνάγειν
827 468 873 494 καὶ

92 512 216 548 ἐπαίρειν
235 512 359 539 δύνανται
378 513 411 539 τὰ
434 512 514 547 ἂγια,
539 513 586 540 καὶ
604 513 645 539 ὃτι
663 514 692 539 οὐ
714 515 796 540 πᾶσιν
815 514 874 548 ἐφι-

92 557 166 584 κτόν.

126 603 180 630 Kal
192 603 309 638 Μαριὰμ
316 604 488 638 λεπροῦται.
501 605 656 640 Σημείωσαι
670 605 720 641 τὴν
737 605 826 632 αἰτίαν
839 605 872 632 δι’

91 649 124 685 ἢν
139 649 278 685 ὲλεπρώθη
290 650 381 686 Μαρία
395 651 411 686 ὴ
425 650 472 677 τοῦ
488 650 625 682 Μωῡσέως
633 651 744 686 ἀδελφή.

127 695 179 722 Καὶ
194 695 242 722 ἐπὶ
255 695 325 729 τοὺς
333 696 430 723 Σκευᾶ
443 697 536 729 υἱούς.
556 696 617 723 Ἐπὶ
627 697 690 728 τοὺς
701 697 774 728 υἱοὺς
786 697 814 723 δὲ
826 696 872 723 τοῦ

92 740 179 767 Σκευᾶ
196 740 230 767 τὰ
242 741 366 777 δαιμόνια
380 742 504 778 ἐφήλατο,
517 742 557 768 ὅτι
572 743 639 777 μήτε
654 742 824 774 πιστεύοντες
835 743 874 774 εἰς

91 786 218 822 Χριστὸν,
235 788 302 823 μήτε
318 788 568 824 κεχειροτονημένοι
585 787 731 823 ἐξώρκιζον
745 788 807 819 τοὺς
817 787 874 814 δαί-

93 840 190 867 μονας,
209 833 277 869 ὅπερ
295 835 351 865 τοῖς
367 834 551 869 ὲπιορκισταῖς
577 833 667 869 μόνοις
693 833 803 869 θεμιτὸν
828 831 871 869 ἧν.

92 877 176 904 Τοῦτο
192 879 221 905 ὲν
234 880 296 910 ταῖς
310 879 428 915 Πράξεςι
443 879 497 905 τῶν
509 879 594 914 ἁγίων
606 879 761 906 ἀποστόλων
776 881 872 907 κεῖται.

923 281 1015 310 Iesum
1029 281 1075 309 Dei
1091 281 1189 308 Filium
1205 281 1408 310 conﬁtentibus.

963 328 1059 355 Verum
1071 328 1247 363 ὲκκήρυκτος.
1265 326 1398 360 Quoniam
1414 329 1582 364 ἐκκήρυκτος
1598 337 1645 357 seu
1663 337 1708 358 re-

921 373 1058 409 jieiendus
1071 380 1087 400 a
1104 373 1239 409 theologia
1253 373 1343 400 omnis
1357 374 1507 402 alienorum
1522 375 1648 404 curiosus
1663 375 1706 404 iu-

923 419 1046 454 dagator.

959 465 995 491 Et
1003 464 1149 492 sacerdotes
1161 465 1359 499 circumtegunt.
1369 464 1486 497 Quinam
1496 466 1603 500 possint
1613 471 1706 495 sancta

923 518 1086 546 componere
1112 514 1139 538 et
1166 511 1273 538 elevare
1289 531 1297 544 ,
1327 509 1409 546 idque
1437 518 1492 538 non
1519 513 1647 541 omnibus
1673 514 1707 541 li-

922 557 997 585 bere.

960 602 995 630 Et
1015 602 1106 630 Μανία
1128 602 1232 637 leprosa
1252 602 1293 637 ﬁt.
1315 601 1436 630 Observa
1451 610 1563 631 causam
1575 604 1609 632 ob
1625 612 1707 640 quam

923 647 1018 681 Maria,
1031 655 1108 676 soror
1121 647 1234 684 Moysis,
1251 648 1357 683 leprosa
1371 648 1443 675 facta
1458 649 1503 676 sit.

958 693 994 720 Et
1007 694 1035 721 in
1049 694 1119 728 ﬁlios
1132 693 1262 722 Sceuwjn
1276 694 1347 722 ﬁlios
1361 698 1451 722 autem
1469 694 1561 722 Scevaa
1574 695 1707 724 daemonia

923 739 1090 772 insilierunt,
1115 740 1188 774 quod
1204 748 1265 767 cum
1275 735 1309 767 'in
1323 740 1463 767 Christum
1477 748 1531 768 non
1546 741 1706 776 crederent,

923 794 1011 821 neque
1023 786 1135 814 ordines
1150 787 1336 821 suscepissent
1347 806 1355 818 ,
1370 786 1508 814 daemones
1530 787 1707 822 adjurareut,

923 833 997 867 quod
1014 833 1081 860 solis
1104 833 1250 861 exorcistis
1273 832 1453 868 competehat.
1468 832 1596 861 Refertur
1611 833 1664 862 hoc
1678 834 1707 862 in

924 878 1001 906 Actis
1015 879 1199 914 apostolorum
1209 879 1233 905 κ.

128 923 203 950 Οὐδὲ
225 924 261 952 τὰ
284 905 386 951 δίκαιᾶ
404 924 446 959 μὴ
475 905 539 952 atat:
553 924 650 957 ἀξίαν.
671 905 871 960 Σημείωγσαιητί

954 905 1061 961 illeque
1070 905 1103 952 eo
1113 905 1260 961 iusta
1271 928 1333 952 sunt
1342 945 1349 957 ,
1366 933 1418 952 non
1429 924 1569 952 secundum
1591 925 1708 961 dignita-

92 969 159 1001 ἐστι,
175 970 297 1002 Δικαιως
306 969 440 1002 διώξεται
456 971 488 997 τὸ
504 970 627 1002 δίκαιον,
640 971 654 997 ὃ
667 979 732 1006 φησι
745 971 873 1007 Μωῡσῆς,

92 1014 138 1041 καὶ
148 1015 189 1042 ὅτι
202 1015 261 1042 οὐδὲ
269 1015 302 1042 τὰ
314 1016 405 1042 δίκαια
419 1015 527 1051 Θεμιτὸν
542 1017 579 1052 μὴ
589 1017 649 1044 κατ’
664 1016 742 1049 ἀξίαν
756 1016 872 1044 διώκειν.

93 1060 184 1095 Ἔχεις
200 1061 228 1087 δὲ
242 1061 320 1088 τοῦτο
335 1062 380 1088 καὶ
396 1063 424 1088 ὲν
434 1063 489 1094 τοῖς
502 1062 575 1095 ἑξῆς.
593 1062 718 1094 Πλατέως
729 1063 757 1089 δὲ
772 1063 873 1099 [τοῦτο]

91 1105 265 1142 διαγυμνάζει
287 1107 425 1143 Ὼριγένης
446 1108 475 1134 ὲν
494 1105 617 1143 τῷι’τῶν
640 1110 684 1142 εἰς
698 1109 769 1142 τοὺς
791 1110 874 1144 Ἰερε-

89 1152 160 1186 μίου
173 1152 317 1187 Θρήνους.

125 1240 139 1276 ς
156 1240 185 1267 II.
209 1242 240 1268 Τί
250 1242 305 1268 οὖν
313 1243 390 1277 φῄς;
411 1243 554 1275 ’Λντίθεσις
569 1244 607 1275 ὡς
618 1245 651 1270 ὲκ
662 1245 873 1280 Δημοφίλου,ἂτι

91 1286 165 1314 ἐστὶν
177 1288 288 1314 ἀσέϐεια
303 1289 331 1315 ἐν
343 1290 399 1320 τοῖς
413 1289 513 1324 ίερεῦσι
526 1290 563 1326 μὴ
577 1290 754 1327 εὐθυνομένη.

132 1378 203 1413 Ἐγὼ
212 1370 484 1415 δὲάπολογήᾶομαί
503 1388 562 1408 σοι.
585 1380 727 1415 Ἀπολογία
746 1381 813 1418 πρὸς
824 1382 872 1418 τὴν

89 1424 224 1451 ἀντίθεσιν
239 1425 303 1461 περ).
315 1425 493 1460 ίδιοπραγίας,

126 1469 167 1506 [α]
176 1471 229 1498 Kal
241 1470 284 1505 μὴ
299 1471 432 1504 τοπικῶς.
452 1473 512 1498 ’Ὁτι
534 1472 567 1499 τὰ
582 1472 645 1508 περὶ
656 1473 709 1499 τῶν
722 1473 873 1508 ἀγγελικῶν

91 1517 248 1544 ὖποόᾱσεων
262 1518 308 1544 καὶ
324 1518 426 1551 τάξεων
441 1519 470 1544 οὐ
487 1519 607 1550 τοπικῶς
619 1519 659 1546 δεῖ
673 1519 812 1554 δέχεσθαι,
830 1520 873 1546 ὅτι

925 974 987 999 tam.
999 970 1080 1003 Nota,
1093 971 1159 1006 quid
1174 971 1226 999 sibi
1240 971 1304 998 velit
1319 971 1385 998 illud
1397 981 1404 998 :
1417 971 1494 998 Juste
1506 991 1514 1003 ,
1527 971 1708 1006 quodjustum

923 1020 963 1043 est
974 1036 982 1048 ,
1004 1017 1154 1052 exsequeris
1167 1037 1175 1050 ,
1198 1017 1271 1052 quod
1287 1016 1393 1052 Moyses
1407 1016 1466 1044 aitl
1481 1027 1488 1044 :
1504 1022 1532 1045 et
1544 1025 1599 1045 non
1623 1017 1708 1046 licere

924 1061 1006 1089 etiam
1019 1069 1051 1089 ea
1066 1062 1208 1097 quaejusta
1220 1066 1283 1089 sunt
1295 1081 1303 1094 ,
1319 1070 1374 1090 non
1386 1063 1536 1090 secundum
1548 1063 1707 1099 dignitatem

924 1108 1047 1144 exsequi.
1061 1108 1133 1141 Quin
1149 1109 1231 1136 etiam
1245 1108 1295 1135 hoc
1307 1108 1394 1136 habes
1409 1109 1436 1136 in
1452 1110 1639 1144 sequentibus.
1653 1109 1704 1137 Fu-

924 1153 982 1181 sius
995 1158 1086 1181 autem
1101 1153 1128 1181 id
1141 1154 1259 1189 explicat
1274 1153 1406 1189 Origenes
1420 1154 1533 1182 homilia
1547 1153 1650 1182 decima
1679 1155 1707 1182 in

925 1198 1040 1226 Threnos
1052 1198 1183 1227 Jeremiw.

960 1244 974 1280 §
994 1244 1027 1272 II.
1045 1245 1115 1278 Quid
1129 1245 1210 1280 igitur
1221 1245 1329 1280 inquis?
1342 1244 1485 1281 Oppositio
1497 1246 1576 1281 quasi
1590 1254 1624 1274 ex
1639 1253 1701 1282 per-

924 1298 991 1318 sona
1005 1291 1155 1326 Demophili
1171 1291 1296 1324 dicentis,
1312 1292 1385 1327 quod
1399 1292 1525 1328 impietas
1539 1293 1568 1320 in
1579 1293 1708 1322 sacerdo-

924 1337 997 1364 tibus
1012 1337 1047 1364 sit
1061 1337 1120 1364 sine
1137 1338 1319 1365 correctione.

958 1382 1013 1417 Ego
1028 1388 1115 1410 autem
1130 1383 1177 1410 tibi
1191 1384 1358 1418 respondebo.
1385 1383 1538 1419 Responsio
1561 1384 1596 1412 ad
1614 1384 1707 1420 objec-

923 1427 1024 1456 tionem
1039 1429 1072 1456 de
1088 1429 1169 1456 rebus
1184 1429 1302 1464 propriis
1317 1429 1448 1457 curandis

958 1474 994 1500 At
1006 1475 1051 1509 qui
1065 1483 1116 1501 non
1132 1474 1261 1502 localiter.
1287 1474 1422 1508 Quoniam
1437 1475 1484 1502 illa
1496 1494 1504 1507 ,
1521 1482 1581 1510 qua:
1596 1479 1659 1502 sunt
1673 1475 1707 1503 de

924 1520 1193 1549 subordinationibus
1207 1524 1234 1548 et
1247 1521 1391 1549 ordinibus
1415 1521 1567 1556 angelicis,
1592 1524 1639 1548 aut
1663 1529 1707 1549 se-

90 1563 268 1598 πλησιάζουσι
282 1563 351 1600 Θεῷ,
365 1564 432 1591 ἀλλὰ
447 1565 514 1600 πρὸς
527 1565 576 1600 τὴν
592 1565 707 1591 ἑκάστου
725 1566 871 1600 ἐπιτηδειὰ

935 1565 1042 1592 :undum
1057 1565 1136 1600 317
1150 1565 1240 1592 locum
1252 1565 1412 1600 accipienda
1426 1565 1499 1600 quod
1517 1569 1592 1597 sunt,
1609 1573 1707 1600 nempe

89 1617 168 1644 τητα·
180 1609 226 1645 [β’]
237 1610 267 1636 οὐ
282 1610 336 1646 γὰρ
350 1611 379 1636 ἐν
392 1611 467 1646 τόπῳ
483 1611 497 1638 ὃ
510 1610 584 1643 Θεὸς⁴
600 1611 713 1643 είκότως
724 1609 769 1638 οὖν
779 1612 833 1638 οὐδ’
844 1613 871 1639 αἱ

92 1655 182 1690 νοηταὶ
192 1655 328 1690 δυνάμεις.

126 1741 167 1778 [γ]
194 1742 334 1777 Σύμϐολα
359 1743 562 1777 Χριστοειδῶς.
589 1745 716 1771 Τουτέστι
745 1746 794 1781 τὴν
818 1745 872 1773 τῶν

92 1789 247 1824 μυστηρίων
259 1788 470 1824 τελεσιουργίαν.
492 1790 674 1826 Χριστοειδῶς
697 1790 736 1822 δὲ,
761 1791 826 1817 διότι
847 1791 872 1818 οἰ

91 1834 183 1870 ἱερεῖς,
196 1836 253 1866 τοῖς
264 1834 345 1866 θείοις
354 1835 528 1870 ἐπευχόμενοι
542 1835 637 1871 δώροις
650 1836 707 1871 ἤτοι
719 1837 870 1872 συμϐόλοις,

89 1880 139 1915 τὴν
152 1880 199 1906 τοῦ
219 1880 339 1917 Χριστοῦ
354 1881 430 1914 τάξιν
440 1881 592 1916 ἐπέχουσιν.

125 1926 190 1961 §lll.
204 1926 241 1962 [δ]
267 1927 386 1954 Ἀλλ’οὺ
400 1928 564 1962 Δημοφίλῳ.
578 1928 614 1954 Οὐ
624 1927 676 1964 γὰρ
689 1927 869 1964 ἓξεστι,φησὶ,

90 1973 234 2007 Δημοφίλῳ
247 1972 401 2009 θεραπευτῇ
419 1973 487 2006 ὄντι,
501 1973 587 2000 ταῦτα
602 1973 722 2001 εὐθύνειν
735 1973 769 2000 τὰ
782 1975 871 2010 ἀμαρ-

89 2017 124 2053 τή
128 2026 207 2052 ματα.

125 2063 226 2090 Δίκαια
242 2063 276 2091 δέ
288 2065 362 2093 ἐστι.
382 2066 414 2092 Τί
429 2067 498 2098 ἐστι,
512 2066 624 2098 δικαίως
635 2066 670 2093 τὰ
685 2066 776 2093 δίκαια
791 2074 871 2102 μετα-

88 2109 207 2142 διώκειν,
227 2111 274 2137 καὶ
286 2112 326 2139 ὅτι
339 2112 463 2147 ἀγγέλοις
477 2112 507 2138 τὸ
518 2113 620 2140 δίκαιον
635 2113 808 2148 ἀπονέμεται.

124 2155 170 2192 [ε’]
196 2157 363 2192 Δημόφιλος
385 2157 420 2184 δὲ
442 2159 529 2194 λόγῳ.
556 2159 683 2186 Τουτέστι
702 2159 751 2195 τὴν
774 2159 870 2186 ἑαυτοῦ

88 2201 210 2236 ἀλογίαν,
227 2202 328 2230 καὶτὸν
341 2203 437 2239 θυμὸν,
457 2205 503 2232 καὶ
522 2204 570 2240 τὴν
586 2205 732 2241 ἐπιθυμίαν
748 2206 797 2241 τῆς
811 2207 871 2233 ἑαυ-

926 1611 979 1639 Deo
992 1611 1210 1646 appropinquent
1221 1632 1230 1645 ,
1245 1611 1293 1640 sed
1311 1611 1344 1639 de
1365 1610 1513 1646 cujuslibet
1536 1611 1705 1646 capacitate;

923 1663 1012 1691 neque
1033 1656 1105 1683 enim
1127 1657 1155 1684 in
1177 1657 1237 1684 loco
1262 1655 1333 1684 Deus
1354 1659 1416 1688 est,
1441 1659 1522 1690 atque
1537 1656 1605 1684 adeo
1617 1663 1707 1691 neque

924 1703 1040 1730 virtutes
1053 1701 1260 1730 intellectuales.

958 1747 1085 1783 Symbola
1109 1747 1340 1782 Christiformiter.
1364 1746 1392 1774 Id
1416 1750 1458 1774 est
1471 1750 1705 1775 sacramentorum

921 1793 1165 1821 consecrationem.
1182 1793 1254 1820 Dicit
1267 1796 1357 1820 autem
1373 1792 1603 1820 Chrislilormitcr
1615 1813 1623 1826 ,
1639 1793 1705 1828 quia

922 1839 1081 1867 sacerdotes
1104 1839 1169 1866 dum
1190 1838 1281 1866 divina
1303 1845 1417 1866 munera
1439 1838 1498 1866 sive
1513 1837 1591 1873 signa
1606 1845 1704 1866 conse-

922 1890 1011 1918 crant,
1027 1885 1130 1913 Christi
1145 1885 1232 1913 vicem
1248 1884 1395 1913 sustinent.

957 1930 971 1966 §
987 1930 1033 1958 III.
1045 1930 1080 1957 At
1095 1938 1146 1957 non
1160 1929 1324 1963 Demophilo.
1348 1928 1407 1956 Non
1430 1928 1503 1956 enim
1518 1927 1582 1956 licet
1604 1928 1702 1957 Demo-

920 1976 1005 2011 philo,
1020 1983 1082 2004 cum
1099 1975 1249 2003 monachus
1264 1974 1310 2007 sit,
1331 1973 1486 2002 istiusmodi
1505 1978 1618 2009 peccata
1641 1982 1703 2003 cor‘

920 2021 1018 2057 rigere.

953 2067 1034 2095 Juxta
1048 2075 1106 2095 vero
1118 2071 1197 2095 sunt.-
1209 2065 1280 2099 Quid
1295 2066 1341 2098 sit,
1364 2066 1437 2100 juste
1452 2065 1527 2101 justa
1549 2073 1703 2102 exsequen-

919 2113 953 2141 da
967 2121 1037 2146 esse,
1055 2117 1137 2148 atque
1153 2113 1256 2147 angelis
1268 2111 1402 2146 justitiam
1419 2111 1512 2139 tribui.

952 2159 1121 2194 Demophilus
1136 2160 1223 2194 itaque
1236 2157 1360 2185 sermoni.
1377 2157 1406 2184 Id
1420 2161 1481 2189 est,
1497 2164 1574 2185 suam
1589 2157 1702 2185 temeri-

919 2208 1002 2233 tatem
1015 2225 1022 2237 ,
1039 2208 1067 2232 et
1081 2204 1201 2232 furorem
1214 2224 1222 2237 ,
1238 2207 1265 2231 et
1280 2202 1455 2238 cupiditatem
1471 2202 1628 2230 ambitionis
1645 2211 1702 2231 sua:

87 2248 136 2275 τοῦ
149 2249 291 2284 φιλαρχίας
305 2250 441 2282 κολαζέτω
455 2251 639 2286 ὸΔημόφιλος.
653 2251 699 2287 [ζ’]
714 2252 867 2287 Σημείωσαι

935 2251 1094 2286 Demophilus
1118 2251 1222 2286 puniat.
1250 2249 1370 2277 Observa
1399 2257 1483 2281 vero,
1510 2249 1645 2285 quomodo
1673 2251 1701 2278 in

87 2293 127 2322 δὲ.
137 2294 176 2323 ὡς
189 2295 217 2321 ἐν
232 2296 298 2322 πᾶσι
313 2297 370 2328 τοῖς
381 2294 440 2323 οὖσι
451 2296 495 2324 διὰ
512 2297 567 2323 τῶν
580 2297 694 2333 πρώτων
706 2300 762 2330 τοῖς
778 2298 870 2325 δευτέ-

89 2349 148 2376 ροις
164 2341 328 2378 ἀπονέμεται
342 2343 376 2369 τὰ
389 2343 449 2369 κατ’
463 2342 551 2376 ἀξίαν.

124 2386 164 2423 [ζ]
189 2389 263 2415 Ἀλλ’
287 2388 452 2423 ἑπαρχέτω.
472 2389 624 2425 Κρατείτω,
650 2389 742 2424 φησὶν,
757 2390 771 2416 ό
792 2389 870 2423 λόγος

87 2433 174 2468 θυμοῦ
189 2434 236 2460 καὶ
250 2434 406 2470 ἐπιθυμίας·
422 2434 508 2462 ταῦτα
520 2435 574 2470 γὰρ
587 2434 621 2461 τὰ
636 2435 768 2470 ὑφειμένα
777 2444 783 2450 ·
796 2436 824 2461 ὲν
835 2436 868 2471 τῇ

85 2478 189 2506 τούτων
209 2480 263 2516 γὰρ
282 2481 366 2516 ἐποχῇ
386 2481 403 2515 ή
424 2480 519 2516 λογικὴ
543 2481 666 2516 φαίνεται
691 2481 798 2513 ἐξουσία
821 2481 867 2507 καὶ

86 2524 209 2561 δύναμις,
225 2526 294 2552 ὥστε
310 2526 346 2562 μὴ
359 2526 461 2558 ἁπλῶς,
479 2527 545 2553 ἀλλὰ
562 2527 629 2562 πρός
638 2535 664 2553 τι
674 2528 807 2562 χρήσιμον
821 2535 866 2553 κε-

87 2571 202 2606 χρῆσθαι
218 2572 317 2603 αὐτοῖς.

129 2617 176 2644 Ἐκ
190 2618 262 2645 Θεοῦ
275 2618 445 2653 νομοθέτης.
462 2619 513 2645 Τὸν
523 2618 592 2645 Θεῖον
607 2619 712 2646 Παῦλόν
724 2627 816 2654 φησιν.
838 2643 840 2646 ι

124 2664 184 2690 οὐκ
194 2663 332 2698 ἀξιοῖτῆς
344 2665 529 2697 Ἐκκλησίαρ.
548 2664 594 2691 Ἐκ
602 2665 651 2700 τῆς
661 2664 728 2700 πρὸς
739 2664 869 2700 Τιμόθεον

87 2709 240 2745 ἐπιστολῆς.

123 2754 137 2789 §
158 2754 201 2781 IV.
226 2755 264 2781 Τὰ
278 2755 341 2782 καθ’
356 2754 445 2786 ἀξίαν
465 2755 592 2789 ἀφόριζε.
609 2755 764 2790 Σημείωσαι
791 2755 866 2787 τάξιν

918 2298 1001 2325 rebus
1013 2297 1140 2325 omnibus
1153 2304 1201 2332 per
1211 2296 1325 2331 priores.
1340 2295 1537 2332 posterioribus
1549 2295 1700 2323 secundum

917 2342 1015 2370 merita
1029 2342 1196 2369 tribuantur.

953 2387 1005 2416 Sed
1018 2387 1175 2415 dominetur.
1192 2387 1362 2423 Compescat,
1379 2386 1477 2422 inquit,
1493 2386 1563 2413 ratio
1579 2385 1700 2414 furorem

916 2437 943 2461 et
957 2433 1153 2468 cupiditatem;
1169 2433 1226 2460 haec
1241 2433 1312 2461 enim
1329 2432 1458 2460 inferiora
1474 2435 1554 2465 sunt;
1571 2432 1699 2466 quoniam

918 2479 947 2507 in
960 2479 1057 2507 horum
1071 2478 1240 2514 subjectione
1263 2478 1405 2506 rationalis
1430 2481 1551 2513 potestas
1565 2485 1597 2505 ac
1610 2477 1699 2505 virtus

919 2529 1031 2561 apparet
1042 2545 1050 2558 ,
1063 2529 1093 2552 ut
1107 2532 1161 2553 non
1177 2525 1336 2560 simpliciter
1348 2543 1356 2557 ,
1380 2523 1429 2551 sed
1452 2523 1486 2551 ad
1508 2523 1611 2559 aliquid
1632 2523 1699 2551 utile

918 2571 954 2599 iis
968 2575 1068 2599 utatur.

951 2617 1061 2645 Divinos
1078 2618 1176 2653 legifer.
1192 2617 1222 2645 ι).
1237 2617 1350 2644 Paulum
1366 2615 1503 2651 intelligit.

952 2663 1013 2691 Non
1028 2664 1135 2699 dignum
1149 2669 1232 2691 censet
1257 2663 1390 2690 Εεειεδίίε.
1415 2661 1462 2688 Est
1479 2670 1511 2688 ex
1524 2662 1646 2695 Epistola
1662 2659 1695 2686 ad

915 2709 1086 2738 Timotheum
1097 2715 1127 2738 “‘.

949 2755 962 2791 ᾗ
978 2755 1024 2783 1V.
1044 2756 1098 2784 Pro
1118 2756 1218 2783 meritis
1231 2754 1379 2790 praecribe.
1400 2753 1515 2780 Adverte
1531 2750 1693 2778 laudabilem

87 2800 282 2836 ἐπαινουμένην
304 2801 540 2836 ὲκκλησιαστικὴν,
565 2801 608 2828 ἵνα
630 2802 685 2832 τοῖς
706 2801 865 2836 μονάζουσιν

935 2801 1033 2829 rdincm
1047 2801 1273 2833 ecclesiasticum,
1287 2804 1316 2827 ut
1327 2798 1469 2827 monachis
1481 2797 1598 2829 diaconi,
1613 2801 1640 2824 ct
1651 2796 1694 2824 bis

125 2895 136 2914 ¹ί
150 2895 210 2923 Act.
226 2903 281 2928 xix,
300 2895 341 2923 I4.
385 2894 390 2914 ¹
411 2893 487 2921 Deut.
504 2901 559 2926 xvt,
573 2893 608 2920 20
649 2891 761 2920 Inl'I‘im.
775 2899 804 2926 ιι,
822 2891 849 2920 5.
