1950 3065
254 148 304 177 551

639 143 809 173 APPENDIX
830 143 876 171 AD
898 143 1015 171 OPERA
1034 142 1062 171 S.
1081 141 1233 172 DIONYSD
1248 142 1498 174 ΛΒΕΟΡΔΟΙΤᾹΞΣ

1811 145 1857 176 552

250 205 422 242 presbyteri,
447 209 474 232 et
497 203 662 241 presbyteris
677 202 797 239 episcopi
812 201 960 229 adhibeant
973 208 1026 229 cori

1090 201 1112 227 οι
1135 200 1262 234 διάκονοι,
1284 201 1331 229 καὶ
1354 202 1460 235 τούτοις
1478 203 1504 228 οἱ
1532 201 1721 238 πρεσϐύτεροι,
1745 203 1789 229 καὶ
1808 204 1857 236 τοῖς

249 253 416 285 rectionem;
432 252 569 287 episcopis
584 257 648 278 vero
663 249 797 284 apostoli,
815 253 842 276 et
857 248 955 275 horum
971 255 1026 275 suc-

1090 246 1282 283 πρεσὸυτέροις
1307 248 1332 274 οἱ
1351 248 1495 275 ἐπίσκοποι
1514 248 1673 283 ἐπιτιμῶσι·
1693 249 1749 279 τοῖς
1769 248 1794 275 δὲ
1806 249 1858 276 ὲπι-

249 306 384 327 cessores.
400 297 591 334 Apostolorum
615 295 733 331 denique
753 302 929 323 successores
944 301 960 321 a
974 293 1033 322 suis

248 345 398 381 aequalibus
415 344 600 379 corriguntur.
909 348 913 352 ”

285 431 319 458 Et
329 431 457 467 episcopis
472 430 594 466 apostoli.
612 429 692 461 Nota,
708 429 781 464 quod
798 429 881 456 etiam
895 429 1031 465 episcopis

248 479 365 514 majores
377 478 432 506 sint
446 477 573 512 apostoli,
587 477 829 512 apostolorumque
843 483 1029 508 successores,

247 531 273 553 et
291 525 363 561 quod
385 524 499 559 quilibet
523 523 557 550 ab
579 522 674 550 ordine
699 530 749 550 suo
773 523 910 550 sanctiore
931 522 1031 558 corrigi

246 571 354 599 debeat.
379 569 571 604 Apostolorum
592 573 681 595 autem
706 575 881 596 successores
903 569 1031 596 existimo

246 624 319 643 nunc
334 623 395 642 esse
410 614 591 650 patriarchas.

282 661 377 689 Nescio
388 669 438 697 quo
453 665 523 688 statu
536 660 672 695 plangam.
684 659 912 692 Amaritudinem,
926 659 968 688 vel
981 667 1030 695 po-

244 709 299 735 tius
313 707 532 743 compassioaem
547 706 652 734 Patris.

279 753 382 781 Etenim
395 753 448 779 nisi
463 752 535 779 illius
549 753 619 780 boni.
634 751 757 784 Etenim,
774 751 880 787 inquit,
897 750 949 779 nisi
966 751 1029 780 boni

243 800 290 828 Dei
305 800 394 828 cultor
410 807 425 826 a
439 799 519 826 nobis
541 798 668 825 habearis
680 818 687 831 ,
711 804 825 832 prorsus
840 803 867 825 et
882 805 897 825 a
912 797 990 825 nobis
1002 801 1030 825 et

243 847 278 874 al)
291 846 419 874 universa
434 845 555 872 Ecclesia
571 844 677 872 alienus
699 844 820 872 exsistis.
840 843 909 871 Nola
925 847 1028 875 autem,

243 896 386 928 peccatum
403 891 454 918 hoc
470 891 596 918 fortassis
611 890 746 919 accidisse
758 891 786 918 in
801 890 921 926 paroecia
936 889 1027 926 magni
1044 908 1065 935 Β

242 939 376 975 Dionysii,
390 939 534 973 ipsumque
546 937 711 964 monachum
725 936 915 972 Demophilum
928 936 973 964 isti
983 943 1030 964 ec-

241 985 331 1014 clesiae
346 985 514 1024 praefecisse-

276 1072 360 1108 318
381 1071 425 1099 Vel
442 1071 542 1106 duplici
554 1075 670 1106 peccato.
687 1069 771 1102 Nota.
787 1070 868 1105 quale
884 1073 964 1098 vocet
977 1070 1029 1097 du-

241 1119 301 1154 plex
317 1122 457 1154 peccatum
472 1137 479 1151 ,
503 1117 614 1153 quando
626 1117 756 1144 nimirum
769 1117 869 1152 aliquis
883 1121 1029 1152 postquam

242 1166 374 1201 peccavit,
389 1172 444 1191 non
466 1164 590 1199 agnoscit
605 1170 635 1191 se
650 1171 790 1199 peccasse.
807 1162 865 1190 Hoc
880 1167 971 1190 autem
986 1165 1029 1190 est

239 1211 382 1242 Jeremiae.
408 1211 480 1238 sicut
503 1210 633 1244 deinceps
657 1209 799 1237 declarat:
817 1208 951 1241 Quoniam
975 1207 1028 1235 duo

240 1258 354 1294 peccavit
370 1257 502 1293 populus:
524 1265 564 1284 me
588 1257 783 1292 dereliquerunt
800 1256 900 1292 [antem
920 1257 982 1284 uitw
1001 1262 1026 1289 τι,

244 1313 296 1333 ctc.

278 1351 355 1386 Quod
381 1351 552 1387 Demophilus
577 1351 732 1384 arbitretur.
753 1350 852 1387 Ingens
877 1355 904 1378 et
928 1357 1028 1386 magna

241 1399 394 1434 compassio
412 1406 444 1425 ac
461 1398 614 1426 consolatio
632 1402 818 1434 peccatorum.

277 1445 311 1472 At
329 1445 571 1480 divinoprinvipalis
600 1445 645 1472 ille
669 1444 796 1479 pontifex.
817 1443 961 1471 Dominum
983 1443 1027 1470 in-

240 1492 356 1528 telligit,
389 1492 518 1527 quoniam
551 1499 605 1519 non
637 1491 713 1527 paria
745 1490 850 1525 reponit
875 1489 1026 1525 Demophili

240 1538 329 1566 factis.

1085 292 1197 324 σκόποις
1207 293 1231 319 οἱ
1247 293 1390 320 ἀπόστολοι
1410 294 1458 321 καὶ
1473 294 1498 321 oi
1515 293 1618 321 τούτων
1641 293 1768 329 διάδοχοι.
1782 295 1819 321 Ἑν
1831 295 1858 321 δὲ

1082 340 1139 371 τοῖς
1153 339 1207 366 τῶν
1221 339 1377 367 ἀποστόλων
1391 340 1524 376 διαδόχοις
1541 340 1617 377 παρά
1628 340 1682 367 τῶν
1695 340 1828 376 ὁμοταγῶν
1841 343 1856 376 ἡ
1906 352 1909 355 ·

1082 385 1250 421 ἐπιτίμησις.

1116 432 1170 459 Καὶ
1187 432 1248 465 τοῖς
1263 432 1412 467 ωράρχαις
1429 434 1457 459 οἱ
1472 433 1646 460 ἀπόστολοι.
1660 433 1808 469 Σημείωσαι
1821 434 1860 460 ὅτι

1082 478 1128 504 καὶ
1141 478 1296 505 ἐπισκόπων
1312 479 1420 514 μείζους
1430 480 1454 505 oi.
1466 479 1620 511 ἀπόστολοι,
1636 480 1683 506 καὶ
1696 481 1721 506 οἰ
1735 480 1786 506 τῶν
1799 481 1859 506 ἀπο-

1082 524 1181 551 στόλων
1192 524 1316 560 διάδοχοι,
1333 526 1380 552 καὶ
1393 526 1434 552 ὅτι
1445 525 1558 558 ἕκαστος
1573 526 1648 562 παρὰ
1659 527 1706 553 τοῦ
1718 527 1859 563 ἀγιωτὲρου

1080 570 1130 606 τῆς
1145 570 1226 597 αὐτοῦ
1239 570 1342 604 τάξεως
1356 571 1515 598 εὐθύνεσοαι
1530 572 1641 606 ὀφείλει.
1665 573 1860 600 ’Δποστόλωνδὲ

1081 615 1218 651 διαδόχους
1232 617 1295 648 τοὺς
1310 617 1357 644 νῦν
1373 617 1546 653 πατριάρχας
1561 617 1681 653 ἠγοῦμαι
1692 615 1768 645 εἶναι.

1118 664 1178 690 οὐκ
1196 662 1342 696 οἷδ’ὄπως
1364 664 1544 698 κλαύσομαι.
1569 663 1725 699 Σημείωσαι
1751 664 1796 699 τὴν
1818 673 1859 690 πι-

1081 709 1171 744 κρίαν,
1183 708 1200 744 ἢ
1214 709 1312 744 μᾶλλον
1326 709 1497 745 συμπάθειαν
1511 709 1558 736 τοῦ
1574 710 1689 745 Πατρός.

1116 757 1170 784 Καὶ
1187 756 1242 791 γὰρ
1254 755 1331 791 εἰμὴ
1342 756 1395 783 τοῦ
1410 756 1536 791 ἀγαθοῦ.
1555 756 1610 782 Καὶ
1628 756 1682 792 γὰρ
1698 757 1721 783 εί
1738 757 1774 792 μὴ
1789 757 1847 792 νομί

1081 803 1147 835 ζεις,
1170 803 1248 838 φησὶ,
1269 801 1316 828 τοῦ
1339 801 1441 836 ἀγαθοῦ
1461 801 1529 828 Θεοῦ
1553 799 1622 828 εἶναι
1644 801 1691 828 τοῦ
1715 804 1778 838 παρ’
1788 803 1860 838 ἡμῶν

1080 848 1260 884 Θεραπευτὴς,
1278 847 1388 880 πάντως
1403 848 1449 874 καὶ
1460 847 1540 883 ἡμῶν
1552 848 1599 875 καὶ
1609 847 1673 884 ὅλης
1683 848 1734 883 τῆς
1749 849 1861 884 Ἐκκλη-

1081 895 1140 927 σίας
1156 895 1296 931 ἀλλότριος
1311 895 1452 930 ὑπάρχεις.
1471 894 1626 930 Σημείωσαι
1644 893 1682 927 δὲ,
1700 895 1741 922 ὅτι
1755 895 1823 930 τάχα
1833 896 1861 921 ὲν

1082 940 1212 976 παροικίᾳ
1233 939 1312 966 τοῦτο
1336 939 1383 966 τοῦ
1411 939 1529 976 μεγάλου
1544 940 1680 967 Διονυσίου
1705 940 1862 977 ἡμαρτήθη,

1081 986 1127 1013 καὶ
1141 986 1184 1012 ὅτι
1198 985 1244 1013 τὸν
1258 986 1410 1021 Δημόφιλον
1431 986 1512 1018 αὐτὸς
1539 986 1656 1022 μοναχὸν
1679 987 1728 1022 τῆς
1750 987 1861 1023 Ἐκκληοο

1081 1032 1142 1064 σίας
1154 1032 1257 1065 ἔταξεν.

1115 1080 1151 1107 Ἢ
1175 1078 1233 1113 τὴν
1261 1077 1376 1113 διπλῆν
1409 1079 1565 1113 ἁμαρτίαν.
1597 1078 1753 1114 Σημείωσαι
1785 1080 1864 1106 ποίαν

1079 1125 1157 1152 καλεῖ
1175 1123 1270 1159 διπλῆν
1286 1124 1433 1160 ἁμαρτίαν,
1452 1124 1516 1150 ὅταν
1535 1124 1700 1160 ἁμαρτάνων
1722 1133 1764 1156 τις
1780 1125 1862 1160 ἀγνοῇ

1079 1174 1244 1209 ᾱιῆμαρτε.
1256 1172 1341 1199 Τοῦτο
1356 1172 1385 1198 δὲ
1400 1171 1447 1198 τοῦ
1464 1171 1596 1207 Ἰερεμίου
1615 1170 1701 1203 ἐστὶν,
1711 1171 1749 1203 ὡς
1764 1171 1862 1207 ἐφεξῆς

1080 1217 1231 1255 σαφηνίζει·
1247 1219 1307 1245 ’Ὁτι
1328 1217 1383 1244 δύο
1400 1217 1531 1252 ἥμαρτεν
1545 1218 1561 1243 ό
1576 1216 1660 1250 λαός·
1677 1216 1730 1252 ἐμὲ
1744 1217 1863 1253 ἐγκατέ-

1078 1266 1170 1292 λιπον
1177 1263 1279 1299 πηγὴν
1291 1263 1376 1297 ζωῆς,
1395 1262 1442 1289 καὶ¹
1454 1262 1488 1289 τὰ
1505 1262 1578 1298 ἑξῆς.

1115 1353 1355 1387 ’ὈτιΔημόφιλος
1369 1351 1472 1378 οἴεται.
1500 1350 1590 1387 Πολλὴ
1618 1350 1667 1378 καὶ
1693 1351 1797 1388 μεγάλη
1815 1354 1864 1378 καὶ

1079 1398 1223 1434 συμπαθὴς
1239 1397 1409 1434 παράκλησις
1418 1397 1473 1428 τοῖς
1491 1396 1670 1432 ἁμαρτωλοῖς.

1119 1445 1194 1472 Ἀλλ’
1214 1446 1230 1471 ό
1251 1443 1407 1478 θεαρχικὸς
1431 1442 1649 1476 ἱεροτελεστής.
1676 1442 1730 1470 Τὸν
1761 1442 1866 1479 Κύριον

1077 1492 1161 1527 λέγει,
1177 1491 1218 1518 ὅτι
1229 1491 1278 1526 οὐχ
1287 1491 1367 1526 ὃμοια
1383 1489 1551 1516 διατάττεται
1565 1491 1620 1521 τοῖς
1638 1488 1691 1516 ὑπὸ
1712 1489 1867 1525 Δημοφίλου

1077 1546 1174 1574 γεγενη
1180 1537 1278 1573 μένοις.

274 1581 308 1609 Et
327 1582 382 1609 lucc
397 1583 458 1618 quia
480 1582 670 1617 peccatoribus.
687 1581 783 1610 Citans
798 1582 865 1609 illud
881 1582 1024 1617 Apostoli:

1112 1584 1168 1612 Καὶ
1182 1583 1276 1611 ταῦτα
1291 1582 1350 1610 τῶν
1367 1581 1557 1617 ἁμαρτωλῶν.
1575 1582 1729 1616 Ἁλιαρτίαν
1741 1581 1796 1617 τὰρ
1808 1583 1869 1609 οὐκ

239 1627 380 1656 Peccatum
392 1629 461 1656 enim
473 1637 523 1656 non
536 1629 607 1664 fecit,
628 1637 709 1664 neque
725 1629 843 1656 inventus
857 1632 896 1655 est
908 1627 985 1655 dolus
998 1628 1025 1655 in

239 1683 284 1702 ore
295 1675 379 1710 ejus‘.
399 1675 449 1702 Cui
462 1680 595 1703 consonat
610 1675 693 1702 illud:
710 1675 866 1711 Segregatus
879 1683 895 1701 α
905 1679 1025 1709 peccato-

239 1722 323 1755 ribus,
335 1722 464 1749 excelsior
480 1721 552 1749 caelis
565 1722 652 1757 [actus
662 1727 684 1750 P.

276 1814 309 1841 Et
318 1815 391 1850 jusle
404 1823 462 1842 eum
480 1815 593 1850 propriis
619 1814 672 1849 frui
693 1813 779 1847 jubet.
801 1813 831 1840 Id
852 1816 895 1842 est
915 1813 1025 1848 propria

240 1861 421 1897 benignitate,
436 1865 463 1889 et
477 1868 533 1888 non
546 1860 666 1888 tenebris
680 1867 712 1887 ac
725 1860 870 1896 supplicio.

275 1951 375 1986 Quippe
386 1952 442 1979 suis
457 1951 548 1978 etiam.
563 1949 692 1978 Refertur
705 1949 757 1977 hoc
772 1950 799 1977 in
816 1949 962 1980 Evangelia
982 1957 1026 1978 se-

238 1999 358 2027 cundum
375 1999 476 2026 Lucam
485 2003 508 2025 ιι.

275 2045 289 2081 §
303 2044 336 2072 ν.
351 2044 429 2072 Absit
442 2064 449 2078 ,
468 2053 518 2071 non
542 2043 677 2071 habemus.
694 2042 775 2070 Multa
789 2042 839 2070 tibi
853 2042 924 2069 bona
939 2042 1003 2069 [iant
1016 2062 1023 2073 ,

238 2097 320 2129 pater
332 2092 449 2119 maxime
461 2091 641 2126 compaticns.

274 2134 344 2172 erin
365 2142 390 2165 et
410 2137 600 2165 divinissimus.
614 2136 683 2164 Nota
695 2135 767 2172 quod
781 2135 887 2163 Domini
903 2135 1025 2171 discipu-

238 2186 279 2213 los
294 2188 419 2220 expertcs
433 2184 507 2212 dicat
524 2183 644 2219 Spiritus
658 2184 756 2216 sancti,
771 2182 882 2218 quando
897 2182 1025 2217 petebant

238 2237 267 2259 ut
282 2232 352 2266 ignis
364 2231 393 2258 in
413 2229 602 2258 Samaritanos
615 2229 755 2257 detonaret
768 2249 776 2261 ,
799 2233 879 2264 prout
894 2228 922 2255 in
937 2228 1024 2256 Evan-

238 2277 308 2312 gelio
321 2277 482 2312 reperimus.
497 2275 640 2309 Quomodo
656 2275 739 2311 igitur
753 2275 786 2302 ad
802 2275 877 2310 ipsos
892 2274 1023 2302 Dominus

237 2324 290 2350 ait:
316 2323 431 2350 Nescitis
453 2323 529 2358 cujus
555 2323 664 2357 spiritus
686 2321 787 2349 estis'?
806 2321 860 2349 Sed
883 2321 954 2349 forte
971 2321 1023 2348 hoc

237 2368 317 2397 Pater
329 2369 409 2401 dixit,
422 2373 452 2396 ut
463 2369 620 2396 ostenderet
633 2369 707 2404 quali
720 2368 807 2404 gratia
821 2368 855 2396 ad
867 2367 1024 2395 ministran-

237 2415 301 2442 duln
316 2415 395 2442 electi
407 2419 516 2448 essent;
528 2415 595 2450 quin
607 2416 689 2442 etiam
703 2414 773 2442 forte
785 2415 837 2442 hoc
849 2415 918 2442 dixit
930 2414 1020 2446 Pater,

237 2461 271 2487 ad
287 2461 439 2488 absolutam
464 2461 537 2488 illam
560 2461 710 2496 respiciens
725 2461 818 2496 gratiae
839 2461 1020 2494 inlusionem,

237 2515 319 2542 quam
348 2510 411 2542 post
434 2507 662 2534 resurrectionem
685 2511 866 2542 acceperunt;
891 2507 1020 2542 quoniam

237 2553 370 2588 scriptum
383 2557 441 2580 est:
459 2552 584 2580 Nondum
605 2554 674 2580 enim
688 2558 746 2580 erat
769 2553 885 2588 Spiritus
900 2558 1019 2586 sanctus,

236 2600 298 2635 quia
313 2599 389 2626 Iesus
408 2598 523 2626 nondum
539 2604 595 2626 erat
612 2599 808 2634 glonﬁcalus'.
823 2598 937 2626 Sacrum
953 2607 1022 2634 prac-

236 2651 372 2682 ceptOrem
385 2650 463 2673 vocat
477 2649 601 2673 sanctum
618 2646 770 2681 apostolum
782 2645 908 2679 Paulum,
920 2646 1020 2682 quippe

275 2731 287 2744 η
302 2725 358 2753 Jer.
372 2733 403 2757 ιι.
421 2724 462 2752 l3.
501 2727 513 2742 ο
527 2723 538 2750 1
556 2722 621 2751 Petr
646 2732 675 2756 ιι,
691 2723 737 2751 22.
776 2728 790 2748 ν
805 2722 886 2751 Hebr.
901 2731 949 2756 vn,
964 2724 1009 2751 26.

1090 2731 1142 2751 lue.
1159 2731 1239 2756 χχιιι,
1255 2725 1299 2752 55.
1338 2728 1350 2744 τ
1366 2723 1431 2751 Luc.
1463 2731 1499 2755 lx,

1076 1630 1229 1664 ἐποίησεν,
1239 1628 1309 1656 οὐδὲ
1319 1628 1423 1663 εὑρέθη
1434 1628 1524 1660 δόλος
1534 1628 1568 1654 ἐν
1577 1628 1617 1661 τῷ
1625 1628 1749 1662 στόματι
1758 1627 1868 1659 αὑτοῦ,

1075 1678 1106 1704 τὺ
1120 1677 1167 1704 τοῦ
1189 1676 1349 1703 ’Δποστόλου
1367 1675 1465 1710 λέγων·
1482 1675 1613 1711 ἄντικρυς
1634 1675 1676 1706 τὺ,
1695 1675 1871 1709 Ἀφωρισμέ-

1075 1732 1128 1757 νος
1142 1723 1201 1751 ἀπὸ
1212 1723 1271 1750 τῶν
1280 1722 1471 1757 ἁμαρτωλῶν,
1488 1721 1537 1748 καὶ
1547 1721 1735 1755 ὑψηλότερος
1748 1720 1808 1748 τῶν
1816 1722 1871 1749 οὺ·

1073 1769 1174 1805 ρανῶν
1184 1769 1352 1804 γενόμενος.
1569 1780 1571 1782 ι

1111 1815 1222 1843 Δικαιοῖ
1232 1815 1266 1842 δὲ
1281 1814 1340 1842 τῶν
1347 1815 1463 1841 οἰκείων
1476 1814 1651 1841 ἀπολαύειν.
1671 1813 1801 1840 Τουτέστι
1816 1813 1871 1848 τῆς

1075 1862 1177 1893 οίκείας
1197 1860 1410 1897 φιλανθρωπίας,
1435 1860 1484 1887 καὶ
1501 1860 1539 1896 μὴ
1555 1859 1603 1887 τοῦ
1623 1860 1737 1892 σκότους
1757 1859 1808 1886 καὶ
1824 1868 1871 1886 τι-

1077 1907 1191 1944 μωρίας.

1111 1954 1165 1981 Kui
1182 1954 1237 1989 γὰρ
1262 1954 1312 1981 καὶ
1339 1954 1401 1988 τοῖς
1420 1955 1464 1988 εις
1477 1953 1580 1980 αὐτόν.
1608 1953 1651 1981 Ἑν
1673 1953 1711 1989 τῷ
1731 1953 1805 1980 κατὰ
1823 1954 1874 1980 τὸν

1076 2001 1183 2027 Λουκᾶν
1194 2001 1279 2027 κεῖται
1290 2001 1456 2036 Εὑαγγελίῳ.

1112 2047 1125 2082 §
1136 2046 1168 2073 V.
1178 2048 1294 2082 Ἄπαγε,
1301 2047 1356 2074 οὐκ
1367 2048 1486 2082 ἔχομεν.
1494 2046 1585 2073 Πολλά
1597 2055 1638 2073 σοι
1649 2046 1738 2081 ἀγαθά
1747 2046 1875 2080 γένοιτο,

1075 2094 1163 2129 πάτερ
1175 2093 1395 2129 συμπαθέστατεί

1110 2140 1163 2166 Καὶ
1177 2139 1231 2174 γὰρ
1249 2139 1297 2166 καὶ
1319 2141 1335 2166 ό
1350 2139 1508 2172 θειότατος.
1527 2138 1683 2174 Σημείωσαι
1705 2137 1745 2164 ὅτι
1763 2137 1878 2172 ἀμετά-

1075 2193 1138 2220 χους
1153 2185 1227 2219 λέγει
1239 2185 1303 2216 τοὺς
1320 2184 1443 2220 μαθητὰς
1458 2184 1505 2210 τοῦ
1520 2183 1622 2219 Κυρίου
1636 2182 1797 2218 Πνεύματος
1821 2182 1879 2209 τοῦ

1076 2230 1164 2265 ἁγίου,
1177 2229 1325 2266 ζητοῦντας
1340 2230 1396 2266 πῦρ
1413 2230 1585 2266 ὲπομὸρῆσαι
1598 2232 1653 2262 τοῖς
1667 2229 1880 2265 Σαμαρείταις.

1039 2258 1063 2286 υ
1076 2258 1114 2310 ὡς
1123 2279 1151 2304 ὲν
1158 2258 1368 2313 ’τᾷίΕὺαγγενλίῳ
1379 2258 1552 2313 septeno
1564 2277 1625 2309 Πῶς
1632 2258 1677 2303 οὖν
1767 2258 1883 2307 αὐτους

1076 2325 1090 2351 ὁ
1106 2323 1207 2360 Κύριός
1215 2332 1304 2360 φησιν·
1315 2325 1375 2350 Οὺκ
1392 2323 1491 2350 οἴδατε
1501 2324 1589 2350 ποίου
1604 2323 1774 2358 πνεύματός
1783 2322 1868 2349 ἐστε
1877 2332 1887 2356 ;

1083 2368 1151 2396 Ἀλλ’
1168 2369 1233 2401 ἴσως
1248 2369 1327 2396 τοῦτο
1342 2367 1401 2396 εἷπε
1416 2369 1522 2401 δεικνὺς
1538 2369 1603 2404 ποίᾳ
1619 2369 1710 2404 χάριτι
1729 2368 1885 2394 διακονεῖ-

1077 2415 1137 2442 σθαι
1148 2415 1318 2450 ἐξελέγησαν·
1328 2416 1393 2445 ἴσως
1401 2416 1430 2443 δὲ
1437 2416 1484 2443 καὶ
1497 2417 1511 2442 ό
1519 2415 1626 2452 Πατὴρ,
1639 2415 1707 2451 πρὸς
1716 2414 1748 2440 τὸ
1761 2414 1887 2441 τέλειον

1074 2461 1124 2496 τῆς
1140 2460 1243 2496 δωρεᾶς
1256 2459 1368 2492 ἀπιδὼν,
1385 2458 1419 2495 ἦς
1438 2460 1532 2486 ἔλαϐον
1550 2459 1619 2495 μετὰ
1634 2459 1683 2494 τὴν
1702 2457 1886 2489 ἀνάστασιν,

1073 2505 1151 2532 τοῦτο
1157 2506 1259 2542 εἴρηκε,
1266 2505 1310 2532 διὰ
1319 2506 1350 2532 τὸ
1356 2505 1509 2541 γεγράφθαι
1518 2514 1524 2520 ”
1537 2505 1624 2532 Οὔπω
1630 2503 1683 2539 γὰρ
1692 2501 1730 2538 ἦν
1740 2504 1769 2528 Π
1769 2511 1810 2529 νε
1812 2502 1890 2536 {uia

1074 2552 1168 2587 ἅγιον,
1186 2552 1230 2579 ὅτι
1248 2552 1366 2586 Ἰησοῦς
1382 2552 1497 2579 οὐδέπω
1504 2550 1663 2583 ἐδοξάσθη.
1678 2548 1890 2584 Ἰεροθέτηνδὲ

1074 2599 1151 2626 κοιλεί
1159 2599 1204 2625 τὸν
1217 2597 1292 2633 ἆγιον
1301 2598 1448 2625 ἀπόστολον
1458 2597 1574 2629 Παῦλον,
1589 2597 1626 2628 ὼς
1635 2595 1890 2631 χειροτονήσαντα

1073 2645 1096 2662 ⁸³
1122 2645 1196 2681 αὐτῷ
1221 2645 1270 2680 τὴν
1298 2644 1504 2680 ἀρχιερωσύνην
1530 2643 1580 2679 τῆς
1611 2641 1777 2678 Ἑκκλησίας
1816 2639 1889 2667 τῶν

1602 2725 1613 2739 ι
1639 2719 1719 2748 Joan.
1751 2728 1809 2755 vn,
1829 2721 1889 2750 39.

715 2818 828 2846 νΑιιιτΕ
848 2816 1034 2845 LECTIONES
1051 2814 1093 2844 ΕΤ
1111 2814 1384 2845 CORREGTIONES.

280 2884 303 2900 ”
319 2885 552 2921 χ-ειροθετήσαντα.
