1923 3067
83 197 129 226 535

532 192 560 219 S.
579 191 702 220 MAXIMI
720 190 865 220 SCHOLIA
881 190 915 219 IN
932 189 1006 218 EPP.
1025 189 1054 216 S.
1072 187 1234 217 DlONYSll.

1640 188 1694 217 5M

88 254 210 291 Ἀθηνῶν,
227 251 317 284 καθὼς
334 252 363 278 ὲν
385 252 444 283 ταῖς
462 251 548 286 ἱεραῖς
565 250 619 276 τῶν
640 249 795 276 ἀποστόλων
811 248 855 283 γέ-

915 248 953 283 lui
969 247 1058 282 ipsum
1081 245 1210 274 Ecclesiae
1234 245 1409 274 Atheniensis
1434 246 1593 281 episcopum
1619 247 1692 275 ordi-

82 309 195 338 γραπται
207 299 362 333 Διαταγαῖς.

113 389 306 418 Διδάσκεσθαι
319 385 385 422 γὰρ,
401 386 437 412 οὐ
451 383 636 419 τιμωρεῖσθαι
651 382 719 418 χρή.
735 382 857 418 Σημείω-

84 445 125 464 σαι
145 435 245 471 ὡραῖον
260 433 307 460 καὶ
325 432 440 467 μάλιστα
457 430 504 457 νῦν
519 431 664 466 χρήσιμον,
679 429 719 456 ὅτι
734 428 858 455 διδάσκε-

82 480 208 516 σθαιχρὴ,
221 480 268 506 καὶ
281 479 310 505 οὑ
325 476 566 509 κολάζεσθαι,τοὺς
578 475 751 509 ἀγνοοῦντας,
764 474 858 509 ὥσπερ

81 527 125 554 καὶ
145 526 209 557 τοὺς
228 523 345 559 τυφλοὺς
365 522 524 557 ὥηγοῦμεν,
545 521 574 547 οὐ
595 520 752 555 κολάζομεν.
773 519 809 546 Τὸ
829 519 857 546 δὲ

79 571 147 598 κατὰ
168 570 270 606 κόρρης
289 568 360 600 τινὲς
378 568 426 603 μὲν
438 567 483 594 τὸν
497 566 633 602 κρόταφόν
644 573 735 600 φασιν,
752 564 816 591 ἔνιοι
830 564 858 591 δὲ

79 618 126 654 τὴν
140 616 247 651 γνάθον,
263 615 336 642 ἄλλοι
354 614 382 640 δὲ
400 613 481 649 μέρος
498 621 524 639 τι
542 612 592 647 τῆς
607 611 737 646 κεφαλῆς.
750 610 858 637 Βέλτιον

77 663 105 690 δὲ
119 663 231 698 κόρῥην,
247 661 284 692 ὡς
302 660 379 695 ἔφην,
395 658 441 685 τὸν
462 658 596 693 κρόταφον
615 657 718 691 λέγειν·
737 657 858 691 ’Όμηρος

78 709 168 744 μέντοι
195 707 296 742 κόρσην
321 705 404 740 αὐτὴν
431 703 517 730 καλεῖ.
542 702 765 739 Παροξυτονείται
789 701 817 727 δὲ
841 701 857 736 ὴ

76 754 173 790 κόῤῥη.
187 753 233 785 Εἰς
245 752 289 779 τὸν
305 751 439 787 κρόταφον
453 747 499 776 οὖν
514 749 610 784 ἔτυψεν
624 749 637 775 ὁ
650 746 802 784 Δημόφιλος
811 745 858 772 τὸν

76 797 269 834 μετανοοῦντα-

109 944 214 980 οἱμὲν
230 943 284 979 γὰρ
299 941 421 970 ἀδικεῖν.
448 939 601 976 Σημείωσαι
623 935 666 965 οἷά
689 944 769 972 φησιν
792 936 859 980 ἐπα-

73 979 212 1018 κολουθεῖν
230 989 283 1020 τοῖς
306 987 407 1015 ἀδικεῖν
426 985 443 1021 ἢ
467 985 617 1020 εὐεργετεῖν
639 991 714 1014 τινας
734 979 861 1017 βουλομέ-

72 1045 144 1070 νους,
160 1035 211 1063 κᾶν
225 1033 262 1070 μὴ
279 1033 346 1069 πρὸς
360 1032 439 1068 ἔργον
450 1032 568 1066 ἡνεγχαν
584 1030 602 1057 ἃ.
615 1026 818 1056 ἐϐουλεύσαντο.

112 1134 360 1170 “Επιχειροῦντες.
383 1131 518 1162 Ἐκείνους
533 1128 632 1165 δηλαδὴ
646 1127 693 1160 οὓς
706 1126 859 1163 προῃρέθη-

70 1193 122 1211 σαν
138 1182 268 1217 ἀδικῆσαι
286 1181 303 1216 ἢ
317 1178 505 1215 εὐεργετῆσαι,
520 1176 550 1203 οὐ
571 1175 689 1207 πάντως,
711 1173 788 1208 φησὶ,
809 1171 861 1198 διέ-

68 1230 171 1265 θηκαν,
187 1227 276 1258 καθὼς
288 1225 480 1261 ἐϐουλήθησαν.
500 1221 634 1258 Πρόδηλον
651 1220 690 1252 δὲ,
708 1220 748 1246 ὅτι
762 1218 793 1245 τὸ
804 1218 860 1265 μὲν

65 1263 220 1310 ὰόοὺλητον
232 1273 287 1300 τῶν
300 1270 545 1308 εὐεργετουμένων,
562 1267 592 1294 τὺ
608 1267 637 1294 δὲ
648 1265 724 1302 παρὰ
737 1265 768 1291 τὸ
783 1263 861 1299 ἀδρα-

67 1321 114 1353 νὲς
127 1320 186 1347 τῶν
197 1318 371 1346 ἀδικούντων.

101 1398 163 1426 Καὶ
180 1396 285 1424 ἐνθάδε
300 1396 348 1423 καὶ
365 1394 435 1422 ἐκεῖ.
455 1395 515 1421 Ὅτι
531 1394 555 1421 ot
571 1393 669 1419 δίκαιοι
684 1390 714 1416 οὑ
735 1388 814 1424 μόνον
831 1387 860 1413 ὲν

61 1443 105 1479 τῷ
121 1443 248 1479 μέλλοντι
263 1442 349 1473 αἰῶνι,
367 1440 434 1467 ἀλλὰ
449 1441 495 1467 καὶ
511 1441 539 1466 ὲν
558 1438 597 1474 τῷ
612 1437 658 1464 νῦν
675 1436 724 1471 βίῳ
739 1432 860 1479 ἀγγέλων

61 1478 182 1524 ἀγαθῶν
205 1488 309 1521 ὀπαδοὶ,
331 1488 413 1523 ἦγουν
438 1485 587 1519 ἀκόλουθοι,
612 1483 659 1510 καὶ
680 1478 860 1514 συνοδοιπόροι

59 1536 129 1563 εἰσί.

101 1581 141 1609 Τὸ
164 1580 286 1608 πάντων
309 1579 427 1614 ἀγαθῶν
452 1578 603 1613 μέγιστον.
617 1576 678 1603 Ὅτι
698 1574 728 1600 τὸ
751 1571 859 1599 πάντων

55 1627 118 1654 τῶν
153 1627 268 1661 ἀγαθῶν
306 1625 431 1662 μέγιστόν
465 1625 523 1651 ἐστι
559 1623 590 1650 τὺ
622 1622 665 1649 ἀεὶ
697 1619 766 1648 εἶναι
788 1618 858 1654 μετὰ

55 1672 134 1700 θεοῦ
139 1693 148 1699 .

93 1718 159 1746 Καὶ
179 1717 295 1751 ἐνθάδε,
311 1716 359 1743 καὶ
374 1716 448 1751 μετὰ
464 1714 599 1742 θάνατον.
619 1712 680 1739 Ὅτι
693 1711 717 1737 οἱ
732 1711 859 1746 ἁμαρτω-

51 1765 98 1792 λοὶ
113 1763 168 1791 καὶ
186 1764 215 1789 ὲν
228 1761 266 1796 τῷ
281 1761 331 1796 βίῳ
349 1760 446 1796 τούτῳ,
459 1760 506 1786 καὶ
529 1761 557 1786 ὲν
573 1757 612 1794 τῷ
633 1757 753 1793 μέλλοντι
772 1763 858 1790 τιμω-

50 1810 192 1847 ροῦνται,
219 1807 286 1843 μετὰ
309 1806 363 1833 τῶν
383 1805 521 1841 ’δαιμόνων
542 1803 609 1831 εἶναι
634 1801 858 1838 κατακρινόμενοι

49 1856 111 1883 ὑπὸ
128 1855 193 1881 τῶν
204 1853 275 1880 ἰδίων
289 1851 382 1878 παθῶν
395 1851 413 1878 ἃ
424 1850 616 1887 προετίμησαν.

91 1898 391 1936 Ἐπιμνησθήσομαι.
429 1897 583 1932 Σημειωσαι
612 1895 662 1931 τὴν
694 1895 788 1930 ὅρασιν
812 1890 859 1919 τοῦ

47 1949 139 1982 ἁγίου
177 1946 312 1982 Κάρπου,
342 1945 427 1980 πόσης
456 1942 556 1978 φρίκης
585 1942 632 1968 καὶ
663 1939 860 1976 παρακλήσεως

41 1997 151 2034 γέμει.

84 2030 101 2079 ξ
117 2040 173 2068 Y1.
193 2037 362 2074 Γενόμενόν
373 2037 412 2072 μέ
429 2035 645 2070 notatam-mp:
659 2033 757 2068 ὡραῖον
767 2031 812 2079 »ὅτι
828 2030 858 2056 οὐ

38 2077 106 2126 χρὴ
126 2089 196 2118 τοῖς
209 2085 421 2121 ἁμαρτάνουσιν,
436 2083 460 2110 ει
476 2083 522 2109 καὶ
542 2081 610 2117 πρὸς
625 2080 690 2106 Θεὸν
706 2077 858 2126 πταίουσιν,

38 2124 234 2170 ὲτταξρᾶσοαι.
252 2131 420 2168 Σημειωτέον
442 2127 487 2156 οὖν
503 2128 552 2163 τὴν
572 2126 699 2161 ἱστορίαν,
717 2124 859 2159 περιέχου-

38 2169 114 2209 cavi
130 2179 326 2214 ἀνεκλάλητον
360 2175 557 2211 εὐσπλαγχνίαν
581 2173 628 2200 τοῦ
656 2171 758 2208 Κυρίου
782 2169 860 2206 ἡμῶν

43 2226 152 2263 Ἰησοῦ
176 2224 311 2261 Χριστοῦ,
331 2225 377 2251 καὶ
399 2223 462 2258 περὶ
490 2220 696 2258 μετανοούντων.
723 2217 804 2252 Λέγει
830 2216 859 2263 δὲ

909 297 1030 325 naverat,
1048 291 1275 327 quemadmodum
1291 291 1318 318 in
1334 292 1419 319 sacris
1430 292 1615 327 apostolorum
1625 293 1694 321 Con-

909 340 1096 368 stitutionibus
1112 339 1243 374 scriptum
1257 339 1403 374 reperitur.

943 386 1041 414 Docere
1064 386 1134 413 enim
1147 406 1154 418 ,
1178 393 1229 412 non
1251 385 1342 420 punire
1366 390 1478 420 oportet.
1495 385 1616 413 Observa
1630 387 1693 421 pul-

909 433 1004 460 chrum
1018 436 1045 460 et
1059 432 1207 460 etiamnum
1222 431 1397 459 utilissimum
1416 431 1518 459 dictum
1531 452 1538 464 ,
1556 432 1694 460 docendos

907 486 979 511 esse,
996 482 1022 506 et
1037 478 1147 506 minime
1163 477 1315 513 puniendos
1331 478 1499 513 ignorantes,
1517 479 1695 514 quemadmo-

908 525 972 552 dum
987 525 1065 552 caacis
1079 524 1209 552 ducatum
1224 527 1385 558 praestamus
1398 544 1405 558 ,
1429 532 1484 552 non
1504 524 1636 559 supplicia
1651 525 1695 551 in-

908 570 1036 606 ﬂigimus.
1063 569 1132 597 lllud
1158 575 1248 598 autem
1272 570 1342 597 κατὰ
1357 569 1460 606 κόρρης
1473 589 1480 602 ,
1499 571 1582 605 aliqui
1600 571 1695 598 dicunt

908 616 1063 653 signiﬁcare
1084 616 1218 652 κρόταφον
1243 624 1291 644 seu
1311 619 1417 651 tempus
1433 616 1532 651 capitis
1543 637 1551 649 ,
1567 617 1612 644 alii
1628 625 1694 645 vero

908 671 1010 698 genas,
1028 663 1073 690 alii
1097 663 1213 697 denique
1236 666 1340 697 partem
1362 662 1480 698 aliquam
1497 663 1604 698 capitis.
1622 662 1695 691 Prat-

909 713 963 737 stat
986 712 1077 737 autem
1093 709 1195 745 κόρῤην
1208 728 1216 741 ,
1233 708 1273 736 uti
1289 708 1412 736 dicebam
1423 729 1430 741 ,
1454 717 1504 744 pro
1525 710 1695 745 temporibus

909 756 1054 790 accipere,
1087 762 1151 782 nam
1178 758 1205 782 et
1236 753 1370 783 Homerus
1400 754 1446 782 illa
1475 755 1576 790 κόρσην
1603 759 1693 783 vocat.

908 801 1002 838 Κόρῤη
1017 805 1107 828 autem
1134 801 1162 828 in
1183 801 1334 836 penultima
1358 801 1475 828 acuitur.
1498 801 1580 837 319
1601 801 1696 837 Itaque

908 846 1084 882 Demophilus
1116 846 1294 882 poenitentcm
1324 847 1353 874 in
1381 847 1549 884 temporibus
1579 855 1694 883 percus-

909 897 992 922 serat.

943 940 1075 975 Siquidem
1095 940 1140 975 qui
1161 940 1267 975 injuriis
1285 940 1393 975 afﬁcere.
1419 939 1488 967 Nota
1507 941 1598 976 qualia
1622 942 1695 969 dicat

909 993 956 1013 eos
971 986 1058 1021 sequi,
1073 986 1120 1021 qui
1136 986 1245 1021 injuriis
1259 993 1300 1014 vel
1315 986 1453 1014 beneﬁciis
1468 987 1574 1022 aliquos
1588 987 1696 1016 allicere

909 1036 1054 1064 conantur.
1071 1032 1178 1061 etiamsi
1202 1033 1291 1068 reipsa
1306 1040 1359 1060 non
1375 1032 1494 1060 inferant
1517 1040 1548 1061 ea
1571 1041 1631 1069 quae
1645 1042 1695 1061 vo-

909 1077 1009 1105 lebant.

943 1123 1138 1159 Aggredientes.
1154 1123 1210 1152 Illis
1225 1131 1322 1159 nempe
1342 1124 1442 1159 quibus
1459 1125 1574 1160 injurias
1588 1126 1630 1153 vel
1648 1125 1696 1153 be-

908 1169 1006 1198 neﬁcia
1021 1169 1146 1197 conferre
1158 1173 1321 1202 statuerant,
1336 1177 1390 1197 non
1402 1178 1606 1206 usquequaque,
1616 1175 1696 1206 prout

909 1216 1124 1248 destinaverant,
1145 1219 1338 1251 reposuerunt.
1360 1215 1456 1252 Liquet
1480 1217 1621 1252 inprimis,
1644 1216 1696 1244 hoc

909 1261 1068 1296 contingere
1083 1268 1132 1295 per
1151 1261 1355 1296 incogitantiam
1375 1269 1469 1289 eorum
1485 1262 1513 1288 in
1527 1269 1596 1297 quos
1613 1261 1698 1290 bene-

910 1306 1017 1335 ﬂcentia
1030 1306 1180 1339 confertur,
1196 1307 1261 1334 illud
1276 1314 1340 1334 vero
1356 1315 1412 1342 pra:
1425 1308 1584 1343 impotentia
1600 1315 1696 1336 eorum

909 1353 956 1388 qui
972 1352 1072 1380 inferre
1085 1356 1182 1388 parant
1198 1352 1324 1387 injurias.

947 1394 981 1422 Et
994 1395 1036 1422 hic
1051 1400 1075 1423 et
1090 1396 1136 1423 ibi.
1150 1394 1284 1428 Quoniam
1297 1396 1365 1430 justi
1380 1404 1434 1424 non
1455 1398 1543 1425 solum
1559 1397 1588 1424 in
1604 1397 1697 1425 futuro

910 1440 1020 1472 saeculo,
1044 1440 1092 1468 sed
1107 1441 1187 1468 etiam
1203 1441 1231 1468 in
1246 1440 1297 1467 hac
1307 1441 1374 1474 vita,
1388 1442 1521 1470 bonorum
1538 1442 1695 1478 angelorum

910 1485 989 1518 socii,
1008 1486 1066 1514 sive
1079 1487 1201 1519 asseclaa,
1215 1494 1247 1515 ac
1261 1492 1402 1516 consortes
1418 1489 1564 1516 exsistunt.

946 1574 1022 1608 Quod
1041 1577 1186 1603 maximum
1206 1582 1245 1604 est
1269 1577 1395 1605 bonorum
1419 1579 1543 1606 omnium.
1562 1578 1694 1611 Quoniam

909 1621 1042 1649 bonorum
1056 1622 1178 1650 omnium
1194 1623 1348 1658 jmaximum
1362 1628 1414 1656 est,
1431 1632 1494 1652 cum
1514 1624 1569 1652 Deo
1589 1632 1697 1660 semper

908 1675 979 1695 esse.

944 1712 1010 1740 Cum
1025 1712 1077 1744 hic,
1093 1718 1148 1740 tum
1169 1717 1227 1748 post
1249 1719 1368 1742 mortem.
1383 1713 1518 1748 Quoniam
1538 1720 1697 1750 peccatores

908 1762 935 1786 et
950 1759 978 1786 in
994 1759 1046 1786 hac
1062 1759 1114 1787 vita
1126 1764 1152 1788 et
1166 1760 1193 1787 in
1208 1759 1298 1788 futura
1313 1761 1468 1796 punientur.
1482 1769 1544 1789 cum
1564 1762 1697 1790 daemoni-

909 1804 960 1832 bus
974 1805 1120 1832 damnandi
1137 1810 1246 1841 propter
1260 1806 1404 1842 passiones
1421 1814 1490 1842 quas
1504 1812 1641 1836 amarunt.

944 1896 1106 1924 Memorubo.
1122 1896 1190 1924 Nota
1205 1897 1336 1925 visionem
1354 1897 1383 1926 S.
1399 1897 1490 1935 Carpi,
1505 1903 1608 1935 quanto
1628 1900 1694 1928 hor-

909 1949 972 1970 rore
987 1950 1018 1970 ac
1029 1943 1217 1971 consolatione
1233 1943 1311 1978 plena
1328 1944 1375 1972 sit.

947 2031 961 2067 ς)
978 2030 1022 2058 Vl.
1043 2030 1109 2059 Cum
1123 2032 1248 2058 venissem
1258 2031 1409 2066 aliquando.
1427 2030 1543 2060 Pulchra
1562 2035 1693 2067 narratio,

910 2073 982 2111 quod
1002 2083 1058 2103 non
1080 2079 1204 2112 oporteat
1228 2077 1418 2111 peccatoribus
1440 2078 1510 2104 mala
1537 2077 1694 2114 imprecari.

910 2123 1017 2151 tametsi
1045 2127 1140 2150 contra
1163 2122 1248 2150 Deum
1272 2125 1395 2157 peccent.
1422 2121 1575 2150 Notandum
1603 2128 1693 2152 autem

910 2169 1054 2197 historiam
1068 2169 1138 2196 hanc
1153 2168 1280 2196 exhibere
1295 2168 1456 2196 inell‘abilem
1477 2169 1693 2198 misericordiam

911 2214 1015 2242 Domini
1031 2215 1118 2242 nostri
1139 2214 1203 2242 Jesu
1225 2214 1325 2242 Christi
1345 2222 1408 2250 erga
1429 2215 1601 2250 pmnitentes.
1622 2217 1694 2250 Quin

34 2260 93 2302 zeal.
114 2273 197 2308 περὶ
211 2260 264 2307 τῆς
280 2271 420 2306 ἁγιότητος
440 2268 487 2295 τοῦ
504 2267 576 2294 θείου
598 2266 720 2302 Κάρπου.
738 2265 815 2291 Ἐστι
829 2262 856 2289 δὲ

915 2262 990 2289 etiam
1012 2262 1067 2297 agit
1092 2262 1124 2289 de
1147 2261 1291 2289 sanctitate
1313 2261 1401 2288 sancti
1424 2260 1517 2296 Carpi.
1539 2260 1586 2289 Est
1603 2267 1693 2292 autem

30 2319 130 2352 οὖτσς
150 2321 168 2346 ὁ
187 2318 304 2354 Κάρπος
319 2313 349 2343 οὗ
366 2316 499 2352 μέμνηται
525 2314 539 2340 ὸ
560 2312 717 2343 ’Δπόστολος
740 2311 768 2337 ἐν
781 2310 815 2344 τῇ
835 2308 857 2344 β’

31 2367 119 2403 πρὸς
138 2363 285 2400 Τιμόθεον
304 2361 457 2396 Ἐπιπολῇ.

72 2411 181 2441 Κατὰ
209 2409 262 2442 τὰς
287 2408 477 2443 προτελείους
500 2405 602 2441 εὐχάς.
624 2402 786 2440 Προτελείας
809 2401 858 2437 μὲν

29 2456 177 2484 ὲκὰλουν
207 2452 339 2487 Ἀθηναῖοι
365 2451 413 2483 τὰς
438 2450 514 2486 [πρὸ]
538 2450 591 2476 τῶν
611 2449 706 2484 γάμων
725 2447 792 2483 μετὰ
805 2445 858 2472 τῶν

26 2502 157 2531 θυσιῶν
178 2499 281 2533 εὐχὰς·
298 2497 343 2524 τὸν
359 2497 412 2532 γὰρ
429 2496 515 2531 γάμον
531 2495 605 2527 τέλος
625 2494 747 2526 ἐκάλουν,
763 2492 800 2524 ὡς
813 2500 858 2518 τε-

24 2549 141 2578 λειοῦν
159 2548 205 2572 τὰ
225 2544 292 2580 πρὸς
309 2544 355 2570 τὸν
373 2544 428 2578 βίον
444 2543 488 2569 τὸν
505 2542 660 2578 ἄνθρωπον*
673 2540 718 2567 καὶ
733 2539 811 2565 τοῦτο
827 2539 859 2564 ὲκ

24 2593 163 2624 πολλῶν
186 2589 366 2625 κωμῳδίαις¹
385 2588 503 2624 ποιητῶν
519 2586 651 2614 δεικνύναι
668 2584 788 2612 δυνατόν.
799 2584 858 2610 Μυ-

24 2642 172 2678 στήριον
205 2635 273 2670 γοῦν
290 2633 361 2670 εἶχον
376 2635 422 2662 τὸν
437 2635 535 2670 γάμον.
554 2633 664 2667 Ἔλεγον
685 2631 714 2658 δὲ
737 2629 859 2678 προτελί-

20 2676 146 2721 ζεσίὸαι
170 2681 233 2710 καὶ
248 2680 278 2707 τὸ
302 2680 490 2717 προμυεῖσθαι,
508 2679 553 2706 καὶ
574 2678 654 2705 οἱονεὶ
679 2676 860 2714 προηθαίρε-

20 2736 104 2764 σθαι
133 2733 188 2763 είς
223 2728 382 2764 ἑτοιμασίαν
407 2727 570 2763 μυστηρίου,
595 2726 633 2757 ὡς
654 2725 788 2761 Κρατῖνος
811 2723 858 2759 δη-

17 2782 106 2817 λώὴ
130 2780 170 2805 ἐν
194 2773 309 2809 Πυλαίᾳ
330 2774 458 2810 δράματι.
486 2772 610 2800 Μάλιστα
634 2771 688 2817 γὰρ
704 2770 738 2797 τὰ
751 2769 860 2817 νμυστήξ

45 2828 80 2856 ιά
100 2816 210 2852 τινος
241 2819 295 2846 τῶν
315 2818 496 2854 ψευδωνύμων
520 2817 609 2844 αὐτῶν
632 2816 700 2843 θεῶν
728 2816 790 2852 τέλη
814 2816 860 2842 καὶ

16 2861 167 2902 Σκελετάς
195 2864 327 2896 ἐκάλουν,
350 2864 387 2896 ὡς
410 2863 563 2895 τελειούσας
586 2863 631 2890 καὶ
653 2863 692 2894 εἰς
707 2862 739 2889 τὸ
760 2861 860 2888 τέλειον

17 2917 178 2954 ἀγούσας
201 2911 273 2942 τοὺς
294 2910 480 2946 τελουμένους.
505 2909 541 2936 Τὸ
563 2908 628 2943 γοῦν
651 2908 715 2944 παρ’
734 2907 860 2943 Ἕλλησιν

212 2959 352 2990 Pauor"
372 2958 429 2988 Gn.
449 2958 502 2988 IV.

908 2308 954 2336 hic
977 2307 1092 2342 Carpus,
1116 2307 1195 2341 cujus
1211 2307 1334 2334 meminit
1355 2305 1502 2342 Apostolus
1527 2307 1555 2335 in
1570 2308 1693 2343 Epistola

908 2353 1027 2382 secunda
1041 2353 1075 2381 ad
1090 2353 1272 2380 Timotheum.

942 2399 1016 2427 Inter
1029 2398 1232 2434 prteparatoria:
1252 2399 1393 2426 orationes.
1409 2398 1569 2434 Προτελείας
1583 2399 1694 2435 quidem

909 2444 1079 2480 appellabant
1092 2443 1280 2476 Athenienses,
1297 2451 1391 2479 preces
1405 2444 1465 2472 illas
1482 2452 1551 2479 quas
1563 2453 1616 2472 una
1629 2453 1693 2473 cum

908 2490 1004 2518 hostiis
1026 2489 1129 2524 nuptiis
1151 2489 1367 2524 praemittebant;
1391 2490 1501 2524 nuptias
1523 2490 1596 2518 enim
1617 2491 1693 2523 τέλος

908 2535 1090 2570 appellabant,
1105 2539 1135 2562 ut
1150 2543 1210 2570 qua:
1223 2535 1359 2562 hominem
1377 2535 1518 2570 perficiant
1534 2536 1562 2563 in
1578 2537 1613 2565 iis
1633 2545 1694 2572 quae

909 2581 942 2608 ad
966 2581 1037 2608 hanc
1057 2581 1141 2609 vitam
1164 2584 1297 2615 spectant,
1312 2580 1351 2607 uti
1376 2588 1409 2608 ex
1434 2581 1526 2609 multis
1550 2582 1694 2610 comoediis

909 2631 1050 2661 poetarum
1074 2626 1208 2654 declarari
1234 2630 1333 2661 potest.
1362 2626 1452 2659 Quare
1476 2627 1557 2654 etiam
1581 2627 1694 2662 nuptias

909 2680 958 2708 pro
972 2676 1143 2700 sacramento
1159 2672 1304 2700 habebant.
1321 2672 1450 2700 Dicebant
1462 2677 1553 2701 autem
1572 2672 1694 2709 προσελι-

909 2718 1002 2751 ζεσθαι
1026 2722 1053 2746 et
1077 2718 1266 2755 npupusiceat,
1282 2726 1313 2745 ac
1338 2719 1361 2746 si
1377 2719 1498 2746 dicerent
1516 2727 1522 2746 :
1543 2719 1613 2746 Ante
1634 2725 1693 2745 rem

910 2773 1016 2794 sacram
1030 2765 1140 2792 lustrari
1154 2772 1202 2792 seu
1212 2765 1323 2800 purgari
1336 2765 1370 2792 ad
1385 2765 1505 2800 mysterii
1520 2767 1691 2800 apparatum.

910 2813 996 2845 sicut,
1018 2812 1093 2840 verbi
1118 2812 1221 2847 gratia,
1244 2811 1372 2839 Cratinus
1396 2812 1423 2838 in
1447 2810 1535 2846 Pylaaa
1558 2811 1691 2838 dramate.

910 2859 1025 2886 Maxime
1047 2858 1117 2885 enim
1140 2857 1267 2893 mysteria
1289 2856 1406 2891 alicujus
1430 2864 1446 2884 e
1469 2856 1545 2884 falsis
1570 2856 1692 2890 ipsorum

911 2906 962 2933 diis
976 2904 1038 2939 τέλη
1055 2908 1081 2931 ει
1095 2903 1204 2935 τελετάς
1224 2903 1405 2939 appellabant,
1419 2902 1498 2937 quasi
1520 2901 1690 2936 perﬁcerent.
