1923 3067
221 166 275 199 555

620 169 787 197 APPENDIX
808 170 853 197 AD
873 159 986 199 OPEliA
1007 172 1035 201 S.
1054 172 1202 201 DIONYSII
1219 170 1460 204 AREOPAGITIE.

1785 179 1829 211 556

220 235 247 258 et
264 229 298 256 ad
315 228 466 264 perfectum
490 228 655 256 adducerent
680 227 811 255 initiatos.
831 229 909 261 Quod
930 229 1002 264 igitu:

1064 229 1169 262 ἀσεϐῶς
1191 230 1335 266 λεγόμενον
1359 232 1399 263 εῑς
1423 232 1454 258 τὸ
1475 231 1525 268 τῆς
1547 230 1672 268 ἀληθείας
1698 237 1828 273 μυστήρων

180 273 190 286 ⁸
221 285 235 304 a
252 276 400 313 gentilibus
414 275 449 303 ad
473 276 638 311 impietatem
656 273 833 307 referebatur,
846 274 873 302 id
896 283 1011 310 magnus

221 323 369 359 Dionysius
385 323 419 350 ad
435 322 557 350 veritatis
573 321 733 356 mysterium
750 320 882 353 traduxit,
900 325 926 348 et
945 331 1012 357 προ-

220 369 339 400 τελείους
359 368 440 403 320
453 368 535 402 εὐχάς
557 367 627 394 dixit
651 373 698 394 eas
720 374 816 401 preces
839 374 899 402 quae
913 367 1012 395 viviﬁci

221 414 386 442 sacramenti
401 413 636 441 consecrationem
661 412 830 447 praecedunt,
847 420 897 448 pro
919 414 1013 448 expia-

220 460 295 487 tione
322 466 354 487 ac
377 459 579 495 deprecatione,
602 466 635 487 ne
660 458 825 486 sacramenti
839 459 1012 494 participatio

220 506 299 534 cedat
315 506 342 533 in
354 505 489 540 judicium
514 505 739 537 communicanti,
758 509 786 532 et
804 513 855 540 pro
871 505 1012 540 perfectis-

220 551 290 580 simo
316 557 347 578 ac
378 551 535 586 perﬁciente
567 550 766 578 sacriﬁciorum
791 557 904 579 munere
924 551 1012 586 impe-

219 596 326 625 trando.
350 596 552 631 Ἐξεναγώγησε
576 600 666 623 autem
691 596 791 632 posuit,
816 604 876 631 pro,
894 596 1012 632 hospitio

219 644 336 679 excepit.

254 689 320 717 Cum
334 688 420 716 adhuc
433 689 488 716 dies
502 689 594 716 hilarii
617 697 662 716 seu
675 688 841 716 Hilaritatis.
862 688 946 716 Erant
959 689 1011 716 ali-

218 737 264 771 qui
281 736 341 764 dies
366 735 528 769 idololatris,
544 743 614 770 quos
642 735 762 763 Hilarios
776 735 921 768 vocabant,
941 739 969 763 et
983 736 1011 763 hi

217 782 327 818 quidem
343 785 422 809 erant
432 782 531 818 privati
544 786 571 810 et
583 782 687 816 hilarii,
699 785 729 810 ut
744 790 806 810 cum
819 782 881 817 quis
896 789 1010 810 uxorem

217 830 342 862 duxerat,
357 829 400 857 vel
415 828 502 857 tilium
528 832 678 864 genuerat;
705 836 864 857 communes
889 836 954 857 vero
978 836 1011 856 ac

217 877 329 914 publici,
344 880 375 904 ut
388 883 451 904 cum
464 876 601 912 quispiam
619 884 668 904 rex
687 876 869 912 inauguratus
893 883 941 904 seu
963 875 1010 904 de-

1063 275 1203 310 ὠνόμασεν
1219 277 1233 302 ό
1250 276 1335 311 μέγας
1358 277 1503 310 Διονύσιος,
1520 279 1566 305 καὶ
1588 281 1750 315 προ-τελείους
1764 281 1831 311 εἶπεν

1064 320 1145 355 εὐχὰς
1159 320 1209 352 τὰς
1231 321 1285 358 πρὸ
1310 322 1358 348 τοῦ
1400 319 1531 352 ζωοποιοῦ
1583 326 1726 362 μυστηρίου
1740 327 1829 355 τελειο-

1063 366 1146 397 τάτας
1162 366 1267 402 δεήσεις
1284 367 1352 403 ὑπὲρ
1369 367 1527 405 καθάρσεως
1542 370 1588 396 καὶ
1604 371 1778 408 ἁκατακρίτου
1793 382 1832 409 με-

1063 411 1205 447 ταλήψεως
1220 411 1267 438 τοῦ
1283 412 1452 440 τελειοτάτου
1469 414 1516 440 καὶ
1538 414 1701 442 τελειοποιοῦ
1722 417 1772 444 τῶν
1792 418 1831 445 θυ-

1064 456 1128 483 σιῶν
1143 457 1239 493 δώρου.
1253 457 1452 494 Ἐξεναγώγησε
1468 459 1496 486 δὲ
1512 460 1572 487 ἀντὶ
1587 461 1645 494 τοῦ,
1661 461 1697 494 ὡς
1708 462 1775 495 ξένον
1784 463 1832 490 ἐδε-

1064 501 1186 535 ξιώσατο.

1100 688 1163 715 Ἔτι
1179 685 1238 715 τῶν
1259 688 1394 724 ’Παρίων
1406 690 1533 725 ἡμερῶν.
1551 687 1642 717 Ἦσαν
1658 690 1728 722 τινὲς
1743 691 1834 728 ἡμέραι

1061 735 1118 767 τοῖς
1131 734 1347 772 εἰδωλολάτραις,
1364 733 1397 768 ἃς
1416 734 1533 772 Ἰλαρίας
1549 736 1678 763 ἐκάλουν·
1692 737 1737 763 καὶ
1752 737 1778 763 αἱ
1794 736 1837 772 μὲν

1060 778 1130 816 ἦσαν
1147 781 1212 808 ἴδιαι
1228 782 1274 809 καὶ
1298 782 1406 818 ἱλάριοι,
1423 782 1461 814 ὼς
1476 782 1540 809 ὅταν
1562 791 1604 814 τις
1630 782 1740 818 ἔγημεν,
1755 781 1771 818 ἢ
1787 783 1836 810 υἱὸν

1061 829 1173 855 ἐκτᾶτο·
1183 830 1210 855 at
1225 828 1254 855 δὲ
1271 828 1358 855 κοιναὶ
1371 829 1417 856 καὶ
1432 829 1558 865 δημόσιαι
1575 828 1677 864 ίλάριαι
1693 829 1836 861 ἐκαλοῦντο,

1060 872 1098 904 ὡς
1125 874 1189 900 ὅταν
1215 873 1341 909 βασιλεὺς
1365 874 1615 911 ἀναγορευόμενος,
1642 874 1693 906 τὰς
1716 874 1837 910 δημοσίας

216 925 347 955 claratus,
368 922 494 958 publicos
517 921 636 949 Hilarios
662 921 721 950 dies
739 921 886 949 indicebat.
904 921 1000 949 Nemin

1067 916 1183 955 Ἱλαρίας
1199 920 1322 956 παρεῖχε.
1341 921 1396 947 Καὶ
1412 920 1473 947 οὔτε
1489 920 1608 956 πένθιμα
1623 922 1652 948 ἐν
1674 917 1784 952 ταύταις
1798 929 1841 955 ipo-

216 978 265 1006 per
283 977 331 998 eos
358 969 417 997 dies
440 969 539 997 licebat
568 967 715 1004 quidquam
749 968 863 1003 lugubre
891 971 1008 1003 gestare,

215 1017 264 1045 sed
283 1016 439 1052 spectacula
462 1014 651 1050 sacriﬁciaque
673 1015 702 1042 in
722 1014 781 1042 dies
800 1014 922 1050 singulos
937 1014 1009 1057 cele-

214 1062 378 1095 brabantur,
392 1065 420 1090 et
435 1062 558 1098 lugentes
572 1064 630 1088 tum
653 1061 707 1089 sibi
733 1068 749 1088 a
771 1061 848 1089 luctu
870 1065 1007 1096 tempera-

214 1110 290 1141 bant,
312 1112 394 1144 atque
415 1107 580 1143 spectaculis
606 1107 767 1139 intererant,
783 1106 867 1142 inque
890 1105 1006 1142 publicis

215 1154 349 1182 conviviis
366 1153 523 1182 istiusmodi
536 1152 595 1180 dies
616 1152 735 1180 ﬂilarios
750 1151 946 1188 transigebant.
965 1151 1005 1179 Ad

215 1201 274 1229 ha-c
294 1201 377 1229 etiam
398 1204 457 1229 erat
483 1199 615 1228 Romanis
637 1199 784 1235 peculiaris
813 1199 924 1235 quidam
946 1198 1005 1227 dies

214 1246 302 1274 festus
318 1246 438 1274 Hilarius
453 1246 482 1274 in
495 1246 627 1274 honorem
641 1246 737 1274 matris
751 1245 863 1273 deorum
872 1245 1003 1281 ipsorum,

214 1292 281 1327 quin
297 1292 387 1328 potius
403 1291 611 1322 daemoniorum,
625 1294 655 1318 ut
669 1290 759 1326 inquit
779 1288 956 1325 Demophilus
976 1289 1004 1317 in

214 1338 285 1366 libro
299 1337 338 1365 De
350 1338 493 1372 sacriﬁciis
509 1345 541 1364 ac
557 1336 746 1372 festivitatibus
762 1336 940 1371 antiquorum.

251 1382 304 1412 Per
318 1388 401 1411 totum
415 1384 507 1411 vitam.
523 1383 552 1411 ld
567 1387 610 1411 est
623 1383 746 1419 quandiu
761 1383 789 1410 in
805 1382 933 1418 praesenti
948 1381 1003 1411 vita

213 1429 296 1465 degit.
310 1429 465 1457 Notandum
480 1432 571 1457 autem
585 1429 688 1458 amicos
711 1428 760 1457 Dei
783 1436 832 1464 per
855 1431 939 1456 totam
959 1429 1003 1456 vi-

213 1479 268 1502 tam
289 1475 388 1504 debere
401 1481 526 1504 errantes
549 1475 704 1508 instituere,
729 1478 756 1503 et
784 1475 943 1510 pertrahere
969 1472 1003 1502 ad

213 1521 380 1556 agnitionem
402 1522 538 1549 veritatis.
563 1521 621 1550 Hoc
642 1521 732 1557 ipsum
754 1521 847 1557 itaque
867 1521 1000 1555 observa;

212 1567 323 1602 quidam
337 1568 409 1595 enim
430 1568 555 1603 imperite
580 1568 749 1595 contrarium
776 1571 914 1600 asserunt,
937 1575 1002 1603 apo-

1061 966 1118 1001 ρεῖν
1133 965 1206 1001 ἐξῆν,
1229 965 1297 993 ἀλλὰ
1321 966 1368 993 καὶ
1384 966 1442 993 θέαι
1464 967 1512 993 καὶ
1535 966 1625 994 θυσίαι
1648 967 1710 994 καθ’
1733 966 1840 1002 ἑκάστην

1059 1011 1164 1047 ἡμέραν
1194 1011 1359 1039 διετελοῦντο
1391 1012 1534 1048 δημόσιαι,
1556 1012 1603 1039 καὶ
1632 1013 1657 1039 οἱ
1690 1011 1841 1043 πενθοῦντες

1058 1057 1200 1090 ἐπαύοντο,
1217 1058 1264 1084 καὶ
1286 1057 1431 1094 ἐθεώρουν,
1447 1058 1494 1085 καὶ
1510 1059 1539 1085 ἐν
1555 1058 1685 1094 εὐωχίαις
1701 1057 1842 1089 ἀπαύστοις

1056 1099 1149 1137 διῆγον
1172 1101 1221 1134 τὰς
1245 1102 1400 1138 ὡρισμένας
1416 1103 1521 1140 ἡμέρας
1535 1104 1595 1135 ταῖς
1619 1103 1760 1135 τοιαύταις
1781 1102 1844 1130 ’ἱλα-

1057 1146 1137 1183 ρίαις.
1164 1145 1219 1174 Ἦν
1238 1148 1266 1175 δὲ
1288 1149 1336 1176 καὶ
1364 1148 1473 1185 Ἱλαρία,
1500 1149 1580 1186 ἑορτὴ
1607 1149 1679 1185 ίδικὴ
1709 1148 1844 1184 Ῥωμαίων

1055 1194 1095 1225 είς
1110 1193 1191 1230 τιμὴν
1207 1194 1257 1230 τῆς
1274 1194 1377 1231 μητρὸς
1398 1195 1454 1222 τῶν
1476 1195 1546 1223 θεῶν
1568 1195 1671 1228 αὐτῶν,
1701 1195 1798 1231 μᾶλλον
1817 1193 1844 1220 δέ

1054 1238 1198 1276 δαιμόνων,
1217 1240 1254 1272 ὥς
1265 1245 1331 1277 φησι
1349 1241 1502 1277 Δημόφιλος
1517 1243 1547 1268 ἐν
1562 1241 1603 1277 τῷ
1618 1242 1692 1276 Περὶ
1708 1241 1768 1268 τῶν
1782 1238 1844 1274 παρ’

1054 1283 1187 1318 ἀρχαίοις
1200 1284 1313 1312 θυσιῶν
1327 1285 1377 1312 καὶ
1391 1285 1509 1320 ἑορτῶν.
1561 1285 1565 1288 ’

1088 1382 1141 1409 Διὰ
1152 1381 1225 1415 ,βίου
1240 1383 1362 1416 παντός.
1377 1383 1506 1411 Τουτέστι
1524 1383 1604 1421 μέχρι
1620 1384 1658 1412 τὰ
1679 1385 1732 1420 τῆς
1754 1384 1848 1421 παρού-

1054 1436 1104 1463 σης
1126 1429 1254 1464 ἐνέστηκε
1286 1428 1369 1464 ζωῆς.
1402 1426 1572 1465 Σημειωτέον
1600 1430 1631 1456 δὲ
1659 1431 1703 1457 ὅτι
1727 1431 1767 1457 δεῖ
1789 1430 1848 1461 τοὺς

1053 1473 1186 1510 θεοφιλεῖς
1200 1474 1244 1502 διὰ
1265 1474 1322 1510 βίου
1346 1474 1447 1507 παντὸς
1469 1473 1604 1502 νουθετεῖν
1620 1477 1688 1508 τοὺς
1711 1475 1847 1511 πεπλανη-

1055 1521 1160 1557 μένους,
1178 1522 1225 1548 καὶ
1244 1522 1284 1553 είς
1300 1521 1447 1556 ἐπίγνωσιν
1463 1521 1590 1557 ἀληθείας
1610 1522 1717 1549 ἕλκειν.
1735 1521 1852 1558 Σημείω-

1055 1576 1100 1594 σαι
1116 1564 1163 1594 οὖν
1179 1568 1259 1594 αὑτό·
1269 1567 1342 1599 τινὲς
1357 1567 1412 1603 γὰρ
1427 1565 1540 1603 ἀμαθῶς
1550 1561 1718 1595 τὸέναντίον
1734 1565 1850 1602 λέγουσι,

213 1613 310 1641 stolico
325 1614 439 1641 oraculo
456 1614 614 1646 abutentes,
628 1621 683 1649 quo
699 1613 800 1641 dicitur
818 1623 825 1641 :
843 1613 1002 1641 ereticum

1064 1613 1218 1650 ιεχρημένοι
1235 1612 1273 1649 τῷ
1292 1613 1461 1650 ἁποστολικῷ
1478 1614 1553 1650 ῥητῷ
1571 1614 1611 1650 τῷ
1629 1615 1756 1650 λέγοντι·
1774 1615 1851 1648 Αἱρε-

211 1659 341 1687 Ιιοηιίιιειη
355 1664 415 1695 post
433 1661 548 1694 primum
562 1664 587 1687 et
601 1660 713 1687 alteram
728 1661 935 1688 admonitionem
956 1661 1002 1688 de-

212 1705 266 1731 vita
290 1705 317 1738 t;
341 1705 396 1732 vim
420 1704 556 1733 dictorum
583 1705 696 1733 minime
719 1706 919 1742 intelligentes,
941 1714 1002 1742 quae

211 1757 261 1785 per
275 1750 417 1785 sequentia
430 1750 512 1778 verba
526 1751 643 1779 maxime
653 1751 817 1779 declaratur.
834 1751 910 1779 Tunc
928 1751 1000 1779 enim

210 1799 274 1831 post
302 1796 417 1831 primam
441 1801 468 1824 et
496 1797 646 1825 secundam
673 1797 862 1830 monitionem,
891 1798 1002 1826 evitatio

209 1840 284 1876 justa
301 1841 406 1868 censeri
421 1841 512 1874 debet,
528 1842 638 1877 quando
650 1843 696 1878 qui
710 1847 813 1875 monet,
830 1844 864 1871 ad
879 1844 1002 1871 evitatio-

211 1894 275 1914 nem
296 1886 430 1922 procedit,
449 1891 621 1923 compertum
643 1886 746 1916 habens
761 1889 841 1916 talem
858 1889 914 1924 jam
936 1890 1002 1918 sub-

210 1940 320 1961 versum
335 1941 406 1966 esse,
422 1934 528 1962 etiamsi
544 1934 570 1961 id
588 1935 679 1967 lateat,
696 1942 759 1962 cum
780 1936 816 1963 sit
834 1936 945 1971 proprio
956 1935 1002 1971 ju-

211 1978 285 2006 dicio
296 1978 505 2007 condemnatus.
532 1979 706 2008 Manifestum
724 1981 797 2008 enim
812 1980 876 2016 quia
899 1981 1001 2009 sanctis

211 2024 371 2053 doctoribus
386 2025 522 2053 revelatur
537 2029 626 2054 status
644 2026 799 2054 conditiove
813 2027 1006 2062 praesentium.-

209 2071 264 2098 Alii
278 2079 342 2099 vero
359 2071 462 2099 dictum
477 2071 540 2104 hoc,
554 2077 614 2107 post
628 2080 709 2110 unam
722 2077 747 2100 et
757 2073 870 2100 alterum
879 2073 1002 2100 monitio-

209 2126 279 2150 nem,
295 2118 335 2146 sic
360 2118 563 2150 intellexerunt,
579 2126 611 2146 ac
629 2119 652 2146 si
667 2119 770 2147 dictum
795 2119 842 2151 sit,
866 2123 928 2154 post
950 2118 1001 2146 do-

209 2164 324 2191 ctrinam
334 2172 368 2192 ex
376 2161 465 2192 Veteri
476 2163 606 2200 Novoque
617 2164 792 2193 Testamento
799 2165 998 2201 depromptum.

245 2210 422 2238 Camueverut
431 2209 502 2238 enim
527 2215 598 2239 tunc.
614 2211 682 2239 Nota
705 2212 876 2239 traditionem
890 2214 1000 2246 aposto-

208 2255 290 2284 licam
304 2261 456 2285 nocturnas
470 2257 629 2292 psalmodiaa
642 2257 750 2293 regulas
762 2257 918 2285 tradidisse.

243 2344 346 2375 Absque
361 2345 568 2380 perturbatione.
587 2344 636 2373 Illa
653 2346 787 2381 particula
807 2347 932 2382 negativa
947 2356 999 2375 nou

208 2396 271 2417 cum
287 2389 341 2416 isto
361 2389 458 2425 absque
473 2387 668 2424 perturbatione
686 2391 869 2419 construenda
891 2395 944 2426 est,
968 2396 999 2421 ut

208 2434 246 2463 sit
256 2442 354 2463 sensus
368 2445 374 2462 :
391 2435 573 2470 Experrectus
589 2437 719 2468 surrexit,
734 2444 796 2464 cum
818 2445 930 2465 somnos
950 2445 998 2473 pa-

207 2487 269 2507 rum
284 2480 391 2514 quietos
416 2481 452 2508 ob
474 2489 569 2509 eorum
593 2482 820 2517 interruptionem
846 2482 996 2516 habuisset,

208 2533 297 2561 neque
305 2525 407 2560 absque
424 2527 627 2562 perturbatione
639 2528 718 2564 321
731 2531 815 2560 esset,
827 2527 863 2556 ob
877 2530 998 2557 somnio—

209 2578 268 2598 rum
285 2571 510 2607 interruptiones.

243 2616 407 2645 Precabatur
422 2617 507 2645 Deum
520 2624 548 2646 ut
563 2619 675 2655 fulgetra
689 2620 823 2655 quopiam.
839 2619 940 2654 Fulgur
954 2624 996 2648 est

207 2663 317 2699 obliqua
331 2664 404 2692 aeris
426 2664 586 2694 inﬂammati
602 2666 686 2694 motio
709 2673 828 2701 superne
853 2665 992 2696 deorsum.

263 2734 272 2750 ί
288 2731 342 2760 Tit.
364 2741 406 2766 ιιι,
423 2734 466 2762 10.

1053 1661 1137 1688 τικὸν
1152 1661 1307 1695 ἄνθρωπον
1319 1661 1394 1696 μετὰ
1416 1662 1537 1696 πμῦτην
1551 1662 1602 1688 καὶ
1619 1662 1771 1697 δευτέραν
1785 1670 1852 1689 ’νου-

1053 1707 1158 1734 θεσίαν
1173 1706 1327 1740 παραιτοῦ.
1352 1707 1389 1742 μὴ
1407 1707 1528 1739 νοοῦντες
1550 1706 1605 1734 τῶν
1623 1709 1785 1745 εἰρημένων
1806 1707 1852 1742 τὴν

1052 1752 1176 1788 δύναμιν,
1194 1753 1226 1779 ὲκ
1247 1752 1302 1779 τῶν
1327 1753 1466 1788 ἑπομένων
1491 1753 1581 1788 ῥητῶν
1599 1754 1726 1789 μάλιστα
1743 1762 1853 1790 σαφηνι-

1051 1798 1179 1834 ζομένην.
1197 1799 1264 1825 Τότε
1280 1797 1335 1834 γὰρ
1351 1798 1459 1833 εὔλογος
1476 1799 1493 1834 ὴ
1511 1799 1580 1835 μετὰ
1595 1801 1719 1837 πρώτην
1736 1802 1783 1828 καὶ
1798 1801 1854 1827 δευ-

1051 1844 1133 1880 τέραν
1157 1844 1297 1872 νουθεσίαν
1318 1845 1491 1881 παραίτησις,
1512 1846 1577 1885 ὃταν
1593 1848 1608 1873 ό
1631 1847 1772 1874 διδάσκων
1788 1845 1854 1882 πρὸς

1051 1890 1101 1926 τὴν
1114 1889 1279 1928 παραίτησιν
1294 1891 1368 1927 ἔλθῃ,
1381 1891 1459 1923 εἰδὼς
1473 1892 1514 1919 ὅτι
1532 1891 1727 1928 ἐξέστραπται
1743 1894 1759 1920 ὀ
1774 1891 1857 1919 τοιοῦ-

1050 1945 1106 1969 τος,
1126 1937 1173 1964 καὶ
1197 1937 1322 1965 λανθάνει
1344 1938 1381 1965 ὢν
1407 1938 1653 1974 αὐτοκατάκριτος.
1679 1940 1770 1976 Δῆλον
1791 1939 1855 1975 γὰρ,

1043 1981 1088 2018 ¹ὡς
1105 1983 1134 2009 ἐν
1149 1983 1205 2015 τοῖς
1221 1984 1304 2019 [εροῖς
1322 1983 1490 2015 διδασκάλοις
1514 1984 1750 2012 ἀποκαλύπτεται
1773 1985 1820 2011 καὶ
1839 1985 1855 2018 ἠ

1050 2027 1106 2054 τῶν
1131 2028 1297 2063 προσιόντων
1322 2029 1497 2061 κατάστασις.
1526 2030 1638 2066 Ἔτεροι
1663 2030 1706 2063 δὲ,
1732 2031 1765 2057 τὸ
1785 2029 1858 2065 μετὰ

1051 2071 1170 2107 πρώτην
1179 2073 1226 2101 καὶ
1234 2073 1377 2108 δευτέραν
1387 2074 1559 2106 νουθεσίαν,
1567 2075 1663 2108 οὕτως
1681 2076 1818 2112 ἐνόμισαν
1826 2076 1858 2106 ⁶⁰,

1051 2118 1110 2145 ἀντὶ
1126 2118 1183 2150 τοῦ,
1197 2118 1265 2154 μετά
1281 2118 1329 2154 τὴν
1345 2120 1378 2146 ἐκ
1396 2119 1444 2154 τῆς
1461 2119 1581 2152 Παλαιᾶς
1597 2121 1650 2148 καὶ
1668 2122 1748 2154 Νέας
1760 2120 1859 2155 Διαθή-

1050 2173 1102 2201 κης
1117 2164 1299 2193 διδασκαλίαν.

1084 2211 1187 2239 Εἰώθει
1202 2212 1257 2247 γὰρ
1269 2213 1313 2246 εἰς
1328 2213 1429 2250 τόνδε.
1453 2213 1611 2249 Σημείωσαι
1632 2214 1679 2241 ὅτι
1702 2215 1721 2250 ή
1744 2215 1861 2241 ἀποστο-

1046 2250 1113 2293 ’λικὴ
1129 2258 1276 2293 παράδοσις
1291 2258 1354 2290 τοὺς
1366 2259 1538 2294 νυκτερινοὺς
1547 2258 1603 2286 τῶν
1616 2259 1798 2296 ψαλμῳδιῶν
1815 2269 1863 2287 κα-

1050 2304 1130 2336 νόνας
1146 2303 1312 2340 παρέδωκεν.

1087 2349 1166 2382 Ἕξω
1181 2350 1322 2386 ταραχῆς.
1341 2351 1377 2378 To
1392 2351 1428 2378 οὐ
1452 2350 1600 2387 ἀρνητικὸν
1621 2353 1726 2388 μόριον
1744 2352 1818 2389 πρὸς
1833 2352 1865 2380 τὸ

1048 2395 1106 2428 ἔξω
1130 2396 1263 2431 ταραχῆς
1281 2395 1451 2430 ωντακτὲον,
1473 2397 1516 2424 ἵνα
1575 2397 1610 2423 τδ
1634 2398 1702 2425 ὅλον
1719 2398 1862 2425 τοιοῦτον

1048 2439 1230 2472 Διανίσταται,
1248 2440 1309 2467 οὐδὲ
1323 2439 1378 2467 τῶν
1403 2440 1495 2467 ὕπνων
1516 2440 1626 2468 πολλῶν
1645 2441 1752 2474 ὄντων,
1771 2440 1818 2468 διὰ
1834 2440 1865 2466 τὸ

1047 2486 1229 2520 ἐγκόπτεσθαι
1252 2487 1360 2518 αὐτοὺς,
1384 2486 1549 2519 ἀπολαύσας,
1567 2486 1634 2514 οὐδὲ
1656 2486 1715 2520 ἔξω
1735 2487 1865 2524 ταραχῆς

1047 2532 1188 2569 ὑπάρχων,
1205 2534 1249 2561 διὰ
1265 2535 1295 2561 τὸ
1311 2535 1357 2562 καὶ
1373 2535 1436 2567 τοὺς
1451 2535 1549 2567 ὕπνους
1562 2536 1776 2569 ἐγκόπτεσθαι.

1094 2622 1202 2649 Ἑδεῖτο
1212 2622 1264 2650 τοῦ
1281 2623 1355 2651 Θεοῦ
1370 2623 1520 2658 πρηστῆρι
1535 2632 1604 2651 τινι.
1623 2625 1771 2663 Πρηστήρ
1789 2626 1866 2653 ἐστιν

1045 2668 1191 2704 ὲλικοειδὴς
1212 2668 1318 2704 κίνησις
1345 2669 1448 2696 ἀνωθεν
1481 2670 1554 2697 κάτω
1582 2669 1676 2706 ἀέρος
1708 2671 1865 2707 διαπύρου-

680 2814 796 2844 VARle
813 2814 1006 2844 LECTIONES
1022 2815 1066 2843 ET
1083 2815 1360 2845 CORRECTIONES.

257 2887 279 2902 ⁶⁶
296 2888 416 2923 ἐνόησαν.
