1950 3065
113 193 162 233 δεῖ

562 192 590 220 S.
610 191 734 220 MAXIM!
751 191 900 221 SCHOLIA
916 192 950 220 ΙΝ
973 191 1049 220 EPP.
1068 191 1097 221 S.
1115 191 1276 222 DIONYSll.

1685 197 1737 226 558

112 250 190 279 Καεει
206 250 275 278 δὲτὸ
294 249 424 282 τοιοῦτον,
441 249 503 276 ὅθεν
517 251 564 277 καὶ
581 251 655 288 παρά
671 251 701 277 τὸ
715 251 841 286 πιμπρᾷν
856 250 885 277 λέ

952 249 1049 278 Adurit
1071 254 1172 283 autem,
1197 251 1267 278 unde
1289 250 1371 278 etiam
1395 258 1409 278 a
1434 253 1559 288 πιμπρᾷν
1583 252 1735 283 derivatur.

111 303 196 330 γεται.

152 341 294 376 Ἀπείρων
308 342 540 377 ἀνθωποειδῶς.
557 343 712 378 Σημείωσαι
732 344 773 370 ὅτι
788 344 834 370 καὶ
853 343 898 370 ἀν-

111 388 280 425 θρωποειδῶς
293 390 350 420 τοῖς
366 389 453 424 ἁγίοις
468 389 578 424 ἄγγελοι
594 389 790 424 ἐπιφαίνονται.

151 434 222 461 Ὑπὸ
239 434 294 469 τῆς
303 434 362 461 τῶν
372 435 487 462 οἰκείων
498 435 608 462 ποδῶν.
620 436 657 471 Ση
663 435 777 471 μειωσαι
792 435 824 463 τὸ
837 435 896 463 ὑπὸ

110 478 163 513 τῆς
174 478 232 506 τῶν
245 479 361 507 οἰκείων
374 479 475 507 ποδῶν
487 480 647 513 ἀστασίας,
657 480 671 506 ὅ
682 478 796 514 δηλοῖτὸ
812 479 896 507 εὐπα-

111 526 227 561 ράφορον
242 524 294 560 τῆς
309 526 493 562 προαιρέσεως
505 535 511 541 ⁵
531 526 568 562 μὴ
595 525 750 562 βουλόμενοι
766 525 830 562 γὰρ,
847 526 897 553 οὐκ

109 571 233 599 ἔπιπτον.

144 619 194 650 Εἰς
210 618 243 645 τὸ
259 619 378 654 ἀχανές.
406 617 561 653 Σημείωσαι
586 617 645 649 πῶς
673 618 687 644 ὁ
715 617 836 649 διάϐολος
856 617 897 653 ῥί-

109 670 169 689 πτει
191 663 254 695 τοὺς
276 663 436 699 ἀνθρώπους
459 664 499 694 εἰς
523 662 554 689 τὸ
582 662 677 695 σκότος
699 662 730 689 τὸ
753 662 894 698 ἐξώτερον,

107 708 174 744 ὅπερ
193 709 308 737 ἐνταῦθα
331 710 430 746 ἀχανὲς
452 710 538 742 καλεῖ,
560 710 682 736 τουτέστι
706 709 852 745 βάραθρον,
877 709 894 745 ἢ

108 755 228 788 ἀπατῶν,
243 756 259 791 ἢ
276 756 354 783 ὠθῶν
377 757 441 788 τοὺς
462 756 639 792 πειθομένους
663 755 745 791 αὐτῷ.
767 756 844 782 Ἔστι
866 755 895 781 δὲ

107 801 150 828 ὅτε
164 802 209 829 καὶ
231 803 353 837 ἀσελγεῖς
374 802 533 838 ἀνθρώπους
559 803 705 838 συνεργοὺς
721 801 804 828 αὑτοῦ
827 801 895 836 λαμο

108 848 182 874 δάνει
198 850 238 881 εὶς
254 849 304 884 τὴν
318 849 420 885 ἑτέρων
433 850 552 885 ἀπάτην,
573 849 610 881 ὡς
627 849 673 876 καὶ
694 849 740 875 τὸν
755 847 894 875 εἰδωλολά-

105 903 172 930 τρην
188 895 234 921 ἐπὶ
249 895 294 922 τὸν
310 895 356 921 νῦν
375 895 559 931 ἀπατηθέντα,
580 894 645 931 περὶ
661 891 692 921 οὗ
708 895 722 920 ὁ
736 893 824 928 λόγος.
848 893 893 920 Διὸ

985 338 1020 366 In
1034 339 1149 366 numeris
1175 339 1291 366 humana
1316 339 1413 374 forma.
1431 339 1500 368 Nota
1521 341 1604 369 etiam
1627 343 1747 379 angelos.

949 386 1069 413 humana
1083 385 1172 413 forma
1184 386 1288 414 sanctis
1302 394 1442 422 apparere.

983 431 1045 459 Prw
1055 431 1150 466 pedum
1163 440 1282 461 suarum.
1290 432 1357 460 Nota
1369 433 1447 466 illud,
1461 442 1517 469 pne
1524 434 1618 469 pedum
1628 444 1737 464 suorum

947 477 1109 511 lubricitate,
1125 478 1199 513 quod
1213 479 1361 508 voluntatis
1380 472 1578 514 proclivitatem
1592 482 1734 518 designat;

947 531 1011 551 nam
1024 523 1048 552 si
1062 524 1224 557 noluissent,
1243 531 1296 552 non
1312 524 1483 553 cecidissem.

983 612 1017 641 In
1033 613 1279 650 voraginem.‘Nota
1304 615 1440 650 quomodo
1461 615 1586 645 diabolus
1611 617 1734 647 homines

946 661 1072 690 detrudat
1086 662 1114 689 in
1131 662 1255 690 tenebras
1268 662 1426 695 exteriores,
1439 670 1507 698 quas
1519 663 1564 691 hic
1578 665 1734 701 voraginem

946 708 1074 743 appellat,
1092 708 1120 735 id
1134 711 1175 736 est
1192 707 1363 740 barathrum,
1388 709 1444 737 sive
1458 709 1585 745 decipiat,
1601 710 1659 738 sive
1683 711 1734 738 im-

945 755 1028 790 pellat
1042 761 1057 781 a
1072 762 1102 782 se
1114 761 1271 790 persuasos.
1289 754 1426 782 Interdum
1441 755 1522 783 etiam
1542 756 1666 785 homines
1685 756 1735 785 lla-

944 801 1058 836 gitiosos
1075 801 1128 829 sibi
1143 801 1343 830 commilitones
1363 801 1475 829 asciscit
1498 802 1526 829 in
1547 802 1733 838 deceptionem

944 847 1070 880 aliorum,
1088 851 1118 874 ut
1133 847 1302 875 idololatram
1321 846 1397 874 illum
1415 847 1449 874 ad
1468 847 1653 877 seductionem
1674 849 1733 885 ejus

943 893 977 920 de
991 900 1046 928 quo
1059 893 1141 920 modo
1161 900 1251 920 sermo
1265 897 1317 920 est.
1333 891 1504 929 Quapropter
1517 894 1546 922 in
1561 895 1666 923 visione
1681 895 1734 923 hac

106 940 152 967 καὶ
168 941 196 967 ἐν
216 941 248 976 τῇ
265 940 382 977 ὀπτασίᾳ
405 940 505 978 ἄνδρας
527 941 579 976 ὁρᾷ
602 940 702 976 μεταξὺ
722 939 778 967 τῶν
792 939 885 974 ὄφεων1

945 938 1010 966 vidit
1023 938 1104 966 etiam
1123 939 1198 966 viros
1222 938 1251 965 in
1273 938 1363 966 medio
1383 945 1551 974 serpentum,
1566 941 1594 969 id
1614 945 1657 970 est
1671 931 1733 970 "ta:-

104 985 225 1012 τουτέστι
241 985 293 1012 τῶν
309 986 453 1022 δαιμόνων,
475 985 603 1017 ἕλκοντας
617 986 680 1017 τοὺς
705 985 757 1012 ὑπὸ
777 984 824 1011 τοῦ
839 985 894 1011 δια-

105 1031 182 1059 ϐόλου
198 1032 366 1067 νικηθέντας,
383 1028 421 1059 ὧν
436 1033 510 1068 ἡμᾶς
525 1033 539 1059 ό
555 1031 655 1067 Κύριος
671 1030 856 1067 ὲλευθερώσοι.

145 1078 218 1105 Ὑπὸ
232 1078 286 1105 τοῦ
302 1078 406 1105 κακοῦ.
423 1077 578 1114 Σημειωσαι
593 1077 624 1103 τὸ
639 1076 699 1104 ὑπὸ
717 1076 771 1103 τοῦ
787 1076 891 1109 κακοῦ,

103 1125 225 1151 τουτέστι
240 1123 292 1158 τῆς
307 1124 454 1161 ἁμαρτίας,
471 1123 541 1160 ὅπερ
556 1123 660 1159 κυρίως
682 1121 766 1149 κακὸν
782 1123 811 1149 ὲν
827 1130 893 1158 προ-

103 1170 206 1206 αιρέσει
219 1170 378 1206 τικτόμενον
393 1177 491 1205 φαμεν.
501 1169 538 1196 Τὸ
549 1169 579 1196 δὲ
592 1168 717 1201 ἄκοντες
731 1168 781 1195 καὶ
794 1167 892 1201 ,βιαζό-

100 1225 186 1251 μενοι
204 1216 241 1252 μὴ
267 1216 468 1252 ἁναγκαστικήν
488 1213 555 1243 τινα⁴
564 1214 689 1250 δύναμιν,
705 1214 829 1241 τουτέστι
845 1214 891 1241 τὸν

101 1260 223 1288 διάϐολον
247 1262 366 1298 νοητέον,
394 1261 432 1293 ώς
457 1260 618 1297 Μανιχαίοις
639 1260 686 1288 καὶ
712 1260 890 1292 Μεσαλιανοῖς

99 1308 189 1335 δοκεῖ·
206 1308 262 1335 ἀλλ’
276 1309 318 1336 ὅτι
329 1308 482 1344 πειθόμενοι
497 1308 529 1334 τὸ
544 1307 629 1335 κακὸν
644 1307 756 1344 πρᾶξαι,
772 1307 812 1343 τῷ
820 1307 890 1334 ἀπα-

98 1354 182 1382 τῶντι
207 1354 297 1391 χώραν
319 1354 446 1390 διδόαμεν
472 1353 592 1389 συνεχῶς
615 1354 681 1389 ἡμῖν
709 1353 887 1386 ἐπιτίθεσθαι,

98 1400 130 1434 ἐξ
146 1401 225 1436 ήμῶν
241 1400 300 1428 καθ’
316 1399 394 1436 ἡμῶν
409 1399 580 1435 λαμϐάνοντα
601 1398 651 1434 τὴν
676 1399 767 1435 ἰσχύν·
793 1398 889 1426 ἀδυνα-

95 1447 177 1482 τήσει
192 1446 230 1479 δὲ,
258 1446 295 1482 μὴ
311 1446 479 1482 πειθομένων
495 1445 583 1481 ἡμῶν,
601 1445 692 1481 ἐπειδὴ
716 1444 799 1479 ἐγγύς
814 1446 888 1472 ἐστιν

95 1492 178 1529 ἡμῶν
198 1494 214 1528 ὴ
236 1492 343 1528 βοήθεια
364 1491 412 1518 τοῦ
437 1491 504 1518 Θεοῦ
527 1490 827 1527 συνεπιλαμϐανομένη,
849 1490 887 1522 ὡς

93 1539 174 1574 δηλοί
187 1539 221 1566 τά
238 1538 311 1574 ἑξῆς.

130 1585 189 1612 Καὶ
205 1585 287 1620 xsl'pa
304 1584 419 1620 ἀγαθὴν
435 1584 558 1618 ὀρέγειν.
575 1582 731 1618 Σημείωσαι
749 1582 798 1618 τὴν
814 1582 885 1617 ἄφα-

90 1639 143 1658 τον
160 1630 208 1658 τοῦ
224 1630 326 1667 Κυρίου
343 1630 552 1666 εὐσπλαγχνίαν.

132 1674 194 1709 Τῆς
215 1675 314 1710 χειρὸς
329 1674 388 1709 ἤδη
404 1672 634 1708 προτεταμένης.
654 1673 709 1708 Τῆς
733 1673 824 1709 χειρὸς
838 1672 886 1699 τοῦ

88 1722 212 1758 Κάρπου
228 1721 358 1757 δηλονότι.

123 1767 181 1801 Μὴ
195 1767 307 1794 ἄλλων.
326 1766 386 1794 Τῶν
402 1765 590 1802 σταυρούντων
606 1764 715 1802 δηλαδὴ,
725 1764 765 1800 τῷ
779 1765 886 1801 Κάρπῳ

84 1812 180 1849 φησιν
195 1813 210 1840 ὁ
225 1812 336 1848 Κύριος.
542 1836 544 1838 τ

132 1857 270 1893 Ἀγαθῶν
290 1858 340 1885 καὶ
361 1858 585 1893 φιλανθρώπων.
609 1857 765 1893 Σημείωσαι
782 1857 823 1884 ὅτι
838 1858 885 1885 καὶ

84 1904 177 1936 αὐτὸς
196 1904 210 1930 ὁ
232 1904 334 1941 Κύριος
359 1904 479 1939 ἀγαθοὺς
501 1904 548 1931 καὶ
573 1903 778 1939 φιλανθρώπους
808 1904 886 1931 καλεῖ

83 1951 158 1983 τοὺς
175 1950 318 1984 ἀγγέλους.
875 1944 878 1947 ’

278 2007 333 2034 ΕΙΣ
351 2008 424 2034 ΤΗΝ
442 2007 640 2035 ΕΠΙΣΤΟΛΗΝ
658 2007 696 2034 8‘.

122 2054 139 2090 ξ
153 2055 175 2080 ι.
186 2053 214 2080 '0
230 2053 306 2088 ἅγιος
322 2053 401 2086 Τίτος
412 2051 488 2086 οὗτός
497 2055 570 2081 ἐστιν
581 2053 641 2089 ὸτῷ
653 2054 805 2090 Ἀποστόλῳ
814 2054 883 2089 γνώ-

82 2109 183 2138 ριμος,
201 2099 230 2126 ὃν
250 2100 295 2127 καὶ
311 2101 423 2137 Κρήτης
448 2101 614 2136 κατέστησεν
636 2100 793 2132 ἐπίσκοπον,
811 2100 848 2132 ὡς
863 2101 880 2136 ἡ

78 2147 160 2184 πρὸς
167 2146 247 2173 αὐτὸν
258 2145 336 2173 Τίτον
352 2147 487 2182 γραφεῖσα
506 2146 647 2182 Ἐπιστολὴ
664 2146 792 2183 παράτοῦ
809 2146 880 2173 θείου

77 2193 201 2220 Παύλου
217 2193 309 2228 φησίν.

126 2240 214 2267 Ἀλλ’
230 2240 265 2266 ἐν
281 2238 318 2274 τῇ
334 2239 512 2274 Συμϐολικῇ.
539 2238 571 2265 Τί
595 2239 716 2276 περιέχει
732 2239 752 2273 ἡ
767 2239 879 2273 Συμϐο-

73 2285 159 2320 λικὴ
180 2286 317 2320 (hastario
332 2285 379 2312 τοῦ
400 2286 516 2321 μεγάλου
533 2286 679 2313 Διονυσίου.

123 2332 433 2366 Ἐναπομόργγυνται.
459 2331 684 2368 Ἀπομόρξασθαι,
710 2330 768 2357 ἐστὶ
786 2330 816 2357 τὺ
841 2332 880 2358 ὲν-

71 2377 292 2414 απομάξασθαι,
311 2377 357 2404 καὶ
373 2377 499 2413 ὲμὸαλεῖν
521 2387 548 2404 τι
573 2379 613 2409 εἰς
637 2378 686 2413 τὴν
703 2376 801 2404 ἑαυτοῦ
820 2377 878 2403 διά-

69 2432 172 2455 νοιαν,
193 2424 225 2449 ὲκ
243 2424 397 2459 μεταφορᾶς
418 2422 472 2449 τῶν
495 2422 656 2459 ζωγράφων,
681 2423 716 2455 οἳ,
734 2423 879 2460 προσέχον-

67 2480 123 2503 τες
145 2471 186 2506 τῇ
206 2469 328 2505 ἀληθείᾳ,
346 2469 481 2504 γράφουσι
503 2470 553 2502 τὰς
579 2470 693 2503 εἰκόνας.
716 2471 771 2506 Τῆς
793 2471 878 2508 ἀπορ-

66 2522 168 2557 ρήτου
189 2515 218 2542 δὲ
233 2516 329 2550 σοφίας
345 2516 465 2552 πατέρας
476 2517 539 2548 τοὺς
556 2518 696 2553 προφήτας
713 2517 804 2554 φῃσίν.

110 2564 209 2591 Οὕτω
233 2561 286 2596 γὰρ
302 2561 340 2588 ἂν
355 2561 492 2596 θεώμενοι
508 2562 696 2596 σεςρθείημεν.
710 2562 877 2598 Σεφθείημεν

61 2611 136 2640 ἀντὶ
155 2607 211 2636 τοῦ
230 2608 258 2634 ὲν
277 2606 405 2642 σεϐασμῷ
424 2606 612 2642 ποιησοίμεθα,
631 2608 801 2642 τιμήσοιμεν,
813 2607 876 2634 θαυ-

63 2657 238 2694 μάσωμεν,
271 2651 483 2687 ὲκπλαγείημεν.
517 2652 672 2687 Σημείωσαι
694 2652 727 2694 ’δὲ
756 2652 801 2678 ἐπὶ
826 2653 876 2688 τῆς

58 2691 159 2739 ἁγίας
180 2699 231 2727 καὶ
243 2698 432 2735 πωσκυνητῆς
446 2697 560 2734 Τριάδος
569 2697 612 2724 τό·
626 2691 730 2733 Πητῆν
745 2697 819 2732 ζωῆς
832 2700 876 2731 εἰς

57 2747 195 2781 ἑαυτὴν
220 2744 376 2779 χεομένην,
393 2744 442 2770 καὶ
463 2744 509 2778 ἐφ’
525 2743 635 2777 ἑαυτῆς
650 2742 803 2770 ἑστῶσαν·
822 2744 875 2770 δεί-

56 2802 173 2824 κνυται
193 2791 250 2828 γὰρ
266 2791 389 2818 ἐντεῦθεν
406 2790 451 2817 καὶ
467 2789 497 2816 τὸ
513 2789 662 2825 ὁμοούσιον,
675 2789 720 2816 καὶ
738 2790 806 2825 ὁτιὴ
825 2799 872 2826 μο-

55 2843 115 2873 νὰς
138 2840 189 2870 εις
210 2836 311 2874 Τριάόα
335 2837 511 2873 προελθοῦσα,
530 2837 625 2873 μέχρις
650 2837 734 2871 αὐτῆς
756 2836 871 2864 ἵσταται.

55 2888 153 2916 Οὕτω
184 2883 235 2911 καὶ
250 2885 265 2910 ὁ
280 2883 404 2918 θεολόγος
421 2884 569 2920 Γρηγόριος
585 2882 665 2918 ὲν,τῷ
690 2881 790 2918 πρώτῳ
805 2883 873 2918 Περὶ

52 2934 132 2963 Υἱοῦ
154 2931 238 2964 λόγῳ
254 2930 329 2965 φησι,
347 2931 393 2958 καὶ
416 2932 446 2958 ὲν
462 2931 500 2966 τῷ
516 2930 634 2965 δευτέρῳ
649 2929 794 2966 Εἰρηνικῷ.
817 2930 870 2965 Ση-

943 992 1065 1018 monum,
1081 985 1270 1020 pertrahentes
1283 993 1331 1015 eos
1346 987 1394 1022 qui
1409 994 1425 1014 a
1438 985 1548 1016 diabolo
1561 987 1627 1016 victi
1641 985 1730 1022 erant,

943 1036 959 1056 a
973 1029 1074 1065 quibus
1089 1038 1140 1058 nos
1156 1030 1252 1058 liberet
1272 1028 1414 1060 Dominus.

976 1075 1000 1102 Α
1014 1077 1093 1104 mala.
1110 1076 1180 1104 Nota
1196 1077 1273 1110 illud,
1288 1085 1304 1104 a
1317 1077 1399 1111 malo,
1415 1077 1443 1105 id
1463 1082 1505 1106 est
1514 1083 1637 1114 peccato,
1657 1078 1732 1115 quod

942 1121 1044 1148 malum
1064 1121 1172 1157 proprie
1200 1123 1228 1150 in
1251 1122 1391 1151 voluntate
1418 1124 1491 1159 gigni
1511 1124 1638 1153 dicimus.
1661 1125 1731 1153 Illud

943 1170 1044 1200 autem,
1058 1168 1133 1195 inviti
1147 1171 1174 1196 et
1191 1169 1290 1202 coacti,
1304 1176 1359 1196 non
1385 1168 1420 1197 de
1433 1170 1488 1197 ulla
1502 1171 1676 1199 necessitatis
1691 1172 1729 1205 vi.

941 1211 968 1239 id
982 1217 1023 1240 est
1039 1213 1072 1241 de
1086 1213 1207 1247 diabolo,
1226 1215 1431 1251 intelligendum
1443 1220 1495 1250 est,
1503 1216 1574 1244 sicut
1590 1216 1731 1245 Manichaei

939 1262 967 1287 et
982 1259 1138 1287 Messaliani
1154 1261 1291 1295 sentiunt;
1315 1261 1364 1302 sed
1378 1262 1454 1298 quia,
1470 1263 1595 1298 persuasi
1620 1267 1651 1291 ut
1666 1262 1730 1292 mali

939 1304 1079 1341 quidpiam
1093 1314 1249 1342 operemur.
1263 1308 1407 1345 impostori
1428 1309 1520 1337 locum
1534 1309 1642 1343 damus,
1658 1311 1731 1339 unde

938 1358 989 1379 nos
1010 1351 1121 1380 assidue
1143 1353 1294 1386 adoriatur,
1311 1362 1346 1382 ex
1362 1354 1443 1382 nobis
1465 1354 1532 1390 ipsis
1545 1355 1618 1384 vires
1632 1355 1730 1384 adver-

938 1403 986 1424 sus
999 1403 1050 1425 nos
1060 1397 1206 1433 colligens;
1218 1406 1305 1434 neque
1315 1399 1398 1432 enim,
1412 1407 1466 1427 non
1477 1401 1618 1435 persuasis
1632 1402 1728 1435 nobis,

937 1442 1036 1476 poterit
1053 1443 1194 1478 quidpiam
1219 1444 1350 1473 adversus
1370 1453 1432 1478 nos,
1456 1446 1676 1482 quandoquidem
1700 1448 1729 1475 in

936 1491 1064 1524 promptu
1078 1489 1156 1518 adest
1172 1490 1253 1518 nobis
1267 1491 1399 1518 auxilium
1414 1491 1475 1525 Dei,
1491 1499 1542 1520 nos
1555 1492 1727 1526 suﬂ‘ulciens,

936 1534 977 1562 uti
991 1536 1134 1570 sequentia
1145 1536 1298 1565 declarant.
1615 1532 1617 1535 ’

967 1579 1003 1608 Et
1016 1590 1123 1610 manum
1134 1583 1270 1620 benignam
1282 1583 1423 1620 porrigere.
1435 1585 1552 1614 Adverte
1564 1585 1727 1615 ineffabilem

899 1614 920 1644 (ἶ
937 1625 1044 1656 Domini
1058 1629 1284 1658 misericordiam.

974 1674 1060 1702 Manu
1069 1676 1130 1711 jam
1144 1682 1261 1707 extenta.
1274 1678 1357 1707 Manu
1370 1687 1468 1715 nempe
1482 1679 1574 1715 Carpi.

977 1765 1015 1794 Ne
1037 1767 1094 1796 alii.
1122 1767 1231 1796 Scilicet
1256 1768 1457 1805 cruciﬁgentes,
1482 1769 1614 1798 Dominus
1636 1770 1726 1806 Carpo

935 1813 983 1840 ait.

970 1859 1104 1888 Bonorum
1128 1865 1152 1887 et
1171 1860 1443 1891 clementissimorum.
1460 1863 1530 1892 Nota
1547 1863 1619 1899 quod
1641 1863 1723 1891 etiam

933 1905 993 1941 ipse
1006 1905 1137 1935 Dominus
1150 1906 1237 1935 bonos
1247 1911 1275 1935 et
1289 1907 1421 1944 benignos
1437 1913 1516 1938 vocet
1529 1910 1650 1945 angelos.

1168 2008 1202 2036 IN
1219 2008 1414 2037 EPISTOLAM
1437 2009 1492 2038 lx.‘

969 2053 984 2089 §
1004 2052 1026 2082 Ι.
1049 2053 1100 2083 Hic
1118 2053 1164 2082 ille
1187 2054 1215 2082 S.
1233 2054 1311 2092 Titus
1331 2055 1454 2090 Apostoli
1471 2055 1624 2087 familiaris,
1641 2064 1722 2091 quem

931 2102 959 2126 et
979 2097 1068 2126 Cretae.
1097 2098 1219 2134 praefecit
1242 2099 1421 2134 episcopum;
1451 2103 1481 2126 ut
1502 2099 1622 2134 Epistula
1645 2108 1661 2127 a
1687 2099 1720 2130 D.

931 2145 1011 2180 322
1025 2144 1111 2172 Paulo
1127 2145 1160 2172 ad
1176 2144 1266 2181 ipsum
1287 2145 1380 2172 Titum
1397 2145 1500 2180 scripta
1515 2145 1646 2173 declarat.
1710 2145 1714 2149 '

967 2233 1018 2262 Sed
1032 2234 1060 2261 in
1071 2233 1231 2270 Symbplica.
1245 2233 1316 2267 Quid
1332 2233 1638 2269 contineat-Symbolica
1652 2234 1720 2262 theo-

894 2297 917 2325 n
930 2280 1000 2315 logia
1014 2280 1106 2315 magni
1121 2279 1255 2314 Dionysii.

962 2327 1131 2363 Imprimunt.
1151 2327 1376 2364 Ἀπομλύρξασθαι,
1393 2327 1463 2355 idem
1480 2332 1520 2355 est
1532 2328 1605 2363 quod
1622 2330 1717 2355 ἐναπο-

929 2374 1064 2410 μάξασθαι
1082 2375 1128 2401 καὶ
1152 2374 1290 2409 ἐμϐαλεῖν,
1308 2374 1334 2401 id
1354 2377 1396 2401 est
1418 2374 1550 2402 instillare
1572 2379 1597 2401 et
1618 2375 1717 2402 immit-

929 2425 981 2447 tere
995 2421 1097 2455 aliquid
1112 2421 1195 2448 menti
1211 2428 1276 2453 suae,
1292 2421 1451 2456 metaphora
1469 2428 1484 2448 a
1505 2422 1655 2456 pictoribus
1670 2423 1717 2451 de-

927 2467 1009 2493 ducta
1019 2466 1257 2501 qui,attendentes
1271 2467 1390 2499 veritati,
1407 2467 1557 2503 depingunt
1572 2468 1715 2504 imagines.

926 2512 1041 2539 Arcana
1052 2515 1142 2539 autem
1156 2513 1296 2547 sapientim
1310 2517 1400 2547 patres
1411 2517 1489 2540 vocat
1502 2514 1655 2549 prophetas.

963 2558 1028 2592 Quae
1042 2558 1111 2585 enim
1133 2559 1160 2585 in
1179 2559 1236 2592 ipsa
1250 2559 1421 2587 extrinsecus.
1441 2558 1647 2592 Venerabimur,
1666 2568 1716 2594 pro

925 2604 954 2630 in
967 2604 1141 2632 veneratione
1161 2603 1333 2636 habebimus,
1347 2604 1552 2637 honor-abimus,
1567 2604 1715 2631 admirabi-

924 2658 996 2682 mur,
1012 2651 1246 2686 obstupescemus.
1264 2649 1332 2677 Nota
1346 2654 1446 2682 autem,
1459 2650 1492 2677 de
1503 2655 1597 2678 sancta
1608 2654 1633 2677 et
1649 2650 1714 2676 ado-

924 2697 1010 2724 randa
1035 2697 1169 2725 Trinitate
1199 2697 1252 2724 dici
1270 2706 1276 2724 :
1297 2697 1365 2724 Vita?
1386 2697 1494 2732 fontem.
1520 2698 1548 2724 in
1576 2705 1603 2723 se
1627 2697 1712 2730 ipsum

923 2742 1046 2776 eﬂ'usum,
1058 2748 1083 2770 et
1101 2744 1128 2770 in
1146 2744 1230 2778 seipse
1249 2743 1448 2774 consistentem;
1464 2743 1528 2769 hinc
1543 2742 1615 2769 enim
1629 2741 1711 2768 etiam

923 2789 1192 2816 consubstantialitas
1209 2789 1423 2819 demonstratur,
1438 2787 1550 2821 etquod
1570 2785 1661 2812 unitas
1682 2785 1710 2812 in

923 2834 1084 2862 Trinitatem
1099 2835 1278 2871 progrediens
1296 2835 1330 2861 ad
1352 2834 1438 2869 ipsam
1464 2840 1551 2868 usque
1576 2831 1710 2865 sistatur;

923 2881 961 2908 uti
981 2881 1129 2917 Gregorius
1150 2889 1258 2916 quoque
1267 2879 1419 2915 Theologus
1439 2879 1523 2907 tradit
1543 2879 1570 2906 in
1586 2878 1710 2906 oratione

923 2927 1009 2963 prima
1020 2927 1053 2956 de
1068 2927 1147 2962 Filio,
1163 2932 1190 2956 et
1210 2927 1238 2955 in
1249 2925 1369 2955 secunda
1389 2925 1424 2954 de
1433 2924 1513 2953 Pace.
1532 2923 1600 2952 Nota
1616 2926 1710 2953 autem
