1950 3065
248 184 299 212 559

648 181 817 210 APPENDIX
836 181 881 209 AD
894 180 1008 210 OPERA
1026 182 1055 212 S.
1073 181 1221 211 DlONYSlI
1238 183 1479 213 AREOPAGITE.

1806 187 1852 217 560

248 243 313 271 Hlud
338 251 345 269 :
366 242 404 268 Ac
424 249 523 276 semper
548 249 574 268 se
595 248 640 275 per
660 241 773 275 seipsam
799 241 1022 275 contemplantem,

1080 241 1193 276 μείωσαι
1209 242 1238 268 δὲ
1251 241 1297 268 τό·
1317 242 1373 269 'Asl
1390 242 1427 269 δι’
1444 241 1555 277 ἑωυτῆς
1576 242 1689 278 ἑαυτὴν
1706 245 1852 281 θεωμένην

246 290 328 319 etiam
343 288 377 316 de
393 292 487 316 sancta
502 287 634 314 Trinitate
646 287 761 314 dictum.

281 334 348 368 Qum
360 334 429 362 enim
443 333 469 360 in
484 334 540 367 ipsa
553 332 767 360 extrinsecus.‘ln
783 332 841 367 ipsa
852 340 948 367 nempe
960 340 1031 368 sym-

244 381 332 408 bolica
347 380 464 408 ﬁctione.
481 378 601 405 Positum
616 382 706 404 autem
723 377 768 404 hic
779 378 858 405 etiam
874 382 915 405 est
931 378 1030 413 ὁπόσης

245 433 294 460 pro
307 424 407 459 πολλῆς
425 433 431 450 :
450 423 514 450 illud
531 423 602 450 enim
624 423 785 449 extrinsecus
807 422 864 450 sive
887 423 966 450 obvio
986 423 1028 450 di—

244 470 344 498 ctionis
359 477 441 497 sensu
458 467 637 503 signiﬁcatur.

281 515 389 542 (Iterum
401 513 450 541 Dei
470 513 653 548 corporaliter.
674 512 788 544 Uterum
804 513 850 541 Dei
870 518 981 549 propter
996 514 1030 542 il-

243 560 290 588 lud
305 569 312 587 :
328 559 370 586 Ex
384 564 456 586 utero
472 563 533 585 ante
546 557 695 591 Luciierum
707 564 732 584 ιι.
749 557 866 585 Verbum
883 558 910 584 in
926 565 1027 590 aerem,

243 610 352 641 propter
368 603 432 631 illud
446 612 454 631 ι
470 602 606 629 Eructavit
624 611 668 629 cor
684 610 768 629 meum
782 602 886 629 uerbum
900 601 996 628 bonum
1003 606 1026 629 ν.

243 650 376 685 Spiritum
390 649 586 684 exspirantem,
601 651 712 682 propter
727 647 793 674 illud
807 656 813 674 :
825 645 859 672 Et
870 646 963 680 spiritu
975 646 1027 672 oris

241 697 297 730 ejus
314 702 338 723 ι.
356 694 439 722 Sinus
453 701 528 726 vero,
541 696 652 728 propter
663 692 729 720 illud
743 701 749 720 :
763 691 916 726 Unigenitus
930 691 974 726 qui
988 695 1027 718 est

241 740 268 766 in
280 739 340 766 sinu
352 738 443 765 Patris
453 742 478 764 Υ.
494 737 523 764 1η
535 738 644 765 modum
657 744 721 764 vero
735 744 783 764 seu
795 735 909 763 formam
921 735 1025 770 stirpis,

240 788 351 820 propter
365 783 431 811 illud
445 793 452 811 :
470 782 579 818 Lignum
594 783 672 810 vita!z
685 791 693 816 ;
707 785 734 809 et
749 781 815 809 illud
832 791 839 809 :
853 780 891 808 De
903 781 1025 816 virgulto,

245 830 300 858 Fili
314 831 360 863 mi,
373 829 546 863 ascendistiu;
561 833 587 856 et
601 828 667 855 illud
681 837 687 855 :
704 827 821 855 Florebit
834 831 860 855 et
870 827 1026 863 germinabit

240 876 324 904 Iacob
338 876 363 908 δ,
380 883 426 911 pro
441 875 551 903 Christo
562 878 712 910 acceptum,
727 874 805 908 cujus
823 874 926 901 fructus
938 874 1026 901 salute

1081 284 1145 320 περὶ
1161 285 1210 320 τῆς
1226 285 1306 320 ἁγίας
1320 286 1348 313 δὲ
1364 287 1476 323 Τριάδος
1493 286 1538 313 καὶ
1553 286 1632 315 τοῦτό
1648 297 1723 324 φησι.

1118 330 1156 357 Τὰ
1180 331 1235 365 γὰρ
1258 330 1343 364 ἐκτὸς
1357 330 1461 365 αὐτῆς.
1479 331 1535 367 Τῆς
1552 332 1645 368 αὐτῆς,
1662 333 1779 368 δηλονότι
1793 344 1854 371 cup.-
1903 345 1906 349 '

1081 377 1188 412 ϐολικῆς
1205 376 1337 410 πλάσεως.
1356 379 1451 404 Κείται
1466 378 1494 405 δὲ
1510 379 1556 405 καὶ
1570 380 1686 406 ἐνταῦθα
1695 380 1725 406 τὸ
1737 381 1783 416 μὲν
1792 382 1854 408 ὁπό-

1080 430 1138 457 σης
1153 423 1212 449 ἀντὶ
1227 423 1274 450 τοῦ
1291 424 1425 457 πολλῆς·
1442 424 1472 451 τὺ
1484 425 1511 451 δὲ
1527 426 1563 452 τὰ
1578 426 1673 459 ἐκτὸς,
1685 427 1743 462 ἤτοι
1755 427 1786 454 τὰ
1798 436 1854 464 προ-

1080 469 1186 505 χείρως,
1205 471 1236 496 ὲκ
1251 470 1300 505 τῆς
1316 469 1414 502 λέξεως
1431 471 1664 506 ὑπαγορευόμενα.

1114 515 1252 549 Γαστέρα
1276 515 1349 542 Θεοῦ
1373 516 1554 550 σωματικῶς.
1581 517 1704 552 Γαστέρα
1729 517 1793 544 Θεοῦ
1813 519 1854 546 διὰ

1078 561 1125 587 τό·
1149 560 1200 587 Ἐκ
1215 561 1343 596 γαστρὸς
1359 561 1416 596 πρὸ
1432 561 1611 596 Ἑωσφόρου.
1630 563 1714 597 Λόγον
1730 564 1774 595 εῑςι
1783 564 1854 600 ἀέρα,

1078 606 1120 633 διὰ
1137 606 1182 632 τόν
1207 606 1401 641 Ἐξηρεύξατο
1412 607 1431 641 ἡ
1448 607 1554 641 καρδία
1564 616 1624 642 μου
1640 609 1731 642 ,λόγον
1741 609 1853 644 ἀγαθόν.

1078 651 1189 686 Πνεῦμα
1205 651 1393 686 ὲκπνεόμενον,
1410 651 1453 678 διὰ
1463 652 1493 679 τό
1503 660 1510 667 ·
1525 653 1580 679 Kal
1595 652 1634 685 τῷ
1651 654 1790 688 πνεύματι
1803 655 1854 682 τοῦ

1077 697 1224 731 στόματος
1240 697 1341 723 αὑτοῦ.
1369 697 1493 729 Κόλπους
1509 698 1547 730 δὲ,
1565 698 1609 725 διὰ
1627 699 1673 725 τό·
1691 700 1855 734 Moram;-

1077 742 1093 768 ὁ
1114 740 1156 768 ὢν
1177 742 1220 774 εὶς
1243 740 1296 767 τὸν
1320 741 1435 768 κόλπον
1453 742 1506 769 τοῦ
1531 744 1654 777 Πατρός.
1684 744 1794 776 Φυτικδς
1817 745 1855 778 δὲ,

1077 788 1159 823 ῆγουν
1183 787 1253 815 κατὰ
1277 787 1326 823 τὴν
1349 787 1404 814 τῶν
1427 788 1517 823 φυτῶν
1535 789 1615 821 ἰδέαν,
1632 789 1675 817 διὰ
1697 791 1741 817 τό·
1764 790 1857 818 Ξύ.ιογ

1076 833 1150 867 ζωῆς
1165 834 1244 860 ἐστι·
1265 834 1311 861 καὶ
1327 834 1373 860 τό·
1398 833 1448 861 Ἐκ
1469 835 1618 867 βλαστοῦ,
1643 836 1691 863 Υἱέ
1706 845 1775 870 μου,
1790 837 1854 864 ἀνέ-

1077 881 1144 913 ϐης·
1160 880 1206 906 καὶ
1215 881 1245 907 τό
1254 888 1260 895 ·
1270 879 1407 913 Ἀνθήσει
1419 880 1467 906 καὶ
1479 880 1680 913 ἐκϐλαστήσει
1692 881 1800 914 Ἰακὼϐ,
1811 882 1856 908 ἐπὶ

241 922 362 956 implevit
382 926 494 952 terram,
513 924 540 948 et
559 920 668 948 similia.
690 919 759 946 Nota
783 920 875 954 igitur,
894 918 1022 954 quomodt

1080 927 1197 962 Χριστοῦ
1212 926 1323 962 ληφθὲν,
1339 923 1370 953 οὗ
1394 926 1409 952 ὁ
1431 926 1535 961 καρπὸς
1551 926 1601 961 τῆς
1618 927 1754 964 σωτηρίας
1777 928 1855 964 ἐπλή-

240 967 275 995 de
288 967 343 995 Deo
356 967 447 995 dictus
469 965 505 994 sit
525 969 630 998 uterus,
650 969 678 993 et
694 965 828 993 eructatio
851 964 937 998 verbi,
950 969 978 993 et
990 964 1028 993 si-

242 1012 327 1040 milia.

276 1110 329 1137 Aut
344 1110 427 1144 fontes
439 1116 578 1144 aquarum.
591 1108 689 1136 Fontes
700 1114 831 1143 aquarum
843 1107 921 1143 juxta
936 1107 1004 1136 illud
1017 1118 1024 1136 :

240 1157 317 1188 Apud
331 1161 355 1184 te
367 1160 406 1183 est
424 1155 482 1190 fons
503 1155 562 1182 vita!
574 1159 585 1173 ο
599 1163 606 1188 ;
620 1157 647 1181 et
669 1153 735 1180 illud
750 1163 756 1181 :
774 1153 817 1181 Me
834 1154 1026 1189 dereliquerunt

240 1203 337 1238 fontem
352 1209 426 1236 aque
437 1200 542 1228 viventis
556 1199 568 1220 ιι
582 1209 589 1233 ;
602 1203 628 1227 et
639 1206 808 1235 quaecunque
827 1203 891 1227 sunt
913 1200 1023 1228 similia.

241 1249 405 1284 Splendores
415 1254 479 1274 vero
489 1250 600 1282 propter
610 1245 679 1273 illud
691 1255 698 1273 :
715 1245 769 1279 Qui
782 1254 840 1273 cum
856 1247 891 1274 sit
902 1246 1023 1280 splendor

239 1294 331 1330 gloria:
347 1299 378 1326 ος
398 1297 425 1320 et
442 1302 448 1320 ε
467 1292 585 1323 Domine,
598 1293 625 1320 in
637 1293 733 1320 lumine
746 1291 832 1320 vultus
848 1293 886 1319 tui
902 1292 1022 1319 ambula-

239 1340 314 1372 bunt,
329 1343 354 1366 et
367 1339 394 1366 in
410 1338 507 1365 lumine
520 1342 564 1364 tuo
575 1337 717 1365 videbimus
734 1337 820 1365 lumen
834 1337 857 1371 ί,
871 1341 899 1364 et
919 1337 962 1365 his
980 1337 1020 1366 si-

239 1384 324 1412 milia.

274 1429 314 1457 De
327 1428 520 1457 intellectilibus
538 1433 636 1456 autem.
653 1429 719 1462 Qua:
741 1429 850 1464 quidem
874 1428 1021 1464 providen-

238 1475 292 1503 tiae
306 1475 460 1510 designant,
475 1474 553 1510 juxta
572 1474 637 1502 illud
653 1484 659 1502 :
675 1474 754 1510 323
768 1474 843 1502 Sicut
856 1475 946 1510 aquila
958 1482 1020 1509 pro-

238 1525 302 1557 teget
316 1521 407 1548 nidum
420 1529 497 1548 suum
517 1522 540 1553 ⁸,
552 1524 617 1553 etc.,
631 1520 742 1548 ibidem.
758 1520 832 1548 Bona
847 1520 922 1552 item,
940 1520 1019 1556 juxta

237 1567 304 1595 illud
320 1577 327 1595 :
343 1566 436 1601 Aperit
452 1570 479 1593 tu
493 1573 599 1593 manum
620 1570 692 1592 tuam
706 1566 721 1586 ιι
733 1574 740 1599 ;
753 1569 780 1593 et
794 1566 860 1594 illud
876 1575 883 1594 :
900 1566 952 1599 Qui
971 1565 1018 1593 dat

1078 981 1148 1009 ρωσε
1170 972 1219 1008 τὴν
1235 973 1296 1008 γῆν,
1318 973 1365 999 καὶ
1387 972 1423 999 τὰ
1446 973 1536 1008 ὃμοια.
1560 973 1714 1008 Σημείωσαι
1729 971 1784 1007 οὖν,
1800 975 1858 1007 πῶς

1076 1019 1182 1055 εἴρηται
1198 1018 1244 1045 ἐπὶ
1259 1018 1327 1045 Θεοῦ
1342 1018 1458 1055 γαστὴρ,
1475 1019 1520 1046 καὶ
1537 1019 1621 1055 ὲρυγὴ
1644 1019 1692 1046 τοῦ
1708 1019 1795 1054 λόγου,
1812 1021 1859 1048 καὶ

1075 1064 1110 1091 τὰ
1124 1064 1246 1091 τοιαῦτα.

1112 1110 1150 1136 Ἢ
1161 1109 1257 1144 πηγὰς
1268 1108 1394 1136 ὑδάτων.
1408 1108 1503 1144 Πηγὰς
1517 1109 1620 1136 ὑδάτων
1637 1109 1706 1136 κατὰ
1719 1110 1750 1136 τό
1759 1118 1765 1125 ’
1777 1110 1859 1144 Παρά

1075 1162 1124 1182 σοι
1135 1153 1215 1189 πηγὴ
1226 1153 1314 1188 ζωῆς·
1332 1155 1380 1181 καὶ
1394 1154 1441 1181 τόο
1466 1154 1534 1189 Ἐμὲ
1549 1154 1744 1189 ἐγκατέλιπον
1760 1156 1860 1191 πηγὴν

1075 1199 1148 1234 ζωῆς
1169 1200 1277 1233 ὕδατος
1299 1199 1415 1233 ζῶντος,
1441 1200 1487 1227 καὶ
1510 1201 1560 1227 ὅσα
1581 1200 1702 1227 τοιαῦτα.
1727 1201 1861 1236 ’Δπαυγά-

1074 1253 1164 1280 σματα
1178 1245 1216 1278 δὲ,
1233 1245 1276 1272 διὰ
1291 1246 1322 1272 τό
1331 1254 1338 1260 ·
1357 1247 1410 1279 Ὃς
1424 1245 1467 1273 ὢν
1482 1246 1664 1281 ἀπαύγασμα
1679 1246 1735 1281 τῆς
1750 1247 1841 1281 δόξης
1850 1257 1858 1264 ·

1073 1291 1128 1318 καί·
1144 1292 1240 1326 Κύριε,
1256 1291 1339 1325 ἐντῷ
1352 1288 1425 1327 φωτί
1443 1292 1497 1319 τοῦ
1510 1292 1672 1326 προσώπου
1686 1301 1745 1320 σου
1758 1295 1862 1328 πορεύ-

1072 1345 1186 1369 σονται,
1202 1337 1340 1371 καὶὲντῷ
1355 1337 1428 1372 φωτὶ
1442 1337 1574 1372 ὀψόμεθα
1582 1336 1654 1373 φῶς,
1670 1339 1717 1366 καὶ
1732 1339 1766 1366 τὰ
1775 1348 1862 1375 παρις

1072 1383 1183 1418 πλήσια.

1113 1428 1178 1456 Ἐπί
1200 1428 1233 1456 δὲ
1255 1428 1315 1456 τῶν
1340 1429 1465 1462 νοητῶν.
1483 1429 1638 1465 Δηλωτικὰ,
1654 1429 1709 1457 τῶν
1726 1431 1774 1466 μὲν
1793 1439 1864 1467 προ-

1071 1474 1159 1508 νοιῶν,
1170 1475 1200 1502 τό
1209 1484 1215 1491 -
1231 1475 1279 1508 Ὧς
1287 1474 1373 1508 ἀετὸς
1382 1475 1528 1502 meando-et
1540 1474 1597 1509 τὴν·
1604 1475 1733 1502 νοσσιὰν
1742 1476 1864 1509 ἑαυτοῦ,

1070 1520 1116 1547 καὶ
1123 1520 1158 1547 τὰ
1166 1520 1213 1547 σὺν
1221 1519 1304 1555 αὐτῷ,
1313 1519 1349 1546 Τὸ
1356 1519 1463 1556 δωρεῶν
1470 1519 1508 1553 δὲ,
1516 1520 1553 1552 ὡς
1561 1521 1600 1548 τό·
1611 1521 1750 1556 Ἀνοίγεις
1756 1521 1798 1548 σὺ
1806 1522 1868 1557 τὴν

1070 1566 1152 1601 χεῖρά
1165 1574 1223 1593 σου
1232 1586 1239 1598 ,
1253 1566 1298 1593 καὶ
1307 1566 1337 1593 τό
1346 1574 1352 1581 ·
1371 1565 1401 1592 Ὀ
1420 1565 1521 1599 διδοὺς
1536 1567 1649 1602 τροφὴν
1658 1567 1741 1602 πάσῃ
1752 1569 1845 1602 σαρκί
1855 1577 1863 1584 ·

237 1621 324 1640 escam
344 1613 414 1640 omni
435 1612 509 1638 carni
531 1613 552 1643 ί,
564 1617 591 1639 et
604 1611 779 1646 providentiae
801 1611 852 1638 hoc
871 1612 957 1647 magis
978 1615 1020 1640 est

1076 1610 1171 1646 μᾶλλον
1194 1611 1222 1637 δὲ
1256 1611 1302 1637 καὶ
1325 1610 1404 1637 τοῦτο
1426 1611 1476 1646 τῆς
1508 1611 1634 1646 προνοίας
1670 1614 1866 1648 γνωριστικὸν.

237 1657 378 1685 indicium.
396 1657 427 1683 Et
440 1656 623 1689 ostensiones,
639 1660 668 1683 ut
682 1663 744 1683 cum
758 1655 786 1683 in
802 1655 887 1691 figura
902 1655 1020 1683 hominis

238 1704 383 1739 apparebat
397 1703 502 1731 Veteris
513 1702 679 1731 Testamemi
696 1703 798 1731 sanctis
812 1703 837 1734 ιι,
856 1706 883 1730 et
892 1702 920 1729 in
932 1703 1022 1738 specie

237 1748 381 1781 columbae,
400 1747 517 1783 Spiritus
533 1753 653 1776 sanctus.
673 1748 714 1775 Ad
729 1747 926 1784 providentiam
952 1755 1021 1783 quo-

237 1801 291 1828 que
306 1793 423 1828 pertinet
449 1793 554 1827 punitio
575 1793 720 1828 impiorum
734 1802 742 1821 :
756 1793 860 1820 dictum
883 1801 981 1828 nempe
1005 1801 1021 1820 a

237 1839 368 1874 propheta
385 1848 391 1866 :
410 1838 483 1865 Sicut
507 1847 571 1866 ursa
584 1838 712 1874 indigens,
727 1843 751 1866 et
767 1840 834 1866 sicut
852 1839 971 1874 pardalis
997 1839 1018 1867 1.

236 1881 376 1910 Potentias
401 1888 491 1910 autem
513 1887 708 1918 repraesentant
725 1884 806 1916 oculi,
824 1887 850 1911 et
862 1889 1019 1912 caaterarum

236 1929 356 1964 partium
367 1936 560 1965 corporearum
575 1929 816 1957 denominationes.
837 1929 1019 1966 Proprietates

236 1983 313 2007 vero,
339 1978 368 2002 ut
384 1974 455 2009 apud
481 1974 574 2008 Amos,
596 1974 714 2002 Adamas
729 1981 760 2007 ω,
777 1976 904 2010 quoniam
923 1976 1021 2004 divine

236 2026 341 2051 naturae
355 2020 494 2056 proprium
506 2024 548 2048 est
559 2029 614 2048 non
629 2029 709 2056 posse
722 2021 788 2056 pati,
804 2029 891 2056 neque
903 2021 1019 2050 domari.

237 2066 469 2101 Quemadmodum
481 2067 561 2095 etiam
572 2067 635 2102 quia
646 2067 700 2095 vim
713 2068 793 2095 habet
803 2075 901 2102 pravos
912 2068 1020 2096 habitus

236 2113 414 2142 consumendi
428 2113 527 2141 dicitur
540 2123 546 2141 ε
559 2113 628 2141 Deus
644 2119 731 2141 noster
747 2114 813 2149 ignis
829 2122 981 2141 comantem
994 2119 1018 2142 υ.

235 2159 339 2188 Caetera
352 2163 452 2191 autem,
471 2167 531 2195 qua:
547 2159 620 2187 dicta
635 2163 709 2190 sunt.
727 2159 858 2187 studiosis
873 2159 1020 2187 lectoribus

236 2205 379 2234 manifesta
390 2205 537 2238 exsistunt,
557 2205 600 2233 his
622 2205 704 2233 etiam
725 2205 872 2240 anagogica
882 2208 909 2233 et
922 2205 1021 2240 allego-

235 2252 293 2279 rica
306 2252 498 2287 contemplatio
515 2252 626 2279 minime
642 2251 777 2279 dissentit.
792 2250 864 2284 Quin
878 2251 959 2279 etiam
974 2257 1020 2278 ac-

1078 1655 1246 1689 Ἐκφάνσεων
1262 1655 1300 1687 δὲ,
1317 1654 1361 1682 διὰ
1383 1654 1413 1681 τὸ
1437 1656 1467 1682 ὲν
1484 1656 1603 1692 σχήματι
1619 1656 1760 1693 ἀνθρώπου
1778 1657 1868 1693 ὀφθῆ-

1070 1709 1113 1727 ναι
1128 1701 1185 1732 τοῖς
1201 1701 1230 1727 ὲν
1244 1701 1277 1736 τῇ
1294 1700 1398 1737 Παλαιᾷ
1414 1701 1511 1735 ἁγίοις,
1529 1702 1576 1728 καὶ
1602 1703 1632 1729 ὲν
1654 1702 1718 1729 εῖδει
1735 1711 1869 1739 περιστε-

1071 1747 1131 1782 ρᾶς,
1148 1745 1179 1772 τὺ
1194 1746 1306 1782 Πνεῦμα
1329 1746 1360 1773 τὸ
1383 1747 1468 1782 ἆγιον.
1486 1747 1617 1784 Προνοίας
1632 1748 1670 1780 δὲ,
1689 1749 1735 1775 καὶ
1758 1749 1790 1775 τὸ
1807 1750 1868 1777 τῶν

1070 1792 1175 1819 ἀσεϐῶν
1190 1793 1390 1828 τιμωρητικόνο
1416 1793 1522 1829 εἴρηται
1548 1793 1613 1828 γοῦν
1639 1793 1713 1830 παρὰ
1735 1794 1774 1829 τῷ
1792 1796 1870 1830 Προ-

1071 1839 1142 1874 φήτῃ
1152 1847 1159 1853 ·
1183 1839 1232 1872 Ὠς
1246 1839 1354 1873 ἄρκτος
1368 1839 1568 1874 ἀπορουμένη,
1579 1840 1628 1866 καὶ
1642 1840 1682 1873 ὡς
1699 1840 1867 1876 πάρδαλις.

1070 1882 1130 1908 Τῶν
1157 1882 1205 1918 μὲν
1228 1881 1274 1910 οὖν
1298 1882 1437 1919 δυνάμεων
1461 1884 1635 1920 ὑπογραφικὰ
1657 1885 1792 1921 ὀφθαλμοὶ
1816 1889 1870 1916 καὶ

1070 1928 1169 1965 ἐτέρών
1195 1929 1356 1965 σωματικῶν
1381 1929 1469 1965 μελῶν
1493 1931 1619 1966 ὀνόματα.
1649 1931 1799 1967 Ἱδιοτήτων
1823 1933 1868 1965 δὲ,

1069 1974 1106 2006 ὠς
1129 1974 1205 2011 παρὰ
1229 1974 1258 2000 τὺ
1281 1974 1370 2010 Ἀμὼς
1394 1974 1517 2010 ἀδάμας·
1545 1975 1609 2002 ἴδιον
1635 1975 1689 2012 γὰρ
1712 1976 1762 2011 τῆς
1787 1976 1870 2009 θείας

1070 2018 1176 2053 φύσεως
1199 2020 1230 2046 τὸ
1252 2020 1354 2052 ἀπαθὲς
1378 2021 1424 2047 καὶ
1447 2021 1609 2056 ἀδάμαστον.
1631 2023 1734 2060 Ὥσπερ
1748 2023 1799 2052 οὖν
1816 2028 1870 2054 ml.

1069 2065 1100 2092 τὺ
1116 2065 1281 2093 ὰναλωτικὸν
1296 2066 1350 2092 τῶν
1367 2066 1512 2103 μοχθηρῶν
1528 2067 1620 2101 ἕξεων,
1633 2069 1692 2096 καθ’
1703 2069 1717 2096 ὂ
1733 2071 1850 2106 εἴρηται
1860 2081 1869 2088 ·

1075 2112 1101 2138 Ὁ
1119 2111 1190 2145 Θεὸς
1207 2111 1289 2146 ἡμῶν
1300 2112 1358 2146 πῦρ
1369 2113 1600 2140 καταναλίσκον.
1619 2115 1674 2142 Καὶ
1688 2114 1721 2142 τὰ
1735 2115 1822 2144 λοιπὰ
1839 2118 1871 2145 δὲ

1069 2157 1123 2184 τῶν
1136 2157 1293 2193 εἰρημένων,
1305 2157 1424 2193 πρόδηλα
1438 2159 1493 2190 τοῖς
1504 2158 1664 2192 φιλοπόνως·
1674 2160 1744 2196 καὶὴ
1755 2162 1872 2189 τούτων

1070 2203 1226 2239 ἁναγωγική
1235 2212 1264 2229 τε
1275 2204 1320 2230 καὶ
1328 2203 1491 2240 ἁλληγορικὴ
1500 2204 1610 2241 θεωρία,
1621 2206 1670 2232 οὐκ
1681 2206 1870 2242 ἀσύμφωνον.

1072 2250 1150 2276 Ἔστι
1168 2248 1196 2275 δὲ
1217 2248 1262 2275 καὶ
1282 2248 1387 2280 λαϐεῖν,
1405 2249 1494 2284 λήξεις
1512 2250 1561 2285 μὲν
1578 2251 1623 2277 καὶ
1647 2252 1744 2287 μονὰς,
1762 2253 1796 2279 τὸ
1811 2254 1872 2289 τῆς

236 2298 326 2332 cipere
337 2297 416 2324 liceat
432 2301 520 2325 sortes
536 2301 562 2324 et
576 2297 731 2325 mansiones
743 2304 792 2332 pro
805 2297 903 2324 divinat
916 2299 1021 2323 natura

1076 2295 1147 2327 Βείας
1169 2294 1275 2329 φύσεως
1294 2295 1486 2328 ἀναλλοίωτον,
1501 2296 1548 2323 καὶ
1568 2297 1766 2332 ἀμετάστατον,
1789 2300 1873 2337 ὅπερ

236 2343 454 2370 immutabilitate
475 2347 555 2378 atque
579 2343 743 2374 constantia,
769 2350 828 2378 qua:
853 2350 902 2378 per
922 2342 1020 2370 funda-

236 2388 368 2416 mentales
384 2389 486 2424 lapides
501 2388 663 2416 insinuatur.
688 2387 880 2416 Enianationes
895 2395 960 2416 vero
976 2391 1017 2415 at-

236 2441 290 2468 que
314 2433 489 2466 secretiones,
509 2434 603 2461 dicunt
625 2435 898 2462 communicationem
921 2433 1019 2461 divinae

235 2479 366 2508 bonitatis
396 2480 447 2514 ipsi
475 2481 635 2508 naturaliter
666 2481 872 2514 inexsistentis;
901 2481 1019 2516 exempli

235 2525 322 2561 gratia
337 2532 384 2560 per
400 2525 448 2552 lilii
470 2524 655 2561 fragrantiam,
671 2528 743 2555 unde
757 2528 836 2555 etiam
852 2528 951 2555 dicitur
966 2528 1016 2562 [los

234 2571 332 2605 campi,
347 2575 374 2598 et
389 2571 474 2598 lilium
486 2572 643 2599 convallium
657 2576 678 2600 υ.
694 2572 732 2600 Ita
750 2574 831 2601 etiam
848 2574 963 2601 uniones
975 2574 1017 2601 in-

235 2616 394 2651 telligentiae,
408 2616 481 2652 quod
494 2616 622 2646 nimirum
638 2617 710 2646 Deus
731 2618 808 2645 uniat
832 2626 923 2646 secum
939 2627 1016 2647 crea-

234 2665 321 2694 turas,
333 2664 359 2689 et
375 2661 407 2689 ad
426 2669 455 2689 se
473 2665 622 2694 convertat,
637 2666 667 2689 ut
684 2670 746 2690 cum
767 2662 866 2690 dicitur
881 2663 949 2698 lapis
965 2671 1015 2690 an-

233 2707 346 2742 gularis.
358 2706 475 2735 Ornatus
493 2707 556 2736 item
573 2708 728 2741 muliebres,
740 2709 835 2744 quales
859 2713 922 2737 sunt
945 2709 1016 2745 apud

268 2801 281 2815 υ
294 2795 367 2825 Psal.
383 2805 436 2828 cui,
455 2798 481 2824 ὅ.

235 2831 250 2850 b
267 2829 317 2854 lsa.
334 2837 417 2863 xxv",
433 2830 461 2859 6.

235 2865 250 2917 ξ
350 2873 440 2935 ῗίιὶν,
454 2867 496 2895 16.
538 2867 547 2888 ί
560 2867 632 2897 Psal.
647 2864 745 2902 cxxxv,
761 2869 806 2897 25.
844 2868 859 2890 ι
872 2864 940 2897 Gen.
954 2875 1032 2896 χνιιι.

520 2801 532 2815 ν
543 2797 614 2825 Psal.
634 2806 707 2830 xLIv,
723 2798 749 2825 1.
788 2805 801 2819 ι
815 2797 887 2826 Psal.
903 2806 989 2830 xxx",
1004 2797 1031 2825 6.

511 2837 522 2852 ε
540 2832 611 2860 Psal.
628 2842 709 2865 xxxv,
726 2834 770 2861 10.
806 2833 819 2853 δ
831 2833 886 2861 Jer.
906 2842 937 2866 ιι,
951 2834 995 2860 15.

1077 2833 1120 2860 eb.
1139 2841 1158 2865 ι,
1173 2833 1199 2860 5.
1240 2833 1251 2853 ί
1268 2832 1340 2860 Psal.
1358 2840 1439 2867 xxxv,
1455 2832 1497 2860 10.

1068 2341 1112 2368 διὰ
1126 2340 1180 2368 τῶν
1199 2341 1397 2377 θεμελιωτικῶν
1413 2341 1493 2369 λίθων
1517 2343 1703 2378 ὑποδηλοῦται-
1725 2346 1873 2382 προόδους

1069 2387 1096 2413 δὲ
1107 2386 1305 2422 καὶδιακρίσεις
1315 2386 1362 2422 τὴν
1368 2387 1421 2414 τῶν
1431 2388 1553 2423 φυσικῶς
1564 2389 1638 2424 αὐτῷ
1646 2391 1874 2426 ἐνυπαρχόντων

1067 2432 1176 2466 ἀγαθῶν
1193 2433 1349 2469 μετάδοσιν,
1366 2432 1460 2470 ὥσπερ
1475 2435 1503 2460 ὲν
1519 2434 1708 2470 ὑποδείγματι,
1725 2437 1741 2471 ἡ
1758 2437 1794 2462 ὲκ
1814 2438 1873 2464 τοῦ

1069 2479 1159 2514 κρίνου
1175 2479 1296 2514 εὐοσμία,
1304 2479 1368 2515 παρ’
1377 2479 1390 2505 ὃ
1403 2479 1658 2514 καὶλέγεταιᾶνθος
1668 2481 1721 2508 τοῦ
1736 2483 1873 2515 πεδίου,

1068 2525 1171 2558 κρίνον
1186 2524 1243 2551 τῶν
1259 2524 1413 2552 κοιλάὃων.
1432 2525 1524 2558 Οὕτως
1543 2524 1590 2553 οὖν
1604 2526 1712 2562 νοητέον
1734 2528 1786 2554 καὶ
1811 2528 1875 2562 τὰς

1069 2569 1177 2602 ἑνώσεις
1191 2570 1221 2596 τὸ
1234 2570 1302 2606 πρὸς
1319 2570 1398 2597 αὐτὸν
1415 2571 1622 2607 ὲπιστρεπτικὺν
1638 2572 1683 2599 καὶ
1698 2572 1875 2602 συνδετικὸν

1067 2617 1121 2644 τῶν
1135 2617 1299 2653 κτισμάτων,
1316 2617 1359 2644 διὰ
1377 2616 1424 2644 τοῦ
1441 2618 1636 2654 ἀκρογωνιαίου
1659 2619 1732 2646 λίθου
1757 2620 1873 2656 δηλού-

1069 2670 1157 2697 μενον.
1174 2662 1299 2698 Κόσμους
1313 2661 1341 2688 δὲ
1356 2662 1525 2696 γυναικείους
1542 2662 1575 2690 τὰ
1596 2663 1671 2699 παρὰ
1693 2663 1733 2699 τῷ
1756 2664 1874 2702 Ἡσαΐᾳ.

1067 2707 1188 2743 κείμενα,
1203 2707 1233 2734 τὸ
1249 2706 1415 2734 παντοδαπὸν
1429 2707 1478 2742 τῆς
1493 2707 1566 2740 θείας
1581 2709 1708 2745 προνοίας
1730 2709 1875 2747 ὑπογρὰ-

1346 2797 1455 2832 zApoc.
1482 2805 1512 2830 ιι,
1541 2797 1566 2825 7.
1615 2797 1697 2824 Ilsa.
1727 2805 1795 2831 Lm,
1836 2799 1871 2828 2.

1358 2840 1429 2852 vvvv
1455 2832 1488 2852 4η
1551 2831 1654 2852 Snmlt,
1685 2840 1767 2852 twn-
1814 2834 1853 2852 ΙΙ

1081 2833 1120 2860 eb.
1139 2841 1158 2865 ι,
1173 2833 1199 2860 5.
1240 2833 1251 2853 ί
1268 2832 1340 2860 Psal.
1358 2831 1439 2867 xxxv,
1455 2832 1497 2860 10.
1551 2833 1564 2852 ε
1578 2831 1655 2860 Deut.
1685 2840 1780 2866 χχχιι,
1814 2834 1871 2862 li.

1081 2868 1090 2888 ι
1107 2867 1170 2897 Ose.
1188 2876 1248 2902 xm,
1265 2869 1291 2901 7,
1306 2867 1333 2896 8.
1380 2871 1400 2883 “
1415 2868 1509 2895 Amos.
1528 2874 1578 2896 vn.
1616 2872 1631 2887 ιι
1646 2866 1727 2895 Deut.
1748 2877 1791 2902 iv,
1810 2869 1870 2897 24.

1090 2803 1105 2823 r
1119 2797 1197 2825 Joan.
1212 2806 1231 2831 ι,
1247 2798 1292 2825 18.
