  <div class='ocr_page' id='page_1' title='image "/cluster/home/n/w/nwhite01/storage/ocr_20150623/4/njp.32101010944526/288.png"; bbox 0 0 1950 3065; ppageno 0'>
   <div class='ocr_carea' id='block_1_1' title="bbox 569 179 1274 213">
    <p class='ocr_par' dir='ltr' id='par_1_1' title="bbox 569 179 1274 213">
     <span class='ocr_line' id='line_1_1' title="bbox 569 179 1274 213; baseline 0.006 -5"><span class='ocrx_word' id='word_1_1' title='bbox 569 179 599 208; x_wconf 88' lang='lat' dir='ltr'><strong>S.</strong></span> <span class='ocrx_word' id='word_1_2' title='bbox 619 179 743 209; x_wconf 73' lang='lat' dir='ltr'><strong>MAXIM]</strong></span> <span class='ocrx_word' id='word_1_3' title='bbox 760 181 906 210; x_wconf 80' lang='lat' dir='ltr'><strong>SCHOLIA</strong></span> <span class='ocrx_word' id='word_1_4' title='bbox 923 182 958 211; x_wconf 73' lang='lat' dir='ltr'><strong>1N</strong></span> <span class='ocrx_word' id='word_1_5' title='bbox 974 182 1048 210; x_wconf 83' lang='lat' dir='ltr'><strong>EPP.</strong></span> <span class='ocrx_word' id='word_1_6' title='bbox 1070 183 1098 211; x_wconf 87' lang='lat' dir='ltr'><strong>S.</strong></span> <span class='ocrx_word' id='word_1_7' title='bbox 1116 182 1274 213; x_wconf 78' lang='lat' dir='ltr'><strong>DIONYSII.</strong></span> 
     </span>
    </p>
   </div>
   <div class='ocr_carea' id='block_1_2' title="bbox 1681 187 1734 215">
    <p class='ocr_par' dir='ltr' id='par_1_2' title="bbox 1681 187 1734 215">
     <span class='ocr_line' id='line_1_2' title="bbox 1681 187 1734 215; baseline -0.019 0"><span class='ocrx_word' id='word_1_8' title='bbox 1681 187 1734 215; x_wconf 62' lang='lat'><strong>56!</strong></span> 
     </span>
    </p>
   </div>
   <div class='ocr_carea' id='block_1_3' title="bbox 111 235 893 281">
    <p class='ocr_par' dir='ltr' id='par_1_3' title="bbox 111 235 893 277">
     <span class='ocr_line' id='line_1_3' title="bbox 111 235 893 277; baseline 0.001 -10"><span class='ocrx_word' id='word_1_9' title='bbox 111 247 202 276; x_wconf 70' lang='grc' dir='ltr'>φονια.</span> <span class='ocrx_word' id='word_1_10' title='bbox 218 239 323 275; x_wconf 75' lang='grc' dir='ltr'>Ὠσπερ</span> <span class='ocrx_word' id='word_1_11' title='bbox 335 235 382 266; x_wconf 79' lang='grc' dir='ltr'>οὖν</span> <span class='ocrx_word' id='word_1_12' title='bbox 396 238 443 265; x_wconf 79' lang='grc' dir='ltr'>καὶ</span> <span class='ocrx_word' id='word_1_13' title='bbox 454 238 503 275; x_wconf 79' lang='grc' dir='ltr'>τὴν</span> <span class='ocrx_word' id='word_1_14' title='bbox 515 239 627 274; x_wconf 83' lang='grc' dir='ltr'><strong>χωνείαν</strong></span> <span class='ocrx_word' id='word_1_15' title='bbox 643 240 689 267; x_wconf 81' lang='grc' dir='ltr'>καὶ</span> <span class='ocrx_word' id='word_1_16' title='bbox 710 241 741 267; x_wconf 83' lang='grc' dir='ltr'>τὸ</span> <span class='ocrx_word' id='word_1_17' title='bbox 763 242 893 277; x_wconf 84' lang='grc' dir='ltr'>χωνευτή-</span> 
     </span>
    </p>
   </div>
   <div class='ocr_carea' id='block_1_4' title="bbox 947 235 1735 281">
    <p class='ocr_par' dir='ltr' id='par_1_4' title="bbox 948 241 1735 281">
     <span class='ocr_line' id='line_1_4' title="bbox 948 241 1735 281; baseline 0.006 -13"><span class='ocrx_word' id='word_1_18' title='bbox 948 241 1058 274; x_wconf 85' lang='lat' dir='ltr'><strong>Isaiam,</strong></span> <span class='ocrx_word' id='word_1_19' title='bbox 1073 242 1173 277; x_wconf 89' lang='lat' dir='ltr'><strong>quibus</strong></span> <span class='ocrx_word' id='word_1_20' title='bbox 1188 243 1352 271; x_wconf 72' lang='lat' dir='ltr'><strong>describitur</strong></span> <span class='ocrx_word' id='word_1_21' title='bbox 1365 250 1446 272; x_wconf 86' lang='lat' dir='ltr'><strong>omne</strong></span> <span class='ocrx_word' id='word_1_22' title='bbox 1461 251 1546 281; x_wconf 73' lang='lat' dir='ltr'><strong>genus</strong></span> <span class='ocrx_word' id='word_1_23' title='bbox 1560 244 1658 273; x_wconf 59' lang='lat' dir='ltr'><strong>divina:</strong></span> <span class='ocrx_word' id='word_1_24' title='bbox 1669 253 1735 281; x_wconf 89' lang='lat' dir='ltr'><strong>pro-</strong></span> 
     </span>
    </p>
   </div>
   <div class='ocr_carea' id='block_1_5' title="bbox 110 283 895 322">
    <p class='ocr_par' dir='ltr' id='par_1_5' title="bbox 110 283 895 322">
     <span class='ocr_line' id='line_1_5' title="bbox 110 283 895 322; baseline 0.003 -10"><span class='ocrx_word' id='word_1_25' title='bbox 110 294 164 322; x_wconf 87' lang='grc' dir='ltr'>ριον</span> <span class='ocrx_word' id='word_1_26' title='bbox 180 285 348 320; x_wconf 73' lang='grc' dir='ltr'><strong>ὑποληπτέον</strong></span> <span class='ocrx_word' id='word_1_27' title='bbox 362 283 412 320; x_wconf 85' lang='grc' dir='ltr'>τὴν</span> <span class='ocrx_word' id='word_1_28' title='bbox 427 284 631 321; x_wconf 75' lang='grc' dir='ltr'>ἀναπλαστικὴν</span> <span class='ocrx_word' id='word_1_29' title='bbox 648 286 789 322; x_wconf 89' lang='grc' dir='ltr'>πρόνοιαν,</span> <span class='ocrx_word' id='word_1_30' title='bbox 805 286 822 322; x_wconf 90' lang='grc' dir='ltr'>ἢ</span> <span class='ocrx_word' id='word_1_31' title='bbox 845 287 895 322; x_wconf 85' lang='grc' dir='ltr'>τὴν</span> 
     </span>
    </p>
   </div>
   <div class='ocr_carea' id='block_1_6' title="bbox 109 332 894 370">
    <p class='ocr_par' dir='ltr' id='par_1_6' title="bbox 109 332 894 370">
     <span class='ocr_line' id='line_1_6' title="bbox 109 332 894 370; baseline 0.001 -10"><span class='ocrx_word' id='word_1_32' title='bbox 109 332 275 368; x_wconf 81' lang='grc' dir='ltr'>διακριτικήν</span> <span class='ocrx_word' id='word_1_33' title='bbox 287 340 318 358; x_wconf 87' lang='grc' dir='ltr'><strong>τε</strong></span> <span class='ocrx_word' id='word_1_34' title='bbox 340 332 387 359; x_wconf 75' lang='grc' dir='ltr'>καὶ</span> <span class='ocrx_word' id='word_1_35' title='bbox 401 332 569 369; x_wconf 82' lang='grc' dir='ltr'>καθαρτικὴν</span> <span class='ocrx_word' id='word_1_36' title='bbox 583 333 706 368; x_wconf 84' lang='grc' dir='ltr'>δύναμιν.</span> <span class='ocrx_word' id='word_1_37' title='bbox 724 334 764 360; x_wconf 88' lang='grc' dir='ltr'><strong>Τὰ</strong></span> <span class='ocrx_word' id='word_1_38' title='bbox 777 334 832 370; x_wconf 81' lang='grc' dir='ltr'><strong>γὰρ</strong></span> <span class='ocrx_word' id='word_1_39' title='bbox 845 335 894 370; x_wconf 88' lang='grc' dir='ltr'>τῆς</span> 
     </span>
    </p>
   </div>
   <div class='ocr_carea' id='block_1_7' title="bbox 109 376 894 414">
    <p class='ocr_par' dir='ltr' id='par_1_7' title="bbox 109 376 894 414">
     <span class='ocr_line' id='line_1_7' title="bbox 109 376 894 414; baseline 0.003 -10"><span class='ocrx_word' id='word_1_40' title='bbox 109 376 246 412; x_wconf 78' lang='grc' dir='ltr'><strong>ὁπλιτικῆς</strong></span> <span class='ocrx_word' id='word_1_41' title='bbox 261 376 406 411; x_wconf 80' lang='grc' dir='ltr'><strong>διασκευῆς</strong></span> <span class='ocrx_word' id='word_1_42' title='bbox 424 376 545 413; x_wconf 81' lang='grc' dir='ltr'>πρόδηλα</span> <span class='ocrx_word' id='word_1_43' title='bbox 564 377 614 413; x_wconf 81' lang='grc' dir='ltr'>μὲν</span> <span class='ocrx_word' id='word_1_44' title='bbox 631 377 696 405; x_wconf 77' lang='grc' dir='ltr'>ἔνθα</span> <span class='ocrx_word' id='word_1_45' title='bbox 709 379 829 405; x_wconf 82' lang='grc' dir='ltr'>κεῖνται·</span> <span class='ocrx_word' id='word_1_46' title='bbox 845 379 894 414; x_wconf 75' lang='grc' dir='ltr'>δη‹</span> 
     </span>
    </p>
   </div>
   <div class='ocr_carea' id='block_1_8' title="bbox 109 421 894 458">
    <p class='ocr_par' dir='ltr' id='par_1_8' title="bbox 109 421 894 458">
     <span class='ocr_line' id='line_1_8' title="bbox 109 421 894 458; baseline 0.001 -8"><span class='ocrx_word' id='word_1_47' title='bbox 109 421 180 450; x_wconf 80' lang='grc' dir='ltr'>λοῦσι</span> <span class='ocrx_word' id='word_1_48' title='bbox 193 422 222 449; x_wconf 85' lang='grc' dir='ltr'><strong>δέ</strong></span> <span class='ocrx_word' id='word_1_49' title='bbox 238 421 269 448; x_wconf 80' lang='grc' dir='ltr'>τὸ</span> <span class='ocrx_word' id='word_1_50' title='bbox 283 421 473 458; x_wconf 79' lang='grc' dir='ltr'>καθαιρετικέν</span> <span class='ocrx_word' id='word_1_51' title='bbox 493 422 539 449; x_wconf 80' lang='grc' dir='ltr'>καὶ</span> <span class='ocrx_word' id='word_1_52' title='bbox 561 423 725 458; x_wconf 78' lang='grc' dir='ltr'>ἀφανιστικὰ</span> <span class='ocrx_word' id='word_1_53' title='bbox 749 424 803 451; x_wconf 88' lang='grc' dir='ltr'><strong>τῶν</strong></span> <span class='ocrx_word' id='word_1_54' title='bbox 817 425 894 451; x_wconf 87' lang='grc' dir='ltr'>ἐναν-</span> 
     </span>
    </p>
   </div>
   <div class='ocr_carea' id='block_1_9' title="bbox 108 467 895 504">
    <p class='ocr_par' dir='ltr' id='par_1_9' title="bbox 108 467 895 504">
     <span class='ocr_line' id='line_1_9' title="bbox 108 467 895 504; baseline 0.003 -9"><span class='ocrx_word' id='word_1_55' title='bbox 108 469 179 495; x_wconf 89' lang='grc' dir='ltr'>τίων.</span> <span class='ocrx_word' id='word_1_56' title='bbox 194 467 368 504; x_wconf 78' lang='grc' dir='ltr'>Βαρϐαρικὰς</span> <span class='ocrx_word' id='word_1_57' title='bbox 381 468 410 495; x_wconf 81' lang='grc' dir='ltr'>δὲ</span> <span class='ocrx_word' id='word_1_58' title='bbox 425 468 581 500; x_wconf 80' lang='grc' dir='ltr'><strong>ὁπλοποιίας</strong></span> <span class='ocrx_word' id='word_1_59' title='bbox 597 468 661 501; x_wconf 70' lang='grc' dir='ltr'>ἴσως</span> <span class='ocrx_word' id='word_1_60' title='bbox 676 470 764 497; x_wconf 82' lang='grc' dir='ltr'>ἐκεῖνο</span> <span class='ocrx_word' id='word_1_61' title='bbox 776 470 806 497; x_wconf 89' lang='grc' dir='ltr'><strong>τό</strong></span> <span class='ocrx_word' id='word_1_62' title='bbox 817 478 824 485; x_wconf 83' lang='grc'><strong>”</strong></span> <span class='ocrx_word' id='word_1_63' title='bbox 843 470 895 497; x_wconf 77' lang='grc' dir='ltr'><em>Ἐν</em></span> 
     </span>
    </p>
   </div>
   <div class='ocr_carea' id='block_1_10' title="bbox 109 514 894 551">
    <p class='ocr_par' dir='ltr' id='par_1_10' title="bbox 109 514 894 551">
     <span class='ocr_line' id='line_1_10' title="bbox 109 514 894 551; baseline 0.004 -10"><span class='ocrx_word' id='word_1_64' title='bbox 109 514 250 550; x_wconf 78' lang='grc' dir='ltr'>ιματιο-μῷ</span> <span class='ocrx_word' id='word_1_65' title='bbox 256 514 417 549; x_wconf 79' lang='grc' dir='ltr'><strong>διαχρύσῳ,</strong></span> <span class='ocrx_word' id='word_1_66' title='bbox 429 514 486 542; x_wconf 80' lang='grc' dir='ltr'>καί.</span> <span class='ocrx_word' id='word_1_67' title='bbox 500 514 660 549; x_wconf 80' lang='grc' dir='ltr'>Περίζωσαι</span> <span class='ocrx_word' id='word_1_68' title='bbox 674 515 732 550; x_wconf 74' lang='grc' dir='ltr'><strong>τὴν</strong></span> <span class='ocrx_word' id='word_1_69' title='bbox 740 516 894 551; x_wconf 75' lang='grc' dir='ltr'><strong>ῥομφαίαν</strong></span> 
     </span>
    </p>
   </div>
   <div class='ocr_carea' id='block_1_11' title="bbox 108 560 892 597">
    <p class='ocr_par' dir='ltr' id='par_1_11' title="bbox 108 560 892 597">
     <span class='ocr_line' id='line_1_11' title="bbox 108 560 892 597; baseline 0.003 -10"><span class='ocrx_word' id='word_1_70' title='bbox 108 567 162 588; x_wconf 85' lang='grc' dir='ltr'>σου</span> <span class='ocrx_word' id='word_1_71' title='bbox 169 560 218 587; x_wconf 78' lang='grc' dir='ltr'><strong>ἐπὶ</strong></span> <span class='ocrx_word' id='word_1_72' title='bbox 227 560 280 587; x_wconf 83' lang='grc' dir='ltr'><strong>τὸν</strong></span> <span class='ocrx_word' id='word_1_73' title='bbox 286 561 380 595; x_wconf 83' lang='grc' dir='ltr'>μηρόν</span> <span class='ocrx_word' id='word_1_74' title='bbox 387 568 456 591; x_wconf 84' lang='grc' dir='ltr'>σου,</span> <span class='ocrx_word' id='word_1_75' title='bbox 464 560 583 587; x_wconf 69' lang='grc' dir='ltr'>δυνατά.</span> <span class='ocrx_word' id='word_1_76' title='bbox 593 561 624 587; x_wconf 85' lang='grc' dir='ltr'><strong><em>Ἦ</em></strong></span> <span class='ocrx_word' id='word_1_77' title='bbox 632 560 687 597; x_wconf 86' lang='grc' dir='ltr'><strong>γὰρ</strong></span> <span class='ocrx_word' id='word_1_78' title='bbox 696 562 816 597; x_wconf 78' lang='grc' dir='ltr'><strong>ῥομφαία</strong></span> <span class='ocrx_word' id='word_1_79' title='bbox 826 561 892 597; x_wconf 83' lang='grc' dir='ltr'>βαρ-</span> 
     </span>
    </p>
   </div>
   <div class='ocr_carea' id='block_1_12' title="bbox 108 606 893 643">
    <p class='ocr_par' dir='ltr' id='par_1_12' title="bbox 108 606 893 643">
     <span class='ocr_line' id='line_1_12' title="bbox 108 606 893 643; baseline 0.003 -10"><span class='ocrx_word' id='word_1_80' title='bbox 108 606 215 642; x_wconf 72' lang='grc' dir='ltr'>ϐαρικόν</span> <span class='ocrx_word' id='word_1_81' title='bbox 224 606 298 633; x_wconf 83' lang='grc' dir='ltr'>ἐστιν</span> <span class='ocrx_word' id='word_1_82' title='bbox 311 606 401 639; x_wconf 82' lang='grc' dir='ltr'>ὅπλον,</span> <span class='ocrx_word' id='word_1_83' title='bbox 414 607 451 639; x_wconf 86' lang='grc' dir='ltr'><strong>ὡς</strong></span> <span class='ocrx_word' id='word_1_84' title='bbox 467 607 568 642; x_wconf 73' lang='grc' dir='ltr'>ἱστορεῖ</span> <span class='ocrx_word' id='word_1_85' title='bbox 581 606 729 643; x_wconf 77' lang='grc' dir='ltr'>Φύλαρχος.</span> <span class='ocrx_word' id='word_1_86' title='bbox 738 607 852 643; x_wconf 87' lang='grc' dir='ltr'>Ὁμοίως</span> <span class='ocrx_word' id='word_1_87' title='bbox 864 609 893 635; x_wconf 78' lang='grc' dir='ltr'>δὲ</span> 
     </span>
    </p>
   </div>
   <div class='ocr_carea' id='block_1_13' title="bbox 107 652 890 690">
    <p class='ocr_par' dir='ltr' id='par_1_13' title="bbox 107 652 890 690">
     <span class='ocr_line' id='line_1_13' title="bbox 107 652 890 690; baseline 0.001 -10"><span class='ocrx_word' id='word_1_88' title='bbox 107 652 150 681; x_wconf 77' lang='grc' dir='ltr'>καὶ</span> <span class='ocrx_word' id='word_1_89' title='bbox 159 652 291 686; x_wconf 74' lang='grc' dir='ltr'>βάναυσός</span> <span class='ocrx_word' id='word_1_90' title='bbox 296 654 354 680; x_wconf 82' lang='grc' dir='ltr'>ἐστι</span> <span class='ocrx_word' id='word_1_91' title='bbox 362 653 416 685; x_wconf 75' lang='grc' dir='ltr'>πᾶς</span> <span class='ocrx_word' id='word_1_92' title='bbox 422 653 547 689; x_wconf 82' lang='grc' dir='ltr'><strong>τεχνίτης</strong></span> <span class='ocrx_word' id='word_1_93' title='bbox 552 652 595 679; x_wconf 85' lang='grc' dir='ltr'><strong>διὰ</strong></span> <span class='ocrx_word' id='word_1_94' title='bbox 603 652 689 689; x_wconf 83' lang='grc' dir='ltr'>πυρὸς</span> <span class='ocrx_word' id='word_1_95' title='bbox 698 653 798 689; x_wconf 80' lang='grc' dir='ltr'>ἐργαζό</span> <span class='ocrx_word' id='word_1_96' title='bbox 801 662 890 690; x_wconf 89' lang='grc' dir='ltr'>μενος.</span> 
     </span>
    </p>
   </div>
   <div class='ocr_carea' id='block_1_14' title="bbox 944 287 1734 327">
    <p class='ocr_par' dir='ltr' id='par_1_14' title="bbox 944 287 1734 327">
     <span class='ocr_line' id='line_1_14' title="bbox 944 287 1734 327; baseline 0.005 -13"><span class='ocrx_word' id='word_1_97' title='bbox 944 287 1071 316; x_wconf 71' lang='lat' dir='ltr'><strong>videmiae</strong></span> <span class='ocrx_word' id='word_1_98' title='bbox 1083 293 1106 316; x_wconf 77' lang='grc' dir='ltr'><strong>ι’.</strong></span> <span class='ocrx_word' id='word_1_99' title='bbox 1120 287 1354 322; x_wconf 84' lang='lat' dir='ltr'><strong>Quemadmodum</strong></span> <span class='ocrx_word' id='word_1_100' title='bbox 1368 290 1449 318; x_wconf 89' lang='lat' dir='ltr'><strong>etiam</strong></span> <span class='ocrx_word' id='word_1_101' title='bbox 1463 289 1652 318; x_wconf 89' lang='lat' dir='ltr'><strong>conﬁatoriam</strong></span> <span class='ocrx_word' id='word_1_102' title='bbox 1666 291 1734 327; x_wconf 72' lang='lat' dir='ltr'><strong>ﬁgu-</strong></span> 
     </span>
    </p>
   </div>
   <div class='ocr_carea' id='block_1_15' title="bbox 943 334 1734 373">
    <p class='ocr_par' dir='ltr' id='par_1_15' title="bbox 943 334 1734 373">
     <span class='ocr_line' id='line_1_15' title="bbox 943 334 1734 373; baseline 0.005 -12"><span class='ocrx_word' id='word_1_103' title='bbox 943 334 1027 362; x_wconf 87' lang='lat' dir='ltr'><strong>linam</strong></span> <span class='ocrx_word' id='word_1_104' title='bbox 1039 334 1177 363; x_wconf 92' lang='lat' dir='ltr'><strong>ofﬁcinam</strong></span> <span class='ocrx_word' id='word_1_105' title='bbox 1193 335 1316 371; x_wconf 88' lang='lat' dir='ltr'><strong>accipere</strong></span> <span class='ocrx_word' id='word_1_106' title='bbox 1331 340 1448 371; x_wconf 89' lang='lat' dir='ltr'><strong>oportet,</strong></span> <span class='ocrx_word' id='word_1_107' title='bbox 1464 341 1494 364; x_wconf 92' lang='lat' dir='ltr'><strong>ut</strong></span> <span class='ocrx_word' id='word_1_108' title='bbox 1508 337 1662 373; x_wconf 82' lang='lat' dir='ltr'><strong>signiﬁcent</strong></span> <span class='ocrx_word' id='word_1_109' title='bbox 1676 337 1734 365; x_wconf 69' lang='lat' dir='ltr'><strong>liarc</strong></span> 
     </span>
    </p>
   </div>
   <div class='ocr_carea' id='block_1_16' title="bbox 943 380 1732 419">
    <p class='ocr_par' dir='ltr' id='par_1_16' title="bbox 943 380 1732 419">
     <span class='ocr_line' id='line_1_16' title="bbox 943 380 1732 419; baseline 0.001 -10"><span class='ocrx_word' id='word_1_110' title='bbox 943 380 971 409; x_wconf 92' lang='lat' dir='ltr'><strong>in</strong></span> <span class='ocrx_word' id='word_1_111' title='bbox 988 381 1042 409; x_wconf 91' lang='lat' dir='ltr'><strong>Deo</strong></span> <span class='ocrx_word' id='word_1_112' title='bbox 1055 382 1253 417; x_wconf 74' lang='lat' dir='ltr'><strong>providentiam</strong></span> <span class='ocrx_word' id='word_1_113' title='bbox 1275 381 1471 410; x_wconf 87' lang='lat' dir='ltr'><strong>reformantem</strong></span> <span class='ocrx_word' id='word_1_114' title='bbox 1489 390 1521 410; x_wconf 87' lang='lat' dir='ltr'><strong>ac</strong></span> <span class='ocrx_word' id='word_1_115' title='bbox 1542 383 1732 419; x_wconf 74' lang='lat' dir='ltr'><strong>reﬁngentem,</strong></span> 
     </span>
    </p>
   </div>
   <div class='ocr_carea' id='block_1_17' title="bbox 943 428 1733 465">
    <p class='ocr_par' dir='ltr' id='par_1_17' title="bbox 943 428 1733 465">
     <span class='ocr_line' id='line_1_17' title="bbox 943 428 1733 465; baseline 0.003 -10"><span class='ocrx_word' id='word_1_116' title='bbox 943 431 990 455; x_wconf 88' lang='lat' dir='ltr'><strong>aut</strong></span> <span class='ocrx_word' id='word_1_117' title='bbox 1013 428 1067 455; x_wconf 85' lang='lat' dir='ltr'><strong>vim</strong></span> <span class='ocrx_word' id='word_1_118' title='bbox 1089 431 1117 456; x_wconf 88' lang='lat' dir='ltr'><strong>et</strong></span> <span class='ocrx_word' id='word_1_119' title='bbox 1136 428 1293 457; x_wconf 74' lang='lat' dir='ltr'><strong>facultatem</strong></span> <span class='ocrx_word' id='word_1_120' title='bbox 1323 429 1483 456; x_wconf 80' lang='lat' dir='ltr'><strong>secernendi</strong></span> <span class='ocrx_word' id='word_1_121' title='bbox 1507 433 1534 457; x_wconf 91' lang='lat' dir='ltr'><strong>et</strong></span> <span class='ocrx_word' id='word_1_122' title='bbox 1557 429 1733 465; x_wconf 79' lang='lat' dir='ltr'><strong>repurgandi.</strong></span> 
     </span>
    </p>
   </div>
   <div class='ocr_carea' id='block_1_18' title="bbox 942 472 1734 511">
    <p class='ocr_par' dir='ltr' id='par_1_18' title="bbox 942 472 1734 511">
     <span class='ocr_line' id='line_1_18' title="bbox 942 472 1734 511; baseline 0.003 -10"><span class='ocrx_word' id='word_1_123' title='bbox 942 472 1020 507; x_wconf 85' lang='lat' dir='ltr'><strong>Quod</strong></span> <span class='ocrx_word' id='word_1_124' title='bbox 1037 474 1109 502; x_wconf 89' lang='lat' dir='ltr'><strong>enim</strong></span> <span class='ocrx_word' id='word_1_125' title='bbox 1124 473 1158 501; x_wconf 91' lang='lat' dir='ltr'><strong>ad</strong></span> <span class='ocrx_word' id='word_1_126' title='bbox 1173 481 1312 502; x_wconf 90' lang='lat' dir='ltr'><strong>armorum</strong></span> <span class='ocrx_word' id='word_1_127' title='bbox 1328 475 1511 502; x_wconf 83' lang='lat' dir='ltr'><strong>instrumenta</strong></span> <span class='ocrx_word' id='word_1_128' title='bbox 1530 475 1657 510; x_wconf 74' lang='lat' dir='ltr'><strong>pertinet,</strong></span> <span class='ocrx_word' id='word_1_129' title='bbox 1674 483 1734 511; x_wconf 82' lang='lat' dir='ltr'><strong>quae</strong></span> 
     </span>
    </p>
   </div>
   <div class='ocr_carea' id='block_1_19' title="bbox 943 519 1734 556">
    <p class='ocr_par' dir='ltr' id='par_1_19' title="bbox 943 519 1734 556">
     <span class='ocr_line' id='line_1_19' title="bbox 943 519 1734 556; baseline 0.003 -10"><span class='ocrx_word' id='word_1_130' title='bbox 943 519 987 546; x_wconf 89' lang='lat' dir='ltr'><strong>bic</strong></span> <span class='ocrx_word' id='word_1_131' title='bbox 1013 519 1104 554; x_wconf 81' lang='lat' dir='ltr'><strong>palam</strong></span> <span class='ocrx_word' id='word_1_132' title='bbox 1128 524 1321 553; x_wconf 78' lang='lat' dir='ltr'><strong>recensentur,</strong></span> <span class='ocrx_word' id='word_1_133' title='bbox 1346 520 1490 556; x_wconf 75' lang='lat' dir='ltr'><strong>designant</strong></span> <span class='ocrx_word' id='word_1_134' title='bbox 1514 521 1569 548; x_wconf 86' lang='lat' dir='ltr'><strong>vim</strong></span> <span class='ocrx_word' id='word_1_135' title='bbox 1597 522 1734 549; x_wconf 88' lang='lat' dir='ltr'><strong>contraria</strong></span> 
     </span>
    </p>
   </div>
   <div class='ocr_carea' id='block_1_20' title="bbox 941 563 1734 594">
    <p class='ocr_par' dir='ltr' id='par_1_20' title="bbox 941 563 1734 594">
     <span class='ocr_line' id='line_1_20' title="bbox 941 563 1734 594; baseline 0.003 -3"><span class='ocrx_word' id='word_1_136' title='bbox 941 563 1099 592; x_wconf 79' lang='lat' dir='ltr'><strong>destruendi</strong></span> <span class='ocrx_word' id='word_1_137' title='bbox 1114 569 1141 593; x_wconf 89' lang='lat' dir='ltr'><strong>et</strong></span> <span class='ocrx_word' id='word_1_138' title='bbox 1156 565 1292 594; x_wconf 88' lang='lat' dir='ltr'><strong>abolendi.</strong></span> <span class='ocrx_word' id='word_1_139' title='bbox 1318 565 1482 594; x_wconf 80' lang='lat' dir='ltr'><strong>Barbaricas</strong></span> <span class='ocrx_word' id='word_1_140' title='bbox 1500 570 1591 593; x_wconf 89' lang='lat' dir='ltr'><strong>autem</strong></span> <span class='ocrx_word' id='word_1_141' title='bbox 1613 571 1734 594; x_wconf 88' lang='lat' dir='ltr'><strong>armatu-</strong></span> 
     </span>
    </p>
   </div>
   <div class='ocr_carea' id='block_1_21' title="bbox 940 611 1735 647">
    <p class='ocr_par' dir='ltr' id='par_1_21' title="bbox 940 611 1735 647">
     <span class='ocr_line' id='line_1_21' title="bbox 940 611 1735 647; baseline 0.001 -9"><span class='ocrx_word' id='word_1_142' title='bbox 940 618 987 639; x_wconf 88' lang='lat' dir='ltr'><strong>ras</strong></span> <span class='ocrx_word' id='word_1_143' title='bbox 1008 611 1078 640; x_wconf 83' lang='lat' dir='ltr'><strong>forte</strong></span> <span class='ocrx_word' id='word_1_144' title='bbox 1104 612 1172 639; x_wconf 87' lang='lat' dir='ltr'><strong>illud</strong></span> <span class='ocrx_word' id='word_1_145' title='bbox 1189 622 1196 640; x_wconf 89' lang='lat'><strong>:</strong></span> <span class='ocrx_word' id='word_1_146' title='bbox 1215 612 1248 640; x_wconf 84' lang='lat' dir='ltr'><strong>In</strong></span> <span class='ocrx_word' id='word_1_147' title='bbox 1269 613 1363 640; x_wconf 79' lang='lat' dir='ltr'><strong>vestitu</strong></span> <span class='ocrx_word' id='word_1_148' title='bbox 1383 612 1522 644; x_wconf 85' lang='lat' dir='ltr'><strong>deaurato,</strong></span> <span class='ocrx_word' id='word_1_149' title='bbox 1541 616 1578 645; x_wconf 89' lang='lat' dir='ltr'><strong>et,</strong></span> <span class='ocrx_word' id='word_1_150' title='bbox 1594 612 1735 647; x_wconf 77' lang='lat' dir='ltr'><strong>Accingere</strong></span> 
     </span>
    </p>
   </div>
   <div class='ocr_carea' id='block_1_22' title="bbox 939 657 1735 693">
    <p class='ocr_par' dir='ltr' id='par_1_22' title="bbox 939 657 1735 693">
     <span class='ocr_line' id='line_1_22' title="bbox 939 657 1735 693; baseline 0.001 -9"><span class='ocrx_word' id='word_1_151' title='bbox 939 657 1030 692; x_wconf 80' lang='lat' dir='ltr'><strong>gladio</strong></span> <span class='ocrx_word' id='word_1_152' title='bbox 1053 666 1131 693; x_wconf 81' lang='lat' dir='ltr'><strong>super</strong></span> <span class='ocrx_word' id='word_1_153' title='bbox 1146 659 1232 693; x_wconf 80' lang='lat' dir='ltr'><strong>femur</strong></span> <span class='ocrx_word' id='word_1_154' title='bbox 1246 663 1330 691; x_wconf 86' lang='lat' dir='ltr'><strong>tuum,</strong></span> <span class='ocrx_word' id='word_1_155' title='bbox 1346 658 1526 693; x_wconf 73' lang='lat' dir='ltr'><strong>potentissime</strong></span> <span class='ocrx_word' id='word_1_156' title='bbox 1536 663 1560 684; x_wconf 68' lang='grc' dir='ltr'><strong>εἱ.</strong></span> <span class='ocrx_word' id='word_1_157' title='bbox 1580 657 1627 686; x_wconf 87' lang='lat' dir='ltr'><strong>Est</strong></span> <span class='ocrx_word' id='word_1_158' title='bbox 1643 661 1735 685; x_wconf 89' lang='lat' dir='ltr'><strong>autem</strong></span> 
     </span>
    </p>
   </div>
   <div class='ocr_carea' id='block_1_23' title="bbox 105 698 1735 735">
    <p class='ocr_par' dir='ltr' id='par_1_23' title="bbox 105 698 1735 735">
     <span class='ocr_line' id='line_1_23' title="bbox 105 698 1735 735; baseline 0.002 -7"><span class='ocrx_word' id='word_1_159' title='bbox 105 699 259 735; x_wconf 73' lang='lat' dir='ltr'><strong>rbomphaea</strong></span> <span class='ocrx_word' id='word_1_160' title='bbox 273 699 446 728; x_wconf 87' lang='lat' dir='ltr'><strong>barbaricum</strong></span> <span class='ocrx_word' id='word_1_161' title='bbox 468 699 564 733; x_wconf 86' lang='lat' dir='ltr'><strong>telum,</strong></span> <span class='ocrx_word' id='word_1_162' title='bbox 580 703 610 726; x_wconf 94' lang='lat' dir='ltr'><strong>ut</strong></span> <span class='ocrx_word' id='word_1_163' title='bbox 630 699 670 727; x_wconf 85' lang='lat' dir='ltr'><strong>ait</strong></span> <span class='ocrx_word' id='word_1_164' title='bbox 692 698 861 735; x_wconf 84' lang='lat' dir='ltr'><strong>Pbylarchus</strong></span> <span class='ocrx_word' id='word_1_165' title='bbox 884 701 1042 733; x_wconf 88' lang='lat' dir='ltr'><strong>historicus.</strong></span> <span class='ocrx_word' id='word_1_166' title='bbox 1063 704 1195 733; x_wconf 86' lang='lat' dir='ltr'><strong>Similiter</strong></span> <span class='ocrx_word' id='word_1_167' title='bbox 1210 708 1237 733; x_wconf 88' lang='lat' dir='ltr'><strong>et</strong></span> <span class='ocrx_word' id='word_1_168' title='bbox 1255 704 1426 732; x_wconf 85' lang='lat' dir='ltr'><strong>fornacarius</strong></span> <span class='ocrx_word' id='word_1_169' title='bbox 1453 708 1495 732; x_wconf 85' lang='lat' dir='ltr'><strong>est</strong></span> <span class='ocrx_word' id='word_1_170' title='bbox 1522 704 1611 731; x_wconf 90' lang='lat' dir='ltr'><strong>omnis</strong></span> <span class='ocrx_word' id='word_1_171' title='bbox 1640 703 1735 731; x_wconf 80' lang='lat' dir='ltr'><strong>artifex</strong></span> 
     </span>
    </p>
   </div>
   <div class='ocr_carea' id='block_1_24' title="bbox 108 747 476 784">
    <p class='ocr_par' dir='ltr' id='par_1_24' title="bbox 108 747 476 784">
     <span class='ocr_line' id='line_1_24' title="bbox 108 747 476 784; baseline 0 -10"><span class='ocrx_word' id='word_1_172' title='bbox 108 748 158 784; x_wconf 77' lang='lat' dir='ltr'><strong>qui‘</strong></span> <span class='ocrx_word' id='word_1_173' title='bbox 169 755 217 782; x_wconf 91' lang='lat' dir='ltr'><strong>per</strong></span> <span class='ocrx_word' id='word_1_174' title='bbox 230 747 320 782; x_wconf 78' lang='lat' dir='ltr'><strong>ignem</strong></span> <span class='ocrx_word' id='word_1_175' title='bbox 336 751 476 783; x_wconf 82' lang='lat' dir='ltr'><strong>operatur.</strong></span> 
     </span>
    </p>
   </div>
   <div class='ocr_carea' id='block_1_25' title="bbox 138 792 891 829">
    <p class='ocr_par' dir='ltr' id='par_1_25' title="bbox 138 792 891 829">
     <span class='ocr_line' id='line_1_25' title="bbox 138 792 891 829; baseline 0.001 -10"><span class='ocrx_word' id='word_1_176' title='bbox 138 793 193 820; x_wconf 77' lang='grc' dir='ltr'><strong>Καὶ</strong></span> <span class='ocrx_word' id='word_1_177' title='bbox 209 792 312 826; x_wconf 79' lang='grc' dir='ltr'>δαῒτάς</span> <span class='ocrx_word' id='word_1_178' title='bbox 327 801 420 826; x_wconf 75' lang='grc' dir='ltr'>τινας.</span> <span class='ocrx_word' id='word_1_179' title='bbox 437 793 537 825; x_wconf 79' lang='grc' dir='ltr'>Δαϊτάς</span> <span class='ocrx_word' id='word_1_180' title='bbox 549 801 625 825; x_wconf 85' lang='grc' dir='ltr'>τινας</span> <span class='ocrx_word' id='word_1_181' title='bbox 640 792 689 825; x_wconf 81' lang='grc' dir='ltr'>τὰς</span> <span class='ocrx_word' id='word_1_182' title='bbox 704 793 821 828; x_wconf 81' lang='grc' dir='ltr'><strong>εὐωχίας</strong></span> <span class='ocrx_word' id='word_1_183' title='bbox 839 801 891 829; x_wconf 85' lang='grc' dir='ltr'>φη-</span> 
     </span>
    </p>
   </div>
   <div class='ocr_carea' id='block_1_26' title="bbox 106 839 892 875">
    <p class='ocr_par' dir='ltr' id='par_1_26' title="bbox 106 839 892 875">
     <span class='ocr_line' id='line_1_26' title="bbox 106 839 892 875; baseline -0.001 -8"><span class='ocrx_word' id='word_1_184' title='bbox 106 840 156 873; x_wconf 76' lang='grc' dir='ltr'>σὶν,</span> <span class='ocrx_word' id='word_1_185' title='bbox 174 839 212 871; x_wconf 82' lang='grc' dir='ltr'>ὡς</span> <span class='ocrx_word' id='word_1_186' title='bbox 226 840 255 866; x_wconf 83' lang='grc' dir='ltr'><strong>ἐν</strong></span> <span class='ocrx_word' id='word_1_187' title='bbox 272 839 311 875; x_wconf 84' lang='grc' dir='ltr'><strong>τῷ</strong></span> <span class='ocrx_word' id='word_1_188' title='bbox 326 839 493 875; x_wconf 83' lang='grc' dir='ltr'>Εὑαγγελίῳ,</span> <span class='ocrx_word' id='word_1_189' title='bbox 506 840 551 867; x_wconf 79' lang='grc' dir='ltr'>ὅτε</span> <span class='ocrx_word' id='word_1_190' title='bbox 574 841 588 867; x_wconf 88' lang='grc' dir='ltr'><strong>ό</strong></span> <span class='ocrx_word' id='word_1_191' title='bbox 609 839 707 875; x_wconf 85' lang='grc' dir='ltr'><strong>μόσχος</strong></span> <span class='ocrx_word' id='word_1_192' title='bbox 726 840 741 866; x_wconf 84' lang='grc' dir='ltr'>ὁ</span> <span class='ocrx_word' id='word_1_193' title='bbox 761 839 892 872; x_wconf 76' lang='grc' dir='ltr'><strong>σιτευτὸς,</strong></span> 
     </span>
    </p>
   </div>
   <div class='ocr_carea' id='block_1_27' title="bbox 105 885 709 922">
    <p class='ocr_par' dir='ltr' id='par_1_27' title="bbox 105 885 709 922">
     <span class='ocr_line' id='line_1_27' title="bbox 105 885 709 922; baseline -0.003 -8"><span class='ocrx_word' id='word_1_194' title='bbox 105 888 150 914; x_wconf 72' lang='grc' dir='ltr'>καὶ</span> <span class='ocrx_word' id='word_1_195' title='bbox 160 887 195 914; x_wconf 87' lang='grc' dir='ltr'><strong>τὰ</strong></span> <span class='ocrx_word' id='word_1_196' title='bbox 206 886 298 919; x_wconf 79' lang='grc' dir='ltr'>λοιπὰ,</span> <span class='ocrx_word' id='word_1_197' title='bbox 313 887 417 921; x_wconf 87' lang='grc' dir='ltr'>γίνεται</span> <span class='ocrx_word' id='word_1_198' title='bbox 434 888 463 913; x_wconf 88' lang='grc' dir='ltr'><strong>ἐν</strong></span> <span class='ocrx_word' id='word_1_199' title='bbox 481 885 520 922; x_wconf 84' lang='grc' dir='ltr'>τῷ</span> <span class='ocrx_word' id='word_1_200' title='bbox 536 885 632 922; x_wconf 86' lang='grc' dir='ltr'>ἀσώτῳ</span> <span class='ocrx_word' id='word_1_201' title='bbox 648 886 709 922; x_wconf 81' lang='grc' dir='ltr'><strong>υἱῷ.</strong></span> 
     </span>
    </p>
   </div>
   <div class='ocr_carea' id='block_1_28' title="bbox 140 931 933 974">
    <p class='ocr_par' dir='ltr' id='par_1_28' title="bbox 140 931 933 974">
     <span class='ocr_line' id='line_1_28' title="bbox 140 931 933 974; baseline -0.003 -14"><span class='ocrx_word' id='word_1_202' title='bbox 140 933 179 960; x_wconf 85' lang='grc' dir='ltr'><em>Τὰ</em></span> <span class='ocrx_word' id='word_1_203' title='bbox 195 932 341 967; x_wconf 74' lang='grc' dir='ltr'><strong>πολυειδῆ</strong></span> <span class='ocrx_word' id='word_1_204' title='bbox 353 933 401 960; x_wconf 78' lang='grc' dir='ltr'>καὶ</span> <span class='ocrx_word' id='word_1_205' title='bbox 414 932 501 965; x_wconf 76' lang='grc' dir='ltr'><strong>λοξά.</strong></span> <span class='ocrx_word' id='word_1_206' title='bbox 519 931 668 968; x_wconf 77' lang='grc' dir='ltr'>Ἀμαρτίας</span> <span class='ocrx_word' id='word_1_207' title='bbox 681 931 852 966; x_wconf 77' lang='grc' dir='ltr'>ἐπαγγελιῶν</span> <span class='ocrx_word' id='word_1_208' title='bbox 865 932 894 958; x_wconf 84' lang='grc' dir='ltr'><strong>ἐν</strong></span> <span class='ocrx_word' id='word_1_209' title='bbox 910 944 933 974; x_wconf 69' lang='grc' dir='ltr'><strong>Β</strong></span> 
     </span>
    </p>
   </div>
   <div class='ocr_carea' id='block_1_29' title="bbox 104 976 893 1014">
    <p class='ocr_par' dir='ltr' id='par_1_29' title="bbox 104 976 893 1014">
     <span class='ocr_line' id='line_1_29' title="bbox 104 976 893 1014; baseline -0.004 -8"><span class='ocrx_word' id='word_1_210' title='bbox 104 978 208 1010; x_wconf 80' lang='grc' dir='ltr'>τούτοις</span> <span class='ocrx_word' id='word_1_211' title='bbox 218 977 285 1014; x_wconf 76' lang='grc' dir='ltr'>φησὶ</span> <span class='ocrx_word' id='word_1_212' title='bbox 296 978 326 1004; x_wconf 81' lang='grc' dir='ltr'>τὸ</span> <span class='ocrx_word' id='word_1_213' title='bbox 335 977 363 1005; x_wconf 78' lang='grc' dir='ltr'><strong>ἐν</strong></span> <span class='ocrx_word' id='word_1_214' title='bbox 374 986 429 1004; x_wconf 89' lang='grc' dir='ltr'>τισι</span> <span class='ocrx_word' id='word_1_215' title='bbox 438 978 493 1005; x_wconf 90' lang='grc' dir='ltr'><strong>τῶν</strong></span> <span class='ocrx_word' id='word_1_216' title='bbox 504 978 694 1013; x_wconf 78' lang='grc' dir='ltr'>προρρήσεων,</span> <span class='ocrx_word' id='word_1_217' title='bbox 705 977 776 1004; x_wconf 83' lang='grc' dir='ltr'>κατὰ</span> <span class='ocrx_word' id='word_1_218' title='bbox 787 977 817 1003; x_wconf 81' lang='grc' dir='ltr'>τὸ</span> <span class='ocrx_word' id='word_1_219' title='bbox 826 976 893 1013; x_wconf 87' lang='grc' dir='ltr'>πρό-</span> 
     </span>
    </p>
   </div>
   <div class='ocr_carea' id='block_1_30' title="bbox 104 1021 896 1060">
    <p class='ocr_par' dir='ltr' id='par_1_30' title="bbox 104 1021 896 1060">
     <span class='ocr_line' id='line_1_30' title="bbox 104 1021 896 1060; baseline 0 -10"><span class='ocrx_word' id='word_1_220' title='bbox 104 1032 193 1060; x_wconf 86' lang='grc' dir='ltr'>χειρον</span> <span class='ocrx_word' id='word_1_221' title='bbox 205 1024 303 1056; x_wconf 79' lang='grc' dir='ltr'>δοκεῖν,</span> <span class='ocrx_word' id='word_1_222' title='bbox 317 1024 355 1060; x_wconf 83' lang='grc' dir='ltr'>μὴ</span> <span class='ocrx_word' id='word_1_223' title='bbox 367 1024 443 1056; x_wconf 82' lang='grc' dir='ltr'><strong>τέλος</strong></span> <span class='ocrx_word' id='word_1_224' title='bbox 456 1024 548 1051; x_wconf 77' lang='grc' dir='ltr'>λαϐεῖν</span> <span class='ocrx_word' id='word_1_225' title='bbox 561 1023 596 1050; x_wconf 86' lang='grc' dir='ltr'>τὰ</span> <span class='ocrx_word' id='word_1_226' title='bbox 605 1023 819 1058; x_wconf 85' lang='grc' dir='ltr'>ὲπαγγελθέντα·</span> <span class='ocrx_word' id='word_1_227' title='bbox 839 1021 896 1050; x_wconf 79' lang='grc' dir='ltr'>οἷόν</span> 
     </span>
    </p>
   </div>
   <div class='ocr_carea' id='block_1_31' title="bbox 105 1069 895 1106">
    <p class='ocr_par' dir='ltr' id='par_1_31' title="bbox 105 1069 895 1106">
     <span class='ocr_line' id='line_1_31' title="bbox 105 1069 895 1106; baseline -0.001 -9"><span class='ocrx_word' id='word_1_228' title='bbox 105 1070 186 1103; x_wconf 74' lang='grc' dir='ltr'>ἐστιν,</span> <span class='ocrx_word' id='word_1_229' title='bbox 203 1070 241 1102; x_wconf 82' lang='grc' dir='ltr'>ὡς</span> <span class='ocrx_word' id='word_1_230' title='bbox 257 1071 290 1097; x_wconf 82' lang='grc' dir='ltr'><strong>ἐκ</strong></span> <span class='ocrx_word' id='word_1_231' title='bbox 306 1069 411 1097; x_wconf 80' lang='grc' dir='ltr'>πολλῶν</span> <span class='ocrx_word' id='word_1_232' title='bbox 429 1071 508 1105; x_wconf 83' lang='grc' dir='ltr'>ὀλίγα</span> <span class='ocrx_word' id='word_1_233' title='bbox 522 1070 702 1106; x_wconf 79' lang='grc' dir='ltr'>παραθέσθαι,</span> <span class='ocrx_word' id='word_1_234' title='bbox 721 1070 752 1096; x_wconf 84' lang='grc' dir='ltr'>τὸ</span> <span class='ocrx_word' id='word_1_235' title='bbox 766 1070 834 1106; x_wconf 79' lang='grc' dir='ltr'>πρὸς</span> <span class='ocrx_word' id='word_1_236' title='bbox 849 1070 895 1096; x_wconf 81' lang='grc' dir='ltr'>τὸν</span> 
     </span>
    </p>
   </div>
   <div class='ocr_carea' id='block_1_32' title="bbox 111 1115 892 1152">
    <p class='ocr_par' dir='ltr' id='par_1_32' title="bbox 111 1115 892 1152">
     <span class='ocr_line' id='line_1_32' title="bbox 111 1115 892 1152; baseline 0 -9"><span class='ocrx_word' id='word_1_237' title='bbox 111 1116 205 1144; x_wconf 80' lang='grc' dir='ltr'>Ἰακὼό</span> <span class='ocrx_word' id='word_1_238' title='bbox 230 1117 333 1152; x_wconf 86' lang='grc' dir='ltr'>λεχθέν·</span> <span class='ocrx_word' id='word_1_239' title='bbox 362 1117 457 1143; x_wconf 81' lang='grc' dir='ltr'>Γίνου</span> <span class='ocrx_word' id='word_1_240' title='bbox 474 1117 575 1151; x_wconf 79' lang='grc' dir='ltr'>κύριος</span> <span class='ocrx_word' id='word_1_241' title='bbox 598 1116 650 1143; x_wconf 84' lang='grc' dir='ltr'>τοῦ</span> <span class='ocrx_word' id='word_1_242' title='bbox 669 1115 803 1150; x_wconf 71' lang='grc' dir='ltr'>ἀδελφοῦ</span> <span class='ocrx_word' id='word_1_243' title='bbox 824 1123 892 1143; x_wconf 84' lang='grc' dir='ltr'>σου·</span> 
     </span>
    </p>
   </div>
   <div class='ocr_carea' id='block_1_33' title="bbox 104 1161 894 1199">
    <p class='ocr_par' dir='ltr' id='par_1_33' title="bbox 104 1161 894 1199">
     <span class='ocr_line' id='line_1_33' title="bbox 104 1161 894 1199; baseline -0.001 -10"><span class='ocrx_word' id='word_1_244' title='bbox 104 1163 150 1190; x_wconf 78' lang='grc' dir='ltr'>καὶ</span> <span class='ocrx_word' id='word_1_245' title='bbox 166 1162 201 1189; x_wconf 86' lang='grc' dir='ltr'><strong>τὰ</strong></span> <span class='ocrx_word' id='word_1_246' title='bbox 214 1163 278 1199; x_wconf 81' lang='grc' dir='ltr'>περὶ</span> <span class='ocrx_word' id='word_1_247' title='bbox 291 1163 342 1198; x_wconf 84' lang='grc' dir='ltr'>τῆς</span> <span class='ocrx_word' id='word_1_248' title='bbox 356 1162 486 1198; x_wconf 84' lang='grc' dir='ltr'><strong>διαμονῆς</strong></span> <span class='ocrx_word' id='word_1_249' title='bbox 503 1162 553 1198; x_wconf 86' lang='grc' dir='ltr'>τῆς</span> <span class='ocrx_word' id='word_1_250' title='bbox 569 1162 610 1194; x_wconf 83' lang='grc' dir='ltr'><strong>είς</strong></span> <span class='ocrx_word' id='word_1_251' title='bbox 628 1162 677 1198; x_wconf 85' lang='grc' dir='ltr'>τὴν</span> <span class='ocrx_word' id='word_1_252' title='bbox 693 1161 830 1197; x_wconf 88' lang='grc' dir='ltr'>βασιλείαν</span> <span class='ocrx_word' id='word_1_253' title='bbox 846 1161 894 1188; x_wconf 84' lang='grc' dir='ltr'>τοῦ</span> 
     </span>
    </p>
   </div>
   <div class='ocr_carea' id='block_1_34' title="bbox 105 1205 895 1245">
    <p class='ocr_par' dir='ltr' id='par_1_34' title="bbox 105 1205 895 1245">
     <span class='ocr_line' id='line_1_34' title="bbox 105 1205 895 1245; baseline -0.003 -10"><span class='ocrx_word' id='word_1_254' title='bbox 105 1208 262 1245; x_wconf 86' lang='grc' dir='ltr'>σπέρματος</span> <span class='ocrx_word' id='word_1_255' title='bbox 282 1207 374 1241; x_wconf 79' lang='grc' dir='ltr'>Δαυὶδ,</span> <span class='ocrx_word' id='word_1_256' title='bbox 391 1208 464 1243; x_wconf 73' lang='grc' dir='ltr'>ἅπερ</span> <span class='ocrx_word' id='word_1_257' title='bbox 485 1208 514 1234; x_wconf 81' lang='grc' dir='ltr'>ὲν</span> <span class='ocrx_word' id='word_1_258' title='bbox 534 1205 574 1243; x_wconf 85' lang='grc' dir='ltr'>τῷ</span> <span class='ocrx_word' id='word_1_259' title='bbox 595 1208 729 1242; x_wconf 86' lang='grc' dir='ltr'>προφανεῖ</span> <span class='ocrx_word' id='word_1_260' title='bbox 746 1207 895 1243; x_wconf 83' lang='grc' dir='ltr'>διήμαρτον</span> 
     </span>
    </p>
   </div>
   <div class='ocr_carea' id='block_1_35' title="bbox 101 1251 892 1290">
    <p class='ocr_par' dir='ltr' id='par_1_35' title="bbox 101 1251 892 1290">
     <span class='ocr_line' id='line_1_35' title="bbox 101 1251 892 1290; baseline -0.003 -9"><span class='ocrx_word' id='word_1_261' title='bbox 101 1254 152 1289; x_wconf 72' lang='grc' dir='ltr'>τῆς</span> <span class='ocrx_word' id='word_1_262' title='bbox 166 1253 314 1286; x_wconf 79' lang='grc' dir='ltr'>ἐκϐάσεως,</span> <span class='ocrx_word' id='word_1_263' title='bbox 330 1253 401 1281; x_wconf 83' lang='grc' dir='ltr'>κατὰ</span> <span class='ocrx_word' id='word_1_264' title='bbox 411 1253 438 1280; x_wconf 86' lang='grc' dir='ltr'>δὲ</span> <span class='ocrx_word' id='word_1_265' title='bbox 452 1254 501 1288; x_wconf 88' lang='grc' dir='ltr'>τὴν</span> <span class='ocrx_word' id='word_1_266' title='bbox 515 1251 618 1290; x_wconf 77' lang='grc' dir='ltr'>ἀκριϐῆ</span> <span class='ocrx_word' id='word_1_267' title='bbox 630 1252 745 1289; x_wconf 85' lang='grc' dir='ltr'>θεωρίαν</span> <span class='ocrx_word' id='word_1_268' title='bbox 757 1252 892 1288; x_wconf 80' lang='grc' dir='ltr'>οὐδαμῶς,</span> 
     </span>
    </p>
   </div>
   <div class='ocr_carea' id='block_1_36' title="bbox 103 1298 895 1336">
    <p class='ocr_par' dir='ltr' id='par_1_36' title="bbox 103 1298 895 1336">
     <span class='ocr_line' id='line_1_36' title="bbox 103 1298 895 1336; baseline -0.001 -10"><span class='ocrx_word' id='word_1_269' title='bbox 103 1299 141 1326; x_wconf 76' lang='grc' dir='ltr'><strong>Τὸ</strong></span> <span class='ocrx_word' id='word_1_270' title='bbox 156 1300 204 1336; x_wconf 82' lang='grc' dir='ltr'>μὲν</span> <span class='ocrx_word' id='word_1_271' title='bbox 216 1300 269 1335; x_wconf 84' lang='grc' dir='ltr'><strong>γὰρ</strong></span> <span class='ocrx_word' id='word_1_272' title='bbox 282 1299 330 1327; x_wconf 84' lang='grc' dir='ltr'>τοῦ</span> <span class='ocrx_word' id='word_1_273' title='bbox 351 1299 447 1327; x_wconf 80' lang='grc' dir='ltr'>Ἰακὼὸ</span> <span class='ocrx_word' id='word_1_274' title='bbox 460 1299 504 1326; x_wconf 84' lang='grc' dir='ltr'><strong>διὰ</strong></span> <span class='ocrx_word' id='word_1_275' title='bbox 517 1299 568 1335; x_wconf 85' lang='grc' dir='ltr'>τῆς</span> <span class='ocrx_word' id='word_1_276' title='bbox 578 1300 631 1326; x_wconf 89' lang='grc' dir='ltr'><strong>τῶν</strong></span> <span class='ocrx_word' id='word_1_277' title='bbox 642 1298 672 1331; x_wconf 80' lang='grc' dir='ltr'>ἐξ</span> <span class='ocrx_word' id='word_1_278' title='bbox 683 1298 765 1326; x_wconf 81' lang='grc' dir='ltr'>αὑτοῦ</span> <span class='ocrx_word' id='word_1_279' title='bbox 781 1299 895 1334; x_wconf 79' lang='grc' dir='ltr'>ἐπικρα-</span> 
     </span>
    </p>
   </div>
   <div class='ocr_carea' id='block_1_37' title="bbox 101 1345 893 1382">
    <p class='ocr_par' dir='ltr' id='par_1_37' title="bbox 101 1345 893 1382">
     <span class='ocr_line' id='line_1_37' title="bbox 101 1345 893 1382; baseline 0 -10"><span class='ocrx_word' id='word_1_280' title='bbox 101 1346 177 1377; x_wconf 81' lang='grc' dir='ltr'>τείας</span> <span class='ocrx_word' id='word_1_281' title='bbox 198 1346 247 1373; x_wconf 76' lang='grc' dir='ltr'><strong>καὶ</strong></span> <span class='ocrx_word' id='word_1_282' title='bbox 268 1346 318 1381; x_wconf 87' lang='grc' dir='ltr'>τῆς</span> <span class='ocrx_word' id='word_1_283' title='bbox 336 1346 376 1377; x_wconf 78' lang='grc' dir='ltr'>εἰς</span> <span class='ocrx_word' id='word_1_284' title='bbox 397 1345 514 1381; x_wconf 84' lang='grc' dir='ltr'>Χριστὸν</span> <span class='ocrx_word' id='word_1_285' title='bbox 531 1346 678 1381; x_wconf 82' lang='grc' dir='ltr'>ἀναγωγῆς</span> <span class='ocrx_word' id='word_1_286' title='bbox 707 1345 893 1382; x_wconf 82' lang='grc' dir='ltr'>πεπλήρωται,</span> 
     </span>
    </p>
   </div>
   <div class='ocr_carea' id='block_1_38' title="bbox 101 1390 895 1428">
    <p class='ocr_par' dir='ltr' id='par_1_38' title="bbox 101 1390 895 1428">
     <span class='ocr_line' id='line_1_38' title="bbox 101 1390 895 1428; baseline -0.001 -10"><span class='ocrx_word' id='word_1_287' title='bbox 101 1391 196 1428; x_wconf 84' lang='grc' dir='ltr'>ὥσπερ</span> <span class='ocrx_word' id='word_1_288' title='bbox 209 1392 256 1418; x_wconf 76' lang='grc' dir='ltr'>καὶ</span> <span class='ocrx_word' id='word_1_289' title='bbox 268 1392 296 1419; x_wconf 85' lang='grc' dir='ltr'>αἱ</span> <span class='ocrx_word' id='word_1_290' title='bbox 308 1392 376 1428; x_wconf 83' lang='grc' dir='ltr'>πρὸς</span> <span class='ocrx_word' id='word_1_291' title='bbox 386 1391 432 1418; x_wconf 76' lang='grc' dir='ltr'><strong>τὸν</strong></span> <span class='ocrx_word' id='word_1_292' title='bbox 453 1390 577 1427; x_wconf 74' lang='grc' dir='ltr'>Ἀϐραὰμ</span> <span class='ocrx_word' id='word_1_293' title='bbox 593 1391 755 1426; x_wconf 76' lang='grc' dir='ltr'>ἐπαγγελίαι</span> <span class='ocrx_word' id='word_1_294' title='bbox 769 1391 832 1427; x_wconf 81' lang='grc' dir='ltr'>περὶ</span> <span class='ocrx_word' id='word_1_295' title='bbox 845 1391 895 1426; x_wconf 89' lang='grc' dir='ltr'>τῆς</span> 
     </span>
    </p>
   </div>
   <div class='ocr_carea' id='block_1_39' title="bbox 100 1437 892 1474">
    <p class='ocr_par' dir='ltr' id='par_1_39' title="bbox 100 1437 892 1474">
     <span class='ocr_line' id='line_1_39' title="bbox 100 1437 892 1474; baseline -0.001 -9"><span class='ocrx_word' id='word_1_296' title='bbox 100 1438 293 1474; x_wconf 79' lang='grc' dir='ltr'>κατασχέσεως</span> <span class='ocrx_word' id='word_1_297' title='bbox 309 1438 360 1473; x_wconf 87' lang='grc' dir='ltr'>τῆς</span> <span class='ocrx_word' id='word_1_298' title='bbox 381 1439 432 1474; x_wconf 86' lang='grc' dir='ltr'><strong>γῆς</strong></span> <span class='ocrx_word' id='word_1_299' title='bbox 448 1438 496 1465; x_wconf 79' lang='grc' dir='ltr'>καὶ</span> <span class='ocrx_word' id='word_1_300' title='bbox 515 1438 565 1474; x_wconf 83' lang='grc' dir='ltr'>τῆς</span> <span class='ocrx_word' id='word_1_301' title='bbox 584 1437 638 1464; x_wconf 86' lang='grc' dir='ltr'><strong>τῶν</strong></span> <span class='ocrx_word' id='word_1_302' title='bbox 657 1437 741 1465; x_wconf 85' lang='grc' dir='ltr'>ἐθνῶν</span> <span class='ocrx_word' id='word_1_303' title='bbox 759 1437 892 1472; x_wconf 80' lang='grc' dir='ltr'>εὐλογίας.</span> 
     </span>
    </p>
   </div>
   <div class='ocr_carea' id='block_1_40' title="bbox 101 1483 889 1520">
    <p class='ocr_par' dir='ltr' id='par_1_40' title="bbox 101 1483 889 1520">
     <span class='ocr_line' id='line_1_40' title="bbox 101 1483 889 1520; baseline -0.001 -9"><span class='ocrx_word' id='word_1_304' title='bbox 101 1485 143 1512; x_wconf 85' lang='grc' dir='ltr'><strong>Τὰ</strong></span> <span class='ocrx_word' id='word_1_305' title='bbox 156 1485 184 1512; x_wconf 83' lang='grc' dir='ltr'>δὲ</span> <span class='ocrx_word' id='word_1_306' title='bbox 197 1485 265 1520; x_wconf 83' lang='grc' dir='ltr'>πρὸς</span> <span class='ocrx_word' id='word_1_307' title='bbox 278 1485 359 1512; x_wconf 77' lang='grc' dir='ltr'>Δαυὶδ</span> <span class='ocrx_word' id='word_1_308' title='bbox 371 1485 458 1520; x_wconf 85' lang='grc' dir='ltr'>μόνως</span> <span class='ocrx_word' id='word_1_309' title='bbox 472 1485 512 1516; x_wconf 68' lang='grc' dir='ltr'>εἰς</span> <span class='ocrx_word' id='word_1_310' title='bbox 523 1484 569 1511; x_wconf 81' lang='grc' dir='ltr'>τὸν</span> <span class='ocrx_word' id='word_1_311' title='bbox 583 1483 701 1520; x_wconf 78' lang='grc' dir='ltr'>Χριστὸν</span> <span class='ocrx_word' id='word_1_312' title='bbox 714 1484 889 1520; x_wconf 81' lang='grc' dir='ltr'>ἀναφέρεται.</span> 
     </span>
    </p>
   </div>
   <div class='ocr_carea' id='block_1_41' title="bbox 107 1530 894 1568">
    <p class='ocr_par' dir='ltr' id='par_1_41' title="bbox 107 1530 894 1568">
     <span class='ocr_line' id='line_1_41' title="bbox 107 1530 894 1568; baseline 0 -10"><span class='ocrx_word' id='word_1_313' title='bbox 107 1531 223 1567; x_wconf 85' lang='grc' dir='ltr'>Ὁμοίως</span> <span class='ocrx_word' id='word_1_314' title='bbox 247 1531 276 1558; x_wconf 79' lang='grc' dir='ltr'>δὲ</span> <span class='ocrx_word' id='word_1_315' title='bbox 297 1532 345 1558; x_wconf 79' lang='grc' dir='ltr'>καὶ</span> <span class='ocrx_word' id='word_1_316' title='bbox 365 1531 401 1558; x_wconf 82' lang='grc' dir='ltr'><strong>τὰ</strong></span> <span class='ocrx_word' id='word_1_317' title='bbox 427 1532 491 1568; x_wconf 76' lang='grc' dir='ltr'>περὶ</span> <span class='ocrx_word' id='word_1_318' title='bbox 513 1531 686 1567; x_wconf 84' lang='grc' dir='ltr'>Σολομῶντος</span> <span class='ocrx_word' id='word_1_319' title='bbox 713 1530 843 1557; x_wconf 81' lang='grc' dir='ltr'>δοκοῦντα</span> <span class='ocrx_word' id='word_1_320' title='bbox 864 1531 894 1558; x_wconf 81' lang='grc' dir='ltr'><strong>ἐν</strong></span> 
     </span>
    </p>
   </div>
   <div class='ocr_carea' id='block_1_42' title="bbox 98 1575 894 1614">
    <p class='ocr_par' dir='ltr' id='par_1_42' title="bbox 98 1575 894 1614">
     <span class='ocr_line' id='line_1_42' title="bbox 98 1575 894 1614; baseline -0.001 -10"><span class='ocrx_word' id='word_1_321' title='bbox 98 1577 141 1614; x_wconf 83' lang='grc' dir='ltr'>τῷ</span> <span class='ocrx_word' id='word_1_322' title='bbox 158 1577 197 1613; x_wconf 70' lang='grc' dir='ltr'><strong>μδ</strong></span> <span class='ocrx_word' id='word_1_323' title='bbox 221 1577 347 1613; x_wconf 79' lang='grc' dir='ltr'>εἰρῆσθαι</span> <span class='ocrx_word' id='word_1_324' title='bbox 362 1577 472 1613; x_wconf 81' lang='grc' dir='ltr'>ψαλμῷ.</span> <span class='ocrx_word' id='word_1_325' title='bbox 498 1577 554 1609; x_wconf 83' lang='grc' dir='ltr'>Τὰς</span> <span class='ocrx_word' id='word_1_326' title='bbox 572 1575 617 1604; x_wconf 79' lang='grc' dir='ltr'>οὗν</span> <span class='ocrx_word' id='word_1_327' title='bbox 632 1577 660 1603; x_wconf 88' lang='grc' dir='ltr'><strong>ἐν</strong></span> <span class='ocrx_word' id='word_1_328' title='bbox 675 1576 780 1608; x_wconf 81' lang='grc' dir='ltr'>τούτοις</span> <span class='ocrx_word' id='word_1_329' title='bbox 794 1576 894 1612; x_wconf 81' lang='grc' dir='ltr'>ἐξηγη-</span> 
     </span>
    </p>
   </div>
   <div class='ocr_carea' id='block_1_43' title="bbox 977 794 1735 831">
    <p class='ocr_par' dir='ltr' id='par_1_43' title="bbox 977 794 1735 831">
     <span class='ocr_line' id='line_1_43' title="bbox 977 794 1735 831; baseline 0.001 -9"><span class='ocrx_word' id='word_1_330' title='bbox 977 794 1014 822; x_wconf 84' lang='lat' dir='ltr'><strong>Et</strong></span> <span class='ocrx_word' id='word_1_331' title='bbox 1036 796 1154 824; x_wconf 77' lang='lat' dir='ltr'><strong>conuiuia</strong></span> <span class='ocrx_word' id='word_1_332' title='bbox 1179 795 1310 831; x_wconf 66' lang='lat' dir='ltr'><strong>quaedam.</strong></span> <span class='ocrx_word' id='word_1_333' title='bbox 1346 794 1478 823; x_wconf 77' lang='lat' dir='ltr'><strong>Convivia</strong></span> <span class='ocrx_word' id='word_1_334' title='bbox 1507 795 1632 830; x_wconf 67' lang='lat' dir='ltr'><strong>quaedam</strong></span> <span class='ocrx_word' id='word_1_335' title='bbox 1656 799 1735 823; x_wconf 88' lang='lat' dir='ltr'><strong>vocat</strong></span> 
     </span>
    </p>
   </div>
   <div class='ocr_carea' id='block_1_44' title="bbox 941 841 1734 877">
    <p class='ocr_par' dir='ltr' id='par_1_44' title="bbox 941 841 1734 877">
     <span class='ocr_line' id='line_1_44' title="bbox 941 841 1734 877; baseline 0.001 -8"><span class='ocrx_word' id='word_1_336' title='bbox 941 841 1037 877; x_wconf 84' lang='lat' dir='ltr'><strong>epulas</strong></span> <span class='ocrx_word' id='word_1_337' title='bbox 1052 845 1082 869; x_wconf 87' lang='lat' dir='ltr'><strong>ut</strong></span> <span class='ocrx_word' id='word_1_338' title='bbox 1097 845 1139 870; x_wconf 84' lang='lat' dir='ltr'><strong>est</strong></span> <span class='ocrx_word' id='word_1_339' title='bbox 1156 842 1183 869; x_wconf 93' lang='lat' dir='ltr'><strong>in</strong></span> <span class='ocrx_word' id='word_1_340' title='bbox 1198 841 1346 877; x_wconf 80' lang='lat' dir='ltr'><strong>Evangelio</strong></span> <span class='ocrx_word' id='word_1_341' title='bbox 1359 846 1381 873; x_wconf 72' lang='grc' dir='ltr'><strong>τ,</strong></span> <span class='ocrx_word' id='word_1_342' title='bbox 1397 849 1459 868; x_wconf 91' lang='lat' dir='ltr'><strong>cum</strong></span> <span class='ocrx_word' id='word_1_343' title='bbox 1475 841 1578 869; x_wconf 92' lang='lat' dir='ltr'><strong>vitulus</strong></span> <span class='ocrx_word' id='word_1_344' title='bbox 1593 841 1734 877; x_wconf 78' lang='lat' dir='ltr'><strong>saginatus</strong></span> 
     </span>
    </p>
   </div>
   <div class='ocr_carea' id='block_1_45' title="bbox 943 886 1522 922">
    <p class='ocr_par' dir='ltr' id='par_1_45' title="bbox 943 886 1522 922">
     <span class='ocr_line' id='line_1_45' title="bbox 943 886 1522 922; baseline -0.002 -8"><span class='ocrx_word' id='word_1_345' title='bbox 943 886 1088 919; x_wconf 86' lang='lat' dir='ltr'><strong>occiditur,</strong></span> <span class='ocrx_word' id='word_1_346' title='bbox 1102 890 1180 921; x_wconf 35' lang='lat' dir='ltr'><strong>etc.,.</strong></span> <span class='ocrx_word' id='word_1_347' title='bbox 1191 887 1221 915; x_wconf 90' lang='lat' dir='ltr'><strong>in</strong></span> <span class='ocrx_word' id='word_1_348' title='bbox 1235 887 1323 914; x_wconf 88' lang='lat' dir='ltr'><strong>reditu</strong></span> <span class='ocrx_word' id='word_1_349' title='bbox 1341 887 1387 914; x_wconf 87' lang='lat' dir='ltr'><strong>ﬁlii</strong></span> <span class='ocrx_word' id='word_1_350' title='bbox 1402 886 1522 922; x_wconf 82' lang='lat' dir='ltr'><strong>prodigi.</strong></span> 
     </span>
    </p>
   </div>
   <div class='ocr_carea' id='block_1_46' title="bbox 982 931 1733 968">
    <p class='ocr_par' dir='ltr' id='par_1_46' title="bbox 982 931 1733 968">
     <span class='ocr_line' id='line_1_46' title="bbox 982 931 1733 968; baseline -0.001 -8"><span class='ocrx_word' id='word_1_351' title='bbox 982 933 1143 968; x_wconf 80' lang='lat' dir='ltr'><strong>Multiplices</strong></span> <span class='ocrx_word' id='word_1_352' title='bbox 1158 937 1183 960; x_wconf 86' lang='lat' dir='ltr'><strong>et</strong></span> <span class='ocrx_word' id='word_1_353' title='bbox 1203 933 1335 968; x_wconf 76' lang='lat' dir='ltr'><strong>obliquas.</strong></span> <span class='ocrx_word' id='word_1_354' title='bbox 1352 931 1558 960; x_wconf 85' lang='lat' dir='ltr'><strong>Frustrationes</strong></span> <span class='ocrx_word' id='word_1_355' title='bbox 1571 932 1733 967; x_wconf 90' lang='lat' dir='ltr'><strong>promissio-</strong></span> 
     </span>
    </p>
   </div>
   <div class='ocr_carea' id='block_1_47' title="bbox 946 979 1734 1014">
    <p class='ocr_par' dir='ltr' id='par_1_47' title="bbox 946 979 1734 1014">
     <span class='ocr_line' id='line_1_47' title="bbox 946 979 1734 1014; baseline -0.001 -7"><span class='ocrx_word' id='word_1_356' title='bbox 946 987 1012 1007; x_wconf 91' lang='lat' dir='ltr'><strong>num</strong></span> <span class='ocrx_word' id='word_1_357' title='bbox 1031 983 1111 1007; x_wconf 86' lang='lat' dir='ltr'><strong>vocat</strong></span> <span class='ocrx_word' id='word_1_358' title='bbox 1125 979 1181 1012; x_wconf 86' lang='lat' dir='ltr'><strong>hic,</strong></span> <span class='ocrx_word' id='word_1_359' title='bbox 1205 987 1268 1007; x_wconf 91' lang='lat' dir='ltr'><strong>cum</strong></span> <span class='ocrx_word' id='word_1_360' title='bbox 1288 987 1330 1011; x_wconf 86' lang='lat' dir='ltr'><strong>ea,</strong></span> <span class='ocrx_word' id='word_1_361' title='bbox 1347 986 1407 1014; x_wconf 75' lang='lat' dir='ltr'><strong>quae</strong></span> <span class='ocrx_word' id='word_1_362' title='bbox 1432 979 1569 1014; x_wconf 89' lang='lat' dir='ltr'><strong>promissa</strong></span> <span class='ocrx_word' id='word_1_363' title='bbox 1590 982 1664 1013; x_wconf 87' lang='lat' dir='ltr'><strong>sunt,</strong></span> <span class='ocrx_word' id='word_1_364' title='bbox 1679 986 1734 1006; x_wconf 89' lang='lat' dir='ltr'><strong>non</strong></span> 
     </span>
    </p>
   </div>
   <div class='ocr_carea' id='block_1_48' title="bbox 945 1026 1734 1062">
    <p class='ocr_par' dir='ltr' id='par_1_48' title="bbox 945 1026 1734 1062">
     <span class='ocr_line' id='line_1_48' title="bbox 945 1026 1734 1062; baseline -0.001 -8"><span class='ocrx_word' id='word_1_365' title='bbox 945 1026 1073 1054; x_wconf 84' lang='lat' dir='ltr'><strong>videntur</strong></span> <span class='ocrx_word' id='word_1_366' title='bbox 1090 1026 1123 1053; x_wconf 91' lang='lat' dir='ltr'><strong>ad</strong></span> <span class='ocrx_word' id='word_1_367' title='bbox 1144 1026 1248 1054; x_wconf 81' lang='lat' dir='ltr'><strong>exitum</strong></span> <span class='ocrx_word' id='word_1_368' title='bbox 1263 1026 1408 1062; x_wconf 84' lang='lat' dir='ltr'><strong>producta,</strong></span> <span class='ocrx_word' id='word_1_369' title='bbox 1425 1030 1560 1061; x_wconf 85' lang='lat' dir='ltr'><strong>quatenus</strong></span> <span class='ocrx_word' id='word_1_370' title='bbox 1578 1026 1671 1053; x_wconf 87' lang='lat' dir='ltr'><strong>sensui</strong></span> <span class='ocrx_word' id='word_1_371' title='bbox 1686 1033 1734 1061; x_wconf 88' lang='lat' dir='ltr'><strong>ap-</strong></span> 
     </span>
    </p>
   </div>
   <div class='ocr_carea' id='block_1_49' title="bbox 945 1072 1735 1109">
    <p class='ocr_par' dir='ltr' id='par_1_49' title="bbox 945 1072 1735 1109">
     <span class='ocr_line' id='line_1_49' title="bbox 945 1072 1735 1109; baseline -0.001 -9"><span class='ocrx_word' id='word_1_372' title='bbox 945 1077 1032 1109; x_wconf 80' lang='lat' dir='ltr'><strong>paret,</strong></span> <span class='ocrx_word' id='word_1_373' title='bbox 1049 1072 1124 1100; x_wconf 86' lang='lat' dir='ltr'><strong>verbi</strong></span> <span class='ocrx_word' id='word_1_374' title='bbox 1140 1072 1240 1108; x_wconf 77' lang='lat' dir='ltr'><strong>gratia,</strong></span> <span class='ocrx_word' id='word_1_375' title='bbox 1256 1076 1286 1099; x_wconf 92' lang='lat' dir='ltr'><strong>ut</strong></span> <span class='ocrx_word' id='word_1_376' title='bbox 1305 1080 1336 1100; x_wconf 82' lang='lat' dir='ltr'><strong>ex</strong></span> <span class='ocrx_word' id='word_1_377' title='bbox 1351 1072 1433 1109; x_wconf 64' lang='grc'><strong>324</strong></span> <span class='ocrx_word' id='word_1_378' title='bbox 1453 1072 1547 1100; x_wconf 86' lang='lat' dir='ltr'><strong>multis</strong></span> <span class='ocrx_word' id='word_1_379' title='bbox 1561 1079 1649 1107; x_wconf 87' lang='lat' dir='ltr'><strong>pauca</strong></span> <span class='ocrx_word' id='word_1_380' title='bbox 1663 1072 1735 1100; x_wconf 73' lang='lat' dir='ltr'><strong>refe-</strong></span> 
     </span>
    </p>
   </div>
   <div class='ocr_carea' id='block_1_50' title="bbox 944 1117 1733 1154">
    <p class='ocr_par' dir='ltr' id='par_1_50' title="bbox 944 1117 1733 1154">
     <span class='ocr_line' id='line_1_50' title="bbox 944 1117 1733 1154; baseline -0.003 -8"><span class='ocrx_word' id='word_1_381' title='bbox 944 1126 1015 1152; x_wconf 82' lang='lat' dir='ltr'><strong>ram,</strong></span> <span class='ocrx_word' id='word_1_382' title='bbox 1039 1118 1112 1154; x_wconf 92' lang='lat' dir='ltr'><strong>quod</strong></span> <span class='ocrx_word' id='word_1_383' title='bbox 1134 1119 1301 1154; x_wconf 83' lang='lat' dir='ltr'><strong>promissum</strong></span> <span class='ocrx_word' id='word_1_384' title='bbox 1330 1118 1381 1145; x_wconf 84' lang='lat' dir='ltr'><strong>fuit</strong></span> <span class='ocrx_word' id='word_1_385' title='bbox 1401 1118 1486 1146; x_wconf 85' lang='lat' dir='ltr'><strong>Jacob</strong></span> <span class='ocrx_word' id='word_1_386' title='bbox 1502 1127 1508 1145; x_wconf 96' lang='lat'><strong>:</strong></span> <span class='ocrx_word' id='word_1_387' title='bbox 1525 1117 1589 1145; x_wconf 79' lang='lat' dir='ltr'><strong>Esto</strong></span> <span class='ocrx_word' id='word_1_388' title='bbox 1611 1118 1733 1145; x_wconf 79' lang='lat' dir='ltr'><strong>dominus</strong></span> 
     </span>
    </p>
   </div>
   <div class='ocr_carea' id='block_1_51' title="bbox 945 1162 1734 1199">
    <p class='ocr_par' dir='ltr' id='par_1_51' title="bbox 945 1162 1734 1199">
     <span class='ocr_line' id='line_1_51' title="bbox 945 1162 1734 1199; baseline -0.001 -9"><span class='ocrx_word' id='word_1_389' title='bbox 945 1163 1038 1199; x_wconf 73' lang='lat' dir='ltr'><strong>fratris</strong></span> <span class='ocrx_word' id='word_1_390' title='bbox 1058 1164 1097 1190; x_wconf 83' lang='lat' dir='ltr'><strong>tui</strong></span> <span class='ocrx_word' id='word_1_391' title='bbox 1112 1169 1142 1195; x_wconf 59' lang='lat' dir='ltr'><strong>i;</strong></span> <span class='ocrx_word' id='word_1_392' title='bbox 1159 1167 1187 1191; x_wconf 89' lang='lat' dir='ltr'><strong>et</strong></span> <span class='ocrx_word' id='word_1_393' title='bbox 1201 1163 1234 1191; x_wconf 89' lang='lat' dir='ltr'><strong>de</strong></span> <span class='ocrx_word' id='word_1_394' title='bbox 1248 1163 1431 1198; x_wconf 84' lang='lat' dir='ltr'><strong>perpetuitate</strong></span> <span class='ocrx_word' id='word_1_395' title='bbox 1460 1163 1535 1198; x_wconf 77' lang='lat' dir='ltr'><strong>regni</strong></span> <span class='ocrx_word' id='word_1_396' title='bbox 1554 1162 1667 1190; x_wconf 83' lang='lat' dir='ltr'><strong>seminis</strong></span> <span class='ocrx_word' id='word_1_397' title='bbox 1682 1162 1734 1189; x_wconf 85' lang='lat' dir='ltr'><strong>Da-</strong></span> 
     </span>
    </p>
   </div>
   <div class='ocr_carea' id='block_1_52' title="bbox 944 1208 1734 1246">
    <p class='ocr_par' dir='ltr' id='par_1_52' title="bbox 944 1208 1734 1246">
     <span class='ocr_line' id='line_1_52' title="bbox 944 1208 1734 1246; baseline -0.005 -7"><span class='ocrx_word' id='word_1_398' title='bbox 944 1210 1002 1243; x_wconf 84' lang='lat' dir='ltr'><strong>vid,</strong></span> <span class='ocrx_word' id='word_1_399' title='bbox 1016 1218 1077 1246; x_wconf 64' lang='lat' dir='ltr'><strong>quae</strong></span> <span class='ocrx_word' id='word_1_400' title='bbox 1091 1209 1220 1237; x_wconf 86' lang='lat' dir='ltr'><strong>videntur</strong></span> <span class='ocrx_word' id='word_1_401' title='bbox 1234 1209 1308 1237; x_wconf 77' lang='lat' dir='ltr'><strong>exitu</strong></span> <span class='ocrx_word' id='word_1_402' title='bbox 1330 1208 1461 1237; x_wconf 80' lang='lat' dir='ltr'><strong>frustrata</strong></span> <span class='ocrx_word' id='word_1_403' title='bbox 1482 1208 1634 1236; x_wconf 87' lang='lat' dir='ltr'><strong>secundum</strong></span> <span class='ocrx_word' id='word_1_404' title='bbox 1652 1215 1734 1243; x_wconf 84' lang='lat' dir='ltr'><strong>appa-</strong></span> 
     </span>
    </p>
   </div>
   <div class='ocr_carea' id='block_1_53' title="bbox 945 1255 1734 1291">
    <p class='ocr_par' dir='ltr' id='par_1_53' title="bbox 945 1255 1734 1291">
     <span class='ocr_line' id='line_1_53' title="bbox 945 1255 1734 1291; baseline -0.004 -6"><span class='ocrx_word' id='word_1_405' title='bbox 945 1257 1074 1290; x_wconf 85' lang='lat' dir='ltr'><strong>rentiam,</strong></span> <span class='ocrx_word' id='word_1_406' title='bbox 1093 1256 1140 1284; x_wconf 86' lang='lat' dir='ltr'><strong>sed</strong></span> <span class='ocrx_word' id='word_1_407' title='bbox 1164 1263 1335 1291; x_wconf 83' lang='lat' dir='ltr'><strong>nequaquam</strong></span> <span class='ocrx_word' id='word_1_408' title='bbox 1353 1255 1504 1283; x_wconf 89' lang='lat' dir='ltr'><strong>secundum</strong></span> <span class='ocrx_word' id='word_1_409' title='bbox 1520 1255 1670 1291; x_wconf 82' lang='lat' dir='ltr'><strong>perfectam</strong></span> <span class='ocrx_word' id='word_1_410' title='bbox 1690 1255 1734 1282; x_wconf 88' lang='lat' dir='ltr'><strong>in-</strong></span> 
     </span>
    </p>
   </div>
   <div class='ocr_carea' id='block_1_54' title="bbox 945 1300 1734 1339">
    <p class='ocr_par' dir='ltr' id='par_1_54' title="bbox 945 1300 1734 1339">
     <span class='ocr_line' id='line_1_54' title="bbox 945 1300 1734 1339; baseline -0.005 -8"><span class='ocrx_word' id='word_1_411' title='bbox 945 1303 1121 1339; x_wconf 78' lang='lat' dir='ltr'><strong>telligentiam</strong></span> <span class='ocrx_word' id='word_1_412' title='bbox 1144 1303 1267 1338; x_wconf 86' lang='lat' dir='ltr'><strong>spiritus.</strong></span> <span class='ocrx_word' id='word_1_413' title='bbox 1288 1301 1368 1335; x_wconf 81' lang='lat' dir='ltr'><strong>Quod</strong></span> <span class='ocrx_word' id='word_1_414' title='bbox 1392 1301 1465 1329; x_wconf 90' lang='lat' dir='ltr'><strong>enim</strong></span> <span class='ocrx_word' id='word_1_415' title='bbox 1492 1301 1658 1336; x_wconf 90' lang='lat' dir='ltr'><strong>promissum</strong></span> <span class='ocrx_word' id='word_1_416' title='bbox 1683 1300 1734 1327; x_wconf 82' lang='lat' dir='ltr'><strong>fuit</strong></span> 
     </span>
    </p>
   </div>
   <div class='ocr_carea' id='block_1_55' title="bbox 944 1347 1732 1384">
    <p class='ocr_par' dir='ltr' id='par_1_55' title="bbox 944 1347 1732 1384">
     <span class='ocr_line' id='line_1_55' title="bbox 944 1347 1732 1384; baseline -0.004 -7"><span class='ocrx_word' id='word_1_417' title='bbox 944 1348 1030 1377; x_wconf 86' lang='lat' dir='ltr'><strong>Jacob</strong></span> <span class='ocrx_word' id='word_1_418' title='bbox 1042 1349 1076 1377; x_wconf 87' lang='lat' dir='ltr'><strong>de</strong></span> <span class='ocrx_word' id='word_1_419' title='bbox 1089 1348 1242 1382; x_wconf 86' lang='lat' dir='ltr'><strong>dominatu,</strong></span> <span class='ocrx_word' id='word_1_420' title='bbox 1257 1348 1399 1384; x_wconf 86' lang='lat' dir='ltr'><strong>impletum</strong></span> <span class='ocrx_word' id='word_1_421' title='bbox 1414 1352 1457 1375; x_wconf 89' lang='lat' dir='ltr'><strong>est</strong></span> <span class='ocrx_word' id='word_1_422' title='bbox 1473 1347 1500 1374; x_wconf 94' lang='lat' dir='ltr'><strong>in</strong></span> <span class='ocrx_word' id='word_1_423' title='bbox 1514 1347 1625 1375; x_wconf 84' lang='lat' dir='ltr'><strong>Christo</strong></span> <span class='ocrx_word' id='word_1_424' title='bbox 1638 1355 1671 1374; x_wconf 75' lang='lat' dir='ltr'><strong>ex</strong></span> <span class='ocrx_word' id='word_1_425' title='bbox 1688 1354 1732 1374; x_wconf 76' lang='lat' dir='ltr'><strong>se-</strong></span> 
     </span>
    </p>
   </div>
   <div class='ocr_carea' id='block_1_56' title="bbox 944 1392 1734 1430">
    <p class='ocr_par' dir='ltr' id='par_1_56' title="bbox 944 1392 1734 1430">
     <span class='ocr_line' id='line_1_56' title="bbox 944 1392 1734 1430; baseline -0.004 -7"><span class='ocrx_word' id='word_1_426' title='bbox 944 1395 1018 1423; x_wconf 89' lang='lat' dir='ltr'><strong>mine</strong></span> <span class='ocrx_word' id='word_1_427' title='bbox 1034 1395 1111 1430; x_wconf 88' lang='lat' dir='ltr'><strong>ejus;</strong></span> <span class='ocrx_word' id='word_1_428' title='bbox 1129 1394 1201 1422; x_wconf 89' lang='lat' dir='ltr'><strong>sicut</strong></span> <span class='ocrx_word' id='word_1_429' title='bbox 1215 1393 1297 1422; x_wconf 86' lang='lat' dir='ltr'><strong>etiam</strong></span> <span class='ocrx_word' id='word_1_430' title='bbox 1308 1393 1507 1429; x_wconf 87' lang='lat' dir='ltr'><strong>promissiones</strong></span> <span class='ocrx_word' id='word_1_431' title='bbox 1523 1392 1601 1420; x_wconf 61' lang='lat' dir='ltr'><strong>facta</strong></span> <span class='ocrx_word' id='word_1_432' title='bbox 1617 1392 1734 1420; x_wconf 65' lang='lat' dir='ltr'><strong>Abrahae</strong></span> 
     </span>
    </p>
   </div>
   <div class='ocr_carea' id='block_1_57' title="bbox 945 1437 1731 1475">
    <p class='ocr_par' dir='ltr' id='par_1_57' title="bbox 945 1437 1731 1475">
     <span class='ocr_line' id='line_1_57' title="bbox 945 1437 1731 1475; baseline -0.005 -7"><span class='ocrx_word' id='word_1_433' title='bbox 945 1440 978 1468; x_wconf 92' lang='lat' dir='ltr'><strong>de</strong></span> <span class='ocrx_word' id='word_1_434' title='bbox 1004 1439 1181 1475; x_wconf 88' lang='lat' dir='ltr'><strong>possessione</strong></span> <span class='ocrx_word' id='word_1_435' title='bbox 1208 1443 1298 1471; x_wconf 70' lang='lat' dir='ltr'><strong>terrae,</strong></span> <span class='ocrx_word' id='word_1_436' title='bbox 1323 1442 1351 1465; x_wconf 88' lang='lat' dir='ltr'><strong>et</strong></span> <span class='ocrx_word' id='word_1_437' title='bbox 1377 1437 1570 1465; x_wconf 81' lang='lat' dir='ltr'><strong>benedictione</strong></span> <span class='ocrx_word' id='word_1_438' title='bbox 1598 1437 1731 1473; x_wconf 74' lang='lat' dir='ltr'><strong>gentium.</strong></span> 
     </span>
    </p>
   </div>
   <div class='ocr_carea' id='block_1_58' title="bbox 944 1481 1733 1517">
    <p class='ocr_par' dir='ltr' id='par_1_58' title="bbox 944 1481 1733 1517">
     <span class='ocr_line' id='line_1_58' title="bbox 944 1481 1733 1517; baseline -0.001 -7"><span class='ocrx_word' id='word_1_439' title='bbox 944 1483 1010 1517; x_wconf 75' lang='lat' dir='ltr'><strong>Quae</strong></span> <span class='ocrx_word' id='word_1_440' title='bbox 1024 1486 1114 1511; x_wconf 87' lang='lat' dir='ltr'><strong>autem</strong></span> <span class='ocrx_word' id='word_1_441' title='bbox 1130 1482 1164 1510; x_wconf 88' lang='lat' dir='ltr'><strong>ad</strong></span> <span class='ocrx_word' id='word_1_442' title='bbox 1179 1481 1264 1510; x_wconf 87' lang='lat' dir='ltr'><strong>David</strong></span> <span class='ocrx_word' id='word_1_443' title='bbox 1284 1486 1359 1514; x_wconf 86' lang='lat' dir='ltr'><strong>sunt,</strong></span> <span class='ocrx_word' id='word_1_444' title='bbox 1377 1482 1410 1509; x_wconf 88' lang='lat' dir='ltr'><strong>ad</strong></span> <span class='ocrx_word' id='word_1_445' title='bbox 1428 1482 1517 1510; x_wconf 87' lang='lat' dir='ltr'><strong>solum</strong></span> <span class='ocrx_word' id='word_1_446' title='bbox 1531 1481 1670 1509; x_wconf 87' lang='lat' dir='ltr'><strong>Christum</strong></span> <span class='ocrx_word' id='word_1_447' title='bbox 1687 1489 1733 1509; x_wconf 84' lang='lat' dir='ltr'><strong>re-</strong></span> 
     </span>
    </p>
   </div>
   <div class='ocr_carea' id='block_1_59' title="bbox 945 1526 1731 1564">
    <p class='ocr_par' dir='ltr' id='par_1_59' title="bbox 945 1526 1731 1564">
     <span class='ocr_line' id='line_1_59' title="bbox 945 1526 1731 1564; baseline -0.001 -7"><span class='ocrx_word' id='word_1_448' title='bbox 945 1529 1079 1557; x_wconf 87' lang='lat' dir='ltr'><strong>feruntur.</strong></span> <span class='ocrx_word' id='word_1_449' title='bbox 1105 1528 1238 1556; x_wconf 85' lang='lat' dir='ltr'><strong>Similiter</strong></span> <span class='ocrx_word' id='word_1_450' title='bbox 1254 1528 1336 1556; x_wconf 87' lang='lat' dir='ltr'><strong>etiam</strong></span> <span class='ocrx_word' id='word_1_451' title='bbox 1350 1536 1411 1564; x_wconf 85' lang='lat' dir='ltr'><strong>quae</strong></span> <span class='ocrx_word' id='word_1_452' title='bbox 1432 1528 1466 1556; x_wconf 90' lang='lat' dir='ltr'><strong>de</strong></span> <span class='ocrx_word' id='word_1_453' title='bbox 1486 1526 1642 1561; x_wconf 89' lang='lat' dir='ltr'><strong>Salomone,</strong></span> <span class='ocrx_word' id='word_1_454' title='bbox 1658 1527 1731 1556; x_wconf 88' lang='lat' dir='ltr'><strong>Psal.</strong></span> 
     </span>
    </p>
   </div>
   <div class='ocr_carea' id='block_1_60' title="bbox 945 1573 1733 1610">
    <p class='ocr_par' dir='ltr' id='par_1_60' title="bbox 945 1573 1733 1610">
     <span class='ocr_line' id='line_1_60' title="bbox 945 1573 1733 1610; baseline 0 -7"><span class='ocrx_word' id='word_1_455' title='bbox 945 1583 1018 1608; x_wconf 80' lang='lat' dir='ltr'><strong>xuv,</strong></span> <span class='ocrx_word' id='word_1_456' title='bbox 1035 1575 1108 1603; x_wconf 92' lang='lat' dir='ltr'><strong>dicta</strong></span> <span class='ocrx_word' id='word_1_457' title='bbox 1125 1578 1200 1603; x_wconf 86' lang='lat' dir='ltr'><strong>sunt.</strong></span> <span class='ocrx_word' id='word_1_458' title='bbox 1216 1573 1313 1602; x_wconf 82' lang='lat' dir='ltr'><strong>Varias</strong></span> <span class='ocrx_word' id='word_1_459' title='bbox 1333 1575 1426 1609; x_wconf 84' lang='lat' dir='ltr'><strong>itaque</strong></span> <span class='ocrx_word' id='word_1_460' title='bbox 1447 1574 1477 1601; x_wconf 91' lang='lat' dir='ltr'><strong>in</strong></span> <span class='ocrx_word' id='word_1_461' title='bbox 1500 1574 1544 1603; x_wconf 88' lang='lat' dir='ltr'><strong>bis</strong></span> <span class='ocrx_word' id='word_1_462' title='bbox 1559 1575 1733 1610; x_wconf 87' lang='lat' dir='ltr'><strong>acceptioncs</strong></span> 
     </span>
    </p>
   </div>
   <div class='ocr_carea' id='block_1_61' title="bbox 98 1619 893 1659">
    <p class='ocr_par' dir='ltr' id='par_1_61' title="bbox 98 1622 893 1659">
     <span class='ocr_line' id='line_1_61' title="bbox 98 1622 893 1659; baseline -0.003 -8"><span class='ocrx_word' id='word_1_463' title='bbox 98 1623 181 1656; x_wconf 86' lang='grc' dir='ltr'>τικὰς</span> <span class='ocrx_word' id='word_1_464' title='bbox 196 1623 347 1656; x_wconf 82' lang='grc' dir='ltr'>ἀποδόσεις,</span> <span class='ocrx_word' id='word_1_465' title='bbox 364 1623 395 1650; x_wconf 78' lang='grc' dir='ltr'><strong>τὺ</strong></span> <span class='ocrx_word' id='word_1_466' title='bbox 409 1624 530 1650; x_wconf 85' lang='grc' dir='ltr'>ποικίλον</span> <span class='ocrx_word' id='word_1_467' title='bbox 546 1623 671 1658; x_wconf 80' lang='grc' dir='ltr'>ἐχούσας,</span> <span class='ocrx_word' id='word_1_468' title='bbox 689 1623 815 1659; x_wconf 84' lang='grc' dir='ltr'>πολυειδῆ</span> <span class='ocrx_word' id='word_1_469' title='bbox 830 1622 893 1649; x_wconf 79' lang='grc' dir='ltr'>ἐκά-</span> 
     </span>
    </p>
   </div>
   <div class='ocr_carea' id='block_1_62' title="bbox 947 1619 1733 1659">
    <p class='ocr_par' dir='ltr' id='par_1_62' title="bbox 947 1619 1733 1656">
     <span class='ocr_line' id='line_1_62' title="bbox 947 1619 1733 1656; baseline -0.001 -8"><span class='ocrx_word' id='word_1_470' title='bbox 947 1621 1079 1649; x_wconf 85' lang='lat' dir='ltr'><strong>diversam</strong></span> <span class='ocrx_word' id='word_1_471' title='bbox 1094 1620 1303 1656; x_wconf 80' lang='lat' dir='ltr'><strong>explicationem</strong></span> <span class='ocrx_word' id='word_1_472' title='bbox 1319 1619 1493 1647; x_wconf 84' lang='lat' dir='ltr'><strong>admittentes</strong></span> <span class='ocrx_word' id='word_1_473' title='bbox 1510 1619 1671 1655; x_wconf 86' lang='lat' dir='ltr'><strong>multiplicia</strong></span> <span class='ocrx_word' id='word_1_474' title='bbox 1687 1627 1733 1647; x_wconf 79' lang='lat' dir='ltr'><strong>so-</strong></span> 
     </span>
    </p>
   </div>
   <div class='ocr_carea' id='block_1_63' title="bbox 98 1668 893 1706">
    <p class='ocr_par' dir='ltr' id='par_1_63' title="bbox 98 1668 893 1706">
     <span class='ocr_line' id='line_1_63' title="bbox 98 1668 893 1706; baseline -0.004 -8"><span class='ocrx_word' id='word_1_475' title='bbox 98 1671 163 1698; x_wconf 89' lang='grc' dir='ltr'>λεσε</span> <span class='ocrx_word' id='word_1_476' title='bbox 187 1670 358 1706; x_wconf 78' lang='grc' dir='ltr'>σοφίσματα,</span> <span class='ocrx_word' id='word_1_477' title='bbox 379 1669 428 1705; x_wconf 83' lang='grc' dir='ltr'><strong>οὐχ</strong></span> <span class='ocrx_word' id='word_1_478' title='bbox 445 1670 483 1702; x_wconf 85' lang='grc' dir='ltr'>ὼς</span> <span class='ocrx_word' id='word_1_479' title='bbox 504 1669 743 1705; x_wconf 82' lang='grc' dir='ltr'>παραλογιστικῶς</span> <span class='ocrx_word' id='word_1_480' title='bbox 764 1668 893 1704; x_wconf 78' lang='grc' dir='ltr'>τεχναζό-</span> 
     </span>
    </p>
   </div>
   <div class='ocr_carea' id='block_1_64' title="bbox 101 1713 892 1753">
    <p class='ocr_par' dir='ltr' id='par_1_64' title="bbox 101 1713 892 1753">
     <span class='ocr_line' id='line_1_64' title="bbox 101 1713 892 1753; baseline -0.004 -9"><span class='ocrx_word' id='word_1_481' title='bbox 101 1725 173 1753; x_wconf 89' lang='grc' dir='ltr'>μενα</span> <span class='ocrx_word' id='word_1_482' title='bbox 191 1717 242 1753; x_wconf 74' lang='grc' dir='ltr'>τὴν</span> <span class='ocrx_word' id='word_1_483' title='bbox 256 1716 393 1752; x_wconf 81' lang='grc' dir='ltr'>ἀλήθειαν,</span> <span class='ocrx_word' id='word_1_484' title='bbox 409 1715 466 1742; x_wconf 82' lang='grc' dir='ltr'>ἀλλ’</span> <span class='ocrx_word' id='word_1_485' title='bbox 479 1715 518 1748; x_wconf 84' lang='grc' dir='ltr'>ὡς</span> <span class='ocrx_word' id='word_1_486' title='bbox 536 1715 630 1750; x_wconf 80' lang='grc' dir='ltr'>σαφῶς</span> <span class='ocrx_word' id='word_1_487' title='bbox 642 1714 849 1743; x_wconf 83' lang='grc' dir='ltr'>ἀναπτύσσοντα</span> <span class='ocrx_word' id='word_1_488' title='bbox 861 1713 892 1741; x_wconf 76' lang='grc' dir='ltr'><strong>τδ</strong></span> 
     </span>
    </p>
   </div>
   <div class='ocr_carea' id='block_1_65' title="bbox 99 1762 277 1798">
    <p class='ocr_par' dir='ltr' id='par_1_65' title="bbox 99 1762 277 1798">
     <span class='ocr_line' id='line_1_65' title="bbox 99 1762 277 1798; baseline -0.011 -8"><span class='ocrx_word' id='word_1_489' title='bbox 99 1762 184 1798; x_wconf 84' lang='grc' dir='ltr'>ζητού</span> <span class='ocrx_word' id='word_1_490' title='bbox 189 1771 277 1798; x_wconf 87' lang='grc' dir='ltr'>μενον.</span> 
     </span>
    </p>
   </div>
   <div class='ocr_carea' id='block_1_66' title="bbox 138 1805 893 1844">
    <p class='ocr_par' dir='ltr' id='par_1_66' title="bbox 138 1805 893 1844">
     <span class='ocr_line' id='line_1_66' title="bbox 138 1805 893 1844; baseline -0.003 -10"><span class='ocrx_word' id='word_1_491' title='bbox 138 1807 219 1844; x_wconf 74' lang='grc' dir='ltr'>[Περὶ</span> <span class='ocrx_word' id='word_1_492' title='bbox 235 1807 283 1834; x_wconf 84' lang='grc' dir='ltr'><strong>τοῦ</strong></span> <span class='ocrx_word' id='word_1_493' title='bbox 301 1808 440 1843; x_wconf 83' lang='grc' dir='ltr'>’ᾼσματος</span> <span class='ocrx_word' id='word_1_494' title='bbox 451 1806 506 1834; x_wconf 87' lang='grc' dir='ltr'><strong>τῶν</strong></span> <span class='ocrx_word' id='word_1_495' title='bbox 521 1806 659 1842; x_wconf 77' lang='grc' dir='ltr'>ᾀσμάτων,</span> <span class='ocrx_word' id='word_1_496' title='bbox 676 1806 717 1832; x_wconf 81' lang='grc' dir='ltr'>ὅτι</span> <span class='ocrx_word' id='word_1_497' title='bbox 734 1805 810 1840; x_wconf 70' lang='grc' dir='ltr'>ἅγιον</span> <span class='ocrx_word' id='word_1_498' title='bbox 822 1805 893 1832; x_wconf 81' lang='grc' dir='ltr'>κατὰ</span> 
     </span>
    </p>
   </div>
   <div class='ocr_carea' id='block_1_67' title="bbox 96 1851 893 1889">
    <p class='ocr_par' dir='ltr' id='par_1_67' title="bbox 96 1851 893 1889">
     <span class='ocr_line' id='line_1_67' title="bbox 96 1851 893 1889; baseline -0.005 -7"><span class='ocrx_word' id='word_1_499' title='bbox 96 1855 165 1886; x_wconf 76' lang='grc' dir='ltr'>τοὺς</span> <span class='ocrx_word' id='word_1_500' title='bbox 177 1855 270 1889; x_wconf 81' lang='grc' dir='ltr'>ἁγίους</span> <span class='ocrx_word' id='word_1_501' title='bbox 278 1854 389 1886; x_wconf 84' lang='grc' dir='ltr'>τούτους</span> <span class='ocrx_word' id='word_1_502' title='bbox 398 1862 405 1869; x_wconf 90' lang='grc'><strong>·</strong></span> <span class='ocrx_word' id='word_1_503' title='bbox 420 1853 558 1889; x_wconf 87' lang='grc' dir='ltr'>Θεόδωρος</span> <span class='ocrx_word' id='word_1_504' title='bbox 571 1853 647 1888; x_wconf 83' lang='grc' dir='ltr'>γὰρὸ</span> <span class='ocrx_word' id='word_1_505' title='bbox 658 1851 831 1888; x_wconf 61' lang='lat' dir='ltr'><strong>Mod/uenia;</strong></span> <span class='ocrx_word' id='word_1_506' title='bbox 841 1851 893 1878; x_wconf 83' lang='grc' dir='ltr'>διέ-</span> 
     </span>
    </p>
   </div>
   <div class='ocr_carea' id='block_1_68' title="bbox 96 1899 495 1936">
    <p class='ocr_par' dir='ltr' id='par_1_68' title="bbox 96 1899 495 1936">
     <span class='ocr_line' id='line_1_68' title="bbox 96 1899 495 1936; baseline -0.005 -8"><span class='ocrx_word' id='word_1_507' title='bbox 96 1900 185 1928; x_wconf 71' lang='grc' dir='ltr'>ϐαλεν</span> <span class='ocrx_word' id='word_1_508' title='bbox 197 1901 263 1928; x_wconf 74' lang='grc' dir='ltr'>αὐτὸ</span> <span class='ocrx_word' id='word_1_509' title='bbox 274 1900 385 1936; x_wconf 75' lang='grc' dir='ltr'>ἠλιθίως</span> <span class='ocrx_word' id='word_1_510' title='bbox 400 1899 495 1936; x_wconf 59' lang='grc' dir='ltr'>πάνυ]</span> 
     </span>
    </p>
   </div>
   <div class='ocr_carea' id='block_1_69' title="bbox 139 1943 894 1982">
    <p class='ocr_par' dir='ltr' id='par_1_69' title="bbox 139 1943 894 1982">
     <span class='ocr_line' id='line_1_69' title="bbox 139 1943 894 1982; baseline -0.007 -7"><span class='ocrx_word' id='word_1_511' title='bbox 139 1947 202 1975; x_wconf 80' lang='grc' dir='ltr'><strong>Τῶν</strong></span> <span class='ocrx_word' id='word_1_512' title='bbox 217 1946 426 1982; x_wconf 77' lang='grc' dir='ltr'>συνθημάτων.</span> <span class='ocrx_word' id='word_1_513' title='bbox 445 1945 629 1982; x_wconf 82' lang='grc' dir='ltr'>Συνθημάτων</span> <span class='ocrx_word' id='word_1_514' title='bbox 645 1944 712 1980; x_wconf 77' lang='grc' dir='ltr'>φησὶ</span> <span class='ocrx_word' id='word_1_515' title='bbox 726 1944 780 1971; x_wconf 90' lang='grc' dir='ltr'><strong>τῶν</strong></span> <span class='ocrx_word' id='word_1_516' title='bbox 793 1943 894 1980; x_wconf 74' lang='grc' dir='ltr'>συμϐο-</span> 
     </span>
    </p>
   </div>
   <div class='ocr_carea' id='block_1_70' title="bbox 96 1990 893 2029">
    <p class='ocr_par' dir='ltr' id='par_1_70' title="bbox 96 1990 893 2029">
     <span class='ocr_line' id='line_1_70' title="bbox 96 1990 893 2029; baseline -0.006 -8"><span class='ocrx_word' id='word_1_517' title='bbox 96 1993 186 2025; x_wconf 86' lang='grc' dir='ltr'>λικῶς</span> <span class='ocrx_word' id='word_1_518' title='bbox 207 1993 367 2029; x_wconf 82' lang='grc' dir='ltr'>γινομένων,</span> <span class='ocrx_word' id='word_1_519' title='bbox 386 1992 404 2020; x_wconf 75' lang='grc' dir='ltr'>ἃ</span> <span class='ocrx_word' id='word_1_520' title='bbox 427 1993 499 2028; x_wconf 80' lang='grc' dir='ltr'>ὑπὲρ</span> <span class='ocrx_word' id='word_1_521' title='bbox 520 1991 635 2023; x_wconf 79' lang='grc' dir='ltr'>ἑαυτῶν,</span> <span class='ocrx_word' id='word_1_522' title='bbox 659 1990 798 2017; x_wconf 77' lang='grc' dir='ltr'>τουτέστιν</span> <span class='ocrx_word' id='word_1_523' title='bbox 823 1990 893 2026; x_wconf 81' lang='grc' dir='ltr'>ὑπὲρ</span> 
     </span>
    </p>
   </div>
   <div class='ocr_carea' id='block_1_71' title="bbox 94 2035 893 2072">
    <p class='ocr_par' dir='ltr' id='par_1_71' title="bbox 94 2035 893 2072">
     <span class='ocr_line' id='line_1_71' title="bbox 94 2035 893 2072; baseline -0.006 -6"><span class='ocrx_word' id='word_1_524' title='bbox 94 2038 149 2066; x_wconf 82' lang='grc' dir='ltr'>τοῦ</span> <span class='ocrx_word' id='word_1_525' title='bbox 169 2037 256 2071; x_wconf 72' lang='grc' dir='ltr'>οὕτως</span> <span class='ocrx_word' id='word_1_526' title='bbox 270 2040 291 2055; x_wconf 79' lang='grc'><strong>⁶¹</strong></span> <span class='ocrx_word' id='word_1_527' title='bbox 307 2038 425 2066; x_wconf 88' lang='grc' dir='ltr'>νοεῖσθαι</span> <span class='ocrx_word' id='word_1_528' title='bbox 442 2037 522 2070; x_wconf 83' lang='grc' dir='ltr'>αὐτὰ,</span> <span class='ocrx_word' id='word_1_529' title='bbox 539 2037 577 2069; x_wconf 87' lang='grc' dir='ltr'>ὠς</span> <span class='ocrx_word' id='word_1_530' title='bbox 596 2037 628 2063; x_wconf 65' lang='lat' dir='ltr'><strong>to</strong></span> <span class='ocrx_word' id='word_1_531' title='bbox 646 2035 806 2072; x_wconf 84' lang='grc' dir='ltr'>φαινόμενον</span> <span class='ocrx_word' id='word_1_532' title='bbox 826 2035 893 2071; x_wconf 74' lang='grc' dir='ltr'>ἔχει,</span> 
     </span>
    </p>
   </div>
   <div class='ocr_carea' id='block_1_72' title="bbox 96 2082 894 2120">
    <p class='ocr_par' dir='ltr' id='par_1_72' title="bbox 96 2082 894 2120">
     <span class='ocr_line' id='line_1_72' title="bbox 96 2082 894 2120; baseline -0.003 -9"><span class='ocrx_word' id='word_1_533' title='bbox 96 2085 150 2112; x_wconf 76' lang='grc' dir='ltr'>καὶ</span> <span class='ocrx_word' id='word_1_534' title='bbox 174 2084 205 2111; x_wconf 79' lang='grc' dir='ltr'>τὸ</span> <span class='ocrx_word' id='word_1_535' title='bbox 227 2085 345 2120; x_wconf 84' lang='grc' dir='ltr'>γράμμα</span> <span class='ocrx_word' id='word_1_536' title='bbox 373 2084 458 2119; x_wconf 83' lang='grc' dir='ltr'>ψιλῶς</span> <span class='ocrx_word' id='word_1_537' title='bbox 488 2083 667 2120; x_wconf 78' lang='grc' dir='ltr'>ὑπαγορεύει”</span> <span class='ocrx_word' id='word_1_538' title='bbox 687 2083 718 2110; x_wconf 87' lang='grc' dir='ltr'><strong>οὐ</strong></span> <span class='ocrx_word' id='word_1_539' title='bbox 735 2082 894 2119; x_wconf 80' lang='grc' dir='ltr'>τυπωθῆναι</span> 
     </span>
    </p>
   </div>
   <div class='ocr_carea' id='block_1_73' title="bbox 95 2128 894 2167">
    <p class='ocr_par' dir='ltr' id='par_1_73' title="bbox 95 2128 894 2167">
     <span class='ocr_line' id='line_1_73' title="bbox 95 2128 894 2167; baseline 0.001 -10"><span class='ocrx_word' id='word_1_540' title='bbox 95 2139 195 2166; x_wconf 83' lang='grc' dir='ltr'>φησιν,</span> <span class='ocrx_word' id='word_1_541' title='bbox 211 2131 278 2158; x_wconf 80' lang='grc' dir='ltr'>ἀλλὰ</span> <span class='ocrx_word' id='word_1_542' title='bbox 293 2130 477 2167; x_wconf 79' lang='grc' dir='ltr'>προκάλυμμα</span> <span class='ocrx_word' id='word_1_543' title='bbox 491 2128 560 2158; x_wconf 72' lang='grc' dir='ltr'>εἶναι</span> <span class='ocrx_word' id='word_1_544' title='bbox 574 2132 622 2158; x_wconf 76' lang='grc' dir='ltr'>καὶ</span> <span class='ocrx_word' id='word_1_545' title='bbox 641 2130 726 2158; x_wconf 81' lang='grc' dir='ltr'>τύπον</span> <span class='ocrx_word' id='word_1_546' title='bbox 739 2131 794 2158; x_wconf 85' lang='grc' dir='ltr'><strong>τῶν</strong></span> <span class='ocrx_word' id='word_1_547' title='bbox 812 2130 894 2167; x_wconf 84' lang='grc' dir='ltr'>βαθυ-</span> 
     </span>
    </p>
   </div>
   <div class='ocr_carea' id='block_1_74' title="bbox 92 2176 894 2214">
    <p class='ocr_par' dir='ltr' id='par_1_74' title="bbox 92 2176 894 2214">
     <span class='ocr_line' id='line_1_74' title="bbox 92 2176 894 2214; baseline 0.001 -11"><span class='ocrx_word' id='word_1_548' title='bbox 92 2176 189 2212; x_wconf 86' lang='grc' dir='ltr'>τέρων</span> <span class='ocrx_word' id='word_1_549' title='bbox 203 2177 321 2214; x_wconf 79' lang='grc' dir='ltr'>νοήσεων</span> <span class='ocrx_word' id='word_1_550' title='bbox 338 2177 384 2203; x_wconf 77' lang='grc' dir='ltr'>καὶ</span> <span class='ocrx_word' id='word_1_551' title='bbox 405 2177 573 2213; x_wconf 76' lang='grc' dir='ltr'>ὑπολήψεων.</span> <span class='ocrx_word' id='word_1_552' title='bbox 591 2177 678 2205; x_wconf 83' lang='grc' dir='ltr'>Τοῦτο</span> <span class='ocrx_word' id='word_1_553' title='bbox 692 2178 720 2204; x_wconf 87' lang='grc' dir='ltr'><strong>δέ</strong></span> <span class='ocrx_word' id='word_1_554' title='bbox 737 2186 829 2214; x_wconf 84' lang='grc' dir='ltr'>φησιν,</span> <span class='ocrx_word' id='word_1_555' title='bbox 852 2178 894 2204; x_wconf 82' lang='grc' dir='ltr'>ὃτι</span> 
     </span>
    </p>
   </div>
   <div class='ocr_carea' id='block_1_75' title="bbox 91 2222 894 2263">
    <p class='ocr_par' dir='ltr' id='par_1_75' title="bbox 91 2222 894 2263">
     <span class='ocr_line' id='line_1_75' title="bbox 91 2222 894 2263; baseline 0.002 -12"><span class='ocrx_word' id='word_1_556' title='bbox 91 2222 137 2251; x_wconf 82' lang='grc' dir='ltr'><strong>τὰ</strong></span> <span class='ocrx_word' id='word_1_557' title='bbox 152 2223 273 2259; x_wconf 81' lang='grc' dir='ltr'>σύμῦολα</span> <span class='ocrx_word' id='word_1_558' title='bbox 294 2225 342 2260; x_wconf 81' lang='grc' dir='ltr'><strong>οὐχ</strong></span> <span class='ocrx_word' id='word_1_559' title='bbox 362 2225 432 2262; x_wconf 82' lang='grc' dir='ltr'>ὑπὲρ</span> <span class='ocrx_word' id='word_1_560' title='bbox 449 2225 553 2252; x_wconf 79' lang='grc' dir='ltr'>ἑαυτῶν</span> <span class='ocrx_word' id='word_1_561' title='bbox 567 2225 601 2253; x_wconf 85' lang='grc' dir='ltr'><strong>τὰ</strong></span> <span class='ocrx_word' id='word_1_562' title='bbox 618 2226 775 2263; x_wconf 78' lang='grc' dir='ltr'>συνθήματα</span> <span class='ocrx_word' id='word_1_563' title='bbox 793 2225 827 2253; x_wconf 88' lang='grc' dir='ltr'><strong>τὰ</strong></span> <span class='ocrx_word' id='word_1_564' title='bbox 848 2234 894 2261; x_wconf 65' lang='grc' dir='ltr'>μνυ-</span> 
     </span>
    </p>
   </div>
   <div class='ocr_carea' id='block_1_76' title="bbox 95 2270 891 2308">
    <p class='ocr_par' dir='ltr' id='par_1_76' title="bbox 95 2270 891 2308">
     <span class='ocr_line' id='line_1_76' title="bbox 95 2270 891 2308; baseline 0.004 -12"><span class='ocrx_word' id='word_1_565' title='bbox 95 2270 185 2297; x_wconf 79' lang='grc' dir='ltr'>στικὰ</span> <span class='ocrx_word' id='word_1_566' title='bbox 210 2271 370 2306; x_wconf 84' lang='grc' dir='ltr'>ἐπενόησαν,</span> <span class='ocrx_word' id='word_1_567' title='bbox 387 2271 455 2300; x_wconf 80' lang='grc' dir='ltr'><strong>ἀλλὰ</strong></span> <span class='ocrx_word' id='word_1_568' title='bbox 473 2272 517 2299; x_wconf 79' lang='grc' dir='ltr'><strong>διὰ</strong></span> <span class='ocrx_word' id='word_1_569' title='bbox 536 2273 600 2305; x_wconf 84' lang='grc' dir='ltr'>τοὺς</span> <span class='ocrx_word' id='word_1_570' title='bbox 622 2272 756 2305; x_wconf 82' lang='grc' dir='ltr'>ἀναξίους,</span> <span class='ocrx_word' id='word_1_571' title='bbox 777 2273 821 2299; x_wconf 78' lang='grc' dir='ltr'><strong>ἵνα</strong></span> <span class='ocrx_word' id='word_1_572' title='bbox 838 2272 891 2308; x_wconf 81' lang='grc' dir='ltr'><strong>μὴ,</strong></span> 
     </span>
    </p>
   </div>
   <div class='ocr_carea' id='block_1_77' title="bbox 91 2316 745 2354">
    <p class='ocr_par' dir='ltr' id='par_1_77' title="bbox 91 2316 745 2354">
     <span class='ocr_line' id='line_1_77' title="bbox 91 2316 745 2354; baseline 0.005 -12"><span class='ocrx_word' id='word_1_573' title='bbox 91 2316 273 2353; x_wconf 82' lang='grc' dir='ltr'>προκείμενα</span> <span class='ocrx_word' id='word_1_574' title='bbox 287 2317 387 2350; x_wconf 81' lang='grc' dir='ltr'>αὐτοῖς,</span> <span class='ocrx_word' id='word_1_575' title='bbox 402 2318 628 2354; x_wconf 83' lang='grc' dir='ltr'>εὐκαταφρόνητα</span> <span class='ocrx_word' id='word_1_576' title='bbox 643 2318 745 2354; x_wconf 85' lang='grc' dir='ltr'>δοκοίη.</span> 
     </span>
    </p>
   </div>
   <div class='ocr_carea' id='block_1_78' title="bbox 140 2364 889 2403">
    <p class='ocr_par' dir='ltr' id='par_1_78' title="bbox 140 2364 889 2403">
     <span class='ocr_line' id='line_1_78' title="bbox 140 2364 889 2403; baseline 0.004 -12"><span class='ocrx_word' id='word_1_577' title='bbox 140 2364 201 2399; x_wconf 75' lang='grc' dir='ltr'><strong>Τὴν</strong></span> <span class='ocrx_word' id='word_1_578' title='bbox 221 2365 280 2400; x_wconf 79' lang='grc' dir='ltr'><strong>μὲν</strong></span> <span class='ocrx_word' id='word_1_579' title='bbox 303 2365 479 2400; x_wconf 70' lang='grc' dir='ltr'>ἁπόρῤητον.</span> <span class='ocrx_word' id='word_1_580' title='bbox 503 2367 558 2402; x_wconf 85' lang='grc' dir='ltr'><strong>Τὴν</strong></span> <span class='ocrx_word' id='word_1_581' title='bbox 586 2367 636 2402; x_wconf 79' lang='grc' dir='ltr'>μὲν</span> <span class='ocrx_word' id='word_1_582' title='bbox 659 2367 814 2403; x_wconf 75' lang='grc' dir='ltr'>ἀπόρρητον</span> <span class='ocrx_word' id='word_1_583' title='bbox 843 2367 889 2394; x_wconf 79' lang='grc' dir='ltr'>καὶ</span> 
     </span>
    </p>
   </div>
   <div class='ocr_carea' id='block_1_79' title="bbox 91 2410 889 2448">
    <p class='ocr_par' dir='ltr' id='par_1_79' title="bbox 91 2410 889 2448">
     <span class='ocr_line' id='line_1_79' title="bbox 91 2410 889 2448; baseline 0.003 -11"><span class='ocrx_word' id='word_1_584' title='bbox 91 2411 237 2447; x_wconf 77' lang='grc' dir='ltr'>μυστικὴν</span> <span class='ocrx_word' id='word_1_585' title='bbox 254 2410 401 2447; x_wconf 75' lang='grc' dir='ltr'>παράδοσιν</span> <span class='ocrx_word' id='word_1_586' title='bbox 415 2412 465 2447; x_wconf 76' lang='grc' dir='ltr'>τῆς</span> <span class='ocrx_word' id='word_1_587' title='bbox 478 2411 589 2448; x_wconf 80' lang='grc' dir='ltr'>Γραφῆς</span> <span class='ocrx_word' id='word_1_588' title='bbox 605 2412 689 2448; x_wconf 85' lang='grc' dir='ltr'>αὐτὴν</span> <span class='ocrx_word' id='word_1_589' title='bbox 704 2412 889 2448; x_wconf 80' lang='grc' dir='ltr'>ἐπεξηγεῖται,</span> 
     </span>
    </p>
   </div>
   <div class='ocr_carea' id='block_1_80' title="bbox 88 2456 891 2495">
    <p class='ocr_par' dir='ltr' id='par_1_80' title="bbox 88 2456 891 2495">
     <span class='ocr_line' id='line_1_80' title="bbox 88 2456 891 2495; baseline 0.004 -12"><span class='ocrx_word' id='word_1_590' title='bbox 88 2457 193 2486; x_wconf 78' lang='grc' dir='ltr'>καλῶν</span> <span class='ocrx_word' id='word_1_591' title='bbox 216 2456 392 2493; x_wconf 78' lang='grc' dir='ltr'>συμϐολικὴν,</span> <span class='ocrx_word' id='word_1_592' title='bbox 415 2458 462 2484; x_wconf 81' lang='grc' dir='ltr'>ἆτε</span> <span class='ocrx_word' id='word_1_593' title='bbox 482 2457 527 2484; x_wconf 84' lang='grc' dir='ltr'><strong>διὰ</strong></span> <span class='ocrx_word' id='word_1_594' title='bbox 547 2459 687 2494; x_wconf 74' lang='grc' dir='ltr'>συμϐόλων</span> <span class='ocrx_word' id='word_1_595' title='bbox 705 2459 891 2495; x_wconf 79' lang='grc' dir='ltr'>χρησμοδοτη-</span> 
     </span>
    </p>
   </div>
   <div class='ocr_carea' id='block_1_81' title="bbox 87 2502 890 2539">
    <p class='ocr_par' dir='ltr' id='par_1_81' title="bbox 87 2502 890 2539">
     <span class='ocr_line' id='line_1_81' title="bbox 87 2502 890 2539; baseline 0.002 -9"><span class='ocrx_word' id='word_1_596' title='bbox 87 2504 210 2531; x_wconf 85' lang='grc' dir='ltr'>θεῖσαν·</span> <span class='ocrx_word' id='word_1_597' title='bbox 235 2502 303 2530; x_wconf 77' lang='grc' dir='ltr'>ἀλλὰ</span> <span class='ocrx_word' id='word_1_598' title='bbox 324 2503 371 2530; x_wconf 84' lang='grc' dir='ltr'><strong>καί</strong></span> <span class='ocrx_word' id='word_1_599' title='bbox 391 2503 558 2539; x_wconf 83' lang='grc' dir='ltr'>τελεστικὴν,</span> <span class='ocrx_word' id='word_1_600' title='bbox 581 2504 620 2536; x_wconf 81' lang='grc' dir='ltr'>ὡς</span> <span class='ocrx_word' id='word_1_601' title='bbox 637 2504 687 2536; x_wconf 81' lang='grc' dir='ltr'><strong>τὰς</strong></span> <span class='ocrx_word' id='word_1_602' title='bbox 705 2505 817 2537; x_wconf 80' lang='grc' dir='ltr'>τελετὰς</span> <span class='ocrx_word' id='word_1_603' title='bbox 835 2505 890 2532; x_wconf 86' lang='grc' dir='ltr'><strong>τῶν</strong></span> 
     </span>
    </p>
   </div>
   <div class='ocr_carea' id='block_1_82' title="bbox 91 2547 892 2586">
    <p class='ocr_par' dir='ltr' id='par_1_82' title="bbox 91 2547 892 2586">
     <span class='ocr_line' id='line_1_82' title="bbox 91 2547 892 2586; baseline 0.002 -11"><span class='ocrx_word' id='word_1_604' title='bbox 91 2548 259 2586; x_wconf 80' lang='grc' dir='ltr'>μυστηρίων</span> <span class='ocrx_word' id='word_1_605' title='bbox 274 2548 303 2575; x_wconf 90' lang='grc' dir='ltr'><strong>ἐν</strong></span> <span class='ocrx_word' id='word_1_606' title='bbox 317 2547 460 2584; x_wconf 77' lang='grc' dir='ltr'>συμϐόλοις</span> <span class='ocrx_word' id='word_1_607' title='bbox 481 2549 678 2584; x_wconf 80' lang='grc' dir='ltr'>παραδιδοῦσαν</span> <span class='ocrx_word' id='word_1_608' title='bbox 691 2549 735 2576; x_wconf 78' lang='grc' dir='ltr'><strong>διὰ</strong></span> <span class='ocrx_word' id='word_1_609' title='bbox 751 2550 800 2584; x_wconf 88' lang='grc' dir='ltr'>τῆς</span> <span class='ocrx_word' id='word_1_610' title='bbox 818 2551 892 2586; x_wconf 87' lang='grc' dir='ltr'>ἱερα-</span> 
     </span>
    </p>
   </div>
   <div class='ocr_carea' id='block_1_83' title="bbox 85 2593 891 2631">
    <p class='ocr_par' dir='ltr' id='par_1_83' title="bbox 85 2593 891 2631">
     <span class='ocr_line' id='line_1_83' title="bbox 85 2593 891 2631; baseline -0.002 -8"><span class='ocrx_word' id='word_1_611' title='bbox 85 2595 182 2630; x_wconf 75' lang='grc' dir='ltr'>τικῆς</span> <span class='ocrx_word' id='word_1_612' title='bbox 203 2594 388 2631; x_wconf 85' lang='grc' dir='ltr'>παραδόσεως.</span> <span class='ocrx_word' id='word_1_613' title='bbox 411 2593 519 2630; x_wconf 85' lang='grc' dir='ltr'>Ταύτην</span> <span class='ocrx_word' id='word_1_614' title='bbox 540 2594 569 2621; x_wconf 81' lang='grc' dir='ltr'>δὲ</span> <span class='ocrx_word' id='word_1_615' title='bbox 587 2595 637 2631; x_wconf 81' lang='grc' dir='ltr'>τὴν</span> <span class='ocrx_word' id='word_1_616' title='bbox 658 2595 812 2631; x_wconf 74' lang='grc' dir='ltr'>ἀπόρρητον</span> <span class='ocrx_word' id='word_1_617' title='bbox 831 2596 891 2631; x_wconf 68' lang='grc' dir='ltr'>ἦτοι</span> 
     </span>
    </p>
   </div>
   <div class='ocr_carea' id='block_1_84' title="bbox 88 2640 891 2677">
    <p class='ocr_par' dir='ltr' id='par_1_84' title="bbox 88 2640 891 2677">
     <span class='ocr_line' id='line_1_84' title="bbox 88 2640 891 2677; baseline 0 -10"><span class='ocrx_word' id='word_1_618' title='bbox 88 2640 269 2677; x_wconf 76' lang='grc' dir='ltr'>συμϐολικήν</span> <span class='ocrx_word' id='word_1_619' title='bbox 290 2649 372 2677; x_wconf 86' lang='grc' dir='ltr'>φησιν</span> <span class='ocrx_word' id='word_1_620' title='bbox 394 2640 466 2676; x_wconf 73' lang='grc' dir='ltr'>ἔχειν</span> <span class='ocrx_word' id='word_1_621' title='bbox 481 2641 727 2676; x_wconf 82' lang='grc' dir='ltr'>συμπεπλεγμένην</span> <span class='ocrx_word' id='word_1_622' title='bbox 747 2640 786 2676; x_wconf 80' lang='grc' dir='ltr'>τῷ</span> <span class='ocrx_word' id='word_1_623' title='bbox 806 2640 891 2676; x_wconf 82' lang='grc' dir='ltr'>ῥητῷ,</span> 
     </span>
    </p>
   </div>
   <div class='ocr_carea' id='block_1_85' title="bbox 86 2686 892 2723">
    <p class='ocr_par' dir='ltr' id='par_1_85' title="bbox 86 2686 892 2723">
     <span class='ocr_line' id='line_1_85' title="bbox 86 2686 892 2723; baseline -0.001 -9"><span class='ocrx_word' id='word_1_624' title='bbox 86 2687 224 2715; x_wconf 80' lang='grc' dir='ltr'>τουτέστι</span> <span class='ocrx_word' id='word_1_625' title='bbox 242 2687 281 2722; x_wconf 88' lang='grc' dir='ltr'>τῷ</span> <span class='ocrx_word' id='word_1_626' title='bbox 298 2686 412 2723; x_wconf 78' lang='grc' dir='ltr'>ῥηθῆναι</span> <span class='ocrx_word' id='word_1_627' title='bbox 436 2686 662 2722; x_wconf 77' lang='grc' dir='ltr'>ἐπιτετραμμένῳ</span> <span class='ocrx_word' id='word_1_628' title='bbox 686 2686 823 2722; x_wconf 75' lang='grc' dir='ltr'>συμϐόλῳ,</span> <span class='ocrx_word' id='word_1_629' title='bbox 846 2687 892 2713; x_wconf 83' lang='grc' dir='ltr'>καὶ</span> 
     </span>
    </p>
   </div>
   <div class='ocr_carea' id='block_1_86' title="bbox 85 2731 892 2770">
    <p class='ocr_par' dir='ltr' id='par_1_86' title="bbox 85 2731 892 2770">
     <span class='ocr_line' id='line_1_86' title="bbox 85 2731 892 2770; baseline -0.004 -8"><span class='ocrx_word' id='word_1_630' title='bbox 85 2734 130 2762; x_wconf 77' lang='grc' dir='ltr'>τὸ</span> <span class='ocrx_word' id='word_1_631' title='bbox 145 2733 265 2770; x_wconf 79' lang='grc' dir='ltr'>ἄρῥητον</span> <span class='ocrx_word' id='word_1_632' title='bbox 280 2733 339 2769; x_wconf 66' lang='grc' dir='ltr'>ἦτοι</span> <span class='ocrx_word' id='word_1_633' title='bbox 359 2732 498 2769; x_wconf 84' lang='grc' dir='ltr'>μυστικόν.</span> <span class='ocrx_word' id='word_1_634' title='bbox 522 2733 717 2760; x_wconf 87' lang='grc' dir='ltr'>Συνεσκίασται</span> <span class='ocrx_word' id='word_1_635' title='bbox 732 2732 786 2769; x_wconf 80' lang='grc' dir='ltr'><strong>γὰρ</strong></span> <span class='ocrx_word' id='word_1_636' title='bbox 807 2733 836 2760; x_wconf 77' lang='grc' dir='ltr'><strong>ἐν</strong></span> <span class='ocrx_word' id='word_1_637' title='bbox 852 2731 892 2768; x_wconf 86' lang='grc' dir='ltr'>τῷ</span> 
     </span>
    </p>
   </div>
   <div class='ocr_carea' id='block_1_87' title="bbox 139 2818 606 2857">
    <p class='ocr_par' dir='ltr' id='par_1_87' title="bbox 139 2818 606 2857">
     <span class='ocr_line' id='line_1_87' title="bbox 139 2818 606 2857; baseline 0.006 -11"><span class='ocrx_word' id='word_1_638' title='bbox 139 2819 217 2857; x_wconf 81' lang='lat' dir='ltr'><strong>Pisa.</strong></span> <span class='ocrx_word' id='word_1_639' title='bbox 232 2827 274 2847; x_wconf 87' lang='grc' dir='ltr'>ιιι.</span> <span class='ocrx_word' id='word_1_640' title='bbox 311 2824 326 2846; x_wconf 66' lang='grc' dir='ltr'>τι</span> <span class='ocrx_word' id='word_1_641' title='bbox 341 2818 414 2849; x_wconf 81' lang='lat' dir='ltr'><strong>Psal.</strong></span> <span class='ocrx_word' id='word_1_642' title='bbox 430 2827 503 2855; x_wconf 78' lang='lat' dir='ltr'><strong>xuv,</strong></span> <span class='ocrx_word' id='word_1_643' title='bbox 520 2820 562 2855; x_wconf 87' lang='lat' dir='ltr'><strong>l0,</strong></span> <span class='ocrx_word' id='word_1_644' title='bbox 578 2820 606 2848; x_wconf 80' lang='grc'><strong>4.</strong></span> 
     </span>
    </p>
   </div>
   <div class='ocr_carea' id='block_1_88' title="bbox 944 1663 1733 1702">
    <p class='ocr_par' dir='ltr' id='par_1_88' title="bbox 944 1663 1733 1702">
     <span class='ocr_line' id='line_1_88' title="bbox 944 1663 1733 1702; baseline -0.003 -8"><span class='ocrx_word' id='word_1_645' title='bbox 944 1666 1081 1702; x_wconf 86' lang='lat' dir='ltr'><strong>pbismata</strong></span> <span class='ocrx_word' id='word_1_646' title='bbox 1094 1665 1214 1698; x_wconf 75' lang='lat' dir='ltr'><strong>vocarit,</strong></span> <span class='ocrx_word' id='word_1_647' title='bbox 1229 1671 1286 1692; x_wconf 91' lang='lat' dir='ltr'><strong>non</strong></span> <span class='ocrx_word' id='word_1_648' title='bbox 1300 1663 1381 1699; x_wconf 83' lang='lat' dir='ltr'><strong>quasi</strong></span> <span class='ocrx_word' id='word_1_649' title='bbox 1397 1667 1494 1700; x_wconf 80' lang='lat' dir='ltr'><strong>argute</strong></span> <span class='ocrx_word' id='word_1_650' title='bbox 1502 1671 1539 1691; x_wconf 71' lang='lat' dir='ltr'><strong>ac</strong></span> <span class='ocrx_word' id='word_1_651' title='bbox 1551 1663 1673 1699; x_wconf 82' lang='lat' dir='ltr'><strong>captiose</strong></span> <span class='ocrx_word' id='word_1_652' title='bbox 1686 1672 1733 1692; x_wconf 55' lang='lat' dir='ltr'><strong>ve-l</strong></span> 
     </span>
    </p>
   </div>
   <div class='ocr_carea' id='block_1_89' title="bbox 944 1709 1732 1745">
    <p class='ocr_par' dir='ltr' id='par_1_89' title="bbox 944 1709 1732 1745">
     <span class='ocr_line' id='line_1_89' title="bbox 944 1709 1732 1745; baseline -0.003 -6"><span class='ocrx_word' id='word_1_653' title='bbox 944 1712 1052 1739; x_wconf 88' lang='lat' dir='ltr'><strong>ritatem</strong></span> <span class='ocrx_word' id='word_1_654' title='bbox 1071 1711 1213 1743; x_wconf 87' lang='lat' dir='ltr'><strong>deludant,</strong></span> <span class='ocrx_word' id='word_1_655' title='bbox 1236 1709 1284 1738; x_wconf 86' lang='lat' dir='ltr'><strong>sed</strong></span> <span class='ocrx_word' id='word_1_656' title='bbox 1303 1710 1378 1738; x_wconf 87' lang='lat' dir='ltr'><strong>clare</strong></span> <span class='ocrx_word' id='word_1_657' title='bbox 1393 1709 1421 1737; x_wconf 91' lang='lat' dir='ltr'><strong>id</strong></span> <span class='ocrx_word' id='word_1_658' title='bbox 1444 1709 1519 1745; x_wconf 89' lang='lat' dir='ltr'><strong>quod</strong></span> <span class='ocrx_word' id='word_1_659' title='bbox 1534 1709 1668 1745; x_wconf 67' lang='lat' dir='ltr'><strong>quaeritur</strong></span> <span class='ocrx_word' id='word_1_660' title='bbox 1681 1717 1732 1738; x_wconf 73' lang='lat' dir='ltr'><strong>ex-</strong></span> 
     </span>
    </p>
   </div>
   <div class='ocr_carea' id='block_1_90' title="bbox 943 1760 1056 1796">
    <p class='ocr_par' dir='ltr' id='par_1_90' title="bbox 943 1760 1056 1796">
     <span class='ocr_line' id='line_1_90' title="bbox 943 1760 1056 1796; baseline 0 -9"><span class='ocrx_word' id='word_1_661' title='bbox 943 1760 1056 1796; x_wconf 87' lang='lat' dir='ltr'><strong>plicent.</strong></span> 
     </span>
    </p>
   </div>
   <div class='ocr_carea' id='block_1_91' title="bbox 981 1804 1732 1843">
    <p class='ocr_par' dir='ltr' id='par_1_91' title="bbox 981 1804 1732 1843">
     <span class='ocr_line' id='line_1_91' title="bbox 981 1804 1732 1843; baseline -0.001 -10"><span class='ocrx_word' id='word_1_662' title='bbox 981 1805 1031 1843; x_wconf 89' lang='lat' dir='ltr'><strong>[De</strong></span> <span class='ocrx_word' id='word_1_663' title='bbox 1047 1805 1162 1834; x_wconf 86' lang='lat' dir='ltr'><strong>Cantico</strong></span> <span class='ocrx_word' id='word_1_664' title='bbox 1182 1804 1449 1842; x_wconf 86' lang='lat' dir='ltr'><strong>canticorum,quod</strong></span> <span class='ocrx_word' id='word_1_665' title='bbox 1471 1812 1581 1834; x_wconf 86' lang='lat' dir='ltr'><strong>sacrum</strong></span> <span class='ocrx_word' id='word_1_666' title='bbox 1603 1805 1639 1834; x_wconf 80' lang='lat' dir='ltr'><strong>sit</strong></span> <span class='ocrx_word' id='word_1_667' title='bbox 1654 1805 1732 1842; x_wconf 80' lang='lat' dir='ltr'><strong>juxta</strong></span> 
     </span>
    </p>
   </div>
   <div class='ocr_carea' id='block_1_92' title="bbox 944 1850 1731 1888">
    <p class='ocr_par' dir='ltr' id='par_1_92' title="bbox 944 1850 1731 1888">
     <span class='ocr_line' id='line_1_92' title="bbox 944 1850 1731 1888; baseline -0.001 -8"><span class='ocrx_word' id='word_1_668' title='bbox 944 1856 1056 1881; x_wconf 86' lang='lat' dir='ltr'><strong>sanctos</strong></span> <span class='ocrx_word' id='word_1_669' title='bbox 1071 1852 1140 1880; x_wconf 84' lang='lat' dir='ltr'><strong>istos</strong></span> <span class='ocrx_word' id='word_1_670' title='bbox 1153 1861 1160 1879; x_wconf 86' lang='lat'>:</span> <span class='ocrx_word' id='word_1_671' title='bbox 1177 1850 1341 1880; x_wconf 83' lang='lat' dir='ltr'><strong>Theodorus</strong></span> <span class='ocrx_word' id='word_1_672' title='bbox 1355 1852 1429 1880; x_wconf 90' lang='lat' dir='ltr'><strong>enim</strong></span> <span class='ocrx_word' id='word_1_673' title='bbox 1441 1851 1650 1888; x_wconf 81' lang='lat' dir='ltr'><strong>Mopsuestenus</strong></span> <span class='ocrx_word' id='word_1_674' title='bbox 1665 1852 1731 1880; x_wconf 88' lang='lat' dir='ltr'><strong>illud</strong></span> 
     </span>
    </p>
   </div>
   <div class='ocr_carea' id='block_1_93' title="bbox 943 1898 1661 1935">
    <p class='ocr_par' dir='ltr' id='par_1_93' title="bbox 943 1898 1661 1935">
     <span class='ocr_line' id='line_1_93' title="bbox 943 1898 1661 1935; baseline -0.003 -7"><span class='ocrx_word' id='word_1_675' title='bbox 943 1900 1056 1928; x_wconf 87' lang='lat' dir='ltr'><strong>omnino</strong></span> <span class='ocrx_word' id='word_1_676' title='bbox 1070 1899 1167 1927; x_wconf 88' lang='lat' dir='ltr'><strong>insane</strong></span> <span class='ocrx_word' id='word_1_677' title='bbox 1184 1898 1349 1935; x_wconf 89' lang='lat' dir='ltr'><strong>contempsit</strong></span> <span class='ocrx_word' id='word_1_678' title='bbox 1366 1903 1394 1926; x_wconf 86' lang='lat' dir='ltr'><strong>et</strong></span> <span class='ocrx_word' id='word_1_679' title='bbox 1407 1898 1519 1926; x_wconf 80' lang='lat' dir='ltr'><strong>infamia</strong></span> <span class='ocrx_word' id='word_1_680' title='bbox 1533 1898 1661 1935; x_wconf 88' lang='lat' dir='ltr'><strong>notavit.]</strong></span> 
     </span>
    </p>
   </div>
   <div class='ocr_carea' id='block_1_94' title="bbox 980 1945 1733 1981">
    <p class='ocr_par' dir='ltr' id='par_1_94' title="bbox 980 1945 1733 1981">
     <span class='ocr_line' id='line_1_94' title="bbox 980 1945 1733 1981; baseline -0.003 -7"><span class='ocrx_word' id='word_1_681' title='bbox 980 1945 1216 1981; x_wconf 73' lang='lat' dir='ltr'><strong>Compositionum.</strong></span> <span class='ocrx_word' id='word_1_682' title='bbox 1228 1945 1448 1981; x_wconf 86' lang='lat' dir='ltr'><strong>Compositiones</strong></span> <span class='ocrx_word' id='word_1_683' title='bbox 1469 1945 1595 1981; x_wconf 78' lang='lat' dir='ltr'><strong>intelligit</strong></span> <span class='ocrx_word' id='word_1_684' title='bbox 1609 1952 1656 1973; x_wconf 84' lang='lat' dir='ltr'><strong>eas</strong></span> <span class='ocrx_word' id='word_1_685' title='bbox 1672 1952 1733 1980; x_wconf 77' lang='lat' dir='ltr'><strong>qua:</strong></span> 
     </span>
    </p>
   </div>
   <div class='ocr_carea' id='block_1_95' title="bbox 945 1990 1730 2029">
    <p class='ocr_par' dir='ltr' id='par_1_95' title="bbox 945 1990 1730 2029">
     <span class='ocr_line' id='line_1_95' title="bbox 945 1990 1730 2029; baseline -0.004 -8"><span class='ocrx_word' id='word_1_686' title='bbox 945 1992 1095 2029; x_wconf 82' lang='lat' dir='ltr'><strong>symbolice</strong></span> <span class='ocrx_word' id='word_1_687' title='bbox 1116 1991 1195 2025; x_wconf 88' lang='lat' dir='ltr'><strong>ﬁunt,</strong></span> <span class='ocrx_word' id='word_1_688' title='bbox 1214 1992 1261 2027; x_wconf 90' lang='lat' dir='ltr'><strong>qui</strong></span> <span class='ocrx_word' id='word_1_689' title='bbox 1282 2000 1338 2019; x_wconf 88' lang='lat' dir='ltr'><strong>non</strong></span> <span class='ocrx_word' id='word_1_690' title='bbox 1357 1999 1408 2027; x_wconf 86' lang='lat' dir='ltr'><strong>pro</strong></span> <span class='ocrx_word' id='word_1_691' title='bbox 1434 1991 1532 2027; x_wconf 89' lang='lat' dir='ltr'><strong>seipsis</strong></span> <span class='ocrx_word' id='word_1_692' title='bbox 1557 1990 1635 2019; x_wconf 64' lang='lat' dir='ltr'><strong>factae</strong></span> <span class='ocrx_word' id='word_1_693' title='bbox 1655 1997 1730 2022; x_wconf 87' lang='lat' dir='ltr'><strong>sunt,</strong></span> 
     </span>
    </p>
   </div>
   <div class='ocr_carea' id='block_1_96' title="bbox 943 2037 1731 2074">
    <p class='ocr_par' dir='ltr' id='par_1_96' title="bbox 943 2037 1731 2074">
     <span class='ocr_line' id='line_1_96' title="bbox 943 2037 1731 2074; baseline -0.004 -8"><span class='ocrx_word' id='word_1_694' title='bbox 943 2039 997 2067; x_wconf 88' lang='lat' dir='ltr'><strong>hoc</strong></span> <span class='ocrx_word' id='word_1_695' title='bbox 1017 2042 1070 2072; x_wconf 86' lang='lat' dir='ltr'><strong>est,</strong></span> <span class='ocrx_word' id='word_1_696' title='bbox 1087 2043 1118 2066; x_wconf 94' lang='lat' dir='ltr'><strong>ut</strong></span> <span class='ocrx_word' id='word_1_697' title='bbox 1138 2039 1179 2067; x_wconf 88' lang='lat' dir='ltr'><strong>sic</strong></span> <span class='ocrx_word' id='word_1_698' title='bbox 1201 2038 1268 2074; x_wconf 74' lang='lat' dir='ltr'><strong>ipsae</strong></span> <span class='ocrx_word' id='word_1_699' title='bbox 1281 2037 1484 2074; x_wconf 84' lang='lat' dir='ltr'><strong>concipiautur,</strong></span> <span class='ocrx_word' id='word_1_700' title='bbox 1502 2037 1731 2073; x_wconf 89' lang='lat' dir='ltr'><strong>quemadmodum</strong></span> 
     </span>
    </p>
   </div>
   <div class='ocr_carea' id='block_1_97' title="bbox 945 2083 1732 2121">
    <p class='ocr_par' dir='ltr' id='par_1_97' title="bbox 945 2083 1732 2121">
     <span class='ocr_line' id='line_1_97' title="bbox 945 2083 1732 2121; baseline -0.004 -8"><span class='ocrx_word' id='word_1_701' title='bbox 945 2085 1054 2121; x_wconf 81' lang='lat' dir='ltr'><strong>signum</strong></span> <span class='ocrx_word' id='word_1_702' title='bbox 1073 2086 1246 2121; x_wconf 85' lang='lat' dir='ltr'><strong>propositum</strong></span> <span class='ocrx_word' id='word_1_703' title='bbox 1262 2085 1395 2118; x_wconf 89' lang='lat' dir='ltr'><strong>continet,</strong></span> <span class='ocrx_word' id='word_1_704' title='bbox 1413 2089 1439 2112; x_wconf 90' lang='lat' dir='ltr'><strong>et</strong></span> <span class='ocrx_word' id='word_1_705' title='bbox 1460 2084 1533 2111; x_wconf 89' lang='lat' dir='ltr'><strong>nuda</strong></span> <span class='ocrx_word' id='word_1_706' title='bbox 1547 2083 1639 2111; x_wconf 83' lang='lat' dir='ltr'><strong>littera</strong></span> <span class='ocrx_word' id='word_1_707' title='bbox 1663 2083 1732 2111; x_wconf 79' lang='lat' dir='ltr'><strong>insi-</strong></span> 
     </span>
    </p>
   </div>
   <div class='ocr_carea' id='block_1_98' title="bbox 944 2130 1731 2166">
    <p class='ocr_par' dir='ltr' id='par_1_98' title="bbox 944 2130 1731 2166">
     <span class='ocr_line' id='line_1_98' title="bbox 944 2130 1731 2166; baseline -0.004 -6"><span class='ocrx_word' id='word_1_708' title='bbox 944 2136 1026 2166; x_wconf 86' lang='lat' dir='ltr'><strong>nuat;</strong></span> <span class='ocrx_word' id='word_1_709' title='bbox 1042 2132 1091 2160; x_wconf 89' lang='lat' dir='ltr'><strong>sed</strong></span> <span class='ocrx_word' id='word_1_710' title='bbox 1105 2132 1269 2164; x_wconf 83' lang='lat' dir='ltr'><strong>velamenta,</strong></span> <span class='ocrx_word' id='word_1_711' title='bbox 1286 2131 1386 2166; x_wconf 83' lang='lat' dir='ltr'><strong>inquit.</strong></span> <span class='ocrx_word' id='word_1_712' title='bbox 1402 2135 1467 2159; x_wconf 87' lang='lat' dir='ltr'><strong>sunt</strong></span> <span class='ocrx_word' id='word_1_713' title='bbox 1482 2135 1509 2158; x_wconf 91' lang='lat' dir='ltr'><strong>et</strong></span> <span class='ocrx_word' id='word_1_714' title='bbox 1525 2130 1612 2166; x_wconf 85' lang='lat' dir='ltr'><strong>ﬁgura</strong></span> <span class='ocrx_word' id='word_1_715' title='bbox 1626 2131 1731 2158; x_wconf 88' lang='lat' dir='ltr'><strong>intelli-</strong></span> 
     </span>
    </p>
   </div>
   <div class='ocr_carea' id='block_1_99' title="bbox 945 2176 1732 2215">
    <p class='ocr_par' dir='ltr' id='par_1_99' title="bbox 945 2176 1732 2215">
     <span class='ocr_line' id='line_1_99' title="bbox 945 2176 1732 2215; baseline -0.004 -8"><span class='ocrx_word' id='word_1_716' title='bbox 945 2179 1098 2215; x_wconf 74' lang='lat' dir='ltr'><strong>gentiarum</strong></span> <span class='ocrx_word' id='word_1_717' title='bbox 1120 2185 1152 2205; x_wconf 90' lang='lat' dir='ltr'><strong>ac</strong></span> <span class='ocrx_word' id='word_1_718' title='bbox 1174 2184 1304 2205; x_wconf 91' lang='lat' dir='ltr'><strong>sensuum</strong></span> <span class='ocrx_word' id='word_1_719' title='bbox 1321 2176 1543 2212; x_wconf 89' lang='lat' dir='ltr'><strong>profundiorum.</strong></span> <span class='ocrx_word' id='word_1_720' title='bbox 1559 2176 1617 2204; x_wconf 88' lang='lat' dir='ltr'><strong>Hoc</strong></span> <span class='ocrx_word' id='word_1_721' title='bbox 1641 2181 1732 2204; x_wconf 89' lang='lat' dir='ltr'><strong>autem</strong></span> 
     </span>
    </p>
   </div>
   <div class='ocr_carea' id='block_1_100' title="bbox 946 2222 1729 2260">
    <p class='ocr_par' dir='ltr' id='par_1_100' title="bbox 946 2222 1729 2260">
     <span class='ocr_line' id='line_1_100' title="bbox 946 2222 1729 2260; baseline -0.005 -7"><span class='ocrx_word' id='word_1_722' title='bbox 946 2226 992 2259; x_wconf 84' lang='lat' dir='ltr'><strong>ait,</strong></span> <span class='ocrx_word' id='word_1_723' title='bbox 1007 2224 1080 2260; x_wconf 89' lang='lat' dir='ltr'><strong>quod</strong></span> <span class='ocrx_word' id='word_1_724' title='bbox 1092 2223 1214 2260; x_wconf 88' lang='lat' dir='ltr'><strong>symbola</strong></span> <span class='ocrx_word' id='word_1_725' title='bbox 1228 2231 1284 2250; x_wconf 89' lang='lat' dir='ltr'><strong>non</strong></span> <span class='ocrx_word' id='word_1_726' title='bbox 1298 2226 1410 2259; x_wconf 87' lang='lat' dir='ltr'><strong>propter</strong></span> <span class='ocrx_word' id='word_1_727' title='bbox 1423 2222 1552 2258; x_wconf 90' lang='lat' dir='ltr'><strong>mysticas</strong></span> <span class='ocrx_word' id='word_1_728' title='bbox 1568 2222 1643 2258; x_wconf 89' lang='lat' dir='ltr'><strong>ipsas</strong></span> <span class='ocrx_word' id='word_1_729' title='bbox 1656 2229 1729 2249; x_wconf 50' lang='lat' dir='ltr'><strong>comq</strong></span> 
     </span>
    </p>
   </div>
   <div class='ocr_carea' id='block_1_101' title="bbox 946 2268 1731 2308">
    <p class='ocr_par' dir='ltr' id='par_1_101' title="bbox 946 2268 1731 2308">
     <span class='ocr_line' id='line_1_101' title="bbox 946 2268 1731 2308; baseline -0.005 -9"><span class='ocrx_word' id='word_1_730' title='bbox 946 2271 1096 2308; x_wconf 88' lang='lat' dir='ltr'><strong>positiones</strong></span> <span class='ocrx_word' id='word_1_731' title='bbox 1114 2269 1306 2305; x_wconf 81' lang='lat' dir='ltr'><strong>echgitarint,</strong></span> <span class='ocrx_word' id='word_1_732' title='bbox 1331 2269 1378 2297; x_wconf 85' lang='lat' dir='ltr'><strong>sed</strong></span> <span class='ocrx_word' id='word_1_733' title='bbox 1399 2273 1512 2304; x_wconf 90' lang='lat' dir='ltr'><strong>propter</strong></span> <span class='ocrx_word' id='word_1_734' title='bbox 1531 2268 1670 2304; x_wconf 78' lang='lat' dir='ltr'><strong>indignos,</strong></span> <span class='ocrx_word' id='word_1_735' title='bbox 1685 2275 1731 2301; x_wconf 86' lang='lat' dir='ltr'><strong>ne,</strong></span> 
     </span>
    </p>
   </div>
   <div class='ocr_carea' id='block_1_102' title="bbox 945 2314 1695 2350">
    <p class='ocr_par' dir='ltr' id='par_1_102' title="bbox 945 2314 1695 2350">
     <span class='ocr_line' id='line_1_102' title="bbox 945 2314 1695 2350; baseline -0.004 -5"><span class='ocrx_word' id='word_1_736' title='bbox 945 2318 969 2346; x_wconf 92' lang='lat' dir='ltr'><strong>si</strong></span> <span class='ocrx_word' id='word_1_737' title='bbox 980 2317 1014 2345; x_wconf 91' lang='lat' dir='ltr'><strong>iis</strong></span> <span class='ocrx_word' id='word_1_738' title='bbox 1025 2316 1106 2344; x_wconf 85' lang='lat' dir='ltr'><strong>obvia</strong></span> <span class='ocrx_word' id='word_1_739' title='bbox 1120 2316 1222 2348; x_wconf 89' lang='lat' dir='ltr'><strong>forent,</strong></span> <span class='ocrx_word' id='word_1_740' title='bbox 1242 2314 1323 2343; x_wconf 88' lang='lat' dir='ltr'><strong>facile</strong></span> <span class='ocrx_word' id='word_1_741' title='bbox 1337 2314 1505 2350; x_wconf 87' lang='lat' dir='ltr'><strong>contemptui</strong></span> <span class='ocrx_word' id='word_1_742' title='bbox 1519 2315 1695 2346; x_wconf 76' lang='lat' dir='ltr'><strong>haberentur,</strong></span> 
     </span>
    </p>
   </div>
   <div class='ocr_carea' id='block_1_103' title="bbox 984 2361 1733 2398">
    <p class='ocr_par' dir='ltr' id='par_1_103' title="bbox 984 2361 1733 2398">
     <span class='ocr_line' id='line_1_103' title="bbox 984 2361 1733 2398; baseline -0.003 -8"><span class='ocrx_word' id='word_1_743' title='bbox 984 2363 1069 2390; x_wconf 83' lang='lat' dir='ltr'><strong>Unam</strong></span> <span class='ocrx_word' id='word_1_744' title='bbox 1084 2361 1188 2398; x_wconf 81' lang='lat' dir='ltr'><strong>quidem</strong></span> <span class='ocrx_word' id='word_1_745' title='bbox 1203 2369 1340 2389; x_wconf 82' lang='lat' dir='ltr'><strong>arcanam.</strong></span> <span class='ocrx_word' id='word_1_746' title='bbox 1352 2361 1488 2389; x_wconf 83' lang='lat' dir='ltr'><strong>Arcanam</strong></span> <span class='ocrx_word' id='word_1_747' title='bbox 1505 2361 1615 2397; x_wconf 88' lang='lat' dir='ltr'><strong>quidem</strong></span> <span class='ocrx_word' id='word_1_748' title='bbox 1627 2365 1654 2389; x_wconf 90' lang='lat' dir='ltr'><strong>et</strong></span> <span class='ocrx_word' id='word_1_749' title='bbox 1674 2369 1733 2398; x_wconf 81' lang='lat' dir='ltr'><strong>my-</strong></span> 
     </span>
    </p>
   </div>
   <div class='ocr_carea' id='block_1_104' title="bbox 943 2406 1734 2444">
    <p class='ocr_par' dir='ltr' id='par_1_104' title="bbox 943 2406 1734 2444">
     <span class='ocr_line' id='line_1_104' title="bbox 943 2406 1734 2444; baseline -0.001 -7"><span class='ocrx_word' id='word_1_750' title='bbox 943 2409 1040 2438; x_wconf 88' lang='lat' dir='ltr'><strong>sticam</strong></span> <span class='ocrx_word' id='word_1_751' title='bbox 1054 2407 1204 2443; x_wconf 71' lang='lat' dir='ltr'><strong>Scriptum</strong></span> <span class='ocrx_word' id='word_1_752' title='bbox 1212 2407 1386 2435; x_wconf 82' lang='lat' dir='ltr'><strong>traditionem</strong></span> <span class='ocrx_word' id='word_1_753' title='bbox 1398 2406 1528 2443; x_wconf 81' lang='lat' dir='ltr'><strong>explicat,</strong></span> <span class='ocrx_word' id='word_1_754' title='bbox 1544 2407 1609 2435; x_wconf 94' lang='lat' dir='ltr'><strong>dum</strong></span> <span class='ocrx_word' id='word_1_755' title='bbox 1623 2407 1734 2444; x_wconf 86' lang='lat' dir='ltr'><strong>symbo-</strong></span> 
     </span>
    </p>
   </div>
   <div class='ocr_carea' id='block_1_105' title="bbox 946 2453 1733 2490">
    <p class='ocr_par' dir='ltr' id='par_1_105' title="bbox 946 2453 1733 2490">
     <span class='ocr_line' id='line_1_105' title="bbox 946 2453 1733 2490; baseline -0.004 -7"><span class='ocrx_word' id='word_1_756' title='bbox 946 2456 1027 2484; x_wconf 89' lang='lat' dir='ltr'><strong>licam</strong></span> <span class='ocrx_word' id='word_1_757' title='bbox 1053 2458 1143 2485; x_wconf 87' lang='lat' dir='ltr'><strong>vocat,</strong></span> <span class='ocrx_word' id='word_1_758' title='bbox 1159 2457 1255 2489; x_wconf 89' lang='lat' dir='ltr'><strong>utpote</strong></span> <span class='ocrx_word' id='word_1_759' title='bbox 1276 2460 1325 2489; x_wconf 84' lang='lat' dir='ltr'><strong>per</strong></span> <span class='ocrx_word' id='word_1_760' title='bbox 1343 2453 1466 2490; x_wconf 76' lang='lat' dir='ltr'><strong>symbolo</strong></span> <span class='ocrx_word' id='word_1_761' title='bbox 1481 2453 1626 2487; x_wconf 87' lang='lat' dir='ltr'><strong>traditam;</strong></span> <span class='ocrx_word' id='word_1_762' title='bbox 1655 2460 1733 2481; x_wconf 88' lang='lat' dir='ltr'><strong>eam-</strong></span> 
     </span>
    </p>
   </div>
   <div class='ocr_carea' id='block_1_106' title="bbox 943 2499 1733 2537">
    <p class='ocr_par' dir='ltr' id='par_1_106' title="bbox 943 2499 1733 2537">
     <span class='ocr_line' id='line_1_106' title="bbox 943 2499 1733 2537; baseline -0.004 -8"><span class='ocrx_word' id='word_1_763' title='bbox 943 2501 1059 2537; x_wconf 87' lang='lat' dir='ltr'><strong>demque</strong></span> <span class='ocrx_word' id='word_1_764' title='bbox 1067 2500 1225 2536; x_wconf 78' lang='grc' dir='ltr'>τελεστικὴν</span> <span class='ocrx_word' id='word_1_765' title='bbox 1240 2499 1367 2535; x_wconf 85' lang='lat' dir='ltr'><strong>appellat,</strong></span> <span class='ocrx_word' id='word_1_766' title='bbox 1380 2502 1411 2526; x_wconf 90' lang='lat' dir='ltr'><strong>ut</strong></span> <span class='ocrx_word' id='word_1_767' title='bbox 1423 2506 1483 2534; x_wconf 63' lang='lat' dir='ltr'><strong>qua:</strong></span> <span class='ocrx_word' id='word_1_768' title='bbox 1498 2501 1733 2526; x_wconf 83' lang='lat' dir='ltr'><strong>sacramentorum</strong></span> 
     </span>
    </p>
   </div>
   <div class='ocr_carea' id='block_1_107' title="bbox 943 2545 1733 2582">
    <p class='ocr_par' dir='ltr' id='par_1_107' title="bbox 943 2545 1733 2582">
     <span class='ocr_line' id='line_1_107' title="bbox 943 2545 1733 2582; baseline -0.005 -7"><span class='ocrx_word' id='word_1_769' title='bbox 943 2546 1115 2576; x_wconf 83' lang='lat' dir='ltr'><strong>caerimonias</strong></span> <span class='ocrx_word' id='word_1_770' title='bbox 1136 2547 1165 2574; x_wconf 93' lang='lat' dir='ltr'><strong>in</strong></span> <span class='ocrx_word' id='word_1_771' title='bbox 1191 2547 1323 2582; x_wconf 81' lang='lat' dir='ltr'><strong>symbolis</strong></span> <span class='ocrx_word' id='word_1_772' title='bbox 1348 2545 1440 2574; x_wconf 84' lang='lat' dir='ltr'><strong>tradat</strong></span> <span class='ocrx_word' id='word_1_773' title='bbox 1459 2553 1507 2581; x_wconf 87' lang='lat' dir='ltr'><strong>per</strong></span> <span class='ocrx_word' id='word_1_774' title='bbox 1535 2545 1733 2574; x_wconf 87' lang='lat' dir='ltr'><strong>sacerdotalem</strong></span> 
     </span>
    </p>
   </div>
   <div class='ocr_carea' id='block_1_108' title="bbox 942 2590 1733 2627">
    <p class='ocr_par' dir='ltr' id='par_1_108' title="bbox 942 2590 1733 2627">
     <span class='ocr_line' id='line_1_108' title="bbox 942 2590 1733 2627; baseline -0.006 -6"><span class='ocrx_word' id='word_1_775' title='bbox 942 2593 1126 2621; x_wconf 90' lang='lat' dir='ltr'><strong>traditionem.</strong></span> <span class='ocrx_word' id='word_1_776' title='bbox 1139 2591 1216 2620; x_wconf 85' lang='lat' dir='ltr'><strong>Hanc</strong></span> <span class='ocrx_word' id='word_1_777' title='bbox 1232 2596 1323 2620; x_wconf 89' lang='lat' dir='ltr'><strong>autem</strong></span> <span class='ocrx_word' id='word_1_778' title='bbox 1334 2599 1462 2620; x_wconf 86' lang='lat' dir='ltr'><strong>arcanam</strong></span> <span class='ocrx_word' id='word_1_779' title='bbox 1480 2591 1539 2619; x_wconf 90' lang='lat' dir='ltr'><strong>sive</strong></span> <span class='ocrx_word' id='word_1_780' title='bbox 1554 2590 1733 2627; x_wconf 84' lang='lat' dir='ltr'><strong>symbolicam</strong></span> 
     </span>
    </p>
   </div>
   <div class='ocr_carea' id='block_1_109' title="bbox 944 2636 1733 2674">
    <p class='ocr_par' dir='ltr' id='par_1_109' title="bbox 944 2636 1733 2674">
     <span class='ocr_line' id='line_1_109' title="bbox 944 2636 1733 2674; baseline -0.006 -7"><span class='ocrx_word' id='word_1_781' title='bbox 944 2640 1011 2668; x_wconf 86' lang='lat' dir='ltr'><strong>dicit</strong></span> <span class='ocrx_word' id='word_1_782' title='bbox 1025 2640 1149 2667; x_wconf 88' lang='lat' dir='ltr'><strong>oratione</strong></span> <span class='ocrx_word' id='word_1_783' title='bbox 1170 2638 1318 2674; x_wconf 79' lang='lat' dir='ltr'><strong>implexam</strong></span> <span class='ocrx_word' id='word_1_784' title='bbox 1332 2645 1406 2670; x_wconf 87' lang='lat' dir='ltr'><strong>esse,</strong></span> <span class='ocrx_word' id='word_1_785' title='bbox 1433 2637 1461 2665; x_wconf 90' lang='lat' dir='ltr'><strong>id</strong></span> <span class='ocrx_word' id='word_1_786' title='bbox 1477 2642 1520 2665; x_wconf 90' lang='lat' dir='ltr'><strong>est</strong></span> <span class='ocrx_word' id='word_1_787' title='bbox 1540 2636 1658 2673; x_wconf 89' lang='lat' dir='ltr'><strong>proferri</strong></span> <span class='ocrx_word' id='word_1_788' title='bbox 1678 2641 1733 2662; x_wconf 87' lang='lat' dir='ltr'><strong>una</strong></span> 
     </span>
    </p>
   </div>
   <div class='ocr_carea' id='block_1_110' title="bbox 944 2681 1733 2722">
    <p class='ocr_par' dir='ltr' id='par_1_110' title="bbox 944 2681 1733 2722">
     <span class='ocr_line' id='line_1_110' title="bbox 944 2681 1733 2722; baseline -0.008 -8"><span class='ocrx_word' id='word_1_789' title='bbox 944 2693 1007 2714; x_wconf 89' lang='lat' dir='ltr'><strong>cum</strong></span> <span class='ocrx_word' id='word_1_790' title='bbox 1020 2685 1144 2722; x_wconf 86' lang='lat' dir='ltr'><strong>symbolo</strong></span> <span class='ocrx_word' id='word_1_791' title='bbox 1159 2685 1211 2713; x_wconf 88' lang='lat' dir='ltr'><strong>sibi</strong></span> <span class='ocrx_word' id='word_1_792' title='bbox 1228 2684 1444 2716; x_wconf 85' lang='lat' dir='ltr'><strong>accommodato,</strong></span> <span class='ocrx_word' id='word_1_793' title='bbox 1456 2683 1529 2719; x_wconf 89' lang='lat' dir='ltr'><strong>quod</strong></span> <span class='ocrx_word' id='word_1_794' title='bbox 1545 2687 1635 2710; x_wconf 89' lang='lat' dir='ltr'><strong>tamen</strong></span> <span class='ocrx_word' id='word_1_795' title='bbox 1649 2681 1733 2709; x_wconf 87' lang='lat' dir='ltr'><strong>etiam</strong></span> 
     </span>
    </p>
   </div>
   <div class='ocr_carea' id='block_1_111' title="bbox 946 2728 1733 2766">
    <p class='ocr_par' dir='ltr' id='par_1_111' title="bbox 946 2728 1733 2766">
     <span class='ocr_line' id='line_1_111' title="bbox 946 2728 1733 2766; baseline -0.006 -7"><span class='ocrx_word' id='word_1_796' title='bbox 946 2739 1076 2760; x_wconf 88' lang='lat' dir='ltr'><strong>arcanum</strong></span> <span class='ocrx_word' id='word_1_797' title='bbox 1095 2735 1136 2760; x_wconf 87' lang='lat' dir='ltr'><strong>est</strong></span> <span class='ocrx_word' id='word_1_798' title='bbox 1151 2738 1199 2759; x_wconf 90' lang='lat' dir='ltr'><strong>seu</strong></span> <span class='ocrx_word' id='word_1_799' title='bbox 1216 2731 1372 2766; x_wconf 83' lang='lat' dir='ltr'><strong>mysticum.</strong></span> <span class='ocrx_word' id='word_1_800' title='bbox 1388 2729 1497 2758; x_wconf 77' lang='lat' dir='ltr'><strong>Veritas</strong></span> <span class='ocrx_word' id='word_1_801' title='bbox 1516 2729 1588 2758; x_wconf 89' lang='lat' dir='ltr'><strong>enim</strong></span> <span class='ocrx_word' id='word_1_802' title='bbox 1607 2728 1636 2757; x_wconf 89' lang='lat' dir='ltr'><strong>in</strong></span> <span class='ocrx_word' id='word_1_803' title='bbox 1658 2733 1733 2762; x_wconf 85' lang='lat' dir='ltr'><strong>sym-</strong></span> 
     </span>
    </p>
   </div>
   <div class='ocr_carea' id='block_1_112' title="bbox 647 2817 1102 2850">
    <p class='ocr_par' dir='ltr' id='par_1_112' title="bbox 647 2817 1102 2850">
     <span class='ocr_line' id='line_1_112' title="bbox 647 2817 1102 2850; baseline -0.002 -3"><span class='ocrx_word' id='word_1_804' title='bbox 647 2825 656 2839; x_wconf 78' lang='lat'>&#39;</span> <span class='ocrx_word' id='word_1_805' title='bbox 671 2819 737 2848; x_wconf 90' lang='lat' dir='ltr'><strong>Luc.</strong></span> <span class='ocrx_word' id='word_1_806' title='bbox 759 2828 803 2847; x_wconf 79' lang='lat' dir='ltr'><strong>xv.</strong></span> <span class='ocrx_word' id='word_1_807' title='bbox 843 2822 854 2837; x_wconf 87' lang='lat'><strong>&#39;</strong></span> <span class='ocrx_word' id='word_1_808' title='bbox 871 2818 939 2847; x_wconf 83' lang='lat' dir='ltr'><strong>Gen.</strong></span> <span class='ocrx_word' id='word_1_809' title='bbox 956 2826 1042 2850; x_wconf 74' lang='lat' dir='ltr'><strong>xxv&quot;,</strong></span> <span class='ocrx_word' id='word_1_810' title='bbox 1057 2817 1102 2846; x_wconf 73' lang='lat'><strong>29.</strong></span> 
     </span>
    </p>
   </div>
   <div class='ocr_carea' id='block_1_113' title="bbox 578 2886 1257 2920">
    <p class='ocr_par' dir='ltr' id='par_1_113' title="bbox 578 2886 1257 2920">
     <span class='ocr_line' id='line_1_113' title="bbox 578 2886 1257 2920; baseline -0.007 -2"><span class='ocrx_word' id='word_1_811' title='bbox 578 2890 695 2919; x_wconf 77' lang='lat' dir='ltr'><strong>VARle</strong></span> <span class='ocrx_word' id='word_1_812' title='bbox 713 2889 906 2920; x_wconf 81' lang='lat' dir='ltr'><strong>LECTIONES</strong></span> <span class='ocrx_word' id='word_1_813' title='bbox 923 2889 967 2919; x_wconf 83' lang='lat' dir='ltr'><strong>ET</strong></span> <span class='ocrx_word' id='word_1_814' title='bbox 985 2886 1257 2919; x_wconf 75' lang='lat' dir='ltr'><strong>CORRECTIONES.</strong></span> 
     </span>
    </p>
   </div>
   <div class='ocr_carea' id='block_1_114' title="bbox 137 2934 262 2966">
    <p class='ocr_par' dir='ltr' id='par_1_114' title="bbox 137 2934 262 2966">
     <span class='ocr_line' id='line_1_114' title="bbox 137 2934 262 2966; baseline -0.008 0"><span class='ocrx_word' id='word_1_815' title='bbox 137 2934 157 2952; x_wconf 87' lang='lat'><strong>&quot;</strong></span> <span class='ocrx_word' id='word_1_816' title='bbox 169 2934 262 2966; x_wconf 72' lang='grc' dir='ltr'>ὂντως.</span> 
     </span>
    </p>
   </div>
  </div>
