1950 3065
231 173 283 201 563

611 171 845 208 APPENDIX‘AD
863 172 978 201 OPERA
994 173 1024 202 S.
1042 173 1190 201 DlONYSll
1206 172 1446 202 AREOPAGITIE.
1789 171 1834 201 5“

231 228 295 256 bolo
315 222 358 256 est
379 227 550 261 adumbrata,
571 235 621 256 nec
641 227 721 263 vulgo
738 228 916 263 propalanda.
937 232 967 255 ut
985 228 1013 255 in

1072 228 1191 265 τυμὸόλῳ
1213 230 1244 257 τὸ
1270 229 1367 264 ἀληθὲς
1397 229 1445 256 καὶ
1468 227 1677 264 ἀδημοσίευτον,
1699 228 1738 260 ὡς
1760 227 1786 254 ὲν
1799 225 1834 261 τῷ

231 274 361 310 paschale
376 274 465 310 legali,
482 281 576 302 verum
590 274 702 309 pascha,
717 273 787 301 sicut
802 274 934 308 scriptum
950 278 1011 302 est:

231 320 338 347 Pascha
353 325 472 347 nostrum
490 319 641 347 immolatus
656 324 694 347 est
710 319 831 347 Christus
848 319 870 347 ⁸.
888 320 935 347 Illa
948 327 1014 348 vero

232 366 316 393 altera
331 366 473 401 theologia
493 373 557 400 pars
570 366 680 393 evidens
693 370 745 397 est,
769 369 795 394 et
809 369 884 398 nota,
895 374 952 394 non
963 374 1013 393 au-

231 416 286 439 tem
299 420 348 447 per
362 412 500 448 symbola;
517 412 588 439 hanc
598 415 678 439 vocat
694 412 909 447 philosophicam
924 417 950 440 et
966 412 1014 439 de-

230 461 440 491 monstrantem,
461 459 549 493 qualis
564 462 606 485 est
622 457 679 490 illa,
696 465 756 493 qua:
766 458 878 485 moralia
894 463 1014 486 et'natu-

231 504 299 530 ralia
310 508 391 539 atque
399 512 481 539 opera
489 503 568 542 325
577 504 723 532 creationis
731 508 863 534 recenset.
873 503 935 532 Haec
941 504 1014 532 enim

231 549 444 577 Inanil‘estiorem
457 550 603 585 quamdam
617 551 672 577 vim
687 550 869 585 persuadendi
882 550 972 582 habet,
987 554 1015 577 et

230 595 372 622 veritatem
401 597 576 630 conjunctam
604 603 666 623 cum
695 596 728 623 iis
755 604 816 631 quae
845 599 1013 629 narrantur;

230 648 317 675 quare
330 641 412 668 etiam
428 645 471 669 est
482 642 685 670 demonstrans.
700 641 853 678 Symbolica
869 649 932 669 vero
946 641 1015 668 nihil

230 685 312 713 habet
324 694 378 721 quo
398 687 572 723 persuadeat.
595 687 643 715 sed
659 687 740 715 habet
756 687 902 714 efﬁcaciam
919 695 1016 722 quam-

230 731 293 759 dam
307 732 438 765 divinam,
452 741 512 768 qua:
524 734 629 761 animas
641 734 817 768 mysticarum
830 740 922 761 rerum
935 736 1016 768 atque

230 778 469 813 contemplationis
489 779 638 811 studiosas,
651 786 699 814 per
711 779 836 814 mystica,
855 778 881 806 id
892 782 933 806 est
943 786 1017 814 sym-

229 823 319 850 bolica
343 824 487 859 amigmata
510 823 672 856 communit,
699 827 727 851 et
750 823 779 850 in
801 823 912 852 Christo
936 823 1016 858 quasi

230 869 326 896 fundat
350 877 398 904 per
412 870 551 905 mysteria,
568 877 628 904 quae
641 869 716 896 nullo
732 877 857 898 sermone
871 869 1015 902 docentur,

231 915 279 943 sed
293 914 403 942 silentio
416 919 442 942 et
453 915 607 942 divinarum
621 915 836 943 illustrationum
850 914 1015 943 revelationc
1030 905 1053 934 Β

231 961 430 997 percipiuntur,
445 969 496 989 nec
507 969 562 991 non
577 965 694 989 mentem
710 962 744 989 ad
757 961 904 990 ineffabilia
916 966 1017 998 myste-

231 1009 274 1036 ria
295 1009 472 1044 percipienda
501 1009 656 1037 collustrat.
682 1007 803 1038 Observa
827 1012 919 1036 autem
943 1009 1016 1044 quod

231 1055 332 1090 duplex
356 1055 392 1083 sit
408 1054 597 1090 theologorum
612 1054 741 1089 traditio,
758 1058 785 1082 et
799 1054 1018 1090 quequalisque

231 1102 278 1130 sit.

267 1147 302 1174 Et
322 1147 492 1183 symbolicam
518 1147 634 1183 quidem.
662 1146 845 1183 Symbolicam
871 1150 898 1174 et
913 1147 946 1174 ad
959 1154 1016 1183 my-

232 1194 316 1222 steria
335 1194 516 1229 pertinentem
534 1198 615 1222 vocat
641 1193 734 1227 illam,
756 1201 816 1228 quze
837 1201 870 1221 ex
886 1193 1017 1229 symbolis

232 1241 388 1272 coniicitur,
404 1240 560 1276 cuiusmodi
575 1243 638 1268 sunt
652 1240 782 1276 mysteria
797 1240 887 1268 cultus
909 1239 1015 1275 legalis,

231 1291 260 1314 et
285 1288 415 1323 mysteria
441 1287 536 1315 nostri.
555 1287 628 1315 sacri
654 1287 755 1320 cultus,
784 1286 894 1314 tametsi
920 1285 1016 1317 altiora

231 1337 310 1366 sunt,
331 1338 360 1361 et
384 1334 472 1370 magis
499 1334 645 1369 spiritalia,
669 1337 773 1362 nostra.
795 1333 1016 1369 Philosophicam

231 1383 322 1408 autem
338 1387 370 1408 ac
385 1380 619 1408 demonstrantem
642 1384 721 1408 vocat
737 1387 809 1413 eam,
825 1387 886 1415 quae
907 1379 1017 1407 exsistit

231 1426 260 1455 in
293 1425 486 1463 perspicientia
512 1431 710 1458 creaturarum,
733 1425 885 1461 divinaque
905 1425 933 1452 in
954 1424 1016 1460 qui-

229 1472 347 1500 busdam
359 1473 442 1500 rebus
463 1471 651 1508 providentiae,
664 1476 692 1499 et
706 1472 876 1508 expositione
891 1471 1016 1507 specula-

230 1518 300 1546 trice
323 1525 419 1545 eorum
437 1525 498 1553 quae
522 1517 557 1560 de
573 1517 630 1545 Deo
652 1517 681 1546 in
697 1516 848 1553 Scripturis
874 1517 1012 1544 dicuntur.

266 1563 413 1592 Persuadet
426 1568 451 1591 et
463 1563 596 1599 astringit.
622 1562 773 1591 Persuadet
789 1566 817 1591 et
833 1562 967 1598 astringit,
987 1563 1014 1591 id
1028 1576 1051 1607 ο

231 1613 274 1640 est
290 1617 386 1639 eorum
399 1617 460 1644 quae
474 1609 606 1637 dicuntur
618 1609 761 1637 veritatem
777 1613 907 1645 tanquam
925 1609 1015 1645 sigillo

230 1655 348 1691 quodam
375 1655 512 1691 obsignat,
533 1659 561 1683 et
588 1655 669 1683 eﬂicit
690 1659 720 1683 ut
747 1655 794 1691 qui
816 1656 931 1683 audiunt
955 1655 1017 1683 cré-

230 1701 307 1731 dant.
324 1701 478 1737 Symbolica
492 1708 567 1734 vero,
583 1709 632 1737 per
643 1709 675 1729 ea
687 1709 748 1737 qua:
762 1701 830 1729 ﬁunt
845 1701 967 1738 adjungit
981 1701 1016 1729 ad

230 1747 318 1775 Deum
335 1748 454 1783 quodam
478 1747 567 1784 ipsius
583 1748 624 1775 rei
643 1748 737 1776 habitu
762 1751 789 1775 et
811 1747 1014 1780 informatione,

230 1794 305 1829 quod
320 1795 402 1821 etiam
416 1795 524 1822 vocavit
540 1794 698 1826 ἀδιδάκτους
714 1793 917 1830 μυσταγωγίας,
932 1794 959 1821 id
974 1799 1017 1822 est

230 1848 375 1871 sacrorum
390 1840 561 1868 initiationes
578 1848 594 1868 a
610 1841 720 1868 nemine
735 1840 857 1868 edectas.

268 1886 321 1913 Aut
328 1887 421 1922 legalis
430 1886 593 1915 traditionis.
603 1886 738 1920 Quoniam
746 1894 800 1914 non
809 1887 896 1914 solum
904 1887 1016 1914 traditio

232 1932 338 1968 legalis,
354 1940 449 1960 verum
470 1932 552 1961 etiam
572 1936 730 1960 nostrorum
747 1933 938 1969 mysteriorum
960 1932 1015 1960 ini-

231 1978 320 2012 tiatio,
350 1979 436 2007 sacris
462 1979 595 2015 symbolis
618 1986 688 2014 opus
708 1979 814 2007 habuit.
840 1979 873 2006 Et
893 1979 962 2007 nihil
988 1979 1016 2007 id

229 2025 330 2053 mirum
343 2029 402 2058 est,
422 2033 485 2053 cum
499 2025 582 2052 etiam
597 2025 686 2061 angeli
701 2033 750 2061 per
764 2025 908 2060 aenigmata
923 2025 1015 2057 divina

230 2071 363 2107 mysteria
376 2073 514 2107 promant.
539 2071 610 2104 Quin
624 2074 651 2099 et
664 2071 723 2107 ipse
737 2070 870 2100 Dominus
886 2079 930 2100 res
945 2071 1015 2099 divi-

229 2124 281 2146 nas
295 2117 323 2144 in
333 2117 473 2153 parabolis
489 2116 636 2145 tradidisse
650 2117 783 2148 cernitur.

474 2162 636 2198 Theologica
652 2162 761 2190 traditio

229 2211 282 2238 alia
303 2211 413 2247 quidem
435 2214 476 2239 est
498 2218 600 2238 arcana
638 2210 691 2237 alia
725 2217 790 2238 vero
820 2210 964 2246 perspicua
987 2215 1014 2239 et

263 2261 291 2285 et
309 2257 434 2293 mystica,
453 2265 514 2293 quae
535 2258 600 2288 item

263 2303 429 2338 symbolica,
444 2306 472 2331 et
487 2303 597 2333 initians
672 2303 763 2338 phica,
776 2307 803 2330 ct
811 2303 1013 2338 demonstrans,

262 2353 290 2378 et
304 2350 415 2385 eiiicax;
668 2355 695 2379 et
710 2352 888 2387 persuadens.

265 2396 410 2432 Symbolit.
439 2397 550 2426 Natura}
573 2397 723 2425 conformis
748 2398 829 2431 ratio,
851 2406 902 2426 cur
924 2399 1014 2434 aliqua

228 2442 339 2479 quidem
353 2441 503 2478 Scripturae
521 2443 583 2471 loca
598 2444 749 2480 symbolica
767 2444 833 2478 sint,
847 2444 937 2480 aliqua
950 2453 1016 2474 vero

228 2497 307 2526 pura.

263 2536 317 2564 Per
339 2535 491 2571 aenigmata.
516 2535 569 2564 Per
591 2537 743 2572 aenigmata,
766 2541 796 2564 ut
820 2538 892 2573 apud
907 2539 1012 2566 Zacha-

226 2583 296 2611 riam
306 2588 321 2602 ν
336 2582 449 2617 angelus
471 2582 518 2617 qui
532 2582 566 2610 de
580 2583 662 2618 326
675 2582 740 2610 Jesu
756 2583 811 2610 ﬁlio
831 2583 956 2617 Josedec,
986 2590 1013 2613 et

227 2629 262 2658 de
285 2629 355 2657 stola
377 2628 437 2663 ejus
461 2629 490 2656 in
503 2629 646 2665 aenigmate
669 2629 790 2664 loquitur
806 2634 852 2658 :et
875 2631 947 2666 apud
960 2631 1014 2658 Da-

226 2676 325 2704 nielem
341 2675 462 2710 Gabriel,
482 2675 530 2711 qui
552 2676 586 2704 de
609 2675 720 2703 Christo
741 2676 862 2709 disserit,
879 2681 906 2705 et
932 2678 1013 2706 simul

226 2722 280 2757 ipsi
303 2722 419 2757 mystica
441 2721 606 2755 denuntiat,
636 2722 744 2757 aliaque
771 2723 881 2750 similia.
912 2723 1013 2751 Deifica

225 2771 316 2795 autem
331 2771 411 2795 vocat
434 2768 477 2796 vel
500 2768 573 2804 quod
599 2769 640 2796 sui
659 2773 803 2798 consortes
818 2770 953 2805 deiﬁcent,
970 2771 1012 2799 vel

227 2815 300 2852 quod
317 2814 365 2842 Dei
378 2823 461 2851 opera
478 2815 553 2844 ﬁant.

284 2906 293 2926 ‘
313 2904 402 2935 lCor.
420 2917 446 2941 ν,
466 2908 480 2934 ’1
530 2915 542 2929 ιι
559 2908 622 2944 Cap.
641 2917 681 2937 Ill.

675 2261 750 2288 nota.
766 2265 826 2292 quae
841 2262 883 2285 est
892 2257 1014 2293 philoso-
1029 2247 1051 2276 Ῑ)

1063 275 1167 311 νομικῴ
1183 275 1274 310 πάσχα
1289 275 1320 301 τὸ
1333 274 1440 310 ἀληθὲς,
1457 275 1526 309 ὅπερ
1547 273 1653 310 εἴρηται
1664 281 1671 289 ·
1692 272 1726 300 Τὸ
1742 273 1835 308 πάσχα

1063 321 1147 356 ἡμῶν
1161 321 1238 355 ὑπὲρ
1253 320 1338 356 ἡμῶν
1351 320 1441 354 ἐτύθη
1457 320 1592 354 Χριστός.
1618 319 1655 346 Τὸ
1674 319 1704 346 δὲ
1721 319 1836 354 δεύτερον

1066 367 1159 403 μόριον
1186 366 1237 401 τῆς
1259 366 1414 402 θεολογικῆς
1440 366 1615 402 παραδόσεως
1643 366 1760 402 ἐμφανές
1783 367 1837 392 ἐστι

1066 414 1114 440 καὶ
1126 413 1274 449 γνώριμον,
1295 413 1324 439 οὐ
1347 412 1399 448 μὴν
1414 411 1459 439 διὰ
1480 412 1636 448 συμϐόλων·
1651 413 1719 448 ὅπερ
1734 412 1778 439 καὶ
1797 421 1838 446 φι-

1064 459 1176 494 λόσοφον
1200 459 1285 492 καλεῖ,
1309 458 1356 486 καὶ
1381 458 1577 491 ἀποδεικτικὸν,
1603 455 1657 485 οἷόν
1677 459 1734 484 ἐστι
1758 457 1838 484 τὸτὰ

1063 505 1146 541 ἠθικὰ
1167 505 1214 532 καὶ
1235 505 1350 540 φυσικὰ,
1372 505 1418 532 καί
1441 503 1580 540 πρακτικὰ
1598 503 1648 539 τῆς
1670 503 1839 539 δημιουργίας

1065 551 1220 586 παραδιδόν.
1255 549 1340 577 Τοῦτο
1370 549 1399 577 δὲ
1424 549 1455 576 τὸ
1479 549 1678 585 ἐμφανέστερον
1704 549 1761 584 ἔχει
1783 549 1841 576 τινὰ

1065 598 1160 631 πειθὼ,
1177 599 1224 626 καὶ
1244 598 1437 634 συνδεδεμένην
1450 599 1500 634 τὴν
1515 598 1643 634 ἀλήθειαν
1665 599 1721 629 τοῖς
1736 597 1842 633 λεγομέ-

1065 654 1134 677 νοις·
1152 645 1223 672 κατὰ
1237 644 1316 672 τοῦτο
1330 645 1384 681 γάρ
1406 646 1465 671 ἐστι
1487 644 1534 672 καὶ
1555 644 1750 671 ἀποδεικτικόν.
1768 644 1800 671 Τδ
1814 645 1842 672 δὲ

1066 691 1227 727 ωμὸολικὺν
1245 691 1295 718 οὐκ
1312 691 1368 727 ἔχει
1386 691 1415 717 τὸ
1430 691 1542 723 πείθειν,
1563 690 1620 717 ἀλλ’
1635 690 1771 730 ὲνέργειάν
1785 699 1843 718 τινα

1066 736 1140 763 θείαν
1153 737 1243 772 ἀφανῆ
1263 737 1310 764 καὶ
1325 737 1495 772 δραστήριον,
1510 736 1571 771 ἥτις
1587 735 1781 772 μυστηριώδεις
1798 736 1843 762 καὶ

1067 781 1237 819 θεωρητικὰς
1251 782 1338 818 ψυχὰς
1356 782 1400 809 διὰ
1412 782 1466 809 τῶν
1486 782 1633 818 μυστικῶν,
1649 782 1708 817 ῆτοι
1723 781 1844 817 συμϐολι-

1066 830 1122 858 κῶν
1146 831 1314 866 αἰνιγμάτων
1341 829 1465 865 ὲνιδρύει,
1491 830 1539 856 καὶ
1566 829 1648 856 οἱονεὶ
1673 828 1788 864 θεμελιοί
1805 830 1844 860 εἰς

1066 876 1193 913 Χριστὸν,
1205 876 1249 902 διὰ
1261 875 1314 902 τῶν
1333 875 1370 911 μὴ
1383 875 1453 911 λόγῳ
1465 874 1663 910 διδασκομένων
1680 874 1844 910 μυστηρίων,

1067 923 1136 952 ἀλλὰ
1154 923 1217 958 σιγῇ
1234 922 1281 949 καὶ
1297 921 1465 957 ἀποκαλύψει
1481 920 1639 956 ὲλλάμψεων
1654 919 1721 946 Θεοῦ
1738 918 1846 954 φωτίζει

1066 970 1111 996 τὸν
1128 968 1190 997 νοῦν
1207 970 1246 1000 είς
1261 968 1311 1000 τὰς
1325 967 1380 995 τῶν
1395 968 1521 1004 ἀρρήτων
1541 967 1696 1003 μυστηρίων
1718 966 1848 1002 κατανοή-

1069 1023 1134 1047 σεις.
1152 1014 1307 1050 Σημείωσαι
1323 1013 1350 1040 δὲ
1360 1033 1367 1045 ,
1383 1013 1422 1045 ὡς
1440 1012 1520 1048 διπλῆ
1534 1014 1592 1043 ἐστι
1607 1012 1662 1039 τῶν
1685 1012 1813 1046 θεολόγων
1829 1013 1846 1048 ἡ

1067 1060 1224 1097 παράδοσις,
1239 1060 1364 1092 καὶπῶς,
1382 1060 1429 1086 καὶ
1445 1059 1507 1086 ποία
1520 1058 1587 1086 ἐστί.

1102 1148 1158 1176 Καὶ
1173 1148 1230 1183 τὴν
1242 1148 1300 1184 μὲν
1316 1148 1513 1183 συμϐολικήν.
1531 1148 1700 1184 Συμϐολικὴν
1715 1149 1761 1175 καὶ
1775 1149 1851 1176 τελε-

1068 1195 1165 1230 στικὴν
1179 1195 1228 1230 τὴν
1244 1194 1289 1221 διὰ
1305 1193 1446 1229 συμϐόλων
1457 1193 1630 1230 τελουμένην,
1645 1191 1689 1220 οἶα
1699 1194 1734 1220 τὰ
1746 1195 1796 1229 τῆς
1811 1203 1852 1221 vo—

1068 1241 1150 1276 μικῆς
1165 1240 1300 1276 λατρείας,
1317 1240 1365 1266 καὶ
1379 1239 1415 1266 τὰ
1428 1239 1478 1274 τῆς
1496 1238 1628 1275 μυστικῆς
1641 1239 1691 1275 τῆς
1705 1241 1769 1276 παρ’
1783 1241 1851 1276 ἡμῖν

1067 1286 1222 1323 ἱερουργίας
1245 1287 1390 1322 μυστήρια,
1416 1287 1440 1312 ει
1463 1286 1510 1313 καὶ
1536 1286 1635 1321 μᾶλλον
1651 1286 1740 1321 ὑψηλά
1753 1295 1783 1313 τε
1804 1287 1852 1315 καὶ

1068 1331 1239 1368 πνευματικὰ
1262 1332 1298 1359 τὰ
1321 1333 1453 1368 ἡμέτερα.
1481 1331 1627 1366 Φιλόσοφον
1653 1331 1682 1358 δὲ
1706 1332 1754 1358 καὶ
1784 1332 1854 1357 ἀπο-

1066 1379 1203 1415 δεικτικὴν
1216 1379 1266 1415 τὴν
1284 1378 1328 1405 διὰ
1343 1378 1393 1414 τῆς
1408 1378 1596 1414 κατανοήσεως
1608 1377 1663 1404 τῶν
1683 1377 1852 1412 κτισμάτων,

1067 1426 1113 1453 καὶ
1139 1425 1219 1452 τινῶν
1242 1425 1322 1452 θείων
1349 1425 1509 1460 οἰκονομιῶν
1533 1424 1580 1463 καὶ
1607 1424 1658 1460 τῆς
1682 1424 1855 1460 θεωρητικῆς

1066 1471 1220 1508 ἐξηγήσεως
1233 1471 1288 1498 τῶν
1297 1471 1361 1508 περὶ
1374 1471 1440 1498 Θεοῦ
1454 1470 1606 1506 λεγομένων
1619 1471 1648 1497 ὲν
1661 1471 1721 1502 ταῖς
1731 1470 1751 1496 Γ
1755 1472 1856 1505 βαφαῖς

1067 1517 1275 1553 συνισταμένην.

1101 1560 1197 1591 Πειθει
1208 1563 1258 1590 καὶ
1270 1562 1542 1590 καταδεῒται.Πείθει
1552 1562 1598 1589 xui.
1609 1562 1773 1593 xaisI'mt,
1784 1562 1858 1589 οἷο-ι·-

1066 1612 1092 1638 εὶ
1117 1611 1215 1647 δεσμόν
1233 1618 1294 1637 τινα
1316 1610 1364 1636 καὶ
1383 1609 1519 1645 σφραγῖδα
1540 1608 1677 1644 ἐπιτίθησι
1697 1609 1756 1639 τοῖς
1776 1607 1859 1642 λεγο-

1068 1657 1161 1693 μένοις
1183 1656 1232 1692 τὴν
1255 1656 1392 1692 ἀλήθειαν,
1414 1655 1461 1682 καὶ
1480 1655 1512 1682 τὸ
1530 1655 1624 1682 πιστὸν
1644 1655 1700 1686 τοῖς
1723 1654 1860 1681 ἀκούουσι

1066 1703 1167 1732 δίδωσι.
1190 1702 1228 1729 To
1242 1702 1271 1729 δὲ
1283 1701 1444 1738 συμϐολικὸν
1454 1701 1498 1728 διὰ
1511 1701 1565 1728 τῶν
1584 1701 1753 1737 τελουμένων
1769 1709 1861 1736 προση-

1066 1751 1161 1777 οικειοϊ
1180 1749 1219 1785 τῷ
1242 1749 1310 1785 Θεῷ,
1326 1749 1504 1784 πραγματικῇ
1526 1747 1582 1780 ἕξει
1603 1756 1632 1774 τε
1650 1748 1696 1774 καὶ
1717 1746 1859 1780 τυπώσει,

1066 1797 1135 1833 ὅπερ
1153 1797 1200 1824 καὶ
1215 1795 1391 1828 ἀδιδάκτους
1404 1794 1614 1830 μυσταγωτιας
1629 1793 1770 1821 ἐκάλεσεν.

1105 1891 1145 1920 Ἣ
1157 1891 1213 1925 τῆς
1228 1889 1355 1925 νομικῆς
1371 1888 1573 1924 παραδόσεως.
1601 1888 1661 1914 Ὀτι
1683 1888 1714 1914 οὐ
1741 1887 1828 1923 μόνον
1843 1889 1863 1924 ἡ

1066 1937 1164 1974 νομικὴ
1181 1937 1339 1973 παράδοσις,
1356 1935 1423 1962 ἀλλὰ
1436 1935 1514 1970 καὶ’ή
1527 1934 1621 1970 τελετὴ
1635 1933 1689 1961 τῶν
1702 1934 1763 1960 καθ’
1780 1935 1865 1970 ἡμᾶς

1068 1983 1224 2020 μυστηρίων
1246 1983 1300 2009 τῶν
1327 1982 1406 2018 ἱερῶν
1422 1981 1518 2017 ἐδεήθη
1538 1980 1687 2016 συμϐόλων.
1704 1980 1761 2006 Καὶ
1777 1980 1866 2007 οὐδὲν

1067 2029 1305 2066 θαυμαστὸν,ὅπου
1319 2029 1365 2055 καὶ
1372 2029 1396 2054 οἱ
1405 2028 1514 2062 ἄγγελοι
1527 2027 1559 2054 δι’
1572 2027 1738 2062 αἰνιγμάτων
1747 2025 1785 2052 τὰ
1798 2026 1867 2052 θεῖα

1067 2077 1204 2113 μυστήρια
1219 2075 1379 2112 προάγουσι.
1394 2074 1450 2101 Καὶ
1467 2073 1549 2105 αὐτὸς
1566 2074 1580 2099 ὁ
1596 2072 1697 2108 Κύριος
1718 2072 1748 2098 ἐν
1764 2080 1867 2108 παρα-

1065 2123 1156 2155 ϐολαῖς
1171 2122 1295 2158 φαίνεται
1311 2121 1451 2155 θεολογῶν.

1218 2168 1274 2203 Τῆς
1292 2167 1346 2194 τῶν
1376 2167 1508 2201 θεολόγων
1522 2163 1697 2200 παραδόσεως

1064 2215 1081 2251 ἡ
1100 2214 1148 2251 μὲν
1163 2214 1318 2250 ἀπόρρητος
1329 2214 1375 2240 καὶ
1389 2222 1439 2248 μυ·
1474 2214 1490 2248 ἡ
1506 2212 1533 2240 δὲ
1547 2211 1670 2247 ἐμφανὴς
1685 2211 1731 2238 καὶ
1752 2211 1871 2247 γνώρι-

1095 2261 1184 2296 στικὴ,
1192 2260 1253 2296 ἥτις
1260 2260 1319 2286 ἐστὶ
1327 2259 1373 2286 καὶ
1381 2267 1445 2294 συμ-
1515 2267 1573 2293 μος,
1590 2258 1651 2293 ἥτις
1669 2257 1728 2282 ἐστὶ
1744 2257 1871 2291 φιλόσο-

1094 2306 1199 2342 6ολικὴ,
1222 2306 1268 2334 καὶ
1283 2305 1439 2341 τελεστικὴ,
1515 2312 1563 2338 φος
1597 2303 1645 2330 καὶ
1675 2302 1875 2339 ἀποδεικτικὴ

1097 2353 1143 2380 καὶ
1159 2353 1290 2389 δραστική
1300 2361 1306 2367 ·
1515 2351 1562 2378 καὶ
1576 2350 1684 2384 πιθανή.

1110 2400 1282 2434 Συμϐόλων.
1304 2398 1463 2433 Φυσιολογία
1481 2398 1529 2434 τὴν
1553 2396 1641 2424 αἰτίαν
1663 2395 1783 2431 ἔχουσα,
1807 2396 1862 2424 διὰ

1068 2446 1094 2472 τί
1115 2445 1151 2472 τὰ
1174 2446 1225 2484 μὲν
1245 2445 1408 2481 συμϐολικὰ,
1429 2444 1463 2473 τὰ
1478 2444 1506 2471 δὲ
1526 2444 1647 2480 ᾶχραντα
1670 2443 1721 2478 τῆς
1740 2443 1878 2479 Γμφῆς

1066 2492 1254 2528 παραδέδοται.

1101 2539 1141 2565 Δι’
1157 2539 1344 2573 αἰνιγμάτων.
1372 2540 1408 2566 Δι’
1427 2537 1605 2573 αἰνιγμάτων,
1626 2536 1664 2568 ὡς
1687 2537 1701 2563 ὁ
1721 2536 1807 2572 παρὰ
1829 2537 1879 2573 τῷ

1067 2585 1192 2621 Ζαχαρία
1212 2585 1326 2619 ἄγγελος
1347 2585 1381 2612 τὰ
1402 2584 1528 2621 περὶτοῦ
1548 2583 1633 2619 Ἰησοῦ
1653 2582 1700 2609 τοῦ
1728 2583 1877 2613 Ἱοσεδέκ,

1067 2632 1114 2658 καὶ
1134 2632 1184 2667 τῆς
1199 2632 1297 2667 στολῆς
1314 2632 1397 2659 αὑτοῦ
1417 2631 1511 2658 τυπῶν
1526 2630 1573 2658 καὶ
1585 2629 1671 2664 λέγων
1682 2638 1689 2644 ·
1706 2630 1755 2656 xui
1785 2629 1877 2666 παρὰ

1063 2678 1103 2713 τῷ
1117 2678 1216 2714 Δανιὴλ
1229 2680 1242 2705 ὁ
1255 2679 1383 2714 Γαϐριὴλ,
1399 2678 1433 2705 τὰ
1447 2677 1511 2714 περὶ
1524 2675 1642 2712 Χριστοῦ
1664 2675 1877 2712 διηγούμενος,

1065 2726 1112 2753 καὶ
1133 2726 1168 2753 τὰ
1190 2727 1238 2753 σὺν
1258 2725 1333 2760 αὐτῷ
1355 2725 1474 2761 μυστικὰ
1496 2722 1682 2759 ὑπαγορεύων,
1701 2722 1750 2749 καὶ
1778 2722 1879 2757 ἕτερα

1063 2771 1186 2799 τοιαῦτα.
1212 2771 1335 2808 Θεουργὰ
1357 2771 1386 2798 δέ
1399 2779 1482 2806 φησιν
1502 2769 1565 2805 ἢτὰ
1583 2769 1648 2796 Θεὸν
1668 2768 1880 2795 ἀποτελοῦντα

1064 2817 1109 2845 τὸν
1132 2818 1285 2855 μετέχοντα,
1300 2818 1399 2850 αὐτῶν,
1415 2818 1430 2852 ἢ
1445 2817 1478 2846 τὰ
1492 2816 1567 2853 παρὰ
1581 2816 1648 2843 Θεοῦ
1671 2816 1878 2852 εἰργασμένα.
