1950 3065
111 194 165 225 865

562 193 592 222 S.
610 193 735 222 MAXIM!
752 191 899 222 SCHOLIA
915 191 950 219 ΙΝ
966 190 1040 219 EPP.
1059 190 1088 218 S.
1107 190 1264 220 DIONYSII.

1675 190 1726 218 566

145 252 197 279 Διὰ
211 251 339 286 ωπικῆς
351 251 566 286 τραπεζὼσεως.
583 252 762 289 Τραπέζωσίν
776 260 842 287 φησι
860 251 883 277 τε

985 250 1038 278 Per
1055 251 1168 286 typicmn
1188 259 1313 278 mensam.
1338 249 1515 286 Τραπέζωσιν
1535 251 1614 275 vocat
1630 255 1663 275 ea
1682 255 1726 275 sa-

110 299 138 326 ὲν
152 300 187 334 τῇ
211 298 271 334 θείᾳ
293 298 418 335 τραπέζῃ
437 298 481 325 διὰ
502 298 550 325 τοῦ
576 298 653 333 ἁγίου
672 299 755 335 ἄρτου
776 298 823 325 καὶ
844 296 891 324 τοῦ

109 345 238 382 ποτηρίου
253 345 303 380 τῆς
313 345 437 380 εὐλογίας
448 345 598 381 τελούμενα
614 345 758 381 μυστήρια.
770 345 893 380 Σημείω-

109 399 154 419 σαι
169 392 198 418 δὲ
223 392 264 418 ὅτι
277 392 323 418 καὶ
339 392 355 427 ἠ
378 391 479 419 παλαιὰ
494 392 540 418 καὶ
553 392 570 427 ὴ
582 391 630 418 νέα
640 391 735 427 Γραφὴ
751 390 836 418 πολλὰ
848 390 892 418 διὰ

108 437 248 473 συμϐόλων
263 437 446 473 παραδίδωσι,
463 437 510 464 καὶ
522 437 566 464 διὰ
581 437 618 464 τί.

141 481 184 518 [α]
212 482 272 517 Τὴν
296 483 485 517 ἀνθρωπίνην
508 482 592 516 ζωήν.
626 483 784 518 Ἀμέριστον
815 479 891 517 οἶμαι

106 528 245 564 εἰρηκέναι
261 528 341 555 αὐτὸν
356 528 405 564 τὴν
419 528 591 564 ἀνθρωπίνην
603 528 674 564 ζωὴν
685 529 731 556 καὶ
749 527 889 564 μεριστὴν,

105 573 136 600 τὸ
154 573 202 609 μὲν
217 573 261 600 διὰ
285 574 316 600 τὸ
331 574 380 610 τῆς
405 574 493 610 ψυχῆς
511 574 611 610 ἀμερὲς
627 574 674 601 καὶ
691 573 845 608 ἀσώματον,
860 573 890 599 τὸ

106 618 134 645 δὲ
149 619 194 646 διὰ
208 619 239 646 τὸ
259 619 307 646 τοῦ
326 619 450 655 σώματος
469 619 591 648 ποικίλον
610 628 640 646 τε
661 620 707 646 καὶ
727 619 889 655 πολυμερὲς.

107 665 176 701 Ὅρα
191 665 219 692 δὲ
228 685 236 698 ,
252 665 310 698 πῶς
327 665 485 701 θαυμασίως
499 665 533 693 τὰ
545 665 595 701 τῆς
609 665 698 701 ψυχῆς
711 665 887 701 παραδίδωσι.

105 710 141 737 Τὸ
167 711 215 746 μὲν
231 711 285 747 γὰρ
305 711 390 747 αὐτῆς
405 711 552 747 ἀμέριστον
569 720 667 746 φησιν,
683 711 698 737 ὃ
720 710 765 737 καὶ
786 710 889 742 ἀπαθὲς

104 756 197 784 καλεῖ·
215 757 296 784 τοῦτο
315 757 344 784 δέ
360 758 418 784 ἐστι
434 757 465 784 τὸ
477 757 526 793 τῆς
540 756 628 792 ψυχῆς
647 756 887 792 ἁκραιφνέστατον,

103 803 150 830 καὶ
163 803 238 836 αὐτὸ,
260 803 298 834 ὡς
316 802 350 830 ἄν
372 811 415 834 τις
436 802 524 835 εἴποι,
546 802 577 829 τὺ
593 801 688 834 ἄνθος,
705 802 772 837 ὅπερ
787 801 859 828 ἐστὶν
874 802 889 828 ὁ

102 848 182 881 νοῦς,
198 849 212 875 ὁ
228 849 275 876 καὶ
294 849 324 875 τὸ
344 848 452 883 λογικὸν
471 849 603 884 προχέων,
624 847 685 875 καθ’
706 848 735 875 ὃν
757 847 818 874 νοῦν
842 847 887 874 καὶ

102 895 182 930 νοερὰ
198 896 214 930 ἡ
231 894 319 930 ψυχὴ,
335 895 365 921 ὲν
382 891 459 930 ᾧπερ
471 894 508 930 νῷ
521 893 556 921 τὰ
573 893 645 921 ἁπλᾶ
659 893 706 921 καὶ
725 890 780 920 οἷον
795 893 886 929 γυμνὰ

102 941 241 976 συμϐόλων
266 940 348 976 χωρὶς
366 941 503 976 μυστήρια
525 939 680 974 ὲπιστητῶς
697 939 885 966 ὲποπτεύεται.

101 987 138 1014 Τὸ
156 987 185 1014 δὲ
200 986 285 1022 αὐτῆς
301 986 426 1022 μεριστόν
449 987 533 1018 ἐστιν,
553 986 568 1012 ὃ
584 985 631 1012 καί
647 986 795 1021 παθητικόν
811 994 885 1021 φησι,

99 1030 180 1058 τοῦτο
197 1031 226 1058 δέ
242 1032 342 1067 ἐστινὴ
361 1031 410 1067 τῆς
423 1031 512 1066 ψυχῆς
527 1031 649 1066 δύναμις,
661 1031 678 1066 ἡ
696 1031 763 1066 πρὸς
778 1030 828 1063 τὰς
844 1031 886 1057 αἰ-

101 1075 210 1111 σθήσεις
227 1076 359 1111 ἑνουμένη
377 1075 422 1102 διὰ
436 1075 483 1102 τοῦ
501 1075 655 1111 πνεύματος
675 1075 721 1103 τοῦ
740 1075 822 1111 μέσου
837 1075 887 1110 τῆς

98 1121 187 1158 ψυχῆς
203 1122 250 1148 καὶ
267 1122 313 1148 τοῦ
334 1121 473 1158 σώματος,
490 1123 520 1148 ὲν
544 1119 566 1156 ᾦ
588 1121 719 1157 πνεύματι
743 1123 888 1157 ἐναπεστηρ

101 1169 227 1205 ριγμὲναι
241 1168 310 1195 εἰσὶν
324 1169 352 1195 αἱ
368 1168 416 1204 τῆς
431 1168 581 1204 αἰσθήσεως
596 1168 642 1195 καὶ
658 1167 712 1195 τῶν
726 1168 886 1203 διανοήσεων

98 1215 153 1242 τῶν
164 1215 208 1242 διὰ
223 1216 272 1251 τῆς
286 1215 408 1250 σκέψεως
420 1214 627 1250 γνωριζομένων
646 1214 786 1250 δυνάμεις.
802 1214 886 1241 Τοῦτο

97 1258 144 1287 οὖν
160 1260 309 1296 παθητικόν
325 1262 383 1287 ἐστι
403 1261 452 1296 τῆς
470 1260 577 1296 ψυχῆς,
594 1260 641 1288 ἆτε
664 1260 708 1288 διὰ
723 1260 776 1288 τῶν
792 1261 886 1295 αἰσθή-

98 1313 167 1332 σεων
182 1306 222 1337 εἰς
244 1305 429 1340 προσπὰθειαν
452 1305 555 1341 ταύτης
588 1305 643 1333 τῶν
676 1306 812 1342 αἰσθητῶν
838 1315 886 1333 κα-

96 1351 293 1387 ταφερομένης.
312 1352 396 1381 Τοῦτο
407 1352 435 1379 δὲ
450 1352 480 1379 τὸ
498 1353 594 1389 μέρος,
616 1353 682 1389 φέρε
706 1354 808 1387 εἰπεῖν,
836 1353 885 1389 τῆς

95 1396 201 1431 ψυχῆς,
229 1396 267 1429 ὡς
287 1398 302 1423 ὁ
324 1397 396 1430 νοῦς,
419 1397 469 1424 οὐκ
496 1397 554 1425 ἐστι
585 1397 718 1434 καθαρὸν,
743 1398 804 1425 οὗτε
820 1400 884 1425 ὲπο-

96 1442 211 1469 πτεῦσαι
236 1443 348 1471 δύναται
371 1443 406 1470 τὰ
432 1443 491 1470 θεῖα
511 1444 558 1471 καὶ
577 1444 709 1481 ἐπιστητὰ
732 1444 779 1472 καὶ
802 1445 884 1481 νοητὰ

95 1486 221 1521 ἁμέσως,
239 1487 306 1513 ἀλλὰ
322 1487 405 1515 δεῖται
423 1488 506 1524 μέσου
523 1489 596 1521 τινὸς
611 1490 763 1525 παχυτέρου
775 1510 783 1522 ,
800 1490 885 1517 καθά.

95 1540 149 1567 περ
159 1533 390 1567 χειραγωγοῦντος
402 1533 468 1561 αὐτὸ
482 1534 528 1561 ἐπὶ
543 1535 577 1562 τὰ
591 1535 665 1562 ἁπλᾶ
678 1536 724 1563 καὶ
738 1536 882 1572 ἀμέριστα,

943 300 1094 330 cramenta,
1104 305 1165 332 quae
1186 298 1214 324 in
1229 297 1320 324 divina
1335 304 1428 325 mensa
1444 303 1492 331 per
1504 302 1612 323 sacrum
1628 301 1725 329 panem

943 346 970 370 et
998 343 1110 370 calicem
1136 343 1334 370 benedictionis
1367 345 1529 370 consecrata
1555 344 1628 369 sunt.
1656 339 1725 366 Nota

941 395 1018 421 vero.
1034 395 1097 415 cum
1112 389 1140 416 in
1156 389 1267 423 antiqua
1281 392 1339 415 tum
1355 389 1382 415 in
1397 395 1467 415 nova
1480 387 1538 422 lege
1553 385 1638 414 multa
1652 385 1724 413 tradi

941 443 990 470 per
1004 435 1139 471 symbola,
1155 439 1182 463 et
1196 442 1254 462 cur.

977 481 1132 509 Humanam
1162 482 1252 508 vitam.
1297 480 1424 508 Arbitror
1461 479 1608 506 humanam
1633 477 1724 516 Ivitam

941 528 1042 563 ipsum,
1060 527 1231 555 individuam
1252 529 1279 554 et
1293 526 1432 554 dividuam
1446 525 1559 553 dixisse.
1582 523 1649 551 Illud
1663 524 1724 559 qui-

940 573 1000 601 dem
1015 577 1127 609 propter
1142 573 1241 600 animat
1262 571 1483 600 individuitatem
1501 574 1581 606 atque
1596 570 1724 605 incorpo-

939 619 1075 652 reitatem,
1105 619 1158 646 hoc
1182 626 1248 647 vero
1272 622 1384 654 propter
1411 617 1535 652 corporis
1559 616 1662 644 variam
1691 624 1723 644 ac

940 665 1168 693 multimembrem
1202 664 1419 701 proportionem.
1459 663 1579 692 Observa
1611 666 1722 696 autem,

938 719 1021 747 quam
1037 711 1152 739 miriﬁce
1166 711 1256 738 tradat
1267 718 1300 739 ea
1318 718 1378 746 quae
1399 713 1463 738 sunt
1478 709 1585 736 animm.
1610 707 1677 734 Nam
1696 707 1724 734 id

938 757 1011 793 quod
1025 757 1086 792 ejus
1097 761 1150 791 est,
1165 760 1245 785 vocat
1267 756 1439 784 individuum
1451 760 1534 791 atque
1547 762 1645 790 expers
1658 762 1723 790 pas-

938 803 1041 838 sionis;
1074 804 1126 831 hoc
1149 807 1239 831 autem
1262 807 1304 832 est
1328 803 1356 830 id
1377 802 1450 838 quod
1473 802 1501 829 in
1524 802 1614 828 anima
1639 801 1724 829 subli-

937 850 1092 878 missimum
1106 853 1148 878 est
1168 853 1258 885 alque,
1279 853 1309 877 ut
1323 849 1361 876 ita
1375 849 1438 884 quis
1455 847 1539 881 dicat,
1557 847 1606 876 ﬁos
1627 848 1721 882 animi,

938 896 1010 931 quod
1028 900 1071 924 est
1085 904 1174 929 mens,
1192 903 1272 931 aqua
1291 895 1374 923 etiam
1391 894 1500 930 proﬂuit
1513 894 1554 922 vis
1569 894 1721 925 rationalis.

937 942 1086 970 secundum
1097 949 1178 977 quam
1190 942 1271 969 etiam
1285 942 1375 969 anima
1386 940 1520 976 intelligit.
1529 939 1559 967 in
1566 940 1618 967 hac
1633 945 1724 968 mente

937 988 1071 1023 simplicia
1088 992 1117 1016 et
1130 989 1208 1023 quasi
1230 987 1304 1015 nuda
1324 987 1455 1023 mysteria
1482 987 1542 1015 sine
1565 987 1722 1022 symbolicis

937 1034 1006 1062 scite
1028 1034 1245 1069 conspiciuntur.
1274 1033 1342 1061 Pars
1367 1037 1459 1060 autem
1474 1033 1534 1068 ejus
1563 1032 1721 1065 divisibilis,

936 1088 1018 1115 quam
1032 1083 1059 1107 et
1075 1079 1233 1114 passibilem
1248 1079 1377 1114 appellat,
1393 1082 1436 1106 est
1450 1086 1482 1106 ea
1494 1078 1537 1106 vis
1550 1078 1644 1110 animi,
1662 1086 1723 1113 qua:

937 1133 1001 1153 cum
1027 1125 1155 1154 sensibus
1185 1125 1279 1152 unitur
1301 1124 1437 1152 mediante
1459 1123 1557 1159 spiritu
1577 1125 1674 1152 anima:
1695 1127 1723 1151 et

937 1171 1079 1206 corporis;
1104 1171 1132 1198 in
1157 1178 1211 1206 quo
1233 1170 1330 1206 spiritu
1354 1170 1474 1198 fundatae
1499 1175 1563 1199 sunt.
1586 1170 1722 1200 sentiendi

936 1220 963 1243 et
988 1215 1175 1252 intelligendi,
1202 1224 1253 1244 nec
1277 1223 1331 1243 non
1359 1216 1485 1244 intuiﬁve
1501 1216 1721 1251 .contemplando

936 1262 1131 1297 cognoscendi,
1159 1261 1314 1290 facultates.
1343 1260 1406 1289 ilrec
1431 1262 1523 1297 itaque
1543 1270 1606 1297 pars
1624 1262 1722 1290 anima:

936 1307 1057 1343 patibilis
1076 1311 1127 1339 est,
1157 1307 1186 1334 in
1200 1311 1331 1343 quantum
1353 1315 1401 1343 per
1415 1315 1512 1335 sensus
1531 1309 1566 1336 ad
1581 1308 1720 1336 sensilium

936 1352 1105 1381 aﬁ'ectionem
1130 1358 1327 1381 commovetur.
1346 1351 1410 1380 Haec
1427 1357 1517 1381 autem
1537 1361 1613 1388 pars,
1634 1358 1664 1380 ut
1685 1354 1721 1380 ita

935 1399 1038 1432 dicam,
1058 1399 1165 1431 animae,
1180 1407 1206 1426 ν.
1219 1406 1245 1434 g.
1259 1406 1336 1426 mens
1346 1419 1353 1431 ,
1377 1406 1431 1426 non
1452 1403 1494 1426 est
1513 1398 1626 1426 omnino
1640 1405 1719 1433 pura,

935 1453 986 1474 nec
1007 1453 1052 1473 res
1074 1445 1181 1473 divinas
1207 1449 1235 1472 et
1259 1444 1430 1472 intellectiles
1455 1451 1488 1472 ac
1509 1444 1647 1479 spiritales
1669 1444 1721 1470 im-

936 1490 1054 1519 mediale
1076 1489 1200 1518 contueri
1224 1492 1333 1526 potest,
1359 1489 1407 1516 sed
1431 1496 1500 1524 opus
1522 1488 1604 1515 habet
1630 1488 1720 1515 medio

935 1537 1054 1573 quodam
1089 1536 1226 1564 crassiore
1251 1536 1337 1570 ipsam
1364 1535 1443 1570 quasi
1467 1534 1667 1562 manuducente
1686 1534 1721 1561 ad

94 1577 164 1614 ὅπερ
187 1580 259 1606 ποιεῖ
273 1579 307 1606 τὰ
326 1579 448 1616 σύμϐολα
462 1580 507 1608 διὰ
522 1581 576 1608 τῶν
598 1581 743 1618 μεριστῶν,
760 1583 883 1611 τουτέστι

936 1580 1069 1616 simplicia
1093 1579 1289 1615 individuaque
1302 1579 1376 1614 quod
1394 1579 1516 1615 symbola
1529 1582 1658 1614 praestant
1672 1586 1720 1614 per

93 1623 150 1651 τῶν
163 1625 299 1662 αἰσθητῶν
315 1626 362 1653 καὶ
377 1626 545 1662 φαινομένων
560 1627 607 1654 ἐπὶ
620 1628 656 1655 τὰ
671 1628 778 1665 ᾰῤῥητα
803 1629 880 1663 ξεναρ

93 1677 171 1705 γουν.

131 1715 172 1752 [β]
196 1717 251 1744 Καὶ
276 1717 308 1745 τὸ
330 1717 389 1753 μὲν
417 1719 530 1753 ἀπαθὲς
551 1720 606 1754 τῆς
627 1721 741 1756 ψυχῆς.
767 1722 880 1755 Ἀπαθὲς

92 1762 144 1798 τῆς
157 1762 247 1798 ψυχῆς
256 1763 287 1790 τὸ
299 1764 400 1800 νοερὸν,
413 1765 462 1800 οὐχ
472 1765 510 1797 ὡς
521 1765 608 1803 πάντη
620 1767 752 1804 ἀμέτοχον
767 1769 879 1801 πάθους,

92 1808 152 1835 ἀλλ’
168 1809 205 1841 ὡς
221 1808 320 1842 ἔξωθεν
335 1809 382 1837 τοῦ
397 1811 512 1847 πάσχειν
526 1812 577 1839 οὐκ
598 1813 659 1848 ἐχον
674 1813 724 1846 τὰς
736 1814 862 1851 ἀφορμὰς
871 1835 879 1848 ,

93 1854 189 1889 ὥσπερ
205 1855 235 1881 τὺ
252 1854 332 1890 σῶμα
348 1855 484 1888 πλείστοις
500 1857 653 1886 ὑποπίπτον
668 1860 762 1891 κακοῖς
773 1860 795 1876 ⁶²
812 1869 880 1896 συμ-

91 1899 254 1936 πτώμασιν,
272 1901 344 1938 ἃπερ
363 1903 380 1937 ἡ
397 1902 468 1938 ψυχὴ
493 1902 557 1930 ἄνευ
573 1903 623 1939 τῆς
639 1902 742 1936 οἰκείας
762 1905 880 1933 ἑκουσιό-

90 1955 174 1982 τητος
186 1947 234 1983 οὐχ
250 1948 390 1983 ὑπομένει.
407 1948 559 1984 Παθητικδν
578 1949 606 1976 δὲ
626 1950 710 1986 αὐτῆς
723 1951 753 1977 τὸ
768 1951 811 1978 διὰ
826 1952 880 1979 τῶν

90 1992 245 2029 αἰσθήσεων
269 1994 461 2030 ἀντιληπτικὺν
485 1995 541 2022 τῶν
565 1995 684 2030 ἔξωθεν,
714 1994 790 2031 ᾧτινι
816 1997 881 2033 συγ-

90 2039 172 2075 γενὲς
197 2039 247 2075 ἔφη
276 2040 307 2067 τὸ
340 2040 384 2067 διὰ
414 2040 554 2076 συμϐόλων
580 2042 744 2077 σωματικῶς
766 2044 879 2080 παραδί-

89 2085 185 2113 δοσθαι
201 2085 235 2112 τὰ
256 2085 329 2119 θεῖα,
346 2086 379 2113 δι’
397 2083 435 2114 ὧν
458 2086 526 2122 πρὸς
544 2088 593 2124 τὴν
608 2088 663 2115 τῶν
679 2088 768 2115 αΰλων
784 2090 881 2124 ἀναγό-

92 2131 165 2167 μεθα
180 2131 254 2158 θέαν.

128 2176 169 2214 [γ]
187 2178 345 2213 Θεολογίας
352 2178 479 2213 σαφοῦς.
499 2179 558 2206 ’Ότι
573 2180 619 2206 καί
638 2181 662 2206 oi
677 2180 814 2215 θεολογίας
834 2189 881 2208 σα-

88 2223 159 2259 φοῦς
173 2224 220 2251 καὶ
232 2224 338 2259 γυμνῆς
351 2224 589 2260 προκαλυμμάτων
609 2226 765 2261 ἀκηκοότες,
779 2227 880 2260 τύπους

932 1635 976 1656 res
990 1625 1126 1659 dividuas,
1152 1625 1179 1652 id
1191 1628 1234 1652 est
1249 1625 1364 1652 sensiles
1384 1627 1466 1659 atque
1491 1627 1666 1659 apparentes,
1684 1624 1729 1651 ad.

931 1679 1031 1701 arcana
1044 1671 1241 1707 promovendo.

966 1722 1052 1752 Atque
1061 1717 1157 1744 anima:
1170 1715 1274 1751 quidem
1287 1723 1350 1750 pars
1360 1715 1528 1751 impatibilia.
1538 1714 1644 1743 Animae
1655 1723 1720 1751 pars

931 1765 1094 1802 impatibilis
1107 1767 1150 1792 est
1165 1771 1229 1799 pars
1246 1764 1416 1800 intelligens,
1442 1772 1497 1792 non
1514 1763 1587 1799 quod
1608 1763 1720 1791 omnino

931 1819 1030 1848 expers
1045 1811 1081 1839 sit
1101 1810 1247 1846 passionis,
1271 1809 1319 1838 sed
1333 1810 1407 1845 quod
1430 1814 1596 1838 aeternarum
1614 1809 1719 1844 passio-

931 1866 997 1886 num
1012 1857 1094 1886 nullat
1107 1865 1137 1885 se
1151 1864 1242 1885 causa:
1253 1855 1379 1889 offerant,
1395 1857 1468 1885 sicut
1483 1856 1536 1884 hoc
1554 1863 1655 1891 corpus
1669 1864 1720 1884 no~

931 1908 1018 1933 strum
1046 1903 1172 1939 plurimis
1197 1903 1351 1938 expositum
1376 1906 1419 1931 est
1441 1902 1632 1934 incommodis.
1659 1909 1720 1938 quae

931 1950 1021 1977 anima
1035 1950 1095 1978 sine
1106 1949 1217 1985 propria
1229 1957 1278 1977 sua
1290 1949 1430 1977 voluntate
1441 1956 1496 1976 non
1511 1950 1639 1977 sustinet.
1651 1949 1719 1977 Pars

930 2003 995 2023 vero
1006 1995 1066 2030 ejus
1077 1995 1198 2031 patibilis
1212 1999 1254 2023 est
1265 2003 1309 2027 ea,
1321 2002 1382 2030 quae
1396 2003 1444 2031 per
1457 2003 1556 2023 sensus
1570 2002 1615 2023 res
1630 1998 1720 2022 exter-

930 2050 980 2070 nas
997 2042 1078 2078 327
1096 2041 1287 2077 apprehendit,
1304 2041 1350 2069 cui
1369 2041 1586 2069 connaturaliter
1603 2041 1652 2072 ait,
1671 2048 1720 2076 per

930 2087 1052 2123 symbola
1068 2094 1198 2122 corporea
1215 2094 1260 2115 res
1274 2087 1478 2119 divinas‘tradi,
1501 2087 1602 2122 quibus
1617 2086 1652 2114 ad
1667 2087 1719 2113 itm-

930 2133 1110 2161 materialium
1130 2141 1222 2161 rerum
1242 2133 1500 2168 contemplationem
1520 2132 1692 2161 adducimur.

965 2180 1063 2214 Aperta
1083 2179 1222 2214 theologia.
1244 2178 1324 2212 Quod
1347 2178 1429 2206 etiam
1448 2178 1466 2206 ii
1490 2179 1537 2214 qui
1552 2178 1718 2215 theologiam

931 2229 1053 2260 apertam
1068 2229 1095 2252 et
1118 2225 1152 2252 ab
1170 2224 1319 2252 involucris
1333 2224 1462 2257 nudatam
1475 2224 1601 2257 audiunt,
1617 2224 1718 2260 ﬁguras

87 2266 167 2299 τινὰς
191 2268 220 2294 ἐν
248 2269 354 2300 ἑαυτοῖς
381 2269 580 2296 ἀναπλάττουσι
608 2271 676 2306 πρὸς
702 2271 794 2307 νόησιν
816 2274 880 2306 τοὺς

936 2271 1036 2307 aliquas
1051 2271 1079 2298 in
1090 2271 1189 2306 seipsis
1204 2270 1342 2306 eﬁingant,
1354 2271 1454 2305 quibus
1469 2271 1609 2298 auditores
1625 2272 1657 2299 ad
1672 2272 1717 2299 in-

88 2313 280 2348 ἀκροωμένους
288 2314 525 2349 χειραγωγοῦντες.
537 2316 654 2350 Ἀλλως
663 2325 669 2332 ·
679 2317 820 2352 Θεολογίας
829 2327 877 2345 σα-

88 2357 242 2394 φοῦςνοῖον-
256 2360 343 2396 Ὠφθη
359 2361 459 2397 Κύριος
474 2361 513 2398 τῷ
529 2361 664 2398 Ἁϐραάμ,
679 2362 696 2397 ἢ
707 2362 745 2398 τῷ
757 2363 878 2396 Μωυσεῖ,

87 2403 148 2432 καί·
161 2402 253 2432 Εἶπεν
263 2408 279 2432 o'
290 2407 405 2440 Κύριος·
417 2407 474 2439 καί,
492 2407 622 2443 Ἐγένετο
636 2409 652 2435 ὀ
665 2409 754 2443 λόγος
768 2409 878 2443 Κυρίου

87 2449 166 2484 πρὸς
180 2449 232 2476 τὸν
246 2451 412 2485 προφήτην,
423 2451 516 2479 καὶτὰ
526 2452 644 2479 τοιαῦτα.
665 2453 772 2487 Σαφοῦς
786 2453 826 2487 δὲ,
840 2453 878 2486 ὡς

85 2495 120 2524 οὐ
135 2494 186 2529 ,διὰ
207 2495 348 2531 συμϐόλων
369 2497 539 2524 τυπωτικῶν.
552 2497 642 2524 Τύπον
659 2496 706 2524 οὖν
719 2507 800 2534 φησιν
813 2499 878 2525 ἀνα-

86 2540 283 2576 πλαττόμενον,
295 2541 328 2578 ἣν
342 2541 502 2578 ἐπινοοῦμεν
516 2542 562 2569 ἐπὶ
577 2544 632 2575 τοίς
646 2543 773 2575 τοιούτοις
787 2546 877 2580 ῥητοῖς

85 2588 189 2623 εὐσεϐῆ
203 2588 328 2625 θεωρίαν,
339 2588 386 2616 καὶ
395 2590 429 2626 τῇ
446 2589 506 2626 θεία
521 2589 601 2624 φύσει
615 2589 791 2626 κατάλληλον.

127 2674 180 2711 §ll.
189 2674 227 2712 [δ]
244 2675 339 2702 Τύπον
347 2675 413 2702 τινὰ
423 2676 498 2710 πρὸς
505 2677 562 2712 τὴν
573 2679 689 2714 νόησιν.
702 2680 805 2717 Ὠσπερ
812 2682 875 2710 ὅταν

87 2722 123 2748 ἐκ
137 2721 251 2758 δένδρων
264 2722 314 2754 τὰς
328 2721 489 2755 ὑποστάσεις
503 2724 552 2760 τῆς
566 2727 755 2763 προσκυνητῆς
763 2728 876 2764 Τριάδος

131 2798 142 2811 '
155 2794 242 2824 Exod.
254 2803 305 2825 vn.
343 2803 356 2818 ι
369 2795 426 2826 Jer.
442 2805 527 2834 nm,
549 2805 575 2828 ι.

926 2317 1103 2353 telligeutiam
1117 2317 1315 2344 manuducunt.
1330 2317 1434 2344 Aliter:
1449 2315 1603 2352 Theologite
1619 2322 1718 2353 aperta:

929 2367 1004 2396 sunt,
1019 2367 1049 2391 ut
1063 2371 1126 2391 cum
1141 2362 1275 2390 Dominus
1288 2363 1446 2391 Abrahamo
1463 2363 1504 2391 vel
1527 2363 1613 2399 Moysi
1634 2371 1717 2398 appa-

927 2410 991 2443 ruit,
1001 2414 1026 2436 et
1034 2418 1043 2436 :
1056 2408 1129 2437 Dixit
1137 2408 1265 2436 Dominus
1274 2414 1302 2443 V;
1314 2412 1341 2436 et
1351 2418 1358 2436 :
1367 2408 1481 2436 Factum
1495 2414 1533 2436 est
1550 2408 1654 2436 verbum
1664 2409 1717 2437 Do-

927 2455 993 2483 mini
1012 2455 1048 2482 ad
1064 2454 1214 2490 prop/letam
1230 2461 1254 2487 ι,
1269 2460 1293 2482 et
1309 2454 1419 2482 similia.
1436 2454 1564 2490 Apertam
1579 2461 1644 2483 vero
1664 2463 1715 2483 vo-

928 2505 985 2534 cat,
1001 2504 1096 2536 utpote
1117 2509 1170 2528 non
1193 2508 1241 2536 per
1263 2501 1427 2536 symbolicas
1450 2502 1562 2537 ﬁguras.
1588 2501 1716 2538 Figuram

928 2547 1045 2583 denique
1070 2547 1162 2575 ﬁctam
1191 2548 1309 2583 appellat
1334 2548 1406 2583 piam
1435 2549 1714 2584 contemplationem,

926 2601 1008 2628 quam
1025 2594 1053 2620 in
1077 2593 1232 2621 istiusmodi
1256 2594 1339 2621 dictis
1360 2594 1542 2630 concipimus,
1567 2598 1595 2623 et
1617 2595 1716 2623 divinae

925 2644 1030 2666 natura:
1048 2648 1104 2667 non
1120 2640 1312 2675 incongruam.

960 2684 974 2720 §
988 2685 1019 2713 ll.
1031 2685 1130 2721 Tgpum
1140 2685 1279 2721 quemdam
1288 2685 1322 2712 ad
1336 2686 1546 2721 intelligentiam.
1559 2687 1594 2718 Ut
1603 2687 1714 2722 quando

924 2729 955 2757 D.
972 2730 1139 2759 Athanasius
1164 2739 1197 2759 ex
1223 2732 1368 2761 arboribus
1395 2733 1542 2762 adoranda;
1566 2732 1710 2761 Trinitatis

574 2884 690 2913 VARUE
707 2883 900 2914 LECTIONES
917 2885 961 2914 ET
978 2885 1250 2915 CORRECTIONES.

147 2940 169 2955 "
187 2943 358 2974 κακοπικοίς.
