1950 3065
243 167 296 196 567

631 163 796 192 APPENDIX
815 164 861 191 AD
878 163 992 192 OPERA
1011 164 1040 192 S.
1059 164 1208 193 DIONYSII
1225 163 1478 200 AREOPAGITJEJ

1801 164 1852 195 568

243 233 375 262 personas
391 227 579 260 reprresentat,
595 227 622 250 et
637 223 683 250 alii
697 223 785 250 sanc’ti
805 230 839 250 ex
856 223 939 250 rebus
955 223 1024 251 aliis.

1080 224 1245 260 παρίστησιν
1271 225 1286 251 ὁ
1305 225 1376 256 θεῖος
1403 223 1570 254 ’Δθανάσιος,
1594 222 1641 249 καὶ
1667 222 1697 256 ἐξ
1722 223 1806 250 ἄλλων
1830 225 1854 251 ot

242 271 315 305 Quin
334 274 362 298 et
381 270 441 305 ipsa
464 270 557 297 mundi
581 272 706 297 creatura
728 268 914 303 symbolorum
937 269 1025 297 vicem

243 316 385 349 obtinens,
401 315 586 343 invisibilibus
600 313 648 341 Dei
663 313 783 341 obducta
795 318 848 341 est.

278 403 353 430 Sicut
373 401 475 429 Paulus
493 402 541 429 ait.
560 401 606 428 Sic
621 401 693 428 enim
709 401 858 437 Apostolus
878 403 916 429 ait
932 413 938 431 :
954 403 1027 436 Quo-

242 449 316 476 niam
329 448 472 476 inuisibilia
481 448 575 482 ipsius,
587 448 743 481 sempiterna
757 456 857 483 quoque
868 449 950 476 virtu:
958 450 1025 484 ejus,

241 497 270 524 in
281 496 410 522 creaturis
421 495 616 528 conspiciuntur
627 498 652 521 Υ.
665 493 736 527 Quin
749 498 776 521 et
787 494 930 523 Christus:
942 496 1027 531 (hunc

241 541 325 573 enim,
340 545 371 568 ut
382 540 521 572 existimo,
536 543 618 566 vocat
631 538 750 567 Verbum
766 540 870 576 verum)
885 548 947 568 cum
963 541 1002 568 ait
1018 551 1024 569 :

242 587 274 615 Si
293 592 396 614 terrena
416 587 472 613 dixi
487 586 569 618 vobis,
584 591 609 613 et
623 595 675 613 non
689 586 795 614 creditis
816 594 826 613 :
841 587 982 622 quomodo,
1000 589 1026 615 si

241 633 332 661 dixero
345 633 469 665 caelestia,
483 633 594 660 credetis
605 637 616 651 ι
625 633 638 659 ’ί
649 635 676 660 et
699 640 760 669 quae
780 636 844 661 sunt
858 633 1024 670 hujusmodi.

276 725 453 758 Quamobrem
474 726 554 752 etiam
576 725 697 761 theologi.
718 725 842 753 Civiliter
865 725 975 760 quidem
999 729 1026 752 et

240 770 365 805 legaliter
385 770 584 807 (considerant)
605 774 791 799 correctorum
813 769 1024 804 susceptionem,

239 821 322 853 atque
350 817 522 851 felicitatem,
543 822 571 846 et
594 817 767 853 peccantium
794 817 965 852 punitionem
994 824 1025 843 ac

239 863 508 891 condemnationem.
535 863 690 896 Quinetiam
718 863 860 899 expiantés
883 871 915 890 ac
942 870 1025 898 puras

1077 270 1164 296 λοιποὶ
1180 271 1261 304 ἇγιοι.
1277 271 1310 297 Τί
1323 271 1346 287 ⁸³
1360 271 1407 298 καὶ
1420 271 1437 306 ἡ
1451 269 1499 297 τοῦ
1515 269 1616 305 κόσμου
1631 269 1791 305 δημιουργία
1802 270 1855 297 τῶν

1077 316 1200 352 ἀοράτων
1213 316 1260 342 τοῦ
1272 316 1338 343 Θεοῦ
1353 316 1554 352 προϐέϐληται,
1570 315 1671 351 τρόπον
1682 315 1742 342 τινὰ
1761 316 1856 351 συμϐό-

1077 361 1130 388 λων
1145 361 1221 393 τάξιν
1244 362 1388 397 ἐπέχουσα.

1112 406 1148 443 [ε]
1170 407 1305 441 Καθάπερ
1324 407 1398 442 ειησί
1420 407 1549 440 Παῦλος.
1574 407 1604 434 '0
1627 407 1676 443 μὲν
1702 408 1856 440 Ἀπόστολος

1076 451 1148 478 οὕτω
1162 453 1237 488 φησί·
1256 453 1294 479 Τὰ
1310 453 1364 487 γὰρ
1379 452 1489 486 ἀόρατα
1505 452 1609 485 αὑτοῦ,
1623 452 1643 486 ἧ
1653 460 1684 479 τε
1694 452 1786 485 ἀΐδιος
1804 454 1856 479 αὐ-

1077 498 1130 525 τοῦ
1142 498 1276 533 δύναμις,
1296 498 1330 525 ἐν
1353 498 1415 531 τοῖς
1433 497 1577 533 ποιήμασι
1594 497 1760 532 καθορᾶται.
1780 498 1806 525 Ὀ
1828 499 1856 526 δι

1076 543 1192 578 Χριστὸς
1205 542 1310 578 (τοῦτον
1322 540 1476 579 γὰρ,οῖμαι,
1489 542 1566 570 καλεῖ
1586 542 1633 570 τὸν
1653 542 1739 578 ἀληθῆ
1763 543 1856 578 Λόγον)

1077 589 1140 615 ὅταν
1161 588 1228 625 λέγῃ
1240 597 1246 603 ”
1264 589 1299 615 Εἰ
1315 589 1352 615 τὰ
1371 589 1486 623 ἐπίγεια
1501 588 1587 615 εἷπον
1601 588 1684 623 ὑμῖν,
1699 588 1748 615 καί
1761 589 1795 615 οὐ
1809 596 1859 616 πι-

1076 633 1206 660 στεύετε·
1216 633 1287 665 πῶς,
1294 632 1347 660 ἐὰν
1356 633 1428 659 εἴπω
1438 632 1510 668 ὑμῖν
1515 633 1551 660 τὰ
1558 632 1730 668 ἐπουράνια,
1738 634 1857 661 πιστεύ-

1076 686 1162 710 σετε;
1176 679 1223 705 καὶ
1236 679 1286 705 ὅσα
1299 678 1420 705 τοιαῦτα.

1113 723 1160 760 [ς]
1184 724 1233 751 Διὸ
1256 725 1306 751 καὶ
1327 725 1354 751 οί
1374 725 1516 759 θεολόγοι.
1530 724 1679 757 Πολιτικῶς
1695 726 1744 761 μὲν
1756 726 1802 752 καὶ
1817 726 1859 752 ὲν-

1075 769 1166 804 νόμως
1187 769 1236 806 τὴν
1258 769 1312 796 τῶν
1332 769 1535 805 κατορθούντων
1555 770 1689 806 ἀποδοχὴν
1710 771 1758 797 καὶ
1776 771 1859 798 εὐπά-

1077 815 1150 843 θειαν
1164 817 1210 843 καὶ
1225 817 1278 843 τῶν
1289 816 1517 853 πλημμελούντων
1530 816 1578 853 τὴν
1588 818 1708 845 κάκωσιν
1719 819 1765 845 καὶ
1777 820 1859 846 κατάμ-

1078 871 1177 899 κρισιν.
1192 863 1382 900 Καθαρτικοὺς
1395 864 1422 891 δὲ
1436 865 1483 891 καὶ
1496 865 1645 900 ἀχράντους
1659 865 1708 897 τὰς
1722 865 1859 898 νουθεσίας

239 910 455 943 instructiones,
472 917 507 937 ac
527 914 724 945 praeservantes
742 910 954 937 admonitiones.
970 908 1024 936 Hu-

1078 909 1122 936 καὶ
1135 909 1357 945 προφυλακτικὰς
1370 911 1551 946 παραινέσεις.
1571 911 1760 947 Ἀνθρωπικὼς
1772 911 1801 938 δὲ
1814 913 1859 939 καὶ

238 963 321 984 mano
336 961 427 983 autem
443 963 474 983 ac
489 956 578 984 medio
588 956 669 983 modo
685 956 846 991 (accipiunt)
861 963 924 990 v.g.
940 955 1025 982 inter-

239 1003 406 1038 rogationes,
420 1002 497 1037 juxta
519 1001 586 1028 illud
599 1011 605 1029 :
627 1001 677 1028 Ubi
688 1006 727 1028 est
742 1000 807 1028 Αιοει
823 1001 907 1035 frater
922 1005 983 1027 tutu
994 1000 1027 1026 ατ

237 1053 266 1076 et
294 1048 362 1076 illud
384 1058 390 1075 :
404 1047 567 1075 Descendens
582 1047 672 1075 videbo
683 1048 709 1075 δ.
723 1046 789 1074 Item
800 1046 866 1074 illud
879 1055 885 1074 :
898 1046 1026 1073 Dominus

238 1095 385 1129 interrogat
400 1093 504 1128 justum
527 1097 552 1119 et
575 1093 685 1127 impium
698 1097 721 1119 θ.
741 1091 807 1125 Quae
831 1091 914 1118 etiam
936 1089 1026 1118 medio

239 1140 322 1169 modo
343 1147 373 1168 se
391 1139 504 1171 habent,
523 1139 594 1166 inter
614 1146 646 1166 ea
660 1146 721 1174 quae
735 1137 791 1165 Deo
806 1136 984 1168 conveniunt,
999 1139 1026 1163 et

237 1186 311 1214 inter
326 1192 358 1214 ea
373 1193 434 1220 quae
455 1185 567 1213 omnino
584 1184 697 1211 dissona
711 1182 849 1214 videntur,
865 1185 895 1209 ut
910 1185 974 1209 sunt
987 1181 1026 1209 si-

237 1232 409 1260 militudines
433 1231 584 1259 bestiarum
605 1235 634 1259 et
651 1231 837 1258 materiarum
862 1229 1022 1256 inanimata-

237 1285 310 1305 rum.
333 1277 462 1310 Quaedam
477 1278 542 1305 item
559 1276 774 1313 supermundiali
794 1279 821 1303 et
840 1275 960 1310 perfecta
981 1282 1025 1302 ra-

237 1323 314 1351 tione
330 1323 467 1358 intelligit,
485 1327 515 1350 ut
529 1323 672 1355 miracula,
688 1330 749 1358 quae
762 1321 835 1350 Deus
850 1322 907 1349 sola
927 1321 1027 1348 volun-

239 1373 293 1397 tate
317 1376 367 1396 sua
394 1368 470 1396 facit.
487 1368 572 1404 Leges
596 1372 687 1396 autem
709 1371 870 1404 apparentes
894 1371 974 1395 vocat
995 1369 1026 1394 ut

238 1416 351 1451 quando
371 1415 573 1450 quodammodo
594 1419 708 1443 excusat
728 1414 862 1450 virginem
885 1414 912 1441 in
933 1420 1025 1441 eremo

237 1461 377 1493 violatam,
402 1465 429 1489 et
451 1461 562 1489 similia.
591 1460 705 1488 Occulta
727 1468 792 1488 vero
814 1460 927 1487 oracula
948 1464 1025 1493 sunt,

238 1517 265 1536 v.
281 1516 307 1544 ς.
323 1509 390 1536 illud
407 1518 414 1535 :
428 1507 513 1535 Iacob
528 1507 620 1540 ditari,
636 1507 710 1534 Esau
731 1512 819 1534 autem
834 1506 894 1534 odio
907 1505 989 1533 habui
998 1505 1024 1538 ἀ,

238 1555 346 1590 aliaque
364 1554 475 1583 similia.
492 1554 566 1581 Dixit
590 1559 681 1581 autem
704 1553 786 1580 Pater
807 1552 1024 1586 multiformiter;

226 1602 368 1637 'quoniam
389 1602 442 1629 alia
463 1602 573 1637 quidem
595 1600 756 1638 symbolice,
772 1600 825 1628 alia
839 1607 905 1628 vero
918 1607 986 1635 pure
997 1603 1025 1627 et
1038 1593 1062 1624 C

238 1648 499 1684 supermundialiter
516 1648 655 1683 Scriptura
672 1647 796 1675 tradidit.

273 1695 356 1730 328
377 1694 440 1721 Alia
453 1694 557 1730 quidem
577 1694 698 1722 civiliter.
719 1693 895 1728 Philosophia
915 1691 1025 1728 quidem

237 1742 339 1777 partim
349 1745 391 1769 est
402 1741 534 1776 practica,
549 1741 648 1776 partim
661 1741 839 1776 speculativa.
849 1740 890 1767 Ac
904 1739 1024 1775 practica

237 1786 304 1815 item
318 1786 371 1813 alia
383 1789 425 1813 est
439 1786 549 1821 publica
565 1794 613 1814 seu
628 1786 791 1818 communis,
807 1790 835 1813 et
850 1785 961 1820 politica
977 1792 1023 1812 seu

239 1831 328 1860 civilis
347 1831 508 1866 appellatur,
532 1835 563 1859 ut
588 1831 741 1867 legislatio;
761 1831 813 1859 alia
834 1839 900 1859 vero
919 1831 1025 1866 privata

238 1884 288 1905 seu
302 1876 486 1911 particularis,
507 1880 537 1903 ut
553 1877 643 1904 ethica
664 1884 712 1904 seu
727 1877 850 1904 moralis.
867 1875 954 1904 Media
976 1883 1025 1903 au-

238 1925 294 1950 tem
308 1920 381 1948 inter
403 1922 552 1956 practicam
577 1925 620 1949 est
644 1922 824 1953 (nconomica.
851 1919 1025 1956 speculativte

239 1972 304 1992 vero
319 1972 382 1999 pars
394 1965 451 1998 illa,
469 1973 530 2001 quae
543 1973 587 1993 res
607 1966 723 1994 sensiles
741 1974 774 1993 ac
796 1966 942 1994 mutabiles
961 1974 1024 2001 spe-

239 2014 307 2044 ctat,
320 2011 434 2046 physica
444 2015 472 2039 et
487 2011 668 2047 cosmologica
684 2015 860 2047 nuncupatur
871 2021 878 2046 ;
890 2020 950 2049 qua:
959 2020 1024 2040 vero

236 2056 411 2084 intellectilia
431 2060 459 2084 et
472 2061 573 2085 aeterna
588 2057 797 2092 contemplatur,
814 2057 1024 2092 contemplativa

238 2108 266 2131 et
284 2104 436 2141 theologica
453 2105 572 2139 dicitur;
594 2108 676 2140 atque
699 2105 757 2133 haec
780 2105 1024 2140 impraesentiarum

239 2151 375 2185 exposuit.
390 2150 478 2178 Media
492 2155 582 2178 autem
593 2151 664 2178 inter
677 2151 871 2186 speculativam
883 2154 925 2178 est
936 2154 1024 2177 astro-

238 2197 365 2229 nomica,
381 2201 409 2224 et
423 2197 623 2229 mathematica,
639 2205 700 2232 qua;
715 2197 882 2232 sempiterna
898 2197 944 2223 illa
961 2204 1024 2225 sen-

239 2242 300 2270 silia
324 2243 490 2271 considerat.
506 2243 563 2271 Hoc
586 2242 727 2279 Scriptura
742 2243 854 2278 quidem
867 2250 922 2270 non
943 2242 1022 2274 dicit,

239 2288 288 2316 sed
304 2288 409 2316 Hebraei
424 2290 524 2317 habent
536 2291 564 2317 in
579 2289 798 2318 Deuteronomio.

276 2332 338 2360 Non
355 2334 424 2361 enim
449 2334 548 2361 nudam
570 2334 717 2362 historiam
745 2333 881 2367 Quoniam
905 2341 937 2362 ea
961 2341 1022 2368 quae

240 2379 399 2415 symbolice,
423 2381 480 2408 sive
500 2381 631 2409 historice
654 2381 681 2408 in
697 2380 840 2416 Scriptura
862 2384 1020 2413 narrantur,

239 2425 312 2452 haud
331 2425 433 2453 nudam
452 2426 596 2454 historiam
627 2427 786 2459 continent,
813 2427 861 2455 sed
886 2426 1021 2454 vivificam

238 2470 445 2506 perfectionem.
458 2471 598 2500 Viviﬁcam
618 2476 709 2499 autem
723 2471 918 2506 perfectionem
932 2475 1020 2504 vocat,

237 2516 311 2552 quod
327 2517 430 2545 sanctis
450 2525 550 2552 scopus
566 2518 613 2549 sit,
629 2526 678 2553 per
696 2518 853 2552 Scripturas
864 2517 979 2550 erudiri,
994 2521 1021 2545 et

238 2563 273 2590 ad
291 2563 375 2590 vitam
392 2567 520 2591 aeternam
536 2563 640 2599 perﬁci.
655 2564 718 2592 Haec
732 2568 823 2592 autem
838 2564 915 2596 dicit,
927 2568 1020 2591 osten-

238 2608 317 2640 dens,
332 2608 489 2637 necessario
507 2616 646 2645 anagogen
658 2613 685 2636 et
705 2609 862 2644 allegoriam
875 2608 1022 2636 admitten-

237 2653 301 2687 dam
316 2661 388 2682 esse.

273 2737 287 2756 ι
301 2732 380 2760 Rom.
397 2740 416 2766 ι,
433 2732 478 2760 20.
517 2737 528 2752 ι
543 2732 623 2762 Joan.
640 2741 683 2767 ru,
700 2732 744 2761 12.
783 2739 796 2754 ι
813 2732 880 2761 Gen.
895 2739 931 2767 Iv,
944 2733 971 2760 9.
1009 2733 1023 2752 δ

1078 2732 1245 2765 :n.xvnl,2l.

1077 954 1177 989 μέσως,
1191 952 1247 982 οἷον
1259 955 1309 987 τὰς
1323 955 1441 988 πεύσεις,
1452 956 1489 987 ὡς
1503 956 1534 982 τό
1545 965 1551 971 ·
1568 956 1629 983 Ποῦ
1645 957 1734 983 Ἅϐελ
1746 959 1762 984 ὁ
1773 957 1860 984 ἀδελ-

1075 1001 1132 1035 φός
1150 1008 1225 1032 σου;
1238 1001 1286 1028 καὶ
1308 1001 1339 1027 τό
1349 1009 1356 1017 ’
1370 1002 1505 1035 Καταεὰς
1525 1002 1649 1036 ὄψομαι·
1666 1003 1714 1029 καὶ
1736 1003 1767 1029 τό
1777 1012 1784 1018 ·
1800 1005 1860 1030 Κύ-

1072 1054 1138 1079 ριος
1158 1045 1283 1077 ἐξετάζει
1306 1046 1360 1073 τὸν
1377 1046 1493 1073 δίκαιον
1506 1046 1555 1073 καὶ
1570 1046 1624 1073 τὸν
1643 1046 1749 1081 ἀσεϐῆ.
1766 1047 1861 1074 "Arna

1075 1093 1123 1118 καὶ
1154 1092 1243 1128 μέσως
1266 1092 1356 1128 ἔχουσι
1378 1092 1431 1119 τῶν
1455 1101 1485 1119 τε
1495 1092 1550 1129 θεῷ
1559 1093 1715 1129 πρεπόντων
1737 1094 1785 1120 καὶ
1806 1094 1862 1121 τῶν

1075 1137 1164 1174 πάντη
1181 1138 1361 1173 ἀπεμφαίνειν
1383 1138 1542 1171 δοκούντων,
1562 1139 1685 1166 τουτέστι
1707 1139 1862 1175 ὁμοιώσεως

1075 1183 1177 1220 θηρίων
1197 1184 1245 1211 καὶ
1259 1184 1328 1211 ὑλῶν
1347 1184 1467 1220 ἀψύχων.
1489 1185 1697 1221 ’Υπερκοσμίως
1711 1186 1740 1212 δὲ
1754 1186 1803 1213 καὶ
1816 1194 1862 1212 τε·

1075 1229 1268 1265 λεσιουργικῶς
1289 1238 1355 1266 φησι
1378 1230 1427 1262 τὰς
1446 1230 1517 1266 λόγῳ
1540 1231 1588 1258 καὶ
1611 1231 1683 1266 μόνῳ
1712 1231 1863 1267 βουλήματι

1074 1274 1311 1311 παραδοξοποιίας.
1333 1276 1440 1312 Νόμους
1459 1276 1487 1303 δὲ
1516 1277 1693 1312 φαινομένους
1705 1296 1713 1310 ,
1731 1277 1770 1308 ὡς
1798 1278 1863 1305 ὅταν

1075 1321 1223 1355 ἀπολογίας
1242 1320 1312 1353 ἀξιοῖ
1323 1321 1373 1357 τὴν
1392 1323 1421 1348 ἐν
1435 1322 1530 1358 ἐρήμῳ
1545 1322 1702 1357 βιασθεῖσαν
1716 1322 1863 1358 παρθένον,

1075 1365 1122 1391 καὶ
1135 1364 1169 1391 τὰ
1182 1365 1271 1400 ὃμοια.
1294 1365 1416 1400 ’Δφανεῖς
1431 1365 1460 1392 δὲ
1483 1366 1610 1402 θεσμοὺς,
1633 1364 1704 1394 οἷον·
1724 1367 1781 1394 Τὸν
1807 1368 1866 1395 Ἰα-

1075 1410 1137 1437 κὼϐ
1151 1410 1304 1446 ἠγάπησα,
1322 1411 1376 1438 τὸν
1391 1411 1425 1438 δὲ
1446 1411 1539 1439 Ἠσαῦ
1557 1412 1699 1447 ἐμίσησα,
1714 1414 1761 1440 καὶ
1782 1414 1866 1450 ἕτερα

1074 1455 1196 1482 τοιαῦτα.
1213 1455 1259 1492 [ζ’]
1273 1457 1470 1490 Πολυτρόπως
1484 1456 1513 1483 δὲ
1526 1457 1577 1493 ἔφη
1592 1458 1607 1483 ό
1621 1458 1726 1493 Πατὴρ,
1741 1458 1809 1485 διότι
1830 1459 1867 1486 τὰ

1076 1501 1126 1537 μὲν
1149 1501 1330 1537 συμϐολικῶς,
1345 1502 1379 1529 τὰ
1398 1502 1426 1529 δὲ
1447 1503 1589 1539 ἀχράντως
1609 1504 1656 1530 καὶ
1670 1504 1868 1540 ὑπερκοσμίως

1075 1546 1092 1582 ὴ
1107 1547 1201 1583 Γραφὴ
1215 1546 1399 1583 παραδέδωκε.

1113 1688 1152 1716 Τὰ
1169 1688 1228 1723 μὲν
1251 1688 1418 1721 πολιτικῶς.
1436 1688 1492 1723 Τῆς
1515 1688 1672 1723 φιλοσοφίας
1693 1688 1723 1714 τδ
1740 1689 1791 1723 μὲν
1806 1688 1867 1716 ἔστι

1075 1734 1237 1770 πρακτικὸν,
1249 1734 1280 1761 τὸ
1295 1734 1323 1761 δὲ
1330 1733 1505 1770 θεωρητικόν.
1521 1734 1577 1761 Καὶ
1590 1733 1637 1760 τοῦ
1647 1734 1695 1769 μὲν
1705 1734 1867 1769 πρακτικοῦ

1075 1779 1105 1806 τὸ
1117 1780 1165 1815 μὲν
1174 1780 1230 1807 ἔστι
1241 1779 1338 1812 κοινὸν,
1352 1779 1365 1806 ὃ
1378 1779 1425 1807 καὶ
1434 1779 1569 1806 πολιτικὸν
1578 1779 1708 1810 καλεῖται,
1715 1776 1772 1806 οἷον
1779 1779 1813 1806 τὸ
1822 1788 1869 1806 νο-

1077 1825 1216 1860 μοθετικόν
1226 1834 1232 1840 ·
1247 1825 1278 1852 τὸ
1290 1825 1318 1852 δὲ
1333 1825 1407 1857 ίδιον,
1422 1822 1477 1852 οἷον
1490 1824 1520 1851 τὸ
1532 1824 1634 1860 ἠθικόν.
1645 1824 1733 1851 Μέσον
1748 1824 1776 1851 δὲ
1793 1833 1868 1861 πρα-

1076 1871 1169 1899 κτικοῦ
1183 1870 1214 1898 τὸ
1227 1870 1439 1907 οίκονομητικὸν.
1455 1870 1508 1897 Τοῦ
1523 1870 1551 1897 δὲ
1574 1869 1739 1906 θεωρητικοῦ
1762 1870 1794 1897 τὺ
1815 1871 1868 1906 μὲν

1073 1915 1228 1952 ὠνόμασται
1242 1915 1363 1951 φυσικὸν,
1372 1915 1403 1942 τὸ
1417 1916 1447 1941 ὲν
1460 1914 1596 1950 αἰσθητοῖς
1610 1914 1657 1941 καὶ
1671 1913 1868 1949 μεταῶητοξ,

1074 1961 1088 1988 ὂ
1102 1962 1150 1989 καὶ
1164 1961 1356 1997 κοσμολογικόν
1370 1962 1429 1988 ἐστι
1439 1969 1445 1975 ·
1462 1960 1491 1986 τὸ
1505 1960 1533 1987 δὲ
1547 1959 1694 1987 ἐποπτικὸν
1709 1960 1756 1987 καὶ
1771 1959 1870 1986 θεολο-

1075 2007 1161 2042 γικδν,
1177 2007 1208 2034 τὸ
1230 2008 1259 2034 ὲν
1280 2008 1384 2043 νοητοῖς
1406 2007 1453 2034 καὶ
1466 2006 1569 2037 ἀϊδίοις.
1587 2004 1680 2031 Ταῦτα
1693 2005 1740 2032 νῦν
1754 2005 1871 2036 ἐξέθετο

1073 2054 1103 2081 ὲν
1116 2053 1229 2085 τούτοις.
1244 2054 1334 2080 Μέσον
1356 2052 1384 2079 δὲ
1406 2052 1453 2079 τοῦ
1477 2050 1643 2087 θεωρητικοῦ
1664 2050 1694 2077 τὸ
1716 2051 1745 2078 ὲν
1766 2050 1871 2083 ἀῖδίοις

1075 2100 1122 2127 καὶ
1135 2099 1282 2136 αἰσθητοῖς,
1299 2099 1367 2134 ὅπερ
1390 2098 1464 2125 ἐστὶν
1483 2097 1678 2133 ἁστρονομικὸν
1699 2097 1746 2123 καὶ
1768 2096 1871 2132 μαθη-

1074 2140 1198 2180 ματικόν·
1214 2145 1281 2180 ὅπερ
1295 2146 1312 2180 ἡ
1329 2144 1378 2180 μὲν
1393 2143 1488 2179 Γραφὴ
1501 2143 1532 2170 οὐ
1550 2142 1634 2177 λέγει,
1653 2142 1678 2168 οἱ
1693 2142 1721 2169 δὲ
1739 2142 1872 2178 Ἑϐραῖοι

1074 2192 1103 2218 ὲν
1116 2191 1155 2227 τῷ
1171 2191 1370 2226 Δευτερονομίῳ
1383 2189 1499 2226 ἔχουσιν.

1106 2335 1147 2371 1η]
1166 2336 1207 2363 οὐ
1224 2335 1279 2370 γὰρ
1299 2336 1432 2370 ἱστορίαν
1446 2335 1550 2370 ψιλήν.
1563 2335 1624 2362 Ὅτι
1636 2334 1671 2362 τὰ
1688 2333 1875 2369 συμϐολικῶς

1071 2382 1129 2418 ἦτοι
1142 2381 1284 2417 ἱστορικῶς
1294 2382 1328 2417 τῇ
1344 2380 1438 2416 Γραφῇ
1456 2381 1587 2416 εἰρημένα
1602 2380 1652 2415 οὐχ
1669 2379 1794 2415 ἱστορίαν
1807 2379 1874 2415 ἔχει

1070 2427 1159 2464 ψιλὴν,
1171 2427 1238 2454 ἀλλὰ
1249 2427 1365 2463 ζωτικὴν
1378 2427 1523 2454 τελείωσιν.
1543 2425 1664 2461 Ζωτικὴν
1679 2425 1706 2452 δὲ
1719 2425 1876 2452 τελείωσιν

1071 2473 1143 2508 λέγει
1167 2473 1198 2500 τὸ
1218 2472 1316 2499 σκοπὸν
1331 2470 1401 2499 εἶναι
1415 2474 1472 2504 τοῖς
1494 2472 1582 2506 ἁγίοις
1597 2471 1642 2498 διὰ
1664 2470 1719 2497 τῶν
1742 2471 1878 2507 Γραφῶν

1068 2519 1136 2554 πρὸς
1150 2518 1199 2554 τὴν
1220 2518 1326 2545 αίώνιον
1343 2518 1414 2555 ζωὴν
1434 2517 1601 2544 τελειοῦσθαι
1622 2517 1685 2548 τοὺς
1697 2516 1877 2552 διδασκομέ-

1069 2574 1139 2597 νους.
1157 2564 1248 2592 Ταῦτα
1271 2564 1300 2591 δέ
1320 2573 1396 2600 φησι,
1420 2563 1527 2595 δεικνὺς
1549 2563 1706 2598 ἀναγκαίως
1722 2562 1774 2598 τὴν
1799 2563 1877 2589 ἁνα-

1069 2612 1161 2647 γωγὴν
1183 2610 1229 2639 καὶ
1247 2611 1409 2646 ἀλληγορίαν
1425 2608 1694 2646 παραλαμϐάνεσθαι.

1285 2737 1296 2750 ε
1310 2729 1384 2759 Psal.
1400 2739 1427 2764 ι,
1442 2731 1470 2759 5.
1506 2730 1519 2750 δ
1534 2730 1612 2758 Rom.
1629 2737 1668 2762 rx,
1686 2729 1731 2758 t3.

712 2811 830 2841 VARI/li
847 2809 1042 2840 LECTIONES
1058 2810 1102 2839 ET
1119 2809 1392 2840 CORRECTIONES.

284 2889 306 2913 θ’
319 2890 369 2917 ὅτι.
