1950 3065
139 179 191 209 569

589 178 619 206 S.
637 177 762 207 MAXIM]
785 178 931 208 SCHOLIA
948 178 983 207 IN
999 178 1075 208 EPP.
1095 178 1123 207 S.
1141 178 1300 208 DlONYSll.

1708 182 1761 211 570

179 234 370 271 ’ἱεροπρεπῶς
392 235 576 272 ιὸιαϐαίνειν.
608 237 760 264 Διαϐαίνειν
791 238 925 274 γράφεται

1012 237 1096 266 Sacro
1109 237 1185 265 modo
1197 243 1342 273 penetrare.
1351 238 1511 272 Διαϐαίνειν,
1520 239 1574 267 alia
1589 239 1670 267 lectio
1679 240 1761 268 habet

138 283 186 310 καὶ
203 283 364 315 διαϐάλλειν,
378 283 393 309 ὃ
408 283 483 309 ἐστιν
495 282 629 310 εἰσϐαλεῖν
645 283 692 310 καὶ
709 283 849 315 εἰσελθεῖν,
862 284 927 311 εἴσω

138 338 169 357 τε
189 329 315 364 γενέσθαι
334 328 381 356 τοῦ
396 329 570 365 πράγματος·
588 329 659 356 οὕτω
678 329 745 365 φησὶ
765 329 811 356 καὶ
833 331 926 365 Διογε-

141 374 241 406 νιανός.

176 420 215 447 Ίὰ
242 420 408 454 ὐπερούσια
434 419 525 455 φῶτα.
556 420 721 457 ’Υπερούσια
748 420 825 456 φῶτα
838 441 845 452 ,
879 421 926 448 καὶ

139 465 240 502 νοητὰ,
264 466 312 493 καὶ
332 465 409 499 Beia,
433 467 483 502 τὴν
507 467 695 503 πανάχραντον
719 467 766 494 καὶ
792 468 926 502 παναγίαν

139 512 241 548 Τριάδα
258 513 338 549 φησι·
361 514 473 549 νοητοὺς
486 513 515 540 δὲ
531 513 662 549 ἀγγέλους
676 515 740 546 τοὺς
760 514 926 551 ὑπεραναϐε-

140 559 267 595 δηκάτας.
286 559 341 595 Τὴν
360 559 388 586 δὲ
410 559 540 595 διαφορὰν
561 559 662 586 τούτων
689 560 926 596 παρατεθείκαμεν

139 606 168 632 ὲν
178 605 217 641 τῷ
233 606 302 640 Περί
317 607 403 633 θείων
420 606 572 642 ὀνομάτων
584 607 704 638 τελείως.

174 652 255 679 Κατὰ
278 651 338 679 τῶν
359 653 474 687 νοητῶν
495 653 589 680 αὐτοῦ
612 653 769 687 προνοιῶν.
794 652 854 680 Ἐπὶ
878 653 926 688 μὲν

139 697 281 734 προνοιῶν,
293 698 330 729 ὡς
343 698 373 724 τὸ
385 699 413 725 ὲν
427 698 601 734 Εὐαγγελίοις
611 707 619 714 ο
636 699 700 732 Πῦρ
713 698 809 733 ἦλθον
817 698 927 731 βαλεῖν

138 743 187 771 ἐπὶ
201 743 258 778 τὴν
271 743 342 778 τῆν’
356 744 441 779 λόγων
455 745 493 776 δὲ,
509 745 548 777 ὡς
561 745 636 781 παρὰ
655 745 695 780 τῷ
713 744 845 781 Ἱερεμίᾳ·
864 745 926 780 οὐχ

138 791 232 824 οὕτως
250 793 276 818 οἱ
297 792 381 826 λόγοι
400 800 459 826 μου
483 790 584 825 ὥσπερ
599 791 675 825 πῦρ,
699 790 780 826 λέγει
803 791 908 825 Κύριος
916 799 926 823 ;

139 838 195 874 Τὴν
210 837 258 865 τοῦ
283 838 368 874 πυρὸς
391 836 437 865 οὖν
458 838 550 865 εἰκόνα
573 838 693 874 δηλονότι
723 838 770 865 ἐπὶ
787 838 834 864 τοῦ
858 838 925 864 Θεοῦ

138 885 226 917 ἄλλως
235 885 276 912 δεῖ
291 874 425 918 ἐκλαϐεῖν,
439 885 486 912 καὶ
496 885 583 917 ἄλλως
595 885 640 911 ἐπὶ
653 885 708 911 τῶν
720 884 833 920 νοητῶν,
844 885 880 919 ἀγ
886 885 926 919 γέ-

138 931 192 958 λων
209 931 331 967 δηλονότι
344 932 389 958 καὶ
404 932 536 968 προνοιῶν
548 931 616 958 Θεοῦ
632 931 679 958 καὶ
693 931 789 966 λόγων.

174 977 229 1007 Καὶ
248 977 305 1011 τὴν
316 977 374 1013 μὲν
385 978 448 1005 κατ’
460 979 568 1005 αἰτίαν.
588 978 644 1013 Τὴν
663 977 712 1004 τοῦ
735 978 821 1014 πυρὸς
834 978 926 1005 εἰκόνα

138 1024 197 1050 κατ’
207 1024 306 1056 αἰτίαν,
315 1024 414 1060 δηλαδὴ
426 1024 471 1050 ἐπὶ
478 1024 532 1050 τῶν
540 1024 637 1058 λογίων
644 1024 684 1050 Κυ
690 1024 756 1059 ρίου·
768 1024 817 1059 τὴν
825 1023 853 1050 δὲ
864 1023 925 1050 καθ’

139 1069 255 1106 ὓπαρξιν
268 1071 314 1097 ἐπὶ
328 1071 406 1097 Θεοῖν
414 1070 463 1106 τὴν
471 1071 500 1098 δὲ
514 1070 585 1097 κατὰ
600 1069 706 1106 μέθεξιν
720 1070 766 1096 ἐπὶ
781 1069 834 1097 τῶν
845 1070 927 1104 ἀγγέ-

138 1116 200 1144 λων.
214 1117 250 1144 Τὸ
261 1117 359 1144 δὲκαθ’
371 1116 487 1153 ὕπαρξιν
497 1117 544 1144 τοῦ
561 1116 630 1144 κατὰ
646 1116 753 1152 μέθεξιν
765 1116 887 1152 διαφέρει
897 1117 925 1143 ὲν

137 1164 251 1195 τούτοις·
266 1163 297 1190 τὸ
311 1164 361 1199 μὲν
381 1163 436 1200 γὰρ
448 1163 523 1199 δηλοῖ
536 1163 632 1189 οὐσίαν
649 1162 710 1189 καθ’
721 1162 819 1198 ἑαυτὴν
834 1160 926 1195 οὖσαν,

138 1210 184 1237 καὶ
202 1210 363 1237 ἐπείσακτον
380 1210 494 1246 ἔχουσαν
516 1210 546 1236 τὸ
560 1209 684 1241 θεοειδὲς,
698 1208 793 1245 ὥσπερ
813 1208 858 1235 ἐπὶ
872 1208 927 1235 τῶν

138 1256 270 1291 ἀγγέλων
286 1257 317 1284 τὸ
330 1258 358 1284 δὲ
369 1257 429 1284 καθ’
441 1256 558 1292 ὓπαρξιν
570 1256 696 1292 πρᾶγμα,
708 1254 725 1291 ἢ
737 1255 832 1289 Λόγων
845 1254 925 1287 θεῖον,

137 1303 276 1330 τουτέστιν
291 1304 324 1331 ὲκ
336 1303 403 1330 Θεοῦ
416 1303 561 1339 προαχθέν.

975 284 1137 316 Sidoniam,
1153 285 1180 311 id
1203 289 1246 312 est
1261 284 1365 317 ingredi
1389 289 1416 313 et
1432 286 1546 319 intrare.
1569 290 1596 313 et
1613 286 1684 313 intra
1703 294 1761 314 rem

978 330 1065 365 ipsam
1077 338 1156 364 esse;
1173 331 1213 357 uti
1228 331 1310 358 etiam
1324 331 1508 367 Diogenianus
1522 333 1569 360 ait.

1013 419 1236 455 Supernaturalia
1253 420 1363 448 lumina.
1381 420 1663 456 Supersubstantialia
1678 424 1704 449 et
1720 421 1762 448 in-

977 466 1116 494 tellectilia
1132 475 1164 494 ac
1185 466 1277 494 divina
1306 468 1409 494 lumina
1430 473 1508 495 vocat
1538 469 1714 504 purissimam
1734 472 1762 497 et

977 514 1179 542 sanctissimam
1190 513 1362 546 Trinitatem,
1379 515 1533 550 superiores
1544 519 1635 542 autem
1650 516 1760 551 angelos

976 564 1056 587 vocat
1076 560 1256 588 intellectiles.
1271 559 1373 587 Horum
1395 565 1486 588 autem
1500 560 1679 589 dill‘erentiam
1700 570 1757 597 per-

977 607 1047 635 fecte
1064 607 1264 642 assignavimus
1279 607 1308 634 in
1320 607 1390 634 libro
1401 607 1439 634 De
1455 607 1550 635 divinis
1565 608 1725 636 nominibus.

1014 654 1051 682 De
1064 653 1259 682 intellectilibus
1276 654 1332 688 ejus
1349 653 1530 688 pravi/tentiis.
1553 654 1592 682 De
1615 655 1759 690 providen-

976 701 1023 728 tiis
1043 701 1164 736 quidem,
1183 705 1212 727 ut
1229 700 1257 727 in
1274 700 1431 735 Evangeliis
1447 709 1453 727 :
1478 699 1569 736 Ignem
1584 701 1641 727 veni
1660 701 1762 728 mittere

977 748 1004 774 in
1027 753 1125 775 terram
1141 753 1163 774 θ.
1186 746 1224 774 De
1244 747 1417 774 sermonibus
1436 753 1516 779 vero,
1538 750 1567 774 ut
1591 747 1663 782 apud
1686 746 1762 775 Jere-

977 793 1058 821 miam
1081 802 1088 822 :
1113 793 1239 829 Nunquid
1262 801 1313 820 non
1331 792 1408 820 verba
1431 801 1488 820 mea
1508 793 1585 828 quasi
1605 793 1684 828 ignis,
1699 793 1762 820 dicit

977 839 1105 867 Dominus
1122 839 1153 866 f?
1167 839 1313 875 Imaginem
1333 839 1417 874 igitur
1433 839 1503 874 ignis
1517 847 1543 866 v.
1559 847 1584 874 ε.
1603 839 1630 867 in
1643 839 1697 867 Deo
1713 839 1763 866 ali-

976 889 1019 914 ter
1032 886 1156 922 accipere
1170 889 1288 922 oportet,
1304 891 1332 913 et
1346 885 1426 913 aliter
1442 886 1469 912 in
1486 885 1692 913 intellectilibus
1705 886 1763 913 sive

941 921 963 949 Β
977 933 1094 968 angelis,
1107 940 1138 960 ac
1149 932 1197 961 Dei
1213 932 1395 967 providentiis
1410 940 1442 960 ac
1458 932 1641 960 sermonibus.

1012 978 1097 1014 Atque
1111 979 1186 1006 illam
1207 978 1312 1014 quidem
1326 977 1468 1005 secundum
1483 986 1604 1006 causam.
1619 977 1666 1004 Illa
1681 977 1764 1014 igitur

978 1024 1122 1060 imaginem
1145 1024 1295 1052 secundum
1313 1031 1425 1052 causam
1446 1024 1586 1056 nimirum,
1603 1024 1637 1052 de
1647 1024 1764 1059 eloquiis

978 1070 1103 1104 Domini;
1116 1071 1189 1098 illam
1203 1079 1268 1099 vero
1280 1070 1431 1099 secundum
1442 1071 1629 1099 exsistentiam
1642 1071 1675 1099 de
1686 1071 1742 1099 Deo
1754 1081 1762 1105 ;

977 1118 1052 1145 illam
1071 1118 1189 1153 denique
1203 1117 1353 1146 secundum
1367 1118 1614 1152 participationem,
1631 1117 1664 1145 de
1679 1122 1763 1152 ange-

975 1164 1010 1191 lis
1027 1163 1138 1198 (dictam
1154 1164 1237 1200 esse).
1254 1164 1322 1191 [llud
1345 1168 1447 1197 autem,
1463 1164 1536 1199 quod
1555 1168 1598 1192 est
1611 1164 1763 1191 secundum

976 1210 1177 1243 exsistentiam,
1193 1210 1284 1238 differt
1297 1210 1331 1238 ab
1344 1218 1377 1238 eo
1391 1211 1463 1246 quod
1479 1214 1521 1239 est
1538 1210 1688 1238 secundum
1700 1217 1764 1244 par-

975 1256 1173 1291 ticipationem,
1199 1257 1227 1284 in
1245 1257 1299 1290 bis,
1319 1257 1393 1292 quod
1414 1257 1542 1284 nimirum
1563 1256 1630 1284 illud
1652 1256 1763 1292 quidem

975 1302 1101 1339 designet
1115 1304 1297 1332 substantiam
1313 1311 1362 1339 per
1379 1311 1408 1332 se
1418 1304 1607 1336 exsistentem,
1625 1303 1673 1331 sed
1690 1302 1764 1330 asci-

137 1349 227 1377 titiam
242 1350 324 1385 329
343 1350 486 1377 habentem
501 1348 713 1381 deformitatem,
732 1351 763 1376 ut
783 1347 812 1375 in
827 1347 948 1383 angelis;
966 1349 1018 1377 hoc
1045 1357 1112 1378 vero
1133 1358 1193 1378 rem
1213 1350 1301 1385 ipsam
1323 1351 1472 1380 secundum
1494 1351 1689 1383 substantiam,
1705 1351 1763 1378 sive

137 1392 255 1423 Verbum
270 1395 403 1428 divinum,
414 1394 442 1422 id
452 1397 494 1422 est
508 1402 522 1421 a
539 1394 596 1422 Deo
607 1394 780 1429 productum.

180 1442 227 1475 Ὠς
240 1442 260 1476 ἡ
274 1440 338 1468 κατ’
355 1440 431 1467 αὐτὰ
445 1440 558 1474 θεωρία.
579 1440 640 1466 ’Ότι
664 1439 734 1475 πρὸς
757 1438 792 1465 τὰ
815 1437 924 1465 ὑποκεί-

139 1497 205 1524 μενα
218 1487 265 1515 καὶ
277 1488 302 1514 οἱ
317 1487 396 1514 τύποι
408 1486 541 1519 νοοῦνται,
554 1485 605 1514 κᾶν
620 1487 644 1513 οἰ
659 1486 736 1513 αὐτοὶ
749 1481 826 1514 ὦσιν.

1016 1438 1050 1466 Ut
1063 1438 1206 1466 secundum
1226 1440 1284 1474 ipsa
1298 1439 1494 1474 contemplatio.
1512 1439 1646 1473 Quoniam
1663 1449 1763 1469 secun-

977 1484 1042 1512 dum
1066 1485 1190 1521 subjecta
1209 1486 1292 1514 etiam
1312 1486 1404 1522 ﬁgurae
1419 1485 1621 1522 intelliguntur,
1636 1480 1766 1522 quamvis

977 1531 1071 1559 eadem
1083 1531 1149 1560 sint.

177 1580 244 1614 ’Υφ”
259 1578 344 1614 ὑμῶν
360 1578 492 1613 ζήτησιν.
503 1576 604 1605 Ἦλθεν
620 1578 661 1610 εἰς
682 1577 817 1614 ἐρώτησιν
833 1577 880 1604 καὶ
897 1578 925 1604 τὸ

1012 1577 1035 1604 Α
1047 1577 1120 1605 nobis
1130 1578 1310 1613 quastionem.
1323 1577 1440 1606 Venerat
1447 1577 1528 1606 etiam
1544 1578 1572 1606 in
1582 1579 1762 1614 quzestionem

136 1626 192 1653 τῶν
203 1625 361 1662 Παροιμιῶν
378 1624 539 1661 πρόὸλημα,
557 1623 604 1651 καί
618 1633 684 1660 φησι
703 1623 768 1660 περὶ
786 1623 926 1659 δυνάμεως

136 1681 251 1705 τροφης-

155 1681 293 1753 Ἕτξιδὲ
313 1717 417 1753 ὑγράν.
435 1716 590 1753 Σημείωσαι
609 1716 650 1743 ὅτι
674 1716 705 1743 τὸ
729 1716 818 1743 πίνειν
839 1715 926 1752 ὑγρὰν

136 1765 241 1801 τροφὴν
251 1764 375 1791 ἐκάλεσε.

172 1811 289 1846 Κρατὴρ
304 1809 473 1845 περιφερής.
488 1810 594 1846 Θεωρία
605 1809 653 1837 τοῦ
668 1810 805 1846 κρατῆρος
817 1810 863 1837 καὶ
875 1808 927 1845 τῆς

137 1858 219 1886 αὐτοῦ
237 1857 423 1893 περιφερείας.

179 1904 324 1939 Ἀνάρχου
345 1903 393 1930 καὶ
412 1901 621 1936 ἀτελευτήτου.
641 1901 774 1937 Ἀναρχόν
791 1910 857 1936 φησι
878 1901 925 1928 τοῦ

137 1950 205 1978 Θεοῦ
222 1951 270 1987 τὴν
283 1950 428 1986 πρόνοιαν,
444 1950 493 1984 οὐχ
506 1949 548 1976 ὅτι
563 1947 617 1975 τῶν
633 1947 717 1975 ὄντων
731 1948 769 1980 ὼς
785 1948 926 1984 συνάρχων

138 1997 261 2034 προενόει
274 1996 344 2024 κατὰ
362 1997 425 2028 τοὺς
438 1995 618 2032 ἀφραίνοντας
633 1995 679 2021 καὶ
696 1994 833 2029 λέγοντας⁷
851 1995 926 2030 ’Ἅμα

137 2044 214 2077 Θεὸς,
231 2044 288 2080 ἅμα
302 2043 400 2070 πάντα·
415 2042 472 2069 ἀλλ’
486 2042 527 2068 ὃτι
547 2041 594 2068 καὶ
609 2041 674 2076 πρὶν
687 2041 704 2076 ἢ
724 2040 879 2076 πραχθῆναι
892 2041 926 2067 τὰ

138 2090 202 2118 ὂντα
225 2091 253 2116 ὲν
276 2091 337 2121 ταῖς
357 2089 454 2120 ἰδέαις,
476 2088 534 2124 ἦτοι
555 2087 756 2123 παραδείγμασι
773 2087 820 2114 τοῦ
841 2087 925 2119 Θεοῦ,

137 2137 274 2164 τουτέστιν
292 2136 320 2162 ὲν
336 2136 393 2167 ταῖς
404 2134 499 2166 ἀϊδίοις
521 2133 604 2161 αὑτοῦ
622 2134 745 2169 νοήσεσιν
758 2133 801 2169 (ἃς
815 2142 927 2169 προορι-

139 2183 224 2219 σμοὺς
234 2182 375 2218 ὀνομάζειν
386 2180 432 2208 τὸν
443 2181 513 2208 θεῖον
533 2171 637 2207 Παῦλον
655 2179 684 2206 ὲν
697 2179 736 2215 τῷ
753 2179 823 2213 Περὶ
841 2179 927 2206 θείων

138 2228 291 2264 ὀνομάτων
316 2227 442 2264 ἔφημεν),
458 2226 518 2254 καθ’
538 2225 571 2258 ἃς
593 2226 664 2257 ἰδέας
682 2225 730 2252 καὶ
752 2225 859 2261 νοήσεις
878 2224 925 2251 τοῦ

977 1623 1128 1659 propositio
1144 1623 1269 1659 quaedam
1281 1632 1298 1652 e
1312 1623 1477 1656 Proverbiis,
1490 1623 1535 1651 ubi
1547 1623 1580 1652 de
1591 1624 1646 1652 cibi
1660 1625 1762 1652 virtute

978 1670 1044 1705 agit.

1011 1714 1153 1750 Liquidum
1166 1723 1237 1743 vero.
1253 1714 1334 1748 Nota,
1350 1715 1439 1751 ipsum
1456 1719 1549 1751 potum
1564 1715 1699 1743 liquidum
1719 1715 1760 1742 ei-

977 1761 1041 1789 bum
1061 1762 1220 1797 appellasse.

1012 1807 1107 1836 Crater
1120 1808 1259 1836 rotundus.
1283 1807 1483 1844 Contemplatio
1498 1807 1625 1840 erateris,
1641 1811 1669 1836 et
1687 1807 1768 1843 ejus;

976 1853 1038 1881 dem
1052 1854 1291 1882 circumferentia.

1012 1899 1151 1934 Principio
1176 1904 1201 1927 et
1224 1901 1277 1936 ﬁne
1300 1900 1425 1929 carentis.
1460 1900 1591 1936 Principii
1623 1905 1761 1937 expertem

976 1944 1044 1972 dicit
1057 1945 1106 1973 Dei
1122 1945 1321 1981 providentiam
1339 1954 1396 1973 non
1410 1946 1488 1982 quasi
1501 1946 1583 1974 simul
1602 1954 1664 1974 cum
1679 1947 1761 1975 rebus

976 1992 1110 2020 exsistere
1131 1992 1276 2028 incipiens,
1291 1993 1359 2028 ipsis
1377 1992 1537 2028 prospiciat,
1551 1992 1629 2027 juxta
1642 1993 1704 2020 illos
1719 1993 1763 2020 in.

977 2046 1071 2071 sanos,
1088 2038 1135 2073 qui
1149 2038 1245 2066 dicunt
1261 2048 1267 2066 :
1287 2038 1374 2066 Simul
1391 2037 1474 2071 Deus,
1490 2038 1571 2066 simul
1587 2038 1698 2072 omnia;
1713 2039 1760 2066 sed

976 2084 1040 2119 quia
1066 2084 1226 2119 priusquam
1251 2091 1296 2112 res
1316 2084 1534 2119 producerentur
1557 2084 1584 2111 in
1609 2084 1679 2111 ideis
1704 2084 1762 2111 sive

976 2131 1179 2165 exemplaribus
1194 2131 1304 2163 divinis,
1324 2131 1352 2158 id
1366 2134 1409 2158 est
1428 2130 1455 2157 in
1470 2130 1581 2157 aeternis
1597 2130 1657 2165 ejus
1672 2129 1759 2157 notio-

977 2175 1059 2203 nibus
1083 2175 1163 2210 (quas
1188 2175 1220 2203 1).
1239 2173 1354 2202 Paulum
1376 2175 1604 2210 prmdellnitiones
1625 2175 1763 2210 appellate

977 2221 1098 2249 diximus
1112 2222 1141 2249 in
1163 2221 1234 2249 libro
1253 2220 1292 2248 De
1309 2221 1406 2249 divinis
1420 2221 1592 2255 nominibus),
1608 2220 1761 2248 secundum

138 2275 205 2302 Θεοῦ
219 2275 254 2302 τὰ
273 2275 403 2311 μέλλοντα
418 2272 587 2310 παράγεσθαι
609 2271 830 2308 προετετύπωτο,
845 2271 892 2298 καὶ
906 2272 923 2307 ἡ

983 2275 1045 2303 {uas
1067 2267 1141 2295 ideas
1155 2271 1183 2295 et
1197 2268 1325 2295 notiones
1343 2267 1402 2300 Dei,
1418 2275 1462 2294 res
1486 2266 1584 2294 futurae
1606 2267 1664 2301 jam
1683 2272 1762 2293 erant

139 2322 252 2358 πρόνοια
272 2321 319 2349 τοῦ
339 2320 406 2348 Θεοῦ
430 2321 554 2356 ἀνάρχως
573 2319 734 2356 προϋπῆρχε
753 2318 844 2354 πάσης
865 2317 924 2345 κτί-

140 2377 218 2400 σεως.
232 2367 362 2403 Προνοίας
376 2366 430 2402 γὰρ
445 2366 519 2398 θείας
534 2364 579 2402 ἦν,
593 2367 653 2402 ἦτοι
670 2366 881 2402 προεννοήσεως,
895 2365 926 2392 τὺ

140 2413 280 2450 βούλεσθαι
301 2413 471 2449 παραγαγεῖν
489 2412 577 2438 κτίσιν
591 2411 641 2448 τὴν
656 2411 862 2438 ἀπολαύσουσαν
874 2411 926 2446 τῆς

139 2459 320 2496 προνοητικῇ
332 2457 412 2486 αὑτοῦ
429 2457 606 2494 ὰγαθότητος.
624 2457 702 2484 Κατὰ
718 2457 798 2484 τοῦτο
818 2455 865 2484 οὖν
879 2457 926 2483 καὶ

139 2506 316 2542 ἀτελεύτητος
336 2506 352 2541 ἡ
368 2504 480 2540 πρόνοια
501 2503 607 2538 λέγεται
637 2504 677 2535 εἰς
690 2504 753 2536 τοὺς
777 2503 926 2535 ἀθανάτους

138 2553 270 2588 ἀγγέλους
286 2552 333 2579 καὶ
346 2552 408 2583 τοὺς
424 2549 759 2585 ἁπαθανατισθησομένους
774 2550 863 2585 ἡμᾶς,
880 2550 927 2576 καὶ

137 2599 172 2626 τὰ
187 2599 220 2626 δι’
236 2599 310 2634 ἡμᾶς
323 2596 412 2632 ἀγαθὰ
423 2597 549 2633 ἐσομένη.

174 2689 380 2724 οἰκοδομοῦσα
393 2687 427 2714 δὲ
442 2687 491 2714 καὶ
511 2687 530 2721 ἡ
545 2687 646 2721 σοφία.
659 2685 691 2712 Τί
706 2684 807 2712 ἔστιτὸ
824 2684 926 2711 οἰκοδο-

140 2736 200 2771 μεῖν
216 2736 266 2771 τὴν
284 2734 379 2769 σοφίαν
391 2734 474 2770 ἑαυτῇ
488 2730 572 2765 οἶκον,
583 2732 629 2760 καὶ
642 2734 671 2759 ὲν
686 2732 754 2767 αὐτῇ
769 2729 923 2766 ἑτοιμάζειν

138 2781 159 2812 ἃι
172 2782 235 2818 ἔφη,
252 2782 297 2809 καὶ
308 2781 361 2814 ἔξω
371 2779 439 2808 εἶναι
455 2780 547 2813 αὑτοῦ,
564 2779 611 2806 καὶ
623 2780 651 2807 ὲν
663 2779 746 2814 αὐτῷ.

180 2908 192 2923 ⁸
205 2903 272 2935 Luc.
291 2912 338 2937 xu,
358 2903 401 2931 £9.
445 2903 452 2923 τ
471 2902 527 2932 Jer.
545 2910 622 2936 mu,
641 2902 687 2936 29,

976 2314 1174 2349 praeformatas,
1195 2318 1277 2350 atque
1300 2313 1368 2341 adeo
1390 2313 1561 2349 providentia
1589 2313 1636 2341 Dei
1658 2317 1762 2348 absque

975 2360 1112 2396 principio
1126 2359 1178 2388 fuit
1193 2364 1256 2388 ante
1270 2367 1378 2388 omnem
1399 2362 1564 2387 creaturam.
1579 2357 1762 2386 Providentiae

976 2405 1049 2433 enim
1070 2405 1169 2432 divinae
1184 2405 1242 2432 sive
1257 2404 1365 2432 consilii
1385 2404 1578 2440 prospicientis
1600 2407 1659 2431 erat
1678 2404 1761 2431 etiam

975 2451 1044 2479 velle
1058 2451 1211 2487 producere
1222 2455 1387 2483 creaturam,
1400 2449 1554 2486 providenti
1569 2449 1629 2485 ejus
1640 2449 1762 2477 bonitate

976 2497 1132 2525 fruituram.
1153 2496 1310 2525 Secundum
1326 2496 1378 2524 hoc
1391 2497 1486 2532 utique
1500 2498 1581 2524 etiam
1597 2496 1652 2524 line
1673 2498 1759 2523 caret.

978 2542 1024 2571 Vel
1040 2544 1142 2571 dicitur
1156 2544 1328 2579 providentia
1346 2543 1436 2579 quoad
1452 2543 1622 2570 immortales
1638 2542 1759 2578 angelos,

975 2594 1003 2617 et
1020 2597 1071 2618 nos
1087 2589 1161 2625 ipsos
1175 2589 1382 2617 immortalitate
1400 2588 1554 2622 donandos,
1572 2592 1698 2623 respectu
1712 2588 1757 2614 bo-

975 2643 1072 2664 norum
1086 2643 1147 2671 quae
1158 2639 1268 2671 propter
1278 2643 1329 2663 nos
1343 2639 1434 2663 erunt.

1011 2682 1147 2717 Sapientia
1169 2688 1256 2709 autem
1279 2681 1395 2717 ludiﬁcat
1418 2681 1469 2709 sibi
1492 2681 1609 2709 domum.
1630 2679 1701 2712 Quid
1725 2679 1760 2706 sit

977 2729 1140 2764 sapientiam
1156 2728 1209 2756 sibi
1223 2728 1334 2756 domum
1349 2727 1493 2759 aediﬁcare,
1511 2730 1538 2754 et
1555 2727 1582 2753 in
1602 2725 1660 2760 ipsa
1677 2733 1760 2760 appa-

975 2783 1036 2803 rere
1051 2783 1113 2810 quaa
1133 2775 1265 2808 narravit,
1283 2781 1398 2810 eamque
1412 2777 1440 2801 et
1450 2775 1527 2800 extra
1543 2771 1630 2807 ipsam
1645 2775 1672 2798 el.
1686 2770 1758 2798 intra

975 2822 1063 2857 ipsam
1075 2821 1216 2850 exsistere.
