1950 3065
117 164 120 167 ’
175 177 224 206 571

570 173 740 202 APPENDIX
762 173 808 201 AD
825 172 941 201 OPERA
959 172 989 200 S.
1006 171 1155 201 DlONYSll
1171 171 1412 202 AREOPAGITE.

1754 175 1807 204 579

211 233 247 261 Et
267 234 295 261 in
316 234 437 262 uniuerso
460 237 510 262 est.
527 234 565 262 De
579 234 631 262 hoc
649 234 732 261 etiam
756 232 860 260 dictum
875 235 918 260 est
936 231 965 259 in

1051 233 1106 260 Kal
1121 233 1156 260 ὲν
1169 233 1209 266 τῷ
1228 234 1317 260 παντὶ
1335 234 1475 269 γίγνεται.
1494 234 1562 270 Περὶ
1585 233 1682 262 τούτου
1700 235 1806 271 είρηται

175 280 246 308 libro
262 279 299 307 De
311 280 407 308 divinis
422 280 582 315 nominibus,
598 279 734 315 quomodo
750 283 803 307 stet
818 282 845 306 et
860 277 964 306 sedeat.

175 325 332 354 Notandum
356 330 447 354 autem
471 326 563 362 ipsum
586 326 630 353 hic
647 325 847 361 providentiam
869 332 968 353 vocare

177 371 275 400 Deum.

211 418 247 446 In
260 427 288 445 se
299 418 465 445 excellenter.
477 418 508 445 In
523 417 566 445 bis
577 417 660 446 etiam
672 417 739 445 illud
753 417 908 446 excellenter
924 424 967 444 ac-

175 464 333 500 cipiendum
349 467 391 492 est
404 471 464 500 pro,
476 464 588 492 minime
602 464 759 499 privanter,
773 464 831 492 sive
853 471 908 492 non
923 471 967 491 se-

175 510 299 538 cundum
324 511 491 539 exsistentiae
511 510 672 543 carentiam,
693 510 733 538 uti
755 510 898 546 proposita
919 518 967 537 su-

175 561 303 585 muntur.

214 603 250 631 Et
273 607 357 631 stans.
383 603 434 632 Hic
457 603 566 632 videtur
588 603 657 632 mihi
680 603 831 635 declarare,
848 603 914 638 quid
930 603 966 630 sit

178 649 265 681 ἑστία,
291 649 318 676 id
341 652 384 676 est
406 649 483 684 quasi
504 649 618 682 mansio,
640 648 678 677 ita
699 651 729 676 ut
753 655 853 676 nomen
889 647 967 675 ἐπίοι

178 696 318 725 derivetur
334 703 349 722 a
362 695 447 723 verbo
461 696 530 723 ἐστί.

214 741 250 769 Et
273 751 403 778 nusquam
417 747 494 769 extra
513 750 551 770 se.
570 741 638 770 Cum
653 740 720 769 illud
735 744 808 768 stans
829 740 968 776 acceperit

177 788 212 818 de
226 788 430 824 perseverantia
447 787 599 816 secundum
620 787 878 820 immutabilitatem,
899 787 967 815 illud

178 843 206 862 se
226 843 329 862 movens
345 834 379 861 de
394 841 487 862 rerum
499 833 681 869 providentia,
697 833 726 861 in
737 839 854 869 utroque
868 833 967 861 horum

178 881 258 911 nobis
283 879 491 916 intelligendum
510 885 552 908 est
564 883 593 909 et
611 880 832 908 subaudiendum
847 881 965 913 omnino,

1017 280 1063 306 καὶ
1085 281 1113 307 ὲν
1133 280 1172 315 τῷ
1192 281 1262 314 Περὶ
1285 280 1372 308 θείων
1394 280 1562 315 ὀνομάτων,
1576 280 1635 312 πῶς
1653 281 1740 313 ἑστὼς
1760 282 1806 308 καὶ

1017 327 1185 362 κινούμενος.
1208 326 1377 362 Σημειωτέον
1398 326 1427 353 δὲ
1452 327 1494 353 ὅτι
1519 326 1648 363 πρόνοιαν
1669 326 1719 358 τὸν,
1740 327 1808 355 Θεόν

1057 380 1110 399 σιν.

1057 381 1110 399 σιν.

1017 381 1110 446 φηἘν
1123 418 1164 451 τῷ
1179 418 1259 451 αὐτῷ
1274 418 1336 446 καθ’
1351 418 1515 454 ὑπεροχήν.
1530 418 1587 446 Καὶ
1609 419 1638 446 ὲν
1652 418 1760 451 τούτοις
1777 419 1808 446 τὸ

1016 466 1080 492 καθ’
1094 465 1248 501 ὑπεροχὴν
1265 465 1333 501 πρὸς
1347 465 1378 492 τὸ
1392 465 1429 501 μὴ
1453 465 1523 492 κατὰ
1544 465 1670 502 στέρησιν
1685 466 1732 492 καὶ
1745 466 1807 493 ἁνυ-

1017 511 1136 547 παρξίαν
1153 511 1245 540 λαϐεῖν
1259 512 1332 547 ἡμᾶς
1344 511 1378 538 τὰ
1393 512 1572 548 προκείμενα,
1587 511 1722 548 εἰληπται.

1051 602 1106 630 Καὶ
1127 602 1271 637 ἑστηκώς.
1286 601 1417 630 Ἐνταῦθα
1437 602 1510 629 δοκεί
1527 610 1571 637 μοι
1589 601 1763 636 σαφηνίζειν,
1782 601 1810 627 τί

1017 648 1108 681 ἑστία,
1133 648 1270 676 τουτέστιν
1287 647 1303 683 ἠ
1326 649 1364 680 ὡς
1388 648 1445 675 ἔστι
1460 647 1585 684 διαμονὴ,
1602 647 1656 674 ἀπὸ
1675 646 1722 674 τοῦ
1741 647 1809 674 ἐστι

1017 694 1194 731 παρηγμένου
1207 695 1254 721 τοῦ
1268 694 1398 730 ὀνόματος
1412 694 1463 729 τῆς
1477 693 1590 726 ἑστίας.

1053 742 1107 770 Καὶ
1123 741 1259 777 οὐδαμῶς
1276 741 1334 774 ἔξω
1348 741 1452 768 αὐτοῦ.
1477 740 1584 776 Ἐπειδὴ
1598 739 1628 766 τὸ
1649 739 1698 775 μὲν
1715 739 1811 772 ἑστὼς

1019 788 1065 816 ἐπὶ
1079 789 1128 825 τῆς
1140 788 1215 816 κατὰ
1232 787 1262 814 τὸ
1283 787 1460 815 ἀναλλοίωτον
1479 786 1655 822 μονιμότητος
1672 785 1763 817 ἕλαὸε,
1779 785 1812 812 τὸ

1018 834 1047 862 δὲ
1061 834 1238 869 κινούμενος
1249 833 1296 860 ἐπὶ
1305 833 1354 869 τῆς
1365 834 1405 865 είς
1417 833 1452 860 τὰ
1462 833 1527 860 ὄντα
1541 832 1678 868 προνοίας,
1691 832 1733 867 ἐφ’
1746 833 1811 858 ἑκα-

1019 879 1099 916 τέρου
1122 879 1223 907 τούτων
1246 880 1315 906 νοεῖν
1337 880 1411 915 ἡμᾶς
1434 879 1488 915 χρὴ
1509 879 1556 905 καὶ
1580 878 1765 914 προσεπάγειν
1781 878 1812 905 τὸ

178 926 217 954 ita
229 931 258 954 ut
273 926 309 954 sit
324 933 422 954 sensus
438 935 445 952 :
467 924 562 961 Neque
577 925 688 952 omnino
709 928 796 956 stans,
819 925 901 960 quasi
913 931 969 952 non

1039 927 1161 960 αθόλου,
1183 924 1254 964 ἴναῇ
1273 925 1393 960 τοιοῦτον
1411 925 1442 952 τὸ
1465 926 1623 961 λεγόμενον·
1638 924 1706 952 Οὔτε
1726 923 1812 956 ἑστὼς

179 973 214 1001 ad
230 971 431 1009 providendum
443 975 601 1004 moveatur;
613 970 695 1006 330
711 978 798 1005 neque
812 969 924 997 omnino
940 977 970 998 se

179 1025 306 1051 movens,
328 1018 409 1053 quasi
433 1025 448 1044 a
468 1017 617 1044 stabilitate
638 1024 687 1044 sua
710 1016 845 1044 deﬂectat.
862 1016 969 1043 Aliter:

180 1063 249 1092 lllud
265 1072 365 1099 semper
385 1068 457 1091 atare
470 1068 495 1091 et
509 1063 607 1090 moveri
627 1062 660 1090 de
671 1062 726 1090 Deo
746 1062 862 1093 dictum.
878 1061 971 1097 provi-

180 1111 243 1139 dam
262 1111 323 1147 ejus
335 1111 363 1139 in
379 1111 530 1138 stabilitate
544 1110 730 1145 operationem
753 1108 888 1144 designat.
902 1108 971 1136 Illud

181 1161 272 1185 autem
287 1165 367 1192 neque
382 1161 453 1184 stare
470 1164 550 1188 neque
565 1156 672 1188 moveri,
683 1155 744 1191 ejus
757 1156 785 1183 in
800 1155 971 1191 providendo

182 1203 417 1239 perseverantiam
439 1205 628 1238 repraesentat.
642 1201 705 1229 Haec
728 1205 819 1228 autem
838 1200 930 1228 omnia
944 1200 971 1228 in

182 1250 252 1278 libro
270 1250 310 1277 De
320 1249 414 1277 divinis
430 1248 579 1276 nominibus
597 1255 667 1284 saepe
682 1247 871 1283 exposuimus.

220 1346 298 1383 §lV.
322 1346 445 1374 Solidum
466 1346 570 1382 quidem
595 1345 693 1372 cibum.
718 1344 785 1378 Quis
810 1344 845 1372 sit
869 1343 973 1372 solidus

183 1394 274 1426 cibus.
291 1397 319 1421 et
338 1393 401 1428 quis
422 1392 544 1428 liquidus
560 1401 568 1420 :
584 1395 666 1427 atque
679 1391 798 1419 solidum
809 1391 901 1418 cibum
912 1397 975 1418 esse

186 1440 313 1467 stabilem
328 1438 534 1475 perfectionem.

221 1496 399 1539 Elpotentsnt
418 1501 443 1523 et
455 1495 627 1531 singularem.
647 1494 818 1530 Singularem
833 1496 862 1521 et
875 1492 975 1520 indivi-

186 1544 268 1572 duam
289 1543 432 1570 scientiam
456 1541 533 1574 dicit,
548 1548 611 1568 cum
627 1541 757 1568 nimirum
777 1540 806 1567 in
822 1540 867 1572 iis.
880 1539 927 1574 qui
941 1539 976 1566 de

1021 973 1145 1005 καθόλου,
1164 973 1202 1005 ὡς
1218 973 1255 1008 μὴ
1269 972 1401 999 κινεῖσθαι
1422 971 1623 1008 προνοητικῶς,
1638 970 1701 998 οὔτε
1723 970 1813 997 κινού-

1022 1028 1102 1055 μενος
1115 1019 1228 1046 καθόλου
1240 1039 1249 1052 ,
1263 1019 1301 1051 ὼς
1316 1019 1366 1055 τῆς
1381 1019 1484 1050 οἰκείας
1505 1017 1682 1054 μεθίστασθαι
1702 1016 1814 1052 μονιμό-

1021 1075 1111 1102 τητος.
1126 1067 1252 1099 Ἄλλως·
1275 1066 1336 1093 Ὅτι
1352 1065 1383 1092 τὸ
1398 1065 1443 1093 ἀεὶ
1459 1064 1583 1092 ἑστάναι
1597 1064 1646 1091 καὶ
1668 1063 1814 1091 κινεῖσθαι

1022 1113 1086 1149 περὶ
1101 1112 1168 1140 Θεοῦ
1192 1112 1337 1148 λεγόμενον
1352 1112 1402 1148 τὴν
1417 1112 1447 1138 ὲν
1466 1112 1499 1147 τῇ
1521 1110 1679 1146 μονιμότητι
1695 1117 1813 1145 προνοη-

1021 1160 1100 1196 τικὴν
1123 1158 1205 1186 αὑτοῦ
1222 1159 1361 1194 ἐνέργειαν
1386 1158 1469 1194 δηλοῖ.
1486 1157 1523 1183 Τὸ
1541 1156 1569 1183 δὲ
1590 1155 1667 1191 μηδὲ
1689 1154 1815 1182 ἑστάναι

1020 1205 1097 1241 μηδὲ
1119 1205 1263 1232 κινεῖσθαι
1286 1204 1336 1241 τὴν
1362 1205 1390 1231 ὲν
1413 1203 1452 1239 τῷ
1478 1204 1601 1239 προνοεῖν
1624 1201 1705 1229 αὐτοῦ
1730 1201 1816 1237 μονὴν

1024 1251 1182 1287 παρίστησι.
1201 1250 1295 1278 Πάντα
1309 1250 1339 1277 δὲ
1354 1250 1390 1277 τὰ
1409 1249 1525 1276 ἐνταῦθα
1541 1249 1571 1275 ὲν
1587 1248 1626 1284 τῷ
1642 1247 1711 1282 Περὶ
1728 1246 1815 1274 θείων

1024 1297 1178 1332 ὀνομάτων
1190 1297 1320 1329 πολλάκις
1335 1296 1539 1332 διεληλύθαμεν.

1062 1353 1077 1389 §
1088 1353 1132 1381 IV.
1147 1353 1207 1387 Τὴν
1217 1353 1276 1388 μὲν
1287 1353 1345 1380 οὖν
1357 1352 1483 1387 στερεὰν
1497 1351 1621 1386 τροφήν.
1629 1351 1676 1382 Τίς
1688 1351 1705 1386 ἡ
1716 1349 1816 1385 στερεὰ

1025 1400 1122 1436 τροφὴ,
1140 1400 1187 1427 καὶ
1202 1400 1244 1431 τίς
1259 1401 1275 1435 ἡ
1294 1398 1381 1434 ὑγρά·
1397 1399 1444 1425 καὶ
1458 1399 1499 1425 ὅτι
1522 1397 1618 1432 στερεὰ
1637 1397 1724 1432 τροφή
1741 1397 1816 1422 ἐστιν

1025 1447 1042 1482 ἠ
1061 1446 1172 1482 μόνιμος
1188 1445 1334 1481 τελειότης.

1060 1503 1115 1531 Καὶ
1135 1502 1270 1536 δυνατὴν
1292 1502 1340 1529 καί
1362 1501 1486 1529 ἑνιαίαν.
1508 1499 1628 1528 Ἐνιαίαν
1660 1499 1708 1526 καὶ
1728 1499 1817 1525 ἀδιαί-

1028 1559 1104 1588 ρετον
1124 1549 1224 1585 γνῶσίν
1240 1558 1305 1586 φησι
1323 1548 1354 1575 τδ
1373 1549 1402 1575 ὲν
1425 1550 1481 1580 τοῖς
1498 1547 1562 1583 περὶ
1583 1546 1650 1573 Θεοῦ
1672 1546 1761 1580 λόγοις
1780 1545 1818 1582 μὴ

186 1590 242 1618 Deo
267 1593 343 1622 sunt,
363 1587 547 1621 sermonibus,
571 1593 746 1622 nequaquam
770 1586 799 1613 in
821 1585 975 1613 materiales

1038 1597 1096 1634 πρὸς
1115 1596 1165 1628 τὰς
1181 1596 1278 1627 ὑλικὰς
1301 1595 1405 1626 ἑννοίας
1426 1593 1656 1630 καταμερίζεσθαι
1675 1591 1721 1618 τὸν
1743 1591 1818 1623 νοῦν,

187 1635 382 1671 intelligentias
396 1642 474 1662 mens
497 1633 650 1666 dividitur;
667 1632 716 1661 sed
740 1631 914 1659 uniformiter
928 1639 976 1659 sn-

187 1681 394 1718 pernaturalem
417 1684 446 1708 et
471 1679 680 1708 inscrutabilem
704 1677 825 1706 divinam
851 1680 977 1705 naturam

187 1731 314 1764 reputat;
332 1727 434 1763 quippe
456 1733 518 1762 quae
533 1726 658 1767 censoria
677 1730 780 1760 organa
801 1724 920 1752 hominis
937 1723 981 1752 in-

188 1775 299 1804 terioris
310 1774 410 1802 habeat
424 1772 572 1801 admodum
586 1771 745 1800 exercitata.

224 1820 259 1847 Et
274 1828 320 1855 per
331 1819 440 1847 dividua
456 1826 502 1846 seu
513 1817 685 1852 multiplicia.
698 1817 750 1845 Per
760 1816 980 1845 subauditionem

189 1873 290 1895 censeo
307 1865 360 1892 hoc
379 1865 459 1900 juxta
473 1864 707 1892 constructionem
725 1863 899 1891 referendum
919 1870 981 1891 esse

190 1913 225 1940 ad
240 1913 339 1947 fusam,
350 1915 404 1939 etc.

226 1958 395 1986 Manuducit.
416 1956 511 1992 Neque
523 1956 596 1984 enim
622 1962 677 1984 uno
697 1963 731 1983 ac
744 1955 862 1990 simplici
882 1955 976 1988 modo,

191 2006 240 2034 sed
251 2004 412 2033 multiformi
427 2003 560 2038 varioque
571 2001 685 2030 edoctos
698 2001 731 2030 ad
743 2001 892 2037 perfectam
908 2001 982 2029 illam

191 2052 241 2080 Dei
258 2051 404 2079 scientiam
417 2050 573 2086 promoveri
588 2048 703 2077 scimus.

231 2097 300 2134 [Cur
314 2097 382 2129 rori,
393 2103 482 2131 aqute,
499 2095 578 2127 lacti,
594 2093 668 2126 vino,
685 2097 713 2121 et
733 2093 806 2120 melli
821 2092 912 2119 divina
925 2092 983 2119 elo-

192 2145 257 2181 quia
266 2148 461 2179 comparentur
479 2154 485 2170 :
504 2146 531 2170 et
545 2141 612 2177 quid
627 2141 685 2168 haec
698 2139 791 2167 omnia
805 2138 985 2175 signiﬁcem]

227 2246 317 2273 Donat
333 2243 524 2272 accedentibus.
541 2242 613 2276 Quid
633 2242 757 2278 symbola
773 2240 937 2277 significent.

234 2335 368 2363 Veraciter
390 2335 502 2370 epulari.
529 2334 611 2367 Nota,
642 2333 717 2369 quod
740 2341 840 2362 nomen
867 2333 985 2370 εὐωχίας

195 2381 241 2409 hic
263 2380 345 2408 Pater
360 2380 463 2408 derivet
479 2380 513 2408 ab
526 2378 567 2413 εὗ,
584 2379 612 2407 id
636 2385 678 2408 est
702 2379 774 2413 bene,
791 2384 818 2407 et
840 2379 913 2416 ἔχειν
937 2379 986 2406 Ιια-

197 2427 265 2455 bere.

237 2484 378 2519 Viviﬁcans
398 2484 489 2517 Simul,
505 2488 529 2511 et
542 2484 665 2519 parvulos
681 2484 812 2511 nutriens.
834 2483 986 2511 Educando

199 2529 306 2558 scilicet
316 2530 432 2565 juvenes
448 2530 560 2565 probos.
573 2529 631 2557 Hoc
645 2533 737 2557 autem
753 2529 936 2565 κουροτρόφος
947 2533 989 2557 cst

199 2576 319 2604 Homero
335 2585 342 2604 :
358 2583 422 2602 nam
438 2576 519 2612 κόρος
531 2581 574 2604 est
585 2576 706 2611 juvenis,
724 2579 751 2602 et
768 2583 817 2610 per
831 2575 989 2602 redundan-

199 2623 266 2650 tiam
282 2630 309 2655 υ,
324 2621 435 2657 κοῦρος,
453 2622 525 2649 unde
539 2622 622 2649 etiam
637 2621 829 2658 κουροτρόφος.

239 2678 254 2716 ᾗ
272 2678 305 2706 ν.
318 2679 389 2707 Deus
402 2678 528 2706 inebriari
548 2679 656 2706 dicitur.
674 2678 745 2705 Nota
761 2677 899 2713 quomodo
917 2678 991 2705 dica-

1029 1642 1096 1670 ὰλλὰ
1113 1641 1285 1678 μονοτρόπως
1307 1641 1337 1668 τὸ
1361 1641 1432 1676 ὑπὲρ
1447 1640 1528 1676 φύσιν
1551 1639 1598 1666 καὶ
1619 1637 1821 1673 ἀνεξιχνίαστον

1028 1690 1079 1726 τῆς
1093 1688 1168 1721 θείας
1181 1687 1289 1723 φύσεως
1301 1686 1456 1722 λογίζεσθαι
1477 1687 1524 1714 τὸν
1539 1686 1574 1713 τὰ
1591 1685 1755 1722 αἰσθητήρια
1770 1684 1820 1711 τοῦ

1029 1737 1104 1769 ἐντος
1116 1735 1260 1772 ἀνθρώπου
1275 1733 1485 1770 γεγυμνασμένα
1500 1733 1605 1768 ἔχοντα.

1068 1827 1122 1856 Kal
1140 1826 1298 1862 μεριστῶν.
1319 1825 1398 1852 Κατὰ
1418 1822 1508 1851 κοινοῦ
1527 1823 1557 1850 τὸ
1583 1822 1703 1857 σύνθεμα
1726 1821 1823 1856 φέρειν

1031 1874 1121 1910 οἴομαι
1135 1873 1185 1909 τῆς
1196 1871 1365 1909 διαχυτικῆς,
1379 1871 1425 1898 καὶ
1434 1870 1470 1897 τὰ
1484 1869 1558 1906 ἑξῆς.

1067 1962 1320 1998 Χειραγωγούσης.
1337 1960 1393 1996 Οὐχ
1421 1959 1461 1987 ἑνὶ
1476 1958 1531 1994 γὰρ
1552 1957 1661 1993 τρόπῳ,
1679 1955 1746 1983 ἀλλὰ
1771 1965 1823 1982 πο-

1032 2009 1130 2036 λυειδεῖ
1145 2008 1193 2035 καὶ
1206 2006 1319 2041 ποικίλῳ
1333 2006 1396 2037 τοὺς
1405 2002 1612 2038 διδασκομένους
1622 2002 1667 2027 ἐπὶ
1680 2000 1710 2026 τὸ
1719 1999 1825 2026 τέλειον

1032 2055 1082 2092 τῆς
1096 2053 1258 2089 θεογνωσίας
1270 2051 1383 2087 ἄγεσθαι
1400 2050 1490 2086 ἴσμεν.

1070 2101 1133 2138 [Διὰ
1143 2101 1170 2127 τί
1188 2100 1276 2136 δρόσῳ
1290 2099 1336 2126 καὶ
1348 2097 1423 2125 ὕδατι
1438 2096 1485 2123 καὶ
1497 2095 1613 2129 γάλακτι
1632 2094 1678 2121 καὶ
1696 2093 1760 2128 οἴνῳ
1777 2092 1828 2119 καὶ

1037 2148 1125 2184 μέλιτι
1139 2147 1173 2173 τὰ
1192 2146 1252 2172 θεῖα
1274 2142 1470 2181 παρεικάζεται
1489 2142 1580 2176 λόγια·
1595 2141 1642 2168 καὶ
1661 2140 1704 2172 τίς
1717 2140 1735 2175 ὴ
1760 2138 1829 2165 ἑκά.-

1038 2203 1099 2221 στου
1118 2193 1220 2220 τούτων
1236 2190 1373 2227 δύναμις.]

1073 2239 1208 2274 Δωρεῒται
1239 2237 1300 2270 τοῖς
1324 2235 1492 2270 προσιοῦσι.
1523 2233 1556 2260 Τί
1582 2233 1655 2269 δηλοῖ
1687 2231 1722 2258 τὰ
1754 2231 1828 2266 σύμ-

1036 2286 1112 2314 ϐολα.

1073 2332 1109 2359 Τὸ
1139 2330 1257 2365 ἀληθῶς
1284 2328 1417 2364 εὐωχεῖν.
1444 2327 1616 2363 Σημείωσαι,
1640 2325 1681 2351 ὅτι
1714 2323 1746 2350 τὸ
1776 2323 1832 2358 τῆς

1035 2378 1163 2413 εὐωχίας
1182 2377 1266 2412 δνομα
1288 2375 1302 2402 ὀ
1319 2375 1412 2411 Πατὴρ
1424 2374 1470 2410 ,εἰς
1490 2372 1521 2399 τὸ
1541 2372 1576 2399 εὖ
1596 2372 1678 2406 ἔχειν
1698 2368 1831 2405 ἐτυμολο-

1036 2427 1089 2460 γεῖ.

1073 2478 1221 2511 Ζωοποιός
1247 2477 1307 2512 ἅμα
1331 2476 1380 2503 καὶ
1411 2474 1622 2509 κουροτρόφος.
1653 2472 1690 2499 Τὸ
1718 2472 1832 2508 τρέφειν

1039 2528 1146 2559 νεανίας
1162 2525 1290 2562 ἀγαθούς.
1311 2523 1356 2557 Ἐξ
1377 2523 1496 2558 Ὀμήρου
1515 2521 1544 2548 δὲ
1560 2520 1655 2547 τοῦτο·
1668 2519 1755 2553 κόρος
1774 2518 1833 2555 γὰρ

1039 2576 1054 2602 ό
1071 2573 1192 2606 νεανίας,
1209 2572 1255 2599 καὶ
1269 2570 1340 2598 κατὰ
1356 2568 1523 2603 πλεονασμὸν
1538 2565 1585 2593 τοῦ
1601 2574 1616 2592 υ
1631 2566 1747 2599 κοῦρος,
1767 2564 1833 2590 ὅθεν

1041 2620 1088 2647 καὶ
1100 2618 1309 2653 κουροτρόφος.

1079 2676 1093 2712 §
1109 2675 1141 2704 ν.
1158 2674 1230 2707 Θεὸς
1250 2673 1373 2709 μεθύειν
1386 2671 1513 2707 λέγεται.
1530 2668 1686 2705 Σημείωσαι
1704 2667 1764 2699 πῶς
1784 2676 1834 2703 με-

201 2714 250 2752 tur
269 2724 341 2753 Deus
371 2724 512 2756 inebriari,
538 2728 565 2752 et
591 2724 674 2757 unde,
697 2727 725 2752 et
748 2731 809 2759 quae
835 2722 872 2751 sit
898 2727 975 2751 nostr

1044 2723 1116 2750 θύειν
1127 2722 1236 2756 λέγεται
1245 2722 1259 2747 ὁ
1271 2720 1348 2751 Θεὸς,
1366 2718 1412 2746 καὶ
1423 2719 1455 2745 ὲκ
1471 2717 1542 2748 τίνος
1556 2715 1602 2743 καὶ
1611 2715 1652 2747 τίς
1669 2715 1685 2750 ἡ
1698 2715 1739 2749 ἐφ’
1751 2714 1835 2750 ἡμῶν

202 2771 332 2803 ebrietas,
345 2774 372 2798 et
388 2769 525 2806 quomodo
537 2770 570 2798 de
583 2769 638 2797 Deo
652 2769 770 2797 exstasis
784 2769 902 2797 dicatur.

239 2817 327 2853 Supra
341 2817 544 2853 intelligentiam
556 2816 697 2843 exsistens.
713 2815 848 2849 Quoniam
865 2814 936 2842 Deus
952 2818 995 2842 est

1046 2769 1126 2805 μέθη,
1139 2767 1186 2794 καλ⁸
1202 2766 1260 2798 πῶς
1275 2766 1383 2800 λέγεται
1398 2764 1444 2790 ἐπὶ
1460 2762 1527 2789 Θεοῦ
1547 2761 1681 2791 ἔκστασις.

1086 2813 1175 2848 ’Υπὲρ
1191 2812 1224 2839 τὸ
1235 2812 1317 2840 νοεῖν
1329 2811 1380 2838 ὥν.
1395 2810 1455 2836 ’Ὁτι
1471 2809 1485 2834 ὁ
1497 2807 1562 2839 Θεὸς
1579 2807 1624 2833 καὶ
1635 2805 1706 2838 ὑπὲρ
1718 2805 1748 2832 τὸ
1763 2806 1837 2833 νοεῖν

205 2867 261 2889 tam
276 2848 360 2897 supra
383 2862 410 2889 id
425 2848 498 2897 quod
512 2861 651 2898 intelligit.
667 2848 749 2896 quam
774 2868 857 2896 supra
880 2860 906 2888 id
921 2867 975 2896 quo

1046 2861 1114 2892 ἐστι,
1131 2859 1179 2886 καὶ
1194 2858 1265 2894 ὑπὲρ
1279 2857 1310 2884 τὸ
1321 2855 1448 2887 νοεῖσθαι,
1465 2854 1512 2881 καὶ
1523 2852 1593 2885 ὑπὲρ
1606 2851 1636 2878 τὸ
1644 2848 1724 2879 εἶναι.

208 2907 379 2943 intelligitur,
396 2912 423 2936 et
435 2915 518 2943 supra
529 2908 557 2936 ill
572 2907 644 2943 quod
660 2912 712 2936 est.
