1923 3067
140 198 195 227 573

593 203 622 231 S.
639 203 765 232 MAXlMl
789 204 936 233 SCHOLIA
953 204 988 232 IN
1003 205 1077 234 EPP.
1097 206 1126 235 5.
1144 200 1302 236 DIONYSII.

1716 210 1769 238 5η

173 256 404 292 Μεμεθυσμένος
421 258 489 293 ἅμα.
503 260 658 295 Σημείωσαι
676 262 705 288 ὲν
722 263 855 299 συντόμῳ,
873 263 911 290 πᾶ

965 289 968 294 ,
1017 264 1106 292 Simul
1119 265 1274 296 inebriatus.
1294 265 1364 294 Nota
1373 266 1493 295 breviter
1509 267 1648 302 quomodo
1661 268 1768 297 dicatur

140 301 346 338 μεμεθυσμένος
360 304 407 330 καὶ
424 305 577 341 ἐξεστηκὼς
593 307 700 342 λέγεται
715 310 729 335 ὁ
743 309 817 342 Θεός.

173 348 254 374 Κατὰ
271 348 324 375 τὸν
339 350 433 377 αὐτὸν
448 351 648 387 ἐλαιηψόμεθα.
667 355 734 382 Τίνα
749 356 783 383 τὰ
795 348 933 392 λεγόμενα

136 393 232 420 δεῖπνα
257 394 314 430 ἦτοι
342 396 479 431 συμπόσια
509 398 537 425 ὲν
559 399 592 435 τῇ
619 399 741 436 βασιλείᾳ
764 401 819 428 τῶν
849 403 931 439 obpa-

136 447 202 466 νων.

174 485 233 520 Τὴν
247 486 418 517 ἀνάκλισιν.
429 490 477 522 Τίς
493 491 509 527 ἡ
532 492 561 519 ὲν
577 494 609 528 τῇ
635 493 757 530 βασιλείᾳ
772 496 827 522 τῶν
843 497 928 533 οὐρα-

135 531 189 558 νῶν
198 532 352 566 ἀνάκλισις⁶
366 535 408 562 ὅτι
423 537 585 572 ἀνάπαυσις,
596 540 642 566 καὶ
659 540 779 578 ἀϐλαϐὴς
795 542 862 579 ζωὴ,
878 531 928 570 καὶ

135 578 171 605 τὰ
189 579 263 615 ἑξῆς.

168 625 247 659 Καθ’,
260 625 300 660 ’ἣν
320 628 522 665 εὐφροσύνην-⁸
544 631 599 667 Τὴν
615 632 795 669 εὐφροσύνην,
819 635 878 670 ἦτοι
895 630 926 663 τὸ

133 671 274 707 εὐφρονεῖν
285 672 318 688 ⁶¹⁴
334 673 424 709 (τοῦτο
434 676 488 712 γάρ
504 678 578 704 ἐστιν
593 677 809 716 εὐφροσύνη)τὸν
823 681 925 717 Ἰησοῦν

134 717 246 750 εἰκότως
255 718 340 753 λέγει.

169 761 232 797 ςνι.
246 763 299 790 Kal
316 763 371 791 τὸν
384 766 611 803 summoti/levor
625 769 732 798 ὕπνον.
749 771 811 803 Πῶς
827 771 922 800 ἔλαϐεν

132 808 180 833 ὲπὶ
199 807 267 835 Θεοῦ
284 808 366 837 ὕπνον
384 812 430 838 καὶ
446 813 622 851 ἐγρήγορσιν.

169 853 229 888 Τὴν
243 856 434 892 συμϐολικὴν
455 861 620 896 θεολογίαν.
638 861 793 897 Σημείωσαι
819 862 847 889 τί
868 872 920 890 πε-

131 899 217 935 ριέχει
240 901 257 936 ὴ
280 903 449 938 Συμϐολικὴ
473 907 620 942 θεολογία.
645 907 865 945 Διεξοδικιῖηερον
880 911 919 944 δὲ,

127 945 253 972 τουτέστι
279 947 464 988 πλατύτερον,
487 951 654 990 διήρθρωται
678 955 725 981 καὶ
749 955 918 984 διατετύπω-

131 1000 189 1021 ται.

311 1042 366 1068 ΕΙΣ
385 1042 458 1069 ΤΗΝ
477 1044 677 1073 ΕΠΙΣΤΟΛΗΝ
696 1047 724 1074 1’.

169 1085 201 1111 Ἦ
210 1085 260 1121 μὲν
271 1087 398 1123 ἐπιστολὴ
405 1087 468 1122 ἀξία
485 1089 534 1125 τῆς
551 1091 731 1128 ἀρχαιότητος
740 1094 848 1130 ἐκείνης
865 1096 918 1132 τῆς

126 1130 213 1166 ἱερᾶς,
237 1132 284 1158 κα)⁸
305 1132 353 1159 τοῦ
381 1134 554 1169 μαθητοῦ,ὃν
576 1136 670 1171 ἠγάπα
697 1139 710 1164 b
732 1139 852 1175 Ἰησοῦς,
868 1130 918 1178 τήν

130 1176 212 1213 χάριν
236 1177 454 1212 ἀπαγγέλλουσα.
485 1180 562 1207 Ἔστι
586 1182 615 1209 δὲ
641 1183 789 1218 συμϐαλεῖν
812 1187 845 1212 ὲκ
867 1176 918 1222 τῆς

124 1221 195 1257 πρὸς
209 1222 254 1249 τὸν
271 1223 348 1258 ἅγιον
364 1224 541 1262 Πολύκαρπον
562 1227 584 1259 ζ’
597 1227 680 1264 οῠσης
690 1249 697 1261 ,
714 1227 782 1257 εἷναι
809 1231 853 1259 τὸν

123 1276 178 1302 γαν
193 1269 339 1302 Διονύσιον,
353 1271 397 1297 ὅτε
421 1271 505 1299 ταῦτα
530 1272 648 1309 ἔγραφεν
661 1295 669 1307 ,
700 1275 768 1303 ἑτῶν
787 1274 852 1311 περί
865 1286 915 1305 που

123 1313 309 1349 ἐννενήκοντα.
335 1316 377 1342 Ἐν
406 1317 455 1352 μὲν
484 1318 538 1353 γὰρ
561 1320 594 1355 τῇ
612 1319 681 1355 πρὸς
707 1320 753 1348 τὸν
770 1321 846 1357 ἅγιον
862 1324 915 1350 Πο-

122 1357 264 1396 λύκαρπόν
291 1369 383 1396 φησιν,
416 1364 446 1389 ὲν
476 1364 509 1399 τῇ
547 1364 606 1390 κατ’
638 1365 774 1400 Αἴγυπτον
811 1368 914 1395 Ἡλιου-

121 1404 200 1432 πόλει
227 1406 346 1441 διάγων,
374 1408 522 1436 θεάσασθαι
546 1409 596 1446 τὴν
621 1411 696 1448 παρὰ
726 1413 806 1447 φύσιν
836 1422 913 1448 γενο-

122 1449 208 1486 μένην
236 1450 356 1488 ἔκλειψιν
377 1453 424 1479 τοῦ
447 1454 522 1488 ἡλίου
549 1455 578 1481 ὲν
606 1455 646 1491 τῷ
668 1456 793 1493 σωτηρίῳ
832 1466 913 1485 σταυ-

120 1495 201 1532 pip“
216 1497 265 1524 τοῦ
293 1499 411 1534 Χριστοῦ
425 1519 432 1532 ,
456 1501 525 1537 ὅπερ
553 1501 647 1536 γέγονε
662 1502 701 1538 τῷ
729 1504 763 1539 ιη’
791 1504 846 1531 ἔτει
861 1505 912 1541 τῆς

118 1542 246 1578 Τιϐερίου
261 1544 407 1578 βασιλείας
418 1545 457 1582 τῷ
473 1552 529 1583 γαρ
546 1547 577 1574 ιε’
585 1547 640 1575 ἔτει
656 1549 739 1575 αὑτοῦ
747 1550 848 1586 Ιἤρξατο
863 1551 911 1578 τοῦ

118 1588 296 1624 κηρύγματος
312 1591 326 1616 ὁ
343 1591 445 1627 Κύριος
468 1592 581 1627 Ἰησοῦς,
599 1593 636 1625 ὡς
653 1596 683 1622 ὲν
699 1594 738 1630 τῷ
754 1596 823 1623 κατά
839 1598 909 1624 Λαυ-

117 1634 170 1660 κᾶν
193 1634 319 1670 δηλοῦται
340 1636 509 1673 Εὐαγγελίῳ.
536 1639 606 1675 Τρία
630 1639 660 1666 δὲ
676 1640 699 1655 ⁶⁵
714 1640 762 1676 ἐτη
781 1642 839 1677 μετ’
856 1642 908 1668 ὀλί-

116 1688 175 1714 γων
199 1681 292 1716 μηνῶν
325 1683 457 1719 κηρύξας,
473 1683 543 1711 ἑκὼν
571 1685 670 1721 πάσχει
700 1687 714 1713 ό
730 1687 832 1723 Κύριος
862 1688 908 1715 καὶ

116 1725 184 1758 θεὸς
199 1727 288 1762 ἡμῶν,
302 1727 340 1760 ὼς
355 1727 425 1755 εἶναι
441 1729 567 1766 Τιϐερίου
591 1731 624 1766 ιη’
644 1731 713 1764 ἔτος.
736 1732 907 1760 Ἐὸασίλευσε

114 1771 145 1798 δὲ
160 1772 284 1808 Τιϐέριος
299 1774 370 1809 ἀμφὶ
386 1775 420 1801 τὰ
437 1775 479 1809 κγ’
504 1776 567 1812 ἐτη,
584 1777 622 1809 ὡς
638 1775 706 1804 εἶναι
722 1778 776 1805 ἀπὸ
791 1778 838 1805 τοῦ
856 1788 908 1806 σω-

113 1817 210 1852 τηρίου
228 1818 330 1851 πάθους
347 1820 400 1852 ἕως
415 1821 544 1856 τελευτῆς
560 1822 686 1860 Τιϐερίου
705 1824 796 1859 σχεδὸν
807 1824 856 1860 ἔτη
864 1824 905 1857 ἓξ.

120 1861 269 1899 Ἐξωρίσθη
301 1864 329 1890 δὲ
352 1866 367 1891 ὁ
389 1865 466 1899 ἅγιος
493 1867 687 1904 εὐαγγελιστὴς
717 1868 842 1906 Ἰωάννης
877 1872 907 1897 ὲν

113 1907 218 1943 Πάτμῳ
233 1909 266 1944 τῇ
284 1910 368 1945 νήσῳ,
379 1911 440 1946 ἥτις
463 1912 522 1938 ἐστὶ
539 1912 588 1947 μία
603 1913 658 1940 τῶν
674 1914 907 1952 Κυκλάδων,περὶ

111 1952 144 1979 τὸ
159 1953 313 1981 τελευταῖον
329 1955 389 1987 ἔτος
404 1957 454 1992 τῆς
469 1958 634 1994 Δομετιανοῦ
652 1959 800 1995 βασιλείας.
825 1962 905 1989 Ἐϐα-

113 1998 219 2028 σίλευσε
236 2000 265 2027 δὲ
281 1998 358 2034 οὗτος
375 2002 422 2038 ἔτη
441 2003 472 2029 ιε’
487 2005 535 2031 καὶ
553 2005 639 2041 μῆνας
655 2007 686 2034 ε’.
697 2008 861 2042 Συνάγονται
877 2009 906 2036 δὲ

111 2045 167 2072 ἀπὺ
182 2046 230 2073 τοῦ
249 2050 283 2082 ιη’
305 2047 383 2080 ἔτους
400 2049 536 2086 Τιϐερίου,
554 2051 597 2077 ὅτε
613 2052 630 2087 ή
646 2052 775 2088 ἔκλειψις,
787 2054 838 2086 ἓως
853 2055 905 2089 τῆς

108 2092 239 2127 τελευτῆς
254 2094 417 2129 Δομετιανοῦ
435 2095 482 2131 ἔτη
499 2096 535 2129 ξδ’
550 2098 614 2133 περί
629 2107 679 2125 που
703 2101 749 2126 καὶ
767 2100 854 2136 μῆνας
871 2101 903 2133 ζ’.

116 2138 296 2175 ’Υποθώμεθα
316 2141 339 2156 ⁸⁸
355 2141 384 2167 δὲ
411 2142 518 2168 καὶτὸν
541 2142 612 2170 θεῖον
634 2145 779 2178 Διονύσιον,
803 2146 847 2172 ὅτε
869 2146 904 2173 τά

109 2185 157 2212 ἐπὶ
184 2185 223 2221 τῷ
240 2186 351 2222 σταυρῷ
366 2187 414 2213 τοῦ
437 2188 540 2225 Κυρίου
561 2187 641 2222 εἶδεν,
664 2189 733 2217 εἶναι
757 2191 797 2218 κε’
824 2192 902 2224 ἐτῶν,

108 2231 158 2258 (ire
173 2230 260 2268 οἶμαι,
274 2233 320 2259 καὶ
336 2232 376 2260 ἔτι
392 2233 667 2268 ἀναγινώσκοντα,ὠς
681 2235 749 2263 εἶναι
765 2237 799 2263 τὰ
816 2238 904 2265 πάντα

984 309 1055 337 Deus
1067 310 1228 344 inebriatus,
1244 316 1271 339 et
1282 319 1424 339 excessum
1437 312 1554 347 patiens.

1016 355 1116 384 Eodem
1143 357 1221 384 modo
1253 357 1423 392 accipiemus.
1449 357 1578 391 Quaenam
1607 359 1664 387 sint
1688 359 1769 387 dicta:

982 409 1069 430 Cinnae
1080 403 1138 430 sive
1151 403 1277 431 convivia
1289 404 1317 431 in
1334 411 1418 440 regno
1433 404 1575 433 ccelorum.

1009 488 1092 527 '33]
1113 491 1293 520 Discubitum.
1315 491 1385 525 Quis
1407 493 1444 521 sit
1467 493 1622 522 discubitus
1638 494 1666 521 in
1679 502 1766 531 regno

978 538 1121 570 cmlorum,
1138 546 1255 574 eumque
1273 546 1335 566 esse
1349 540 1471 575 requiem
1485 544 1512 567 et
1527 540 1610 567 vitam
1625 549 1766 569 noxae-ex-

977 588 1080 619 pertem
1089 605 1096 617 ,
1110 589 1162 612 etc.

1012 629 1072 663 Qua
1088 629 1185 664 gaudio
1204 630 1348 665 replentur.
1364 630 1415 658 Per
1434 631 1613 668 εὐφροσύνην,
1630 633 1687 660 sive
1697 641 1764 669 gau-

974 675 1049 702 dium
1060 675 1097 710 (id
1107 675 1179 702 enim
1192 675 1329 711 signiﬁcat
1339 676 1504 712 εὐφροσύνη)
1512 677 1705 707 verosimiliter
1718 678 1763 706 Je-

973 727 1034 748 sum
1049 720 1188 755 intelligit.

1010 765 1078 801 §Vl.
1101 765 1133 793 Et
1149 766 1274 794 celebrem
1293 768 1373 794 istum
1395 777 1527 797 somnum.
1553 769 1694 803 Quomodo
1715 778 1761 799 ac-

971 812 1074 846 ceperit
1093 812 1121 839 in
1135 812 1190 841 Deo
1206 820 1332 841 somnum
1347 818 1374 842 et
1389 816 1601 851 evigilationem.

1006 857 1183 892 Symbolicam
1205 859 1372 894 theologiam.
1411 860 1480 888 Nota
1512 861 1578 896 quid
1608 861 1760 897 Symbolica

970 902 1099 938 theologia
1113 905 1262 932 contineat.
1289 904 1340 932 Ubi
1365 904 1470 937 fusius,
1495 905 1522 933 id
1541 910 1585 934 est
1600 906 1694 939 latius,
1711 915 1759 934 seu

933 938 1078 982 “planius
1102 953 1130 976 et
1152 949 1323 978 articulatius
1343 950 1509 985 explicatum
1536 955 1564 979 et
1589 952 1758 988 descriptum

969 997 1022 1021 est.

1215 1041 1249 1069 IN
1271 1041 1465 1071 EPISTOLAM
1484 1044 1518 1072 X.

1003 1085 1125 1121 Epistula
1149 1086 1206 1115 haec
1243 1093 1336 1116 sancta
1362 1090 1408 1117 illa
1439 1090 1603 1125 antiquitate
1635 1091 1757 1127 cumpri—

967 1132 1020 1160 mis
1034 1132 1133 1168 digna,
1154 1134 1193 1160 uti
1207 1139 1234 1162 et
1259 1135 1394 1170 discipulo
1421 1144 1502 1171 quem
1521 1136 1650 1172 diligebat
1663 1137 1753 1170 Jesus,

966 1179 1011 1205 cui
1027 1179 1143 1213 gratiam
1156 1181 1310 1208 annuntiat.
1328 1181 1402 1210 Licet
1419 1187 1508 1210 autem
1520 1183 1647 1219 colligere
1654 1192 1688 1211 ex
1702 1185 1755 1212 hac

965 1225 1081 1259 epistola
1097 1230 1125 1254 et
1141 1234 1175 1254 ex
1187 1227 1233 1254 illa
1248 1227 1281 1255 ad
1296 1234 1420 1255 sanctum
1433 1228 1611 1264 Polycarpum
1628 1231 1754 1265 septima,

965 1278 1094 1307 magnum
1106 1271 1275 1309 Dionysium,
1290 1275 1400 1309 quando
1417 1274 1474 1302 Ιπξο
1488 1276 1607 1310 scripsit,
1620 1284 1754 1303 annorum

965 1317 1076 1345 circiter
1085 1319 1236 1354 nonaginta
1250 1319 1345 1348 fuisse.
1361 1320 1390 1348 In
1404 1321 1449 1347 illa
1461 1321 1595 1356 siquidem
1611 1322 1645 1349 ad
1660 1321 1689 1349 S.
1701 1320 1755 1349 Po-

964 1364 1105 1399 lycarpum
1133 1365 1171 1392 ait
1195 1373 1235 1398 se,
1250 1374 1313 1393 cum
1340 1366 1473 1402 Heliopoli
1498 1367 1608 1403 Egypti
1631 1368 1752 1403 degeret.

963 1410 1136 1445 perspexisse
1152 1411 1267 1438 solarem
1281 1412 1362 1439 istam
1373 1413 1496 1448 eclipsim
1510 1433 1517 1445 ,
1535 1413 1662 1440 salutaris
1673 1412 1754 1440 Chri-

963 1456 999 1484 sti
1011 1457 1102 1484 crucis
1109 1461 1241 1492 tempore,
1250 1459 1412 1493 quaeincidit
1420 1461 1447 1486 in
1456 1459 1639 1495 annumregni
1650 1458 1752 1486 Tiberii

962 1502 1097 1530 decimum
1111 1507 1238 1531 octavum
1249 1513 1255 1531 :
1266 1504 1349 1539 hujus
1356 1505 1429 1532 enim
1443 1512 1515 1532 anno
1526 1505 1633 1533 decimo
1643 1505 1750 1540 quinto,

961 1554 1075 1576 exorsus
1096 1553 1155 1576 erat
1172 1550 1393 1584 praedicationem
1409 1559 1487 1579 suam
1504 1551 1636 1579 Dominus
1657 1551 1748 1586 Jesus,

960 1596 991 1620 ut
1014 1595 1043 1621 in
1057 1594 1204 1631 Evangelio
1229 1597 1378 1625 secundum
1392 1597 1494 1625 Lucam
1515 1598 1679 1626 declaratur.
1697 1599 1749 1626 Ubi

960 1643 1052 1667 autem
1067 1641 1155 1669 tribus
1178 1642 1259 1670 annis
1272 1646 1299 1670 et
1312 1643 1408 1678 paucis
1424 1644 1564 1672 mensibus
1579 1645 1747 1679 praedicave-

957 1688 1010 1716 rat,
1025 1683 1156 1712 Dominus
1172 1693 1210 1713 ae
1217 1685 1290 1714 Deus
1304 1691 1398 1715 noster
1413 1692 1509 1722 sponte
1520 1696 1618 1724 passus
1640 1693 1682 1717 est
1693 1690 1749 1717 cir-

956 1737 989 1758 ca
1001 1737 1103 1758 annum
1117 1730 1221 1759 Tiberii
1241 1732 1377 1760 decimum
1391 1738 1528 1761 octavum.
1552 1734 1686 1770 Regnavit
1697 1743 1747 1764 au-

956 1776 1144 1805 temTiberius
1155 1778 1235 1805 annis
1249 1776 1361 1806 circiter
1376 1779 1464 1807 tribus
1474 1783 1502 1807 et
1516 1779 1659 1816 viginti,ut
1676 1782 1716 1808 sic
1730 1789 1746 1809 a

957 1822 1072 1849 salutari
1084 1823 1214 1858 passione
1226 1823 1261 1851 ad
1272 1823 1378 1851 obitum
1396 1832 1484 1860 usque
1508 1825 1610 1853 Tiberii
1625 1825 1681 1854 fere
1697 1834 1746 1854 sex

955 1869 1021 1897 anni
1034 1869 1251 1898 intercesserint.
1260 1870 1347 1898 Porro
1363 1875 1476 1899 sanctus
1487 1873 1653 1908 evangelista
1664 1872 1745 1900 Joan-

955 1923 1005 1943 nes
1016 1915 1157 1952 ablegatus
1172 1917 1254 1944 estin
1274 1916 1400 1945 Patmum
1422 1918 1551 1950 insulam,
1568 1927 1629 1954 quae
1649 1918 1744 1955 Cycla-

955 1961 1020 1988 dum
1040 1969 1094 1989 una
1105 1966 1158 1996 est,
1175 1963 1227 1990 sub
1238 1967 1391 1991 extremum
1409 1964 1474 1991 anni
1494 1965 1570 1999 regni
1586 1964 1742 1992 Domitiani.

955 2006 1006 2034 Hic
1020 2012 1112 2036 autem
1132 2009 1256 2044 regnavit
1268 2011 1349 2037 annis
1373 2010 1530 2044 quindecim
1554 2014 1581 2038 et
1602 2011 1742 2038 mensibus

954 2053 1085 2088 quinque.
1101 2053 1143 2081 Ab
1158 2061 1230 2082 anno
1245 2063 1310 2082 vero
1330 2055 1433 2087 Tiberii
1447 2056 1552 2083 decimo
1565 2061 1672 2088 octavo,
1686 2064 1741 2092 quo

953 2099 1065 2134 eclipsis
1081 2100 1126 2127 illa
1143 2101 1268 2136 contigit,
1292 2101 1327 2128 ad
1339 2106 1452 2130 mortem
1472 2110 1558 2137 usque
1582 2102 1740 2135 Domitiani,

954 2145 1120 2182 colliguntur
1140 2146 1206 2172 anni
1229 2146 1340 2173 circiter
1363 2152 1481 2182 quatuor
1501 2152 1529 2175 et
1549 2149 1698 2184 sexaginta,
1713 2153 1741 2176 et

953 2199 1062 2219 menses
1072 2195 1186 2226 septem.
1212 2191 1404 2226 Supponamus
1424 2193 1498 2225 item,
1520 2193 1549 2222 D.
1568 2194 1738 2230 Dionysium,

954 2238 1063 2273 quando
1080 2238 1132 2266 ista
1145 2238 1196 2265 sub
1211 2238 1417 2267 cruciﬁxionem
1432 2239 1539 2267 Domini
1555 2240 1638 2273 vidit,
1654 2248 1740 2268 anno«

106 2276 179 2311 ἀμφὶ
207 2277 242 2304 τά
270 2278 497 2314 ὲννενήκονταὲτη
517 2300 523 2307 .
550 2280 693 2316 Μέμνηται
716 2281 744 2308 δὲ
774 2283 824 2318 τῆς
854 2284 902 2310 ἐπὶ

965 2292 1014 2311 'um
1025 2283 1109 2312 fuisse
1122 2284 1216 2319 viginti
1232 2285 1362 2319 quinque,
1378 2285 1605 2320 quemadmodum
1630 2294 1672 2312 me
1694 2286 1741 2313 ad-

107 2322 271 2357 Δομετιανοῦ
305 2323 413 2360 ὲξορίας
435 2323 483 2350 τοῦ
505 2324 657 2358 ἀγιωτάτου
688 2326 828 2359 Ἰωάννου,
855 2327 901 2355 καὶ

965 2337 1007 2357 IUC
1022 2329 1121 2364 legisse
1135 2335 1258 2362 autumo,
1270 2330 1311 2358 sic
1326 2336 1355 2358 ut
1370 2339 1465 2359 omnes
1479 2332 1542 2359 anni
1565 2331 1665 2359 fuerint
1684 2332 1739 2359 cir-

105 2368 250 2404 Εἰρηναῖος
263 2370 292 2396 ὲν
299 2369 384 2405 τρίτῳ
400 2370 446 2396 καὶ
463 2370 580 2406 πέμπτῳ
595 2371 649 2398 τῶν
656 2373 738 2399 Κατὰ
746 2373 899 2407 αἱρέσεων,

105 2413 170 2440 ἔνθα
187 2414 233 2441 καὶ
255 2415 302 2442 τὸν
328 2415 423 2453 χρόνον
446 2416 651 2452 ὲσημειώσατο·
676 2419 723 2445 καὶ
747 2419 862 2455 Κλήμης
884 2423 898 2448 ὸ

112 2458 311 2496 Ἀλεξανδρεὺς,
329 2462 357 2487 ἐν
372 2460 412 2497 τῷ
427 2460 499 2497 λόγῳ
524 2461 562 2497 τῷ
577 2462 641 2499 περί
651 2472 657 2478 ·
679 2464 726 2497 Τίς
742 2466 758 2491 ὁ
772 2464 896 2500 σωζόμε-

104 2513 159 2538 νος
174 2506 319 2539 πλούσιος
329 2515 337 2540 ;

142 2594 219 2621 Οὐδὲ
247 2595 302 2629 γὰρ
329 2595 365 2623 ἐν
385 2596 448 2630 τοῖς
472 2597 569 2625 αἱῶσι.
586 2599 741 2635 Σημείωσαι
775 2602 816 2628 ὃτι
842 2603 891 2638 οὐχ

101 2641 116 2667 ὁ
127 2639 193 2671 Θεὸς
208 2639 292 2672 αίτιος
308 2640 355 2667 τοῦ
371 2641 525 2678 ἁφορισμοῦ
541 2645 597 2675 τοῖς
613 2645 785 2680 ἁμαρτωλοῖς
796 2647 845 2682 τῆς
861 2649 891 2674 ὲν

102 2686 236 2722 ἀριστερᾷ
253 2686 383 2719 στάσεως,
401 2687 459 2714 ἀλλ’
475 2689 554 2715 αὐτοὶ
570 2690 675 2722 ἑαυτοῖς
691 2691 773 2718 αίτιοι
788 2693 891 2720 τούτων

950 2375 1020 2403 citer
1032 2376 1193 2411 nonaginta.
1219 2376 1341 2404 Meminit
1361 2370 1443 2405 etiam
1463 2378 1545 2412 hujus
1563 2379 1737 2414 relegationis

949 2420 1116 2452 sanctissimi
1131 2420 1244 2449 Joannis
1269 2422 1321 2449 sub
1341 2421 1496 2450 Domitiano
1519 2422 1597 2450 factae
1619 2423 1737 2452 lremeus

947 2466 976 2493 in
995 2466 1075 2494 tertio
1090 2471 1117 2494 et
1129 2467 1226 2502 quinto
1241 2468 1311 2495 libro
1322 2476 1373 2496 suo
1396 2468 1530 2496 Adversus
1554 2469 1675 2502 hwreses,
1689 2470 1736 2497 ubi

945 2517 973 2539 et
983 2516 1091 2548 tempus
1111 2513 1260 2548 indicavit;
1282 2514 1408 2543 Clemens
1435 2516 1500 2543 item
1522 2515 1734 2550 Alexandrinus,

944 2557 973 2585 in
988 2565 1021 2585 eo
1036 2566 1119 2593 opere
1136 2559 1180 2586 cui
1196 2560 1341 2595 inscriptio
1372 2569 1378 2586 :
1396 2561 1462 2594 Quis
1473 2561 1543 2589 dives
1558 2562 1646 2589 salvus
1659 2564 1672 2590 7

983 2604 1064 2639 332
1081 2604 1172 2640 Neque
1182 2606 1258 2633 enim:
1264 2606 1290 2633 in
1301 2606 1417 2635 swculis.
1430 2607 1499 2634 Nota
1508 2607 1593 2635 Deum
1608 2616 1662 2636 non
1674 2616 1735 2636 esse

944 2657 1056 2678 causam
1071 2651 1252 2686 separationis
1267 2657 1452 2687 peccatorum,
1469 2662 1522 2689 qua
1544 2654 1578 2681 ad
1594 2655 1732 2682 sinistram

943 2697 1114 2724 collocantur
1128 2717 1136 2731 ,
1163 2698 1212 2726 sed
1234 2699 1286 2726 sibi
1313 2699 1380 2734 ipsis
1404 2703 1562 2734 peccatores
1590 2699 1672 2734 hujus
1693 2701 1732 2727 rei

100 2733 126 2758 οἱ
149 2732 322 2768 ἁμαρτωλοὶ,
340 2734 480 2766 παντελῶς
502 2736 615 2768 ἑαυτοὺς
638 2737 818 2774 ἀφορίσαντες
838 2739 885 2766 τοῦ

965 2750 1030 2770 tusae
1063 2748 1128 2771 sunt
1145 2764 1153 2776 ,
1181 2745 1247 2772 dum
1276 2732 1332 2781 ipsi
1346 2753 1375 2774 se
1390 2732 1499 2781 penitus
1516 2753 1531 2773 a
1551 2745 1607 2774 Deo
1625 2732 1732 2781 isegre-

100 2775 181 2803 Θεοῦ.

939 2792 1014 2823 gaut.

579 2858 696 2887 VARl/E
715 2860 906 2891 LECTIONES
923 2863 969 2891 ΕΤ
985 2863 1259 2896 CORRECTIONES.

147 2919 180 2934 ⁸³⁵
194 2919 223 2948 εὖ
239 2924 354 2957 φρονεῖν.
389 2924 464 2952 “tu!
481 2926 519 2962 τῷ
538 2928 653 2964 σταυρῷ.
698 2930 719 2946 ⁵⁵
731 2930 792 2966 γάρ.
830 2932 853 2948 ⁴⁶
869 2933 1021 2971 ὑποθῶμεν.
