1923 3067
183 173 237 202 575

759 173 788 200 S.
810 173 960 203 DIONYSII
977 173 1210 202 ABEOPAGITIE

1758 171 1810 200 576

221 230 254 258 Et
268 229 318 258 Dei
332 230 447 259 nomine.
463 229 511 258 Dei
526 237 627 259 nomen
642 231 680 258 ait
695 251 703 264 ,
718 229 776 259 sive
789 231 864 266 quod
877 239 968 261 omnes

1060 231 1117 259 Καὶ
1133 231 1289 266 θεωνυμίᾳ.
1303 229 1462 266 Θεωνυμίαν
1478 228 1558 265 φησὶν
1573 228 1591 264 ἢ
1606 227 1637 255 τὸ
1649 227 1764 256 πάντοτε
1781 229 1810 255 ἐν

183 275 307 304 actiones
335 282 400 303 suas
413 276 441 303 in
457 275 507 304 Dei
524 283 632 312 semper
642 276 753 304 nomine
767 282 910 313 peragant,
924 283 971 306 aut

181 322 247 358 quia
261 329 277 349 a
291 320 348 350 Deo
364 322 423 350 sive
438 322 549 350 Christo
564 329 663 350 nomen
678 322 786 355 sortiti,
803 331 836 351 ex
850 330 884 351 eo
897 324 970 359 quod

181 367 334 395 secundum
363 368 454 403 ipsum
478 369 563 396 vitam
598 376 677 396 suam
700 369 860 403 instituunt,
885 370 970 400 etiam

179 414 289 449 ipsimet
301 414 337 442 dii
351 415 528 450 appellentur.

217 459 354 496 Evangelii
365 461 457 488 solem.
473 461 570 489 Merito
581 461 674 489 divum
686 461 819 490 Joannem
830 462 970 499 Evangelii

180 505 266 534 solem
284 511 434 542 nuncupat.
446 506 511 535 Jure
525 507 619 543 igitur,
632 508 733 544 inquit,
749 509 811 537 illos
822 510 972 545 reprehen-

180 551 216 579 do
229 557 257 580 et
271 553 395 588 increpo,
411 553 457 588 qui
480 561 509 581 se
527 554 613 582 solem
632 553 773 590 Evangelii
787 557 971 585 exterminare

180 607 261 634 posse
274 603 380 634 putant.
398 599 526 627 Attamen
537 604 602 636 opto
616 606 647 629 ut
661 603 811 637 respiciant
827 623 834 636 ,
853 607 880 631 et
893 603 927 631 ad
943 607 971 632 te

179 650 335 681 accurrant,
353 650 383 673 ut
402 646 534 674 illustrati
558 647 707 676 salventur.
733 648 969 682 Quemadmodum

178 693 250 720 enim
265 692 378 727 insanit,
393 693 440 729 qui
455 701 485 721 se
500 698 579 729 putat
602 694 686 722 solem
712 695 786 723 hunc
803 697 970 725 concludere

177 738 239 766 loco
251 745 343 773 posse,
360 739 400 767 sic
415 743 442 767 et
456 739 483 767 bi
506 740 705 776 insaniuntqui
726 741 815 770 lucem
829 743 969 779 Evangelii

178 784 348 812 arbitrantur
363 793 392 814 se
413 793 495 822 posse
512 790 604 814 tecum
617 787 688 815 intra
703 786 831 816 Palmum
849 789 969 817 insulam

177 831 418 860 circumscribere.

1022 277 1061 313 τῷ
1092 277 1204 313 ὀνόματι
1219 276 1267 304 τοῦ
1299 277 1366 304 Θεοῦ
1399 276 1488 303 πάντα
1513 274 1642 310 πράττειν
1666 273 1809 309 αὖτοὺς,ἥ

1021 323 1085 351 ὅταν
1101 323 1165 355 τοὺς
1188 323 1242 351 ἀπὸ
1257 323 1304 350 τοῦ
1327 323 1412 356 Θεοῦ,
1430 323 1513 358 ἡγουν
1534 320 1581 348 τοῦ
1606 320 1735 358 Χριστοῦ,
1752 320 1812 346 ὀνο-

1022 370 1188 406 μαζομένους
1205 391 1212 403 ,
1230 369 1290 398 κατ’
1306 370 1386 397 αὐτὸν
1411 367 1597 397 πολιτεύεσθαι
1613 367 1739 404 ὑπάρχῃ,
1763 367 1810 394 καὶ

1020 416 1121 448 αὐτοὺς
1136 416 1299 452 λεγομένους
1315 416 1403 448 θεούς.

1059 462 1114 490 Τοῦ
1130 462 1315 498 Εὐαγγελίου
1331 461 1384 488 τὸν·
1399 461 1499 496 ἣλιον.
1511 460 1562 487 Τὸν
1577 460 1625 487 τοῦ
1641 459 1808 494 Εὐαγγελίου

1019 508 1096 543 ἥλιον
1110 508 1206 536 τοῦτον
1229 508 1276 535 τὸν
1295 508 1366 536 θεῖον
1388 507 1514 544 Ἰωάννην
1536 506 1664 542 ὀνομάζει
1685 505 1808 538 δικαίως.

1019 554 1103 590 Φησὶν
1120 551 1182 581 οὖν·
1203 554 1264 581 ”Οτι
1280 553 1346 588 ἐγὼ,
1365 552 1479 584 εἰκότως
1495 551 1655 588 αἰτιώμενος
1671 552 1719 578 καὶ
1736 559 1808 586 μεμ-

1020 599 1136 636 φόμενος
1163 599 1228 632 τοὺς
1252 598 1411 635 νομίζοντάς
1442 607 1472 625 σε
1494 598 1540 625 τὸν
1570 598 1618 624 τοῦ
1641 596 1808 632 nmmum;

1019 647 1094 683 ἥλιον
1119 646 1285 683 περιορίζειν
1310 646 1338 672 ὲν
1360 645 1446 681 τόπῳ,
1469 643 1583 681 εὔχομαι
1605 644 1680 679 ὅμως
1707 642 1809 678 ἀνανῆ-

1019 692 1068 728 ψαι
1085 693 1132 719 καὶ
1147 692 1333 729 προσδραμεῖν
1350 699 1401 723 σοι,
1428 691 1471 718 ἴνα
1488 689 1593 717 σωθῶσι
1616 688 1809 724 φωτισθέντες.

1020 739 1125 776 Ὥσπερ
1149 739 1203 776 γὰρ
1223 739 1343 775 μέμηνεν
1367 739 1381 764 ὁ
1397 737 1521 773 οἰόμενος
1541 736 1589 764 τὸν
1612 737 1688 772 ἣλιον
1711 736 1809 763 τοῦτον

1018 787 1184 824 περικλείειν
1206 789 1299 823 τόπῳ,
1316 786 1387 814 οὕτω
1403 786 1451 813 καὶ
1466 783 1538 813 οὗτοι
1557 785 1710 821 μεμήνασι,
1728 783 1808 820 νομι-

1018 833 1110 866 ζοντες
1126 834 1156 860 τὺ
1173 833 1230 868 φῶς
1253 832 1300 860 τοῦ
1320 831 1486 867 Εὑαγγελίου
1502 839 1549 858 σου
1573 831 1736 867 περωρίζειν
1759 831 1809 858 σὺν

1019 880 1061 906 σοὶ
1072 881 1101 906 ὲν
1115 880 1218 916 Πάτμῳ
1232 881 1266 916 τῇ
1283 880 1368 916 νήσῳ.

212 919 269 948 Nos
282 924 369 948 autem
391 929 406 948 δ
424 920 526 950 diverso
542 931 632 959 neque.
645 923 710 956 Pro,
721 932 811 960 neque
823 925 964 961 longiuste

1055 925 1146 961 Ἢμᾶς
1173 925 1207 952 δὲ
1232 925 1303 953 οὐδὲ
1330 924 1517 952 τούναντίον.
1534 924 1607 951 Ἀντὶ
1623 923 1682 956 τοῦ,
1700 923 1760 950 οὐδὲ
1775 924 1809 950 τὸ

176 966 283 994 abesse.
304 966 374 994 Nota
392 972 483 995 autem
499 976 629 1005 magnum
642 969 802 1006 Dionysium
824 971 868 998 hic
882 972 964 999 etiam

174 1012 366 1048 prophetasse,
374 1021 435 1041 cum
442 1014 515 1042 clare
526 1015 611 1048 dicat,
620 1016 684 1050 sibi,
695 1017 735 1044 uti
744 1021 771 1045 et
779 1017 859 1045 beato
866 1016 966 1045 Joanni

174 1059 324 1086 revelatum
338 1067 411 1092 esse,
420 1060 510 1096 ipsum
520 1061 592 1089 intra
604 1063 686 1091 breve
706 1068 813 1098 tempus
823 1064 857 1091 ab
866 1064 966 1091 exsilio

174 1104 262 1132 Patmi
277 1106 461 1134 revocandum
475 1114 548 1140 esse,
563 1108 636 1143 quod
651 1112 679 1137 et
695 1109 821 1145 contigit.
844 1109 922 1142 Nam.
937 1114 967 1137 ut

174 1151 304 1183 diximus,
318 1153 400 1187 paulo
415 1157 487 1188 post,
500 1154 551 1182 sub
566 1155 693 1182 ultimum
708 1163 810 1183 annum
821 1157 898 1192 regni
913 1156 965 1184 Dm

174 1197 293 1231 mitiani,
304 1198 331 1226 in
343 1198 468 1227 Patmum
483 1200 601 1228 insulam
616 1201 706 1230 fuerat
721 1203 868 1238 relegatus,
879 1202 970 1230 Domi-

174 1242 250 1271 tiano
284 1245 507 1280 persecutionem
543 1247 703 1280 excitante:
720 1253 747 1277 at
771 1249 881 1277 interim
916 1249 968 1277 sub

174 1289 254 1318 istius
269 1291 341 1327 regis
353 1292 468 1324 exitum.
490 1294 625 1323 maximus
639 1295 684 1323 bic
700 1296 870 1332 evangelista
882 1295 967 1324 Joan-

173 1343 223 1366 nes
238 1336 358 1366 divinam
375 1339 450 1366 illam
465 1339 656 1377 Apocalypsim
668 1342 746 1371 vidit.

1019 971 1185 1008 πορᾣτέρω
1202 980 1232 998 σε
1247 971 1383 1006 γενέσθαι.
1400 971 1555 1006 Σημείωσαι
1576 971 1604 998 δὲ
1621 971 1663 997 ὅτι
1680 970 1725 997 καὶ
1741 978 1809 1005 προ-

1015 1019 1164 1054 εφήτευσεν
1180 1018 1195 1044 ὁ
1213 1017 1300 1054 μέγας
1316 1017 1462 1050 Διονύσιος,
1479 1016 1572 1052 σαφῶς
1587 1015 1674 1043 εἰπὼν
1690 1017 1723 1043 ὲκ
1738 1015 1806 1043 Θεοί

1015 1065 1240 1101 ἀποκαλυφθῆναι
1272 1065 1356 1101 αὐτῷ,
1372 1065 1410 1097 ὡς
1421 1065 1468 1092 καὶ
1482 1064 1521 1100 τῷ
1536 1063 1607 1100 ἁγίῳ
1629 1063 1806 1100 ”Ιωάννῃ,ὅτι

1015 1111 1081 1138 εἵσω
1099 1112 1268 1148 βραχυτάτου
1285 1111 1382 1149 χρόνου
1399 1110 1618 1146 ἅναχληθήσεται
1629 1109 1680 1145 τῆς
1688 1109 1717 1136 ὲν
1749 1106 1807 1135 Πά-

1010 1156 1205 1194 τμῳὲξορίας”
1231 1158 1245 1185 ὃ
1269 1158 1301 1194 δὴ
1325 1157 1373 1185 καὶ
1395 1157 1516 1192 γέγονεν.
1546 1156 1590 1188 Ὠς
1611 1155 1665 1191 γὰρ
1689 1154 1806 1190 ἔφημεν,

1016 1204 1072 1240 πρὸ
1094 1204 1209 1240 βραχέος
1231 1204 1296 1241 περὶ
1310 1204 1342 1231 τὸ
1357 1203 1510 1231 τελευταῖον
1526 1202 1586 1235 ἔτος
1601 1202 1651 1237 τῆς
1673 1202 1806 1237 Δομετια-

1016 1250 1062 1278 νοῦ
1081 1250 1219 1286 βασιλείας
1241 1252 1282 1283 εἰς
1296 1251 1346 1287 τὴν
1363 1251 1473 1286 Πάτμον
1489 1248 1669 1285 ἐφυγαδεύθη,
1685 1248 1807 1283 διωγμὸν

1015 1297 1175 1333 κινήσαντος
1190 1296 1237 1324 τοῦ
1254 1296 1416 1333 Δομετιανοῦ
1426 1305 1433 1312 ·
1458 1294 1517 1323 εἶτα
1534 1295 1598 1333 περὶ
1613 1294 1662 1330 τὴν
1677 1293 1807 1329 τελευτὴν

1014 1343 1062 1370 τοῦ
1080 1343 1211 1379 βασιλέως
1226 1344 1277 1381 ὁρᾷ
1288 1344 1337 1380 τὴν
1353 1344 1428 1371 θείαν
1450 1341 1630 1378 Ἀποκάλυψιν
1647 1341 1661 1368 ὁ
1677 1340 1806 1378 μέγιστος

1013 1387 1091 1423 οὗτος
1115 1390 1311 1427 εὐαγγελιστὴς
1339 1391 1465 1427 Ἰωάννης
1481 1390 1514 1419 ⁸⁷.

651 1487 768 1518 VARUE
787 1489 981 1521 LECTIONES
997 1492 1042 1521 ET
1059 1492 1334 1522 CORRECTIONES.

227 1575 248 1591 "
266 1574 337 1609 edo;
353 1576 548 1613 ιὺατγιλιστὴς
569 1577 656 1606 Ἰωάν.
