1950 3065
143 189 196 216 517

663 185 853 220 ENCOIIUH,
874 186 920 214 EX
938 186 1078 215 MENEIS
1094 187 1240 216 GMCIS.

1703 196 1756 225 578

146 262 1747 289 Μ

305 350 1114 457 SCRIPTOBES
1187 350 1596 464 VARII.

782 531 1083 626 VITZE

140 685 476 769 SANCTI
563 689 1001 769 DIONYSII
1078 687 1741 783 AREOPAGITZE.

325 894 584 982 ΒΙΟΣ
678 820 1556 984 ΚΑΓῘΞΓΚΩΜῙΟΝ

404 1023 518 1066 ΤΟΥ
538 1020 705 1066 ΑΓΙΟΥ
730 1023 1030 1068 ΔΙΟΝΥΣΙοΥ
1055 1024 1462 1068 ΑΡΕΙΟΠΑΓΙΤΟΥ

381 1112 428 1140 Ἐκ
453 1113 506 1141 τῶν
519 1113 647 1150 Μηναιων
666 1113 715 1150 τῆς
735 1115 763 1142 ὲν
788 1115 892 1142 Ἐλλάδι
917 1114 1095 1152 Ἐκκλησίας,
1117 1115 1201 1152 μηνὸς
1231 1115 1394 1152 Ὀκτωὸριου
1415 1117 1448 1153 τῇ
1468 1119 1504 1151 τ’.

542 1278 739 1348 VITA
777 1281 878 1345 ET
925 1280 1344 1358 ENGOMIUM

440 1407 584 1454 SANC
595 1408 656 1453 TI
694 1406 972 1454 DIONYSII
1009 1406 1411 1455 AREOPAGITIE

603 1504 657 1534 Ea:
669 1504 796 1536 Mentiris
813 1504 946 1540 Graecis,
963 1505 1076 1535 mmsis
1089 1502 1154 1535 Oct.
1171 1504 1220 1535 die
1235 1505 1265 1542 3,

359 1589 536 1628 lnterprete
554 1588 647 1619 Petro
665 1585 843 1624 Lansselio,
862 1586 1110 1624 Gravelinaano,
1127 1587 1196 1617 Soc.
1215 1587 1294 1617 Jesu
1310 1585 1509 1626 presbytero.

167 1755 318 1791 Ἀγκιστρῳ
332 1754 382 1790 τῆς
413 1754 522 1791 χάριτος
538 1753 627 1788 σοφῶς
641 1755 656 1780 ὁ
671 1753 776 1785 Παῦλος
791 1754 806 1781 ὁ
821 1753 910 1786 ἔνθεος

995 1750 1169 1787 333-335
1193 1749 1290 1778 Divino
1322 1755 1465 1786 correptus
1492 1750 1603 1780 numine
1625 1751 1738 1787 Paulus,

124 1802 318 1838 δημηγορήσας
335 1800 490 1836 ἐζώγρησεν
503 1800 690 1836 ἱεροφάντορα,
701 1799 749 1827 καὶ
763 1799 816 1826 τῶν
824 1800 908 1835 ἀπορ-

126 1849 216 1884 ρήτων
232 1847 333 1883 Ostopr
357 1847 518 1882 εἰργάσατο,
536 1846 565 1873 σὲ
588 1845 690 1878 σκεῦος,
712 1844 826 1880 ἐκλογῆς
847 1844 908 1871 θεα-

123 1894 250 1929 σάμενος,
261 1893 319 1929 μεθ’
327 1889 358 1920 οὗ
367 1891 546 1928 δυσώπησονθ,
553 1891 701 1928 Θεοῤῥῆμον
708 1890 838 1922 Διονύσιε,
845 1890 907 1922 τοὺς

123 1940 198 1976 πόθῳ
214 1939 364 1976 ὑμνοῦντάς
379 1947 419 1967 σε.

163 2030 300 2066 Ἀγγέλοις
315 2028 446 2065 ὁμότιμον
461 2027 506 2055 τὸν
522 2027 584 2055 νοῦν
595 2048 603 2061 ,
621 2027 708 2063 πάτερ
723 2026 855 2059 Διονύσιε,
872 2027 905 2054 δι’

121 2078 222 2114 ἀρετῆς
238 2076 433 2113 ἐργασάμενος,
450 2073 498 2110 τὴν
507 2073 688 2110 ὑπερκόσμιον
697 2073 747 2109 τῆς
764 2072 905 2109 ἱεραρχιας

122 2123 258 2156 εὐταξίαν,
270 2122 400 2156 πάνσοφε,
420 2120 470 2156 τὴν
492 2119 594 2146 τούτων
616 2119 696 2155 ἱερῶς
724 2119 904 2154 ἀνιστορήσας

121 2170 183 2198 καθ’
196 2170 229 2205 ἢν
243 2168 409 2204 ἐρῤύθμισας
423 2166 584 2202 Ἐκκλησίας
599 2165 633 2192 τὰ
644 2166 813 2201 συστήματα,
823 2165 904 2201 οὐρα-

119 2215 184 2244 νίων
200 2215 249 2247 τὰς
264 2213 355 2248 τάξεις
372 2212 548 2249 μιμούμενος.

163 2261 428 2298 Ἑμξριλοσοφώτατα,
445 2258 521 2294 Θεῷ,
541 2258 632 2294 μάκαρ
649 2256 778 2289 Διονύσιε,
796 2255 810 2282 ὃ
825 2255 904 2282 δυνα-

120 2309 165 2336 τὸν
186 2307 377 2344 ὁμοιούμενος,
393 2305 448 2332 τῶν
469 2304 609 2340 ὀνομάτων
632 2302 678 2330 σοῦ
696 2301 833 2338 μυστικῶς
848 2301 903 2328 τῶν

121 2352 200 2379 θεεων
215 2351 332 2382 εὐσεϐῶς
348 2350 507 2386 ὲεήπλωσας
523 2348 572 2384 τὴν
589 2347 687 2380 ἔνθεον,
697 2347 820 2383 θεόφρον,
838 2346 902 2373 ἀνά-

122 2397 228 2430 πτυξιν,
260 2397 354 2424 ὲνώσει
371 2395 504 2431 κρείττονι
523 2393 634 2430 μυηθεὶς
650 2393 683 2420 τὰ
699 2393 769 2430 ὑπὲρ
785 2392 899 2426 ἔννοιαν,

121 2444 168 2471 καὶ
186 2444 290 2480 μυήσας
304 2443 351 2470 τοῦ
368 2443 468 2478 κόσμου
484 2441 518 2468 τὰ
534 2441 649 2477 πέρατα.

161 2526 298 2562 Ἀνδρέου
320 2527 567 2561 Ἶεροσολυμίτου,
580 2527 624 2554 οῖ’
638 2526 672 2553 δὲ
694 2526 864 2557 Βυζαντίου.

155 2573 211 2608 Τῆς
234 2573 359 2609 οὐρανίου
384 2572 509 2607 γνώσεως
531 2571 685 2608 ἀθεώρητον
709 2572 786 2607 βυθόν
804 2581 834 2599 σε
850 2580 901 2599 κα-

118 2619 251 2655 λέσωμεν,
283 2618 454 2656 λαμπρότατε
472 2619 576 2654 μάρτυς
590 2617 637 2644 τοῦ
653 2617 769 2654 Χριστοῦ
781 2638 789 2650 ,
803 2618 840 2650 ὡς
856 2617 904 2645 καὶ

117 2665 230 2701 ὁπλίτην
253 2665 299 2692 καὶ
324 2664 436 2701 στερρὸν
467 2664 624 2700 ὑπέρμαχον
648 2662 698 2698 τῆς
729 2662 901 2697 Ἐκκλησιας.

124 2709 306 2746 ’Δνυμνοῦμέν
323 2718 363 2742 σε,
375 2709 447 2744 σοφὲ·
457 2709 522 2745 πυρὶ
528 2708 581 2744 γὰρ
591 2707 751 2744 ἐλλαμφοεὶς
766 2707 805 2743 τῷ
820 2708 901 2741 ἀγνο-

116 2757 189 2792 τάτῳ
199 2755 315 2792 ἡξιώθης
324 2756 381 2792 ἅμα
391 2757 449 2788 ταῖς
465 2755 521 2782 ἄνω
537 2753 748 2790 στρατολογίαις,
756 2753 787 2780 τὺ
801 2761 899 2788 φωτει-

117 2803 162 2830 νδν
183 2802 353 2840 περιϐόλαιον
368 2801 529 2829 ἐνδύσασθαι
545 2800 672 2838 Χριστὸν,
695 2800 741 2827 καὶ
756 2799 899 2836 λαμπρυν-

117 2847 172 2880 οέις
200 2849 233 2884 τῇ
256 2847 336 2883 αἴγλῃ
364 2846 412 2874 τού
438 2847 591 2883 πνεύματος
622 2846 668 2872 τὸν
697 2844 774 2878 νοῦν,
812 2845 901 2872 Διονύ-

119 2894 217 2921 σιεΔιδ
240 2894 286 2920 σοῦ
307 2894 357 2930 τὴν
379 2893 546 2928 παγκόσμιον
570 2893 679 2928 μνήμην
702 2891 899 2928 πανηγυρίζον-

959 1798 1090 1826 concione
1104 1797 1137 1824 ad
1150 1796 1279 1832 populum
1293 1796 1395 1830 habita,
1411 1804 1551 1825 sacrorum
1564 1798 1737 1834 interpretem

957 1844 1049 1879 gratia’
1071 1843 1151 1870 hamo
1168 1843 1229 1870 vitae
1246 1842 1381 1878 sapienter
1403 1843 1486 1876 dedit,
1507 1843 1739 1881 ineﬂ‘abiliumque

956 1890 1196 1925 contemplatorem
1212 1888 1314 1920 eﬂ'c'c’it,
1327 1889 1392 1916 dum
1410 1893 1436 1916 te
1454 1896 1502 1917 vas
1517 1890 1657 1918 electionis
1673 1899 1738 1919 con-~

957 1937 1054 1971 spexit,
1070 1943 1132 1963 cum
1154 1942 1218 1970 quo,
1234 1934 1400 1969 diviniloque
1420 1934 1547 1972 Dionysi,
1558 1943 1607 1972 pro
1626 1936 1738 1966 laudum

956 1987 1064 2010 tuarum
1078 1981 1185 2017 cupidis
1206 1980 1289 2009 Deum
1303 1988 1395 2009 exora.

991 2027 1105 2054 Mentem
1123 2027 1226 2062 angelis
1248 2026 1352 2054 honore
1372 2033 1463 2061 parem
1476 2046 1485 2058 ,
1502 2026 1583 2054 Pater
1603 2027 1734 2065 Dionysi,

954 2073 1053 2101 virtute
1066 2072 1228 2108 prazstitisti,
1243 2071 1344 2099 mundo
1364 2071 1531 2106 superiorem
1550 2072 1648 2100 horum
1678 2074 1737 2102 hie-

954 2118 1069 2146 rarchiae
1093 2118 1194 2146 bonum
1220 2117 1343 2145 ordinem
1368 2118 1467 2144 sancte‘
1483 2117 1632 2153 indagasti,
1656 2119 1736 2154 cujus

953 2170 1049 2190 norma
1063 2169 1150 2190 canus
1161 2161 1288 2190 Ecclesiae
1309 2162 1505 2196 composuisti,
1520 2163 1674 2192 ccelestium
1688 2172 1736 2192 or-

953 2207 1031 2235 dines
1045 2207 1177 2235 imitatus.

987 2254 1103 2282 Maxima
1125 2261 1188 2281 cum
1212 2253 1355 2288 sapientia,
1367 2252 1445 2280 beate
1455 2252 1579 2289 Dionysi,
1595 2254 1642 2290 qui
1666 2254 1734 2289 Deo,

951 2303 1083 2335 quantum
1105 2298 1182 2331 licet,
1201 2305 1231 2326 es
1245 2297 1341 2325 similis
1353 2317 1360 2330 ,
1374 2301 1449 2325 tuam
1465 2298 1618 2326 divinorum
1642 2301 1734 2328 nomi—

951 2353 1017 2373 num
1034 2345 1089 2373 Deo
1106 2345 1213 2380 plenam
1234 2344 1430 2379 expositionem
1445 2351 1544 2372 arcano
1564 2353 1647 2374 sensu
1668 2347 1733 2374 reli-

951 2390 1036 2425 giose,
1051 2393 1080 2416 tu
1091 2390 1138 2425 qui
1149 2389 1240 2417 divina
1253 2389 1337 2424 sapis,
1352 2389 1517 2424 explicuisti,
1533 2391 1732 2421 excellentissi-

916 2425 938 2453 Β
952 2443 996 2463 ma
1011 2435 1133 2463 unitione
1147 2443 1208 2471 qua:
1228 2439 1346 2463 mentem
1365 2435 1478 2463 vincunt
1496 2436 1609 2466 edoctus
1623 2439 1732 2467 mundi-

950 2490 1003 2518 que
1019 2481 1147 2509 erudiens
1162 2481 1240 2509 lines.

1047 2527 1158 2555 Andreie
1177 2527 1412 2562 Hierosolymilani
1431 2533 1476 2556 aut
1495 2528 1646 2565 Byzantii“

983 2573 1148 2602 lnvisibilem
1170 2572 1268 2601 divina;
1281 2573 1444 2608 cognitionis
1460 2575 1670 2609 profunditatem
1691 2580 1731 2610 te,

947 2619 1133 2647 illustrissime
1152 2618 1255 2647 Christi
1279 2623 1393 2655 martyr,
1419 2621 1630 2656 appellabimus,
1659 2622 1732 2650 sicut

948 2664 1029 2691 etiam
1050 2664 1141 2699 gravis
1152 2667 1298 2691 armatura:
1312 2664 1438 2697 militem,
1455 2672 1487 2692 ac
1500 2665 1620 2693 validum
1635 2665 1732 2694 Eccle-

949 2710 997 2737 sia:
1010 2714 1249 2746 propugnatorem.
1267 2709 1321 2742 Te,
1338 2717 1354 2738 o
1381 2711 1507 2746 sapiens,
1524 2711 1704 2747 praedicamus
1720 2721 1727 2738 :

948 2755 1096 2791 purissimo
1105 2756 1175 2783 enim
1187 2756 1355 2785 illuminatus
1368 2757 1439 2792 igne,
1451 2757 1608 2792 fulgoreque
1616 2758 1730 2793 spiritus

949 2798 1361 2837 mente.Dionysi,resplendens,
1375 2802 1472 2837 dignus
1492 2810 1522 2831 es
1537 2803 1646 2831 habitus
1666 2810 1729 2830 cum

947 2845 1105 2874 cmlestibus
1116 2845 1280 2874 exercitibus
1293 2846 1459 2881 splendidam
1474 2850 1576 2874 vestem
1591 2846 1729 2875 Christum

948 2891 1072 2927 induere,
1079 2891 1140 2921 ideo
1151 2892 1352 2921 ornatissimam
1367 2892 1407 2921 tui
1418 2892 1576 2921 memoriam
1587 2893 1728 2922 celebran-
