1935 3094
179 188 232 216 579

774 178 802 207 S.
821 175 970 206 DlONYSll
986 174 1220 205 AREOPAGITE

1760 172 1814 202 ἔξω

179 251 233 278 tes.
240 243 299 275 fide
306 242 461 274 laudamus,
473 239 519 276 qui
527 238 707 274 tegloriosum
717 236 802 265 voluit
811 235 965 264 Dominum.

1044 242 1070 265 ες
1100 233 1203 266 πιστῶς
1228 233 1374 269 δοξάζομεν
1403 233 1449 259 τὸν
1474 232 1618 265 δοξάζοντὰ
1644 240 1674 258 σε
1700 231 1813 269 Κύριον.

179 289 262 327 338
275 289 367 318 Carum
376 288 460 316 sancti
470 287 545 321 cujus
553 284 719 312 acroaticltt's:
730 293 738 308 ι
751 282 864 310 Mentem
871 282 970 309 honoro
989 307 993 309 _

285 336 445 371 sapientium
456 333 649 362 doctrinarum,
661 329 859 365 i,T/teophattis.

219 383 243 411 A
254 382 348 411 divino
362 381 448 408 Paulo
462 379 615 407 caelestium
635 375 850 411 contemplatore
866 374 975 402 institu-

185 434 241 462 tus,
257 427 381 464 Dionysi,
394 433 458 453 mox
468 424 588 453 scelestis
604 421 735 458 magister
749 424 776 448 et
787 419 898 448 divinus
908 427 974 447 con-

185 476 310 504 cionator
324 473 447 502 evasisti.

221 521 318 549 Divina
328 519 481 547 illustratus
497 516 596 552 gratia,
611 515 730 546 illustra,
743 521 760 541 o
776 513 865 545 beate.
879 519 975 540 eorum

186 567 271 603 quite
290 565 403 592 laudant
414 564 531 594 animas,
549 565 578 589 ut
597 565 659 589 tuas
679 560 735 588 Deo
750 558 855 587 afﬂatas
871 558 974 588 intelli-

186 617 251 650 gant
262 612 412 642 doctrinas,
429 609 552 645 Dionysi.

222 661 319 690 Mentis
331 663 413 695 atque
429 659 527 686 animae
542 656 662 692 puritate
679 654 833 683 caelestium
848 653 977 681 ordinum

187 707 306 742 fulgores
338 704 481 732 addiscere
497 702 633 735 meruisti,
650 709 801 737 eorumque
822 701 914 730 videre
930 707 978 735 per

185 748 285 781 choros
300 751 509 787 dispositiones,
525 750 648 786 Dionysi.

511 796 553 823 Ad
570 796 602 824 B.
624 795 654 824 V.

221 844 332 873 Lucifer
347 844 483 871 thalamus
498 842 696 870 incarnationis
710 841 832 868 omnium
848 839 979 868 Condito-

185 893 224 919 ris
242 899 291 926 pro
304 891 384 917 nobis
396 889 484 921 facta,
497 888 622 924 judicata
634 895 678 921 es;
692 895 725 915 ex
741 891 768 915 te
780 885 919 919 enim,Dei
931 893 979 921 ge-

185 938 270 966 nitrix
295 941 417 970 nostram
432 935 521 963 induit
535 942 656 962 carnem.

222 982 312 1018 Supra
326 981 453 1009 C(Blesles
469 980 591 1008 elevatus
603 978 723 1007 fornices
732 998 740 1012 ,
756 983 860 1010 sancte,
873 976 978 1004 mundo

185 1028 358 1063 superiorum
370 1027 481 1055 ordines
496 1029 524 1054 et
537 1025 676 1053 exercitus
690 1028 717 1052 et
731 1023 902 1060 splendores,
919 1029 980 1050 om-

186 1074 263 1101 nium
281 1073 393 1101 sublimi
409 1079 535 1100 sermone
549 1070 814 1106 sapientissimisque
830 1069 980 1106 expositio-

186 1120 269 1148 nibus
282 1118 476 1146 manifestasti.

220 1166 290 1194 Alta
303 1167 449 1193 immersus
472 1164 707 1199 contemplationi,
730 1163 860 1200 gloriose,
874 1162 980 1190 divino-

189 1221 251 1240 rum
283 1212 425 1240 nominum
457 1211 668 1247 explicationem
710 1210 802 1238 divine
829 1209 978 1246 protulisti,

188 1258 334 1286 Trinitatis
360 1257 504 1293 theologus
532 1256 644 1285 eﬂ‘ectus
672 1256 721 1284 Dei
744 1256 845 1293 gratia,
876 1256 905 1283 in
924 1255 980 1284 Deo

188 1305 357 1333 beatissime.

223 1350 322 1378 Amore
333 1349 426 1377 divino
441 1354 567 1378 mortuus
577 1349 770 1385 praesentibus,
790 1348 982 1384 philosophiae-

188 1404 243 1432 que
270 1396 394 1423 intentus
419 1395 522 1428 studio,
549 1395 720 1424 viviﬁcarum
749 1403 834 1431 supra
861 1399 980 1422 mentem

189 1441 340 1478 gratiarum
362 1439 501 1468 Deiferum
524 1440 620 1474 fuisti,
636 1439 732 1472 Pater,
755 1439 977 1467 instrumentum.

512 1524 553 1551 Ad
566 1524 598 1552 Β.
619 1524 651 1552 γ.

1036 281 1066 306 Ὀ
1079 279 1179 306 κανὼν
1189 280 1243 306 τοῦ
1254 279 1350 314 ἁγίου,
1366 279 1401 306 οὺ
1412 280 1432 313 ἠ
1441 279 1629 312 ἀκροστιχΙς·
1645 287 1655 303 ι
1669 278 1725 305 Τὸν
1739 278 1816 305 νοῦν

1047 325 1169 358 γεραίρω
1184 324 1243 351 τῶν
1253 323 1358 359 σοφῶν
1372 323 1569 358 διδαγμὰτων,
1581 333 1590 348 ι
1608 322 1788 357 Θεοφάνους.

1060 370 1106 406 Τῷ
1121 370 1220 406 Παύλῳ
1234 370 1274 406 τῷ
1286 366 1351 406 θείῳ
1360 369 1539 406 μαθητευθεὶς
1546 369 1585 405 τῷ
1600 368 1655 396 τῶν
1670 369 1815 406 οὐρανίων,

1025 416 1145 444 Διονύσιε
1163 437 1170 449 ,
1193 417 1287 452 θεατῇ,
1310 417 1436 452 οὐράνιος
1460 415 1567 451 μύστης
1589 415 1746 451 παραυτίκα
1769 416 1814 442 καὶ

1026 463 1156 500 θεηγόρος
1168 463 1365 500 ἑχρημάτισας.

1068 510 1096 536 '0
1113 509 1203 546 χάριτι
1220 509 1279 544 Θείᾳ
1293 508 1502 543 καταυγασθεὶς,
1519 507 1701 543 καταύγασον,
1712 508 1816 543 μάκαρ,

1025 555 1082 583 τῶν
1097 554 1253 591 ὑμνούντων
1270 563 1300 581 σε
1315 554 1365 586 τὰς
1380 554 1470 590 ψυχὰς
1487 554 1537 586 τὰς
1555 553 1604 586 σὰς
1621 554 1739 580 συνιέναι
1756 554 1818 580 θεο-

1028 601 1176 633 πνεύστους
1192 600 1376 634 διδασκαλίας,
1386 600 1518 628 Διονύσιε.

1062 648 1131 679 Νοὸς
1148 647 1312 684 καθαρότητι
1336 647 1382 674 καὶ
1397 647 1486 682 ψυχῆς
1506 645 1562 673 τῶν
1579 646 1747 682 ἐπουρανίων
1762 645 1819 672 δια-

1028 695 1138 730 κόσμων
1153 693 1203 725 τὰς
1219 692 1362 730 ἀστραπὰς
1379 693 1474 729 μαθεῖν
1490 687 1618 728 ὴξιώθης,
1628 689 1674 719 καὶ
1689 692 1738 724 τὰς
1754 691 1819 719 τού-

1028 750 1084 769 των
1100 738 1277 778 χοροστασίας
1295 739 1370 773 ἰδεῖν,
1387 739 1519 766 Διονύσιε.

1384 786 1433 818 θὸκ
1443 792 1463 817 θ.

1065 837 1187 874 Νυμφῶν
1212 837 1369 873 φωτοφόρος
1393 837 1444 873 τῆς
1473 836 1543 873 ὑπὲρ
1566 835 1629 863 νοῦν
1654 834 1818 871 σαρκώσεως

1029 883 1124 919 ὤφθης
1145 883 1194 911 τοῦ
1218 883 1274 911 τῶν
1289 883 1358 910 ὅλων
1373 882 1555 920 δημιουργοῦν
1574 883 1607 908 ὲκ
1629 881 1676 908 σοῦ
1698 881 1753 918 γὰρ
1767 880 1818 916 τὴν

1030 930 1130 966 σάρκα,
1149 929 1299 966 Θεομῆτορ,
1315 929 1364 965 τὴν
1381 929 1517 966 ἡμετέραν
1532 928 1698 964 ἡμφιάσατο.

1065 975 1203 1013 Οὐρανίων
1230 976 1332 1011 ἀψίδων
1356 975 1522 1012 ὑπεραρθεὶς
1542 968 1687 1007 ὅσιε,ντῶν
1703 974 1820 1011 ὑπερκο-

1029 1023 1117 1058 σμίων
1132 1021 1182 1054 τὰς
1199 1022 1290 1056 τάξεις
1307 1020 1353 1049 καὶ
1368 1021 1403 1048 τὰ
1413 1019 1614 1057 στρατεύματα,
1626 1019 1732 1051 καὶτὰς
1747 1019 1818 1054 λαμ-

1028 1068 1168 1106 πρότητας
1183 1068 1345 1106 ὐψηγορίαις
1369 1067 1425 1095 τῶν
1433 1067 1520 1102 λόγων
1530 1067 1577 1094 καὶ
1585 1066 1734 1102 πανσόφοις
1749 1066 1820 1103 φρά-

1029 1121 1089 1139 σεσι
1104 1113 1171 1140 πᾶσι
1187 1113 1354 1150 ἒτράνωσας.

1071 1158 1192 1195 ’Υψηλῆς
1215 1158 1331 1195 θεωρίας
1355 1158 1537 1195 ἐμφορηθεὶς,
1563 1158 1662 1191 ἐνδοξε,
1687 1157 1737 1194 τὴν
1764 1155 1821 1184 τῶν

1029 1205 1168 1241 ὀνομάτων
1184 1205 1239 1232 τῶν
1255 1205 1335 1232 θείων
1359 1204 1508 1238 ἀνάπτυξιν
1523 1205 1715 1241 ὲθεολόγησας,
1739 1212 1820 1240 τρια-

1030 1251 1105 1284 δικδς
1121 1251 1246 1287 θεολόγος
1270 1251 1390 1287 γεγονὼς
1405 1252 1440 1288 τῇ
1457 1252 1558 1288 χάριτι,
1575 1251 1786 1286 θεομακάριστε.

1066 1341 1223 1378 Νεκρωθεὶς
1238 1341 1295 1373 τοῖς
1311 1331 1475 1379 παροῦσιτῷ
1491 1339 1559 1378 πρὸς
1570 1340 1636 1367 Θεὸν
1652 1339 1744 1376 ἔρωτι,
1762 1339 1811 1367 καὶ

1031 1387 1176 1423 φιλοσοφίᾳ
1198 1388 1331 1420 συντόνως
1351 1387 1603 1423 ἐγγυμνασάμενος,
1611 1386 1666 1413 τῶν
1683 1386 1752 1422 ὑπὲρ
1775 1385 1821 1412 έν-

1030 1443 1104 1462 νοιαν
1120 1434 1260 1466 ζωοπιῶν
1281 1434 1457 1470 χαρισμάτων
1475 1433 1602 1470 θεοφόρον
1624 1433 1749 1469 δργανον,
1765 1431 1822 1460 Πά-

1030 1489 1089 1517 τερ,
1107 1480 1264 1518 γεγένησαι.
1422 1518 1440 1522 _

1401 1524 1461 1552 θοκ.

226 1573 310 1608 Virgo
324 1571 493 1608 agricultura
509 1574 609 1598 cuncta
634 1570 760 1599 facientis
786 1571 902 1607 spiritus
920 1578 980 1598 om-

1065 1572 1190 1608 Γεωργία
1201 1571 1323 1609 Παρθένε
1339 1570 1387 1598 τοῦ
1398 1570 1569 1608 παντουργοῦ
1586 1569 1755 1606 Πνεύματος,
1769 1569 1823 1614 ad):

191 1618 267 1645 nium
288 1618 403 1645 Domino
424 1624 524 1652 corpus
538 1623 588 1652 pro
605 1616 695 1644 fructu
711 1617 861 1652 protulisti,
885 1617 914 1644 in
927 1624 981 1652 quo

1044 1627 1074 1645 ια
1095 1617 1135 1654 τῷ
1160 1617 1283 1654 Δεσπότῃ
1309 1617 1363 1644 τῶν
1385 1615 1454 1643 ὅλων
1485 1616 1724 1653 ὲκαρποφόρησας,
1748 1616 1777 1642 ὲν
1799 1611 1823 1650 ᾧ

192 1663 286 1691 mundi
299 1667 441 1698 peccatum
449 1661 641 1690 condemnavit
651 1682 658 1694 ,
683 1663 822 1698 vitamque
836 1670 983 1698 perennem

191 1708 279 1736 instar
294 1707 377 1735 fontis
389 1707 490 1735 emisit.

227 1753 334 1781 Bonum
365 1752 552 1781 Ecclesiarum
576 1753 700 1781 ordinem
729 1752 927 1788 composuisti;
955 1753 983 1781 in

192 1800 261 1835 ipsis
276 1799 462 1832 enim,Pater,
479 1799 624 1827 formando
635 1799 781 1834 depinxisti
794 1800 928 1835 imagines
939 1807 984 1827 sa-

192 1853 247 1874 crm
259 1845 377 1874 fictionis
391 1847 520 1873 virtutum
537 1845 632 1872 formae
643 1845 795 1880 expertium
810 1846 924 1877 similes,
936 1853 985 1880 per

193 1900 262 1928 quas
278 1892 430 1920 instituitur
445 1899 477 1920 ac
488 1892 640 1920 illustratur
655 1892 783 1920 universa
805 1891 925 1920 ﬁdelium
936 1899 985 1928 ,τσ-

193 1938 290 1973 ligiosa
310 1938 493 1974 congregatio.

230 1983 295 2011 Tua:
311 1983 411 2011 ﬂuenta
419 1983 570 2018 theologia,
586 1991 602 2010 a
618 1983 675 2011 Deo
690 1988 825 2019 correpte,
844 1987 922 2019 prata
938 1991 983 2010 ra-

193 2031 307 2058 tionalia
324 2033 351 2058 et
365 2037 474 2065 semper
489 2030 606 2058 virentia
622 2033 704 2065 atque
718 2030 745 2057 in
760 2029 822 2057 fidei
840 2030 984 2058 rectitudi-

194 2084 229 2104 ne
243 2076 350 2103 consita
359 2075 439 2103 valde
461 2075 595 2111 irrigant;
616 2074 749 2102 unitatem
765 2075 836 2102 enim
857 2075 984 2103 essentia

193 2122 223 2150 in
238 2129 418 2159 personarum
440 2121 576 2149 Trinitate
595 2120 779 2149 venerandam
795 2120 983 2148 monarchiam

193 2170 357 2205 praedicasti.

228 2215 382 2244 Vehemens
395 2215 557 2243 hierarchiaa
572 2215 694 2243 caelestis
711 2215 877 2243 desiderium
901 2219 983 2250 atque

1034 1665 1178 1701 κατέκρινε
1192 1664 1241 1700 τὴν
1257 1663 1394 1700 ἁμαρτίαν
1410 1663 1458 1690 τοῦ
1476 1663 1589 1699 κόσμου,
1600 1662 1647 1689 καὶ
1662 1661 1735 1698 ζωὴν
1746 1658 1823 1697 ¹ιὶπή-

1033 1720 1100 1746 γασε
1114 1711 1164 1747 τὴν
1178 1710 1365 1742 αἰωνιζουσαν,

1075 1755 1244 1793 Ἑκκλησιῶν
1256 1756 1306 1792 τὴν
1320 1755 1468 1792 εὐκοσμίαν
1484 1754 1654 1791 ὲῤῥύθμισας
1663 1763 1670 1770 ·
1688 1755 1718 1781 ὲν
1727 1754 1825 1786 αὑταῖς

1034 1804 1098 1840 γὰρ,
1115 1804 1221 1839 Πάτερ,
1238 1802 1439 1838 ὲζωγράφησας
1461 1800 1640 1837 μορφωτικῶς
1656 1800 1757 1833 τύπους
1772 1801 1826 1836 έμ-

1034 1851 1126 1886 φερεῖς
1150 1848 1340 1886 ἱεροπλαστίας
1360 1847 1415 1875 τῶν
1431 1847 1602 1883 ἀμορφώτων
1621 1847 1772 1882 δυνάμεων,
1789 1847 1825 1874 δι’

1032 1892 1070 1922 ὧν
1095 1895 1314 1931 μυσταγωγεῖται
1333 1893 1381 1920 καὶ
1397 1893 1543 1928 φωτίζεται
1559 1894 1634 1920 πᾶσα
1652 1893 1706 1920 τῶν
1720 1892 1826 1920 πιστῶν

1032 1943 1050 1978 ἡ
1066 1941 1188 1977 θεόφρων
1203 1941 1347 1976 ὁμήγυρις.

1074 1986 1183 2024 Ῥείθρα
1193 1987 1242 2022 τῆς
1259 1987 1308 2021 σῆς
1321 1985 1468 2020 θεολογίας,
1486 1985 1627 2021 θεόληπτε,
1638 1985 1701 2017 τοὺς
1721 1984 1824 2020 λειμῶ-

1033 2041 1081 2065 νας
1098 2033 1167 2067 άγαν
1180 2030 1374 2068 καταρδεύουσι
1395 2031 1458 2063 τοὺς
1473 2031 1598 2066 λογικοὺς
1621 2031 1668 2057 καὶ
1689 2031 1824 2063 άειθαλείς

1033 2079 1081 2106 καὶ
1101 2077 1320 2113 πεφυτευμένους
1342 2077 1388 2104 ἐπὶ
1413 2076 1554 2112 δογμάτων
1570 2076 1704 2112 ὀρθότητι·
1722 2076 1827 2112 μονάδα

1033 2125 1088 2161 γὰρ
1096 2124 1190 2156 οὐσίας
1200 2125 1229 2151 ὲν
1240 2124 1262 2151 Τ
1266 2123 1335 2159 ριάδι
1344 2122 1497 2159 προσώπων
1507 2121 1556 2158 τὴν
1564 2121 1666 2158 σεπτὴν
1675 2121 1826 2158 μοναρχίαν

1034 2170 1181 2206 ὲκήρυξας.

1073 2216 1233 2252 Ἀγγελικῆς
1251 2215 1392 2252 ἱεραρχίας
1400 2215 1445 2242 τὸν
1454 2215 1588 2248 σύντονον,
1599 2215 1722 2252 ίεράρχα,
1730 2215 1825 2249 πόθον,

193 2269 259 2298 erga
272 2261 356 2290 Deum
370 2270 502 2294 amorem,
528 2265 556 2290 et
580 2262 686 2289 firmam
700 2270 764 2298 erga
784 2262 904 2289 divinam
919 2269 981 2290 nec-

1044 2263 1082 2291 ιαὶ
1095 2263 1139 2289 τὸν
1156 2262 1245 2299 ἔρωτα
1259 2262 1329 2298 πρὸς
1344 2261 1391 2288 τὸν
1406 2261 1483 2290 Θεὸν,
1495 2262 1541 2289 καὶ
1556 2262 1605 2298 τὴν
1619 2262 1715 2298 ἀκλινῆ
1732 2262 1826 2289 νεῦσιν

193 2316 248 2336 non
260 2309 564 2344 incomprehensibilem
579 2308 752 2336 altitudinem
774 2307 985 2344 propensionem

194 2353 343 2389 prudenter
365 2354 483 2383 docuisti
499 2362 547 2383 eos
569 2355 615 2389 qui
632 2355 660 2382 in
677 2353 729 2382 ﬁde
753 2354 884 2387 clamant,
899 2354 986 2390 gloria

194 2400 322 2435 potestati
336 2403 400 2432 tuae,
416 2408 432 2428 o
449 2407 544 2428 amans
559 2400 711 2427 hominum.

477 2444 556 2480 337
576 2444 617 2471 Ad
631 2444 664 2472 B.
686 2443 718 2472 ν.

231 2491 315 2520 Sacer
327 2491 423 2519 salutis
438 2497 564 2526 operator
577 2491 627 2518 fuit
644 2491 729 2519 Filius
742 2495 806 2519 tuus
817 2492 944 2520 omnibus
958 2496 986 2521 te

193 2539 370 2568 laudantibus
385 2543 412 2566 ct
428 2540 478 2566 via’.
491 2542 518 2566 et
532 2539 601 2566 lucis
614 2538 712 2566 ductor
723 2543 750 2566 et
762 2538 880 2574 iustitia,
890 2539 984 2575 Virgo,

194 2589 223 2615 et
235 2585 385 2621 redemptio
403 2595 411 2612 :
425 2589 569 2620 propterea
587 2589 613 2612 te
629 2583 784 2620 Deiparam,
799 2594 863 2614 vere
875 2594 908 2613 ac
922 2594 987 2622 pro-

196 2634 255 2669 prie
269 2632 434 2660 unanimiter
449 2631 640 2667 praedicamus.

232 2722 322 2751 Sonus
338 2722 484 2750 verborum
500 2725 620 2754 tuorum,
634 2726 764 2757 tanquam
779 2720 899 2749 cmlestis
912 2730 985 2757 quae-

194 2769 256 2796 dam
272 2777 324 2796 vox
335 2769 442 2797 delatus
457 2773 562 2796 mentes
576 2767 623 2796 Dei
637 2771 763 2803 expertes
775 2768 906 2795 attonitas
923 2768 984 2796 red-

194 2815 265 2843 didit
284 2816 378 2851 gratia:
407 2822 543 2847 sermone,
570 2822 603 2841 ac
628 2814 785 2842 divinarum
807 2814 983 2842 lucidissimis

193 2862 382 2890 doctrinarum
398 2863 483 2890 radiis
496 2861 579 2890 corda
593 2860 712 2889 fidelium
729 2861 904 2889 illuminavit.

1037 2310 1105 2347 πρὸς
1126 2309 1157 2336 τὸ
1180 2309 1245 2344 ὕψος
1268 2309 1298 2336 τὸ
1311 2309 1381 2336 θεῖον
1397 2310 1444 2336 καὶ
1477 2310 1668 2345 ἀκατάληπτον
1702 2309 1826 2344 ἐδίδαξας

1037 2357 1178 2394 ἐμφρόνως
1198 2357 1262 2388 τοὺς
1285 2357 1314 2384 ἐν
1339 2356 1429 2383 πίστει
1444 2356 1574 2392 βοῶντας,
1591 2357 1624 2392 τῇ
1647 2356 1760 2392 δυνάμει
1777 2365 1827 2384 σου

1036 2404 1111 2438 δόξα,
1128 2403 1312 2440 φιλάνθρωπε.

1403 2445 1466 2476 θόκ.

1077 2493 1227 2530 Ἵερουργὸς
1239 2494 1289 2530 τῆς
1304 2495 1440 2531 σωτηρίας
1460 2495 1568 2530 ἐγένετο
1582 2497 1598 2523 ὁ
1615 2495 1678 2527 Υἱός
1695 2503 1741 2521 σου
1757 2495 1826 2522 πᾶσι

1035 2541 1090 2572 τοῖς
1112 2539 1225 2576 ὑμνοῦσι
1251 2549 1280 2567 σε
1316 2541 1363 2568 καὶ
1386 2541 1502 2577 ποδηγδς
1525 2542 1571 2568 καὶ
1592 2540 1758 2576 φωταγωγὸς
1777 2541 1826 2567 καὶ

1034 2585 1201 2621 δικαιοσύνη,
1219 2586 1353 2621 Παρθένε,
1368 2587 1415 2614 καὶ
1433 2586 1637 2622 ἀπολύτρωσις·
1660 2586 1700 2612 διὸ
1715 2581 1826 2613 σε’Θεο-

1034 2632 1113 2659 τόκον
1126 2631 1233 2668 ἀληθῶς
1245 2633 1292 2660 καὶ
1309 2634 1412 2670 κυρίως
1429 2634 1453 2660 οἱ
1472 2633 1562 2661 πιστοῖ¹
1576 2633 1734 2669 ὸμοφρόνως
1749 2632 1828 2665 δοξά-

1036 2679 1128 2714 ζομεν.

1080 2725 1223 2761 Ῥημάτων
1247 2735 1294 2753 σου
1318 2727 1332 2753 ὁ
1355 2727 1490 2762 φθόγγος,
1514 2726 1608 2762 ὥσπερ
1635 2735 1678 2758 τις
1700 2725 1827 2761 οὐράνιος

1036 2769 1103 2807 ἦχος
1128 2773 1288 2809 φερόμενος,
1310 2773 1360 2805 τὰς
1383 2773 1480 2805 ἀθέους
1501 2773 1601 2808 φρένας
1626 2772 1826 2808 κατεϐρόντησε

1036 2816 1107 2852 λόγῳ
1121 2818 1171 2853 τῆς
1185 2819 1304 2854 χάριτος,
1322 2818 1368 2845 καὶ⁴
1385 2818 1525 2853 δογμάτων
1538 2817 1616 2844 θείων
1632 2818 1827 2854 μαρμαρυγαῖς

1035 2863 1095 2894 ταῖς
1112 2864 1272 2899 φανοτάταις
1279 2864 1333 2892 τῶν
1342 2863 1444 2891 πιστῶν
1457 2863 1507 2895 τὰς
1520 2863 1632 2899 καρδίας
1640 2863 1825 2899 ἐλάμπρυνεν.

233 2909 242 2919 '
253 2909 426 2938 Abbreviatio
443 2910 518 2939 vocis
532 2910 668 2945 Θεοτόκῳ,
684 2909 712 2938 ιι.
727 2917 752 2938 e.
770 2910 900 2945 Deipara'.
917 2908 998 2938 Enrr.
1015 2909 1101 2939 Pun.
