1950 3065
131 189 183 223 5M

666 190 856 224 ENCOMIUM,
871 189 918 217 EX
934 188 1076 217 MENEIS
1092 187 1238 216 GBECIS.
1277 193 1280 196 '

1706 187 1758 217 58’

176 254 324 290 Ὠμοιώθης
339 252 451 289 ἐμπόρῳ
464 252 504 288 τῷ
517 251 580 283 τοὺς
596 249 766 287 μαργαρίτας
783 248 916 285 ζητοῦντι,

1008 245 1111 274 Similis
1138 245 1216 273 fuisti
1243 245 1389 274 mercatori
1421 245 1583 281 margaritas
1610 245 1759 281 quaerenti,

135 299 272 332 πανόλϐιε,
289 300 336 326 καὶ
353 297 440 335 εὑρὼν
458 296 504 325 τὸν
517 297 564 324 ἕνα
582 296 753 332 μαργαρίτην
770 295 815 322 τὸν
839 294 922 327 ὅντως

135 346 292 382 πολύτιμον,
311 346 358 372 καὶ
368 344 511 380 θαυμάσας
525 342 620 369 τούτου
636 341 686 374 τὰς
702 341 848 376 θεουργοὺς
865 349 921 375 φω-

133 391 267 423 τοϐολίας,
285 391 408 426 ῑεράρχα,
426 389 491 416 Θεὸν
505 388 693 425 ὡμολόγησας.

169 438 225 473 Τὴν
241 437 332 473 πηγὴν
351 437 402 472 τῆς
425 435 519 470 σοφίας
545 432 797 470 ὲμφιλοσοφὼτατα,
817 432 920 468 Πάτερ,

134 484 290 519 ἠγάπησας,
306 483 353 509 καὶ
376 482 414 518 τῷ
429 481 532 517 ταύτης
549 481 651 516 φίλτρῳ
667 480 715 506 καὶ
735 478 829 514 ἀγάπῃ
853 487 922 514 συμ-

137 529 360 565 περιφερόμενος,
371 527 512 559 πολλοστὸς
525 527 627 561 ἐγένου,
637 525 684 553 καὶ
691 526 829 561 ποταμοὺς
843 523 922 551 θείων

137 575 263 611 ναμάτων
279 575 399 606 ἀεννάως
415 573 558 609 πηγάζεις,
576 572 747 599 θεόπνευστε.

494 619 555 651 θιῖκ.

173 671 216 704 Ὧς
233 671 438 707 κεχαριτωμένη
455 670 504 706 τὴν
527 668 686 697 καλλοποιὺν
703 668 855 704 ὑπερεδέξω
876 669 921 695 εύ-

134 718 267 754 πρὲπειαν
284 719 333 754 τὴν
355 717 389 744 τὰ
407 718 496 745 πάντα
514 717 585 753 μόνῳ
604 717 642 752 τῷ
665 715 814 751 βουλήματι
837 723 920 741 κατα-

135 764 315 797 σκευάσασαν,
332 764 379 791 καὶ
400 763 438 799 τῷ
456 763 518 799 θείῳ
531 763 623 790 κάλλει
647 763 693 790 καὶ
716 761 848 798 φωτισμῷ
871 761 921 797 τῆς

134 810 284 843 εὐσεϐείας,
302 810 451 846 Θεομῆτορ,
468 810 541 845 ἡμᾶς
558 809 777 836 καλλωπίσασαν.

169 856 462 892 Νομίμως’φιλοσὸφων
473 855 568 889 σοφίας
581 854 659 890 δώρῳ
673 854 811 889 ἐπέτυχες·
821 852 922 885 ὲνοέως

133 902 294 936 ἐνθεολογῶν
304 901 429 938 ὀρθὸδοξα
443 900 573 936 δόγματα,
586 900 751 936 παμμάκαρ,
762 899 917 933 κατέλιπες,

132 944 169 976 ὧν
183 947 370 984 κατετρύχθης
381 956 387 963 ·
403 948 428 974 οἱ
443 947 533 974 πιστοὶ¹
551 947 581 973 σὲ
596 944 792 983 μακαρίζομεν.

165 1036 274 1064 Συνέσει
298 1037 451 1074 θεοπρεπεῖ,
475 1036 599 1073 θεόφρον,
614 1035 861 1071 καλλωπιζόμενος,
878 1035 918 1070 τῷ

133 1084 196 1119 θείῳ
219 1084 390 1120 μυσταγωγῷ
412 1084 442 1111 τδ
462 1082 509 1116 οὖς
524 1092 570 1110 σου
589 1082 778 1118 ὑπερέκλινας,
802 1081 850 1109 καὶ
869 1081 921 1118 τὴν

133 1130 315 1166 ύπερκόσμιον
330 1129 376 1158 ὑπ’
390 1129 471 1157 αὐτοῦ
488 1129 584 1164 σοφίαν
598 1128 729 1165 ἐμυήθης,
745 1128 874 1155 Διονύσιε.

174 1219 203 1245 ’0
219 1219 274 1254 βίος
289 1227 335 1245 σου
350 1217 514 1254 θαυμαστὸς,
529 1218 544 1244 6
563 1217 641 1251 λόγος
654 1215 885 1252 θαυμασιώτερος,
900 1216 917 1252 ὴ

131 1265 242 1299 γλῶσσά
257 1271 303 1291 σου
320 1263 475 1300 φωταυγὴς,
490 1263 521 1290 τδ
537 1262 622 1298 στόμα
644 1262 802 1298 πυρίπνουν,
825 1262 918 1298 μάκαρ

132 1311 266 1338 Διονύσιεδ
293 1310 308 1336 ὁ
328 1311 356 1337 δὲ
374 1309 437 1342 νοῦς
462 1318 519 1341 σου,
547 1309 648 1345 Πάτερ,
664 1308 785 1343 ἀκριϐῶς
803 1308 917 1336 θεοειδέ-

132 1365 237 1388 στατος.

497 1404 561 1439 θ’ὖκ.

167 1469 260 1505 Φωνήν
275 1478 315 1496 σοι
335 1467 383 1495 τοῦ
397 1468 527 1505 Γαόριὴλ,
548 1467 579 1495 τὸ
592 1467 696 1502 Χαῖρε,
719 1466 809 1494 πίστει
832 1475 919 1503 κραυ-

131 1515 260 1550 γάζομεν,
289 1515 319 1548 ἐξ
343 1512 377 1551 ἧς
398 1515 543 1551 ἀφράστως
565 1514 631 1550 ἡμῖν
656 1515 670 1541 6
691 1512 918 1549 ζωαρχικώτατος

131 1560 200 1596 ἀνὴρ
216 1561 383 1597 ἐχρημάτισε
399 1562 446 1588 καὶ
468 1559 673 1596 συνανεστράφη
688 1560 744 1591 τοῖς
764 1559 918 1595 ἀνθρώποις

131 1609 146 1634 6
160 1607 358 1644 φιλάνθρωπος.

174 1656 218 1688 Ὠς
233 1656 335 1692 ὖμῦρος
356 1656 481 1692 οὐράνιος
501 1655 530 1682 ὲν
550 1655 585 1690 γῇ
607 1653 711 1690 διψώσῃ
724 1652 760 1680 τὰ
774 1653 808 1679 σὰ
827 1651 918 1686 διδάγ-

133 1710 206 1737 ματα
223 1699 277 1728 τῶν
291 1701 395 1729 πιστῶν
414 1701 464 1733 τὰς
484 1700 598 1737 καρδίας
613 1699 656 1727 ἀεὶ
680 1699 816 1731 ποθούσας
834 1706 918 1725 κατα-

131 1746 278 1779 πιαῑνουσι,
295 1743 342 1774 καὶ
356 1746 510 1783 ἀκορέστως
520 1745 584 1781 βοᾷν
600 1744 818 1772 ὲκδιδάσκουσιν·
834 1743 917 1770 Εύλοο

130 1793 214 1828 γητὺς
229 1794 243 1819 6
257 1792 322 1824 Θεὸς
335 1793 349 1819 6
364 1792 418 1819 τῶν
432 1791 557 1827 πατέρων
571 1792 587 1826 ἠ
592 1790 659 1826 μῶν.

160 1840 266 1874 Δοχεῑον
278 1838 435 1874 Πνεύματος
442 1838 489 1864 τοῦ
498 1837 630 1871 παναγίου
638 1835 732 1871 ὤφθης
740 1835 916 1871 ὲνάρμοστον,

131 1885 179 1912 καὶ
191 1886 224 1921 τῇ
239 1884 331 1912 τούτου
348 1882 494 1920 ὲμπνεύσει
510 1883 557 1911 καὶ
573 1879 724 1918 φανερώσει
743 1881 917 1918 προφητικῶ-

131 1939 200 1958 τατα
221 1929 424 1967 προαγορεύων,
442 1930 507 1964 σοφὲ
529 1928 663 1961 Διονύσιε,
685 1927 848 1964 Εὐλογητὸς,
869 1927 918 1955 ὲκ-

132 1976 211 2009 εοῶν,
226 1977 240 2002 6
255 1977 308 2004 τῶν
324 1976 449 2012 πατέρων
465 1975 540 2007 Θεός.

491 2066 544 2100 θὸκ
549 2091 555 2100 ι

173 2139 237 2167 Ἰδοὺ
252 2139 300 2166 νῦν
313 2140 489 2176 πεπλήρωται
508 2137 554 2166 τοῦ
575 2139 684 2166 Ἡσαΐου
706 2139 723 2175 ἡ
747 2138 915 2175 προαγόρευ-

132 2194 191 2218 σιςο
208 2186 237 2212 ὲν
250 2186 348 2222 γαστρί
370 2195 426 2218 σου,
448 2185 580 2221 Παρθένε,
602 2184 648 2212 τὸν
663 2185 749 2219 Λόγον
770 2184 849 2220 ἔσχες
869 2184 916 2211 καὶ

130 2231 290 2268 ἁπεκύησας
309 2231 355 2258 τὸν
369 2231 518 2267 ζωοδότην,
539 2227 561 2266 ᾧ
582 2231 681 2263 πάντες
702 2231 913 2267 κραυγάζομεν·

130 2279 281 2314 Εὐλογητὸς
295 2280 310 2305 6
323 2279 398 2311 Θεὸς.

166 2325 297 2359 Διαφανὲς
313 2326 350 2357 ὡς
366 2325 496 2361 ἔσοπτρον
509 2324 637 2360 γεγονὼς,
653 2324 784 2356 Διονύσιε,
799 2324 846 2352 καὶ
860 2333 915 2360 χω-

134 2369 242 2405 ρητικὸν
255 2368 310 2395 τῶν
323 2369 450 2405 καθαρῶν
464 2370 608 2406 ἐμφάσεων
623 2370 669 2397 τδν
683 2369 746 2397 νοῦν
761 2370 916 2405 ἐργασάμε-

132 2422 176 2445 νος
189 2414 221 2441 δι’
236 2414 346 2450 ἀρετῆς,
360 2415 496 2447 πανόλὸιε,
513 2415 562 2448 τὰς
578 2415 763 2452 μαρμαρυγὰς
776 2415 831 2442 τῶν
845 2415 915 2451 ὑπὲρ

131 2459 194 2486 νοῦν
216 2459 393 2496 λαμπηδόνων
416 2461 569 2497 δεχόμενος,
590 2461 686 2493 ὲσόαςο
716 2461 818 2497 Ἱερεῖς,
840 2461 916 2487 εὐλο-

131 2505 214 2540 γεῖτε.

173 2551 360 2587 ’Δφθονωτέρα
385 2552 464 2588 χάρις
492 2561 538 2579 σου
564 2552 678 2588 ἐξεχύθη
701 2553 758 2585 τοῖς
778 2552 913 2588 χείλεσιν*

130 2597 192 2625 ὅθεν
213 2597 264 2628 τὰς
283 2597 390 2628 ἐνθέους
412 2597 521 2633 διδαχὰς
545 2598 714 2634 παρέθηκας,
742 2597 790 2634 τὴν
812 2597 915 2625 τούτων

129 2643 249 2671 διάνοιαν
271 2642 417 2679 ὑπερφυῶς
437 2644 502 2678 ἡμῖν
526 2643 659 2677 ὲξαπλῶν,
684 2644 730 2670 καὶ
753 2643 913 2680 διατρανῶν,

130 2689 177 2716 καὶ
191 2687 332 2724 τηλαυγῶς
350 2687 528 2715 ἀναπτύσσων
543 2689 598 2719 τοῖς
619 2687 708 2714 πίστει
734 2687 896 2723 μελῳδοῦσιν
906 2697 912 2703 ·

136 2734 238 2770 Ίερεῖς,
249 2734 393 2768 εὐλογεῖτε.

165 2779 364 2816 Γνωριμωτέρα
383 2778 479 2814 γέγονε
505 2779 550 2806 διὰ
575 2779 640 2812 σοῦ,
666 2779 796 2811 Διονύσιε,
820 2780 837 2815 ἡ
860 2779 914 2807 τῶν

136 2826 283 2863 Ἀθηναίων
292 2826 404 2862 εὐκλεὴς
413 2825 584 2862 μητρόπολις,
594 2825 703 2862 Χριστῷ
711 2826 915 2862 προσενέγκασα

130 2873 177 2900 καὶ
192 2873 315 2909 ἄπαρχον
323 2872 449 2908 πανιερον
465 2872 504 2908 τῷ
520 2872 686 2908 παμϐασιλεῖ
699 2871 831 2905 διηνεκῶς
850 2873 914 2908 μελ-

130 2917 252 2954 ῳδοῦσα·
269 2918 300 2946 Οἱ
317 2918 419 2952 παῖδες,
434 2918 579 2953 εὐλογεῖτε.

971 291 1149 326 beatissime;
1165 299 1273 327 unaque
1286 299 1381 320 revera
1397 292 1597 327 pretiosissima
1612 293 1761 327 margarita

971 339 1093 371 inventa,
1110 346 1143 366 ac
1156 337 1216 373 ejus
1229 338 1340 365 deiiicas
1358 338 1473 366 miratus
1491 338 1562 365 lucis
1582 334 1759 377 emissiones.

972 383 1127 415 hierarcha,
1144 382 1229 411 Deum
1244 390 1274 409 es
1288 382 1442 410 confessus.

1008 428 1156 464 Sapientia:
1180 427 1281 456 fontem
1300 428 1513 463 sapientissime,
1537 428 1629 461 Pater,
1650 429 1760 462 amasti,

971 475 1087 511 ejusque
1101 475 1204 510 pbiltro
1216 479 1243 502 et
1255 481 1348 502 amore
1360 474 1544 502 circumactus
1558 482 1629 502 unus
1639 483 1655 503 e
1666 475 1760 502 multis

972 521 1061 553 fuisti,
1078 520 1246 556 ﬂuminaque
1264 521 1421 549 divinorum
1440 521 1566 554 laticum,
1579 520 1668 549 aillate
1690 521 1757 554 Deo,

970 566 1131 602 perenniter
1147 566 1228 594 facis.

1293 623 1335 650 Ad
1355 623 1388 651 B.
1410 623 1442 651 V.

1004 669 1085 698 Velut
1103 670 1190 706 gratia
1204 670 1284 705 plena
1299 670 1493 706 pulehriﬁcum
1507 677 1590 706 supra
1604 678 1698 698 omnes
1713 678 1763 700 ac~

971 716 1066 751 cepisti
1087 716 1225 748 decorem,
1246 716 1293 752 qui
1309 716 1451 744 voluntate
1472 717 1530 745 sola
1555 717 1676 744 condidit
1696 718 1758 744 uni-

969 770 1061 795 versa,
1085 762 1232 798 divinaque
1257 763 1473 798 pulchritudine,
1493 767 1575 798 atque
1595 763 1703 799 pietatis
1725 764 1760 791 il-

970 808 1142 840 iustratione,
1158 808 1206 836 Dei
1222 809 1350 844 genitrix,
1367 817 1418 837 nos
1429 809 1594 837 venustavit.

1005 854 1085 890 chis
1096 855 1257 890 prtescripto
1269 855 1493 890 philosophorum
1505 855 1645 891 sapientiae
1656 855 1758 883 donum

970 906 1147 934 consecutus,
1158 902 1249 929 divine
1260 901 1315 929 Deo
1324 902 1421 937 plenus
1433 901 1466 929 dc
1480 906 1561 928 rectae
1573 901 1635 928 ﬁdei
1647 901 1760 937 dogma-

969 947 1045 975 tibus
1059 947 1209 980 disserens,
1229 947 1388 981 deseruisti,
1404 947 1573 981 beatissime,
1590 947 1692 983 quibus
1709 948 1760 976 ab-

968 994 1121 1022 sumebat-is
1138 1003 1145 1021 :
1165 993 1258 1022 ﬁdeles
1275 998 1301 1021 te
1314 994 1439 1022 beamus.

1001 1038 1041 1067 Tu
1060 1040 1107 1076 qui
1123 1040 1216 1068 divina
1230 1040 1316 1076 sapis,
1340 1039 1425 1067 Deum
1447 1040 1561 1068 decente
1582 1043 1695 1068 ornatus
1714 1040 1758 1067 in—

969 1088 1089 1120 tellectu,
1102 1087 1136 1114 ad
1149 1087 1272 1115 divinum
1289 1090 1486 1123 praeceptorem
1503 1094 1584 1114 aures
1597 1091 1660 1115 tuas
1675 1087 1756 1114 incli-

968 1134 1052 1167 uasti,
1074 1141 1106 1161 ac
1126 1133 1376 1169 supermundanam
1395 1135 1430 1162 ab
1445 1141 1485 1170 ,eo
1512 1134 1674 1169 sapientiam
1689 1134 1757 1162 edo-

968 1185 1030 1208 ctus
1049 1189 1090 1213 es,
1107 1175 1231 1217 Dionysi.

1004 1226 1069 1255 Vita
1084 1231 1131 1254 tua
1147 1226 1327 1259 admirabilis,
1343 1233 1434 1255 sermo
1450 1226 1646 1260 admirabilior,
1661 1227 1757 1261 lingua

968 1278 1015 1301 tua
1029 1274 1184 1310 splendida,
1199 1281 1231 1302 os
1250 1278 1327 1301 tuum
1340 1274 1430 1309 ignem
1451 1274 1571 1309 spirans,
1593 1274 1672 1302 beate
1692 1273 1757 1300 Dio-

967 1319 1040 1356 nysi,
1062 1323 1109 1347 tua
1125 1327 1191 1348 vero
1207 1327 1297 1353 mens,
1317 1317 1410 1353 Pater,
1426 1327 1532 1347 summe
1546 1319 1602 1347 Deo
1619 1327 1700 1356 quam
1715 1326 1757 1347 st-

967 1366 1091 1394 utillima.

1288 1422 1330 1450 Ad
1348 1422 1382 1452 B.
1403 1422 1433 1451 V.

1001 1467 1043 1495 Ad
1061 1471 1089 1496 te
1104 1467 1239 1496 Gabrieiis
1260 1476 1367 1502 vocem,
1386 1469 1449 1502 Ave,
1466 1469 1518 1497 ﬁde
1541 1469 1701 1504 clamamus,
1721 1478 1756 1499 ex

969 1521 1024 1549 qua
1044 1513 1126 1542 nobis
1144 1514 1320 1542 ineffabiliter
1339 1515 1388 1550 qui
1410 1513 1639 1544 excellentissime
1660 1520 1758 1544 auctor

968 1564 1011 1589 est
1027 1561 1100 1593 vitae,
1115 1561 1158 1588 vir
1168 1564 1250 1589 natus
1264 1565 1317 1594 est,
1339 1568 1370 1588 ac
1387 1569 1450 1589 cum
1465 1560 1623 1590 hominibus
1641 1569 1757 1590 conver-

932 1605 955 1635 C
970 1610 1047 1635 satus
1064 1606 1110 1634 ille
1127 1606 1269 1634 hominum
1285 1614 1391 1635 amans.

1005 1652 1082 1680 Sicut
1103 1652 1225 1681 celestis
1250 1652 1338 1680 imber
1356 1652 1384 1680 in
1404 1652 1507 1681 sitienti
1527 1656 1601 1680 terra
1622 1652 1756 1681 doctrina.-

967 1703 1021 1726 tuae
1039 1699 1162 1726 ﬁdelium
1183 1699 1268 1726 corda
1290 1706 1397 1734 semper
1418 1699 1498 1727 avida
1519 1700 1701 1735 impinguant,
1727 1704 1755 1728 et

967 1745 1066 1773 docent
1080 1745 1274 1773 insatiabiliter
1288 1745 1407 1773 clamare
1420 1753 1426 1772 :
1443 1744 1606 1774 Benedictus
1620 1745 1692 1775 Deus
1706 1754 1754 1782 pa-

957 1795 1039 1822 ,trum
1053 1794 1221 1820 nostrorum.

1000 1836 1172 1865 Concinnum
1185 1837 1304 1873 Spiritus
1317 1838 1405 1866 sancti
1416 1837 1601 1866 habitaculum
1619 1839 1696 1866 visus
1711 1846 1752 1872 es,

967 1886 1049 1918 atque
1072 1882 1156 1918 hujus
1176 1883 1357 1919 inspiratione
1379 1891 1411 1911 ac
1432 1883 1617 1912 declaratione
1637 1892 1670 1912 ea
1694 1892 1754 1920 quae

966 1930 1106 1965 prophetis
1122 1930 1234 1966 propria
1247 1934 1321 1964 sunt,
1342 1938 1425 1966 quam
1442 1931 1561 1959 maxime
1582 1931 1754 1967 praedicens,

966 1976 1078 2011 sapiens
1098 1976 1221 2013 Dionysi,
1243 1977 1402 2006 exclamans
1417 1987 1424 2005 :
1441 1976 1605 2006 Benedictus
1620 1977 1692 2006 Deus
1706 1985 1754 2014 pa-

967 2026 1039 2050 trum
1044 2043 1050 2050 .

1288 2080 1330 2107 Ad
1347 2080 1380 2108 B.
1403 2080 1435 2109 V.

969 2124 974 2128 ³
1001 2135 1072 2164 Ecce
1087 2143 1161 2164 nunc
1174 2135 1316 2172 impletum
1334 2140 1377 2164 est
1391 2135 1468 2165 Isaias
1483 2137 1752 2174 vaticinium:338

967 2181 994 2208 in
1009 2186 1088 2210 utero
1103 2186 1162 2216 tuo,
1180 2182 1273 2218 Virgo,
1291 2182 1413 2210 Verbum
1426 2183 1546 2211 habuisti
1571 2183 1754 2220 datoremque

966 2228 1030 2255 vitae
1047 2229 1176 2264 genuisti,
1199 2229 1245 2256 cui
1267 2229 1419 2257 clamamus
1442 2236 1561 2257 omnes:
1585 2229 1752 2259 Benedictus

928 2282 956 2313 υ
968 2273 1065 2308 DeusJ

1001 2320 1036 2348 Ut
1058 2325 1235 2358 transparens
1257 2322 1398 2358 speculum
1412 2321 1500 2356 fuisti,
1522 2322 1648 2360 Dionysi,
1667 2331 1754 2359 pura-

965 2375 1082 2404 rumque
1097 2377 1223 2404 capacem
1237 2369 1450 2396 illustrationum
1465 2373 1583 2398 mentem
1599 2371 1698 2398 virtute
1709 2371 1750 2399 ef-

966 2412 1066 2448 fecisti,
1091 2422 1108 2442 o
1130 2415 1303 2448 felicissime;
1324 2415 1506 2442 scintillarum
1528 2420 1646 2444 mentem
1669 2424 1750 2445 exce-

965 2459 1089 2487 dentium
1112 2460 1273 2496 splendores
1288 2461 1443 2496 suscipieus
1462 2462 1601 2491 clamabas
1620 2470 1627 2488 :
1651 2461 1753 2491 Sacer-

965 2506 1053 2539 dotes,
1070 2506 1231 2535 benedicitc.

999 2553 1241 2582 Abundantissima
1257 2552 1355 2582 diﬂ‘usa
1367 2556 1410 2581 est
1425 2554 1454 2581 in
1474 2554 1554 2582 labiis
1571 2555 1627 2583 tuis
1642 2555 1748 2591 gratia;

965 2598 1038 2626 unde
1048 2598 1188 2626 doctrinas
1201 2597 1256 2626 Deo
1271 2598 1364 2633 plenas
1376 2599 1554 2634 proposuisti,
1574 2599 1670 2627 harum
1684 2607 1748 2628 sen-

965 2651 1025 2671 sum
1038 2643 1119 2671 modo
1129 2648 1255 2671 naturam
1267 2644 1392 2672 vincente
1402 2645 1542 2681 explicans
1554 2648 1581 2672 et
1592 2640 1746 2678 declarans,

964 2698 997 2718 ac
1011 2690 1165 2718 clarissime
1181 2691 1307 2726 aperiens
1317 2691 1397 2719 nobis
1409 2692 1457 2727 qui
1472 2691 1526 2719 tide
1538 2691 1664 2718 canimus
1677 2699 1683 2717 :
1697 2690 1747 2718 Sa-

965 2735 1102 2769 cerdotes,
1117 2736 1280 2764 benedicite.

997 2780 1145 2809 Notissima
1160 2782 1211 2809 fuit
1218 2790 1267 2817 per
1280 2786 1316 2816 te,
1329 2782 1452 2818 Dionysi,
1471 2782 1586 2810 celebris
1597 2781 1746 2808 Athenien-

963 2826 1034 2854 sium
1049 2828 1218 2863 metropolis,
1232 2828 1297 2856 dum
1310 2828 1420 2856 Christo
1437 2828 1651 2856 sacratissimum
1663 2827 1745 2854 etiam

963 2874 1106 2908 praesulem
1130 2873 1238 2906 obtulit,
1258 2874 1380 2902 omnium
1401 2874 1458 2910 regi
1477 2872 1625 2901 concinens
1648 2880 1746 2908 perpe-

965 2922 1012 2947 tuo
1023 2928 1028 2946 :
1047 2918 1140 2948 Pueri.
1160 2919 1323 2948 benedicite.
