1950 3065
210 136 264 164 585

532 197 572 224 Ad
593 197 626 225 Β.
645 197 676 224 γ.

247 247 333 274 Mater
349 246 395 273 Dei
413 243 674 280 irreprehensibilis,
689 243 786 270 animae
799 250 866 270 meae
879 244 1001 277 vulnera,

209 297 236 320 ct
258 292 364 328 peccati
386 291 529 319 cicatrices
550 290 630 322 delc;
656 288 756 316 Filium
776 289 850 317 enim
871 290 1001 325 genuisti,

211 339 256 374 qui
282 342 445 374 potestatem
466 337 549 364 habet
567 335 672 363 catenis
689 336 817 370 lapsuum
840 336 948 365 vinctos
969 344 1004 365 ex

211 384 450 413 iudissolubilibus
469 382 589 410 vinculis
606 381 687 409 facile
701 381 853 415 relaxandi,
866 383 913 418 qui
926 383 1003 411 solus

211 437 254 460 est
267 431 339 459 Deus
354 429 513 458 benefactor
524 429 552 455 in
567 427 680 456 saecula.

247 531 350 566 Dignus
367 528 445 556 fuisti
463 534 525 555 esse
546 529 705 554 sanctorum
729 525 915 560 apostolorum
936 531 1003 552 con—

210 576 365 611 templator,
385 581 418 601 ac
438 572 625 600 collaborator
647 571 722 598 fuisti
739 571 877 606 particeps
896 570 1001 606 gloriae,

212 626 294 657 atque
308 628 369 648 cum
386 619 454 654 ipsis
469 617 606 645 festinasti
628 617 662 644 ad
683 620 862 650 conspectum
878 615 1003 650 corporis

210 669 300 703 reipsa
317 667 380 694 vitae
399 664 528 701 principii
551 663 638 691 solius
652 663 774 698 Deiparaa
789 667 816 690 et
836 661 1003 698 augustissi-

209 721 270 745 ωε,
287 719 369 748 quam
384 718 434 746 pro
445 709 551 737 meritis
568 716 695 744 magnam
710 708 900 744 praedicamus.

244 758 337 787 Haeres
351 757 436 785 divini
456 755 483 783 in
504 755 583 783 ccelis
599 755 677 790 regni
696 754 786 781 factus
801 761 842 786 es,
863 756 892 781 ut
913 753 1003 789 legiti-

209 813 271 833 mus
286 805 445 840 episcopus,
469 801 562 834 Pater,
580 806 612 829 ut
627 801 748 828 invictus
765 800 839 836 pugil
854 798 1002 828 sacerdotii

210 859 348 891 unguento
373 853 534 889 sanguinem
558 851 689 886 martyris
707 848 925 882 commiscuisti;
941 847 1003 875 ideo

209 902 333 938 duplices
355 909 472 929 coronas
489 900 587 928 merito
606 898 751 934 accepisti,
774 904 854 926 sacre
879 896 1004 924 initiator

210 948 335 984 Dionysi.

245 993 280 1022 Ut
295 994 401 1021 habens
412 991 543 1028 loquendi
560 1000 623 1020 cum
639 991 694 1019 Deo
711 991 878 1024 libertatein,
894 989 1003 1025 sapiens

209 1040 338 1076 episcope
358 1039 483 1075 Dionysi,
504 1047 613 1074 semper
634 1038 786 1070 intercede,
801 1040 831 1065 ut
849 1036 898 1072 qui
913 1036 958 1071 pie
976 1039 1004 1063 te

210 1087 324 1115 laudant
345 1094 379 1114 cx
401 1085 601 1114 tentationibus
623 1084 801 1119 eripiantur:
823 1082 1003 1110 ineﬂ'abilium

210 1133 334 1161 initiator
347 1131 623 1166 contemplationum.
638 1131 711 1158 sicut
721 1137 830 1157 arcana:
842 1136 874 1157 ac
889 1127 1004 1156 divinis-

210 1180 286 1208 simaa
304 1179 436 1207 bonitatis
454 1186 532 1206 sacer
546 1185 577 1205 es
593 1178 740 1212 interpres.

528 1223 569 1250 Ad
588 1223 621 1251 Β.
641 1223 672 1251 ν.

247 1271 434 1300 Venerandam
449 1270 601 1298 Ecclesiam
617 1270 736 1298 haereses
747 1277 880 1305 generose
890 1270 1004 1297 vincen-

209 1323 265 1347 tem
281 1318 406 1351 ostende,
421 1325 504 1353 quam
520 1316 660 1350 Christus,
671 1325 687 1344 ο
704 1316 792 1352 gratia
807 1316 898 1351 plena,
915 1315 1003 1344 Filius

211 1368 278 1392 tuus
293 1364 415 1399 pretioso
431 1362 564 1398 sanguine
587 1368 638 1389 suo
660 1364 690 1388 ut
711 1361 801 1388 bonus
822 1359 1002 1396 comparavit,

209 1414 237 1437 et
258 1409 389 1445 periculis
410 1409 497 1444 eripe,
518 1411 603 1442 atque
625 1407 660 1434 ab
679 1413 711 1434 ea
732 1414 794 1442 quae
816 1413 868 1435 nos
886 1409 1003 1442 occupat

209 1454 355 1491 tyrannide
368 1455 484 1482 redime.

247 1501 544 1537 Dionysi;beatissime
559 1499 675 1528 celebris
708 1498 837 1536 coryphei
857 1497 935 1525 Pauli
960 1497 1003 1525 di-

798 135 826 163 S.
847 133 996 163 DIONYSII
1013 135 1247 166 AREOPAGITAE

1789 142 1838 170 58d

1419 197 1482 230 θὲκ.

1090 248 1184 284 Μῆτερ
1207 247 1275 275 Θεοῦ
1290 249 1454 284 πανάμωμε,
1471 249 1521 285 τῆς
1534 249 1624 285 ψυχῆς
1641 258 1691 286 μου
1711 250 1746 278 τά
1761 251 1838 288 τραύ-

1055 299 1128 326 ματα
1147 292 1195 318 καὶ⁵
1216 292 1265 328 τῆς
1286 293 1423 329 ἁμαρτίας
1438 293 1490 325 τὰς
1507 293 1588 326 οὐλὰς
1605 294 1759 331 ἐξάλειψον·
1779 296 1837 324 Υίὸν
1881 324 1884 328 ,

1053 335 1108 372 γάρ
1122 336 1270 372 ἐγέννησας
1284 337 1329 364 τὸν
1346 337 1471 370 ἐξουσίαν
1489 338 1585 374 ἔχοντα
1604 340 1667 372 τοὺς
1689 341 1838 377 πεπεδημέ-

1054 390 1115 414 νους
1133 384 1194 415 ταῖς
1211 385 1313 419 σειραῖς
1328 384 1382 411 τῶν
1403 385 1582 421 πταισμάτων
1604 386 1721 419 εὐκόλως
1741 387 1837 414 ἀνιέναι

1053 427 1107 455 τῶν
1120 428 1228 465 δεσμῶν
1243 429 1297 457 τῶν
1314 430 1430 464 ἀλύτων,
1447 431 1493 458 τὸν
1517 431 1596 468 μόνον
1612 432 1759 469 εὐεργέτην
1775 433 1837 461 Θεὸν

1054 475 1093 506 είς
1105 476 1169 508 τοὺς
1183 476 1294 509 αίῶνας.

1094 520 1193 555 Ἁγίων
1213 522 1368 550 ἀποστόλων
1392 523 1519 557 ἀξιωθεὶς
1544 525 1642 561 θεατὴς
1663 526 1841 563 χρηματίσαι,

1054 570 1100 596 καὶ
1121 570 1257 605 σύμπονος
1280 571 1461 605 συγκοινωνὸς
1482 573 1597 608 γέγονας
1621 575 1669 609 τῆς
1692 574 1779 610 δόξης,
1794 575 1838 602 καὶ

1054 615 1102 642 σὺν
1117 616 1208 649 αὐτοῖς
1224 616 1271 644 ἐπὶ
1292 618 1342 654 τὴν
1359 618 1423 645 θέαν
1440 619 1574 652 ἔσπευσας
1591 620 1716 656 σώματος
1730 621 1776 648 τοῦ
1798 621 1838 648 ὃν·

1052 669 1107 694 τως
1124 661 1278 699 ζωαρχικοῦ
1293 664 1345 700 τῆς
1361 665 1445 700 μόνης
1467 665 1597 693 Θεοτόκου
1618 666 1665 694 καὶ
1690 667 1839 704 σεϐασμιω-

1053 708 1148 744 τάτης,
1163 708 1196 745 ἣν
1208 709 1327 743 ἐπαξίως
1344 709 1540 747 μεγαλύνομεν.

1089 755 1145 791 Τῆς
1161 755 1235 788 θείας
1253 756 1390 791 βασιλείας
1406 758 1436 784 ἐν
1458 758 1584 794 οὐρανοῖς
1599 758 1765 795 κληρονόμος
1780 759 1839 794 ἐγέ-

1054 811 1117 834 νου,
1142 802 1180 834 ὡς
1202 802 1313 838 ἔννομος
1336 803 1491 839 ἀρχιερεὺς,
1521 805 1630 841 Πάτερ,
1651 804 1688 837 ὡς
1710 806 1839 842 ἀήττητος

1054 849 1174 885 ἀθλητὴς
1189 848 1336 884 ἱερωσύνης
1351 849 1482 886 χρίσματι
1504 848 1573 886 αἷμα
1587 850 1758 887 συγκεράσας
1775 861 1841 888 μαρ-

1053 895 1163 931 τυρικόν
1176 904 1183 910 ·
1209 895 1249 922 διὸ
1269 895 1380 928 διπλοῦς
1401 896 1551 929 στεφάνους
1573 897 1728 934 ἀπείληφας
1749 897 1840 931 ἀξίως,

1055 941 1202 977 ἱερομύστα
1218 941 1350 968 Διονύσιε.

1094 988 1138 1019 Ὦς
1152 987 1221 1022 ἔχων
1238 987 1395 1023 παρρησίαν
1411 987 1481 1024 πρὸς
1495 988 1542 1015 τὸν
1555 988 1632 1021 Θεὸν,
1649 989 1764 1026 ἱεράρχα
1778 990 1842 1025 σοφὲ

1053 1033 1183 1066 Διονύσιε,
1192 1033 1236 1061 διὰ
1246 1035 1346 1067 παντὸς
1356 1035 1490 1071 πρέσϐευε
1502 1034 1632 1071 ρυσθῆναι
1642 1036 1674 1062 ἐκ
1683 1037 1842 1072 πειρασμῶν

1053 1081 1116 1113 τοὺς
1140 1080 1260 1113 εὐσεϐῶς
1286 1081 1438 1117 ὑμνοῦντάς
1461 1089 1501 1114 σε,
1525 1081 1615 1117 μύστα
1641 1082 1695 1109 τῶν
1717 1083 1842 1119 ἀρρήτων

1053 1126 1184 1161 θεωριῶν,
1206 1126 1245 1159 ὡς
1260 1127 1309 1163 τῆς
1332 1126 1536 1163 κρυφιομύστου
1555 1127 1603 1154 καὶ
1623 1127 1843 1165 θεαρχικωτάτης

1055 1173 1216 1210 ἱεροφάντης
1229 1173 1405 1210 άγαθότητος.

1414 1222 1480 1254 θδκ.

1089 1271 1218 1298 Νικῶσαν
1237 1271 1287 1303 τὰς
1303 1271 1423 1307 αἱρέσεις
1444 1272 1576 1304 νεανικῶς
1597 1273 1646 1308 τὴν
1662 1272 1762 1308 ππτὴν
1783 1272 1845 1299 Έκ-

1053 1316 1167 1353 κλησίαν
1192 1317 1339 1351 ἀνάδειξον,
1357 1319 1391 1354 ἢν
1412 1319 1426 1345 ὁ
1448 1319 1564 1355 Χριστὸς
1583 1320 1679 1355 αἵματι
1699 1319 1782 1355 τιμίῳ
1805 1319 1846 1354 τῷ

1054 1363 1151 1390 ἑαυτοῦ
1175 1364 1214 1395 ὡς
1235 1364 1337 1399 ἀγαθὸς
1358 1365 1502 1401 ἐκτήσατο,
1521 1364 1738 1401 κεχαριτωμένη,
1762 1366 1777 1391 ό
1800 1364 1846 1396 σδς

1055 1410 1127 1442 Υίδς,
1139 1410 1185 1437 καὶ
1197 1409 1282 1436 σῶσον
1292 1411 1322 1437 ἐκ
1331 1410 1470 1444 κινδύνων,
1483 1411 1530 1438 καὶ
1542 1412 1592 1447 τῆς
1605 1411 1781 1447 ἐπικρατείας
1794 1409 1846 1445 τῆς

1053 1457 1222 1494 κατεχούσης
1235 1458 1308 1494 ἡμᾶς
1326 1457 1471 1493 λύτρωσαι.

1089 1503 1135 1538 Τῷ
1149 1502 1257 1538 Παύλῳ,
1277 1502 1408 1534 Διονύσιε,
1424 1503 1463 1539 τῷ
1483 1503 1581 1539 κλεινῷ
1600 1502 1740 1539 κορυφαίῳ
1756 1501 1846 1538 μαθη-

209 1547 329 1583 scipule,
358 1547 529 1574 occultorum
558 1546 743 1581 cognitionem
768 1545 802 1572 ab
826 1552 860 1572 eo
887 1543 1001 1572 edoctus

1061 1550 1168 1582 ιευθεὶς,
1189 1549 1326 1582 πανόλῦιε,
1343 1549 1388 1577 ὑπ’
1403 1549 1485 1576 αὐτοῦ
1505 1549 1628 1586 ἐμυήθης
1649 1549 1704 1575 τῶν
1723 1547 1846 1584 ἀποκρύ-

209 1592 298 1625 fuisti,
322 1592 396 1620 unde
420 1592 569 1628 fulgentem
594 1592 622 1619 in
646 1591 771 1620 Ecclesia
797 1591 884 1619 facem
911 1591 999 1628 ponit,

208 1640 291 1676 339
305 1641 440 1676 religiosae
457 1640 628 1668 Athenarum
648 1640 768 1669 civitatis
791 1639 923 1667 ordinans
945 1639 1002 1676 epi-

209 1695 335 1723 scopum,
352 1695 436 1722 quam
452 1692 528 1714 recta
543 1687 686 1726 praeditam
709 1686 762 1714 fide
781 1687 838 1715 tuis
861 1685 1002 1722 precibus,

210 1733 412 1769 sapientissime
427 1732 474 1760 Dei
488 1740 589 1768 praeco,
608 1732 727 1760 custodi.

528 1779 573 1805 Ad
594 1779 626 1806 B.
649 1779 680 1806 γ.

245 1824 275 1852 1n
290 1824 450 1852 honoranda
465 1825 630 1852 dormitione
646 1828 704 1857 tua,
717 1823 801 1860 Virgo
815 1825 1002 1858 sanctissima,

210 1871 359 1907 Dionysius
379 1871 474 1899 aderat
493 1878 556 1898 cum
576 1870 724 1899 Hierotheo
748 1875 775 1899 et
793 1871 886 1899 divino
907 1871 1002 1899 Timo-

209 1919 285 1951 theo,
308 1918 425 1954 quisque
444 1926 498 1945 una
521 1926 584 1945 cum
603 1918 739 1953 apostolis
758 1918 892 1954 hymnum
909 1918 1003 1954 gloria

211 1969 266 1992 tuae
289 1964 497 1992 convenientem
522 1963 684 1996 decantans,
707 1972 770 1992 cum
794 1964 893 2000 quibus
919 1965 1003 1992 etiam

211 2019 286 2039 nunc
300 2011 424 2039 mortalis
439 2011 531 2047 lingua
549 2011 640 2039 omnis
661 2014 688 2039 te
701 2010 750 2039 Dei
766 2016 907 2046 parentem
922 2019 1002 2038 mun-

210 2057 293 2092 dique
305 2062 449 2092 patronam
464 2057 566 2085 laudat.

244 2104 318 2132 lnter
331 2104 489 2132 sacerdotes
508 2107 535 2132 et
553 2107 690 2139 martyres
705 2103 827 2137 excellis,
848 2106 953 2136 sancte,
971 2101 1002 2130 ﬁ-

211 2150 263 2178 dus
278 2154 407 2178 ostensus
426 2158 458 2178 cs
471 2154 576 2186 pastor,
594 2155 622 2178 et
635 2150 749 2178 calicem
764 2149 868 2178 Christi
884 2149 979 2177 bibisti
993 2154 1002 2182 ;

210 2203 297 2232 quare
311 2197 339 2224 in
355 2201 472 2232 utroque
492 2197 545 2232 ipsi
564 2195 678 2224 Christo
698 2197 769 2224 bene
791 2195 930 2232 placuisti,
953 2202 1002 2223 ora

1053 1605 1111 1632 φων
1125 1596 1174 1632 τὴν
1188 1597 1304 1631 γνῶσιν·
1327 1595 1389 1623 ὅθεν
1409 1595 1457 1623 καὶ
1471 1595 1620 1632 λαμπτῆρα
1640 1596 1674 1631 τῇ
1697 1594 1847 1630 Ἐκκλησία

1052 1631 1158 1678 τίθησιν
1178 1642 1306 1679 Ἀθηνῶν,
1320 1642 1493 1678 προχειρίσας
1507 1642 1556 1677 τῆς
1570 1631 1698 1673 εὖσεέοῦς
1714 1641 1848 1677 ἱεράρχην

1053 1688 1166 1721 πόλεως,
1185 1687 1221 1722 ἢν
1241 1688 1385 1724 φυλάττοις
1404 1686 1607 1725 ὀρθοδοξοῦσαν,
1627 1687 1759 1722 πάνσοφε,
1785 1687 1849 1718 σαῖς

1052 1735 1154 1771 εὐχαῖς,
1170 1734 1318 1771 θεοκῆρυξῐ

1409 1776 1473 1807 θὸκ.

1096 1827 1139 1854 Ἐν
1147 1828 1180 1863 τῇ
1194 1828 1280 1863 σεπτῇ
1290 1827 1416 1863 κοιμήσει
1428 1835 1486 1859 σου,
1498 1826 1620 1862 παναγία
1631 1825 1764 1861 Παρθένε,
1772 1833 1849 1861 παρ-

1052 1872 1085 1908 ῆν
1107 1873 1121 1898 o
1144 1871 1281 1904 Διονύσιος
1309 1872 1357 1899 σὺν
1379 1871 1417 1908 τῷ
1438 1871 1560 1908 Ἰεροθέῳ
1589 1871 1636 1899 καὶ
1658 1871 1783 1907 Τιμοθέῳ
1807 1870 1850 1906 τῷ

1053 1919 1117 1954 θείῳ
1145 1919 1203 1955 ἅμα
1230 1921 1285 1950 τοῖς
1306 1919 1472 1951 ἀποστόλοις,
1497 1918 1580 1955 ὕμνον
1604 1918 1704 1954 ἐξᾴδων
1729 1917 1850 1950 ἕκαστος

1053 1966 1208 2002 πρόσφορον
1221 1966 1254 2001 τῇ
1271 1967 1303 2001 σῇ
1318 1965 1391 2001 δόξῃ.
1409 1966 1467 2001 μεθ’
1478 1962 1516 1992 ὧν
1529 1965 1577 1992 καὶ
1588 1964 1636 1992 νῦν
1646 1965 1720 1992 πᾶσα
1731 1963 1849 1998 γλῶσσα

1053 2012 1173 2048 βρότειος
1182 2013 1296 2048 ἀνυμνεϊ
1308 2020 1338 2038 σε
1351 2012 1400 2047 τὴν
1414 2010 1460 2038 τοῦ
1475 2011 1543 2038 Θεοῦ
1557 2011 1716 2047 λοχεύτριαν
1733 2010 1782 2037 καὶ
1797 2010 1848 2037 τοῦ

1052 2057 1156 2093 κόσμου
1174 2057 1331 2093 προστάτιν.

1094 2104 1137 2130 ‘Ev
1162 2103 1264 2139 ἱερεῦσι
1278 2104 1325 2130 καὶ
1341 2103 1458 2140 μάρτυσι
1475 2103 1638 2140 διαπρέψας,
1654 2103 1722 2135 ὄσιε,
1748 2103 1848 2136 πιστὸς

1052 2150 1208 2186 ἀνεδείχθης
1231 2151 1333 2186 ποιμὴν
1352 2151 1400 2177 καὶ
1417 2150 1534 2186 Χριστοῦ
1558 2149 1627 2177 πιὼν
1646 2149 1677 2176 τὺ
1695 2150 1847 2186 ποτήριον

1052 2197 1101 2229 διδ,
1129 2198 1158 2224 ἐν
1186 2197 1326 2233 ἑκατέροις
1350 2197 1535 2233 εὐαρεστήσας
1561 2196 1635 2232 αὐτῷ
1661 2196 1701 2232 τῷ
1719 2196 1849 2232 Χριστῷ,

212 2251 261 2278 pro
283 2243 363 2271 nobis
381 2243 522 2277 omnibus,
538 2244 586 2279 qui
601 2251 664 2271 cum
687 2243 847 2272 caelestibus
867 2242 1001 2271 ministris

1061 2243 1188 2279 rcpécr6eua
1202 2243 1272 2280 ὑπὲρ
1282 2243 1390 2270 πάντων
1402 2242 1491 2279 ἡμῶν,
1508 2244 1556 2270 σὺν
1569 2244 1626 2275 τοῖς
1646 2243 1702 2271 ἄνω
1721 2242 1849 2280 λειτουρ-

211 2289 239 2317 in
256 2290 359 2318 lumine
373 2290 491 2318 habitas.

524 2335 692 2365 Canuleium.

247 2381 381 2409 leestes
394 2388 540 2417 penetrans
554 2383 581 2409 in
595 2383 694 2419 spiritu
702 2389 806 2418 portas,
818 2383 942 2419 Apostoli
954 2384 1001 2419 qui

212 2435 296 2462 supra
307 2431 365 2455 tres
377 2427 461 2455 cmios
473 2429 607 2462 ascendit,
624 2429 726 2462 factus,
742 2429 865 2465 Dionysi,
881 2429 1002 2465 discipu-

212 2475 267 2506 lus,
281 2480 389 2500 omnem
405 2473 580 2502 ineffabilium
598 2475 780 2510 cognitionem
791 2475 909 2503 ubertim
924 2483 1002 2502 acce-

212 2519 293 2555 pisti;
315 2526 417 2554 eosque
441 2520 487 2554 qui
509 2521 537 2548 in
559 2521 680 2549 tenebris
705 2521 865 2556 ignorantiae
882 2521 1001 2549 dormie-

213 2565 290 2596 bant,
312 2564 492 2599 illuminasti;
516 2567 577 2594 ideo
598 2567 748 2594 clamamus
769 2566 857 2598 :Ave,
877 2565 1000 2594 universi

212 2615 290 2647 pater
302 2610 407 2638 mundi.

556 2657 656 2687 (Erus.

246 2704 394 2741 Dionysius
407 2712 522 2741 magnus
536 2706 583 2741 qui
604 2713 637 2733 ex
653 2704 811 2732 hominibus
829 2705 864 2732 ob
883 2704 999 2732 virtutes

214 2751 327 2786 angelus
341 2755 455 2779 vocatus
464 2756 515 2785 est,
533 2753 689 2779 universam
706 2756 836 2786 tanquam
851 2750 1001 2786 aligeﬁcoe-

213 2796 310 2824 lestem
325 2796 439 2825 edoctus
454 2801 498 2826 est
516 2797 699 2833 cognitionem
716 2807 722 2825 :
741 2804 827 2833 quare
840 2795 956 2824 canticis
970 2799 1000 2823 ut

212 2842 337 2877 angelum
352 2843 529 2877 honoremus,
544 2845 577 2872 ad
591 2845 668 2872 illum
681 2844 744 2871 talia
759 2844 909 2872 clamantes
919 2842 996 2875 :Ave,

213 2887 260 2922 qui
276 2886 416 2918 Christum
429 2898 478 2926 per
491 2890 605 2918 Paulum
620 2891 771 2927 agnovisti;
786 2890 852 2924 Ave,
867 2890 914 2925 qui
929 2890 1000 2918 mul-

1052 2291 1110 2324 γοῖς
1124 2290 1153 2316 ἐν
1167 2290 1236 2325 φωτὶ
1251 2289 1435 2325 αὐλιζόμενος.

1353 2334 1528 2362 Κοντάκιον.

1087 2382 1143 2414 Τάς
1165 2381 1305 2418 οὐρανίους
1323 2381 1418 2413 διαϐὰς
1436 2381 1523 2414 πύλας
1545 2381 1574 2409 ὲν
1589 2380 1736 2417 πνεύματι,
1755 2381 1850 2417 μαθη-

1050 2427 1156 2459 τευθεὶς
1165 2426 1204 2463 τῷ
1217 2427 1287 2463 ὑπὲρ
1300 2429 1374 2463 τρεῖς
1383 2427 1514 2463 οὐρανοὺς
1528 2427 1661 2462 φθάσαντι
1675 2425 1847 2461 Ἀποστόλῳ,

1052 2473 1181 2507 Διονύσιε,
1200 2473 1254 2500 τῶν
1277 2474 1403 2510 ἀρρήτων
1421 2473 1596 2508 ἐπλουτίσθης
1614 2474 1705 2500 πᾶσαν
1727 2472 1847 2506 γνῶσιν·

1052 2519 1099 2546 καὶ
1115 2519 1289 2555 κατηύγασας
1303 2520 1366 2552 τοὺς
1385 2521 1414 2547 ἐν
1435 2519 1525 2546 σκότει
1544 2519 1680 2554 ἀγνωσίας
1697 2517 1850 2546 massa»-

1029 2595 1032 2610 ;
1051 2576 1113 2599 τας·
1129 2567 1168 2593 διὸ
1183 2566 1318 2603 κράζομεν
1331 2575 1337 2582 ·
1354 2565 1474 2602 Χαίροις,
1491 2566 1577 2601 πάτερ
1591 2564 1756 2600 παγκόσμιε.

1374 2655 1400 2681 Ὁ
1419 2654 1508 2687 οἴκος.

1087 2701 1219 2738 Ἀγγελος
1233 2701 1262 2735 ἐξ
1276 2701 1427 2737 ἀνθρώπων
1441 2701 1551 2737 ἀρεταῖς
1566 2699 1739 2736 χρηματίσας
1754 2699 1771 2726 ὁ
1795 2699 1853 2735 μὲ-

1050 2758 1102 2784 γας
1116 2748 1261 2781 Διονύσιος,
1274 2749 1364 2775 πᾶσαν
1377 2748 1415 2780 ὡς
1430 2747 1581 2783 ὑπόπτερος
1595 2745 1700 2782 ἐμυήθη
1715 2745 1763 2772 τὸν
1779 2745 1852 2772 νοῦν

1049 2796 1099 2831 τὴν
1112 2795 1237 2830 οὐράνιον
1246 2795 1345 2830 γνῶσιν
1353 2803 1360 2810 ’
1373 2794 1413 2821 διὸ
1425 2793 1527 2830 ᾁσμασι
1541 2793 1579 2825 ὡς
1591 2792 1706 2827 ἄγγελον
1715 2792 1852 2828 τιμήσω-

1051 2851 1110 2878 μεν,
1127 2841 1243 2877 βοῶντες
1258 2840 1326 2877 πρὸς
1339 2840 1420 2868 αὑτὸν
1429 2840 1549 2868 τοιαῦτα·
1562 2840 1657 2875 Χαῖρε,
1668 2839 1683 2865 ὸ
1696 2839 1782 2873 γνοὺς
1800 2838 1854 2865 τὸν

1050 2888 1166 2924 Χριστὸν
1181 2888 1226 2916 διὰ
1244 2888 1360 2916 Παύλου⁸
1386 2889 1474 2923 χαῖρε,
1498 2886 1610 2918 πολλοὺς
1630 2885 1699 2922 πρὸς
1721 2883 1851 2921 Χριστὸν
