1950 3065
111 158 164 188 585

639 154 829 192 ENCOMIUM,
847 155 893 186 EX
910 154 1051 188 MENfElS
1067 155 1214 188 GRIECIS.

1681 162 1734 194 580

110 221 283 258 ἐπιστρέψας·
299 222 388 257 χαῖρε,
408 219 537 246 πολυθέου
552 219 654 255 σκηνῆς
671 219 818 254 όλετήριον·
838 219 883 254 χαί

947 223 991 246 tos
1003 218 1037 245 ad
1050 219 1190 246 Christum
1205 219 1375 248 eonvertisti.
1385 218 1404 246 Λ
1411 226 1452 252 ve,
1465 219 1632 248 labernaculi
1647 221 1734 257 pluric

110 278 150 304 ρε,
167 267 334 302 θεογνώστου
352 263 450 303 βουλῆς
470 266 674 301 σκοπιυτήριον·
697 267 786 301 χαῖρε,
805 264 895 300 βίϐλος

108 315 300 351 θεοχάρακτος,
319 312 473 349 μυστηρίων
488 312 616 348 θησαυρέ·
634 313 724 347 χαῖρε,
736 310 816 344 πίναξ
837 311 896 337 θεο-

109 362 234 397 μόρφωτε
251 360 298 387 καὶ
321 358 434 395 διόπτρα
446 358 571 394 οὐρανοῦ·
591 360 681 394 χαῖρε,
705 357 789 385 ὅτιτὸ
809 357 894 390 πάθος

106 407 154 434 τοῦ
164 407 267 442 Κυρίου
281 406 410 437 κατεῖδες·
425 407 513 441 χαῖρε,
522 405 598 441 ῥανὶς
607 404 778 431 κοιλαίνουσα
792 403 893 430 ἄνοιαν·

106 455 196 489 χαῖρε,
221 453 347 490 φραγμὸς
368 452 472 479 ἀσεϐῶν
494 451 650 487 παροδείαςο
670 452 758 487 χαῖρε,
783 451 895 487 φωστὴρ

105 501 170 533 τοὺς
183 500 294 532 πιστοὺς
309 498 496 534 καταυγάζων⁸
511 494 600 533 χαῖρε,
614 497 702 533 πάτερ
716 497 880 532 παγκόσμιε.

140 587 226 623 Οὗτος
243 588 360 626 πλούτῳ,
386 590 433 616 καὶ
453 588 526 625 δόξῃ,
543 589 590 616 καὶ
613 588 728 620 συνέσει.
746 588 792 616 καὶ
813 587 894 625 σοφίᾳ

104 638 159 665 τῶν
181 638 308 665 ἁπάντων
328 636 479 672 ὑπερέχων,
501 636 554 662 τῶν
577 637 606 661 ὲν
626 635 665 670 τῷ
697 635 793 671 Ἀρείῳ
813 635 893 670 πάγῳ

103 683 255 719 βουλευτῶν
273 680 313 714 εἷς
328 677 378 718 ἦν·
404 681 451 708 καὶ
469 681 613 717 ἀγρευθεὶς
628 680 680 707 ὑπὸ
704 680 750 707 τοῦ
773 680 891 716 μεγάλου

104 730 221 763 Παύλου,
238 730 285 756 καὶ
299 728 465 765 βαπτισθεὶς,
480 729 670 764 χειροτονεῖται
686 727 843 759 ἐπίσκοπος,
858 727 893 755 τὰ

102 777 245 813 ἀπόρρητα
261 776 373 813 μυηθεὶς
383 773 435 804 ὑπὸ
449 775 496 803 τοῦ
513 774 595 810 σοφοῦ
614 775 752 812 Ἱεροθέου,
766 773 812 802 καὶ
827 783 892 810 συγ-

103 824 253 860 γράμματα
266 823 468 855 καταλελοιπὼς
482 822 631 858 παράδοξα,
644 822 689 849 καὶ
704 822 848 858 Θαυμαστὰ
862 831 892 849 τε

101 869 149 896 καὶ
165 869 330 905 ὑψηλότατα,
345 865 382 895 ὧν
395 868 455 900 ἑνὸς
465 865 534 900 τέως
549 867 733 904 μνημονεῦσαι
749 866 890 904 ἐπικαιρό-

948 263 999 292 bus
1015 264 1190 293 inservientis
1209 265 1262 293 diis
1277 266 1423 300 pernicies.
1440 266 1508 299 Ave,
1524 267 1632 295 consilii
1647 276 1662 296 a
1677 268 1734 298 Deo

945 311 1049 346 cogniti
1063 312 1186 346 specula.
1197 311 1263 346 Ave,
1273 313 1342 340 liber
1353 321 1368 339 a
1378 312 1433 340 Deo
1445 313 1576 349 inscripte
1589 316 1735 350 mysterio-

946 364 1007 384 rum
1025 358 1164 386 thesaure.
1178 357 1244 391 Ave,
1264 359 1358 386 tabula
1379 367 1394 386 a
1411 359 1467 387 Deo
1486 359 1613 393 formata,
1629 365 1656 389 et
1671 362 1734 390 εωιὶ

945 403 1062 438 dioptra.
1079 404 1146 437 Ave,
1159 405 1232 440 quod
1249 404 1356 432 Domini
1371 406 1528 440 passionem
1543 408 1732 443 conspexeris.

947 449 1015 483 Ανιι,
1031 454 1107 485 gutta
1129 451 1276 478 amentiam
1296 459 1441 479 excavans.
1460 453 1525 486 Ave,
1551 453 1732 488 sepimentum

948 501 1046 524 contra
1061 497 1207 533 impiorum
1222 505 1374 526 accessum.
1391 498 1457 530 Ave,
1483 498 1527 526 fax
1549 499 1643 528 ﬁdeles
1667 500 1732 528 illu‘

944 547 1048 572 strans.
1061 544 1129 577 Ave,
1142 547 1219 580 pater
1233 545 1354 573 universi
1369 545 1472 573 mundi.

979 591 1031 618 Hic
1046 591 1161 623 divitiis,
1173 595 1200 619 et
1219 591 1316 627 gloria,
1339 595 1366 619 et
1388 592 1515 625 scientia,
1536 596 1564 620 et
1585 593 1729 628 sapientia,

943 644 1039 665 omnes
1056 645 1201 673 superans,
1227 646 1300 666 unus
1323 646 1356 666 ex
1379 638 1461 665 Areio
1481 646 1550 674 pago
1572 643 1730 668 senatorum

941 687 1010 716 erat,
1026 687 1108 719 atque
1123 691 1138 711 a
1153 691 1252 719 magno
1265 683 1350 712 Paulo
1369 688 1468 712 venatu
1487 689 1584 720 captus
1598 690 1625 713 et
1639 685 1729 721 bapti-

941 733 1020 758 zatus
1044 730 1189 757 ordinatur
1210 731 1365 766 episcopus,
1388 731 1537 759 inell'abilia
1559 733 1690 768 mysteria
1713 737 1730 761 ιι

941 776 1065 812 sapiente
1085 776 1234 804 Hierotheo
1248 777 1371 807 edoctus.
1387 781 1414 804 et
1435 777 1519 805 libros
1538 779 1649 813 reliquit
1668 780 1729 814 opi-

941 821 1023 849 nione
1034 822 1164 857 majores,
1178 827 1205 850 et
1216 823 1404 856 admirandos,
1416 829 1443 852 et
1457 825 1679 859 sublimissimos,
1695 833 1728 855 ex

942 867 1042 902 quibus
1057 867 1168 896 interim
1182 869 1263 897 unius
1276 870 1434 898 meminisse
1449 872 1726 906 opportunissimum.

102 923 190 942 τατον.
206 912 352 951 Γενόμενόν
373 923 417 950 με,
437 912 514 950 φησὶ,
532 915 597 941 ποτε
617 915 687 941 κατὰ
701 914 750 950 τὴν
765 915 883 951 Κρήτην,

939 913 1009 941 Cum
1036 914 1182 949 aliquando
1203 915 1232 943 in
1254 914 1364 943 Cretam
1386 917 1521 945 venissem
1534 938 1541 949 ,
1563 917 1662 954 inquit,
1683 927 1728 947 me

98 962 114 988 ὁ
126 961 198 997 ἱερὸς
209 960 396 996 ὲξεναγὼγησε
411 960 533 997 Κάρπος,
550 960 628 996 ἀνὴρ,
643 962 668 987 εί
683 961 729 987 καί
742 970 785 993 τις
799 961 887 994 ἄλλος,

98 1006 143 1034 διὰ
166 1007 266 1043 πολλὴν
290 1004 466 1043 καθαρότητα
487 1006 534 1034 νοῦ
557 1007 628 1042 πρὸς
648 1006 774 1033 θεοπτίαν
793 1007 889 1042 ἐπιτη-

97 1052 244 1084 δειότατος.
259 1053 314 1079 Καὶ
327 1051 392 1087 γοῦν
405 1051 465 1079 οὐδὲ
478 1049 538 1084 ταῖς
556 1052 610 1079 τῶν
625 1050 709 1086 ἁγίων
733 1053 888 1089 μυστηρίων

97 1099 220 1131 τελεταῖς
233 1097 379 1134 ἐπεχείρει,
395 1099 430 1134 μὴ
443 1095 574 1134 πρότερον
587 1099 660 1134 αὒτῷ
674 1098 745 1126 κατὰ
757 1099 807 1131 τὰς
822 1108 889 1135 προ-

96 1145 217 1177 τελειους
233 1145 316 1180 εὐχὰς
333 1145 407 1181 ἱερᾶς
426 1145 472 1172 καὶ
488 1144 617 1179 εὐμενοῦς
629 1145 749 1181 ὁράσεως
762 1146 888 1180 ἐκφαινο-

98 1190 193 1228 μένης.
222 1191 333 1226 Ἔλεγεν
359 1190 422 1222 οὖν,
448 1191 507 1225 ὅτι,
529 1191 709 1227 λελυπηκότος
728 1190 808 1218 αὐτὸν
832 1192 887 1219 τῶν

96 1238 221 1265 ἀπίστων
237 1236 322 1269 τινός·
346 1237 374 1274 (ἡ
390 1237 462 1273 λύπη
483 1237 511 1264 δὲ
531 1235 575 1274 ἦν,
600 1239 640 1265 ὅτι
660 1239 709 1274 τῆς
724 1239 886 1274 Ἐκκλησίας

95 1283 202 1314 ἐκεῖνος
223 1283 283 1310 τινὰ
299 1281 368 1319 πρὸς
387 1282 417 1309 τὸ
436 1283 514 1310 ἄθεον
538 1283 751 1319 ἀπεπλάνησεν·)
771 1285 811 1311 ἔτι
831 1285 886 1312 τῶν

101 1327 224 1364 Ἱλαρίων
241 1327 315 1364 αὐτῷ
331 1328 442 1364 ἡμερῶν
458 1328 635 1365 τελουμένων,
649 1329 708 1357 δέον
725 1329 886 1366 ἀμφοτέρων

95 1373 299 1410 ὰγαθοπρεπῶς
323 1374 537 1410 ὑπερεύξασθαι,
559 1375 606 1402 καὶ
627 1375 692 1403 Θεὸν
716 1376 886 1412 συλλήπτορα

92 1419 223 1453 λαϐόντα,
237 1418 282 1448 τὸν
299 1417 348 1457 μὲν
364 1422 518 1457 ἐπιτρέψαι,
535 1422 581 1449 τὸν
599 1422 627 1449 δὲ
647 1419 794 1459 ἀγαθότητι
810 1423 886 1459 νικῆ-

93 1474 160 1493 σαι·
178 1466 225 1493 καὶ
246 1467 283 1503 μὴ
299 1466 431 1494 διαλιπεῖν
448 1467 625 1495 νουθετοῦντα
649 1468 694 1495 διὰ
712 1468 770 1504 βίου
786 1469 886 1501 παντὸς

91 1512 176 1547 ἄχρις
191 1509 221 1538 οὗ
235 1511 266 1538 τὸ
281 1513 409 1548 σήμερον,
427 1513 474 1540 καὶ
496 1513 583 1545 οὕτως
600 1513 646 1540 ἐπὶ
664 1515 714 1550 τὴν
730 1514 805 1541 θείαν
821 1514 886 1541 ταύ-

88 1564 145 1592 την
159 1557 271 1591 ἀγαγεῖν
287 1557 398 1592 γνῶσιν,
418 1557 456 1589 ὡς
471 1557 503 1584 ἂν
517 1558 567 1593 ἤδη
583 1557 629 1584 καὶ
644 1558 698 1585 τῶν
712 1559 885 1596 ἀμφισϐητη-

89 1602 184 1638 σίμων
199 1603 291 1635 αὐτοῖς
304 1600 482 1639 κρινομένων,
498 1604 544 1630 καὶ
559 1603 614 1630 τῶν
636 1603 740 1638 ἀλόγως
757 1604 885 1641 θρασυνο-

89 1646 184 1685 μένων
202 1648 305 1684 ἐννόμῳ
327 1648 387 1684 δίκῃ
406 1650 552 1685 σωφρονεῖν
566 1649 794 1686 ἀναγκαζομένων
804 1659 810 1666 ·
826 1651 883 1678 ἀλλ’

85 1695 140 1729 εγε
157 1695 194 1730 μὴ
215 1695 347 1731 πρότερον
365 1694 443 1722 τοῦτο
465 1695 569 1726 παθὼν,
585 1693 636 1723 οὐκ
658 1694 705 1723 οἷδ’
729 1697 802 1729 ὅπως
823 1697 883 1724 τότε

85 1741 194 1778 πολλὴν
208 1738 369 1777 δυσμένειαν
384 1742 429 1768 καὶ
447 1742 559 1778 πικρίαν
568 1742 682 1777 ὲντήξας
690 1743 722 1778 τῇ
730 1742 802 1778 ψυχῇ
817 1750 884 1769 κατ-

84 1787 192 1824 έδραμε
211 1789 260 1824 μὲν
276 1787 347 1814 οὕτω
361 1787 454 1820 κακῶς
475 1788 554 1824 ἔχων·
571 1788 674 1824 ἑσπέρα
688 1789 743 1825 γὰρ
756 1787 800 1825 ἦν’
818 1791 883 1826 περὶ

82 1832 117 1862 δὲ
140 1834 226 1870 μέσας
248 1833 349 1866 νύκτας
371 1834 471 1870 (εἰώθει
491 1834 546 1870 γὰρ
562 1836 602 1866 εἰς
624 1835 699 1862 τόνδε
718 1834 765 1862 τὸν
788 1836 882 1872 καιρὸν

81 1879 171 1913 αὐτὸς
187 1881 229 1916 ἐφ’
246 1879 344 1907 ἑαυτοῦ
369 1879 437 1916 πρὸς
459 1881 522 1913 τοὺς
541 1881 629 1913 θείους
645 1880 747 1917 ὕμνους
768 1883 882 1919 ἐγρηγο-

82 1927 165 1964 ρέναι
177 1927 196 1963 -)
213 1928 378 1954 διανίσταται
394 1927 453 1962 μὲν,
465 1927 525 1954 οὐδὲ
538 1926 592 1953 τῶν
604 1923 695 1954 ὕπνων
705 1928 804 1962 αὐτῶν,
819 1929 882 1956 πολ-

79 1974 143 2001 λῶν
159 1983 191 2009 γε
216 1974 300 2001 ὅντων
321 1973 368 2001 καὶ
385 1973 429 2000 ἀεὶ
451 1973 736 2009 ὲγκοπτομένων,ἔξω
758 1975 881 2010 ταραχῆς

80 2020 319 2056 παραπολαύσας²
340 2018 425 2052 ἑστὼς
441 2020 470 2046 δὲ
494 2020 569 2055 ὅμως
592 2021 632 2051 εἰς
653 2020 703 2055 τὴν
726 2020 799 2047 θείαν
821 2021 881 2056 ὁμι-

79 2067 159 2099 λίαν,
174 2068 224 2094 οὑκ
239 2066 344 2102 εὐαγῶς
360 2067 454 2102 ἠνιᾶτο
469 2067 515 2093 καὶ
532 2066 729 2102 ἐδυσχέραινεν,
746 2067 795 2093 οὐκ
812 2065 879 2094 εἶναι

76 2113 191 2140 δίκαιον
207 2113 305 2148 λέγων,
331 2114 356 2140 ει
372 2112 456 2145 ζῶσιν
480 2113 575 2148 ἄνδρες
591 2112 666 2140 ἄθεοι
689 2113 735 2140 καὶ
756 2113 880 2150 διαστρέ-

79 2167 168 2194 φουσι
179 2159 228 2191 τὰς
246 2160 323 2192 ὁδοὺς
340 2160 441 2195 Κυρίου
458 2159 508 2191 τὰς
529 2159 645 2191 εὐθείας.
663 2160 717 2186 Καὶ
736 2159 822 2186 ταῦτα
837 2159 880 2186 λέ-

78 2213 145 2240 γων
160 2204 245 2232 ἐδεῖτο
260 2206 306 2232 τοῦ
323 2204 400 2238 Θεοῦ,
426 2206 565 2242 πρηστῆρι
585 2214 638 2232 τινι
654 2205 703 2236 τὰς
717 2206 878 2242 ἀμφοτέρων

939 959 1045 994 Carpus
1062 960 1180 995 hospitio
1200 961 1317 996 excepit,
1336 962 1389 994 vir,
1403 962 1426 990 si
1439 963 1501 998 quis
1517 963 1597 996 alius,
1616 968 1727 1000 propter

938 1012 1065 1040 magnam
1087 1006 1189 1034 mentis
1214 1007 1359 1041 puritatem
1384 1007 1418 1035 ad
1444 1008 1613 1037 cernendum
1640 1009 1726 1038 Deum

938 1052 1107 1086 aptissimus.
1125 1051 1219 1088 Neque
1234 1053 1306 1080 enim
1324 1061 1419 1081 sacros
1438 1055 1632 1090 mysteriorum
1653 1056 1726 1085 ritus

937 1097 1157 1132 aggrediebatur,
1171 1098 1225 1126 nisi
1246 1099 1322 1133 prius
1338 1099 1388 1134 ipsi
1406 1099 1433 1126 in
1455 1099 1489 1127 iis
1508 1101 1645 1135 precibus,
1664 1107 1726 1138 qua

937 1147 1017 1170 antea
1027 1143 1110 1179 340
1124 1144 1216 1179 perlici
1230 1145 1329 1174 solent.
1348 1153 1427 1173 sacra
1437 1149 1465 1174 et
1479 1147 1540 1174 lzeta
1551 1148 1725 1182 apparuisset

935 1189 1015 1217 visio.
1028 1188 1055 1216 ls
1075 1190 1186 1224 quidem
1207 1191 1347 1223 narrabat,
1368 1198 1431 1218 cum
1454 1199 1470 1218 a
1489 1192 1619 1227 quodam.
1644 1193 1690 1229 qui
1708 1201 1722 1220 a

937 1233 989 1262 ﬁde
1004 1235 1190 1271 religioneque
1205 1240 1301 1264 nostra
1324 1236 1495 1270 abhorreret,
1519 1238 1589 1266 forte
1603 1238 1724 1267 oil‘ensus

936 1284 1010 1308 esset
1028 1281 1159 1316 (tristitiae
1177 1285 1268 1310 autem
1289 1289 1372 1310 causa
1389 1287 1464 1316 erat,
1480 1284 1553 1319 quod
1568 1284 1612 1312 ille
1625 1285 1659 1313 ab
1672 1285 1724 1313 Εοι

935 1326 1019 1354 clesia
1032 1328 1176 1362 quemdam
1189 1328 1222 1355 ad
1236 1328 1348 1363 impium
1357 1329 1460 1357 cultum
1469 1330 1651 1366 traduxerat),
1664 1335 1722 1359 tum

936 1378 999 1399 cum
1009 1373 1091 1400 etiam
1105 1373 1140 1401 ab
1154 1374 1215 1409 ipso
1235 1374 1353 1410 (scilicet
1366 1375 1533 1409 Christiano,
1548 1381 1660 1412 propter
1674 1378 1724 1406 ba-t

936 1418 1077 1454 ptismum)
1104 1419 1208 1448 Hilaria
1233 1427 1398 1457 agerentur;
1421 1430 1482 1450 cum
1503 1423 1649 1459 benignam
1672 1432 1724 1460 pro

936 1468 1053 1501 utroque
1065 1466 1099 1493 ad
1115 1466 1201 1494 Deum
1217 1468 1403 1502 precationem
1422 1469 1539 1496 tundere
1552 1477 1664 1498 necesse
1678 1478 1724 1498 es-

935 1515 987 1545 set,
1001 1512 1110 1548 Deoque
1123 1517 1263 1542 servatore
1277 1514 1402 1549 adjutore
1415 1515 1555 1549 adjuncto,
1567 1515 1645 1542 illum
1660 1516 1723 1551 quia

935 1557 996 1585 dem
1014 1562 1184 1593 convertere,
1197 1559 1270 1587 hunc
1284 1567 1349 1587 vero
1363 1560 1473 1588 vincere
1488 1561 1656 1596 benignitate
1670 1566 1721 1590 nec

935 1603 1068 1633 desistere
1093 1605 1241 1634 admonere
1260 1613 1309 1641 per
1327 1613 1408 1634 omne
1433 1611 1551 1642 tempus,
1576 1615 1663 1643 usque
1687 1605 1722 1637 ad

935 1649 1009 1676 hunc
1033 1650 1122 1685 ipsum
1145 1650 1229 1683 diem,
1255 1655 1338 1686 atque
1363 1652 1402 1679 ita
1420 1651 1529 1679 demum
1547 1659 1595 1680 eos
1618 1653 1652 1680 ad
1675 1653 1720 1683 Dei

935 1696 1060 1723 notitiam
1076 1697 1229 1731 deducere;
1244 1698 1324 1732 quasi
1337 1698 1393 1733 jam
1409 1705 1452 1729 ea,
1470 1698 1504 1725 de
1518 1699 1619 1734 quibus
1641 1704 1720 1728 antea

934 1742 1103 1775 dubitarent,
1119 1743 1270 1778 dijudicata
1284 1749 1388 1776 essent,
1404 1748 1431 1772 et
1446 1745 1481 1772 ab
1493 1745 1527 1773 iis
1542 1753 1603 1781 qua:
1623 1746 1721 1774 incon¢

934 1788 1051 1816 siderate
1066 1790 1127 1817 ausi
1141 1795 1244 1822 essent,
1259 1790 1424 1824 resipiscere
1439 1791 1558 1827 legitima
1574 1792 1720 1820 severitate

933 1838 1113 1873 cogerentur;
1130 1839 1186 1862 tum
1199 1839 1290 1862 tamen
1304 1835 1331 1862 id
1345 1835 1418 1870 quod
1431 1843 1571 1871 nunquam
1586 1836 1639 1864 sibi
1652 1845 1720 1865 usu-

933 1881 1063 1913 venisset,
1090 1881 1163 1908 haud
1187 1881 1246 1908 scio
1269 1882 1408 1916 quomodo
1430 1889 1529 1918 magno
1551 1883 1670 1917 quodam
1691 1889 1719 1912 et

932 1927 1032 1954 acerbo
1043 1927 1127 1954 animi
1142 1926 1238 1955 dolore
1256 1927 1423 1960 confectum,
1438 1928 1526 1963 quieti
1544 1928 1669 1960 dedisse:
1685 1936 1719 1958 ac

932 1981 962 2001 se
978 1973 1087 2008 quidem
1108 1973 1243 2002 dormisse
1260 1974 1297 2001 ita
1320 1974 1390 2002 male
1407 1973 1534 2001 allectum
1555 1975 1625 2008 (erat
1644 1975 1717 2002 enim

931 2019 1076 2055 vespera);
1092 2020 1182 2048 media
1196 2024 1287 2048 autem
1302 2019 1413 2048 circiter
1426 2022 1506 2048 nocte
1521 2020 1630 2056 (solitus
1644 2021 1717 2047 enim
1771 2056 1773 2059 ι

930 2069 992 2093 erat
1005 2066 1057 2093 hoc
1078 2070 1200 2101 tempore
1221 2074 1270 2101 per
1284 2074 1314 2094 se
1329 2066 1361 2093 ad
1382 2066 1491 2094 divinos
1514 2067 1630 2102 hymnos
1648 2066 1718 2101 vigi‘

930 2112 997 2148 lare)
1013 2113 1166 2140 surrexisse
1180 2113 1302 2148 quidem,
1325 2121 1388 2140 cum
1405 2121 1456 2140 nec
1468 2120 1603 2148 ‘somnum
1626 2112 1716 2148 ipsum

930 2160 976 2194 qui
991 2159 1064 2187 altus
1080 2159 1188 2191 fuisset,
1204 2163 1230 2186 et
1250 2167 1358 2194 semper
1380 2159 1550 2194 interruptus
1570 2159 1631 2186 sine
1649 2165 1717 2185 con-

930 2206 1087 2232 turbatione
1107 2206 1235 2240 cepisset,
1258 2209 1374 2232 stantem
1390 2208 1481 2232 tamen
1498 2204 1530 2232 ad
1547 2204 1640 2231 divina
1659 2204 1717 2232 col-

77 2253 124 2284 εἰς
141 2250 216 2283 ἅπαξ
231 2252 351 2287 ἀνηλεῶς
361 2253 517 2279 ἀποσπάσαι
531 2252 612 2284 ξωάς.
623 2252 677 2278 Καὶ
693 2252 780 2279 ταῦτα
794 2252 878 2280 εἰπὼν

934 2252 1032 2287 loquia,
1050 2252 1202 2287 irreligioso
1223 2251 1355 2283 doluisse,
1376 2255 1403 2279 et
1424 2251 1522 2279 acerbe
1545 2251 1652 2283 tulisse,
1674 2250 1716 2278 dl-

75 2297 164 2331 ἔλεγε
180 2296 253 2329 δόξαι
271 2297 333 2324 ἰδεῖν
350 2299 426 2332 ἄφνω
441 2299 486 2325 τὸν
503 2297 587 2331 οἷκον,
606 2299 635 2325 ἐν
655 2295 731 2335 ᾧπερ
745 2299 876 2334 εἱστήκει,

71 2342 276 2376 διαδονηθέντα
299 2342 442 2380 πρότερον,
465 2345 511 2371 καὶ
534 2346 566 2371 ἐκ
590 2345 641 2381 τῆς
657 2345 759 2382 ὀροφῆς
776 2346 816 2377 εἰς
832 2345 877 2372 δύο

73 2388 174 2425 μέσον
189 2386 367 2423 διαιρεθέντα,
384 2390 430 2416 καί
441 2399 501 2417 τινα
517 2389 601 2426 πυρὸς
618 2390 703 2425 φλόγα
721 2388 876 2425 πολύφωτον

71 2432 240 2470 ἔμπροσθεν
264 2433 357 2466 αὑτοῦ,
376 2435 422 2462 καὶ
439 2435 556 2471 ταύτην,
582 2436 682 2472 (ἐδόκει
706 2437 760 2472 γὰρ
783 2437 875 2464 λοιπὸν

71 2478 218 2513 ὕπαιθρος
233 2479 248 2505 ὸ
262 2480 363 2516 τόπος)
375 2481 465 2508 λοιπὸν
482 2483 513 2509 ὲκ
522 2483 569 2509 τοῦ
585 2483 710 2519 οὐρανίου
727 2483 815 2520 χώρου
828 2484 875 2519 μέ-

70 2535 142 2562 χρις
168 2524 251 2552 αὑτοῦ
273 2526 513 2563 καταφερομένην·
535 2529 580 2555 τὸν
605 2529 633 2555 δὲ
656 2530 769 2565 οὐρανὸν
792 2530 874 2557 αὐτὸν

70 2571 321 2607 ἀναπεπταμένον,
346 2573 393 2599 καὶ
409 2571 456 2600 ἐπὶ
476 2573 515 2609 τῷ
535 2573 612 2610 νώτῳ
628 2575 675 2601 τοῦ
691 2575 804 2611 οὐρανοῦ
828 2574 873 2603 τὸν

77 2617 203 2653 Ἰησοῦν,
218 2618 339 2654 ἀπείρων
354 2619 427 2654 αὐτῷ
441 2619 647 2655 ἀνθρωποειδῶς
664 2622 873 2656 παρισταμένων

69 2663 213 2698 ἀγγέλων.
234 2664 289 2690 Καὶ
304 2664 389 2691 ταῦτα
407 2666 456 2701 μὲν
472 2665 574 2693 ἄνωθεν
590 2666 713 2701 ὁρᾶσθαι,
731 2667 777 2693 καὶ
793 2667 872 2694 αὑτὸν

70 2709 232 2745 θαυμάζειν
242 2718 248 2725 ·
271 2710 345 2736 κάτω
355 2710 384 2736 δὲ
404 2711 493 2746 κύψας
508 2712 522 2738 ὁ
540 2712 663 2747 Κάρπος,
685 2712 747 2738 ἰδεῖν
761 2712 813 2747 ἔφη
826 2711 872 2739 καὶ

69 2755 104 2782 τὺ
123 2754 227 2789 ἔδαφος
238 2755 307 2791 πρὸς
322 2757 422 2792 ἀχανές
437 2764 464 2783 τι
482 2758 576 2793 χάσμα
590 2758 636 2784 καὶ
650 2757 784 2784 σκοτεινὸν
797 2758 870 2794 διερ-

73 2800 229 2836 ρηγμένον,
242 2802 289 2829 καὶ
299 2803 425 2838 τοὺςιιμὲν
437 2803 537 2839 ἄνδρας
553 2803 672 2835 ἐκείνους
687 2801 726 2835 οἷς
740 2804 869 2840 ἐπηρᾶτο,

72 2846 132 2881 πρὸ
145 2847 229 2873 αὑτοῦ
242 2847 312 2874 κατὰ
323 2849 353 2874 τὸ
374 2848 483 2884 στόμιον
502 2849 646 2884 ἐστηκέναι
665 2849 712 2876 τοῦ
731 2849 870 2885 χάσματος

73 2889 261 2925 ὑποτρόμους,
287 2891 436 2924 ἐλεεινοὺς,
454 2894 515 2920 ὅσον
536 2893 611 2920 οὔπω
633 2895 868 2930 καταφερομένους

240 2939 376 2970 Parum.
394 2941 452 2970 Gn.
472 2942 524 2972 IV.

928 2303 1045 2332 centem,
1065 2305 1120 2326 non
1142 2306 1204 2326 esse
1224 2305 1332 2333 aequum
1349 2298 1425 2325 viros
1449 2297 1547 2333 impios
1569 2298 1672 2329 vivere,
1688 2300 1715 2324 et

927 2345 974 2379 qui
990 2345 1049 2372 vias
1069 2344 1178 2371 Domini
1200 2348 1289 2371 rectas
1310 2348 1496 2379 perverterent
1516 2354 1523 2372 :
1544 2344 1602 2372 haec
1618 2345 1715 2372 dicen-

927 2393 993 2422 tem,
1012 2394 1153 2426 precatum
1167 2398 1228 2418 esse
1251 2397 1266 2417 a
1294 2389 1359 2421 Deo,
1389 2394 1419 2418 ut
1446 2390 1589 2418 amborum
1608 2391 1713 2424 vitam,

927 2436 986 2464 sine
1012 2436 1199 2464 misericordia
1214 2435 1323 2463 turbine
1343 2436 1434 2472 aliquo
1461 2437 1542 2472 igneo
1564 2437 1713 2471 abrumpe-

926 2487 977 2510 ret.
993 2481 1059 2514 Quae
1073 2490 1135 2509 cum
1153 2482 1285 2514 dixisset,
1308 2482 1540 2510 commemorabat
1555 2481 1606 2509 sibi
1623 2481 1712 2509 visum

924 2537 986 2556 esse
1000 2529 1092 2556 videre
1114 2533 1226 2564 repente
1245 2529 1354 2557 domum
1371 2529 1399 2555 in
1419 2535 1473 2564 qua
1496 2530 1591 2560 staret,
1613 2526 1712 2562 agitari

924 2575 1053 2610 primum.
1071 2575 1170 2603 deinde
1185 2583 1202 2602 a
1216 2575 1320 2603 vertice
1338 2575 1366 2602 in
1381 2575 1450 2602 duas
1471 2577 1564 2609 partes
1581 2573 1711 2600 dimidias
1748 2581 1751 2586 ·

924 2620 1020 2653 dividi.
1034 2626 1061 2648 ct
1073 2626 1137 2649 ante
1156 2629 1186 2649 se
1199 2629 1295 2657 rogum
1309 2620 1454 2656 quemdam
1469 2620 1563 2655 magni
1585 2618 1709 2651 luminis,

923 2673 1040 2702 eumque
1059 2667 1123 2700 (sub
1137 2667 1183 2694 dio
1200 2668 1273 2695 enim
1289 2667 1367 2694 locus
1384 2666 1429 2693 ille
1443 2673 1505 2693 esse
1525 2663 1680 2698 videbatur)
1693 2667 1710 2690 e

922 2711 992 2740 coelo
1008 2719 1096 2748 usque
1108 2712 1142 2740 ad
1158 2713 1279 2748 seipsum
1292 2712 1393 2740 del'erri
1411 2720 1418 2739 :
1432 2711 1531 2738 coelum
1548 2717 1613 2737 vero
1629 2715 1710 2743 aper-

922 2759 985 2784 tum.
1000 2760 1026 2784 et
1044 2756 1073 2784 in
1087 2764 1207 2784 convexa
1223 2757 1287 2784 εωιί
1301 2756 1445 2792 superficie
1460 2754 1553 2782 Jesum
1574 2753 1708 2780 assisten-

921 2802 997 2830 tibus
1011 2803 1258 2831 innumerabilibus
1272 2802 1386 2837 angelis.
1409 2800 1550 2828 hominum
1575 2798 1660 2834 ﬁgura
1679 2801 1707 2824 et

921 2849 1020 2884 specie.
1045 2849 1134 2883 Atque
1155 2849 1213 2875 haec
1237 2848 1346 2883 quidem
1361 2855 1375 2874 a
1396 2847 1467 2874 cmlo
1488 2845 1576 2873 videri
1599 2851 1704 2871 summa

920 2902 983 2922 cum
1002 2903 1051 2923 sua
1063 2895 1262 2932 _admiratione.
1290 2893 1357 2921 Cum
1385 2896 1476 2920 autem
1497 2892 1556 2927 ipse
1575 2891 1705 2920 deorsum

1511 2941 1550 2972 19
