1950 3065
269 141 320 170 58’!

831 138 860 167 S.
879 138 1029 167 DIONYSII
1050 136 1278 166 ΑΚΕΟΡᾹΟΙΤΑΞ

1825 137 1878 166 588

265 199 361 227 oculos
377 198 570 231 convertisset,
581 205 692 226 cernere
706 205 735 225 se
750 197 838 225 aiebat
851 197 933 225 etiam
947 201 1046 225 terram

1099 197 1151 223 ὑπὸ
1172 196 1220 231 τῆς
1231 196 1286 223 τῶν
1307 195 1414 222 οἰκείων
1434 195 1521 222 ποδῶν
1542 195 1689 228 ἀστασίαςσ
1709 196 1827 224 κάτωθεν
1849 197 1880 223 δὲ

265 251 352 280 ipsam
367 242 405 269 ita
419 242 591 274 discessisse,
612 246 642 269 ut
657 242 790 269 obscurus
804 241 914 276 quidam
930 245 957 268 et
971 244 1049 268 tene-

265 290 392 318 bricosus
403 289 494 317 hiatits
508 289 642 316 exsistere
655 287 794 315 videretur
806 295 812 313 :
829 291 910 322 atque
923 287 1048 314 homines

264 335 374 371 quidem
394 334 456 362 illos
476 334 577 369 quibus
598 334 669 360 male
691 336 819 367 precatus
835 337 918 367 esset,
936 337 998 360 ante
1019 340 1049 360 se

265 381 299 408 ad
322 389 355 409 os
370 381 461 408 hiatus
482 384 554 408 stare
577 383 724 407 trementes
748 383 774 407 et
794 379 929 410 miseros,
951 383 977 406 et
1000 379 1047 413 qui

267 428 322 455 fere
336 435 392 463 pra:
412 427 512 462 pedum
528 433 640 453 suorum
663 425 842 452 instabilitate
857 425 1049 459 demergeren-

265 478 310 501 tur
323 483 329 501 :
343 474 377 501 ab
397 472 527 500 inferiore
543 475 634 498 autem
651 471 711 497 loco
728 478 761 498 ex
775 470 850 497 hiatu
866 477 969 505 angues
985 477 1048 497 sur-

264 527 327 547 sum
349 525 470 553 serpere,
492 522 574 552 atque
596 516 629 543 ad
651 523 745 543 eorum
766 515 849 550 pedes
865 523 927 542 cum
947 514 1047 542 sensim

264 567 450 595 moverentur,
466 562 544 598 341
569 562 704 589 interdum
729 561 840 596 quidem
861 561 973 588 sibilare
994 560 1048 586 mi-

263 614 372 641 nantes,
394 609 476 636 simul
495 612 522 635 et
534 608 718 642 deprimentes
734 611 814 641 atque
829 606 968 633 trahentes
984 614 991 633 :
1006 605 1048 633 in-

264 658 370 686 terdum
382 661 473 684 autem
488 656 615 684 dentibus
629 659 676 683 aut
690 655 786 682 caudis
800 654 988 685 incendentes.
1006 654 1048 680 vel

263 703 460 735 demulcentes,
476 702 604 737 omnique
627 701 733 728 ratione
753 704 876 735 agentes.
901 703 931 726 ut
951 706 999 726 eos
1020 699 1048 726 in

262 750 367 777 hiatum
395 749 472 775 illum
493 747 648 782 injicercnt.
670 747 738 774 Esse
757 747 839 775 etiam
865 745 998 782 quosdam
1012 745 1048 778 in

262 794 364 827 medio,
381 793 428 829 qui
442 801 497 820 una
519 800 581 819 cum
600 793 775 827 serpentibus
795 792 823 819 in
844 791 968 819 homines
986 791 1048 818 illos

262 840 423 869 invaderent
451 839 646 874 exagitatione,
668 838 765 873 pulsu,
791 842 818 865 et
846 837 1045 872 percussione:

1097 242 1151 269 ἀπὸ
1173 241 1220 268 τοῦ
1241 241 1387 276 χάσματος,
1409 241 1484 276 ὄφεις
1507 241 1645 277 ἀνέρπειν,
1665 241 1713 268 καὶ
1734 241 1797 277 περὶ
1816 243 1881 274 τοὺς

1095 288 1182 319 ’πόδας
1210 287 1296 313 αὐτῶν
1321 287 1560 322 ὐποκινουμένους,
1584 287 1649 313 ποτὲ
1675 287 1723 322 μὲν
1748 286 1881 322 συρίττειν

1097 332 1352 368 ὲπαπειλουμένους,
1369 332 1427 367 ἃμα
1441 332 1487 359 καὶ
1501 331 1707 367 ἐπιϐαροῦντας,
1726 332 1774 359 καὶ
1791 332 1882 359 ’ἐλκον-
1905 334 1909 338 ’

1097 387 1146 410 τας
1156 386 1163 393 ”
1179 378 1244 405 me
1257 377 1286 403 δὲ
1300 377 1345 404 καὶ
1357 379 1414 408 τοῖς
1429 377 1459 404 οὺ
1465 377 1550 412 ραίοις
1567 377 1749 412 ὑποτύφοντας
1761 378 1806 405 καὶ
1815 377 1883 404 ὑπο-

1097 423 1319 458 γαργαλίζοντας,
1335 423 1382 450 καὶ
1398 423 1442 450 διὰ
1465 423 1565 455 παντὸς
1583 424 1622 455 εἰς
1635 424 1666 450 τὸ
1685 425 1782 460 ἀχανὲς
1797 425 1884 459 ἐμϐα-

1098 469 1153 495 λεῖν
1181 468 1402 504 μηχανωμένους.
1428 465 1504 495 Εἶναι
1521 469 1549 494 δὲ
1569 469 1615 495 καὶ
1639 470 1738 505 ἄνδρας
1759 469 1833 502 τινὰς
1853 471 1884 497 ἐν

1100 515 1174 549 μέσῳ
1192 516 1248 545 τοῖς
1272 513 1360 548 ὄφεσι,
1386 514 1455 540 κατὰ
1474 513 1530 540 τῶν
1549 514 1654 550 ἀνδρῶν
1677 515 1884 551 συνεπιτιθεμέ-

1098 568 1167 591 νους,
1179 559 1365 591 διαδονοῦντας
1383 559 1441 595 ἅμα
1462 560 1508 586 καὶ
1521 560 1703 592 ὕπωθοῦντας,
1726 561 1772 587 καὶ
1789 562 1886 588 παίον-

1097 617 1146 640 τας
1156 616 1162 623 ·
1178 608 1285 635 ἐδόκουν
1301 608 1330 634 δὲ
1345 605 1415 635 εἶναι
1430 608 1497 644 πρὸς
1508 607 1540 634 τὸ
1555 609 1647 634 πεσεῖν
1660 609 1768 640 ἐκεῖνοι,
1784 607 1818 634 τὰ
1833 608 1886 643 μὲν

1098 655 1215 686 ἑκόντες,
1240 654 1274 681 τὰ
1292 654 1320 680 δὲ
1341 654 1463 685 ἄκοντες,
1486 654 1538 681 ὑπὸ
1554 653 1601 681 τοῦ
1624 654 1709 681 κακοῦ
1731 653 1886 689 βιαζόμενοι

1098 701 1157 727 κατ’
1173 700 1261 734 ὀλίγον
1278 700 1336 735 ἅμα
1356 700 1404 727 καὶ
1425 700 1589 736 πειθόμενοι.
1609 700 1705 735 Ἔλεγε
1721 700 1749 726 δὲ
1773 700 1854 727 αὑτὸν
1872 701 1887 726 ὁ

1098 746 1211 782 Κάρπος
1224 746 1333 781 ἥδεσθαι
1346 746 1421 773 κάτω
1436 746 1578 780 βλέποντα,
1590 745 1645 773 τῶν
1656 747 1710 774 ᾶνω
1720 746 1749 773 δὲ
1763 745 1884 781 ἀμελεῖν·

1097 792 1282 828 δυσχεραίνειν
1304 792 1333 819 δέ
1349 793 1395 819 καὶ
1419 792 1569 827 ὀλιγωρεῖν,
1586 792 1627 819 ὅτι
1646 793 1682 828 μὴ
1704 792 1754 828 ἤδη
1776 792 1886 819 πεπτώ-

1098 848 1172 870 κασι,
1196 840 1242 866 καὶ
1268 839 1307 874 τῷ
1334 839 1476 874 πράγματι
1501 839 1631 871 πολλάκις
1657 839 1816 875 ἐπιθέμενον
1838 839 1886 866 καὶ

261 887 338 914 visos
361 890 452 913 autem
477 893 538 913 esse
558 885 632 912 viros
652 884 790 915 decidere.
814 884 914 919 partim
937 886 1044 918 sponte,

1096 885 1307 920 άδυνατήσαντα,
1331 885 1512 920 ἀχθεσθῆναι,
1537 887 1584 912 καὶ
1605 885 1811 921 ὲπαρὰσασθαι-
1838 887 1887 913 καὶ

261 932 363 967 partim
387 931 491 963 invite,
513 931 585 966 quod
611 938 626 957 a
650 930 723 956 malo
748 930 850 957 sensim
874 933 1046 964 cogerentur.

262 977 398 1005 Narrabat
418 983 501 1011 porro
512 976 618 1011 Carpus
637 983 667 1003 se
680 975 846 1010 voluptatem
867 982 965 1009 capere
981 974 1048 1002 soli-

262 1026 334 1054 tum,
348 1030 410 1049 cum
434 1021 563 1048 inferiora
585 1021 730 1056 aspiceret,
753 1020 895 1055 superiora
915 1027 981 1046 vero
1001 1026 1049 1046 ne-

262 1068 387 1103 gligere:
409 1067 528 1101 graviter
552 1070 642 1093 autem
667 1065 738 1093 ferre
760 1069 789 1092 et
806 1065 953 1099 negligere,
975 1064 1048 1099 quod

261 1113 384 1140 nondum
400 1111 580 1144 decidissent.
597 1115 679 1146 atque
693 1111 722 1138 in
735 1110 807 1139 hanc
820 1118 878 1138 rem
899 1117 960 1137 cum
976 1117 1047 1145 saepe

263 1158 445 1190 incubuisset,
460 1165 510 1185 nec
522 1157 697 1192 profecisset.
722 1159 750 1183 et
773 1156 871 1183 acerbe
888 1155 997 1188 tulisse,
1019 1158 1047 1182 et

261 1205 333 1231 male
346 1208 486 1239 precatum
501 1211 562 1232 esse
577 1213 583 1230 :
596 1211 658 1230 cum
674 1203 718 1230 vix
728 1202 836 1230 tandem
850 1202 950 1230 caelum
968 1209 1048 1236 aspe-

263 1251 360 1282 xisset,
386 1250 489 1277 vidisse
501 1249 612 1285 quidem
638 1249 704 1276 illud
731 1256 854 1280 rursum,
871 1248 1049 1283 quemadmov

262 1295 327 1322 dum
346 1294 428 1322 etiam
445 1299 522 1321 antea
536 1293 650 1321 vidisset
667 1303 675 1321 :
695 1292 788 1320 Jesum
807 1296 897 1320 autem
918 1299 999 1327 quem
1015 1291 1049 1319 ad

260 1340 491 1371 misericordiam,
520 1340 547 1366 id
575 1340 648 1375 quod
673 1339 820 1375 gerebatur
845 1338 1049 1371 commovisset,

261 1386 415 1413 surrexisse
433 1393 465 1412 ex
483 1385 588 1412 cmlesti
603 1385 681 1417 solio,
704 1388 731 1412 et
750 1393 811 1412 cum
826 1383 860 1411 ad
871 1391 919 1411 eos
938 1384 1050 1411 descen-

261 1431 359 1462 disset,
390 1438 503 1457 manum
527 1430 673 1465 benignam
700 1430 867 1465 porrexisse,
889 1433 916 1456 et
940 1429 1051 1464 angelos

261 1476 309 1511 qui
325 1483 379 1504 una
394 1476 525 1503 auxilium
537 1475 651 1508 ferrent,
668 1476 743 1503 viros
758 1476 841 1503 alium
859 1475 912 1502 alia
927 1483 960 1502 ex
974 1478 1051 1509 parte

1095 930 1280 956 ἁνανεύσαντα
1305 930 1390 965 μόλις,
1417 930 1481 957 ίδεῖν
1510 931 1559 966 μὲν
1583 929 1660 962 αὖθις
1688 931 1734 957 τὸν
1759 931 1886 966 οὐρανὸν,

1096 975 1189 1012 ὥσπερ
1203 977 1249 1003 καὶ
1267 977 1397 1012 πρότερον
1413 976 1545 1012 ἑωράκει·
1564 977 1609 1003 τὸν
1625 978 1654 1003 δὲ
1675 977 1789 1012 Ἰησοῦν,
1807 977 1886 1013 ἐλεή-

1097 1030 1180 1049 σαντα
1201 1022 1232 1048 τὺ
1249 1022 1398 1057 γινόμενον,
1421 1022 1598 1057 ἐξαναστῆναι
1619 1022 1666 1048 τοῦ
1688 1023 1889 1058 ὑπερουρανίου

1096 1068 1203 1103 θρόνου,
1215 1068 1260 1094 καὶ
1271 1068 1322 1100 ἓως
1338 1068 1427 1095 αὐτῶν
1440 1069 1596 1096 καταὸάντα
1612 1070 1689 1104 χεῖρα
1705 1068 1809 1103 ἀγαθὴν
1823 1069 1890 1104 ὀρέ-

1094 1121 1151 1146 γειν
1161 1122 1168 1128 ·
1184 1113 1229 1139 καὶ
1243 1114 1305 1145 τοὺς
1317 1113 1457 1148 ἀγγέλους,
1471 1114 1545 1149 αὐτῷ
1559 1113 1889 1149 συνεπιλαμϐανομένους,

1093 1156 1174 1183 ἄλλον
1186 1157 1295 1184 ἄλλοθεν
1309 1158 1467 1193 ἀντέχεσθαι
1481 1159 1537 1185 τοῖν
1554 1159 1672 1193 ἀνδροῖν,
1688 1158 1734 1184 καὶ
1748 1159 1836 1185 εἰαῖν
1849 1159 1891 1194 τῷ

1095 1201 1202 1238 Κάρπῳ
1217 1203 1262 1229 τὸν
1288 1202 1400 1238 Ἰησοῦν,
1423 1203 1474 1238 τῆς
1489 1204 1581 1239 χειρὸς
1596 1203 1645 1239 ἤδη
1662 1204 1889 1239 προτεταμένης·

1099 1257 1108 1272 ι
1124 1247 1190 1274 Παῖε
1205 1249 1265 1275 κατ’
1280 1248 1346 1283 ἐμοῦ
1363 1248 1470 1275 λοιπόν⁸
1488 1249 1595 1284 ἕτοιμος
1605 1249 1658 1285 γάρ
1674 1250 1731 1284 εἰμι
1746 1249 1792 1275 καὶ
1809 1247 1891 1281 αὖθις

1097 1293 1168 1329 ὑπὲρ
1180 1293 1330 1329 ἀνθρώπων
1341 1293 1554 1329 ἀνασωζομένων
1565 1294 1670 1326 παθεῖν,
1681 1295 1727 1321 καὶ
1739 1295 1892 1330 προσφιλές

1099 1346 1143 1373 μοι
1159 1337 1247 1369 τοῦτο,
1267 1338 1303 1373 μὴ
1319 1338 1405 1365 ἄλλων
1416 1338 1626 1374 ἁμαρτανόντων
1637 1339 1798 1375 ἀνθρώπων.
1813 1340 1892 1376 Πλὴν

1097 1385 1148 1419 ὅρα
1163 1385 1187 1410 εἰ
1200 1383 1290 1415 καλῶς
1302 1383 1357 1419 ἔχει
1375 1393 1417 1411 σοι
1435 1385 1484 1420 τὴν
1501 1385 1530 1411 ἐν
1549 1385 1588 1420 τῷ
1601 1385 1731 1420 χάσματι,
1753 1386 1801 1412 καὶ
1819 1386 1893 1421 μετὰ

1097 1429 1152 1456 τῶν
1172 1430 1258 1464 ὕφεων
1275 1430 1360 1465 μονήν
1374 1430 1589 1464 ἀνταλλάξασθαι
1604 1431 1654 1465 τῆς
1669 1431 1738 1466 μετὰ
1755 1431 1826 1459 Θεοῦ
1843 1432 1893 1459 καὶ

1098 1475 1152 1502 τῶν
1171 1475 1281 1509 ἀγαθῶν
1296 1476 1342 1502 καὶ
1356 1476 1551 1512 φιλανθρώπων
1564 1476 1694 1511 ἀγγέλων.
1713 1487 1722 1502 ι

260 1523 420 1556 retinuisse,
441 1522 545 1550 dixisse
559 1522 649 1557 Carpo
667 1521 762 1550 Jesum
794 1525 947 1557 porrectam
967 1521 1056 1549 adhuc
1070 1529 1180 1548 manum
1195 1522 1306 1549 habenti
1322 1531 1328 1549 :
1343 1532 1351 1548 ι
1368 1522 1428 1550 Feri
1453 1531 1496 1550 me
1514 1523 1588 1558 jam;
1604 1527 1715 1558 paratus
1730 1531 1793 1551 sum
1814 1524 1895 1551 enim

260 1576 373 1597 rursum
397 1569 495 1596 salutis
515 1568 657 1596 hominum
678 1576 763 1596 causa
785 1573 900 1595 mortem
922 1568 1046 1610 perpeti:
1074 1567 1195 1602 mihique
1212 1567 1264 1595 hoc
1292 1572 1450 1603 pergratum
1464 1572 1517 1600 est,
1543 1568 1608 1595 dum
1624 1568 1669 1596 alii
1687 1569 1812 1597 homines
1834 1578 1895 1598 non

260 1619 386 1650 peccent.
399 1613 453 1641 Sed
468 1613 540 1645 vide,
554 1621 619 1640 num
635 1614 682 1640 tibi
698 1613 765 1640 utile
781 1614 818 1640 sit
832 1613 903 1640 hanc
921 1613 948 1640 in
967 1613 1042 1639 hiatu
1057 1616 1085 1639 et
1100 1619 1162 1639 cum
1188 1614 1364 1648 serpentibus
1380 1614 1560 1646 mansionem,
1573 1614 1710 1641 mansioni
1734 1621 1798 1641 cum
1833 1614 1896 1643 Deo

260 1658 429 1694 etbenignis
450 1658 647 1693 hominumque
667 1658 824 1686 amantibus
851 1658 955 1693 angelis
973 1662 1147 1694 anteponere.
1168 1668 1177 1684 ι

295 1704 357 1740 Ipse
379 1705 474 1740 igitur,
493 1704 609 1732 formam
632 1705 826 1732 ecclesiastica
843 1705 1046 1732 constitutionis

1135 1704 1220 1735 Αὐτὸς
1232 1704 1321 1731 τοίνυν
1330 1705 1377 1731 καὶ
1389 1705 1438 1741 τῆς
1451 1704 1680 1741 ἐκκλησιαστικῆς
1692 1707 1898 1741 καταστάσεως

259 1751 467 1786 interpretatus.
484 1754 583 1786 postea
598 1749 632 1777 ad
647 1750 833 1778 occidentales
847 1754 940 1786 partes
960 1751 1047 1786 impe-

260 1800 340 1824 rante
360 1795 515 1823 Domitiano
534 1796 672 1831 pervenit,
694 1796 844 1831 multisque
868 1797 996 1824 exhibitis
1019 1797 1047 1824 in

260 1841 374 1869 civitate
386 1840 536 1869 Parisiensi
562 1840 713 1871 miraculis.
743 1841 832 1875 capite
846 1842 975 1876 plectitur
990 1850 997 1867 ε
1015 1849 1047 1869 ac

260 1887 329 1914 dum
344 1886 433 1921 ipsum
456 1886 574 1921 propriis
598 1886 726 1914 manibus
747 1887 926 1921 suscepisset.
943 1887 977 1914 ad
993 1887 1048 1914 duo

261 1932 381 1960 miliaria
397 1939 561 1967 progressus
578 1935 632 1964 est,
654 1937 717 1959 cum
732 1932 914 1966 spectantium
929 1932 1048 1960 admira-

261 1977 351 2010 tione,
373 1985 464 2012 neque
485 1978 562 2012 prius
576 1977 667 2012 ipsum
682 1976 802 2008 demisit,
823 1985 904 2012 quam
926 1977 1045 2010 mulieri,

261 2025 308 2051 cui
323 2031 422 2052 nomen
434 2023 545 2054 Catula.
559 2030 718 2054 occurrens,
733 2023 768 2050 ab
782 2030 826 2055 ea,
854 2022 948 2050 divino
967 2031 1045 2058 pror-

259 2076 311 2097 sus
334 2069 460 2101 consilio,
485 2068 712 2104 comprehensus,
729 2068 788 2103 ejus
813 2068 939 2096 manibus
961 2069 1046 2096 veluti

259 2114 420 2141 thesaurum
433 2114 551 2149 aliquem
564 2113 740 2148 imposuisset
756 2122 763 2139 ε
781 2112 905 2140 similiter
916 2111 1046 2141 Rusticus

260 2161 289 2184 et
314 2156 491 2185 Eleutherius
517 2157 592 2184 illius
612 2155 741 2191 discipuli
764 2155 854 2190 capite
875 2155 1043 2190 plectuntur,

259 2206 342 2236 atque
357 2209 419 2229 cum
434 2202 507 2229 sacri
521 2201 655 2236 praconis
666 2205 693 2228 et
709 2200 837 2236 martyris
851 2208 967 2236 corpore
982 2209 1045 2228 san-

259 2253 366 2275 ctorum
382 2255 500 2282 corpora
516 2247 697 2281 abjiciuntu'r,
722 2247 788 2274 feris
806 2252 832 2275 et
846 2247 942 2275 avibus
956 2247 983 2274 in
995 2255 1044 2282 pa-

258 2293 354 2321 bulum
381 2294 497 2328 objecta.
524 2293 639 2326 Quidam
669 2300 735 2320 vero
760 2293 880 2320 ﬁdelium
913 2293 1045 2328 reliquias

260 2343 419 2367 sanctorum
438 2339 562 2374 capiunt,
584 2343 611 2366 et
628 2339 655 2366 in
680 2340 800 2367 obscuro
823 2339 883 2368 loco
903 2339 1045 2374 deponunt

1099 1749 1271 1785 ἑρμηνεύσας
1293 1750 1340 1777 τὸν
1355 1750 1451 1782 τύπον,
1476 1750 1545 1785 μετὰ
1563 1750 1649 1777 ταῦτα
1669 1751 1833 1780 καταλαϐὼν
1858 1755 1897 1781 τὰ

1097 1795 1214 1830 ἑσπέρια
1240 1795 1312 1831 μέρη
1337 1796 1384 1822 ἐπὶ
1399 1796 1449 1831 τῆς
1470 1796 1608 1831 βασιλείας
1634 1798 1814 1832 Δομετιανοῦ,
1845 1801 1899 1827 καὶ

1097 1840 1183 1868 πολλὰ
1199 1840 1325 1876 θαύματα
1340 1840 1552 1876 ἐπιδειξάμενος,
1569 1842 1598 1868 ἐν
1614 1842 1735 1878 Παρισίᾳ
1748 1845 1783 1879 τῇ
1799 1845 1897 1878 πόλει,

1095 1887 1146 1922 τὴν
1159 1886 1278 1922 κεφαλὴν
1298 1887 1499 1922 ἀποτέμνεται·
1516 1888 1563 1914 καὶ
1578 1887 1681 1923 ταύτην
1697 1889 1775 1921 ἰδίαις
1792 1892 1899 1926 χερσὶν

1097 1931 1305 1968 ὑποδεξάμενος,
1322 1932 1403 1968 μέχρι
1419 1932 1465 1960 δύο
1480 1933 1574 1968 μιλίων
1591 1933 1709 1966 ἐϐάδισε,
1724 1934 1821 1970 θαῦμα
1837 1938 1898 1968 τοῖς

1096 1979 1195 2014 ὁρῶσιν
1210 1979 1418 2015 ἐνστησάμενος·
1434 1979 1481 2006 καὶ
1490 1979 1521 2006 οὐ
1530 1979 1660 2015 πρότερον
1670 1979 1772 2016 ταύτην
1788 1981 1898 2016 ἀνῆκε.

1097 2025 1161 2060 πρὶν
1183 2025 1226 2052 ὅτε
1245 2025 1354 2060 γυναικὶ
1375 2025 1486 2060 ὀνόματι
1505 2025 1632 2061 Κατούλα
1651 2026 1822 2062 ὑπαντήσας,
1845 2028 1898 2054 καὶ

1096 2071 1167 2098 κατὰ
1184 2071 1258 2098 θείαν
1272 2071 1380 2103 πάντως
1393 2071 1532 2106 συσχεθεὶς
1546 2072 1683 2107 πρόνοιαν,
1701 2073 1761 2104 ταῖς
1776 2072 1898 2108 ἐκείνης

1095 2116 1234 2152 παλάμαις
1254 2113 1309 2144 οἶόν
1324 2125 1384 2143 τινα
1411 2117 1545 2152 θησαυρὸν
1569 2117 1722 2144 ἐναπέθετο.
1749 2117 1899 2150 Ὡσαύτως

1102 2162 1256 2194 Ῥουστικὸς
1272 2163 1321 2189 καὶ
1341 2162 1506 2199 Ἐλευθέριος
1521 2163 1737 2198 καρατομοῦνται
1755 2164 1782 2189 οἱ
1803 2163 1898 2190 αὑτοῦ

1095 2207 1233 2242 φοιτηταί·
1250 2207 1298 2234 καὶ
1320 2208 1367 2234 σὺν
1381 2207 1421 2242 τῷ
1440 2207 1601 2243 μαρτυρικῷ
1624 2207 1729 2243 σώματι
1743 2207 1794 2234 τοῦ
1814 2208 1898 2244 ἱεροῦ

1095 2252 1214 2288 κήρυκος
1222 2252 1256 2279 τά
1270 2253 1324 2279 τῶν
1338 2253 1423 2287 ἁγίων
1437 2253 1549 2288 σώματα
1562 2254 1711 2288 ῥίπτονται,
1725 2253 1809 2289 θηρσὶ
1822 2254 1901 2291 βορὰ

1095 2297 1142 2323 καὶ
1161 2296 1264 2332 ὀρνέοις
1286 2297 1462 2332 προκείμενα.
1484 2297 1590 2323 Πιστῶν
1615 2297 1644 2324 δέ
1671 2306 1744 2329 τινες
1768 2298 1805 2325 τὰ
1837 2301 1901 2327 τῶν

1097 2343 1181 2377 ἁγίων
1195 2343 1362 2377 λαμϐάνουσι
1380 2343 1504 2378 λείψανα,
1521 2344 1567 2371 καὶ
1586 2345 1615 2370 ὲν
1630 2344 1668 2380 τῷ
1687 2345 1788 2378 ἀφανεῖ
1803 2354 1899 2375 κατα-

262 2388 373 2419 propter
393 2385 565 2419 ingruentem
584 2385 745 2413 carniﬁcum
768 2386 913 2414 timorem:
930 2393 994 2413 cum
1005 2385 1044 2412 illi

1096 2388 1213 2414 τίθενται
1229 2387 1272 2414 διὰ
1287 2388 1332 2414 τὸν
1358 2388 1529 2424 ἐπικείμενον
1543 2389 1623 2423 φόϐον
1635 2389 1689 2415 τῶν
1701 2388 1822 2424 δημίων
1844 2391 1902 2418 κά-

262 2433 355 2457 autem
366 2430 507 2462 abiissent,
519 2430 597 2458 beata
604 2431 699 2458 Catula
714 2437 863 2466 martyrum
874 2431 1004 2466 reliquias
1018 2432 1046 2459 in

259 2475 353 2509 aliquo
381 2475 483 2509 templo
499 2475 626 2507 collocat,
653 2475 697 2503 die
707 2476 788 2503 tertia
817 2475 954 2504 Octobris.
981 2476 1046 2503 Erat

262 2529 337 2553 vero,
354 2521 378 2548 si
396 2528 555 2555 corpoream
573 2525 681 2556 spectes
703 2522 831 2555 speciem,
844 2521 925 2558 342
944 2521 1047 2557 magni-

261 2567 357 2595 tudine
372 2566 513 2598 mediocri,
530 2574 630 2598 maccr,
653 2566 834 2601 subpallidus,
843 2574 910 2594 naso
923 2567 1046 2602 aliquan-

260 2614 348 2642 tulum
364 2613 505 2647 depresso,
521 2613 676 2647 superciliis
703 2613 865 2644 contractis,
883 2612 970 2640 oeulis
995 2613 1043 2640 de-

261 2658 356 2689 fossis,
369 2657 482 2685 auribus
498 2657 606 2692 magnis
621 2657 763 2692 praeditus,
781 2664 867 2684 canus
878 2678 885 2689 ,
907 2661 1042 2690 comatus,

259 2704 345 2732 barba
359 2711 419 2739 quae
433 2703 509 2731 labra
521 2702 629 2738 quidem
644 2701 880 2734 vestitvmoderate
895 2704 1042 2738 promissa,

259 2758 320 2785 qua:
338 2754 430 2777 autem
443 2758 458 2776 a
473 2752 565 2777 mento
576 2749 630 2777 exit
643 2757 714 2781 rara,
728 2748 867 2784 paululum
882 2752 1042 2782 ventrosus,

258 2796 352 2830 digitis
366 2796 502 2830 oblongis.
521 2795 629 2824 Festum
643 2796 702 2831 ejus
717 2796 874 2824 celebratur
887 2796 915 2823 in
927 2796 1044 2825 sanctis-

259 2840 329 2868 sima
341 2847 437 2876 magna
450 2840 583 2869 Ecclesia.

1098 2433 1194 2460 κείνων
1216 2433 1435 2467 ἀπαλλαγέντων,
1461 2434 1490 2461 ἐν
1511 2443 1564 2460 τινι
1590 2434 1623 2460 τὰ
1650 2434 1704 2460 τῶν
1737 2436 1901 2472 μαρτύρων

1097 2479 1209 2514 λείψανα
1229 2480 1246 2514 ἡ
1270 2480 1393 2515 μακαρία
1414 2480 1539 2507 Κατούλα
1561 2480 1698 2515 δομήματι
1723 2482 1900 2518 κατατίθησι

1096 2525 1190 2561 τρίτην
1210 2524 1359 2560 ὀκτωϐρίων
1380 2525 1462 2561 μηνὸς
1487 2525 1608 2560 ἄγοντος.
1626 2524 1680 2552 Ἦν
1702 2525 1731 2552 δὲ
1752 2527 1832 2554 κατὰ
1849 2529 1901 2554 τὸν

1096 2570 1249 2605 σωματικὸν
1259 2570 1343 2597 τύπον
1356 2571 1386 2597 τὸ
1404 2571 1518 2607 μέγεθος
1531 2572 1620 2607 μέσος,
1630 2572 1728 2607 ἰσχνὸς,
1745 2571 1902 2609 ὖπωχρος,

1096 2616 1227 2651 ὑπόσιμος
1237 2616 1286 2651 τὴν
1301 2618 1371 2652 ῥῖνα,
1387 2617 1436 2648 τὰς
1447 2617 1532 2653 ὀφρῦς
1547 2618 1778 2653 συνεσπασμένος,
1800 2621 1902 2652 κοῖλος

1096 2661 1159 2692 τοὺς
1170 2660 1333 2696 ὀφθαλμοὺς,
1348 2659 1404 2689 ὦτα
1421 2663 1525 2697 μεγάλα
1537 2662 1615 2698 ἔχων,
1630 2662 1731 2696 πολιὸς,
1749 2666 1902 2701 κομήτης,

1099 2706 1216 2741 μετρίως
1232 2706 1410 2742 βαθυνόμενος
1421 2708 1470 2741 τὴν
1480 2708 1699 2744 ὑπήνην,ἀραιδς
1709 2709 1761 2745 τὴν
1773 2711 1902 2747 ἔκφυσιν

1096 2751 1142 2777 τοῦ
1158 2752 1271 2785 γενείου,
1288 2753 1379 2788 ἠρέμα
1394 2754 1571 2789 προγάστωρ.
1590 2754 1817 2790 μακροδάκτυλος
1835 2760 1902 2788 ταῖς

1096 2797 1198 2832 χερσίν.
1221 2798 1252 2823 Ἦ
1269 2798 1297 2823 δὲ
1315 2798 1422 2832 σύναξις
1433 2799 1513 2826 αὑτοῦ
1526 2799 1642 2826 τελεῖται
1653 2800 1682 2826 ὲν
1695 2801 1728 2838 τῇ
1745 2802 1902 2839 ἁγιωτάτῃ

1097 2842 1201 2880 μεγάλῃ
1220 2844 1375 2883 Ἐκκλησία.
